  <div class='ocr_page' id='page_1' title='image "/cluster/home/n/w/nwhite01/storage/ocr_20150623/103/nnc1.0046979689/473.png"; bbox 0 0 4208 6448; ppageno 0'>
   <div class='ocr_carea' id='block_1_1' title="bbox 712 384 2317 474">
    <p class='ocr_par' dir='ltr' id='par_1_1' title="bbox 712 404 2317 474">
     <span class='ocr_line' id='line_1_1' title="bbox 712 404 2317 474; baseline -0.002 -8"><span class='ocrx_word' id='word_1_1' title='bbox 712 405 817 474; x_wconf 79' lang='grc'><strong>915</strong></span> <span class='ocrx_word' id='word_1_2' title='bbox 1855 405 2116 466; x_wconf 84' lang='grc' dir='ltr'><strong>ΡΗΟἸῚΙ</strong></span> <span class='ocrx_word' id='word_1_3' title='bbox 2154 404 2317 464; x_wconf 73' lang='grc' dir='ltr'><strong>ΡΛἹῚ</strong></span> 
     </span>
    </p>
   </div>
   <div class='ocr_carea' id='block_1_2' title="bbox 2418 384 3963 474">
    <p class='ocr_par' dir='ltr' id='par_1_2' title="bbox 2418 384 3963 462">
     <span class='ocr_line' id='line_1_2' title="bbox 2418 384 3963 462; baseline -0.008 0"><span class='ocrx_word' id='word_1_4' title='bbox 2418 401 2654 462; x_wconf 65' lang='grc' dir='ltr'><strong>ιΙὶΟΗᾹΞ</strong></span> <span class='ocrx_word' id='word_1_5' title='bbox 2692 400 2802 459; x_wconf 88' lang='lat' dir='ltr'><strong>CP.</strong></span> <span class='ocrx_word' id='word_1_6' title='bbox 3852 384 3963 451; x_wconf 77' lang='lat'><strong>915</strong></span> 
     </span>
    </p>
   </div>
   <div class='ocr_carea' id='block_1_3' title="bbox 718 498 2317 593">
    <p class='ocr_par' dir='ltr' id='par_1_3' title="bbox 718 515 2317 593">
     <span class='ocr_line' id='line_1_3' title="bbox 718 515 2317 593; baseline -0.007 -16"><span class='ocrx_word' id='word_1_7' title='bbox 718 526 945 579; x_wconf 76' lang='lat' dir='ltr'><strong>racleam</strong></span> <span class='ocrx_word' id='word_1_8' title='bbox 984 538 1197 593; x_wconf 87' lang='lat' dir='ltr'><strong>quoque</strong></span> <span class='ocrx_word' id='word_1_9' title='bbox 1219 565 1234 586; x_wconf 88' lang='lat'><strong>,</strong></span> <span class='ocrx_word' id='word_1_10' title='bbox 1264 532 1483 592; x_wconf 83' lang='lat' dir='ltr'><strong>propter</strong></span> <span class='ocrx_word' id='word_1_11' title='bbox 1512 534 1731 576; x_wconf 85' lang='lat' dir='ltr'><strong>causam</strong></span> <span class='ocrx_word' id='word_1_12' title='bbox 1763 527 1891 571; x_wconf 86' lang='lat' dir='ltr'><strong>ante</strong></span> <span class='ocrx_word' id='word_1_13' title='bbox 1920 518 2117 571; x_wconf 94' lang='lat' dir='ltr'><strong>dictam</strong></span> <span class='ocrx_word' id='word_1_14' title='bbox 2137 556 2152 579; x_wconf 87' lang='lat'><strong>,</strong></span> <span class='ocrx_word' id='word_1_15' title='bbox 2198 515 2283 569; x_wconf 86' lang='lat' dir='ltr'><strong>his</strong></span> <span class='ocrx_word' id='word_1_16' title='bbox 2310 562 2317 573; x_wconf 33' lang='grc' dir='ltr'><em>Α</em></span> 
     </span>
    </p>
   </div>
   <div class='ocr_carea' id='block_1_4' title="bbox 2418 498 3961 593">
    <p class='ocr_par' dir='ltr' id='par_1_4' title="bbox 2422 498 3961 573">
     <span class='ocr_line' id='line_1_4' title="bbox 2422 498 3961 573; baseline -0.01 -9"><span class='ocrx_word' id='word_1_17' title='bbox 2422 510 2785 571; x_wconf 87' lang='grc' dir='ltr'>αθιστὼντων,</span> <span class='ocrx_word' id='word_1_18' title='bbox 2813 505 2906 559; x_wconf 75' lang='grc' dir='ltr'>καὶ</span> <span class='ocrx_word' id='word_1_19' title='bbox 2932 505 3031 572; x_wconf 81' lang='grc' dir='ltr'>τὴν</span> <span class='ocrx_word' id='word_1_20' title='bbox 3062 500 3393 573; x_wconf 81' lang='grc' dir='ltr'>Ἡράκλειαν</span> <span class='ocrx_word' id='word_1_21' title='bbox 3417 500 3506 553; x_wconf 67' lang='grc' dir='ltr'>διὰ</span> <span class='ocrx_word' id='word_1_22' title='bbox 3533 498 3633 569; x_wconf 82' lang='grc' dir='ltr'>τὴν</span> <span class='ocrx_word' id='word_1_23' title='bbox 3660 499 3961 569; x_wconf 73' lang='grc' dir='ltr'><strong>εἰρημένην</strong></span> 
     </span>
    </p>
   </div>
   <div class='ocr_carea' id='block_1_5' title="bbox 715 592 2317 685">
    <p class='ocr_par' dir='ltr' id='par_1_5' title="bbox 715 592 2285 685">
     <span class='ocr_line' id='line_1_5' title="bbox 715 592 2285 685; baseline -0.007 -16"><span class='ocrx_word' id='word_1_24' title='bbox 715 592 1094 685; x_wconf 71' lang='lat' dir='ltr'><strong>evposuerunt.</strong></span> <span class='ocrx_word' id='word_1_25' title='bbox 1157 614 1399 683; x_wconf 86' lang='lat' dir='ltr'><strong>Cumque</strong></span> <span class='ocrx_word' id='word_1_26' title='bbox 1466 611 1868 665; x_wconf 85' lang='lat' dir='ltr'><strong>auctionatores</strong></span> <span class='ocrx_word' id='word_1_27' title='bbox 1938 607 2126 659; x_wconf 82' lang='lat' dir='ltr'><strong>urbem</strong></span> <span class='ocrx_word' id='word_1_28' title='bbox 2187 606 2285 658; x_wconf 82' lang='lat' dir='ltr'><strong>iu-</strong></span> 
     </span>
    </p>
   </div>
   <div class='ocr_carea' id='block_1_6' title="bbox 2418 592 3967 685">
    <p class='ocr_par' dir='ltr' id='par_1_6' title="bbox 2418 592 3967 663">
     <span class='ocr_line' id='line_1_6' title="bbox 2418 592 3967 663; baseline -0.009 -8"><span class='ocrx_word' id='word_1_29' title='bbox 2418 606 2566 658; x_wconf 50' lang='grc' dir='ltr'>ηίτίαν</span> <span class='ocrx_word' id='word_1_30' title='bbox 2613 603 2837 663; x_wconf 78' lang='grc' dir='ltr'><strong>ταύταις</strong></span> <span class='ocrx_word' id='word_1_31' title='bbox 2889 597 3208 651; x_wconf 78' lang='grc' dir='ltr'>ὑπέϐαλλον.</span> <span class='ocrx_word' id='word_1_32' title='bbox 3258 596 3321 648; x_wconf 85' lang='lat' dir='ltr'><strong>Ol</strong></span> <span class='ocrx_word' id='word_1_33' title='bbox 3349 595 3406 647; x_wconf 79' lang='grc' dir='ltr'>δὲ</span> <span class='ocrx_word' id='word_1_34' title='bbox 3439 592 3779 663; x_wconf 87' lang='grc' dir='ltr'>δημοσιῶναι</span> <span class='ocrx_word' id='word_1_35' title='bbox 3828 592 3967 661; x_wconf 82' lang='grc' dir='ltr'>πρὸς</span> 
     </span>
    </p>
   </div>
   <div class='ocr_carea' id='block_1_7' title="bbox 718 684 2317 775">
    <p class='ocr_par' dir='ltr' id='par_1_7' title="bbox 718 684 2287 775">
     <span class='ocr_line' id='line_1_7' title="bbox 718 684 2287 775; baseline -0.006 -16"><span class='ocrx_word' id='word_1_36' title='bbox 718 684 885 775; x_wconf 71' lang='lat' dir='ltr'><strong>gressi</strong></span> <span class='ocrx_word' id='word_1_37' title='bbox 907 746 923 771; x_wconf 89' lang='lat'><strong>,</strong></span> <span class='ocrx_word' id='word_1_38' title='bbox 954 716 1140 761; x_wconf 87' lang='lat' dir='ltr'><strong>contra</strong></span> <span class='ocrx_word' id='word_1_39' title='bbox 1161 704 1466 773; x_wconf 67' lang='lat' dir='ltr'><strong>reipublicae</strong></span> <span class='ocrx_word' id='word_1_40' title='bbox 1484 716 1686 756; x_wconf 88' lang='lat' dir='ltr'><strong>morem</strong></span> <span class='ocrx_word' id='word_1_41' title='bbox 1706 708 1988 769; x_wconf 75' lang='lat' dir='ltr'><strong>argentum</strong></span> <span class='ocrx_word' id='word_1_42' title='bbox 2007 699 2287 766; x_wconf 74' lang='lat' dir='ltr'><strong>exigerent</strong></span> 
     </span>
    </p>
   </div>
   <div class='ocr_carea' id='block_1_8' title="bbox 2418 684 3966 775">
    <p class='ocr_par' dir='ltr' id='par_1_8' title="bbox 2418 684 3966 767">
     <span class='ocr_line' id='line_1_8' title="bbox 2418 684 3966 767; baseline -0.009 -19"><span class='ocrx_word' id='word_1_43' title='bbox 2418 698 2482 767; x_wconf 79' lang='grc' dir='ltr'>ὴν</span> <span class='ocrx_word' id='word_1_44' title='bbox 2535 696 2690 748; x_wconf 87' lang='grc' dir='ltr'>πόλιν</span> <span class='ocrx_word' id='word_1_45' title='bbox 2726 692 3048 762; x_wconf 75' lang='grc' dir='ltr'>ἀφικόμενοι</span> <span class='ocrx_word' id='word_1_46' title='bbox 3096 686 3247 757; x_wconf 61' lang='grc' dir='ltr'>παρὰ</span> <span class='ocrx_word' id='word_1_47' title='bbox 3299 685 3368 738; x_wconf 78' lang='grc' dir='ltr'>τὰ</span> <span class='ocrx_word' id='word_1_48' title='bbox 3400 686 3495 756; x_wconf 75' lang='grc' dir='ltr'>ἔθη</span> <span class='ocrx_word' id='word_1_49' title='bbox 3546 685 3645 753; x_wconf 79' lang='grc' dir='ltr'>τῆς</span> <span class='ocrx_word' id='word_1_50' title='bbox 3688 684 3966 744; x_wconf 71' lang='grc' dir='ltr'><strong>πολιτείας</strong></span> 
     </span>
    </p>
   </div>
   <div class='ocr_carea' id='block_1_9' title="bbox 715 776 2317 870">
    <p class='ocr_par' dir='ltr' id='par_1_9' title="bbox 715 788 2288 870">
     <span class='ocr_line' id='line_1_9' title="bbox 715 788 2288 870; baseline -0.008 -17"><span class='ocrx_word' id='word_1_51' title='bbox 715 799 933 870; x_wconf 70' lang='grc' dir='ltr'>233α,</span> <span class='ocrx_word' id='word_1_52' title='bbox 964 800 1016 852; x_wconf 92' lang='lat' dir='ltr'><strong>in</strong></span> <span class='ocrx_word' id='word_1_53' title='bbox 1050 811 1334 852; x_wconf 69' lang='lat' dir='ltr'><strong>maerorem</strong></span> <span class='ocrx_word' id='word_1_54' title='bbox 1395 796 1538 849; x_wconf 80' lang='lat' dir='ltr'><strong>cives</strong></span> <span class='ocrx_word' id='word_1_55' title='bbox 1580 793 1951 863; x_wconf 65' lang='lat' dir='ltr'><strong>coniecerunt,</strong></span> <span class='ocrx_word' id='word_1_56' title='bbox 1986 789 2079 859; x_wconf 86' lang='lat' dir='ltr'><strong>qui</strong></span> <span class='ocrx_word' id='word_1_57' title='bbox 2116 788 2288 841; x_wconf 64' lang='lat' dir='ltr'><strong>servi.</strong></span> 
     </span>
    </p>
   </div>
   <div class='ocr_carea' id='block_1_10' title="bbox 2418 776 3968 870">
    <p class='ocr_par' dir='ltr' id='par_1_10' title="bbox 2418 776 3968 858">
     <span class='ocr_line' id='line_1_10' title="bbox 2418 776 3968 858; baseline -0.007 -21"><span class='ocrx_word' id='word_1_58' title='bbox 2418 790 2479 841; x_wconf 78' lang='grc' dir='ltr'>αὶ</span> <span class='ocrx_word' id='word_1_59' title='bbox 2520 787 2782 858; x_wconf 84' lang='grc' dir='ltr'>ἀργύριον</span> <span class='ocrx_word' id='word_1_60' title='bbox 2838 781 3200 841; x_wconf 75' lang='grc' dir='ltr'><strong>ἀπαιτοῦντες</strong></span> <span class='ocrx_word' id='word_1_61' title='bbox 3248 779 3377 840; x_wconf 79' lang='grc' dir='ltr'>τοὺς</span> <span class='ocrx_word' id='word_1_62' title='bbox 3430 777 3653 838; x_wconf 79' lang='grc' dir='ltr'><strong>πολίτας</strong></span> <span class='ocrx_word' id='word_1_63' title='bbox 3706 776 3968 837; x_wconf 76' lang='grc' dir='ltr'>ἐλύπουν,</span> 
     </span>
    </p>
   </div>
   <div class='ocr_carea' id='block_1_11' title="bbox 722 866 2317 951">
    <p class='ocr_par' dir='ltr' id='par_1_11' title="bbox 722 866 2287 951">
     <span class='ocr_line' id='line_1_11' title="bbox 722 866 2287 951; baseline -0.006 -9"><span class='ocrx_word' id='word_1_64' title='bbox 722 866 1083 946; x_wconf 86' lang='lat' dir='ltr'><strong>initium</strong></span> <span class='ocrx_word' id='word_1_65' title='bbox 1118 892 1217 945; x_wconf 90' lang='lat' dir='ltr'><strong>hoc</strong></span> <span class='ocrx_word' id='word_1_66' title='bbox 1244 904 1367 943; x_wconf 90' lang='lat' dir='ltr'><strong>esse</strong></span> <span class='ocrx_word' id='word_1_67' title='bbox 1398 888 1806 942; x_wconf 76' lang='lat' dir='ltr'><strong>existimabant.</strong></span> <span class='ocrx_word' id='word_1_68' title='bbox 1838 884 2018 951; x_wconf 77' lang='lat' dir='ltr'><strong>Quare</strong></span> <span class='ocrx_word' id='word_1_69' title='bbox 2044 895 2169 936; x_wconf 90' lang='lat' dir='ltr'><strong>cum</strong></span> <span class='ocrx_word' id='word_1_70' title='bbox 2192 895 2287 950; x_wconf 91' lang='lat' dir='ltr'><strong>per</strong></span> 
     </span>
    </p>
   </div>
   <div class='ocr_carea' id='block_1_12' title="bbox 2418 866 3970 951">
    <p class='ocr_par' dir='ltr' id='par_1_12' title="bbox 2418 866 3970 950">
     <span class='ocr_line' id='line_1_12' title="bbox 2418 866 3970 950; baseline -0.007 -21"><span class='ocrx_word' id='word_1_71' title='bbox 2418 881 2562 950; x_wconf 47' lang='grc' dir='ltr'>ηρχήν</span> <span class='ocrx_word' id='word_1_72' title='bbox 2591 894 2717 930; x_wconf 89' lang='grc' dir='ltr'>τινα</span> <span class='ocrx_word' id='word_1_73' title='bbox 2762 874 3005 936; x_wconf 73' lang='grc' dir='ltr'>δουλείας</span> <span class='ocrx_word' id='word_1_74' title='bbox 3056 872 3216 925; x_wconf 91' lang='grc' dir='ltr'>τοῦτο</span> <span class='ocrx_word' id='word_1_75' title='bbox 3258 869 3598 939; x_wconf 79' lang='grc' dir='ltr'><strong>νομίζοντας.</strong></span> <span class='ocrx_word' id='word_1_76' title='bbox 3629 869 3690 919; x_wconf 91' lang='grc' dir='ltr'><strong>Οἱ</strong></span> <span class='ocrx_word' id='word_1_77' title='bbox 3717 866 3795 927; x_wconf 79' lang='grc' dir='ltr'>δὲ,</span> <span class='ocrx_word' id='word_1_78' title='bbox 3839 868 3970 919; x_wconf 87' lang='grc' dir='ltr'>δια-</span> 
     </span>
    </p>
   </div>
   <div class='ocr_carea' id='block_1_13' title="bbox 722 974 2282 1050">
    <p class='ocr_par' dir='ltr' id='par_1_13' title="bbox 722 974 2282 1050">
     <span class='ocr_line' id='line_1_13' title="bbox 722 974 2282 1050; baseline -0.005 -18"><span class='ocrx_word' id='word_1_79' title='bbox 722 981 1037 1050; x_wconf 80' lang='lat' dir='ltr'><strong>legationem</strong></span> <span class='ocrx_word' id='word_1_80' title='bbox 1079 981 1145 1036; x_wconf 84' lang='lat' dir='ltr'><strong>ad</strong></span> <span class='ocrx_word' id='word_1_81' title='bbox 1200 990 1445 1035; x_wconf 87' lang='lat' dir='ltr'><strong>senatum</strong></span> <span class='ocrx_word' id='word_1_82' title='bbox 1510 979 1812 1033; x_wconf 79' lang='lat' dir='ltr'><strong>Romanum</strong></span> <span class='ocrx_word' id='word_1_83' title='bbox 1866 974 2282 1043; x_wconf 81' lang='lat' dir='ltr'><strong>publicationem</strong></span> 
     </span>
    </p>
   </div>
   <div class='ocr_carea' id='block_1_14' title="bbox 723 1064 2283 1143">
    <p class='ocr_par' dir='ltr' id='par_1_14' title="bbox 723 1064 2283 1143">
     <span class='ocr_line' id='line_1_14' title="bbox 723 1064 2283 1143; baseline -0.006 -18"><span class='ocrx_word' id='word_1_84' title='bbox 723 1075 980 1127; x_wconf 90' lang='lat' dir='ltr'><strong>honorum</strong></span> <span class='ocrx_word' id='word_1_85' title='bbox 1026 1072 1302 1143; x_wconf 86' lang='lat' dir='ltr'><strong>deprecari</strong></span> <span class='ocrx_word' id='word_1_86' title='bbox 1352 1086 1441 1126; x_wconf 79' lang='lat' dir='ltr'><strong>res</strong></span> <span class='ocrx_word' id='word_1_87' title='bbox 1483 1071 1805 1142; x_wconf 84' lang='lat' dir='ltr'><strong>postularet.</strong></span> <span class='ocrx_word' id='word_1_88' title='bbox 1834 1067 1935 1136; x_wconf 86' lang='lat' dir='ltr'><strong>ipsi</strong></span> <span class='ocrx_word' id='word_1_89' title='bbox 1982 1081 2013 1121; x_wconf 83' lang='lat' dir='ltr'><strong>a</strong></span> <span class='ocrx_word' id='word_1_90' title='bbox 2052 1064 2283 1135; x_wconf 88' lang='lat' dir='ltr'><strong>quodam</strong></span> 
     </span>
    </p>
   </div>
   <div class='ocr_carea' id='block_1_15' title="bbox 628 1156 2287 1235">
    <p class='ocr_par' dir='ltr' id='par_1_15' title="bbox 628 1156 2287 1235">
     <span class='ocr_line' id='line_1_15' title="bbox 628 1156 2287 1235; baseline -0.005 -20"><span class='ocrx_word' id='word_1_91' title='bbox 628 1160 631 1165; x_wconf 77' lang='grc'><em>’</em></span> <span class='ocrx_word' id='word_1_92' title='bbox 726 1166 776 1216; x_wconf 87' lang='lat' dir='ltr'><strong>in</strong></span> <span class='ocrx_word' id='word_1_93' title='bbox 819 1165 949 1219; x_wconf 86' lang='lat' dir='ltr'><strong>urbe</strong></span> <span class='ocrx_word' id='word_1_94' title='bbox 982 1166 1344 1219; x_wconf 79' lang='lat' dir='ltr'><strong>audacissimo</strong></span> <span class='ocrx_word' id='word_1_95' title='bbox 1376 1164 1660 1235; x_wconf 88' lang='lat' dir='ltr'><strong>persuasi,</strong></span> <span class='ocrx_word' id='word_1_96' title='bbox 1703 1161 2019 1231; x_wconf 81' lang='lat' dir='ltr'><strong>publicanos</strong></span> <span class='ocrx_word' id='word_1_97' title='bbox 2048 1174 2079 1213; x_wconf 91' lang='lat' dir='ltr'><strong>e</strong></span> <span class='ocrx_word' id='word_1_98' title='bbox 2112 1156 2287 1211; x_wconf 87' lang='lat' dir='ltr'><strong>medio</strong></span> 
     </span>
    </p>
   </div>
   <div class='ocr_carea' id='block_1_16' title="bbox 727 1244 2286 1321">
    <p class='ocr_par' dir='ltr' id='par_1_16' title="bbox 727 1244 2286 1321">
     <span class='ocr_line' id='line_1_16' title="bbox 727 1244 2286 1321; baseline -0.005 -18"><span class='ocrx_word' id='word_1_99' title='bbox 727 1255 954 1320; x_wconf 84' lang='lat' dir='ltr'><strong>tollunt,</strong></span> <span class='ocrx_word' id='word_1_100' title='bbox 1006 1266 1115 1310; x_wconf 89' lang='lat' dir='ltr'><strong>tam</strong></span> <span class='ocrx_word' id='word_1_101' title='bbox 1155 1265 1397 1321; x_wconf 86' lang='lat' dir='ltr'><strong>secreto,</strong></span> <span class='ocrx_word' id='word_1_102' title='bbox 1447 1265 1505 1309; x_wconf 94' lang='lat' dir='ltr'><strong>ut</strong></span> <span class='ocrx_word' id='word_1_103' title='bbox 1543 1256 1611 1309; x_wconf 85' lang='lat' dir='ltr'><strong>de</strong></span> <span class='ocrx_word' id='word_1_104' title='bbox 1648 1268 1781 1308; x_wconf 89' lang='lat' dir='ltr'><strong>nece</strong></span> <span class='ocrx_word' id='word_1_105' title='bbox 1828 1252 2043 1305; x_wconf 91' lang='lat' dir='ltr'><strong>illorum</strong></span> <span class='ocrx_word' id='word_1_106' title='bbox 2086 1244 2286 1301; x_wconf 89' lang='lat' dir='ltr'><strong>nemini</strong></span> 
     </span>
    </p>
   </div>
   <div class='ocr_carea' id='block_1_17' title="bbox 724 1347 1340 1417">
    <p class='ocr_par' dir='ltr' id='par_1_17' title="bbox 724 1347 1340 1417">
     <span class='ocr_line' id='line_1_17' title="bbox 724 1347 1340 1417; baseline 0.005 -20"><span class='ocrx_word' id='word_1_107' title='bbox 724 1347 1012 1417; x_wconf 82' lang='lat' dir='ltr'><strong>quidquam</strong></span> <span class='ocrx_word' id='word_1_108' title='bbox 1048 1358 1340 1403; x_wconf 85' lang='lat' dir='ltr'><strong>constaret.</strong></span> 
     </span>
    </p>
   </div>
   <div class='ocr_carea' id='block_1_18' title="bbox 2390 959 3971 1043">
    <p class='ocr_par' dir='ltr' id='par_1_18' title="bbox 2390 959 3971 1043">
     <span class='ocr_line' id='line_1_18' title="bbox 2390 959 3971 1043; baseline -0.011 -17"><span class='ocrx_word' id='word_1_109' title='bbox 2390 968 2826 1043; x_wconf 86' lang='grc' dir='ltr'>πρεσϐεύσασθαι</span> <span class='ocrx_word' id='word_1_110' title='bbox 2871 968 2990 1020; x_wconf 78' lang='grc' dir='ltr'>δέον</span> <span class='ocrx_word' id='word_1_111' title='bbox 3020 968 3156 1035; x_wconf 79' lang='grc' dir='ltr'>πρὸς</span> <span class='ocrx_word' id='word_1_112' title='bbox 3204 964 3305 1031; x_wconf 81' lang='grc' dir='ltr'>τὴν</span> <span class='ocrx_word' id='word_1_113' title='bbox 3344 960 3647 1029; x_wconf 86' lang='grc' dir='ltr'>σύγκλητον</span> <span class='ocrx_word' id='word_1_114' title='bbox 3694 960 3837 1012; x_wconf 78' lang='grc' dir='ltr'>ὥστε</span> <span class='ocrx_word' id='word_1_115' title='bbox 3869 959 3971 1027; x_wconf 77' lang='grc' dir='ltr'><strong>τῆς</strong></span> 
     </span>
    </p>
   </div>
   <div class='ocr_carea' id='block_1_19' title="bbox 2389 1052 3973 1133">
    <p class='ocr_par' dir='ltr' id='par_1_19' title="bbox 2389 1052 3973 1133">
     <span class='ocr_line' id='line_1_19' title="bbox 2389 1052 3973 1133; baseline -0.011 -15"><span class='ocrx_word' id='word_1_116' title='bbox 2389 1063 2755 1133; x_wconf 85' lang='grc' dir='ltr'>δημοσιωνίας</span> <span class='ocrx_word' id='word_1_117' title='bbox 2801 1056 3137 1125; x_wconf 75' lang='grc' dir='ltr'>ἀπολυθῆναι</span> <span class='ocrx_word' id='word_1_118' title='bbox 3160 1097 3173 1119; x_wconf 92' lang='grc'><strong>,</strong></span> <span class='ocrx_word' id='word_1_119' title='bbox 3210 1053 3633 1115; x_wconf 76' lang='grc' dir='ltr'><strong>ἀναπεισθέντες</strong></span> <span class='ocrx_word' id='word_1_120' title='bbox 3671 1052 3775 1103; x_wconf 86' lang='grc' dir='ltr'><strong>ὑπὸ</strong></span> <span class='ocrx_word' id='word_1_121' title='bbox 3824 1069 3973 1113; x_wconf 80' lang='grc' dir='ltr'>τινος</span> 
     </span>
    </p>
   </div>
   <div class='ocr_carea' id='block_1_20' title="bbox 2393 1142 3974 1227">
    <p class='ocr_par' dir='ltr' id='par_1_20' title="bbox 2393 1142 3974 1227">
     <span class='ocr_line' id='line_1_20' title="bbox 2393 1142 3974 1227; baseline -0.011 -17"><span class='ocrx_word' id='word_1_122' title='bbox 2393 1155 2733 1227; x_wconf 82' lang='grc' dir='ltr'><strong>θρασυτάτου</strong></span> <span class='ocrx_word' id='word_1_123' title='bbox 2774 1151 2882 1205; x_wconf 81' lang='grc' dir='ltr'><strong>τῶν</strong></span> <span class='ocrx_word' id='word_1_124' title='bbox 2933 1151 2992 1201; x_wconf 78' lang='grc' dir='ltr'>ἐν</span> <span class='ocrx_word' id='word_1_125' title='bbox 3024 1151 3089 1218; x_wconf 80' lang='grc' dir='ltr'><strong>τῇ</strong></span> <span class='ocrx_word' id='word_1_126' title='bbox 3126 1148 3281 1199; x_wconf 88' lang='grc' dir='ltr'>πόλει</span> <span class='ocrx_word' id='word_1_127' title='bbox 3310 1147 3437 1206; x_wconf 75' lang='grc' dir='ltr'>τοὺς</span> <span class='ocrx_word' id='word_1_128' title='bbox 3462 1142 3702 1204; x_wconf 86' lang='grc' dir='ltr'>τελώνας</span> <span class='ocrx_word' id='word_1_129' title='bbox 3742 1143 3974 1211; x_wconf 81' lang='grc' dir='ltr'>ἀφανεῖς</span> 
     </span>
    </p>
   </div>
   <div class='ocr_carea' id='block_1_21' title="bbox 2394 1233 3862 1316">
    <p class='ocr_par' dir='ltr' id='par_1_21' title="bbox 2394 1233 3862 1316">
     <span class='ocr_line' id='line_1_21' title="bbox 2394 1233 3862 1316; baseline -0.009 -15"><span class='ocrx_word' id='word_1_130' title='bbox 2394 1247 2676 1316; x_wconf 76' lang='grc' dir='ltr'>ἐποίησαν,</span> <span class='ocrx_word' id='word_1_131' title='bbox 2701 1243 2778 1306; x_wconf 83' lang='grc' dir='ltr'><strong>ὡς</strong></span> <span class='ocrx_word' id='word_1_132' title='bbox 2807 1243 2902 1295; x_wconf 74' lang='grc' dir='ltr'>καὶ</span> <span class='ocrx_word' id='word_1_133' title='bbox 2926 1241 3018 1293; x_wconf 77' lang='grc' dir='ltr'>τὸν</span> <span class='ocrx_word' id='word_1_134' title='bbox 3049 1240 3279 1293; x_wconf 89' lang='grc' dir='ltr'>θάνατον</span> <span class='ocrx_word' id='word_1_135' title='bbox 3307 1236 3489 1290; x_wconf 79' lang='grc' dir='ltr'>αὐτῶν</span> <span class='ocrx_word' id='word_1_136' title='bbox 3521 1233 3862 1299; x_wconf 77' lang='grc' dir='ltr'><strong>ἀγνοεῖσθαι.</strong></span> 
     </span>
    </p>
   </div>
   <div class='ocr_carea' id='block_1_22' title="bbox 1216 1436 3466 1527">
    <p class='ocr_par' dir='ltr' id='par_1_22' title="bbox 1216 1436 3466 1527">
     <span class='ocr_line' id='line_1_22' title="bbox 1216 1436 3466 1527; baseline -0.012 -13"><span class='ocrx_word' id='word_1_137' title='bbox 1216 1460 1347 1514; x_wconf 74' lang='lat' dir='ltr'><strong>CAP.</strong></span> <span class='ocrx_word' id='word_1_138' title='bbox 1382 1459 1517 1513; x_wconf 72' lang='lat' dir='ltr'><strong>XLI.</strong></span> <span class='ocrx_word' id='word_1_139' title='bbox 1550 1491 1621 1501; x_wconf 92' lang='lat'><strong>—</strong></span> <span class='ocrx_word' id='word_1_140' title='bbox 1660 1457 1847 1527; x_wconf 80' lang='lat' dir='ltr'><strong>Pugna</strong></span> <span class='ocrx_word' id='word_1_141' title='bbox 1878 1460 1946 1511; x_wconf 82' lang='lat' dir='ltr'><strong>ad</strong></span> <span class='ocrx_word' id='word_1_142' title='bbox 1984 1455 2364 1511; x_wconf 70' lang='lat' dir='ltr'><strong>Chalcedonam</strong></span> <span class='ocrx_word' id='word_1_143' title='bbox 2411 1464 2526 1500; x_wconf 87' lang='lat' dir='ltr'><strong>cum</strong></span> <span class='ocrx_word' id='word_1_144' title='bbox 2579 1442 2912 1505; x_wconf 77' lang='lat' dir='ltr'><strong>Mithridate,</strong></span> <span class='ocrx_word' id='word_1_145' title='bbox 2954 1437 3201 1491; x_wconf 76' lang='lat' dir='ltr'><strong>Romanis</strong></span> <span class='ocrx_word' id='word_1_146' title='bbox 3239 1436 3466 1505; x_wconf 76' lang='lat' dir='ltr'><strong>funesta.</strong></span> 
     </span>
    </p>
   </div>
   <div class='ocr_carea' id='block_1_23' title="bbox 797 1572 2294 1632">
    <p class='ocr_par' dir='ltr' id='par_1_23' title="bbox 797 1572 2294 1632">
     <span class='ocr_line' id='line_1_23' title="bbox 797 1572 2294 1632; baseline -0.002 -5"><span class='ocrx_word' id='word_1_147' title='bbox 797 1574 990 1629; x_wconf 72' lang='lat' dir='ltr'><strong>Prtelio</strong></span> <span class='ocrx_word' id='word_1_148' title='bbox 1032 1576 1227 1630; x_wconf 90' lang='lat' dir='ltr'><strong>dehinc</strong></span> <span class='ocrx_word' id='word_1_149' title='bbox 1268 1577 1443 1630; x_wconf 86' lang='lat' dir='ltr'><strong>navali</strong></span> <span class='ocrx_word' id='word_1_150' title='bbox 1472 1578 1538 1631; x_wconf 88' lang='lat' dir='ltr'><strong>ad</strong></span> <span class='ocrx_word' id='word_1_151' title='bbox 1572 1577 1969 1632; x_wconf 87' lang='lat' dir='ltr'><strong>Chalcedonem</strong></span> <span class='ocrx_word' id='word_1_152' title='bbox 2010 1576 2152 1629; x_wconf 90' lang='lat' dir='ltr'><strong>inter</strong></span> <span class='ocrx_word' id='word_1_153' title='bbox 2182 1572 2294 1625; x_wconf 73' lang='lat' dir='ltr'><strong>lto-</strong></span> 
     </span>
    </p>
   </div>
   <div class='ocr_carea' id='block_1_24' title="bbox 729 1661 2291 1736">
    <p class='ocr_par' dir='ltr' id='par_1_24' title="bbox 729 1661 2291 1736">
     <span class='ocr_line' id='line_1_24' title="bbox 729 1661 2291 1736; baseline -0.002 -19"><span class='ocrx_word' id='word_1_154' title='bbox 729 1680 918 1718; x_wconf 85' lang='lat' dir='ltr'><strong>manos</strong></span> <span class='ocrx_word' id='word_1_155' title='bbox 948 1676 999 1719; x_wconf 88' lang='lat' dir='ltr'><strong>et</strong></span> <span class='ocrx_word' id='word_1_156' title='bbox 1031 1666 1284 1720; x_wconf 81' lang='lat' dir='ltr'><strong>Ponticos</strong></span> <span class='ocrx_word' id='word_1_157' title='bbox 1326 1669 1641 1731; x_wconf 89' lang='lat' dir='ltr'><strong>commisso,</strong></span> <span class='ocrx_word' id='word_1_158' title='bbox 1676 1667 1802 1720; x_wconf 90' lang='lat' dir='ltr'><strong>dum</strong></span> <span class='ocrx_word' id='word_1_159' title='bbox 1831 1665 1972 1736; x_wconf 83' lang='lat' dir='ltr'><strong>regis</strong></span> <span class='ocrx_word' id='word_1_160' title='bbox 1994 1673 2050 1718; x_wconf 89' lang='lat' dir='ltr'><strong>et</strong></span> <span class='ocrx_word' id='word_1_161' title='bbox 2090 1661 2291 1717; x_wconf 81' lang='lat' dir='ltr'><strong>Roma-</strong></span> 
     </span>
    </p>
   </div>
   <div class='ocr_carea' id='block_1_25' title="bbox 733 1756 2292 1827">
    <p class='ocr_par' dir='ltr' id='par_1_25' title="bbox 733 1756 2292 1827">
     <span class='ocr_line' id='line_1_25' title="bbox 733 1756 2292 1827; baseline -0.002 -19"><span class='ocrx_word' id='word_1_162' title='bbox 733 1772 920 1809; x_wconf 85' lang='lat' dir='ltr'><strong>norum</strong></span> <span class='ocrx_word' id='word_1_163' title='bbox 954 1759 1227 1827; x_wconf 76' lang='lat' dir='ltr'><strong>pedCStres</strong></span> <span class='ocrx_word' id='word_1_164' title='bbox 1285 1760 1424 1812; x_wconf 88' lang='lat' dir='ltr'><strong>inter</strong></span> <span class='ocrx_word' id='word_1_165' title='bbox 1454 1773 1511 1813; x_wconf 89' lang='lat' dir='ltr'><strong>se</strong></span> <span class='ocrx_word' id='word_1_166' title='bbox 1540 1758 1837 1827; x_wconf 83' lang='lat' dir='ltr'><strong>confligunt</strong></span> <span class='ocrx_word' id='word_1_167' title='bbox 1868 1756 2010 1810; x_wconf 84' lang='lat' dir='ltr'><strong>acies</strong></span> <span class='ocrx_word' id='word_1_168' title='bbox 2042 1756 2292 1825; x_wconf 88' lang='lat' dir='ltr'><strong>(quarum</strong></span> 
     </span>
    </p>
   </div>
   <div class='ocr_carea' id='block_1_26' title="bbox 731 1841 2295 1915">
    <p class='ocr_par' dir='ltr' id='par_1_26' title="bbox 731 1841 2295 1915">
     <span class='ocr_line' id='line_1_26' title="bbox 731 1841 2295 1915; baseline -0.003 -18"><span class='ocrx_word' id='word_1_169' title='bbox 731 1843 857 1899; x_wconf 86' lang='lat' dir='ltr'><strong>huic</strong></span> <span class='ocrx_word' id='word_1_170' title='bbox 889 1844 1066 1909; x_wconf 84' lang='lat' dir='ltr'><strong>Coua,</strong></span> <span class='ocrx_word' id='word_1_171' title='bbox 1101 1846 1173 1898; x_wconf 90' lang='lat' dir='ltr'><strong>illi</strong></span> <span class='ocrx_word' id='word_1_172' title='bbox 1206 1844 1541 1901; x_wconf 80' lang='lat' dir='ltr'><strong>Mithridates</strong></span> <span class='ocrx_word' id='word_1_173' title='bbox 1567 1845 1841 1915; x_wconf 63' lang='lat' dir='ltr'><strong>praeerat),</strong></span> <span class='ocrx_word' id='word_1_174' title='bbox 1880 1843 2153 1898; x_wconf 67' lang='lat' dir='ltr'><strong>Basternae</strong></span> <span class='ocrx_word' id='word_1_175' title='bbox 2191 1841 2295 1894; x_wconf 84' lang='lat' dir='ltr'><strong>lla-</strong></span> 
     </span>
    </p>
   </div>
   <div class='ocr_carea' id='block_1_27' title="bbox 2473 1550 3976 1628">
    <p class='ocr_par' dir='ltr' id='par_1_27' title="bbox 2473 1550 3976 1628">
     <span class='ocr_line' id='line_1_27' title="bbox 2473 1550 3976 1628; baseline -0.009 -13"><span class='ocrx_word' id='word_1_176' title='bbox 2473 1561 2717 1628; x_wconf 82' lang='grc' dir='ltr'><strong>Πολέμου</strong></span> <span class='ocrx_word' id='word_1_177' title='bbox 2744 1560 2802 1610; x_wconf 78' lang='grc' dir='ltr'>δὲ</span> <span class='ocrx_word' id='word_1_178' title='bbox 2829 1553 3087 1612; x_wconf 79' lang='grc' dir='ltr'><strong>ναυτικοῦ</strong></span> <span class='ocrx_word' id='word_1_179' title='bbox 3114 1554 3256 1607; x_wconf 88' lang='grc' dir='ltr'>κατὰ</span> <span class='ocrx_word' id='word_1_180' title='bbox 3289 1552 3606 1622; x_wconf 73' lang='grc' dir='ltr'>Καλχηδόνα</span> <span class='ocrx_word' id='word_1_181' title='bbox 3645 1550 3800 1602; x_wconf 75' lang='grc' dir='ltr'>πόλιν</span> <span class='ocrx_word' id='word_1_182' title='bbox 3842 1550 3976 1602; x_wconf 76' lang='grc' dir='ltr'><strong>Ῥω·</strong></span> 
     </span>
    </p>
   </div>
   <div class='ocr_carea' id='block_1_28' title="bbox 2406 1640 3979 1725">
    <p class='ocr_par' dir='ltr' id='par_1_28' title="bbox 2406 1640 3979 1725">
     <span class='ocr_line' id='line_1_28' title="bbox 2406 1640 3979 1725; baseline -0.011 -17"><span class='ocrx_word' id='word_1_183' title='bbox 2406 1655 2585 1725; x_wconf 86' lang='grc' dir='ltr'>μαίοις</span> <span class='ocrx_word' id='word_1_184' title='bbox 2638 1669 2698 1704; x_wconf 90' lang='grc' dir='ltr'>τε</span> <span class='ocrx_word' id='word_1_185' title='bbox 2740 1650 2833 1703; x_wconf 78' lang='grc' dir='ltr'>καὶ</span> <span class='ocrx_word' id='word_1_186' title='bbox 2878 1648 3157 1708; x_wconf 83' lang='grc' dir='ltr'>Ποντικοῖς</span> <span class='ocrx_word' id='word_1_187' title='bbox 3206 1645 3536 1710; x_wconf 78' lang='grc' dir='ltr'>συστάντος,</span> <span class='ocrx_word' id='word_1_188' title='bbox 3566 1644 3661 1694; x_wconf 77' lang='grc' dir='ltr'>καὶ</span> <span class='ocrx_word' id='word_1_189' title='bbox 3704 1640 3878 1709; x_wconf 79' lang='grc' dir='ltr'>πεζῆς</span> <span class='ocrx_word' id='word_1_190' title='bbox 3922 1640 3979 1691; x_wconf 69' lang='grc' dir='ltr'>δὲ</span> 
     </span>
    </p>
   </div>
   <div class='ocr_carea' id='block_1_29' title="bbox 2399 1733 3981 1815">
    <p class='ocr_par' dir='ltr' id='par_1_29' title="bbox 2399 1733 3981 1815">
     <span class='ocr_line' id='line_1_29' title="bbox 2399 1733 3981 1815; baseline -0.011 -15"><span class='ocrx_word' id='word_1_191' title='bbox 2399 1747 2682 1815; x_wconf 86' lang='grc' dir='ltr'>δυνάμεως</span> <span class='ocrx_word' id='word_1_192' title='bbox 2707 1743 2808 1812; x_wconf 80' lang='grc' dir='ltr'>τῆς</span> <span class='ocrx_word' id='word_1_193' title='bbox 2838 1759 2897 1795; x_wconf 90' lang='grc' dir='ltr'><strong>τε</strong></span> <span class='ocrx_word' id='word_1_194' title='bbox 2940 1738 3227 1810; x_wconf 81' lang='grc' dir='ltr'><strong>βασιλικῆς</strong></span> <span class='ocrx_word' id='word_1_195' title='bbox 3264 1737 3358 1789; x_wconf 59' lang='grc' dir='ltr'><strong>καὶ⁷</strong></span> <span class='ocrx_word' id='word_1_196' title='bbox 3389 1737 3486 1803; x_wconf 83' lang='grc' dir='ltr'>τῆς</span> <span class='ocrx_word' id='word_1_197' title='bbox 3546 1733 3863 1803; x_wconf 80' lang='grc' dir='ltr'>Ῥωμαῖκῆς</span> <span class='ocrx_word' id='word_1_198' title='bbox 3901 1734 3981 1791; x_wconf 86' lang='grc' dir='ltr'><strong>εἰς</strong></span> 
     </span>
    </p>
   </div>
   <div class='ocr_carea' id='block_1_30' title="bbox 2411 1825 3973 1908">
    <p class='ocr_par' dir='ltr' id='par_1_30' title="bbox 2411 1825 3973 1908">
     <span class='ocr_line' id='line_1_30' title="bbox 2411 1825 3973 1908; baseline -0.011 -16"><span class='ocrx_word' id='word_1_199' title='bbox 2411 1839 2591 1908; x_wconf 82' lang='grc' dir='ltr'><strong>μάχην</strong></span> <span class='ocrx_word' id='word_1_200' title='bbox 2657 1835 2911 1901; x_wconf 84' lang='grc' dir='ltr'>ἀλλήλαις</span> <span class='ocrx_word' id='word_1_201' title='bbox 2960 1829 3244 1903; x_wconf 66' lang='lat'><strong>[582.11.]</strong></span> <span class='ocrx_word' id='word_1_202' title='bbox 3301 1828 3669 1900; x_wconf 74' lang='grc' dir='ltr'>συρραγείσης</span> <span class='ocrx_word' id='word_1_203' title='bbox 3728 1825 3973 1895; x_wconf 69' lang='grc' dir='ltr'>(ἐστρατ-</span> 
     </span>
    </p>
   </div>
   <div class='ocr_carea' id='block_1_31' title="bbox 734 1918 2317 2021">
    <p class='ocr_par' dir='ltr' id='par_1_31' title="bbox 734 1937 2296 2008">
     <span class='ocr_line' id='line_1_31' title="bbox 734 1937 2296 2008; baseline -0.001 -20"><span class='ocrx_word' id='word_1_204' title='bbox 734 1937 905 1989; x_wconf 89' lang='lat' dir='ltr'><strong>lorum</strong></span> <span class='ocrx_word' id='word_1_205' title='bbox 931 1939 1137 2001; x_wconf 87' lang='lat' dir='ltr'><strong>pedites</strong></span> <span class='ocrx_word' id='word_1_206' title='bbox 1178 1940 1229 1991; x_wconf 90' lang='lat' dir='ltr'><strong>in</strong></span> <span class='ocrx_word' id='word_1_207' title='bbox 1274 1940 1452 2007; x_wconf 81' lang='lat' dir='ltr'><strong>Iugum</strong></span> <span class='ocrx_word' id='word_1_208' title='bbox 1482 1947 1717 2004; x_wconf 89' lang='lat' dir='ltr'><strong>vertunt,</strong></span> <span class='ocrx_word' id='word_1_209' title='bbox 1746 1948 1800 1992; x_wconf 90' lang='lat' dir='ltr'><strong>et</strong></span> <span class='ocrx_word' id='word_1_210' title='bbox 1838 1939 2100 2008; x_wconf 77' lang='lat' dir='ltr'><strong>prolixam</strong></span> <span class='ocrx_word' id='word_1_211' title='bbox 2129 1938 2296 1989; x_wconf 88' lang='lat' dir='ltr'><strong>edunt</strong></span> 
     </span>
    </p>
   </div>
   <div class='ocr_carea' id='block_1_32' title="bbox 2418 1918 3983 2021">
    <p class='ocr_par' dir='ltr' id='par_1_32' title="bbox 2418 1918 3983 2000">
     <span class='ocr_line' id='line_1_32' title="bbox 2418 1918 3983 2000; baseline -0.01 -17"><span class='ocrx_word' id='word_1_212' title='bbox 2418 1933 2528 2000; x_wconf 66' lang='grc' dir='ltr'>ῆγει</span> <span class='ocrx_word' id='word_1_213' title='bbox 2556 1930 2613 1981; x_wconf 77' lang='grc' dir='ltr'>δὲ</span> <span class='ocrx_word' id='word_1_214' title='bbox 2647 1928 2747 1993; x_wconf 84' lang='grc' dir='ltr'><strong>τῆς</strong></span> <span class='ocrx_word' id='word_1_215' title='bbox 2781 1926 2877 1995; x_wconf 82' lang='grc' dir='ltr'>μὲν</span> <span class='ocrx_word' id='word_1_216' title='bbox 2907 1925 3137 1985; x_wconf 81' lang='grc' dir='ltr'>Κόττας,</span> <span class='ocrx_word' id='word_1_217' title='bbox 3171 1923 3269 1989; x_wconf 77' lang='grc' dir='ltr'>τῆς</span> <span class='ocrx_word' id='word_1_218' title='bbox 3291 1922 3345 1974; x_wconf 80' lang='grc' dir='ltr'>δὲ</span> <span class='ocrx_word' id='word_1_219' title='bbox 3370 1918 3725 1990; x_wconf 85' lang='grc' dir='ltr'><strong>Μιθριδάτης)</strong></span> <span class='ocrx_word' id='word_1_220' title='bbox 3750 1918 3983 1987; x_wconf 79' lang='grc' dir='ltr'>τρέπου-</span> 
     </span>
    </p>
   </div>
   <div class='ocr_carea' id='block_1_33' title="bbox 731 2027 2299 2098">
    <p class='ocr_par' dir='ltr' id='par_1_33' title="bbox 731 2027 2299 2098">
     <span class='ocr_line' id='line_1_33' title="bbox 731 2027 2299 2098; baseline -0.001 -19"><span class='ocrx_word' id='word_1_221' title='bbox 731 2036 989 2098; x_wconf 83' lang='lat' dir='ltr'><strong>stragem.</strong></span> <span class='ocrx_word' id='word_1_222' title='bbox 1026 2027 1222 2083; x_wconf 80' lang='lat' dir='ltr'><strong>Eadem</strong></span> <span class='ocrx_word' id='word_1_223' title='bbox 1254 2031 1470 2083; x_wconf 80' lang='lat' dir='ltr'><strong>fortuna</strong></span> <span class='ocrx_word' id='word_1_224' title='bbox 1498 2031 1660 2085; x_wconf 90' lang='lat' dir='ltr'><strong>etiam</strong></span> <span class='ocrx_word' id='word_1_225' title='bbox 1688 2028 1877 2083; x_wconf 82' lang='lat' dir='ltr'><strong>classis</strong></span> <span class='ocrx_word' id='word_1_226' title='bbox 1915 2043 2007 2081; x_wconf 90' lang='lat' dir='ltr'><strong>usa</strong></span> <span class='ocrx_word' id='word_1_227' title='bbox 2030 2034 2132 2091; x_wconf 88' lang='lat' dir='ltr'><strong>est,</strong></span> <span class='ocrx_word' id='word_1_228' title='bbox 2156 2041 2299 2079; x_wconf 89' lang='lat' dir='ltr'><strong>uno-</strong></span> 
     </span>
    </p>
   </div>
   <div class='ocr_carea' id='block_1_34' title="bbox 732 2113 2300 2182">
    <p class='ocr_par' dir='ltr' id='par_1_34' title="bbox 732 2113 2300 2182">
     <span class='ocr_line' id='line_1_34' title="bbox 732 2113 2300 2182; baseline 0 -15"><span class='ocrx_word' id='word_1_229' title='bbox 732 2130 840 2182; x_wconf 89' lang='lat' dir='ltr'><strong>que</strong></span> <span class='ocrx_word' id='word_1_230' title='bbox 875 2116 961 2169; x_wconf 89' lang='lat' dir='ltr'><strong>die</strong></span> <span class='ocrx_word' id='word_1_231' title='bbox 1009 2131 1155 2168; x_wconf 87' lang='lat' dir='ltr'><strong>mare</strong></span> <span class='ocrx_word' id='word_1_232' title='bbox 1188 2126 1240 2170; x_wconf 89' lang='lat' dir='ltr'><strong>et</strong></span> <span class='ocrx_word' id='word_1_233' title='bbox 1281 2127 1420 2170; x_wconf 88' lang='lat' dir='ltr'><strong>terra</strong></span> <span class='ocrx_word' id='word_1_234' title='bbox 1466 2116 1818 2171; x_wconf 82' lang='lat' dir='ltr'><strong>cadaveribus</strong></span> <span class='ocrx_word' id='word_1_235' title='bbox 1852 2115 2113 2169; x_wconf 81' lang='lat' dir='ltr'><strong>Romanis</strong></span> <span class='ocrx_word' id='word_1_236' title='bbox 2157 2113 2300 2167; x_wconf 76' lang='lat' dir='ltr'><strong>ftede</strong></span> 
     </span>
    </p>
   </div>
   <div class='ocr_carea' id='block_1_35' title="bbox 735 2204 2301 2273">
    <p class='ocr_par' dir='ltr' id='par_1_35' title="bbox 735 2204 2301 2273">
     <span class='ocr_line' id='line_1_35' title="bbox 735 2204 2301 2273; baseline 0.003 -20"><span class='ocrx_word' id='word_1_237' title='bbox 735 2205 1019 2273; x_wconf 85' lang='lat' dir='ltr'><strong>upplcutur</strong></span> <span class='ocrx_word' id='word_1_238' title='bbox 1060 2207 1200 2260; x_wconf 87' lang='lat'><strong>8000</strong></span> <span class='ocrx_word' id='word_1_239' title='bbox 1256 2208 1309 2260; x_wconf 85' lang='lat' dir='ltr'><strong>in</strong></span> <span class='ocrx_word' id='word_1_240' title='bbox 1367 2207 1617 2262; x_wconf 79' lang='lat' dir='ltr'><strong>conflictu</strong></span> <span class='ocrx_word' id='word_1_241' title='bbox 1668 2207 1844 2260; x_wconf 86' lang='lat' dir='ltr'><strong>navali</strong></span> <span class='ocrx_word' id='word_1_242' title='bbox 1899 2206 2111 2271; x_wconf 89' lang='lat' dir='ltr'><strong>occisis,</strong></span> <span class='ocrx_word' id='word_1_243' title='bbox 2158 2204 2301 2258; x_wconf 68' lang='lat'><strong>4500</strong></span> 
     </span>
    </p>
   </div>
   <div class='ocr_carea' id='block_1_36' title="bbox 736 2296 2299 2366">
    <p class='ocr_par' dir='ltr' id='par_1_36' title="bbox 736 2296 2299 2366">
     <span class='ocr_line' id='line_1_36' title="bbox 736 2296 2299 2366; baseline 0 -17"><span class='ocrx_word' id='word_1_244' title='bbox 736 2300 943 2366; x_wconf 87' lang='lat' dir='ltr'><strong>captis;</strong></span> <span class='ocrx_word' id='word_1_245' title='bbox 981 2299 1045 2352; x_wconf 89' lang='lat' dir='ltr'><strong>de</strong></span> <span class='ocrx_word' id='word_1_246' title='bbox 1068 2300 1299 2366; x_wconf 83' lang='lat' dir='ltr'><strong>pedestri</strong></span> <span class='ocrx_word' id='word_1_247' title='bbox 1332 2309 1511 2353; x_wconf 90' lang='lat' dir='ltr'><strong>autem</strong></span> <span class='ocrx_word' id='word_1_248' title='bbox 1549 2299 1791 2353; x_wconf 83' lang='lat' dir='ltr'><strong>exercitu</strong></span> <span class='ocrx_word' id='word_1_249' title='bbox 1828 2296 2099 2359; x_wconf 87' lang='lat' dir='ltr'><strong>Italorum,</strong></span> <span class='ocrx_word' id='word_1_250' title='bbox 2140 2296 2299 2350; x_wconf 78' lang='lat'><strong>3500.</strong></span> 
     </span>
    </p>
   </div>
   <div class='ocr_carea' id='block_1_37' title="bbox 736 2390 2299 2461">
    <p class='ocr_par' dir='ltr' id='par_1_37' title="bbox 736 2390 2299 2461">
     <span class='ocr_line' id='line_1_37' title="bbox 736 2390 2299 2461; baseline -0.001 -16"><span class='ocrx_word' id='word_1_251' title='bbox 736 2394 779 2445; x_wconf 85' lang='grc' dir='ltr'><strong>Λ</strong></span> <span class='ocrx_word' id='word_1_252' title='bbox 821 2403 970 2461; x_wconf 85' lang='lat' dir='ltr'><strong>parte</strong></span> <span class='ocrx_word' id='word_1_253' title='bbox 1010 2402 1184 2446; x_wconf 84' lang='lat' dir='ltr'><strong>autem</strong></span> <span class='ocrx_word' id='word_1_254' title='bbox 1233 2392 1558 2446; x_wconf 81' lang='lat' dir='ltr'><strong>Mithridatis</strong></span> <span class='ocrx_word' id='word_1_255' title='bbox 1615 2392 1886 2445; x_wconf 75' lang='lat' dir='ltr'><strong>Basternze</strong></span> <span class='ocrx_word' id='word_1_256' title='bbox 1925 2391 2143 2446; x_wconf 73' lang='lat' dir='ltr'><strong>circiter</strong></span> <span class='ocrx_word' id='word_1_257' title='bbox 2190 2390 2299 2455; x_wconf 85' lang='lat'><strong>50;</strong></span> 
     </span>
    </p>
   </div>
   <div class='ocr_carea' id='block_1_38' title="bbox 733 2482 2305 2552">
    <p class='ocr_par' dir='ltr' id='par_1_38' title="bbox 733 2482 2305 2552">
     <span class='ocr_line' id='line_1_38' title="bbox 733 2482 2305 2552; baseline -0.002 -16"><span class='ocrx_word' id='word_1_258' title='bbox 733 2499 802 2537; x_wconf 79' lang='lat' dir='ltr'><strong>ex</strong></span> <span class='ocrx_word' id='word_1_259' title='bbox 836 2484 1038 2552; x_wconf 88' lang='lat' dir='ltr'><strong>reliqua</strong></span> <span class='ocrx_word' id='word_1_260' title='bbox 1080 2484 1425 2536; x_wconf 80' lang='lat' dir='ltr'><strong>multitudine</strong></span> <span class='ocrx_word' id='word_1_261' title='bbox 1449 2484 1575 2548; x_wconf 76' lang='lat'><strong>700,</strong></span> <span class='ocrx_word' id='word_1_262' title='bbox 1609 2483 1938 2537; x_wconf 86' lang='lat' dir='ltr'><strong>ceciderunt.</strong></span> <span class='ocrx_word' id='word_1_263' title='bbox 1963 2482 2073 2535; x_wconf 86' lang='lat' dir='ltr'><strong>Hoc</strong></span> <span class='ocrx_word' id='word_1_264' title='bbox 2104 2482 2305 2535; x_wconf 79' lang='lat' dir='ltr'><strong>Mithri-</strong></span> 
     </span>
    </p>
   </div>
   <div class='ocr_carea' id='block_1_39' title="bbox 737 2575 2303 2631">
    <p class='ocr_par' dir='ltr' id='par_1_39' title="bbox 737 2575 2303 2631">
     <span class='ocr_line' id='line_1_39' title="bbox 737 2575 2303 2631; baseline -0.001 -4"><span class='ocrx_word' id='word_1_265' title='bbox 737 2577 880 2630; x_wconf 89' lang='lat' dir='ltr'><strong>datis</strong></span> <span class='ocrx_word' id='word_1_266' title='bbox 918 2592 1166 2631; x_wconf 77' lang='lat' dir='ltr'><strong>successu</strong></span> <span class='ocrx_word' id='word_1_267' title='bbox 1208 2578 1448 2629; x_wconf 89' lang='lat' dir='ltr'><strong>omuium</strong></span> <span class='ocrx_word' id='word_1_268' title='bbox 1494 2576 1661 2629; x_wconf 90' lang='lat' dir='ltr'><strong>animi</strong></span> <span class='ocrx_word' id='word_1_269' title='bbox 1704 2575 1953 2629; x_wconf 85' lang='lat' dir='ltr'><strong>servilem</strong></span> <span class='ocrx_word' id='word_1_270' title='bbox 1992 2576 2042 2628; x_wconf 90' lang='lat' dir='ltr'><strong>in</strong></span> <span class='ocrx_word' id='word_1_271' title='bbox 2088 2577 2303 2629; x_wconf 90' lang='lat' dir='ltr'><strong>modum</strong></span> 
     </span>
    </p>
   </div>
   <div class='ocr_carea' id='block_1_40' title="bbox 736 2661 2306 2733">
    <p class='ocr_par' dir='ltr' id='par_1_40' title="bbox 736 2661 2306 2733">
     <span class='ocr_line' id='line_1_40' title="bbox 736 2661 2306 2733; baseline 0.001 -17"><span class='ocrx_word' id='word_1_272' title='bbox 736 2667 1042 2718; x_wconf 81' lang='lat' dir='ltr'><strong>concidere.</strong></span> <span class='ocrx_word' id='word_1_273' title='bbox 1077 2666 1181 2719; x_wconf 85' lang='lat' dir='ltr'><strong>Sed</strong></span> <span class='ocrx_word' id='word_1_274' title='bbox 1212 2664 1469 2719; x_wconf 89' lang='lat' dir='ltr'><strong>Lucullus</strong></span> <span class='ocrx_word' id='word_1_275' title='bbox 1510 2666 1575 2717; x_wconf 82' lang='lat' dir='ltr'><strong>ad</strong></span> <span class='ocrx_word' id='word_1_276' title='bbox 1626 2661 1945 2733; x_wconf 78' lang='lat' dir='ltr'><strong>Sangarium</strong></span> <span class='ocrx_word' id='word_1_277' title='bbox 1970 2662 2188 2716; x_wconf 83' lang='lat' dir='ltr'><strong>fluvium</strong></span> <span class='ocrx_word' id='word_1_278' title='bbox 2215 2680 2306 2717; x_wconf 87' lang='lat' dir='ltr'><strong>ca-</strong></span> 
     </span>
    </p>
   </div>
   <div class='ocr_carea' id='block_1_41' title="bbox 737 2756 2305 2826">
    <p class='ocr_par' dir='ltr' id='par_1_41' title="bbox 737 2756 2305 2826">
     <span class='ocr_line' id='line_1_41' title="bbox 737 2756 2305 2826; baseline 0.001 -17"><span class='ocrx_word' id='word_1_279' title='bbox 737 2766 849 2809; x_wconf 79' lang='lat' dir='ltr'><strong>stra</strong></span> <span class='ocrx_word' id='word_1_280' title='bbox 891 2757 1129 2818; x_wconf 79' lang='lat' dir='ltr'><strong>habens.</strong></span> <span class='ocrx_word' id='word_1_281' title='bbox 1164 2759 1375 2821; x_wconf 75' lang='lat' dir='ltr'><strong>cognita</strong></span> <span class='ocrx_word' id='word_1_282' title='bbox 1418 2773 1479 2811; x_wconf 89' lang='lat' dir='ltr'><strong>ea</strong></span> <span class='ocrx_word' id='word_1_283' title='bbox 1526 2756 1711 2821; x_wconf 89' lang='lat' dir='ltr'><strong>clade,</strong></span> <span class='ocrx_word' id='word_1_284' title='bbox 1753 2757 2029 2826; x_wconf 77' lang='lat' dir='ltr'><strong>perculsos</strong></span> <span class='ocrx_word' id='word_1_285' title='bbox 2074 2757 2305 2811; x_wconf 88' lang='lat' dir='ltr'><strong>militum</strong></span> 
     </span>
    </p>
   </div>
   <div class='ocr_carea' id='block_1_42' title="bbox 738 2846 1393 2901">
    <p class='ocr_par' dir='ltr' id='par_1_42' title="bbox 738 2846 1393 2901">
     <span class='ocr_line' id='line_1_42' title="bbox 738 2846 1393 2901; baseline 0.009 -6"><span class='ocrx_word' id='word_1_286' title='bbox 738 2846 952 2898; x_wconf 80' lang='lat' dir='ltr'><strong>animos</strong></span> <span class='ocrx_word' id='word_1_287' title='bbox 991 2846 1167 2899; x_wconf 89' lang='lat' dir='ltr'><strong>verbis</strong></span> <span class='ocrx_word' id='word_1_288' title='bbox 1197 2848 1393 2901; x_wconf 82' lang='lat' dir='ltr'><strong>erexit.</strong></span> 
     </span>
    </p>
   </div>
   <div class='ocr_carea' id='block_1_43' title="bbox 737 2932 3823 3009">
    <p class='ocr_par' dir='ltr' id='par_1_43' title="bbox 737 2932 3823 3009">
     <span class='ocr_line' id='line_1_43' title="bbox 737 2932 3823 3009; baseline -0.002 -21"><span class='ocrx_word' id='word_1_289' title='bbox 737 2936 957 2988; x_wconf 69' lang='grc' dir='ltr'>πάντων</span> <span class='ocrx_word' id='word_1_290' title='bbox 984 2939 1041 2988; x_wconf 68' lang='grc' dir='ltr'><strong>τὸ</strong></span> <span class='ocrx_word' id='word_1_291' title='bbox 1087 2940 1342 3006; x_wconf 80' lang='grc' dir='ltr'>φρόνημα</span> <span class='ocrx_word' id='word_1_292' title='bbox 1392 2936 1734 2990; x_wconf 85' lang='grc' dir='ltr'>κατεδούλου.</span> <span class='ocrx_word' id='word_1_293' title='bbox 1789 2936 2090 3000; x_wconf 85' lang='grc' dir='ltr'>Λεύκολλος</span> <span class='ocrx_word' id='word_1_294' title='bbox 2137 2936 2195 2991; x_wconf 76' lang='grc' dir='ltr'>δὲ</span> <span class='ocrx_word' id='word_1_295' title='bbox 2261 2939 2353 2990; x_wconf 81' lang='grc' dir='ltr'><strong>ἐπὶ</strong></span> <span class='ocrx_word' id='word_1_296' title='bbox 2410 2941 2502 2993; x_wconf 88' lang='grc' dir='ltr'><strong>τοῦ</strong></span> <span class='ocrx_word' id='word_1_297' title='bbox 2564 2941 2874 3009; x_wconf 81' lang='grc' dir='ltr'>Σαγγαρίου</span> <span class='ocrx_word' id='word_1_298' title='bbox 2938 2941 2983 2970; x_wconf 84' lang='grc'><em>³³</em></span> <span class='ocrx_word' id='word_1_299' title='bbox 3030 2934 3280 3005; x_wconf 83' lang='grc' dir='ltr'>ποταμοῦ</span> <span class='ocrx_word' id='word_1_300' title='bbox 3346 2932 3823 3005; x_wconf 68' lang='grc' dir='ltr'>στρατοπεδεύων,</span> 
     </span>
    </p>
   </div>
   <div class='ocr_carea' id='block_1_44' title="bbox 2408 2009 3986 2087">
    <p class='ocr_par' dir='ltr' id='par_1_44' title="bbox 2408 2009 3986 2087">
     <span class='ocr_line' id='line_1_44' title="bbox 2408 2009 3986 2087; baseline -0.01 -14"><span class='ocrx_word' id='word_1_301' title='bbox 2408 2038 2492 2073; x_wconf 92' lang='grc' dir='ltr'><strong>σιν</strong></span> <span class='ocrx_word' id='word_1_302' title='bbox 2523 2020 2573 2072; x_wconf 88' lang='grc' dir='ltr'><strong>οί</strong></span> <span class='ocrx_word' id='word_1_303' title='bbox 2626 2016 2929 2087; x_wconf 84' lang='grc' dir='ltr'>Βαστέρναι</span> <span class='ocrx_word' id='word_1_304' title='bbox 2960 2013 3101 2068; x_wconf 76' lang='grc' dir='ltr'>κατὰ</span> <span class='ocrx_word' id='word_1_305' title='bbox 3128 2013 3187 2065; x_wconf 89' lang='grc' dir='ltr'>τὸ</span> <span class='ocrx_word' id='word_1_306' title='bbox 3234 2012 3395 2077; x_wconf 76' lang='grc' dir='ltr'>πεζὸν</span> <span class='ocrx_word' id='word_1_307' title='bbox 3419 2013 3547 2071; x_wconf 71' lang='grc' dir='ltr'>τοὺς</span> <span class='ocrx_word' id='word_1_308' title='bbox 3583 2010 3841 2071; x_wconf 77' lang='grc' dir='ltr'>Ἰταλοὺς,</span> <span class='ocrx_word' id='word_1_309' title='bbox 3891 2009 3986 2059; x_wconf 73' lang='grc' dir='ltr'>καὶ</span> 
     </span>
    </p>
   </div>
   <div class='ocr_carea' id='block_1_45' title="bbox 2407 2099 3988 2175">
    <p class='ocr_par' dir='ltr' id='par_1_45' title="bbox 2407 2099 3988 2175">
     <span class='ocr_line' id='line_1_45' title="bbox 2407 2099 3988 2175; baseline -0.009 -10"><span class='ocrx_word' id='word_1_310' title='bbox 2407 2112 2575 2166; x_wconf 77' lang='grc' dir='ltr'>πολὺν</span> <span class='ocrx_word' id='word_1_311' title='bbox 2629 2109 2809 2162; x_wconf 83' lang='grc' dir='ltr'>αὐτῶν</span> <span class='ocrx_word' id='word_1_312' title='bbox 2857 2109 3015 2175; x_wconf 83' lang='grc' dir='ltr'>φόνον</span> <span class='ocrx_word' id='word_1_313' title='bbox 3076 2106 3424 2174; x_wconf 83' lang='grc' dir='ltr'>εἰργάσαντο.</span> <span class='ocrx_word' id='word_1_314' title='bbox 3468 2105 3548 2155; x_wconf 80' lang='grc' dir='ltr'>Τά</span> <span class='ocrx_word' id='word_1_315' title='bbox 3582 2101 3721 2155; x_wconf 77' lang='grc' dir='ltr'>αύτά</span> <span class='ocrx_word' id='word_1_316' title='bbox 3773 2102 3831 2152; x_wconf 84' lang='grc' dir='ltr'>δὲ</span> <span class='ocrx_word' id='word_1_317' title='bbox 3890 2099 3988 2152; x_wconf 70' lang='grc' dir='ltr'><strong>καὶ</strong></span> 
     </span>
    </p>
   </div>
   <div class='ocr_carea' id='block_1_46' title="bbox 2411 2192 3988 2274">
    <p class='ocr_par' dir='ltr' id='par_1_46' title="bbox 2411 2192 3988 2274">
     <span class='ocr_line' id='line_1_46' title="bbox 2411 2192 3988 2274; baseline -0.01 -18"><span class='ocrx_word' id='word_1_318' title='bbox 2411 2204 2540 2274; x_wconf 77' lang='grc' dir='ltr'>περὶ</span> <span class='ocrx_word' id='word_1_319' title='bbox 2567 2202 2665 2264; x_wconf 82' lang='grc' dir='ltr'>τὰς</span> <span class='ocrx_word' id='word_1_320' title='bbox 2700 2200 2829 2263; x_wconf 83' lang='grc' dir='ltr'>ναῦς</span> <span class='ocrx_word' id='word_1_321' title='bbox 2875 2198 3114 2266; x_wconf 77' lang='grc' dir='ltr'>ἐγένετο,</span> <span class='ocrx_word' id='word_1_322' title='bbox 3165 2197 3259 2248; x_wconf 80' lang='grc' dir='ltr'>καὶ</span> <span class='ocrx_word' id='word_1_323' title='bbox 3312 2196 3415 2247; x_wconf 81' lang='grc' dir='ltr'><strong>ὑπὸ</strong></span> <span class='ocrx_word' id='word_1_324' title='bbox 3478 2196 3605 2263; x_wconf 90' lang='grc' dir='ltr'>μίαν</span> <span class='ocrx_word' id='word_1_325' title='bbox 3654 2192 3869 2263; x_wconf 73' lang='grc' dir='ltr'>ἡμέραν</span> <span class='ocrx_word' id='word_1_326' title='bbox 3914 2194 3988 2260; x_wconf 79' lang='grc' dir='ltr'><strong>γῇ</strong></span> 
     </span>
    </p>
   </div>
   <div class='ocr_carea' id='block_1_47' title="bbox 2410 2287 3991 2365">
    <p class='ocr_par' dir='ltr' id='par_1_47' title="bbox 2410 2287 3991 2365">
     <span class='ocr_line' id='line_1_47' title="bbox 2410 2287 3991 2365; baseline -0.01 -14"><span class='ocrx_word' id='word_1_327' title='bbox 2410 2317 2469 2351; x_wconf 89' lang='grc' dir='ltr'><strong>τε</strong></span> <span class='ocrx_word' id='word_1_328' title='bbox 2523 2298 2617 2350; x_wconf 78' lang='grc' dir='ltr'>καὶ</span> <span class='ocrx_word' id='word_1_329' title='bbox 2664 2295 2909 2365; x_wconf 75' lang='grc' dir='ltr'>θαλάσσῃ</span> <span class='ocrx_word' id='word_1_330' title='bbox 2954 2293 3065 2355; x_wconf 86' lang='grc' dir='ltr'>τοῖς</span> <span class='ocrx_word' id='word_1_331' title='bbox 3112 2290 3401 2359; x_wconf 84' lang='grc' dir='ltr'>Ῥωμαίων</span> <span class='ocrx_word' id='word_1_332' title='bbox 3441 2287 3829 2355; x_wconf 81' lang='grc' dir='ltr'>διελελύμαστο</span> <span class='ocrx_word' id='word_1_333' title='bbox 3882 2287 3991 2337; x_wconf 79' lang='grc' dir='ltr'><strong>σώ-</strong></span> 
     </span>
    </p>
   </div>
   <div class='ocr_carea' id='block_1_48' title="bbox 2419 2378 3990 2460">
    <p class='ocr_par' dir='ltr' id='par_1_48' title="bbox 2419 2378 3990 2460">
     <span class='ocr_line' id='line_1_48' title="bbox 2419 2378 3990 2460; baseline -0.01 -18"><span class='ocrx_word' id='word_1_334' title='bbox 2419 2407 2573 2460; x_wconf 90' lang='grc' dir='ltr'>μασι,</span> <span class='ocrx_word' id='word_1_335' title='bbox 2604 2386 3014 2456; x_wconf 78' lang='grc' dir='ltr'>διαφθαρέντων</span> <span class='ocrx_word' id='word_1_336' title='bbox 3045 2386 3102 2436; x_wconf 85' lang='grc' dir='ltr'>ὲν</span> <span class='ocrx_word' id='word_1_337' title='bbox 3137 2382 3237 2452; x_wconf 83' lang='grc' dir='ltr'>μὲν</span> <span class='ocrx_word' id='word_1_338' title='bbox 3280 2384 3348 2452; x_wconf 83' lang='grc' dir='ltr'><strong>τῇ</strong></span> <span class='ocrx_word' id='word_1_339' title='bbox 3397 2380 3673 2449; x_wconf 78' lang='grc' dir='ltr'>ναυμαχία</span> <span class='ocrx_word' id='word_1_340' title='bbox 3726 2378 3990 2429; x_wconf 84' lang='grc' dir='ltr'>ὀκτακισ-</span> 
     </span>
    </p>
   </div>
   <div class='ocr_carea' id='block_1_49' title="bbox 2410 2469 3991 2552">
    <p class='ocr_par' dir='ltr' id='par_1_49' title="bbox 2410 2469 3991 2552">
     <span class='ocr_line' id='line_1_49' title="bbox 2410 2469 3991 2552; baseline -0.011 -18"><span class='ocrx_word' id='word_1_341' title='bbox 2410 2482 2617 2552; x_wconf 79' lang='grc' dir='ltr'>χιλίων,</span> <span class='ocrx_word' id='word_1_342' title='bbox 2652 2477 3101 2550; x_wconf 77' lang='grc' dir='ltr'>τετρακισχιλίων</span> <span class='ocrx_word' id='word_1_343' title='bbox 3125 2477 3169 2505; x_wconf 85' lang='grc'>¹¹</span> <span class='ocrx_word' id='word_1_344' title='bbox 3196 2475 3252 2526; x_wconf 76' lang='grc' dir='ltr'>δὲ</span> <span class='ocrx_word' id='word_1_345' title='bbox 3287 2476 3379 2526; x_wconf 80' lang='grc' dir='ltr'>καὶ</span> <span class='ocrx_word' id='word_1_346' title='bbox 3408 2470 3788 2526; x_wconf 80' lang='grc' dir='ltr'>πεντακοσίων</span> <span class='ocrx_word' id='word_1_347' title='bbox 3817 2469 3991 2521; x_wconf 73' lang='grc' dir='ltr'>ἑαλω-</span> 
     </span>
    </p>
   </div>
   <div class='ocr_carea' id='block_1_50' title="bbox 2412 2560 3994 2637">
    <p class='ocr_par' dir='ltr' id='par_1_50' title="bbox 2412 2560 3994 2637">
     <span class='ocr_line' id='line_1_50' title="bbox 2412 2560 3994 2637; baseline -0.01 -11"><span class='ocrx_word' id='word_1_348' title='bbox 2412 2577 2586 2627; x_wconf 84' lang='grc' dir='ltr'>κότων</span> <span class='ocrx_word' id='word_1_349' title='bbox 2618 2589 2633 2603; x_wconf 83' lang='grc'><strong>’</strong></span> <span class='ocrx_word' id='word_1_350' title='bbox 2691 2572 2782 2624; x_wconf 86' lang='grc' dir='ltr'><strong>τοῦ</strong></span> <span class='ocrx_word' id='word_1_351' title='bbox 2839 2572 2895 2623; x_wconf 81' lang='grc' dir='ltr'>δὲ</span> <span class='ocrx_word' id='word_1_352' title='bbox 2952 2568 3120 2632; x_wconf 76' lang='grc' dir='ltr'>πεζοῦ</span> <span class='ocrx_word' id='word_1_353' title='bbox 3186 2566 3590 2637; x_wconf 75' lang='grc' dir='ltr'>στρατεύματος</span> <span class='ocrx_word' id='word_1_354' title='bbox 3642 2562 3836 2615; x_wconf 63' lang='grc' dir='ltr'>Ἰταλοὶ</span> <span class='ocrx_word' id='word_1_355' title='bbox 3892 2560 3994 2630; x_wconf 79' lang='grc' dir='ltr'>μὲν</span> 
     </span>
    </p>
   </div>
   <div class='ocr_carea' id='block_1_51' title="bbox 2410 2654 3995 2735">
    <p class='ocr_par' dir='ltr' id='par_1_51' title="bbox 2410 2654 3995 2735">
     <span class='ocr_line' id='line_1_51' title="bbox 2410 2654 3995 2735; baseline -0.009 -17"><span class='ocrx_word' id='word_1_356' title='bbox 2410 2665 2717 2735; x_wconf 84' lang='grc' dir='ltr'>τριακόσιοι</span> <span class='ocrx_word' id='word_1_357' title='bbox 2752 2664 2847 2716; x_wconf 77' lang='grc' dir='ltr'>καὶ</span> <span class='ocrx_word' id='word_1_358' title='bbox 2879 2660 3331 2729; x_wconf 84' lang='grc' dir='ltr'>πεντακισχίλιοι,</span> <span class='ocrx_word' id='word_1_359' title='bbox 3369 2658 3476 2710; x_wconf 82' lang='grc' dir='ltr'>τῶν</span> <span class='ocrx_word' id='word_1_360' title='bbox 3504 2658 3559 2709; x_wconf 76' lang='grc' dir='ltr'>δὲ</span> <span class='ocrx_word' id='word_1_361' title='bbox 3593 2654 3995 2724; x_wconf 76' lang='grc' dir='ltr'>Μιθριδατείων</span> 
     </span>
    </p>
   </div>
   <div class='ocr_carea' id='block_1_52' title="bbox 2414 2746 3998 2827">
    <p class='ocr_par' dir='ltr' id='par_1_52' title="bbox 2414 2746 3998 2827">
     <span class='ocr_line' id='line_1_52' title="bbox 2414 2746 3998 2827; baseline -0.011 -16"><span class='ocrx_word' id='word_1_362' title='bbox 2414 2757 2719 2827; x_wconf 76' lang='grc' dir='ltr'>Βαστέρναι</span> <span class='ocrx_word' id='word_1_363' title='bbox 2759 2757 2855 2825; x_wconf 76' lang='grc' dir='ltr'>μὲν</span> <span class='ocrx_word' id='word_1_364' title='bbox 2888 2755 3019 2825; x_wconf 83' lang='grc' dir='ltr'>περὶ</span> <span class='ocrx_word' id='word_1_365' title='bbox 3050 2754 3367 2824; x_wconf 83' lang='grc' dir='ltr'>τριάκοντα,</span> <span class='ocrx_word' id='word_1_366' title='bbox 3399 2751 3493 2803; x_wconf 84' lang='grc' dir='ltr'><strong>τοῦ</strong></span> <span class='ocrx_word' id='word_1_367' title='bbox 3536 2751 3593 2802; x_wconf 77' lang='grc' dir='ltr'>δὲ</span> <span class='ocrx_word' id='word_1_368' title='bbox 3641 2746 3830 2799; x_wconf 82' lang='grc' dir='ltr'>λοιποῦ</span> <span class='ocrx_word' id='word_1_369' title='bbox 3862 2746 3998 2813; x_wconf 71' lang='grc' dir='ltr'>πλή-</span> 
     </span>
    </p>
   </div>
   <div class='ocr_carea' id='block_1_53' title="bbox 2427 2840 3997 2917">
    <p class='ocr_par' dir='ltr' id='par_1_53' title="bbox 2427 2840 3997 2917">
     <span class='ocr_line' id='line_1_53' title="bbox 2427 2840 3997 2917; baseline -0.01 -14"><span class='ocrx_word' id='word_1_370' title='bbox 2427 2852 2555 2914; x_wconf 89' lang='grc' dir='ltr'>θους</span> <span class='ocrx_word' id='word_1_371' title='bbox 2609 2850 2948 2902; x_wconf 74' lang='grc' dir='ltr'>ἑπτακόσιοι.</span> <span class='ocrx_word' id='word_1_372' title='bbox 3009 2847 3194 2908; x_wconf 82' lang='grc' dir='ltr'>Οὕτως</span> <span class='ocrx_word' id='word_1_373' title='bbox 3248 2844 3482 2917; x_wconf 81' lang='grc' dir='ltr'>ἀρθέντα</span> <span class='ocrx_word' id='word_1_374' title='bbox 3539 2842 3607 2894; x_wconf 68' lang='grc' dir='ltr'>τὰ</span> <span class='ocrx_word' id='word_1_375' title='bbox 3667 2840 3997 2909; x_wconf 80' lang='grc' dir='ltr'>Μιθριδάτου</span> 
     </span>
    </p>
   </div>
   <div class='ocr_carea' id='block_1_54' title="bbox 3903 2946 3999 2981">
    <p class='ocr_par' dir='ltr' id='par_1_54' title="bbox 3903 2946 3999 2981">
     <span class='ocr_line' id='line_1_54' title="bbox 3903 2946 3999 2981; baseline -0.042 1"><span class='ocrx_word' id='word_1_376' title='bbox 3903 2946 3999 2981; x_wconf 83' lang='grc' dir='ltr'><strong>και</strong></span> 
     </span>
    </p>
   </div>
   <div class='ocr_carea' id='block_1_55' title="bbox 742 3027 2874 3105">
    <p class='ocr_par' dir='ltr' id='par_1_55' title="bbox 742 3027 2874 3105">
     <span class='ocr_line' id='line_1_55' title="bbox 742 3027 2874 3105; baseline 0.004 -26"><span class='ocrx_word' id='word_1_377' title='bbox 742 3027 928 3097; x_wconf 76' lang='grc' dir='ltr'>μαθὼν</span> <span class='ocrx_word' id='word_1_378' title='bbox 955 3029 1014 3080; x_wconf 84' lang='grc' dir='ltr'><strong>τὸ</strong></span> <span class='ocrx_word' id='word_1_379' title='bbox 1056 3030 1249 3092; x_wconf 72' lang='grc' dir='ltr'>πάθος,</span> <span class='ocrx_word' id='word_1_380' title='bbox 1291 3029 1473 3095; x_wconf 85' lang='grc' dir='ltr'>λόγοις</span> <span class='ocrx_word' id='word_1_381' title='bbox 1506 3029 1888 3099; x_wconf 85' lang='grc' dir='ltr'>ἀνελάμϐανεν</span> <span class='ocrx_word' id='word_1_382' title='bbox 1932 3032 2320 3101; x_wconf 86' lang='grc' dir='ltr'>άθυμήσαντας</span> <span class='ocrx_word' id='word_1_383' title='bbox 2352 3037 2479 3098; x_wconf 79' lang='grc' dir='ltr'>τοὺς</span> <span class='ocrx_word' id='word_1_384' title='bbox 2515 3035 2874 3105; x_wconf 80' lang='grc' dir='ltr'>στρατιώτας.</span> 
     </span>
    </p>
   </div>
   <div class='ocr_carea' id='block_1_56' title="bbox 1147 3172 3582 3245">
    <p class='ocr_par' dir='ltr' id='par_1_56' title="bbox 1147 3172 3582 3245">
     <span class='ocr_line' id='line_1_56' title="bbox 1147 3172 3582 3245; baseline -0 -17"><span class='ocrx_word' id='word_1_385' title='bbox 1147 3172 1271 3228; x_wconf 70' lang='lat' dir='ltr'><strong>CAP.</strong></span> <span class='ocrx_word' id='word_1_386' title='bbox 1313 3173 1469 3227; x_wconf 85' lang='lat' dir='ltr'><strong>XLII.</strong></span> <span class='ocrx_word' id='word_1_387' title='bbox 1518 3206 1587 3216; x_wconf 87' lang='lat'><strong>-—</strong></span> <span class='ocrx_word' id='word_1_388' title='bbox 1630 3173 1964 3228; x_wconf 75' lang='lat' dir='ltr'><strong>Mithridates</strong></span> <span class='ocrx_word' id='word_1_389' title='bbox 2010 3175 2079 3227; x_wconf 86' lang='lat' dir='ltr'><strong>ad</strong></span> <span class='ocrx_word' id='word_1_390' title='bbox 2128 3175 2376 3245; x_wconf 80' lang='lat' dir='ltr'><strong>Cyzicum</strong></span> <span class='ocrx_word' id='word_1_391' title='bbox 2430 3178 2601 3232; x_wconf 77' lang='lat' dir='ltr'><strong>Marte</strong></span> <span class='ocrx_word' id='word_1_392' title='bbox 2652 3179 2858 3232; x_wconf 80' lang='lat' dir='ltr'><strong>Luculli</strong></span> <span class='ocrx_word' id='word_1_393' title='bbox 2896 3188 2943 3231; x_wconf 81' lang='lat' dir='ltr'><strong>et</strong></span> <span class='ocrx_word' id='word_1_394' title='bbox 2984 3176 3277 3245; x_wconf 77' lang='lat' dir='ltr'><strong>naufragiis</strong></span> <span class='ocrx_word' id='word_1_395' title='bbox 3334 3176 3582 3227; x_wconf 77' lang='lat' dir='ltr'><strong>domitus.</strong></span> 
     </span>
    </p>
   </div>
   <div class='ocr_carea' id='block_1_57' title="bbox 819 3291 2387 3363">
    <p class='ocr_par' dir='ltr' id='par_1_57' title="bbox 819 3291 2387 3363">
     <span class='ocr_line' id='line_1_57' title="bbox 819 3291 2387 3363; baseline 0.002 -18"><span class='ocrx_word' id='word_1_396' title='bbox 819 3291 919 3346; x_wconf 88' lang='lat' dir='ltr'><strong>Ubi</strong></span> <span class='ocrx_word' id='word_1_397' title='bbox 959 3307 1086 3345; x_wconf 87' lang='lat' dir='ltr'><strong>vero</strong></span> <span class='ocrx_word' id='word_1_398' title='bbox 1137 3306 1329 3359; x_wconf 83' lang='lat' dir='ltr'><strong>magno</strong></span> <span class='ocrx_word' id='word_1_399' title='bbox 1364 3307 1420 3344; x_wconf 90' lang='lat' dir='ltr'><strong>se</strong></span> <span class='ocrx_word' id='word_1_400' title='bbox 1451 3292 1641 3361; x_wconf 84' lang='lat' dir='ltr'><strong>spiritu</strong></span> <span class='ocrx_word' id='word_1_401' title='bbox 1687 3293 1751 3344; x_wconf 92' lang='lat' dir='ltr'><strong>ad</strong></span> <span class='ocrx_word' id='word_1_402' title='bbox 1801 3292 2057 3363; x_wconf 78' lang='lat' dir='ltr'><strong>Cyzicum</strong></span> <span class='ocrx_word' id='word_1_403' title='bbox 2100 3293 2311 3349; x_wconf 79' lang='lat' dir='ltr'><strong>Mithri-</strong></span> <span class='ocrx_word' id='word_1_404' title='bbox 2342 3300 2387 3359; x_wconf 74' lang='grc' dir='ltr'>ο</span> 
     </span>
    </p>
   </div>
   <div class='ocr_carea' id='block_1_58' title="bbox 741 3384 2322 3453">
    <p class='ocr_par' dir='ltr' id='par_1_58' title="bbox 741 3384 2322 3453">
     <span class='ocr_line' id='line_1_58' title="bbox 741 3384 2322 3453; baseline 0 -14"><span class='ocrx_word' id='word_1_405' title='bbox 741 3386 897 3439; x_wconf 88' lang='lat' dir='ltr'><strong>dates</strong></span> <span class='ocrx_word' id='word_1_406' title='bbox 933 3386 1216 3445; x_wconf 79' lang='lat' dir='ltr'><strong>convertit,</strong></span> <span class='ocrx_word' id='word_1_407' title='bbox 1250 3385 1432 3453; x_wconf 77' lang='lat' dir='ltr'><strong>Copias</strong></span> <span class='ocrx_word' id='word_1_408' title='bbox 1473 3384 1589 3437; x_wconf 90' lang='lat' dir='ltr'><strong>urhi</strong></span> <span class='ocrx_word' id='word_1_409' title='bbox 1623 3385 1915 3437; x_wconf 87' lang='lat' dir='ltr'><strong>admovere</strong></span> <span class='ocrx_word' id='word_1_410' title='bbox 1961 3387 2202 3453; x_wconf 82' lang='lat' dir='ltr'><strong>cupiens,</strong></span> <span class='ocrx_word' id='word_1_411' title='bbox 2243 3390 2322 3440; x_wconf 85' lang='lat' dir='ltr'><strong>iu-</strong></span> 
     </span>
    </p>
   </div>
   <div class='ocr_carea' id='block_1_59' title="bbox 742 3474 2318 3545">
    <p class='ocr_par' dir='ltr' id='par_1_59' title="bbox 742 3474 2318 3545">
     <span class='ocr_line' id='line_1_59' title="bbox 742 3474 2318 3545; baseline 0.001 -15"><span class='ocrx_word' id='word_1_412' title='bbox 742 3476 954 3530; x_wconf 83' lang='lat' dir='ltr'><strong>cumbit</strong></span> <span class='ocrx_word' id='word_1_413' title='bbox 984 3492 1011 3527; x_wconf 88' lang='lat' dir='ltr'><strong>a</strong></span> <span class='ocrx_word' id='word_1_414' title='bbox 1043 3488 1189 3544; x_wconf 81' lang='lat' dir='ltr'><strong>tergo</strong></span> <span class='ocrx_word' id='word_1_415' title='bbox 1217 3474 1474 3528; x_wconf 83' lang='lat' dir='ltr'><strong>Lucullus</strong></span> <span class='ocrx_word' id='word_1_416' title='bbox 1505 3494 1519 3529; x_wconf 86' lang='lat'><strong>:</strong></span> <span class='ocrx_word' id='word_1_417' title='bbox 1556 3486 1611 3529; x_wconf 91' lang='lat' dir='ltr'><strong>et</strong></span> <span class='ocrx_word' id='word_1_418' title='bbox 1652 3474 1847 3527; x_wconf 87' lang='lat' dir='ltr'><strong>infesta</strong></span> <span class='ocrx_word' id='word_1_419' title='bbox 1873 3476 2023 3545; x_wconf 83' lang='lat' dir='ltr'><strong>signa</strong></span> <span class='ocrx_word' id='word_1_420' title='bbox 2063 3476 2318 3543; x_wconf 84' lang='lat' dir='ltr'><strong>inferens,</strong></span> 
     </span>
    </p>
   </div>
   <div class='ocr_carea' id='block_1_60' title="bbox 748 3570 2323 3641">
    <p class='ocr_par' dir='ltr' id='par_1_60' title="bbox 748 3570 2323 3641">
     <span class='ocr_line' id='line_1_60' title="bbox 748 3570 2323 3641; baseline 0.002 -16"><span class='ocrx_word' id='word_1_421' title='bbox 748 3572 1084 3626; x_wconf 89' lang='lat' dir='ltr'><strong>memorabili</strong></span> <span class='ocrx_word' id='word_1_422' title='bbox 1138 3572 1393 3625; x_wconf 82' lang='lat' dir='ltr'><strong>Ponticos</strong></span> <span class='ocrx_word' id='word_1_423' title='bbox 1443 3572 1667 3625; x_wconf 82' lang='lat' dir='ltr'><strong>victoria</strong></span> <span class='ocrx_word' id='word_1_424' title='bbox 1695 3570 1962 3641; x_wconf 77' lang='lat' dir='ltr'><strong>proﬂigat,</strong></span> <span class='ocrx_word' id='word_1_425' title='bbox 2015 3582 2070 3627; x_wconf 90' lang='lat' dir='ltr'><strong>et</strong></span> <span class='ocrx_word' id='word_1_426' title='bbox 2117 3574 2323 3628; x_wconf 82' lang='lat' dir='ltr'><strong>viribus</strong></span> 
     </span>
    </p>
   </div>
   <div class='ocr_carea' id='block_1_61' title="bbox 746 3662 2325 3731">
    <p class='ocr_par' dir='ltr' id='par_1_61' title="bbox 746 3662 2325 3731">
     <span class='ocr_line' id='line_1_61' title="bbox 746 3662 2325 3731; baseline 0.001 -16"><span class='ocrx_word' id='word_1_427' title='bbox 746 3665 917 3716; x_wconf 72' lang='lat' dir='ltr'><strong>exuit.</strong></span> <span class='ocrx_word' id='word_1_428' title='bbox 944 3664 1232 3731; x_wconf 86' lang='lat' dir='ltr'><strong>Aliquanto</strong></span> <span class='ocrx_word' id='word_1_429' title='bbox 1257 3662 1402 3715; x_wconf 91' lang='lat' dir='ltr'><strong>enim</strong></span> <span class='ocrx_word' id='word_1_430' title='bbox 1433 3663 1613 3731; x_wconf 83' lang='lat' dir='ltr'><strong>plures</strong></span> <span class='ocrx_word' id='word_1_431' title='bbox 1642 3662 1815 3716; x_wconf 77' lang='lat'><strong>10000</strong></span> <span class='ocrx_word' id='word_1_432' title='bbox 1844 3664 1895 3715; x_wconf 89' lang='lat' dir='ltr'><strong>in</strong></span> <span class='ocrx_word' id='word_1_433' title='bbox 1922 3663 2037 3718; x_wconf 89' lang='lat' dir='ltr'><strong>acie</strong></span> <span class='ocrx_word' id='word_1_434' title='bbox 2069 3666 2245 3729; x_wconf 64' lang='lat' dir='ltr'><strong>caedit,</strong></span> <span class='ocrx_word' id='word_1_435' title='bbox 2270 3676 2325 3717; x_wconf 93' lang='lat' dir='ltr'><strong>et</strong></span> 
     </span>
    </p>
   </div>
   <div class='ocr_carea' id='block_1_62' title="bbox 750 3752 2326 3823">
    <p class='ocr_par' dir='ltr' id='par_1_62' title="bbox 750 3752 2326 3823">
     <span class='ocr_line' id='line_1_62' title="bbox 750 3752 2326 3823; baseline 0 -15"><span class='ocrx_word' id='word_1_436' title='bbox 750 3754 926 3808; x_wconf 68' lang='lat'><strong>15000</strong></span> <span class='ocrx_word' id='word_1_437' title='bbox 945 3755 1109 3821; x_wconf 83' lang='lat' dir='ltr'><strong>capit.</strong></span> <span class='ocrx_word' id='word_1_438' title='bbox 1147 3752 1494 3807; x_wconf 83' lang='lat' dir='ltr'><strong>Fimbrianus</strong></span> <span class='ocrx_word' id='word_1_439' title='bbox 1523 3764 1700 3807; x_wconf 86' lang='lat' dir='ltr'><strong>autem</strong></span> <span class='ocrx_word' id='word_1_440' title='bbox 1738 3754 1894 3808; x_wconf 90' lang='lat' dir='ltr'><strong>miles</strong></span> <span class='ocrx_word' id='word_1_441' title='bbox 1920 3764 2204 3823; x_wconf 86' lang='lat' dir='ltr'><strong>suspectos</strong></span> <span class='ocrx_word' id='word_1_442' title='bbox 2240 3757 2326 3809; x_wconf 85' lang='lat' dir='ltr'><strong>Ita-</strong></span> 
     </span>
    </p>
   </div>
   <div class='ocr_carea' id='block_1_63' title="bbox 752 3844 2323 3911">
    <p class='ocr_par' dir='ltr' id='par_1_63' title="bbox 752 3844 2323 3911">
     <span class='ocr_line' id='line_1_63' title="bbox 752 3844 2323 3911; baseline 0.001 -14"><span class='ocrx_word' id='word_1_443' title='bbox 752 3844 885 3897; x_wconf 84' lang='lat' dir='ltr'><strong>bens</strong></span> <span class='ocrx_word' id='word_1_444' title='bbox 916 3845 1101 3906; x_wconf 87' lang='lat' dir='ltr'><strong>duces,</strong></span> <span class='ocrx_word' id='word_1_445' title='bbox 1126 3844 1278 3911; x_wconf 85' lang='lat' dir='ltr'><strong>quasi</strong></span> <span class='ocrx_word' id='word_1_446' title='bbox 1312 3853 1530 3910; x_wconf 84' lang='lat' dir='ltr'><strong>propter</strong></span> <span class='ocrx_word' id='word_1_447' title='bbox 1553 3844 1968 3896; x_wconf 86' lang='lat' dir='ltr'><strong>audacissimum</strong></span> <span class='ocrx_word' id='word_1_448' title='bbox 1993 3844 2047 3897; x_wconf 93' lang='lat' dir='ltr'><strong>in</strong></span> <span class='ocrx_word' id='word_1_449' title='bbox 2072 3845 2323 3898; x_wconf 87' lang='lat' dir='ltr'><strong>Flaccum</strong></span> 
     </span>
    </p>
   </div>
   <div class='ocr_carea' id='block_1_64' title="bbox 754 3938 2323 4007">
    <p class='ocr_par' dir='ltr' id='par_1_64' title="bbox 754 3938 2323 4007">
     <span class='ocr_line' id='line_1_64' title="bbox 754 3938 2323 4007; baseline 0.001 -15"><span class='ocrx_word' id='word_1_450' title='bbox 754 3940 967 3993; x_wconf 85' lang='lat' dir='ltr'><strong>facinus</strong></span> <span class='ocrx_word' id='word_1_451' title='bbox 1001 3954 1103 3991; x_wconf 88' lang='lat' dir='ltr'><strong>nou</strong></span> <span class='ocrx_word' id='word_1_452' title='bbox 1144 3938 1376 4007; x_wconf 87' lang='lat' dir='ltr'><strong>amplius</strong></span> <span class='ocrx_word' id='word_1_453' title='bbox 1397 3938 1565 3992; x_wconf 69' lang='lat' dir='ltr'><strong>fidem</strong></span> <span class='ocrx_word' id='word_1_454' title='bbox 1605 3939 1737 4007; x_wconf 84' lang='lat' dir='ltr'><strong>ipsis</strong></span> <span class='ocrx_word' id='word_1_455' title='bbox 1775 3939 2030 4002; x_wconf 87' lang='lat' dir='ltr'><strong>habeant,</strong></span> <span class='ocrx_word' id='word_1_456' title='bbox 2069 3941 2229 3994; x_wconf 85' lang='lat' dir='ltr'><strong>tacite</strong></span> <span class='ocrx_word' id='word_1_457' title='bbox 2257 3941 2323 3994; x_wconf 85' lang='lat' dir='ltr'><strong>ad</strong></span> 
     </span>
    </p>
   </div>
   <div class='ocr_carea' id='block_1_65' title="bbox 750 4013 2322 4101">
    <p class='ocr_par' dir='ltr' id='par_1_65' title="bbox 750 4013 2322 4101">
     <span class='ocr_line' id='line_1_65' title="bbox 750 4013 2322 4101; baseline 0.001 -18"><span class='ocrx_word' id='word_1_458' title='bbox 750 4029 1116 4083; x_wconf 80' lang='lat' dir='ltr'><strong>Mithridatem</strong></span> <span class='ocrx_word' id='word_1_459' title='bbox 1160 4030 1511 4094; x_wconf 86' lang='lat' dir='ltr'><strong>missitando,</strong></span> <span class='ocrx_word' id='word_1_460' title='bbox 1563 4030 1933 4085; x_wconf 88' lang='lat' dir='ltr'><strong>transitionem</strong></span> <span class='ocrx_word' id='word_1_461' title='bbox 1982 4013 2322 4101; x_wconf 85' lang='lat' dir='ltr'><strong>pollicentur.</strong></span> 
     </span>
    </p>
   </div>
   <div class='ocr_carea' id='block_1_66' title="bbox 748 4122 2327 4189">
    <p class='ocr_par' dir='ltr' id='par_1_66' title="bbox 748 4122 2327 4189">
     <span class='ocr_line' id='line_1_66' title="bbox 748 4122 2327 4189; baseline 0.001 -14"><span class='ocrx_word' id='word_1_462' title='bbox 748 4123 853 4188; x_wconf 87' lang='lat' dir='ltr'><strong>Qui</strong></span> <span class='ocrx_word' id='word_1_463' title='bbox 895 4124 945 4175; x_wconf 92' lang='lat' dir='ltr'><strong>in</strong></span> <span class='ocrx_word' id='word_1_464' title='bbox 976 4123 1127 4175; x_wconf 89' lang='lat' dir='ltr'><strong>lucro</strong></span> <span class='ocrx_word' id='word_1_465' title='bbox 1154 4136 1359 4189; x_wconf 82' lang='lat' dir='ltr'><strong>ponens</strong></span> <span class='ocrx_word' id='word_1_466' title='bbox 1380 4122 1520 4176; x_wconf 88' lang='lat' dir='ltr'><strong>hanc</strong></span> <span class='ocrx_word' id='word_1_467' title='bbox 1548 4123 1614 4176; x_wconf 94' lang='lat' dir='ltr'><strong>ad</strong></span> <span class='ocrx_word' id='word_1_468' title='bbox 1638 4138 1696 4177; x_wconf 89' lang='lat' dir='ltr'><strong>se</strong></span> <span class='ocrx_word' id='word_1_469' title='bbox 1723 4123 2144 4187; x_wconf 86' lang='lat' dir='ltr'><strong>inclinationem,</strong></span> <span class='ocrx_word' id='word_1_470' title='bbox 2171 4136 2327 4178; x_wconf 88' lang='lat' dir='ltr'><strong>nocte</strong></span> 
     </span>
    </p>
   </div>
   <div class='ocr_carea' id='block_1_67' title="bbox 748 4213 2328 4284">
    <p class='ocr_par' dir='ltr' id='par_1_67' title="bbox 748 4213 2328 4284">
     <span class='ocr_line' id='line_1_67' title="bbox 748 4213 2328 4284; baseline 0.002 -18"><span class='ocrx_word' id='word_1_471' title='bbox 748 4214 964 4275; x_wconf 88' lang='lat' dir='ltr'><strong>oborta,</strong></span> <span class='ocrx_word' id='word_1_472' title='bbox 993 4213 1315 4266; x_wconf 83' lang='lat' dir='ltr'><strong>Archelaum</strong></span> <span class='ocrx_word' id='word_1_473' title='bbox 1346 4215 1619 4279; x_wconf 84' lang='lat' dir='ltr'><strong>amandat,</strong></span> <span class='ocrx_word' id='word_1_474' title='bbox 1643 4214 1732 4284; x_wconf 90' lang='lat' dir='ltr'><strong>qui</strong></span> <span class='ocrx_word' id='word_1_475' title='bbox 1758 4228 1910 4282; x_wconf 87' lang='lat' dir='ltr'><strong>paeta</strong></span> <span class='ocrx_word' id='word_1_476' title='bbox 1943 4219 2249 4279; x_wconf 82' lang='lat' dir='ltr'><strong>confirmet,</strong></span> <span class='ocrx_word' id='word_1_477' title='bbox 2274 4229 2328 4271; x_wconf 90' lang='lat' dir='ltr'><strong>et</strong></span> 
     </span>
    </p>
   </div>
   <div class='ocr_carea' id='block_1_68' title="bbox 752 4308 2322 4378">
    <p class='ocr_par' dir='ltr' id='par_1_68' title="bbox 752 4308 2322 4378">
     <span class='ocr_line' id='line_1_68' title="bbox 752 4308 2322 4378; baseline 0.003 -18"><span class='ocrx_word' id='word_1_478' title='bbox 752 4310 819 4361; x_wconf 90' lang='lat' dir='ltr'><strong>ad</strong></span> <span class='ocrx_word' id='word_1_479' title='bbox 862 4319 1045 4376; x_wconf 78' lang='lat' dir='ltr'><strong>partes</strong></span> <span class='ocrx_word' id='word_1_480' title='bbox 1083 4308 1222 4377; x_wconf 89' lang='lat' dir='ltr'><strong>regis</strong></span> <span class='ocrx_word' id='word_1_481' title='bbox 1272 4323 1330 4361; x_wconf 88' lang='lat' dir='ltr'><strong>se</strong></span> <span class='ocrx_word' id='word_1_482' title='bbox 1376 4309 1731 4378; x_wconf 86' lang='lat' dir='ltr'><strong>adjuugeutcs</strong></span> <span class='ocrx_word' id='word_1_483' title='bbox 1774 4310 2027 4365; x_wconf 88' lang='lat' dir='ltr'><strong>adducat.</strong></span> <span class='ocrx_word' id='word_1_484' title='bbox 2074 4314 2145 4364; x_wconf 78' lang='lat' dir='ltr'><strong>At</strong></span> <span class='ocrx_word' id='word_1_485' title='bbox 2180 4310 2322 4365; x_wconf 87' lang='lat' dir='ltr'><strong>Fim-</strong></span> 
     </span>
    </p>
   </div>
   <div class='ocr_carea' id='block_1_69' title="bbox 752 4398 2324 4467">
    <p class='ocr_par' dir='ltr' id='par_1_69' title="bbox 752 4398 2324 4467">
     <span class='ocr_line' id='line_1_69' title="bbox 752 4398 2324 4467; baseline 0.004 -16"><span class='ocrx_word' id='word_1_486' title='bbox 752 4398 925 4451; x_wconf 89' lang='lat' dir='ltr'><strong>briani</strong></span> <span class='ocrx_word' id='word_1_487' title='bbox 972 4399 1292 4451; x_wconf 82' lang='lat' dir='ltr'><strong>Archelaum</strong></span> <span class='ocrx_word' id='word_1_488' title='bbox 1339 4403 1404 4450; x_wconf 89' lang='lat' dir='ltr'><strong>ad</strong></span> <span class='ocrx_word' id='word_1_489' title='bbox 1442 4400 1585 4465; x_wconf 85' lang='lat' dir='ltr'><strong>ipsos</strong></span> <span class='ocrx_word' id='word_1_490' title='bbox 1633 4401 1931 4467; x_wconf 79' lang='lat' dir='ltr'><strong>profectum</strong></span> <span class='ocrx_word' id='word_1_491' title='bbox 2006 4402 2057 4454; x_wconf 92' lang='lat' dir='ltr'><strong>in</strong></span> <span class='ocrx_word' id='word_1_492' title='bbox 2110 4403 2324 4457; x_wconf 87' lang='lat' dir='ltr'><strong>vincula</strong></span> 
     </span>
    </p>
   </div>
   <div class='ocr_carea' id='block_1_70' title="bbox 751 4491 2328 4558">
    <p class='ocr_par' dir='ltr' id='par_1_70' title="bbox 751 4491 2328 4558">
     <span class='ocr_line' id='line_1_70' title="bbox 751 4491 2328 4558; baseline 0.001 -14"><span class='ocrx_word' id='word_1_493' title='bbox 751 4491 1126 4558; x_wconf 78' lang='lat' dir='ltr'><strong>compingunt,</strong></span> <span class='ocrx_word' id='word_1_494' title='bbox 1154 4499 1210 4542; x_wconf 88' lang='lat' dir='ltr'><strong>et</strong></span> <span class='ocrx_word' id='word_1_495' title='bbox 1234 4505 1353 4557; x_wconf 72' lang='lat' dir='ltr'><strong>qua:</strong></span> <span class='ocrx_word' id='word_1_496' title='bbox 1388 4506 1507 4543; x_wconf 90' lang='lat' dir='ltr'><strong>eum</strong></span> <span class='ocrx_word' id='word_1_497' title='bbox 1531 4507 1596 4543; x_wconf 85' lang='lat' dir='ltr'><strong>co</strong></span> <span class='ocrx_word' id='word_1_498' title='bbox 1627 4502 1847 4545; x_wconf 88' lang='lat' dir='ltr'><strong>venerat</strong></span> <span class='ocrx_word' id='word_1_499' title='bbox 1878 4509 2092 4546; x_wconf 87' lang='lat' dir='ltr'><strong>manum</strong></span> <span class='ocrx_word' id='word_1_500' title='bbox 2122 4494 2328 4547; x_wconf 87' lang='lat' dir='ltr'><strong>interli-</strong></span> 
     </span>
    </p>
   </div>
   <div class='ocr_carea' id='block_1_71' title="bbox 754 4580 2326 4654">
    <p class='ocr_par' dir='ltr' id='par_1_71' title="bbox 754 4580 2326 4654">
     <span class='ocr_line' id='line_1_71' title="bbox 754 4580 2326 4654; baseline 0.001 -19"><span class='ocrx_word' id='word_1_501' title='bbox 754 4586 919 4635; x_wconf 89' lang='lat' dir='ltr'><strong>ciunt.</strong></span> <span class='ocrx_word' id='word_1_502' title='bbox 958 4583 1086 4635; x_wconf 83' lang='lat' dir='ltr'><strong>Post</strong></span> <span class='ocrx_word' id='word_1_503' title='bbox 1119 4587 1220 4635; x_wconf 92' lang='lat' dir='ltr'><strong>hoe</strong></span> <span class='ocrx_word' id='word_1_504' title='bbox 1260 4580 1636 4645; x_wconf 76' lang='lat' dir='ltr'><strong>infortunium,</strong></span> <span class='ocrx_word' id='word_1_505' title='bbox 1663 4585 1826 4635; x_wconf 90' lang='lat' dir='ltr'><strong>etiam</strong></span> <span class='ocrx_word' id='word_1_506' title='bbox 1864 4583 2034 4637; x_wconf 85' lang='lat' dir='ltr'><strong>fames</strong></span> <span class='ocrx_word' id='word_1_507' title='bbox 2066 4585 2326 4654; x_wconf 84' lang='lat' dir='ltr'><strong>opprimit</strong></span> 
     </span>
    </p>
   </div>
   <div class='ocr_carea' id='block_1_72' title="bbox 750 4674 2327 4738">
    <p class='ocr_par' dir='ltr' id='par_1_72' title="bbox 750 4674 2327 4738">
     <span class='ocr_line' id='line_1_72' title="bbox 750 4674 2327 4738; baseline 0.001 -11"><span class='ocrx_word' id='word_1_508' title='bbox 750 4674 1050 4727; x_wconf 77' lang='lat' dir='ltr'><strong>exercitum</strong></span> <span class='ocrx_word' id='word_1_509' title='bbox 1097 4676 1299 4738; x_wconf 69' lang='lat' dir='ltr'><strong>regium</strong></span> <span class='ocrx_word' id='word_1_510' title='bbox 1324 4716 1339 4735; x_wconf 87' lang='lat'><strong>,</strong></span> <span class='ocrx_word' id='word_1_511' title='bbox 1392 4684 1445 4726; x_wconf 90' lang='lat' dir='ltr'><strong>et</strong></span> <span class='ocrx_word' id='word_1_512' title='bbox 1482 4674 1661 4726; x_wconf 76' lang='lat' dir='ltr'><strong>multis</strong></span> <span class='ocrx_word' id='word_1_513' title='bbox 1700 4675 1974 4727; x_wconf 87' lang='lat' dir='ltr'><strong>interitum</strong></span> <span class='ocrx_word' id='word_1_514' title='bbox 2008 4675 2181 4731; x_wconf 75' lang='lat' dir='ltr'><strong>affert.</strong></span> <span class='ocrx_word' id='word_1_515' title='bbox 2224 4676 2327 4729; x_wconf 84' lang='lat' dir='ltr'><strong>Tut</strong></span> 
     </span>
    </p>
   </div>
   <div class='ocr_carea' id='block_1_73' title="bbox 756 4765 2325 4836">
    <p class='ocr_par' dir='ltr' id='par_1_73' title="bbox 756 4765 2325 4836">
     <span class='ocr_line' id='line_1_73' title="bbox 756 4765 2325 4836; baseline 0.003 -20"><span class='ocrx_word' id='word_1_516' title='bbox 756 4775 934 4818; x_wconf 84' lang='lat' dir='ltr'><strong>tamen</strong></span> <span class='ocrx_word' id='word_1_517' title='bbox 985 4765 1225 4818; x_wconf 83' lang='lat' dir='ltr'><strong>adversis</strong></span> <span class='ocrx_word' id='word_1_518' title='bbox 1269 4766 1405 4817; x_wconf 88' lang='lat' dir='ltr'><strong>ictus</strong></span> <span class='ocrx_word' id='word_1_519' title='bbox 1449 4767 1686 4825; x_wconf 84' lang='lat' dir='ltr'><strong>casibus,</strong></span> <span class='ocrx_word' id='word_1_520' title='bbox 1734 4782 1761 4818; x_wconf 91' lang='lat' dir='ltr'><strong>a</strong></span> <span class='ocrx_word' id='word_1_521' title='bbox 1810 4767 1991 4836; x_wconf 67' lang='lat' dir='ltr'><strong>Cynici</strong></span> <span class='ocrx_word' id='word_1_522' title='bbox 2044 4768 2325 4820; x_wconf 82' lang='lat' dir='ltr'><strong>obsidione</strong></span> 
     </span>
    </p>
   </div>
   <div class='ocr_carea' id='block_1_74' title="bbox 756 4857 2326 4925">
    <p class='ocr_par' dir='ltr' id='par_1_74' title="bbox 756 4857 2326 4925">
     <span class='ocr_line' id='line_1_74' title="bbox 756 4857 2326 4925; baseline 0.001 -16"><span class='ocrx_word' id='word_1_523' title='bbox 756 4874 863 4911; x_wconf 90' lang='lat' dir='ltr'><strong>non</strong></span> <span class='ocrx_word' id='word_1_524' title='bbox 891 4858 1126 4921; x_wconf 83' lang='lat' dir='ltr'><strong>absistit,</strong></span> <span class='ocrx_word' id='word_1_525' title='bbox 1174 4858 1265 4909; x_wconf 88' lang='lat' dir='ltr'><strong>sed</strong></span> <span class='ocrx_word' id='word_1_526' title='bbox 1303 4858 1473 4919; x_wconf 83' lang='lat' dir='ltr'><strong>brevi,</strong></span> <span class='ocrx_word' id='word_1_527' title='bbox 1507 4857 1628 4910; x_wconf 83' lang='lat' dir='ltr'><strong>licet</strong></span> <span class='ocrx_word' id='word_1_528' title='bbox 1668 4859 1831 4909; x_wconf 76' lang='lat' dir='ltr'><strong>inulta</strong></span> <span class='ocrx_word' id='word_1_529' title='bbox 1871 4873 2153 4925; x_wconf 85' lang='lat' dir='ltr'><strong>perpessus</strong></span> <span class='ocrx_word' id='word_1_530' title='bbox 2180 4871 2326 4912; x_wconf 85' lang='lat' dir='ltr'><strong>esset</strong></span> 
     </span>
    </p>
   </div>
   <div class='ocr_carea' id='block_1_75' title="bbox 751 4948 2324 5017">
    <p class='ocr_par' dir='ltr' id='par_1_75' title="bbox 751 4948 2324 5017">
     <span class='ocr_line' id='line_1_75' title="bbox 751 4948 2324 5017; baseline 0.003 -19"><span class='ocrx_word' id='word_1_531' title='bbox 751 4958 807 4998; x_wconf 86' lang='lat' dir='ltr'><strong>et</strong></span> <span class='ocrx_word' id='word_1_532' title='bbox 832 4949 1056 5016; x_wconf 78' lang='lat' dir='ltr'><strong>egisset,</strong></span> <span class='ocrx_word' id='word_1_533' title='bbox 1088 4948 1221 5000; x_wconf 86' lang='lat' dir='ltr'><strong>urbe</strong></span> <span class='ocrx_word' id='word_1_534' title='bbox 1270 4962 1375 4998; x_wconf 86' lang='lat' dir='ltr'><strong>non</strong></span> <span class='ocrx_word' id='word_1_535' title='bbox 1430 4959 1735 5016; x_wconf 77' lang='lat' dir='ltr'><strong>expugnata</strong></span> <span class='ocrx_word' id='word_1_536' title='bbox 1776 4950 1999 5001; x_wconf 86' lang='lat' dir='ltr'><strong>recessit</strong></span> <span class='ocrx_word' id='word_1_537' title='bbox 2029 4968 2041 5000; x_wconf 94' lang='lat'>:</span> <span class='ocrx_word' id='word_1_538' title='bbox 2075 4959 2130 5001; x_wconf 91' lang='lat' dir='ltr'><strong>et</strong></span> <span class='ocrx_word' id='word_1_539' title='bbox 2164 4952 2324 5017; x_wconf 91' lang='lat' dir='ltr'><strong>pede-</strong></span> 
     </span>
    </p>
   </div>
   <div class='ocr_carea' id='block_1_76' title="bbox 754 5039 2321 5109">
    <p class='ocr_par' dir='ltr' id='par_1_76' title="bbox 754 5039 2321 5109">
     <span class='ocr_line' id='line_1_76' title="bbox 754 5039 2321 5109; baseline 0.001 -18"><span class='ocrx_word' id='word_1_540' title='bbox 754 5042 849 5091; x_wconf 68' lang='lat' dir='ltr'><strong>stn’</strong></span> <span class='ocrx_word' id='word_1_541' title='bbox 900 5040 1112 5108; x_wconf 79' lang='lat' dir='ltr'><strong>quidem</strong></span> <span class='ocrx_word' id='word_1_542' title='bbox 1174 5040 1371 5107; x_wconf 86' lang='lat' dir='ltr'><strong>agmini</strong></span> <span class='ocrx_word' id='word_1_543' title='bbox 1430 5039 1622 5109; x_wconf 72' lang='lat'><strong>2330</strong></span> <span class='ocrx_word' id='word_1_544' title='bbox 1670 5040 1971 5093; x_wconf 62' lang='lat' dir='ltr'><strong>Hermaeum</strong></span> <span class='ocrx_word' id='word_1_545' title='bbox 2005 5050 2059 5092; x_wconf 88' lang='lat' dir='ltr'><strong>et</strong></span> <span class='ocrx_word' id='word_1_546' title='bbox 2096 5040 2321 5093; x_wconf 81' lang='lat' dir='ltr'><strong>Marium</strong></span> 
     </span>
    </p>
   </div>
   <div class='ocr_carea' id='block_1_77' title="bbox 755 5131 2326 5199">
    <p class='ocr_par' dir='ltr' id='par_1_77' title="bbox 755 5131 2326 5199">
     <span class='ocr_line' id='line_1_77' title="bbox 755 5131 2326 5199; baseline 0.004 -19"><span class='ocrx_word' id='word_1_547' title='bbox 755 5133 999 5198; x_wconf 68' lang='lat' dir='ltr'><strong>pratlicit,</strong></span> <span class='ocrx_word' id='word_1_548' title='bbox 1040 5133 1127 5199; x_wconf 90' lang='lat' dir='ltr'><strong>qui</strong></span> <span class='ocrx_word' id='word_1_549' title='bbox 1159 5131 1335 5186; x_wconf 72' lang='lat'><strong>30000</strong></span> <span class='ocrx_word' id='word_1_550' title='bbox 1377 5132 1653 5185; x_wconf 87' lang='lat' dir='ltr'><strong>hominum</strong></span> <span class='ocrx_word' id='word_1_551' title='bbox 1700 5131 1826 5185; x_wconf 78' lang='lat' dir='ltr'><strong>illuc</strong></span> <span class='ocrx_word' id='word_1_552' title='bbox 1864 5134 2169 5186; x_wconf 87' lang='lat' dir='ltr'><strong>ducebant:</strong></span> <span class='ocrx_word' id='word_1_553' title='bbox 2212 5135 2326 5199; x_wconf 86' lang='lat' dir='ltr'><strong>ipse</strong></span> 
     </span>
    </p>
   </div>
   <div class='ocr_carea' id='block_1_78' title="bbox 755 5225 2326 5296">
    <p class='ocr_par' dir='ltr' id='par_1_78' title="bbox 755 5225 2326 5296">
     <span class='ocr_line' id='line_1_78' title="bbox 755 5225 2326 5296; baseline 0.004 -21"><span class='ocrx_word' id='word_1_554' title='bbox 755 5233 933 5275; x_wconf 87' lang='lat' dir='ltr'><strong>autem</strong></span> <span class='ocrx_word' id='word_1_555' title='bbox 971 5240 1067 5293; x_wconf 89' lang='lat' dir='ltr'><strong>per</strong></span> <span class='ocrx_word' id='word_1_556' title='bbox 1104 5240 1253 5277; x_wconf 85' lang='lat' dir='ltr'><strong>mare</strong></span> <span class='ocrx_word' id='word_1_557' title='bbox 1298 5225 1529 5277; x_wconf 91' lang='lat' dir='ltr'><strong>reditum</strong></span> <span class='ocrx_word' id='word_1_558' title='bbox 1591 5225 1919 5278; x_wconf 88' lang='lat' dir='ltr'><strong>instituerat.</strong></span> <span class='ocrx_word' id='word_1_559' title='bbox 1969 5225 2326 5296; x_wconf 70' lang='lat' dir='ltr'><strong>{ingressoque</strong></span> 
     </span>
    </p>
   </div>
   <div class='ocr_carea' id='block_1_79' title="bbox 758 5315 2325 5383">
    <p class='ocr_par' dir='ltr' id='par_1_79' title="bbox 758 5315 2325 5383">
     <span class='ocr_line' id='line_1_79' title="bbox 758 5315 2325 5383; baseline 0.003 -18"><span class='ocrx_word' id='word_1_560' title='bbox 758 5316 1026 5376; x_wconf 67' lang='lat' dir='ltr'><strong>wiremes,</strong></span> <span class='ocrx_word' id='word_1_561' title='bbox 1058 5315 1236 5368; x_wconf 73' lang='lat' dir='ltr'><strong>multa:</strong></span> <span class='ocrx_word' id='word_1_562' title='bbox 1268 5317 1535 5383; x_wconf 58' lang='lat' dir='ltr'><strong>variaque</strong></span> <span class='ocrx_word' id='word_1_563' title='bbox 1579 5318 1841 5369; x_wconf 86' lang='lat' dir='ltr'><strong>malorum</strong></span> <span class='ocrx_word' id='word_1_564' title='bbox 1880 5316 2065 5370; x_wconf 68' lang='lat' dir='ltr'><strong>fortuna:</strong></span> <span class='ocrx_word' id='word_1_565' title='bbox 2092 5319 2138 5370; x_wconf 77' lang='lat' dir='ltr'><strong>ei</strong></span> <span class='ocrx_word' id='word_1_566' title='bbox 2166 5319 2325 5372; x_wconf 88' lang='lat' dir='ltr'><strong>simul</strong></span> 
     </span>
    </p>
   </div>
   <div class='ocr_carea' id='block_1_80' title="bbox 765 5405 2328 5478">
    <p class='ocr_par' dir='ltr' id='par_1_80' title="bbox 765 5405 2328 5478">
     <span class='ocr_line' id='line_1_80' title="bbox 765 5405 2328 5478; baseline 0.002 -21"><span class='ocrx_word' id='word_1_567' title='bbox 765 5408 1105 5476; x_wconf 78' lang='lat' dir='ltr'><strong>ingruerunt.</strong></span> <span class='ocrx_word' id='word_1_568' title='bbox 1146 5405 1283 5460; x_wconf 76' lang='lat' dir='ltr'><strong>Nam</strong></span> <span class='ocrx_word' id='word_1_569' title='bbox 1316 5408 1443 5462; x_wconf 90' lang='lat' dir='ltr'><strong>dum</strong></span> <span class='ocrx_word' id='word_1_570' title='bbox 1468 5410 1669 5463; x_wconf 88' lang='lat' dir='ltr'><strong>milites</strong></span> <span class='ocrx_word' id='word_1_571' title='bbox 1698 5410 1949 5471; x_wconf 83' lang='lat' dir='ltr'><strong>soluturi,</strong></span> <span class='ocrx_word' id='word_1_572' title='bbox 1975 5425 2160 5475; x_wconf 82' lang='lat' dir='ltr'><strong>naves,</strong></span> <span class='ocrx_word' id='word_1_573' title='bbox 2201 5426 2328 5478; x_wconf 85' lang='lat' dir='ltr'><strong>qua-</strong></span> 
     </span>
    </p>
   </div>
   <div class='ocr_carea' id='block_1_81' title="bbox 2357 4638 2400 4690">
    <p class='ocr_par' dir='ltr' id='par_1_81' title="bbox 2357 4638 2400 4690">
     <span class='ocr_line' id='line_1_81' title="bbox 2357 4638 2400 4690; baseline 0 0"><span class='ocrx_word' id='word_1_574' title='bbox 2357 4638 2400 4690; x_wconf 82' lang='grc' dir='ltr'><strong>ἰ)</strong></span> 
     </span>
    </p>
   </div>
   <div class='ocr_carea' id='block_1_82' title="bbox 2492 3291 4001 3369">
    <p class='ocr_par' dir='ltr' id='par_1_82' title="bbox 2492 3291 4001 3369">
     <span class='ocr_line' id='line_1_82' title="bbox 2492 3291 4001 3369; baseline -0.009 -16"><span class='ocrx_word' id='word_1_575' title='bbox 2492 3298 2620 3369; x_wconf 80' lang='grc'><strong>[757</strong></span> <span class='ocrx_word' id='word_1_576' title='bbox 2650 3297 2741 3368; x_wconf 64' lang='lat' dir='ltr'><strong>IL]</strong></span> <span class='ocrx_word' id='word_1_577' title='bbox 2772 3297 3113 3367; x_wconf 85' lang='grc' dir='ltr'>Τρεπομένου</span> <span class='ocrx_word' id='word_1_578' title='bbox 3142 3295 3198 3347; x_wconf 80' lang='grc' dir='ltr'>δὲ</span> <span class='ocrx_word' id='word_1_579' title='bbox 3253 3294 3346 3346; x_wconf 76' lang='grc' dir='ltr'><strong>ἐπὶ</strong></span> <span class='ocrx_word' id='word_1_580' title='bbox 3393 3293 3629 3355; x_wconf 74' lang='grc' dir='ltr'>Κύζικον</span> <span class='ocrx_word' id='word_1_581' title='bbox 3655 3291 3747 3343; x_wconf 70' lang='grc' dir='ltr'>σὺν</span> <span class='ocrx_word' id='word_1_582' title='bbox 3780 3291 4001 3359; x_wconf 77' lang='grc' dir='ltr'>μεγάλῳ</span> 
     </span>
    </p>
   </div>
   <div class='ocr_carea' id='block_1_83' title="bbox 2424 3384 4002 3463">
    <p class='ocr_par' dir='ltr' id='par_1_83' title="bbox 2424 3384 4002 3463">
     <span class='ocr_line' id='line_1_83' title="bbox 2424 3384 4002 3463; baseline -0.008 -19"><span class='ocrx_word' id='word_1_583' title='bbox 2424 3393 2734 3463; x_wconf 81' lang='grc' dir='ltr'>φρονήματι</span> <span class='ocrx_word' id='word_1_584' title='bbox 2782 3391 3137 3460; x_wconf 81' lang='grc' dir='ltr'>Μιθριδάτου,</span> <span class='ocrx_word' id='word_1_585' title='bbox 3188 3387 3284 3438; x_wconf 70' lang='grc' dir='ltr'>καὶ</span> <span class='ocrx_word' id='word_1_586' title='bbox 3337 3386 3643 3453; x_wconf 78' lang='grc' dir='ltr'>πολιορκεῖν</span> <span class='ocrx_word' id='word_1_587' title='bbox 3690 3384 3789 3450; x_wconf 78' lang='grc' dir='ltr'>τὴν</span> <span class='ocrx_word' id='word_1_588' title='bbox 3848 3384 4002 3433; x_wconf 70' lang='grc' dir='ltr'>πόλιν</span> 
     </span>
    </p>
   </div>
   <div class='ocr_carea' id='block_1_84' title="bbox 2426 3474 4004 3552">
    <p class='ocr_par' dir='ltr' id='par_1_84' title="bbox 2426 3474 4004 3552">
     <span class='ocr_line' id='line_1_84' title="bbox 2426 3474 4004 3552; baseline -0.008 -16"><span class='ocrx_word' id='word_1_589' title='bbox 2426 3483 2776 3552; x_wconf 83' lang='grc' dir='ltr'>βουλομένου,</span> <span class='ocrx_word' id='word_1_590' title='bbox 2824 3479 3123 3540; x_wconf 85' lang='grc' dir='ltr'>Λεύκολλος</span> <span class='ocrx_word' id='word_1_591' title='bbox 3180 3475 3624 3543; x_wconf 79' lang='grc' dir='ltr'>ἐπακολουθήσας</span> <span class='ocrx_word' id='word_1_592' title='bbox 3662 3474 3753 3524; x_wconf 74' lang='grc' dir='ltr'>καὶ</span> <span class='ocrx_word' id='word_1_593' title='bbox 3790 3474 4004 3540; x_wconf 79' lang='grc' dir='ltr'>συμϐα-</span> 
     </span>
    </p>
   </div>
   <div class='ocr_carea' id='block_1_85' title="bbox 2424 3565 4005 3641">
    <p class='ocr_par' dir='ltr' id='par_1_85' title="bbox 2424 3565 4005 3641">
     <span class='ocr_line' id='line_1_85' title="bbox 2424 3565 4005 3641; baseline -0.008 -16"><span class='ocrx_word' id='word_1_594' title='bbox 2424 3574 2530 3626; x_wconf 86' lang='grc' dir='ltr'>λὼν</span> <span class='ocrx_word' id='word_1_595' title='bbox 2560 3573 2783 3641; x_wconf 79' lang='grc' dir='ltr'>πολέμῳ</span> <span class='ocrx_word' id='word_1_596' title='bbox 2810 3572 2936 3641; x_wconf 80' lang='grc' dir='ltr'>νικᾷ</span> <span class='ocrx_word' id='word_1_597' title='bbox 2960 3570 3085 3632; x_wconf 79' lang='grc' dir='ltr'>τοὺς</span> <span class='ocrx_word' id='word_1_598' title='bbox 3118 3569 3415 3628; x_wconf 72' lang='grc' dir='ltr'>Ποντικοὺς</span> <span class='ocrx_word' id='word_1_599' title='bbox 3454 3568 3557 3619; x_wconf 76' lang='grc' dir='ltr'>άνὲι</span> <span class='ocrx_word' id='word_1_600' title='bbox 3604 3565 3825 3632; x_wconf 77' lang='grc' dir='ltr'>κράτος,</span> <span class='ocrx_word' id='word_1_601' title='bbox 3873 3565 4005 3633; x_wconf 81' lang='grc' dir='ltr'>βρα-</span> 
     </span>
    </p>
   </div>
   <div class='ocr_carea' id='block_1_86' title="bbox 2425 3654 4005 3733">
    <p class='ocr_par' dir='ltr' id='par_1_86' title="bbox 2425 3654 4005 3733">
     <span class='ocr_line' id='line_1_86' title="bbox 2425 3654 4005 3733; baseline -0.008 -18"><span class='ocrx_word' id='word_1_602' title='bbox 2425 3666 2511 3733; x_wconf 84' lang='grc' dir='ltr'>χεῖ</span> <span class='ocrx_word' id='word_1_603' title='bbox 2556 3664 2602 3694; x_wconf 70' lang='grc'><strong>²⁵</strong></span> <span class='ocrx_word' id='word_1_604' title='bbox 2670 3663 2770 3731; x_wconf 88' lang='grc' dir='ltr'>μὲν</span> <span class='ocrx_word' id='word_1_605' title='bbox 2816 3661 3032 3721; x_wconf 86' lang='grc' dir='ltr'>πλείους</span> <span class='ocrx_word' id='word_1_606' title='bbox 3090 3658 3346 3727; x_wconf 85' lang='grc' dir='ltr'>μυριάδος</span> <span class='ocrx_word' id='word_1_607' title='bbox 3393 3654 3620 3713; x_wconf 85' lang='grc' dir='ltr'>ἀνελὼν,</span> <span class='ocrx_word' id='word_1_608' title='bbox 3669 3654 4005 3721; x_wconf 71' lang='grc' dir='ltr'>τρισχιλίους</span> 
     </span>
    </p>
   </div>
   <div class='ocr_carea' id='block_1_87' title="bbox 2424 3741 4008 3821">
    <p class='ocr_par' dir='ltr' id='par_1_87' title="bbox 2424 3741 4008 3821">
     <span class='ocr_line' id='line_1_87' title="bbox 2424 3741 4008 3821; baseline -0.008 -15"><span class='ocrx_word' id='word_1_609' title='bbox 2424 3754 2484 3806; x_wconf 88' lang='grc' dir='ltr'>δὲ</span> <span class='ocrx_word' id='word_1_610' title='bbox 2525 3753 2620 3805; x_wconf 75' lang='grc' dir='ltr'>καὶ</span> <span class='ocrx_word' id='word_1_611' title='bbox 2664 3750 2889 3821; x_wconf 80' lang='grc' dir='ltr'>μυρίους</span> <span class='ocrx_word' id='word_1_612' title='bbox 2920 3747 3099 3800; x_wconf 81' lang='grc' dir='ltr'>λαϐὼν</span> <span class='ocrx_word' id='word_1_613' title='bbox 3129 3744 3527 3814; x_wconf 76' lang='grc' dir='ltr'>αἰχμαλώτους.</span> <span class='ocrx_word' id='word_1_614' title='bbox 3557 3741 3629 3793; x_wconf 83' lang='grc' dir='ltr'><strong>Τὸ</strong></span> <span class='ocrx_word' id='word_1_615' title='bbox 3656 3742 3713 3794; x_wconf 80' lang='grc' dir='ltr'>δὲ</span> <span class='ocrx_word' id='word_1_616' title='bbox 3738 3741 4008 3811; x_wconf 76' lang='grc' dir='ltr'>Φιμϐρια-</span> 
     </span>
    </p>
   </div>
   <div class='ocr_carea' id='block_1_88' title="bbox 2426 3834 4007 3909">
    <p class='ocr_par' dir='ltr' id='par_1_88' title="bbox 2426 3834 4007 3909">
     <span class='ocr_line' id='line_1_88' title="bbox 2426 3834 4007 3909; baseline -0.007 -14"><span class='ocrx_word' id='word_1_617' title='bbox 2426 3844 2533 3896; x_wconf 81' lang='grc' dir='ltr'>νῶν</span> <span class='ocrx_word' id='word_1_618' title='bbox 2577 3844 2623 3874; x_wconf 78' lang='grc'><strong>’⁸</strong></span> <span class='ocrx_word' id='word_1_619' title='bbox 2659 3843 2976 3909; x_wconf 81' lang='grc' dir='ltr'>στράτευμα</span> <span class='ocrx_word' id='word_1_620' title='bbox 3011 3838 3267 3898; x_wconf 82' lang='grc' dir='ltr'>ὑπόπτως</span> <span class='ocrx_word' id='word_1_621' title='bbox 3315 3836 3435 3905; x_wconf 84' lang='grc' dir='ltr'>ἕχον</span> <span class='ocrx_word' id='word_1_622' title='bbox 3488 3835 3562 3897; x_wconf 84' lang='grc' dir='ltr'>ὡς</span> <span class='ocrx_word' id='word_1_623' title='bbox 3618 3834 3706 3886; x_wconf 71' lang='grc' dir='ltr'>διὰ</span> <span class='ocrx_word' id='word_1_624' title='bbox 3764 3834 3824 3885; x_wconf 82' lang='grc' dir='ltr'>τὸ</span> <span class='ocrx_word' id='word_1_625' title='bbox 3877 3834 4007 3902; x_wconf 74' lang='grc' dir='ltr'>περὶ</span> 
     </span>
    </p>
   </div>
   <div class='ocr_carea' id='block_1_89' title="bbox 2425 3926 4005 4002">
    <p class='ocr_par' dir='ltr' id='par_1_89' title="bbox 2425 3926 4005 4002">
     <span class='ocr_line' id='line_1_89' title="bbox 2425 3926 4005 4002; baseline -0.007 -15"><span class='ocrx_word' id='word_1_626' title='bbox 2425 3936 2671 3989; x_wconf 83' lang='grc' dir='ltr'>Φλάκκον</span> <span class='ocrx_word' id='word_1_627' title='bbox 2704 3935 2961 4002; x_wconf 76' lang='grc' dir='ltr'>τόλμημα</span> <span class='ocrx_word' id='word_1_628' title='bbox 3001 3930 3101 3982; x_wconf 85' lang='grc' dir='ltr'>οὐκ</span> <span class='ocrx_word' id='word_1_629' title='bbox 3148 3928 3213 3981; x_wconf 84' lang='grc' dir='ltr'>ἂν</span> <span class='ocrx_word' id='word_1_630' title='bbox 3256 3929 3452 3989; x_wconf 72' lang='grc' dir='ltr'>αὐτοὺς</span> <span class='ocrx_word' id='word_1_631' title='bbox 3497 3928 3576 3978; x_wconf 77' lang='grc' dir='ltr'>ἔτι</span> <span class='ocrx_word' id='word_1_632' title='bbox 3621 3926 3903 3994; x_wconf 76' lang='grc' dir='ltr'>νομίσειαν</span> <span class='ocrx_word' id='word_1_633' title='bbox 3956 3930 4005 3976; x_wconf 82' lang='grc' dir='ltr'>οἱ</span> 
     </span>
    </p>
   </div>
   <div class='ocr_carea' id='block_1_90' title="bbox 2428 4016 4006 4096">
    <p class='ocr_par' dir='ltr' id='par_1_90' title="bbox 2428 4016 4006 4096">
     <span class='ocr_line' id='line_1_90' title="bbox 2428 4016 4006 4096; baseline -0.008 -19"><span class='ocrx_word' id='word_1_634' title='bbox 2428 4025 2693 4096; x_wconf 80' lang='grc' dir='ltr'>ἡγεμόνες</span> <span class='ocrx_word' id='word_1_635' title='bbox 2737 4023 2949 4083; x_wconf 83' lang='grc' dir='ltr'>εῦνους,</span> <span class='ocrx_word' id='word_1_636' title='bbox 2987 4022 3235 4089; x_wconf 79' lang='grc' dir='ltr'>ἔπεμπον</span> <span class='ocrx_word' id='word_1_637' title='bbox 3266 4018 3450 4085; x_wconf 88' lang='grc' dir='ltr'>κρύφα</span> <span class='ocrx_word' id='word_1_638' title='bbox 3490 4016 3627 4086; x_wconf 75' lang='grc' dir='ltr'>πρὸς</span> <span class='ocrx_word' id='word_1_639' title='bbox 3664 4016 4006 4085; x_wconf 75' lang='grc' dir='ltr'>Μιθριδάτην</span> 
     </span>
    </p>
   </div>
   <div class='ocr_carea' id='block_1_91' title="bbox 2426 4107 4006 4187">
    <p class='ocr_par' dir='ltr' id='par_1_91' title="bbox 2426 4107 4006 4187">
     <span class='ocr_line' id='line_1_91' title="bbox 2426 4107 4006 4187; baseline -0.009 -16"><span class='ocrx_word' id='word_1_640' title='bbox 2426 4117 2752 4187; x_wconf 83' lang='grc' dir='ltr'>αὐτομολίαν</span> <span class='ocrx_word' id='word_1_641' title='bbox 2784 4113 3222 4182; x_wconf 80' lang='grc' dir='ltr'>ὑπισχνούμενοι.</span> <span class='ocrx_word' id='word_1_642' title='bbox 3268 4110 3326 4161; x_wconf 86' lang='grc' dir='ltr'><strong>Ὀ</strong></span> <span class='ocrx_word' id='word_1_643' title='bbox 3358 4108 3415 4161; x_wconf 78' lang='grc' dir='ltr'>δὲ</span> <span class='ocrx_word' id='word_1_644' title='bbox 3442 4109 3670 4179; x_wconf 76' lang='grc' dir='ltr'>ἕρμαιον</span> <span class='ocrx_word' id='word_1_645' title='bbox 3698 4108 3798 4176; x_wconf 84' lang='grc' dir='ltr'>τὴν</span> <span class='ocrx_word' id='word_1_646' title='bbox 3832 4107 4006 4176; x_wconf 73' lang='grc' dir='ltr'>προσ-</span> 
     </span>
    </p>
   </div>
   <div class='ocr_carea' id='block_1_92' title="bbox 2428 4196 4008 4279">
    <p class='ocr_par' dir='ltr' id='par_1_92' title="bbox 2428 4196 4008 4279">
     <span class='ocr_line' id='line_1_92' title="bbox 2428 4196 4008 4279; baseline -0.009 -18"><span class='ocrx_word' id='word_1_647' title='bbox 2428 4210 2619 4279; x_wconf 85' lang='grc' dir='ltr'>κλησιν</span> <span class='ocrx_word' id='word_1_648' title='bbox 2668 4208 2712 4238; x_wconf 84' lang='grc'><strong>²⁶</strong></span> <span class='ocrx_word' id='word_1_649' title='bbox 2752 4206 3121 4275; x_wconf 78' lang='grc' dir='ltr'>ἡγησάμενος,</span> <span class='ocrx_word' id='word_1_650' title='bbox 3162 4200 3238 4262; x_wconf 77' lang='grc' dir='ltr'>ὡς</span> <span class='ocrx_word' id='word_1_651' title='bbox 3271 4200 3365 4264; x_wconf 71' lang='grc' dir='ltr'><strong>νὺξ</strong></span> <span class='ocrx_word' id='word_1_652' title='bbox 3412 4198 3678 4251; x_wconf 75' lang='grc' dir='ltr'>ἐπέλαϐεν</span> <span class='ocrx_word' id='word_1_653' title='bbox 3713 4198 3784 4261; x_wconf 78' lang='grc'><strong>’⁷,</strong></span> <span class='ocrx_word' id='word_1_654' title='bbox 3812 4196 4008 4265; x_wconf 81' lang='grc' dir='ltr'><strong>Ἀρχέ-</strong></span> 
     </span>
    </p>
   </div>
   <div class='ocr_carea' id='block_1_93' title="bbox 2427 4288 4006 4367">
    <p class='ocr_par' dir='ltr' id='par_1_93' title="bbox 2427 4288 4006 4367">
     <span class='ocr_line' id='line_1_93' title="bbox 2427 4288 4006 4367; baseline -0.009 -16"><span class='ocrx_word' id='word_1_655' title='bbox 2427 4300 2555 4353; x_wconf 91' lang='grc' dir='ltr'>λαον</span> <span class='ocrx_word' id='word_1_656' title='bbox 2585 4299 2795 4367; x_wconf 78' lang='grc' dir='ltr'>πέμπει</span> <span class='ocrx_word' id='word_1_657' title='bbox 2829 4293 3126 4365; x_wconf 82' lang='grc' dir='ltr'>βεϐαιῶσαί</span> <span class='ocrx_word' id='word_1_658' title='bbox 3160 4309 3219 4344; x_wconf 88' lang='grc' dir='ltr'><strong>τε</strong></span> <span class='ocrx_word' id='word_1_659' title='bbox 3261 4292 3361 4353; x_wconf 85' lang='grc' dir='ltr'><strong>τάς</strong></span> <span class='ocrx_word' id='word_1_660' title='bbox 3405 4289 3699 4358; x_wconf 83' lang='grc' dir='ltr'>ὁμολογίας</span> <span class='ocrx_word' id='word_1_661' title='bbox 3740 4289 3833 4339; x_wconf 71' lang='grc' dir='ltr'>καὶ</span> <span class='ocrx_word' id='word_1_662' title='bbox 3876 4288 4006 4348; x_wconf 74' lang='grc' dir='ltr'>τοὺς</span> 
     </span>
    </p>
   </div>
   <div class='ocr_carea' id='block_1_94' title="bbox 2428 4378 4009 4463">
    <p class='ocr_par' dir='ltr' id='par_1_94' title="bbox 2428 4378 4009 4463">
     <span class='ocr_line' id='line_1_94' title="bbox 2428 4378 4009 4463; baseline -0.011 -18"><span class='ocrx_word' id='word_1_663' title='bbox 2428 4393 2930 4463; x_wconf 75' lang='grc' dir='ltr'>προσχωρήσαντας</span> <span class='ocrx_word' id='word_1_664' title='bbox 2960 4387 3135 4453; x_wconf 85' lang='grc' dir='ltr'>ἄγειν.</span> <span class='ocrx_word' id='word_1_665' title='bbox 3168 4385 3231 4436; x_wconf 82' lang='grc' dir='ltr'>υί</span> <span class='ocrx_word' id='word_1_666' title='bbox 3262 4383 3318 4435; x_wconf 85' lang='grc' dir='ltr'>δὲ</span> <span class='ocrx_word' id='word_1_667' title='bbox 3354 4381 3697 4451; x_wconf 78' lang='grc' dir='ltr'>Φιμϐριανοὶ,</span> <span class='ocrx_word' id='word_1_668' title='bbox 3729 4380 3852 4430; x_wconf 75' lang='grc' dir='ltr'>ἐπεὶ</span> <span class='ocrx_word' id='word_1_669' title='bbox 3886 4378 4009 4430; x_wconf 82' lang='grc' dir='ltr'>τού-</span> 
     </span>
    </p>
   </div>
   <div class='ocr_carea' id='block_1_95' title="bbox 2427 4470 4008 4552">
    <p class='ocr_par' dir='ltr' id='par_1_95' title="bbox 2427 4470 4008 4552">
     <span class='ocr_line' id='line_1_95' title="bbox 2427 4470 4008 4552; baseline -0.013 -13"><span class='ocrx_word' id='word_1_670' title='bbox 2427 4504 2540 4548; x_wconf 89' lang='grc' dir='ltr'>τοις</span> <span class='ocrx_word' id='word_1_671' title='bbox 2583 4485 2873 4552; x_wconf 81' lang='grc' dir='ltr'>’Δρχέλαος</span> <span class='ocrx_word' id='word_1_672' title='bbox 2925 4477 3278 4547; x_wconf 83' lang='grc' dir='ltr'>παρεγένετο,</span> <span class='ocrx_word' id='word_1_673' title='bbox 3328 4475 3489 4527; x_wconf 84' lang='grc' dir='ltr'>αὑτὸν</span> <span class='ocrx_word' id='word_1_674' title='bbox 3546 4473 3644 4541; x_wconf 73' lang='grc' dir='ltr'>μὲν</span> <span class='ocrx_word' id='word_1_675' title='bbox 3691 4470 4008 4533; x_wconf 76' lang='grc' dir='ltr'>συνέλαϐον,</span> 
     </span>
    </p>
   </div>
   <div class='ocr_carea' id='block_1_96' title="bbox 2429 4561 4008 4641">
    <p class='ocr_par' dir='ltr' id='par_1_96' title="bbox 2429 4561 4008 4641">
     <span class='ocr_line' id='line_1_96' title="bbox 2429 4561 4008 4641; baseline -0.013 -10"><span class='ocrx_word' id='word_1_676' title='bbox 2429 4581 2555 4640; x_wconf 79' lang='grc' dir='ltr'>τοὺς</span> <span class='ocrx_word' id='word_1_677' title='bbox 2581 4579 2636 4630; x_wconf 82' lang='grc' dir='ltr'>δὲ</span> <span class='ocrx_word' id='word_1_678' title='bbox 2666 4577 2763 4627; x_wconf 73' lang='grc' dir='ltr'>σὺν</span> <span class='ocrx_word' id='word_1_679' title='bbox 2796 4574 2944 4641; x_wconf 75' lang='grc' dir='ltr'><strong>αύτῷ</strong></span> <span class='ocrx_word' id='word_1_680' title='bbox 2978 4570 3393 4640; x_wconf 87' lang='grc' dir='ltr'>διεχειρίσαντο.</span> <span class='ocrx_word' id='word_1_681' title='bbox 3421 4567 3547 4618; x_wconf 74' lang='grc' dir='ltr'><strong>Ἐπὶ</strong></span> <span class='ocrx_word' id='word_1_682' title='bbox 3586 4564 3763 4632; x_wconf 79' lang='grc' dir='ltr'>τούτῳ</span> <span class='ocrx_word' id='word_1_683' title='bbox 3796 4562 3875 4630; x_wconf 78' lang='grc' dir='ltr'>τῷ</span> <span class='ocrx_word' id='word_1_684' title='bbox 3914 4561 4008 4612; x_wconf 86' lang='grc' dir='ltr'><strong>τοῦ</strong></span> 
     </span>
    </p>
   </div>
   <div class='ocr_carea' id='block_1_97' title="bbox 2433 4653 4005 4741">
    <p class='ocr_par' dir='ltr' id='par_1_97' title="bbox 2433 4653 4005 4741">
     <span class='ocr_line' id='line_1_97' title="bbox 2433 4653 4005 4741; baseline -0.013 -19"><span class='ocrx_word' id='word_1_685' title='bbox 2433 4669 2695 4741; x_wconf 79' lang='grc' dir='ltr'>βασιλέως</span> <span class='ocrx_word' id='word_1_686' title='bbox 2733 4667 3045 4735; x_wconf 80' lang='grc' dir='ltr'>ἀτυχήματι</span> <span class='ocrx_word' id='word_1_687' title='bbox 3085 4662 3178 4715; x_wconf 78' lang='grc' dir='ltr'>καὶ</span> <span class='ocrx_word' id='word_1_688' title='bbox 3230 4660 3389 4728; x_wconf 52' lang='lat' dir='ltr'><strong>me;</strong></span> <span class='ocrx_word' id='word_1_689' title='bbox 3417 4656 3703 4709; x_wconf 77' lang='grc' dir='ltr'>ἐπιπίπτει</span> <span class='ocrx_word' id='word_1_690' title='bbox 3746 4653 3913 4704; x_wconf 82' lang='grc' dir='ltr'>αὑτοῦ</span> <span class='ocrx_word' id='word_1_691' title='bbox 3942 4654 4005 4718; x_wconf 81' lang='grc' dir='ltr'><strong>τῇ</strong></span> 
     </span>
    </p>
   </div>
   <div class='ocr_carea' id='block_1_98' title="bbox 2430 4743 4009 4834">
    <p class='ocr_par' dir='ltr' id='par_1_98' title="bbox 2430 4743 4009 4834">
     <span class='ocr_line' id='line_1_98' title="bbox 2430 4743 4009 4834; baseline -0.016 -17"><span class='ocrx_word' id='word_1_692' title='bbox 2430 4763 2680 4834; x_wconf 79' lang='grc' dir='ltr'>στρατιᾷ,</span> <span class='ocrx_word' id='word_1_693' title='bbox 2714 4760 2807 4811; x_wconf 70' lang='grc' dir='ltr'>καὶ</span> <span class='ocrx_word' id='word_1_694' title='bbox 2845 4758 3070 4817; x_wconf 77' lang='grc' dir='ltr'>πολλοὺς</span> <span class='ocrx_word' id='word_1_695' title='bbox 3095 4752 3367 4806; x_wconf 82' lang='grc' dir='ltr'>ἀπώλλυε.</span> <span class='ocrx_word' id='word_1_696' title='bbox 3407 4750 3551 4819; x_wconf 77' lang='grc' dir='ltr'>Πλὴν</span> <span class='ocrx_word' id='word_1_697' title='bbox 3601 4747 3743 4799; x_wconf 76' lang='grc' dir='ltr'>οὕτω</span> <span class='ocrx_word' id='word_1_698' title='bbox 3795 4743 4009 4803; x_wconf 80' lang='grc' dir='ltr'>πολλοῖς</span> 
     </span>
    </p>
   </div>
   <div class='ocr_carea' id='block_1_99' title="bbox 2430 4839 4010 4924">
    <p class='ocr_par' dir='ltr' id='par_1_99' title="bbox 2430 4839 4010 4924">
     <span class='ocr_line' id='line_1_99' title="bbox 2430 4839 4010 4924; baseline -0.016 -14"><span class='ocrx_word' id='word_1_699' title='bbox 2430 4858 2719 4924; x_wconf 87' lang='grc' dir='ltr'>παθήμασι</span> <span class='ocrx_word' id='word_1_700' title='bbox 2773 4853 2997 4920; x_wconf 85' lang='grc' dir='ltr'>κάμνων</span> <span class='ocrx_word' id='word_1_701' title='bbox 3052 4845 3290 4908; x_wconf 77' lang='grc' dir='ltr'>Κυζίκου</span> <span class='ocrx_word' id='word_1_702' title='bbox 3345 4842 3444 4910; x_wconf 76' lang='grc' dir='ltr'>τῆς</span> <span class='ocrx_word' id='word_1_703' title='bbox 3504 4839 3825 4906; x_wconf 77' lang='grc' dir='ltr'>πολιορκῖας</span> <span class='ocrx_word' id='word_1_704' title='bbox 3872 4839 4010 4894; x_wconf 76' lang='grc' dir='ltr'>τέως</span> 
     </span>
    </p>
   </div>
   <div class='ocr_carea' id='block_1_100' title="bbox 2428 4927 4008 5015">
    <p class='ocr_par' dir='ltr' id='par_1_100' title="bbox 2428 4927 4008 5015">
     <span class='ocr_line' id='line_1_100' title="bbox 2428 4927 4008 5015; baseline -0.017 -13"><span class='ocrx_word' id='word_1_705' title='bbox 2428 4951 2528 5003; x_wconf 81' lang='grc' dir='ltr'>οὐκ</span> <span class='ocrx_word' id='word_1_706' title='bbox 2564 4947 2831 5015; x_wconf 85' lang='grc' dir='ltr'>ἀφίστατο</span> <span class='ocrx_word' id='word_1_707' title='bbox 2864 4960 2874 4970; x_wconf 93' lang='grc'>·</span> <span class='ocrx_word' id='word_1_708' title='bbox 2910 4941 3028 5009; x_wconf 80' lang='grc' dir='ltr'>μετ’</span> <span class='ocrx_word' id='word_1_709' title='bbox 3066 4937 3244 5003; x_wconf 82' lang='grc' dir='ltr'>ὀλίγον</span> <span class='ocrx_word' id='word_1_710' title='bbox 3276 4936 3332 4987; x_wconf 81' lang='grc' dir='ltr'>δὲ</span> <span class='ocrx_word' id='word_1_711' title='bbox 3365 4933 3534 4986; x_wconf 70' lang='grc' dir='ltr'>πολλὰ</span> <span class='ocrx_word' id='word_1_712' title='bbox 3568 4931 3661 4981; x_wconf 71' lang='grc' dir='ltr'>καὶ</span> <span class='ocrx_word' id='word_1_713' title='bbox 3685 4927 3877 4980; x_wconf 86' lang='grc' dir='ltr'>παθὼν</span> <span class='ocrx_word' id='word_1_714' title='bbox 3914 4928 4008 4978; x_wconf 75' lang='grc' dir='ltr'>καὶ</span> 
     </span>
    </p>
   </div>
   <div class='ocr_carea' id='block_1_101' title="bbox 2429 5017 4005 5109">
    <p class='ocr_par' dir='ltr' id='par_1_101' title="bbox 2429 5017 4005 5109">
     <span class='ocr_line' id='line_1_101' title="bbox 2429 5017 4005 5109; baseline -0.016 -17"><span class='ocrx_word' id='word_1_715' title='bbox 2429 5040 2663 5109; x_wconf 77' lang='grc' dir='ltr'>πράξας,</span> <span class='ocrx_word' id='word_1_716' title='bbox 2693 5038 2840 5104; x_wconf 77' lang='grc' dir='ltr'>ὅμως</span> <span class='ocrx_word' id='word_1_717' title='bbox 2872 5032 3143 5085; x_wconf 82' lang='grc' dir='ltr'>ἀνάλωτον</span> <span class='ocrx_word' id='word_1_718' title='bbox 3162 5026 3334 5077; x_wconf 86' lang='grc' dir='ltr'>λιπὼν</span> <span class='ocrx_word' id='word_1_719' title='bbox 3360 5026 3459 5093; x_wconf 69' lang='grc' dir='ltr'><strong>τὴν</strong></span> <span class='ocrx_word' id='word_1_720' title='bbox 3489 5022 3641 5074; x_wconf 78' lang='grc' dir='ltr'>πόλιν</span> <span class='ocrx_word' id='word_1_721' title='bbox 3667 5017 4005 5087; x_wconf 81' lang='grc' dir='ltr'>ἀνεχώρησε,</span> 
     </span>
    </p>
   </div>
   <div class='ocr_carea' id='block_1_102' title="bbox 2429 5109 4007 5200">
    <p class='ocr_par' dir='ltr' id='par_1_102' title="bbox 2429 5109 4007 5200">
     <span class='ocr_line' id='line_1_102' title="bbox 2429 5109 4007 5200; baseline -0.018 -16"><span class='ocrx_word' id='word_1_722' title='bbox 2429 5134 2524 5184; x_wconf 90' lang='grc' dir='ltr'><strong>τοῦ</strong></span> <span class='ocrx_word' id='word_1_723' title='bbox 2557 5132 2653 5200; x_wconf 77' lang='grc' dir='ltr'>μὲν</span> <span class='ocrx_word' id='word_1_724' title='bbox 2685 5125 2851 5190; x_wconf 79' lang='grc' dir='ltr'>πεζοῦ</span> <span class='ocrx_word' id='word_1_725' title='bbox 2894 5123 3153 5191; x_wconf 82' lang='grc' dir='ltr'>Ἑρμαῖον</span> <span class='ocrx_word' id='word_1_726' title='bbox 3186 5120 3280 5170; x_wconf 75' lang='grc' dir='ltr'>καὶ</span> <span class='ocrx_word' id='word_1_727' title='bbox 3305 5115 3517 5184; x_wconf 81' lang='grc' dir='ltr'>Μάριον</span> <span class='ocrx_word' id='word_1_728' title='bbox 3551 5109 3803 5180; x_wconf 81' lang='grc' dir='ltr'>ἡγεῖσθαι</span> <span class='ocrx_word' id='word_1_729' title='bbox 3842 5124 4007 5159; x_wconf 81' lang='grc' dir='ltr'>κατα-</span> 
     </span>
    </p>
   </div>
   <div class='ocr_carea' id='block_1_103' title="bbox 2434 5201 4007 5291">
    <p class='ocr_par' dir='ltr' id='par_1_103' title="bbox 2434 5201 4007 5291">
     <span class='ocr_line' id='line_1_103' title="bbox 2434 5201 4007 5291; baseline -0.018 -13"><span class='ocrx_word' id='word_1_730' title='bbox 2434 5224 2802 5291; x_wconf 84' lang='grc' dir='ltr'>στησάμενος,</span> <span class='ocrx_word' id='word_1_731' title='bbox 2864 5215 3093 5285; x_wconf 84' lang='grc' dir='ltr'>στρατὸν</span> <span class='ocrx_word' id='word_1_732' title='bbox 3151 5211 3290 5278; x_wconf 83' lang='grc' dir='ltr'>ὑπὲρ</span> <span class='ocrx_word' id='word_1_733' title='bbox 3337 5205 3695 5275; x_wconf 86' lang='grc' dir='ltr'>τρισμυρίους</span> <span class='ocrx_word' id='word_1_734' title='bbox 3750 5201 4007 5267; x_wconf 81' lang='grc' dir='ltr'>ἄγοντας,</span> 
     </span>
    </p>
   </div>
   <div class='ocr_carea' id='block_1_104' title="bbox 2431 5291 4008 5376">
    <p class='ocr_par' dir='ltr' id='par_1_104' title="bbox 2431 5291 4008 5376">
     <span class='ocr_line' id='line_1_104' title="bbox 2431 5291 4008 5376; baseline -0.018 -8"><span class='ocrx_word' id='word_1_735' title='bbox 2431 5316 2591 5376; x_wconf 77' lang='grc' dir='ltr'>αὐτὸς</span> <span class='ocrx_word' id='word_1_736' title='bbox 2635 5314 2690 5365; x_wconf 77' lang='grc' dir='ltr'>δὲ</span> <span class='ocrx_word' id='word_1_737' title='bbox 2724 5312 2811 5363; x_wconf 73' lang='grc' dir='ltr'><strong>διὰ</strong></span> <span class='ocrx_word' id='word_1_738' title='bbox 2855 5308 3128 5375; x_wconf 84' lang='grc' dir='ltr'>θαλάσσης</span> <span class='ocrx_word' id='word_1_739' title='bbox 3178 5300 3496 5367; x_wconf 86' lang='grc' dir='ltr'>ποιούμενος</span> <span class='ocrx_word' id='word_1_740' title='bbox 3549 5295 3647 5362; x_wconf 83' lang='grc' dir='ltr'>τὴν</span> <span class='ocrx_word' id='word_1_741' title='bbox 3696 5291 4008 5354; x_wconf 76' lang='grc' dir='ltr'>ἀνάζευξιν.</span> 
     </span>
    </p>
   </div>
   <div class='ocr_carea' id='block_1_105' title="bbox 2446 5381 4008 5464">
    <p class='ocr_par' dir='ltr' id='par_1_105' title="bbox 2446 5381 4008 5464">
     <span class='ocr_line' id='line_1_105' title="bbox 2446 5381 4008 5464; baseline -0.02 -3"><span class='ocrx_word' id='word_1_742' title='bbox 2446 5406 2845 5464; x_wconf 79' lang='grc' dir='ltr'>Ἐπιϐαίνοντος</span> <span class='ocrx_word' id='word_1_743' title='bbox 2884 5402 2939 5451; x_wconf 74' lang='grc' dir='ltr'>δὲ</span> <span class='ocrx_word' id='word_1_744' title='bbox 2971 5397 3134 5452; x_wconf 73' lang='grc' dir='ltr'>αὑτοῦ</span> <span class='ocrx_word' id='word_1_745' title='bbox 3165 5395 3272 5446; x_wconf 82' lang='grc' dir='ltr'><strong>τῶν</strong></span> <span class='ocrx_word' id='word_1_746' title='bbox 3295 5389 3538 5462; x_wconf 85' lang='grc' dir='ltr'>τριηρῶν</span> <span class='ocrx_word' id='word_1_747' title='bbox 3573 5384 3765 5439; x_wconf 71' lang='grc' dir='ltr'>πολλαὶ</span> <span class='ocrx_word' id='word_1_748' title='bbox 3812 5381 4008 5433; x_wconf 81' lang='grc' dir='ltr'>παθῶν</span> 
     </span>
    </p>
   </div>
   <div class='ocr_carea' id='block_1_106' title="bbox 2056 5564 2720 5623">
    <p class='ocr_par' dir='ltr' id='par_1_106' title="bbox 2056 5564 2720 5623">
     <span class='ocr_line' id='line_1_106' title="bbox 2056 5564 2720 5623; baseline -0.008 -4"><span class='ocrx_word' id='word_1_749' title='bbox 2056 5568 2285 5623; x_wconf 64' lang='lat' dir='ltr'><strong>VARIIE</strong></span> <span class='ocrx_word' id='word_1_750' title='bbox 2322 5564 2720 5621; x_wconf 65' lang='lat' dir='ltr'><strong>LECTIONES.</strong></span> 
     </span>
    </p>
   </div>
   <div class='ocr_carea' id='block_1_107' title="bbox 828 5690 2003 5757">
    <p class='ocr_par' dir='ltr' id='par_1_107' title="bbox 828 5690 2003 5757">
     <span class='ocr_line' id='line_1_107' title="bbox 828 5690 2003 5757; baseline -0.001 -18"><span class='ocrx_word' id='word_1_751' title='bbox 828 5693 871 5721; x_wconf 82' lang='lat'><strong>&quot;</strong></span> <span class='ocrx_word' id='word_1_752' title='bbox 902 5706 1214 5757; x_wconf 82' lang='grc' dir='ltr'>τετρακισχ.</span> <span class='ocrx_word' id='word_1_753' title='bbox 1252 5690 1308 5740; x_wconf 77' lang='grc' dir='ltr'>δὲ</span> <span class='ocrx_word' id='word_1_754' title='bbox 1342 5690 1378 5741; x_wconf 76' lang='grc' dir='ltr'><strong>Α</strong></span> <span class='ocrx_word' id='word_1_755' title='bbox 1413 5710 1423 5742; x_wconf 89' lang='lat'>:</span> <span class='ocrx_word' id='word_1_756' title='bbox 1468 5706 1563 5741; x_wconf 84' lang='grc' dir='ltr'><strong>και</strong></span> <span class='ocrx_word' id='word_1_757' title='bbox 1596 5704 1910 5754; x_wconf 70' lang='grc' dir='ltr'>τετρακισχ.</span> <span class='ocrx_word' id='word_1_758' title='bbox 1942 5706 2003 5750; x_wconf 73' lang='grc' dir='ltr'><strong>ς.</strong></span> 
     </span>
    </p>
   </div>
   <div class='ocr_carea' id='block_1_108' title="bbox 761 5758 1777 5829">
    <p class='ocr_par' dir='ltr' id='par_1_108' title="bbox 761 5758 1777 5829">
     <span class='ocr_line' id='line_1_108' title="bbox 761 5758 1777 5829; baseline -0.003 -18"><span class='ocrx_word' id='word_1_759' title='bbox 761 5760 1073 5829; x_wconf 61' lang='grc' dir='ltr'>φιϐριανῶν</span> <span class='ocrx_word' id='word_1_760' title='bbox 1114 5779 1174 5823; x_wconf 75' lang='grc' dir='ltr'><strong>τ’,</strong></span> <span class='ocrx_word' id='word_1_761' title='bbox 1272 5760 1317 5789; x_wconf 77' lang='grc'><strong><em>⁸⁸</em></strong></span> <span class='ocrx_word' id='word_1_762' title='bbox 1356 5761 1691 5829; x_wconf 56' lang='grc' dir='ltr'>πῴσκλησιν</span> <span class='ocrx_word' id='word_1_763' title='bbox 1742 5758 1777 5808; x_wconf 78' lang='grc' dir='ltr'><strong>Α</strong></span> 
     </span>
    </p>
   </div>
   <div class='ocr_carea' id='block_1_109' title="bbox 758 5828 2036 5899">
    <p class='ocr_par' dir='ltr' id='par_1_109' title="bbox 758 5828 2036 5899">
     <span class='ocr_line' id='line_1_109' title="bbox 758 5828 2036 5899; baseline -0.004 -16"><span class='ocrx_word' id='word_1_764' title='bbox 758 5828 1050 5883; x_wconf 65' lang='grc' dir='ltr'>ἐπέϐαλεν.</span> <span class='ocrx_word' id='word_1_765' title='bbox 1115 5832 1186 5882; x_wconf 74' lang='lat' dir='ltr'><strong>cl.</strong></span> <span class='ocrx_word' id='word_1_766' title='bbox 1220 5847 1273 5899; x_wconf 88' lang='lat' dir='ltr'><strong>p.</strong></span> <span class='ocrx_word' id='word_1_767' title='bbox 1332 5828 1591 5883; x_wconf 67' lang='lat'><strong>“.1181.</strong></span> <span class='ocrx_word' id='word_1_768' title='bbox 1634 5829 1665 5881; x_wconf 79' lang='grc'>5</span> <span class='ocrx_word' id='word_1_769' title='bbox 1692 5842 1743 5880; x_wconf 78' lang='grc' dir='ltr'><strong>ιί</strong></span> <span class='ocrx_word' id='word_1_770' title='bbox 1781 5828 2036 5891; x_wconf 72' lang='lat' dir='ltr'><strong>I5i5,3.’..</strong></span> 
     </span>
    </p>
   </div>
   <div class='ocr_carea' id='block_1_110' title="bbox 2079 5686 2418 5738">
    <p class='ocr_par' dir='ltr' id='par_1_110' title="bbox 2079 5686 2418 5738">
     <span class='ocr_line' id='line_1_110' title="bbox 2079 5686 2418 5738; baseline 0.003 -5"><span class='ocrx_word' id='word_1_771' title='bbox 2079 5688 2123 5716; x_wconf 84' lang='grc'><strong>²³</strong></span> <span class='ocrx_word' id='word_1_772' title='bbox 2153 5698 2207 5737; x_wconf 78' lang='lat' dir='ltr'><strong>ct</strong></span> <span class='ocrx_word' id='word_1_773' title='bbox 2262 5687 2330 5738; x_wconf 66' lang='grc'><strong>40</strong></span> <span class='ocrx_word' id='word_1_774' title='bbox 2369 5686 2418 5735; x_wconf 87' lang='lat' dir='ltr'><strong>b.</strong></span> 
     </span>
    </p>
   </div>
   <div class='ocr_carea' id='block_1_111' title="bbox 1845 5751 2992 5823">
    <p class='ocr_par' dir='ltr' id='par_1_111' title="bbox 1845 5751 2992 5823">
     <span class='ocr_line' id='line_1_111' title="bbox 1845 5751 2992 5823; baseline -0.003 -17"><span class='ocrx_word' id='word_1_775' title='bbox 1845 5751 2082 5820; x_wconf 69' lang='grc' dir='ltr'>ι’κλήστν</span> <span class='ocrx_word' id='word_1_776' title='bbox 2154 5776 2205 5821; x_wconf 71' lang='grc' dir='ltr'>τ.</span> <span class='ocrx_word' id='word_1_777' title='bbox 2271 5758 2577 5823; x_wconf 70' lang='lat' dir='ltr'><strong>Stephanus</strong></span> <span class='ocrx_word' id='word_1_778' title='bbox 2658 5751 2992 5821; x_wconf 70' lang='grc' dir='ltr'>πρόσκλισιν.</span> 
     </span>
    </p>
   </div>
   <div class='ocr_carea' id='block_1_112' title="bbox 3034 5657 4010 5743">
    <p class='ocr_par' dir='ltr' id='par_1_112' title="bbox 3034 5657 4010 5743">
     <span class='ocr_line' id='line_1_112' title="bbox 3034 5657 4010 5743; baseline -0.009 1"><span class='ocrx_word' id='word_1_779' title='bbox 3034 5678 3077 5708; x_wconf 75' lang='grc'>³⁸</span> <span class='ocrx_word' id='word_1_780' title='bbox 3108 5676 3277 5743; x_wconf 72' lang='grc' dir='ltr'><strong>βρακῦ</strong></span> <span class='ocrx_word' id='word_1_781' title='bbox 3309 5691 3345 5735; x_wconf 81' lang='grc' dir='ltr'><em>ς</em></span> <span class='ocrx_word' id='word_1_782' title='bbox 3380 5741 3391 5743; x_wconf 95' lang='lat'><em>_</em></span> <span class='ocrx_word' id='word_1_783' title='bbox 3444 5657 4010 5743; x_wconf 46' lang='lat' dir='ltr'><strong>&quot;.5??t*5,.°m‘7’&quot;.§j</strong></span> 
     </span>
    </p>
   </div>
   <div class='ocr_carea' id='block_1_113' title="bbox 2497 5678 4009 5750">
    <p class='ocr_par' dir='ltr' id='par_1_113' title="bbox 2497 5678 4009 5750">
     <span class='ocr_line' id='line_1_113' title="bbox 2497 5678 4009 5750; baseline -0.003 -17"><span class='ocrx_word' id='word_1_784' title='bbox 2497 5682 2761 5750; x_wconf 81' lang='grc' dir='ltr'>σαγαρίου</span> <span class='ocrx_word' id='word_1_785' title='bbox 2815 5678 2955 5729; x_wconf 78' lang='lat' dir='ltr'><strong>libri.</strong></span> <span class='ocrx_word' id='word_1_786' title='bbox 3034 5678 3077 5708; x_wconf 73' lang='lat'>“</span> <span class='ocrx_word' id='word_1_787' title='bbox 3108 5678 3393 5750; x_wconf 57' lang='grc' dir='ltr'><strong>βριιχὶιςΔ</strong></span> <span class='ocrx_word' id='word_1_788' title='bbox 3444 5678 4009 5750; x_wconf 21' lang='grc' dir='ltr'><strong>’περιξμξριξνυξνιῇᾐ</strong></span> 
     </span>
    </p>
   </div>
   <div class='ocr_carea' id='block_1_114' title="bbox 3118 5728 4013 5799">
    <p class='ocr_par' dir='ltr' id='par_1_114' title="bbox 3118 5728 4013 5799">
     <span class='ocr_line' id='line_1_114' title="bbox 3118 5728 4013 5799; baseline -0.026 2"><span class='ocrx_word' id='word_1_789' title='bbox 3118 5728 3158 5779; x_wconf 66' lang='grc' dir='ltr'><strong>’θ</strong></span> <span class='ocrx_word' id='word_1_790' title='bbox 3193 5728 3456 5799; x_wconf 55' lang='lat' dir='ltr'><strong>{whom</strong></span> <span class='ocrx_word' id='word_1_791' title='bbox 3498 5728 3847 5791; x_wconf 58' lang='lat' dir='ltr'><strong>summus:</strong></span> <span class='ocrx_word' id='word_1_792' title='bbox 3890 5728 4013 5780; x_wconf 82' lang='lat' dir='ltr'><strong>hbri</strong></span> 
     </span>
    </p>
   </div>
  </div>
