4208 6448
212 386 323 448 917

1269 390 1763 449 IIIBLIOTHECA
1805 416 1870 425 --
1909 392 2071 452 COD.
2110 394 2401 454 C(LXXIV.

3343 401 3447 464 918

214 499 356 550 ἰδέαι
385 497 709 552 συνέπιπτον
743 516 757 528 ·
791 501 839 554 οἱ
893 501 1000 569 γάρ
1048 500 1327 569 ἐμϐαίνειν
1373 500 1660 569 μέλλοντες
1705 516 1727 551 ε

1838 508 1855 559 t
1888 515 2002 552 rmn
2040 500 2158 553 alia:
2191 502 2301 569 jam
2348 500 2560 567 replete
2586 543 2602 568 ,
2642 505 2759 558 aliae
2788 520 2907 559 mox
2948 507 3215 576 replenda:
3240 524 3445 579 essent,

212 589 387 652 αὑτὰς
421 589 520 653 τὰς
559 591 656 659 μὲν
686 592 783 661 ἤδη
815 592 1248 663 πεπληρωμένας
1286 593 1383 655 τὰς
1413 592 1469 644 δὲ
1518 593 1609 644 καὶ
1656 592 1784 659 μελ-

212 677 414 740 λούσας
441 682 690 748 κατεῖχον
720 681 1108 749 ὲξαρτώμενοι,
1142 682 1236 733 καὶ
1280 680 1431 746 παρὰ
1468 680 1528 732 τὸ
1577 679 1783 747 πλῆθος

208 770 325 820 τῶν
383 770 539 823 τοῦτο
567 772 817 839 δρώντων
847 774 903 823 αἱ
953 772 1051 841 μὲν
1085 766 1403 825 κατεδύοντο
1444 772 1500 823 αἱ
1546 771 1600 823 δὲ
1634 788 1776 841 περι-

209 856 525 923 ετρέποντο.
577 858 746 911 Τοῦτο
780 859 1073 928 Κυζικηνοὶ
1124 860 1448 929 θεασάμενοι
1512 860 1781 929 ὥρμησαν

208 945 306 996 ἐπὶ
356 948 423 999 τὰ
467 948 576 1001 τῶν
606 948 883 1002 Ποντικῶν
924 951 1282 1019 στρατόπεδα,
1336 952 1433 1002 καὶ
1482 952 1608 1012 τοὺς
1650 951 1779 1002 ὑπο-

206 1036 528 1104 λειφθέντας
571 1042 923 1111 καματηροῦς
967 1041 1394 1111 διαφθείροντες,
1436 1044 1486 1095 εἴ
1515 1059 1567 1093 τι
1600 1042 1781 1111 παρῆν

206 1126 676 1200 ὑπολελειμμένον
701 1130 778 1201 τῷ
808 1134 1171 1203 στρατοπέδῳ,
1208 1134 1506 1203 διήρπαζον
1535 1134 1599 1188 ’⁸.
1638 1132 1777 1185 Λεύ-

206 1217 399 1281 κολλος
426 1221 483 1274 δὲ
524 1222 721 1286 διώξας
761 1225 857 1275 ἐπὶ
897 1224 989 1276 τὸν
1029 1226 1269 1293 Αἴσηπον
1325 1226 1369 1255 ’³
1417 1224 1665 1292 ποταμὸν
1718 1222 1779 1275 τὸ

201 1313 371 1376 πεζὸν
444 1317 846 1386 ἀπροσδόκητος
891 1318 933 1349 ⁸ο
982 1318 1412 1387 καταλαμϐάνει,
1472 1319 1566 1370 καὶ
1618 1317 1776 1385 φόνον

201 1404 373 1458 πολὺν
406 1407 515 1458 τῶν
562 1408 834 1476 πολεμίων
880 1411 1131 1463 ποιεῖται.
1170 1409 1507 1479 Μιθριδάτης
1547 1408 1604 1460 δὲ
1643 1409 1773 1460 ἀνα-

198 1495 382 1548 λαϐὼν
440 1499 630 1550 ἑαυτὸν
682 1501 757 1561 ὡς
810 1500 1060 1570 ἠδύνατο,
1118 1502 1398 1569 Ιῐείρινθον
1445 1499 1772 1569 ἐπολιόρκει,

195 1588 403 1659 ταύτης
432 1590 489 1641 δὲ
519 1592 835 1661 διαμαρτὼν
870 1594 961 1644 ἐπὶ
984 1593 1236 1645 Βιθυνίαν
1269 1590 1699 1661 διαπεραιοῦται.

1887 590 2169 643 confertim
2216 600 2499 658 occupant,
2534 605 2587 647 et
2627 597 2859 665 undique
2894 598 2996 652 Illis
3026 599 3319 665 adhaerent,
3361 602 3443 655 fa-

1888 690 2030 733 ctum
2057 690 2142 734 est
2188 692 2240 733 ut
2262 698 2369 750 prze
2397 684 2731 739 multitmline
2758 688 3168 754 imminentium,
3211 707 3332 759 pars
3348 712 3445 747 na-

1886 771 2028 822 vium
2064 771 2450 838 deprimeretur
2472 813 2486 835 ,
2506 790 2631 841 pars
2670 777 2829 831 etiam
2851 781 3272 840 subverteretur.
3292 785 3443 850 Quod

1884 862 2178 927 conspicati
2206 862 2481 931 Cyziceni,
2527 868 2723 933 impetu
2768 868 2817 920 iu
2864 880 3044 923 castra
3096 873 3441 928 Ponticormu

1885 952 2065 1013 facto,
2105 968 2275 1023 :egros
2320 957 2389 1009 ibi
2427 956 2643 1010 relictos
2689 960 2997 1026 trucidant,
3038 974 3093 1016 et
3123 966 3165 1017 si
3198 967 3323 1033 quid
3356 983 3443 1019 su-

1882 1053 2094 1111 pererat
2139 1046 2413 1112 diripiunt.
2472 1048 2537 1100 At
2588 1047 2859 1111 Lucullus,
2913 1054 3148 1120 peditmn
3180 1072 3370 1125 agmen
3414 1076 3441 1109 a

1886 1144 2033 1203 tergo
2059 1150 2306 1203 premens
2330 1178 2346 1202 ,
2388 1137 2455 1192 ad
2479 1138 2724 1209 [Esipum
2776 1140 2992 1198 ﬂuvium
3042 1148 3344 1216 assequitur
3376 1152 3443 1200 de

1882 1226 2206 1293 improviso,
2270 1244 2622 1300 magnamque
2674 1234 2905 1288 hostium
2956 1242 3155 1292 eadem
3212 1244 3437 1310 peragit.

1879 1317 2213 1373 Mithridates
2257 1322 2494 1387 interim,
2548 1325 2789 1381 collectis
2825 1338 2879 1379 ut
2923 1332 3115 1397 potuit,
3168 1333 3221 1384 in
3270 1335 3443 1385 Ponto

1878 1410 2100 1471 viribus,
2131 1408 2444 1465 Perinthum
2469 1414 2813 1472 circumsidet
2838 1430 2891 1473 et
2919 1430 3188 1491 oppugnat
3221 1438 3234 1475 :
3272 1438 3442 1491 eoque

1880 1516 1981 1554 non
2016 1502 2235 1570 potitus,
2266 1502 2317 1556 in
2346 1501 2653 1574 Bytbiniam
2687 1512 3022 1565 transmittit.

365 1704 499 1762 CAP.
540 1704 719 1761 XLIII.
747 1739 815 1751 —
853 1708 1047 1763 Triarii
1084 1729 1164 1765 res
1202 1720 1357 1780 gestia
1394 1719 1572 1761 contra
1612 1705 1990 1759 Mithridatem.
2025 1702 2196 1757 Prura
2233 1708 2373 1761 urbs.
2412 1706 2618 1763 Fabula
2652 1713 2715 1766 de
2760 1712 2939 1768 Nica'a
2977 1730 3021 1768 et
3060 1715 3283 1771 Baccho.

282 1815 435 1868 Ἐπεὶ
484 1818 540 1870 δὲ
590 1819 683 1870 καὶ
729 1820 946 1890 Βάρόας
993 1824 1223 1893 συχνοὺς
1269 1823 1484 1875 Ἰταλῶν
1540 1824 1737 1889 ὲπάγωπ

1838 1834 1839 1867 ;
1942 1816 2233 1887 Postquam
2257 1836 2382 1873 vero
2415 1820 2608 1885 Barba,
2640 1828 2911 1881 robustam
2945 1830 3195 1883 Italorum
3221 1848 3434 1886 manum

191 1902 317 1975 ἧκε,
352 1909 445 1959 καὶ
500 1910 605 1977 μὴν
662 1911 755 1963 καὶ
809 1914 1063 1981 Τριάριος
1116 1918 1143 1967 ὁ
1205 1915 1491 1983 Ῥωμαίων
1543 1914 1765 1982 ἡγεμὼν

192 1999 705 2068 ἀνασκευασάμενος
753 2004 814 2071 τῇ
873 2004 1143 2073 Ἀπαμείᾳ.
1192 2004 1498 2074 πολιορκεῖν
1533 2006 1760 2071 ἐπέστη,

187 2090 239 2139 οἱ
287 2089 557 2157 Ἀπαμεῖς
606 2092 947 2161 ἀντισχόντες
1001 2096 1099 2147 ὅσα
1156 2097 1435 2165 ἠδύναντο,
1484 2097 1613 2169 [583
1668 2097 1759 2168 IL]

187 2182 337 2243 τέλος
364 2184 673 2247 ἀνοίξαντες
700 2190 797 2247 τὰς
832 2187 1005 2248 πύλας
1031 2189 1253 2251 τούτους
1288 2190 1641 2254 εἰσεδέξαντο.
1673 2189 1759 2244 Εἷ-

186 2274 277 2324 λον
306 2275 361 2325 δὲ
388 2278 479 2327 καὶ
516 2277 762 2344 Προΰσαν
794 2281 893 2345 τὴν
921 2281 1073 2331 πόλιν
1176 2281 1460 2348 Ῥωμαίων
1489 2283 1715 2351 δύναμις
1738 2300 1751 2313 ·

186 2364 293 2416 ὑπὸ
310 2366 365 2417 δὲ
378 2368 469 2417 τον
499 2368 745 2421 ’.ὶσιανὺν
776 2372 1056 2438 Ὄλυμπον
1076 2373 1309 2426 διέκειτο
1332 2376 1372 2405 ³¹
1402 2374 1559 2442 αὕτη.
1583 2376 1757 2428 Ἐκεῖ-

185 2454 277 2506 θεν
337 2458 366 2507 ὁ
438 2458 693 2527 Τριάριος
744 2461 836 2512 ἐπὶ
882 2462 1183 2530 Προυσιάδα
1222 2464 1321 2532 τὴν
1377 2465 1758 2518 ἐπιθαλάσσιον

185 2548 327 2613 μετά
364 2548 462 2616 τῆς
492 2549 771 2618 δυνάμεως
811 2553 1174 2622 παραγίνεται
1204 2571 1218 2585 ο
1252 2553 1389 2623 αὕτη
1412 2555 1467 2607 δὲ
1496 2556 1687 2625 Κίερος
1714 2560 1755 2589 ³³

179 2638 241 2688 τὸ
279 2640 511 2692 παλαιὸν
552 2643 812 2705 ἐκαλεῖτο,
847 2647 903 2696 ἐν
939 2640 1090 2715 ᾖκαὶ
1124 2647 1155 2715 ἡ
1184 2646 1284 2715 τῆς
1318 2648 1544 2716 Ἀργοῦς
1573 2650 1753 2716 ἄφιξις

177 2728 400 2793 λέγεται
428 2732 522 2782 καὶ
550 2733 577 2783 ὁ
605 2732 698 2784 τοῦ
728 2733 867 2786 ’Ὑλα
903 2736 1208 2803 άφανισμὸς
1244 2737 1340 2787 καὶ
1376 2738 1407 2806 ἡ
1445 2737 1538 2789 τοῦ
1589 2740 1754 2807 Ἥρα-

178 2820 335 2880 κλέος
362 2821 453 2872 ἐπὶ
486 2822 585 2890 τὴν
608 2822 797 2875 τούτου
832 2824 1165 2894 ἀναζήτησιν
1211 2826 1387 2895 πλάνη
1442 2834 1535 2881 καὶ
1584 2831 1752 2882 πολλὰ

175 2913 409 2964 τοιαῦτα
465 2913 647 2982 ἕτερα.
699 2917 1115 2985 Παραγεγονότα
1149 2918 1205 2970 δὲ
1235 2920 1433 2988 ῥᾳδίως
1493 2922 1541 2971 οι
1581 2923 1753 2990 Πρου-

172 3006 330 3065 σαεῖς
358 3006 402 3036 ³³
425 3005 690 3071 ἐδέξαντο,
716 3008 841 3069 τοὺς
858 3010 1143 3071 Ποντικοὺς
1166 3011 1751 3077 διωσάμενοι.Ἑκεῖοεν

168 3095 267 3145 ἐπὶ
335 3096 567 3148 Νίκαιαν
639 3100 1049 3170 φρουρουμένην
1120 3102 1486 3172 Μιθριδατείῳ
1535 3108 1747 3176 φρουρᾷ

168 3183 538 3250 παραγίνεται
571 3202 583 3214 '
608 3187 728 3238 οἱδὲ
760 3190 1008 3240 [lant-mi.
1039 3189 1127 3240 τὸν
1167 3190 1291 3242 νοῦν
1317 3193 1425 3243 τῶν
1460 3196 1513 3245 ἐν
1543 3195 1746 3264 Νικαία

169 3274 480 3335 συνιδόντες
502 3276 595 3326 ἐπὶ
636 3277 937 3346 Ῥωμαίους
964 3280 1341 3343 ἀποκλίνοντα,
1378 3283 1465 3335 διὰ
1488 3285 1677 3347 νυκτὸς
1706 3285 1748 3315 ³⁵

165 3364 309 3432 πρὸς
357 3364 692 3435 Μιθριδάτην
729 3371 807 3431 εἰς
846 3370 1210 3439 Νικομήδειαν
1248 3373 1618 3443 ἀνεχώρησαν,
1653 3378 1748 3428 καὶ

175 3456 443 3522 Ῥωμαῖοι
472 3458 869 3530 ἀταλαιπώρως
900 3464 1159 3532 κρατοῦσι
1189 3464 1289 3533 τῆς
1324 3466 1551 3529 πόλεως.
1594 3467 1739 3537 Αὕτη

160 3547 221 3597 δὲ
262 3547 296 3615 ή
327 3547 481 3607 πόλις
516 3550 547 3617 ἠ
580 3550 783 3603 Νίκαια
809 3552 906 3622 τὴν
943 3554 1041 3621 μὲν
1068 3554 1260 3623 κλῆσιν
1290 3556 1413 3622 ἄγει
1435 3558 1541 3608 ἀπὸ
1567 3559 1740 3619 traicio;

161 3636 408 3704 νύμφης,
438 3638 607 3707 ὄνομα
630 3640 897 3711 λαχούσης
933 3644 1029 3711 τὴν
1048 3645 1298 3709 Νίκαιαν,
1318 3647 1474 3717 ἔργον
1507 3648 1560 3699 δὲ
1580 3665 1741 3715 γεγο-

160 3727 252 3789 νὸς
271 3727 317 3759 ³³
333 3728 585 3782 Νικαέων
613 3731 721 3784 τῶν
757 3734 897 3802 μετὰ
928 3735 1273 3807 Ἀλεξάνδρου
1301 3740 1396 3808 μὲν
1413 3757 1738 3808 συστρατευ-

161 3818 401 3879 σάντων,
431 3822 567 3887 μετά
599 3820 653 3873 δὲ
686 3822 778 3875 τὸν
809 3824 1018 3877 ἐκείνου
1050 3827 1277 3880 θάνατον
1320 3831 1461 3881 κατά
1513 3831 1741 3899 ζήτησιν

156 3916 426 3983 πατρίδος
461 3920 665 3987 ταύτην
686 3937 745 3972 τε
786 3922 1086 3975 κτισάντων
1122 3926 1217 3977 καὶ
1254 3930 1735 3997 συνοικισαμένων.

156 4005 299 4080 [740
330 4009 373 4062 R
404 4009 421 4079 ]
472 4011 534 4062 Ἠ
578 4013 676 4079 μὲν
709 4008 803 4065 οὖν
830 4014 945 4077 ναῖς
977 4017 1009 4085 ἡ
1056 4017 1262 4070 Νίκαια
1310 4019 1526 4087 λέγεται
1576 4022 1735 4089 φῦναι

154 4098 476 4167 Σαγγαρίου
516 4102 609 4152 τοῦ
645 4104 784 4155 κατὰ
821 4105 919 4173 τὴν
963 4105 1145 4176 χώραν
1190 4109 1450 4163 δυνάστου
1498 4114 1589 4164 καὶ
1632 4116 1738 4165 Κυ-

153 4189 327 4257 ϐέλης
350 4205 364 4219 ⁸
399 4191 697 4261 παρθενίαν
718 4194 773 4245 δὲ
820 4196 1017 4264 μᾶλλον
1053 4200 1083 4266 ἢ
1128 4198 1227 4269 τὴν
1264 4203 1398 4271 πρὸς
1432 4204 1599 4273 ἄνδρα
1636 4223 1733 4257 πο-

152 4278 333 4331 θοῦσα
365 4282 602 4348 ὁμιλίαν,
636 4286 695 4336 ἐν
728 4286 875 4356 ὄρεσι
907 4289 1001 4340 καὶ
1031 4288 1227 4359 θήραις
1254 4292 1343 4343 τὸν
1370 4292 1481 4360 βίον
1503 4295 1627 4364 ἔσχε
1662 4296 1727 4348 ³⁸.

150 4369 377 4439 Ταύτης
402 4372 455 4424 δὲ
488 4374 740 4440 Διόνυσος
763 4380 858 4447 μὲν
886 4380 1015 4448 ἦρα,
1041 4382 1182 4449 ἐρῶν
1217 4383 1273 4435 δὲ
1301 4384 1399 4435 οὑκ
1439 4386 1725 4455 ἐτύγχανε.

1867 1908 2159 1969 adducens,
2188 1910 2438 1972 venisset.
2466 1924 2520 1965 et
2542 1910 2785 1969 Triarius
2816 1917 3032 1987 insuper
3064 1919 3429 1975 Romanorum

1865 1999 2191 2061 dux,.motis
2220 2000 2340 2054 inde
2371 2004 2585 2067 castris,
2620 2007 2909 2072 Apameam
2938 2010 3230 2074 obsideret,
3260 2016 3426 2078 cives,

1862 2107 1978 2145 cam
2017 2092 2322 2161 aliquandiu
2362 2112 2455 2164 pro
2508 2098 2711 2152 viribus
2764 2101 2874 2155 suis
2909 2103 3113 2157 bouem
3150 2108 3437 2163 sustinuis-

1861 2194 2001 2246 sent,
2022 2187 2224 2253 apertis
2252 2190 2466 2241 tandem
2492 2192 2664 2257 portis
2688 2208 2778 2247 eos
2806 2195 3166 2251 intrmnisere.
3204 2200 3424 2253 Pl'llb‘bln

1859 2277 2018 2329 etiam
2059 2279 2243 2331 urbem
2287 2277 2566 2335 Romanus
2605 2286 2877 2340 exercitus
2928 2291 3090 2355 cepit.
3133 2290 3282 2345 Jacet
3318 2294 3427 2347 haec

1860 2367 1923 2419 ad
1968 2366 2256 2435 Olympum
2290 2372 2430 2425 Asia:
2460 2386 2717 2428 montem.
2762 2374 2897 2430 IIinc
2933 2377 3249 2433 Prusiadem
3292 2386 3427 2435 mari

1860 2460 2169 2530 impositam
2211 2478 2331 2514 cum
2357 2465 2599 2519 exercitu
2628 2469 2759 2534 petit
2791 2482 2805 2520 :
2840 2467 3056 2522 Cicrum
3088 2471 3214 2524 olim
3247 2476 3423 2527 nomi-

1857 2554 2077 2607 nabant.
2102 2554 2217 2620 Quo
2231 2555 2391 2608 etiam
2406 2556 2744 2626 Argonautas
2764 2560 3052 2628 appulisse,
3072 2575 3125 2619 et
3141 2566 3425 2620 evanuisse

1859 2643 2045 2713 IIylam
2075 2656 2131 2699 et
2162 2646 2439 2700 Ilerculem
2464 2687 2479 2709 ,
2512 2651 2635 2702 dum
2668 2652 2892 2719 requirit
2922 2668 3042 2706 eum
3068 2696 3083 2719 ,
3120 2657 3423 2711 circumva—

1855 2746 2058 2802 gatum,
2092 2736 2363 2804 multaque
2389 2738 2437 2790 id
2463 2754 2631 2808 genus
2655 2741 2758 2794 alia
2804 2745 3118 2813 contigisse,
3145 2749 3282 2800 fama
3316 2760 3416 2801 est.

1859 2827 1923 2881 Ut
1947 2828 2063 2880 urbi
2091 2831 2562 2899 appropinquavit,
2603 2833 2761 2888 facile
2786 2835 3101 2893 Prusienses
3122 2856 3242 2893 eum
3273 2858 3419 2895 recta.

1854 2932 2066 2986 perunt,
2100 2920 2335 2976 Ponticis
2368 2923 2574 2990 ejectis.
2622 2926 2752 2979 Inde
2794 2924 3005 2989 Nicazte,
3048 2945 3207 2997 quam
3243 2935 3422 2999 przesi-

1854 3011 1995 3063 (lium
2029 3011 2350 3068 Mithridatis
2384 3016 2618 3079 tenebat,
2672 3019 2929 3075 imminet.
2982 3020 3184 3076 Pontici
3215 3034 3415 3091 autem,

1853 3099 2121 3153 intellecto
2172 3103 2315 3156 cives
2365 3104 2557 3157 animis
2608 3107 2672 3158 ad
2731 3106 3000 3163 Romanos
3060 3115 3414 3181 pt-Opendrre,

1854 3200 2012 3243 noctu
2063 3206 2120 3244 se
2166 3193 2230 3244 ad
2283 3191 2646 3249 Mithridatem
2689 3196 3052 3254 Nicomediam
3087 3206 3412 3261 subducunt.

1853 3278 2080 3333 Romani
2124 3283 2283 3349 igitur
2328 3286 2445 3337 sine
2498 3287 2741 3341 molestia
2788 3292 2970 3345 urbem
3009 3310 3118 3348 suae
3164 3303 3411 3364 potestati

1850 3370 2164 3440 subjiciunt.
2205 3373 2327 3428 llaec
2374 3377 2502 3429 urbs
2545 3394 2737 3433 nomen
2780 3383 2992 3438 deducit
3031 3401 3059 3437 a
3096 3386 3258 3441 Naide
3288 3405 3415 3456 qna-

1848 3463 1969 3513 dam
2018 3466 2273 3531 nympha,
2322 3468 2407 3519 cui
2454 3466 2647 3524 Nicaeae
2696 3488 2910 3537 nomen,
2959 3486 3011 3530 et
3052 3492 3185 3544 opus
3212 3489 3293 3533 est
3326 3480 3415 3532 Ni-

1844 3557 2130 3608 czcensiutn
2158 3597 2172 3620 ,
2204 3560 2294 3627 qui
2335 3561 2384 3611 in
2437 3562 2725 3618 Alexandri
2770 3569 3009 3622 exercitu
3063 3570 3277 3626 fuerunt
3311 3593 3324 3627 :
3358 3585 3411 3628 et

1847 3655 1969 3710 post
1996 3646 2110 3713 ejus
2161 3648 2456 3713 interitum,
2502 3652 2627 3703 dum
2665 3656 2895 3721 patriam
2937 3673 3274 3727 receperunt,
3311 3663 3410 3717 hac

1845 3735 1975 3790 urbe
2002 3752 2030 3789 a
2062 3752 2120 3791 se
2143 3741 2356 3793 condita
2389 3752 2442 3796 et
2480 3742 2845 3811 frequentata,
2884 3748 2938 3803 in
2983 3751 3251 3806 civitatem
3284 3771 3407 3808 eaa-

1843 3825 2077 3882 Iueruat.
2118 3828 2247 3884 Nais
2287 3842 2466 3885 autem
2501 3833 2589 3888 illa
2636 3832 2809 3890 Nicaea
2845 3835 3131 3907 Sangario,
3178 3843 3277 3897 loci
3321 3861 3407 3898 re-

1841 3919 1984 3986 gulo,
2014 3929 2067 3973 et
2092 3920 2287 3992 Cybele
2321 3934 2443 3976 nata
2484 3925 2673 3980 fertur.
2703 3928 2831 3995 Quae
2864 3945 2986 3985 cum
3010 3932 3211 3999 utajore
3241 3937 3405 4004 virgi~

1842 4012 2025 4064 nitatis
2068 4014 2336 4069 desiderio
2370 4033 2528 4085 quam
2580 4023 2984 4077 consuetudinis
3032 4024 3241 4096 234a
3284 4046 3404 4082 cunt

1838 4102 1975 4168 viro,
2004 4113 2294 4172 teneretur,
2327 4109 2377 4159 in
2408 4110 2677 4164 montibus
2706 4120 2761 4165 et.
2795 4116 3069 4169 venatibus
3093 4118 3253 4170 vitam
3274 4120 3401 4188 egit.

1838 4192 2078 4249 Bacchus
2113 4198 2327 4266 quidem
2373 4199 2613 4255 etIlietim
2657 4214 2801 4259 amat
2848 4207 3100 4274 puellam,
3151 4213 3244 4263 sed
3291 4203 3439 4267 haec'

1836 4304 2075 4344 amorem
2112 4290 2422 4348 frustratur.
2459 4294 2684 4359 Quando
2716 4298 2878 4368 igitur
2913 4301 3021 4354 voti
3047 4316 3266 4369 compos
3297 4302 3401 4357 alia

1838 4382 2045 4434 ratione
2092 4384 2205 4437 fieri
2245 4386 2445 4453 nequit,
2480 4386 2707 4443 fallaciis
2738 4391 2954 4459 explere
2989 4394 3152 4446 animi
3188 4396 3401 4449 deside-

149 4462 245 4529 Μὴ
281 4465 565 4532 τυγχάνων
586 4468 643 4518 δὲ
679 4474 950 4538 μηχαναῖς
978 4472 1037 4523 τὸ
1068 4474 1252 4526 λεῖπον
1281 4478 1343 4544 τῇ
1372 4478 1567 4550 γνώμῃ
1588 4481 1720 4531 ἁνα-

1838 4474 1972 4526 rium
2006 4474 2253 4529 instituit.
2289 4478 2419 4530 Nam
2464 4479 2663 4533 fontem
2686 4519 2701 4544 ,
2742 4498 2807 4536 ex
2838 4500 2944 4552 quo
2974 4484 3144 4537 Nicaea
3179 4502 3206 4539 a
3239 4504 3399 4540 vena-

147 4554 401 4622 πληροῦν
438 4559 729 4627 ἐπεχείρει.
779 4563 981 4631 Πληροῖ
1022 4566 1203 4618 τοίνυν
1248 4568 1345 4638 τὴν
1376 4571 1602 4639 κρήνην,
1635 4571 1729 4640 ἀφ’

144 4639 214 4714 ἧς
249 4644 442 4698 εἴωθεν
473 4649 515 4679 ³⁷
546 4651 578 4720 ἡ
614 4652 817 4704 Νίκαια
844 4655 1016 4706 πίνειν
1044 4656 1263 4710 ἐπειδάν
1289 4660 1396 4711 ἀπὸ
1421 4662 1518 4729 τῆς
1552 4662 1726 4731 θήρας

146 4736 457 4808 κοπωθείη,
488 4740 610 4793 ἀντὶ
632 4742 724 4794 τού
764 4744 951 4806 ὓδατος
989 4748 1152 4799 οἴνου.
1205 4749 1269 4801 Ἥ
1302 4750 1355 4801 δὲ
1387 4752 1555 4819 μηδὲν
1594 4773 1721 4808 συν-

144 4827 325 4879 ειδυῖα
357 4831 450 4881 καὶ
484 4829 545 4882 τὸ
579 4832 767 4897 είωθὸς
812 4836 1042 4888 ποιοῦσα
1083 4837 1127 4869 ³⁸
1170 4841 1493 4909 έμφορεῖταί
1530 4862 1591 4896 τε
1625 4848 1718 4898 τοῦ

142 4919 434 4973 ἐπιϐούλου
490 4922 747 4991 νάματος,
809 4928 900 4979 καὶ
947 4928 1211 4999 ὑπηρετεῖ
1244 4935 1335 4985 καὶ
1392 4936 1598 4989 ἄκουσα
1652 4939 1729 5008 τῷ

143 5010 452 5080 βουλήματι
476 5013 570 5067 τοῦ
596 5018 825 5086 ἐραστοῦ
851 5036 867 5050 ο
898 5019 1069 5090 μέθης
1096 5023 1202 5093 γάρ
1235 5026 1404 5078 αύτίιν
1437 5029 1530 5081 καὶ
1557 5028 1724 5083 ὕπνου

139 5100 419 5156 λαϐόντων
455 5106 482 5157 ὃ
510 5123 567 5157 τε
600 5108 850 5172 Διόνυσος
894 5112 1030 5182 αὐτῇ
1059 5114 1430 5182 ἐπιμίγνυται,
1467 5121 1558 5170 καὶ
1594 5124 1717 5172 παῖ-

138 5191 331 5258 δας⁰ὲξ
363 5196 535 5264 αὐτῆς
562 5199 685 5265 φύει
713 5201 951 5270 Σάτυρόν
994 5220 1052 5255 τε
1104 5207 1195 5257 καὶ
1239 5207 1481 5277 ἐτέρους.
1539 5212 1603 5262 υἱ
1658 5212 1713 5262 δὲ

138 5284 389 5349 Νικαεῖς,
440 5288 490 5341 οἳ
520 5289 617 5359 τὴν
661 5292 814 5345 πόλιν
848 5295 1073 5364 ἤγειραν
1116 5299 1209 5350 καὶ
1248 5298 1573 5369 συνῴκισαν,
1610 5303 1710 5354 Νί-

139 5390 304 5427 καιαν
335 5372 485 5446 εἶχον
514 5380 746 5447 πατρίδα
788 5383 1025 5449 Φωκίδος
1053 5388 1270 5453 γείτονα
1299 5408 1310 5419 ·
1350 5391 1488 5459 πρδς
1518 5394 1583 5462 ἦν
1618 5395 1710 5446 καὶ

1843 4564 1983 4616 tione
2014 4565 2220 4619 defessa
2256 4569 2435 4621 bibere
2483 4572 2719 4636 solebat,
2759 4574 2879 4626 vino
2913 4590 3009 4642 pro
3040 4593 3173 4644 aqua
3210 4578 3396 4646 replet.

1836 4654 2019 4722 anue
2068 4656 2196 4709 nihil
2246 4660 2537 4725 suspicata,
2587 4663 2710 4714 dtuu
2762 4678 2858 4730 pro
2910 4682 3058 4719 more
3098 4683 3196 4721 suo
3246 4670 3396 4728 bibit,

1834 4745 2076 4801 fallacem
2110 4749 2243 4801 intra
2280 4766 2339 4804 se
2367 4753 2544 4806 haurit
2570 4753 2829 4823 liquorem
2862 4774 2873 4812 :
2910 4768 2963 4810 et
3000 4759 3079 4811 sic
3105 4760 3397 4826 quamlibet

1832 4838 2017 4903 invita,
2052 4841 2283 4895 amantis
2330 4842 2604 4911 cupiditati
2647 4848 2933 4903 subservit.
2982 4848 3127 4904 Mero
3173 4851 3313 4903 enim
3343 4864 3395 4904 rt

1829 4946 2019 4985 somno
2056 4942 2357 5001 correptam
2391 4933 2550 4988 Liber
2589 4940 2895 5007 comprimit
2918 4980 2930 5001 ,
2962 4952 3015 4994 et
3047 4941 3297 5012 Satyrum
3327 4959 3390 4997 ex

1826 5039 1887 5077 ea
1948 5024 2254 5095 liberosque
2296 5027 2429 5081 alios
2487 5032 2732 5099 suscipit.
2793 5032 3096 5089 Nicaeenses
3139 5048 3313 5089 autem
3363 5054 3391 5089 a

1826 5115 2019 5183 quibus
2051 5118 2281 5171 excitata
2315 5130 2395 5172 est
2437 5119 2643 5185 Nicaea.
2674 5134 2727 5176 et
2760 5125 2975 5179 sedibus
3015 5127 3349 5195 frequentata
3374 5170 3387 5190 ,

1826 5206 2055 5272 primtun
2101 5220 2255 5261 erant
2298 5210 2458 5263 VIt'IlIi
2522 5210 2740 5265 I‘ltocidi
2778 5232 2790 5268 :
2836 5218 2928 5268 sed
2976 5218 3116 5283 quod
3166 5218 3389 5270 subinde

1825 5300 2184 5365 rebellarent,
2237 5301 2539 5358 Phocenses
2576 5308 2787 5359 tandem
2832 5309 3001 5376 patria
3049 5325 3142 5363 eos
3174 5311 3388 5377 expule-

1825 5403 1982 5456 runt,
2038 5405 2091 5447 et
2126 5405 2182 5448 ut
2228 5396 2359 5450 mbs
2401 5396 2585 5451 eo'rtun
2628 5415 2813 5454 eversa
2850 5400 3152 5466 deleretur,
3192 5421 3384 5472 magno

1399 5482 1635 5537 VAIU/E
1669 5484 2069 5541 LECTIONES.

205 5559 249 5640 τε
284 5559 718 5640 ξιήρπαζον-Α-ι-
743 5566 1045 5640 διέφθειρον
1074 5591 1132 5636 ς.

138 5627 464 5684 Schaeferus.

140 5698 363 5779 bimend.
398 5701 453 5765 2,
488 5701 559 5779 2.Δ
654 5706 720 5779 ³⁸-
750 5698 837 5759 διά
865 5698 966 5779 τῆς
998 5698 1208 5778 νυκτὸς.

139 5768 456 5825 Seba-ferus.
518 5775 560 5804 ³⁸
601 5776 796 5828 πιοῦσα
839 5796 887 5841 ς.

1244 5578 1287 5607 ²⁹
1322 5578 1538 5629 αἷσιπον
1561 5582 1604 5631 Λ
1632 5596 1645 5630 :
1678 5580 1937 5633 αἴσιππον
1970 5600 2028 5645 ς.

580 5635 621 5665 ³³
648 5636 882 5720 [ξίεροβ]
907 5635 1059 5720 -Kip;
1086 5635 1431 5720 Palmerius.
1470 5652 1561 5720 cfs
1584 5649 1903 5719 Wcsseling.
1942 5635 2015 5710 ait
2039 5635 2283 5705 Itinerar:
2339 5635 2460 5707 \et.
2488 5635 2560 5720 ip.

907 5710 966 5779 ῆς
998 5710 1208 5778 νυκτὸς.
1314 5718 1357 5748 ³⁵
1389 5719 1630 5789 γεγονὸς]
1668 5710 1881 5786 γέγονεν
1900 5723 2027 5789 Step
2054 5738 2222 5776 anus.

2833 5590 2871 5618 ³¹
2906 5589 3152 5659 διέκειτο]
3208 5594 3382 5646 ἔκειτο

2816 5659 2856 5688 ³-⁸
2888 5665 3164 5730 προυσιξῖς
3204 5664 3375 5716 Vale»

2574 5728 2612 5776 Α
2650 5745 2661 5778 :
2690 5728 2998 5796 κατέσχετ’
3103 5733 3142 5760 ³⁷
3173 5734 3351 5784 εἰώθει

2109 5584 2154 5613 ³⁸
2192 5584 2608 5654 ἀπροσδοκήτως
2652 5605 2709 5650 ς.

2329 5726 2370 5754 ³⁸
2402 5726 2522 5793 ἔσχε
