4208 6448
761 387 865 451 919

1904 386 2159 446 ΡΗΟΤΙΙ
2204 386 2705 447 PATRIARCIUS
2748 389 2852 448 CP.

3902 382 4012 446 920

765 504 1113 575 perfecerunt
1151 506 1348 559 studio.
1384 504 1557 558 Niczra
1584 516 1711 568 ergo
1748 502 1847 555 hoc
1881 501 2038 555 modo
2070 500 2377 568 appellata}

2443 500 2692 561 πολλάκις
2728 501 3115 559 στασιάσαντες
3155 497 3243 548 ὑπ’
3287 497 3459 565 αὐτῆς
3508 497 3724 565 ἐκείνης
3779 496 4014 567 ὕστερον

762 608 820 649 et
852 599 1064 650 condita
1114 596 1255 649 fuit:
1296 606 1455 664 atque
1497 597 1548 648 iu
1600 593 1965 646 Romanorum
2002 603 2321 661 potestatem

768 692 1000 743 tlm‘ellil.

2431 592 2527 659 τὴν
2554 592 2790 659 πατρίδα
2823 591 3197 659 ἀφῃρέθησαν,
3227 590 3613 659 καταστροφὴν
3656 590 3865 661 ταύτης
3918 594 4015 644 καὶ

2436 686 2738 751 ἀφανισμὸν
2769 683 2876 733 τῶν
2912 686 2967 735 ἐν
3009 686 3076 751 τῇ
3114 681 3311 732 Φωκίδι
3355 680 3525 749 πολλῇ
3582 683 3787 751 σπουδῇ
3841 700 4015 734 κατα-

771 783 1153 852 πραξαμένων.
1197 781 1337 834 Ἀλλ’
1364 784 1397 846 ἡ
1432 783 1526 851 μὲν
1548 783 1748 834 Νίκαια
1778 778 1923 831 οὕτω
1947 796 2005 831 τε
2026 781 2126 849 τὴν
2152 778 2344 846 κλῆσιν
2374 779 2468 828 καὶ
2527 778 2624 843 τὴν
2670 777 2955 844 οἰκοδομὴν
3034 774 3181 841 ἔσχε,
3233 774 3327 825 καὶ
3396 772 3538 825 οὓτω
3615 773 4013 843 προσεχώρησε

783 880 1089 949 Ῥωμαίοις.

1214 996 1338 1050 CAP.
1383 993 1649 1048 XLIV.—
1674 993 2001 1047 Mithridates
2027 994 2159 1047 cedit
2188 990 2354 1044 Cotta:
2380 1003 2423 1044 et
2460 990 2692 1049 Triario,
2727 998 2777 1040 ct
2811 998 2928 1040 astu
2968 986 3277 1039 Heracleam
3310 999 3545 1052 occupat.

856 1112 1121 1166 Creterum
1194 1102 1526 1166 Mithridates
1584 1112 1918 1167 Nicomedem
1984 1112 2331 1165 subsistebat.

768 1200 921 1250 Cotta
973 1212 1173 1261 autem,
1210 1201 1485 1265 superiora
1520 1203 1712 1252 damna
1760 1200 2024 1252 resarcire
2068 1200 2271 1260 volens,
2305 1214 2333 1249 a

770 1290 1107 1343 Chalcedone
1133 1332 1148 1353 ,
1181 1292 1267 1342 ubi
1318 1294 1710 1353 succuhuerat,
1753 1290 2124 1343 Nlcomedeam
2153 1287 2336 1355 copias

774 1380 1063 1442 transfert,
1105 1392 1158 1434 ct
1198 1381 1300 1435 150
1333 1384 1504 1435 stadia
1537 1382 1603 1433 ab
1643 1383 1773 1434 urbe
1810 1390 1983 1434 castra
2018 1388 2273 1443 metatus,
2304 1395 2332 1431 a

769 1473 1118 1527 dimicatione
1146 1483 1318 1527 cavet.
1352 1473 1447 1535 Ibi,
1486 1489 1676 1542 magna
1702 1473 1937 1525 adhibita
1972 1472 2332 1533 festinatione,

767 1562 948 1615 citatis
984 1562 1266 1616 itineribus
1304 1562 1514 1615 Cottam
1551 1573 1742 1628 sponte
1782 1577 1875 1614 sua
1909 1560 2150 1613 Triarius
2186 1573 2334 1612 asse-

764 1653 967 1719 quitur,
1011 1663 1064 1706 et
1116 1653 1452 1706 Mithridates
1498 1655 1551 1705 in
1594 1653 1777 1704 urbem
1830 1664 1889 1703 se
1935 1651 2144 1717 recipit.
2194 1648 2329 1701 Tum

766 1753 991 1810 uterque
1037 1743 1312 1796 Romanus
1339 1744 1611 1795 exercitus
1640 1742 1703 1793 ad
1735 1741 2188 1808 oppugnationem
2218 1739 2331 1804 ejus

763 1850 821 1886 se
855 1844 1027 1902 parat.
1073 1836 1139 1886 At
1171 1850 1263 1887 rex
1296 1835 1513 1903 cognito
1545 1834 1756 1899 gemino
1808 1832 2056 1885 conﬂictu
2104 1832 2328 1895 navali,
2368 1867 2409 1924 Β

762 1938 864 1989 qua
900 1923 1045 1977 circa
1084 1921 1378 1986 Tenedum,
1426 1939 1529 1991 qua
1561 1924 1613 1975 in
1646 1922 1778 1975 mari
1820 1921 1988 1991 Egeo
2018 1920 2271 1975 Ponticos
2302 1937 2331 1973 a

764 2015 985 2069 Lucullo
1014 2017 1207 2081 victos,
1238 2031 1336 2068 nec
1376 2029 1557 2084 parem
1588 2030 1646 2069 se
1678 2016 1741 2066 ad
1778 2016 2168 2068 occurrendum
2199 2030 2335 2081 pra:-

760 2110 1007 2161 sentibus
1034 2109 1396 2162 Romanorum
1420 2107 1590 2174 copiis
1614 2120 1752 2169 esse,
1780 2105 2005 2159 claSsem
2033 2106 2083 2158 in
2116 2104 2332 2157 ﬂuvium

766 2210 912 2252 retro
952 2207 1150 2259 movet,
1178 2208 1233 2251 et
1264 2198 1412 2267 gravi
1439 2208 1718 2264 correptus
1760 2208 2097 2264 tempestate,
2132 2197 2336 2262 aliquot

762 2293 1013 2346 triremes
1056 2292 1255 2344 amittit
1284 2310 1295 2343 :
1333 2292 1445 2359 ipse
1474 2300 1654 2344 tamen
1696 2307 1816 2344 cum
1870 2292 2111 2353 plurimis
2144 2292 2194 2342 in
2228 2291 2336 2359 Hy-

761 2387 905 2452 pium
956 2382 1176 2436 ﬂuvium
1220 2382 1481 2437 defertur.
1526 2380 1657 2443 Hic,
1709 2398 1828 2435 cum
1877 2391 2171 2449 tempestas
2212 2398 2334 2435 eum

762 2486 1027 2540 moratur,
1083 2477 1266 2528 audito
1325 2472 1653 2527 Lamachum
1706 2472 2126 2535 Heraclieusem,
2176 2489 2333 2541 quem

760 2571 983 2635 antiquo
1023 2568 1277 2620 amicitiae
1331 2566 1533 2620 [uadere
1586 2566 1903 2618 obstrictum
1957 2566 2213 2628 haberet,
2270 2566 2334 2617 ad

766 2658 1069 2725 reipublica:
1101 2656 1520 2723 gubernaculum
1565 2656 1791 2716 sedere,
1836 2655 2017 2707 multis
2064 2658 2334 2707 hominem

763 2750 1046 2815 promissis
1104 2746 1351 2805 attraxit,
1392 2756 1453 2799 ut
1503 2747 1603 2798 sibi
1673 2746 1723 2797 iu
1787 2745 1970 2798 urbem
2030 2747 2336 2812 recipiendo

762 2854 980 2907 operam
1016 2842 1190 2891 daret.
1236 2837 1499 2890 Pecunias
1526 2838 1688 2889 etiam
1724 2839 1940 2887 miserat
1970 2837 2070 2889 hoc
2096 2840 2333 2891 nomine.

764 2930 862 2983 Hie
888 2946 1007 2998 qua:
1048 2938 1351 2997 rogaverat,
1384 2928 1470 2981 ille
1494 2937 1729 2995 praestat.
1765 2927 1983 2980 Publico
2012 2928 2154 2978 enim
2188 2940 2335 2979 extra

772 3024 957 3077 urbem
1006 3024 1166 3090 epulo
1212 3021 1421 3075 civibus
1492 3030 1767 3087 apparatu,
1819 3018 1920 3073 ειη»
1962 3020 2102 3087 quod
2144 3017 2335 3086 2341)

763 3119 975 3169 clausas
1020 3132 1078 3169 se
1126 3132 1228 3167 non
1276 3115 1587 3166 hahitnruut
1637 3124 1821 3179 portas
1875 3112 2030 3165 (idem
2091 3113 2333 3174 dederat,

2513 1107 2851 1176 Μιθριδάτης
2874 1106 2928 1158 δὲ
2964 1108 3020 1158 ἐν
3047 1108 3112 1174 τῇ
3144 1106 3483 1175 Νικομηδείᾳ
3505 1104 3761 1173 διέτριϐε.
3799 1106 4015 1167 Κόττας

2440 1199 2496 1251 δὲ
2540 1198 2857 1266 βουλόμενός
2897 1214 2949 1249 τι
2994 1198 3101 1248 τῶν
3131 1195 3699 1266 προδιημαρτημένων
3731 1198 3772 1227 ³⁸
3808 1198 4013 1248 ἀναλα-

2440 1291 2555 1342 ϐεῖν
2605 1284 2738 1359 ἧκεν
2786 1291 2893 1344 ἀπὸ
2937 1290 3277 1357 Καλχηδόνος
3308 1290 3375 1349 ⁸⁸,
3406 1291 3461 1339 ἐν
3506 1282 3549 1355 ᾧ
3603 1288 3826 1358 ἥττητο,
3874 1291 4013 1358 πρὸς

2439 1384 2536 1453 τὴν
2579 1382 2964 1450 Νικομήδειαν,
3016 1380 3107 1433 καὶ
3147 1379 3564 1447 στρατοπεδεύει
3592 1376 3631 1428 ν’
3665 1380 3759 1430 καὶ
3796 1388 3841 1449 ρ’
3874 1397 4008 1432 στα-

2440 1475 2567 1526 δίων
2612 1474 2709 1541 τῆς
2744 1472 2948 1533 πόλεως
2986 1471 3209 1533 ἄποθεν,
3238 1470 3339 1539 τὴν
3380 1470 3655 1539 συμϐολὴν
3683 1472 3780 1539 τῆς
3832 1472 4015 1541 μάχης

2440 1563 2931 1631 ύπευλαϐούμενος.
2981 1562 3411 1629 Καταλαμϐάνει
3447 1562 3504 1614 δὲ
3548 1564 3761 1615 Κότταν
3805 1567 4014 1632 σπουδῇ

2439 1656 2605 1724 πολλῇ
2659 1654 2985 1721 αὐτόκλητος
3038 1655 3066 1705 ό
3122 1653 3166 1682 ⁶¹
3215 1654 3495 1721 Τριάριος,
3546 1654 3638 1704 καὶ
3678 1653 4015 1721 Μιθριδάτου

2438 1747 2894 1814 ὑποχωρήσαντος
2941 1745 3020 1804 είς
3059 1742 3157 1810 τὴν
3212 1744 3367 1795 πόλιν
3416 1744 3757 1810 ἑκατέρωθεν
3806 1744 4017 1811 ταύτην

2439 1836 2748 1903 πολιορκεῖν
2775 1835 2834 1885 τὸ
2875 1834 3179 1902 Ῥωμαϊκὸν
3207 1832 3652 1902 παρεσκευάζετο
3675 1834 4013 1902 στράτευμα.

2450 1930 2601 1981 Ἑπεὶ
2646 1928 2702 1979 δέ
2750 1930 2778 1979 ὁ
2828 1926 3079 1995 βασιλεὺς
3127 1927 3456 1978 ἐπυνθάνετο
3499 1926 3617 1977 δυσὶ
3656 1927 4014 1994 ναυμαχίαις,

2439 2023 2500 2087 τῇ
2540 2020 2637 2087 μὲν
2678 2020 2806 2088 περὶ
2831 2018 3056 2069 Τένεδον
3084 2021 3149 2085 τῇ
3189 2017 3245 2068 δέ
3286 2016 3428 2069 κατὰ
3468 2017 3557 2068 τὸν
3594 2017 3839 2082 Αἴγαιον,
3879 2019 4016 2069 Asu-

2439 2112 2625 2162 κόλλου
2673 2109 3035 2177 πολεμοῦντος
3065 2110 3187 2169 τοὺς
3221 2110 3511 2169 Ποντικοὺς
3541 2108 3880 2175 νενικῆσθαι,
3924 2108 4018 2158 καὶ

2436 2204 2535 2254 οὐκ
2582 2202 2878 2270 ἀξιόμαχον
2920 2202 3079 2252 αὑτὸν
3128 2202 3261 2270 πρὸς
3304 2202 3400 2268 την
3434 2200 3563 2269 [58.5
3596 2198 3686 2269 H.]
3734 2200 4018 2266 παροῦσαν

2436 2296 2662 2363 δύναμιν
2708 2294 2994 2361 Ῥωμαίων
3035 2296 3241 2362 ἠγεῖτο,
3282 2293 3379 2362 τὴν
3430 2292 3682 2343 ἐπίϐασιν
3725 2292 3803 2361 τῷ
3849 2292 4022 2359 στόλῳ

2439 2389 2515 2445 εἰς
2560 2386 2651 2436 τὸν
2696 2386 2940 2453 ποταμὸν
2993 2385 3037 2414 δ’
3094 2384 3339 2444 ἀνέπλει,
3396 2386 3487 2435 καὶ
3524 2382 3740 2451 σφοδρῷ
3788 2384 4019 2451 χειμῶνι

2440 2478 2752 2547 περιπεσὼν
2777 2480 2931 2536 τινας
2988 2479 3083 2545 μὲν
3112 2477 3219 2527 τῶν
3252 2478 3493 2545 τριήρων
3514 2476 3830 2533 ἀποῦάλλει,
3855 2477 4020 2537 αὐτὸς

2438 2570 2493 2619 δὲ
2544 2568 2681 2637 μετὰ
2718 2568 2825 2618 τῶν
2857 2569 3115 2620 πλειόνων
3144 2569 3225 2629 είς
3257 2568 3345 2619 τὸν
3378 2569 3576 2619 ’Ύπιον
3613 2568 3854 2635 ποταμὸν
3884 2583 4021 2618 κατ-

2438 2659 2661 2727 ηνέχθη.
2705 2659 2848 2709 Ἐκεῖ
2874 2657 2930 2709 δὲ
2966 2659 3055 2710 διὰ
3090 2658 3183 2708 τὸν
3218 2658 3461 2725 χειμῶνα
3491 2658 3782 2725 διατρίϐων
3832 2658 4022 2725 Λάμα-

2440 2770 2532 2820 χον
2557 2752 2647 2803 τὸν
2696 2751 3103 2819 Ἡρακλεώτην,
3135 2750 3319 2817 φιλίαν
3350 2750 3488 2816 ἒχων
3534 2750 3669 2816 πρὸς
3715 2750 3878 2800 nam
3908 2766 4019 2801 παο

2439 2844 2613 2906 λαιὰν,
2650 2843 2834 2911 μαθὼν
2864 2844 2908 2873 ⁸³
2946 2843 3133 2912 ἄρχειν
3169 2841 3267 2909 τῆς
3294 2840 3589 2901 πολιτείας,
3628 2841 3850 2901 πολλαῖς
3886 2842 4024 2891 ὑπο-

2442 2937 2692 3005 σχέσεσιν
2723 2934 2901 2988 εἷλκεν
2924 2935 3063 2986 ὥστε
3104 2936 3517 3000 παρασκευάσαι
3556 2934 3714 2985 αὑτὸν
3749 2935 3804 2983 ἐν
3826 2937 3891 3001 τῇ
3925 2936 4028 2985 πό-

2441 3030 2521 3080 λει
2571 3029 3007 3096 παραδεχθῆναι.
3048 3029 3303 3095 Ἐπεμπε
3344 3028 3399 3077 δέ
3434 3028 3527 3078 καὶ
3566 3028 3820 3095 χρήματα
3846 3043 3861 3056 ⁶
3896 3029 3924 3077 ὁ
3966 3026 4026 3078 δὲ

2443 3119 2714 3169 ἀντεδίδου
2764 3119 2863 3185 τὴν
2923 3118 3157 3185 αἴτησιν,
3220 3118 3313 3168 καὶ
3361 3118 3707 3184 δημοθοινίαν
3767 3117 3870 3178 ἔξω
3914 3117 4026 3183 τῆς

766 3223 918 3260 inero
952 3206 1202 3275 populum
1241 3206 1444 3257 inescat
1468 3242 1481 3265 ,
1521 3213 1682 3269 utque
1712 3216 1773 3255 eo
1814 3204 1926 3269 ipso
1963 3202 2049 3253 die
2087 3217 2150 3253 ex
2187 3199 2377 3255 com-t

2447 3209 2655 3269 πόλεως
2701 3208 3093 3277 λαμπροτάτην
3146 3210 3705 3276 παρασκευασάμενος
3756 3211 3869 3268 τοῖς
3921 3224 4023 3258 πο-

770 3311 929 3362 paCto
987 3295 1323 3347 Mithridates
1374 3295 1716 3361 superveniat
1762 3292 1903 3355 illis,
1954 3294 2042 3343 dat
2092 3306 2334 3358 operam.

769 3388 954 3454 Itaque
989 3402 1086 3438 nec
1109 3384 1307 3437 olfactu
1347 3382 1671 3435 Mithridatis
1701 3383 1950 3445 adventu,
1988 3384 2116 3435 urbs
2140 3384 2189 3434 in
2225 3381 2340 3447 ejus

769 3477 1053 3530 arbitrium
1089 3476 1254 3527 venit.
1295 3474 1561 3527 Postridie
1599 3474 1805 3541 plebem
1858 3489 1947 3525 rex
1993 3484 2338 3525 convocatam

775 3568 963 3620 amicis
1014 3568 1259 3619 hortatur
1308 3566 1507 3626 verbis,
1567 3575 1730 3631 utque
1783 3564 1938 3617 tidem
1991 3580 2115 3631 erga
2168 3566 2339 3632 ipsum

773 3672 985 3711 tueatur
1047 3661 1342 3719 hortatus,
1417 3657 1820 3723 Counacorigi,
1892 3672 2011 3708 cmn
2092 3658 2342 3722 prmsidto

774 3748 803 3801 4
842 3748 1088 3811 millium,
1136 3748 1323 3797 urbem
1358 3746 1763 3799 custodiendam
1814 3746 1996 3796 tradit.
2041 3743 2343 3798 Prmtextus

769 3849 909 3901 erat,
957 3842 1301 3892 defensurum
1335 3852 1392 3891 se
1422 3840 1585 3899 cives,
1636 3837 1679 3889 si
1724 3836 1955 3889 Romani
1988 3837 2115 3904 quid
2154 3849 2342 3889 contra

772 3932 1083 3995 moliantur,
1106 3942 1159 3984 et
1186 3939 1655 3983 conservaturum.
1692 3928 1827 3981 Hinc
1852 3928 2154 3982 distributis
2181 3930 2230 3980 in
2263 3930 2343 3981 ci-

768 4038 882 4082 ves,
919 4023 1151 4074 maxime
1176 4023 1226 4073 iu
1259 4022 1626 4088 magistratus,
1667 4020 1930 4085 pecuniis,
1968 4034 2156 4072 versus
2183 4019 2343 4073 Sino-

770 4129 892 4181 pem
932 4114 1291 4183 navigationis
1320 4129 1535 4165 cursum
1569 4113 1771 4179 dirigit.

2441 3301 2638 3362 λίταις,
2663 3300 2756 3349 καὶ
2779 3300 2823 3329 ⁸⁸
2841 3300 3013 3368 ταύτῃ
3056 3299 3186 3367 μηδέ
3209 3301 3309 3360 τὰς
3335 3299 3509 3361 πύλας
3538 3299 3682 3365 ἔχειν
3703 3315 4029 3366 παρεγγυη-

2445 3392 2675 3458 σάμενος
2722 3388 3135 3456 κεκλεισμένας,
3176 3388 3416 3455 μεθύσας
3454 3405 3516 3440 τε
3569 3389 3660 3440 τὸν
3708 3387 3901 3455 δῆμον,
3961 3390 4030 3437 ἐκ

2444 3482 2791 3550 συνθήματος
2824 3482 2963 3532 κατὰ
3008 3480 3103 3548 τὴν
3141 3481 3309 3547 αὐτὴν
3339 3480 3555 3548 ἡμέραν
3592 3478 3885 3545 ἐφεστάναι
3930 3478 4032 3530 λάο

2444 3574 2548 3642 θρᾳ
2578 3570 3102 3641 προπαρασκευάζει
3127 3573 3171 3601 ⁸⁸
3199 3571 3289 3622 τὸν
3326 3570 3685 3639 Μιθριδάτην.
3714 3569 3825 3620 Καὶ
3850 3568 4031 3628 οὕτως

2446 3665 2478 3730 ὴ
2525 3663 2699 3723 πόλις,
2756 3662 2891 3729 μηδέ
2936 3662 3033 3730 τὴν
3078 3662 3261 3728 ἄφιξιν
3312 3660 3651 3727 αἰσθομένων
3694 3660 3804 3711 τῶν
3864 3660 4034 3727 Ἦρα-

2446 3752 2720 3817 κλεωτῶν,
2760 3753 2863 3803 ύπὸ
2890 3755 3048 3822 χεῖρα
3097 3752 3404 3821 Μιθριδάτῃ
3453 3752 3681 3817 γίνεται.
3736 3751 3814 3819 Τῇ
3854 3750 4035 3803 ἐπαύ-

2451 3862 2562 3912 ριον
2594 3844 2651 3895 δὲ
2686 3845 3032 3909 συγκαλέσας
3062 3845 3124 3895 τὸ
3172 3843 3374 3911 πλῆθος
3409 3846 3435 3895 ὁ
3478 3844 3751 3912 βασιλεὺς,
3792 3844 3887 3894 καί
3931 3859 4029 3907 φι-

2447 3935 2581 3997 λίοις
2628 3935 3027 4004 δεξιωσάμενος
3072 3934 3272 4001 λόγοις,
3325 3936 3421 3986 καὶ
3474 3935 3573 4003 τὴν
3632 3932 3845 3985 εὔνοιαν
3895 3934 4038 4001 πρὸς

2448 4027 2612 4077 αὐτὸν
2646 4028 2987 4095 παραινέσας
3012 4024 3227 4090 σώζειν,
3266 4024 3734 4095 τετρακισχιλίους
3768 4041 3826 4075 τε
3860 4041 4037 4092 φρου-

2454 4118 2575 4186 ροὺς
2614 4120 3029 4189 ἐγκαταστήσας
3084 4120 3177 4170 καὶ
3223 4117 3573 4186 φρούραρχον
3616 4117 4035 4184 Κοννακόρηκα,

769 4207 1042 4274 προφάσει
1068 4206 1183 4265 τοῦ.
1215 4206 1261 4256 εἰ
1304 4205 1565 4272 Ῥωμαῖοι
1603 4204 1913 4272 βουληθεῖεν
1951 4203 2347 4269 ἐπιϐουλεύειν,
2398 4208 2499 4273 τῆς
2544 4210 2751 4270 πόλεως
2789 4209 3030 4269 ἐκείνους
3066 4208 3407 4277 ὑπερμαχεῖν
3462 4208 3557 4258 καὶ
3604 4207 3855 4275 σωτῆρας
3889 4200 4034 4255 εἶναι

766 4303 876 4354 τῶν
906 4302 1281 4365 ἐνοικούντων,
1325 4297 1445 4354 εἶτα
1485 4300 1543 4352 δὲ
1594 4300 1686 4351 καὶ
1742 4301 2007 4369 χρήματα
2058 4299 2337 4369 διανείμας
2363 4306 2475 4365 τοῖς
2506 4305 2563 4355 ἐν
2595 4305 2755 4374 αὐτῇ,
2784 4304 3021 4374 μάλιστα
3048 4304 3104 4356 δὲ
3133 4307 3245 4366 τοῖς
3284 4306 3342 4355 ἐν
3398 4303 3575 4365 τέλει,
3615 4304 3710 4354 ἐπὶ
3778 4301 3881 4368 τῆς
3945 4300 4033 4351 Σι-

770 4397 957 4465 νώπης
982 4394 1329 4459 ἐξέπλευσεν.

1591 4512 1717 4565 (ΖΑΓ.
1752 4508 1911 4563 XLV.
1933 4539 2004 4551 —-
2030 4507 2230 4578 Pugna:
2258 4508 2407 4564 Rom.
2438 4529 2554 4563 cum
2601 4512 2841 4565 Mithrid.
2892 4510 3161 4562 secunda.

846 4626 981 4680 Tum
1018 4622 1271 4678 Lucullus
1302 4630 1355 4674 et
1384 4618 1539 4675 Cotta
1571 4630 1625 4671 et
1648 4618 1892 4670 Triarius
1927 4618 2152 4670 Romani
2181 4620 2345 4670 duces

2522 4619 2819 4680 Λεύκολλος
2842 4618 2895 4669 δὲ
2928 4618 3023 4669 καὶ
3054 4617 3263 4678 Κόττας
3305 4615 3397 4666 καὶ
3429 4614 3757 4682 Ὀτριάριος,
3806 4616 3853 4664 οἱ
3896 4615 4033 4665 Ῥω-

772 4719 839 4773 ad
875 4716 1253 4770 Nicomedeatn
1304 4712 1605 4781 agminibus
1650 4710 1986 4777 conjunctis,
2031 4710 2079 4761 in
2116 4708 2345 4763 Pontum

773 4814 1130 4881 irrnptiouem
1168 4812 1345 4862 facere
1386 4808 1744 4861 destinaruut.
1782 4805 1852 4856 At
1893 4805 2197 4857 renuntiata
2234 4804 2340 4857 lle-

772 4908 963 4961 raclea:
1015 4902 1433 4973 oppugnatione,
1490 4916 1609 4953 cum
1656 4898 1721 4950 de
1768 4898 2067 4965 proditione
2120 4898 2344 4951 necdum

777 5009 1077 5061 consutret,
1119 4996 1210 5051 sed
1251 4996 1416 5048 totius
1452 4995 1608 5047 simul
1657 4992 1891 5046 civitatis
1937 4991 2211 5045 voluntate
2254 4993 2347 5045 de-

770 5094 1055 5146 fectionem
1074 5090 1365 5158 contigisse
1385 5088 1800 5147 arbitrarentur,
1828 5084 2031 5136 Luculli
2062 5084 2345 5136 consiliqu

770 5194 886 5235 erat
917 5194 970 5233 ut
1004 5183 1117 5247 ipse
1148 5196 1266 5233 cum
1302 5180 1493 5230 robore
1523 5178 1797 5231 exercitus
1828 5191 1919 5240 per
1955 5174 2340 5227 Mediterrauea

767 5286 824 5328 et
863 5274 1258 5342 Cappadociam
1311 5281 1549 5323 moveret
1597 5270 1647 5323 in
1693 5284 1871 5335 regem
1904 5279 1956 5319 et
2007 5276 2178 5319 totum
2228 5265 2345 5332 ejus

774 5384 1016 5433 regnum,
1058 5374 1109 5416 ct
1146 5363 1454 5418 Heracleam
1490 5370 1823 5433 Oppugnaret
1855 5359 2037 5411 Cotta.
2103 5356 2344 5408 Triarius

772 5469 970 5523 autem,
1004 5468 1275 5525 assumpta
1312 5456 1505 5517 classe,
1534 5431 1802 5507 missaslin
1834 5452 2046 5505 Cretam
2080 5460 2133 5501 et
2161 5448 2343 5514 Hispa-

2455 4714 2628 4780 μαίων
2664 4710 3063 4777 αὐτοκράτορες
3115 4708 3432 4775 στρατηγοὶ,
3480 4707 3571 4757 ἐπὶ
3626 4706 3725 4772 τῆς
3782 4706 4034 4774 Νικομη-

2450 4803 2597 4863 δείας
2650 4800 2771 4852 καθ’
2819 4799 2877 4850 ἓν
2922 4800 3203 4867 γενόμενοι
3257 4796 3516 4866 ὥρμηντο
3558 4799 3638 4855 εἰς
3688 4798 3780 4847 τὸν
3833 4797 4033 4849 Πόντον

2452 4895 2709 4961 ὲμὸαλείν
2738 4909 2751 4922 ο
2789 4891 2907 4962 [741
2940 4890 3031 4961 8.]
3068 4892 3190 4941 ἐπεὶ
3214 4890 3267 4942 δὲ
3296 4890 3478 4949 αὐτοῖς
3506 4890 3538 4957 ἡ
3564 4890 3662 4956 τῆς
3702 4887 4030 4955 Ἡρακλείας

2452 4985 2755 5053 κατάληψις
2810 4983 3074 5053 ἠγγέλθη,
3116 4984 3148 5049 ἡ
3178 4982 3233 5035 δὲ
3286 4980 3545 5050 προδοσία
3596 4981 3698 5031 οὐκ
3756 4978 4029 5046 ἐγνώσθη,

2452 5079 2585 5130 ἀλλά
2618 5079 2716 5145 τῆς
2760 5078 2969 5136 πόλεως
3007 5075 3131 5142 ὅλης
3163 5077 3195 5141 ἡ
3228 5074 3531 5134 ἀπόστασις
3574 5070 3857 5140 ἐνομίσθη,
3895 5072 4031 5122 Λεύ-

2451 5172 2636 5221 κολλον
2665 5172 2761 5238 μὲν
2794 5169 2967 5220 ἐδόκει
3012 5169 3149 5236 μετά
3176 5169 3274 5234 τῆς
3316 5165 3575 5232 πλείστης
3612 5163 3899 5231 δυνάμεως
3952 5165 4030 5221 εἱς

2450 5262 2545 5330 τὴν
2596 5258 2989 5313 Καππαδοκίαν
3046 5257 3133 5308 διὰ
3187 5258 3283 5325 τῆς
3343 5256 3627 5325 μεσογείου
3686 5256 3888 5323 χωρεῖν
3939 5254 4031 5303 ἐπί

2448 5370 2505 5402 τε
2552 5351 2887 5419 Μιθριδάτην
2935 5350 3027 5400 καὶ
3076 5350 3174 5415 τὴν
3228 5349 3408 5399 πᾶσαν
3461 5346 3762 5415 βασιλείαν,
3815 5346 4032 5397 Κότταν

2447 5446 2503 5495 δὲ
2550 5443 2642 5495 ἐπὶ
2699 5441 3045 5509 Ἡρακλείας,
3092 5440 3397 5508 ὐτριάριον
3438 5437 3495 5489 δὲ
3525 5437 3585 5489 τὸ
3614 5435 3868 5487 ναυτικὸν
3899 5438 4033 5486 ἁνα-

2059 5560 2290 5614 νΑιιιλΕ
2325 5556 2729 5612 LECTIONES.

846 5668 887 5697 ³³
930 5664 1069 5731 βουλ.
1106 5680 1165 5716 τε
1202 5662 1309 5713 τῶν
1337 5659 1794 5731 διημαρτημένον)
1826 5675 1883 5720 τ.

773 5814 818 5839 ι’
859 5805 970 5877 καὶ]
1001 5807 1099 5857 κάν
1126 5804 1449 5872 Stephanus.
1529 5801 1570 5830 “
1607 5800 2011 5866 παρατκτλαζει
2048 5812 2101 5855 τ.

1983 5657 2026 5686 ⁸ο
2060 5651 2389 5721 καρχηδόνος
2443 5651 2580 5721 libri.

778 5717 938 5789 tassc'
966 5738 1065 5800 Iug.
1124 5735 1214 5784 ἐπὶ
1248 5717 1762 5784 Φᾶσιιῖ-Ῐηόντον.
1798 5717 1850 5779 et
1907 5728 2100 5778 Πόντον
2135 5717 2292 5776 Viduo
2323 5730 2485 5773 ct'utu
2540 5719 2804 5773 l’alntcriu
2835 5717 3123 5785 placuisse.

2661 5649 2702 5679 tt
2743 5650 2770 5700 ὁ
2802 5646 2921 5718 πω.
2978 5646 3041 5696 Α.
3156 5639 3477 5718 ang-nidulum
3502 5670 3571 5679 —
3602 5633 3873 5718 mapbﬂ
3914 5635 4036 5691 τυτ-

3204 5712 3247 5743 ⁸³
3284 5710 3467 5779 φιλίαν
3495 5740 3557 5750 ——
3614 5710 3706 5762 καὶ
3737 5707 3930 5778 μαθὼν
3967 5723 4025 5769 ς.
