4208 6448
288 414 391 477 921

1340 413 1853 475 BlBLIOTHECA.
1878 438 1945 448 -
1981 411 2142 473 COD.
2192 410 2480 473 CCXXIV.

3403 404 3508 468 922

289 505 525 557 λαϐόντα
551 502 677 573 περὶ
710 502 801 555 τὸν
844 502 1228 570 Ἑλλήσποντον
1256 502 1349 554 καὶ
1383 503 1481 569 τὴν
1512 500 1849 570 Προποντίδα
1877 508 1923 562 Α

1845 540 1849 551 ,
1877 508 1923 562 Α
1953 500 2092 552 uiam
2128 498 2447 551 Mithridatis
2478 509 2660 555 naves.
2703 496 2756 549 in
2786 493 2979 557 reditu,
3010 493 3151 545 circa
3194 490 3507 560 IlellespOu-

291 594 392 655 τάς
423 593 514 644 ἐπὶ
545 594 770 662 Κρήτην
797 592 892 645 καὶ
926 591 1163 660 Ἰϐηρίαν
1200 590 1614 659 ἀπεσταλμένας
1659 590 1853 661 Μιθρι-

289 683 538 744 δατείους
594 681 724 745 ναῦς
767 682 1213 749 ὑποστρεφούσας
1277 682 1460 750 λοχᾷν.
1518 681 1854 751 Μιθριδάτης

290 774 351 824 δὲ
384 774 557 826 ταῦτα
585 774 799 826 ἀκούων
829 772 1293 843 παρεσκευάζετο,
1318 773 1411 824 καὶ
1444 772 1855 843 διεπρεσϐεύετο

292 866 436 933 πρός
465 883 525 918 τι
556 866 680 927 τοὺς
710 865 929 917 Σκυθῶν
968 863 1203 932 βασιλεῖς
1234 865 1327 916 καὶ
1359 863 1493 932 πρὸς
1520 864 1611 915 τὸν
1642 863 1855 931 Πάρθον

294 958 395 1009 καὶ
416 958 551 1027 πρὸς
576 957 668 1009 τὸν
692 956 937 1026 γαμϐρὸν
960 956 1119 1008 αὑτοῦ
1140 956 1415 1025 Τιγράνην
1434 955 1525 1008 τὸν
1555 955 1854 1027 Ἀρμένιον.

308 1048 453 1099 Ἀλλ’
500 1050 548 1101 οἱ
608 1048 704 1116 μὲν
748 1049 999 1113 ἀπεῖπον,
1040 1047 1313 1117 Τιγράνης
1362 1047 1419 1100 δὲ
1465 1045 1568 1099 ὑπὸ
1606 1046 1706 1115 τῆς
1753 1046 1859 1099 Μι-

297 1139 554 1206 θριδάτου
608 1138 874 1209 θυγατρὸς
925 1138 1180 1201 πολλάκις
1224 1136 1531 1206 ἐνοχληθεὶς
1584 1136 1674 1188 καὶ
1728 1137 1861 1187 ἀνα-

298 1231 629 1300 ϐαλλόμενος
664 1232 813 1299 ὅμως
858 1231 1063 1300 ὑπέστη
1094 1232 1193 1300 τὴν
1222 1229 1557 1299 συμμαχίαν.
1605 1228 1714 1282 Καὶ
1758 1228 1865 1281 Μι-

300 1323 560 1391 θριδάτης
590 1323 877 1393 διαφόρους
909 1322 1140 1390 πέμπων
1171 1320 1310 1373 κατά
1328 1320 1626 1385 Λευκόλλου
1671 1336 1865 1383 στρατ-

300 1414 495 1477 ηγοὺς,
535 1410 760 1479 καὶτῆς
806 1410 1119 1477 συμπλοκῆς
1170 1406 1559 1475 ἐπιγενομένης
1606 1404 1865 1471 πολύτρο-

302 1522 399 1555 ποι
433 1504 481 1534 ⁸⁸
516 1503 611 1570 μὲν
642 1500 954 1554 συνέϐαινον
993 1503 1050 1553 ai.
1088 1500 1401 1567 μεταϐολαὶ,
1451 1499 1506 1550 έν
1554 1499 1664 1558 τοῖς
1715 1494 1865 1547 πλεί-

306 1613 455 1657 στοις
484 1596 538 1648 se
564 1596 630 1648 τά
683 1594 968 1662 Ῥωμαίων
1011 1595 1054 1625 ⁸⁷
1099 1593 1246 1660 ὅμως
1282 1588 1581 1657 κατώρθου.
1640 1584 1864 1653 Ὴθύμει

307 1688 410 1753 μὲν
434 1688 462 1739 ὑ
487 1686 738 1756 βασιλεύς
768 1702 781 1715 ο
831 1685 1089 1755 ἀθροίσας
1136 1683 1181 1735 δ’
1212 1678 1303 1735 οὖν
1337 1680 1515 1743 πεζῶν
1548 1678 1644 1748 μὲν
1678 1678 1717 1730 δ’
1753 1694 1869 1745 μυ-

309 1779 516 1847 ριάδας,
544 1780 729 1839 ἱππεῖς
757 1777 815 1830 δὲ
846 1775 1297 1844 ὀκτακισχιλίους,
1322 1771 1597 1840 ἐξέπεμψε
1634 1770 1863 1835 Διόφαν-

304 1889 398 1921 τον
443 1870 537 1922 καὶ
574 1868 835 1937 Ταξίλλην
874 1868 965 1919 ἐπὶ
999 1868 1113 1929 τοῖς
1146 1863 1697 1934 προαπεσταλμένοις,
1741 1859 1861 1912 Τῶν

303 1966 360 2016 δὲ
417 1965 528 2024 τοῖς
579 1958 907 2030 προλαϐοῦσι
952 1957 1329 2027 συναφθέντων
1374 1956 1492 2008 κατ’
1545 1954 1717 2023 ἀρχὰς
1769 1954 1865 2022 μὲν

306 2052 721 2119 ἀκροϐολισμοῖς
779 2047 1022 2116 ἀλλήλων
1068 2049 1116 2099 οί
1170 2046 1417 2112 πολέμιοι
1467 2043 1585 2096 καθ’
1632 2044 1867 2111 ἑκάστην

308 2143 499 2210 σχεδὸν
538 2141 933 2210 ἀπεπειρῶντο,
978 2134 1096 2190 εἶτα
1158 2137 1489 2206 ἱππομαχίαι
1535 2136 1868 2204 συνέστησαν

309 2236 374 2303 β’,
426 2228 501 2287 ὧν
542 2232 638 2300 τὴν
664 2232 760 2302 μὲν
789 2230 917 2301 [585
948 2229 1040 2300 11.]
1091 2230 1283 2282 ἐνίκων
1332 2230 1379 2280 οί
1436 2228 1711 2295 Ῥωμαῖοι,
1771 2227 1867 2295 τήν

304 2325 567 2394 δευτέραν
593 2325 648 2376 δὲ
676 2325 725 2376 οἱ
756 2323 1021 2376 Ποντικοί.
1054 2321 1383 2391 Τριϐομένου
1414 2320 1469 2372 δὲ
1487 2320 1579 2372 τοῦ
1611 2321 1867 2388 πολέμου,

307 2417 606 2478 Λεύκολλος
640 2416 841 2485 ἀγορὰν
870 2416 1092 2480 ἄξοντας
1125 2417 1203 2475 είς
1233 2413 1626 2466 Καππαδοκίαν
1660 2413 1869 2481 ἐκπέμ-

305 2526 423 2573 πει,
460 2511 552 2561 καὶ
584 2507 770 2578 μαθὼν
800 2506 1064 2575 Ταξίλλης
1094 2506 1184 2558 καὶ
1228 2505 1514 2571 Διόφαντος
1550 2505 1744 2567 πεζοὺς
1779 2506 1869 2555 ὲκ-

306 2601 588 2666 πέμπουσι
642 2597 1106 2668 τετρακισχιλίους
1162 2596 1253 2647 καὶ
1318 2595 1499 2656 ἱππεῖς
1558 2594 1865 2662 δισχιλίους,

304 2692 393 2756 ἐφ’
432 2684 477 2757 ᾧ
516 2690 825 2757 ἐπιθέμενοι
859 2688 1252 2756 ἀφαιρήσονται
1282 2689 1407 2746 τοὺς
1438 2686 1869 2753 ἀποκομίζοντας

304 2780 407 2841 τάς
457 2780 684 2847 ἀγοράς.
740 2778 848 2831 Καὶ
877 2777 1259 2846 συμϐαλόντων
1290 2775 1334 2806 ⁸⁸
1360 2774 1607 2843 ἀλλήλοις
1639 2778 1870 2843 ἐπικρα-

302 2871 551 2939 τέστεροι
601 2871 884 2938 γεγόνασιν
956 2871 1003 2921 οἱ
1070 2868 1325 2935 Ῥωμαῖοι
1362 2884 1375 2898 ο
1437 2866 1751 2933 πέμψαντος
1815 2865 1870 2917 δὲ

302 2964 608 3015 Λευκόλλου
670 2962 918 3032 βοήθειαν
972 2962 1083 3019 τοῖς
1132 2961 1373 3021 οἰκείοις,
1432 2959 1605 3026 τροπὴ
1665 2959 1869 3023 γίνεται

305 3053 598 3123 βαρϐάρων
646 3053 974 3123 περιφανής.
1028 3051 1137 3104 Καὶ
1174 3053 1239 3121 τῇ
1268 3052 1414 3119 φυγῇ
1436 3048 1639 3101 τούτων
1666 3050 1699 3117 ή
1741 3049 1871 3099 Ῥω-

1955 600 2065 644 tum
2096 597 2150 643 et
2184 588 2555 657 Propontidem
2595 586 2954 653 interciperet.
2987 584 3191 650 Quibus
3234 581 3510 635 Mithrida—

1958 692 2039 737 tes
2071 682 2267 735 auditis
2294 721 2308 743 ,
2339 680 2394 733 in
2444 693 2609 733 novos
2640 678 2760 732 belli
2803 686 3088 744 apparatus
3130 675 3419 735 incumbit,
3457 684 3511 726 et

1956 770 2277 840 Scytharum
2322 784 2505 839 reges,
2556 767 2917 833 Partlmmque
2966 775 3020 819 et
3057 780 3310 834 generum
3356 779 3510 816 suum

1958 861 2241 931 Tigranem
2267 862 2575 915 Armenium
2600 860 2871 912 sollicitat.
2899 858 3086 912 Czeteri
3115 858 3329 925 quidem
3353 858 3515 909 dene-

1960 963 2089 1023 gant
2116 972 2129 1007 :
2163 964 2217 1005 at
2246 954 2528 1020 Tigranes,
2564 952 2688 1005 licet
2707 953 2796 1004 diu
2823 959 3187 1011 cunctaretur,
3212 949 3406 1016 saepius
3434 959 3511 999 ta-

1962 1063 2081 1101 nten
2120 1062 2147 1100 a
2173 1047 2277 1101 lilia
2306 1045 2651 1109 Mithridatis,
2684 1060 2788 1098 non
2824 1045 2940 1096 sine
2962 1042 3222 1102 molestia,
3260 1040 3517 1108 interpel-

1963 1138 2120 1202 latus,
2174 1138 2373 1191 auxilia
2433 1137 2644 1190 tandem
2691 1137 2957 1205 promisit.
3012 1134 3230 1186 Interim
3277 1133 3518 1186 diversos

1963 1237 2147 1282 contra
2181 1226 2454 1280 Lucullum
2500 1225 2830 1279 Mithridates
2864 1224 3141 1292 prazl'ectos
3173 1223 3428 1285 dimittit,
3468 1231 3522 1276 et

1964 1327 2085 1385 post
2132 1317 2448 1371 commissas
2495 1318 2669 1379 acies,
2719 1316 2879 1368 variae
2937 1313 3247 1367 acciderunt
3292 1312 3520 1366 fortuna:

1968 1408 2148 1460 vices:
2185 1408 2234 1463 in
2282 1407 2549 1475 plerisque
2598 1417 2772 1459 tamen
2811 1421 3063 1473 prospera
3118 1404 3343 1457 fortuna:
3390 1416 3521 1457 aura

1968 1499 2165 1551 alnavit
2209 1498 2501 1561 Romanis,
2551 1508 2605 1550 et
2648 1496 2938 1550 Mithridati
2992 1497 3202 1548 animus
3257 1492 3518 1561 elanguit.

1968 1590 2274 1643 Contractis
2324 1590 2484 1658 igitur
2526 1589 2594 1641 40
2638 1588 2872 1655 peditum
2914 1598 2968 1640 et
3001 1586 3035 1639 8
3077 1586 3314 1653 equitum
3363 1584 3523 1637 milli-

1971 1682 2100 1741 bus,
2142 1682 2491 1750 Diophantum
2541 1692 2595 1735 et
2640 1680 2895 1744 Taxilen,
2930 1680 3069 1731 ultra
3140 1678 3332 1732 missos
3376 1688 3521 1743 ante,

1969 1773 2209 1828 dimittit.
2272 1772 2370 1837 Qui
2422 1788 2540 1826 cum
2596 1775 2660 1825 ad
2719 1782 3083 1825 antecessores
3134 1770 3524 1834 accessissent,

1974 1864 2233 1932 principio
2275 1864 2671 1918 velitationibus
2709 1861 2821 1917 fere
2847 1864 3076 1916 assiduis
3112 1862 3336 1916 hostiles
3368 1875 3526 1914 exer-

1970 1958 2106 2008 citus
2155 1957 2293 2009 inter
2336 1972 2393 2010 se
2434 1957 2575 2010 vires
2624 1956 2990 2024 explorabant.
3044 1954 3229 2007 Postea
3276 1952 3340 2005 ad
3393 1953 3526 2006 duas

1970 2062 2174 2115 pugnas
2206 2058 2481 2116 equestres
2504 2049 2786 2102 deventum
2817 2056 2919 2109 est,
2963 2062 3185 2114 quarum
3220 2046 3386 2099 altera
3420 2046 3526 2099 Ro-

1975 2142 2136 2205 tuani,
2165 2141 2332 2195 altera
2375 2141 2617 2207 Pontici,
2660 2143 2894 2195 victores
2934 2142 3134 2195 abiere.
3174 2142 3416 2209 Dumque
3453 2144 3523 2193 ita

1970 2232 2166 2287 bellum
2196 2234 2427 2296 ducitur,
2458 2232 2708 2286 Lucullus
2751 2233 2945 2303 235a
3008 2234 3057 2285 in
3098 2233 3523 2301 Cappadociam,

1971 2325 2058 2391 qui
2094 2337 2447 2379 commeatum
2472 2327 2596 2379 inde
2621 2326 2896 2391 aﬂerreut,
2931 2326 3091 2379 misit.
3129 2326 3245 2392 Quo
3266 2327 3523 2379 observa-

1972 2430 2044 2481 to,
2079 2419 2294 2472 Taxiles
2331 2430 2385 2473 et
2417 2418 2743 2488 Diophantus
2769 2420 2802 2473 4
2836 2420 3073 2487 peditum
3117 2432 3168 2473 et
3205 2419 3345 2473 2000
3373 2422 3527 2487 equi-

1974 2520 2080 2562 tum
2109 2521 2295 2562 contra
2344 2513 2561 2563 tttittnut
2582 2550 2595 2569 ,
2631 2519 2686 2563 ut
2713 2552 2726 2573 ,
2758 2512 2965 2564 insidiis
2998 2513 3047 2563 in
3078 2511 3252 2564 medio
3299 2512 3485 2578 positis
3511 2549 3525 2572 ,

1972 2600 2349 2667 impedimenta
2400 2601 2794 2654 revertentibus
2835 2602 3148 2655 adimerent.
3183 2600 3282 2654 Ubi
3312 2605 3377 2654 ad
3418 2617 3528 2654 ma-

1972 2706 2072 2744 nus
2097 2700 2310 2744 ventum
2338 2701 2588 2759 superant
2618 2691 2867 2753 Romani,
2893 2702 2944 2746 et
2975 2694 3226 2746 subsidiis
3250 2694 3277 2746 ἐι
3309 2692 3531 2747 Lucullo

1974 2782 2173 2844 missis,
2200 2781 2317 2850 fuga
2348 2784 2704 2836 barbarorum
2732 2785 2956 2850 insignis
2981 2785 3356 2838 committitur.
3388 2784 3532 2849 Quo-

1976 2886 2089 2921 rttm
2120 2873 2355 2937 vestigiis
2380 2872 2692 2925 insistentes
2719 2870 2966 2938 Romani,
2994 2875 3058 2925 ad
3095 2874 3206 2942 ipsa
3246 2874 3528 2941 Diophauti

1973 2970 2025 3013 et
2072 2959 2275 3015 Taxilis
2318 2973 2499 3015 castra
2541 2964 2930 3031 provehuntnr.
2981 2964 3078 3018 Ubi
3128 2964 3299 3017 valido
3350 2974 3529 3017 certa-

1974 3051 2115 3103 mine
2152 3052 2301 3116 inito,
2332 3054 2395 3104 ad
2436 3054 2593 3105 breve
2631 3065 2837 3121 tempus
2866 3055 3121 3108 obstitere
3151 3054 3376 3108 Pontici.
3410 3055 3527 3107 Mox

304 3145 484 3212 μαίων
513 3142 740 3211 δύναμις
772 3142 1107 3211 ὀδηγουμένη
1141 3141 1185 3171 δ’
1218 3142 1309 3192 ἐπὶ
1335 3140 1396 3191 τὸ
1423 3139 1781 3208 στρατόπεδον
1812 3140 1869 3189 τὸ
1895 3156 1939 3217 C

1895 3156 1939 3217 ρ
1975 3144 2061 3195 ubi
2104 3145 2258 3211 primi
2305 3149 2681 3200 abscesserunt
2730 3148 2929 3209 duces,
2986 3158 3091 3199 tota
3143 3146 3397 3199 inclinata
3450 3159 3535 3200 est

304 3237 435 3303 περὶ
462 3236 752 3303 Διόφαντον
794 3235 889 3285 καὶ
935 3232 1198 3301 Ταξίλλην
1252 3226 1405 3300 ἧκον,
1462 3231 1554 3283 καὶ
1602 3232 1872 3299 καρτερᾶς

301 3327 443 3395 πρὸς
472 3326 669 3388 αὐτοὺς
704 3325 803 3392 τῆς
835 3323 1009 3393 μάχης
1044 3322 1339 3391 γενομένης
1376 3322 1421 3352 ⁸⁸
1456 3320 1542 3373 ἐπ’
1572 3322 1750 3387 ὀλίγον
1776 3321 1873 3388 μὲν

300 3419 566 3486 ἀντέσχον
590 3420 639 3470 οί
670 3418 942 3477 Ποντικοὶ,
975 3411 1090 3468 εἶτα
1134 3414 1241 3466 τῶν
1291 3413 1612 3482 στρατηγῶν
1656 3413 1873 3482 πρῶτον

1980 3237 2160 3289 acies:
2194 3246 2246 3287 et
2282 3238 2378 3304 ipsi
2414 3242 2688 3305 copiarum
2739 3240 2990 3292 ductores
3028 3240 3197 3291 nuntii
3232 3239 3400 3292 cladis
3444 3256 3536 3291 ve-

1980 3339 2173 3379 nerunt
2213 3328 2528 3384 Mithridati.
2577 3332 2838 3385 Uccubuit
2870 3342 2993 3386 tunc
3034 3332 3221 3401 ingens
3279 3332 3536 3385 barbaro-

1980 3432 2093 3467 rum
2133 3420 2307 3473 turba.

299 3510 730 3580 ἀποχωρούντων
752 3508 949 3568 πάντες
973 3507 1264 3559 ἐνέκλιναν.
1300 3508 1407 3558 Καὶ
1434 3506 1733 3575 Μιθριδάτῃ
1799 3504 1890 3556 τοῦ
1949 3507 2281 3577 πταίσματος
2338 3512 2387 3563 οί
2435 3514 2725 3582 στρατηγοὶ
2774 3514 3097 3582 αὐτάγγελοι
3152 3515 3534 3583 παρεγένοντο,

302 3605 399 3655 καὶ
431 3601 563 3653 πολὺ
597 3600 796 3668 πλῆθος
821 3599 943 3651 τότε
966 3598 1074 3649 τῶν
1100 3598 1388 3667 βαρϐάρων
1425 3597 1692 3650 ἀπώλετο.

1252 3717 1380 3771 Car.
1426 3716 1605 3770 XLVI.
1645 3746 1712 3756 -
1754 3714 1904 3786 Fuga
1951 3717 2271 3772 Mithridatis
2309 3719 2618 3786 periculosa.

376 3841 532 3895 Οὓτω
602 3840 903 3913 Μιθριδάτῃ
956 3838 1063 3891 τῶν
1127 3842 1466 3909 πραγμάτων
1541 3843 1855 3913 περιφανῶς

301 3931 748 4001 ἁποκεκλιμένων
783 3930 890 3981 τῶν
928 3947 985 3981 τε
1030 3929 1311 3999 βασιλίδων
1338 3932 1672 4003 γυναικῶνή
1708 3935 1863 3985 ἀναί-

305 4042 457 4095 ρεσις
484 4024 793 4091 ἐπεποίητο,
824 4023 917 4074 καὶ
948 4023 1169 4089 φεύγειν
1207 4026 1270 4075 ὲκ
1296 4024 1404 4075 τῶν
1438 4024 1713 4094 Καϐήρων
1755 4028 1862 4079 αὑ-

296 4118 415 4179 τὸς,
434 4118 489 4169 έν
514 4112 592 4175 οἷς
624 4115 878 4185 διέτριϐε,
908 4114 1080 4184 λάθρα
1107 4114 1215 4166 τῶν
1241 4114 1415 4167 ἄλλων
1446 4118 1701 4186 ὑπηκόων
1718 4118 1861 4187 ὁρμὴ

297 4208 516 4273 γέγονε.
563 4206 670 4257 Καὶ
719 4206 832 4274 ἥλω
858 4205 923 4257 ἂν
950 4208 1006 4257 ὲν
1047 4208 1111 4275 τῇ
1148 4209 1291 4277 φυγῇ
1324 4206 1432 4258 τῶν
1466 4208 1719 4261 Γαλατῶν
1748 4212 1869 4261 ἐπι-

295 4298 623 4356 διωκόντων,
646 4298 846 4368 καίπερ
880 4298 971 4350 τὸν
1012 4298 1282 4365 φεύγοντα
1320 4298 1678 4365 ἀγνοούντων,
1711 4302 1759 4352 εί
1795 4302 1869 4371 μή

297 4388 685 4456 περιτυχόντες
732 4387 939 4455 ήμιὸνῳ
984 4387 1184 4455 χρυσὸν
1225 4390 1318 4440 καὶ
1357 4389 1593 4457 ἄργυρον
1625 4390 1732 4441 τῶν
1766 4391 1871 4443 Μι-

297 4478 620 4546 θριδατείων
670 4480 967 4545 χρημάτων
1014 4478 1254 4548 φερούσῃ
1300 4481 1427 4549 περὶ
1479 4480 1577 4549 τήν
1615 4482 1871 4549 ἁρπαγήν

294 4572 509 4622 τούτων
553 4571 872 4638 ἐσχόλασαν.
914 4571 1022 4623 Καὶ
1055 4571 1216 4634 αὐτὸς
1240 4573 1318 4633 εὶς
1360 4573 1647 4642 Ἀρμενίαν
1676 4572 1869 4625 διασώ-

295 4665 473 4726 ζεται.

2044 3841 2195 3895 Hunc
2218 3845 2503 3897 admodum
2558 3844 2773 3897 fortuna
2814 3843 3141 3897 Mithridatis
3172 3844 3223 3896 in
3252 3844 3399 3912 pejus
3448 3845 3538 3897 de-

1974 3952 2250 4008 vcrgente,
2300 3951 2351 3993 et
2381 3941 2541 4005 regiae
2583 3955 2774 3993 uxores
2821 3951 3061 3993 necatae:
3106 3950 3159 3991 et
3187 3956 3249 3990 ex
3306 3938 3534 3999 Cabiris,

1976 4030 2063 4084 ubi
2092 4036 2227 4084 clam
2265 4034 2377 4084 suis
2402 4032 2719 4099 aliquandiu
2753 4047 2811 4084 se
2841 4032 3203 4093 continuerat,
3235 4044 3325 4082 rex
3359 4031 3534 4096 fugam

1975 4123 2235 4189 arripuit:
2281 4124 2331 4175 in
2370 4138 2471 4190 qua
2511 4124 2675 4177 etiam
2712 4133 2899 4192 captus
2934 4133 3098 4186 esset,
3150 4123 3537 4175 insectantibns

1977 4214 2165 4277 Gallis,
2200 4216 2287 4282 qui
2324 4228 2499 4268 tamen
2540 4231 2718 4282 regem
2752 4217 3098 4282 ignorabant,
3135 4215 3234 4267 nisi
3276 4214 3414 4266 mula
3444 4215 3537 4265 oh-

1977 4310 2117 4360 viam
2150 4307 2288 4361 facta
2327 4308 2467 4376 (quae
2508 4307 2838 4361 Mithridatis
2864 4308 3076 4375 Opibus,
3120 4316 3347 4373 argento
3381 4321 3539 4358 auro—

1977 4415 2081 4468 que
2112 4410 2303 4453 onusta
2337 4402 2476 4469 erat)
2505 4400 2807 4467 diripiendo
2833 4415 3036 4453 moram
3061 4400 3396 4453 nexuissent.
3434 4398 3538 4450 Ita-

1978 4506 2084 4559 que
2119 4506 2210 4545 res
2243 4492 2293 4545 in
2322 4489 2633 4545 Armeniam
2664 4491 2916 4546 elabitur.

1066 4781 1189 4834 CAP.
1250 4778 1459 4833 XLVII.
1504 4811 1572 4819 —
1605 4780 1858 4833 Lucullus
1901 4781 2241 4848 Eupatoriam
2291 4792 2337 4834 et
2375 4781 2606 4834 Antisum
2632 4783 2790 4850 capit.

371 4906 668 4960 Λεύκολλος
718 4906 773 4958 δὲ
808 4906 899 4958 ἐπὶ
943 4906 1042 4974 μὲν
1092 4906 1181 4957 τὸν
1238 4903 1576 4973 Μιθριδάτην
1639 4904 1864 4972 Μάρκον
1894 4913 1942 4970 υ

1894 4913 1942 4970 D
2041 4904 2298 4959 Lucullus
2341 4916 2520 4958 autem
2562 4906 2822 4959 adversus
2868 4904 3236 4959 Mithridatem
3290 4904 3529 4961 Marcum

295 5001 585 5069 Πομπήϊον
622 5000 868 5067 ήγεμόνα
900 4998 1226 5066 ἐξέπεμψεν,
1256 4996 1415 5059 αὑτὸς
1463 4997 1515 5049 δὲ
1557 4997 1651 5048 ἐπὶ
1684 4996 1868 5067 Καϐή-

298 5112 411 5162 ρων
446 5092 563 5161 μεθ’
594 5093 721 5161 ὅλης
757 5092 1015 5160 ἠπείγετο
1044 5093 1139 5161 τῆς
1174 5092 1474 5156 δυνάμεως,
1509 5093 1602 5143 καὶ
1639 5092 1739 5158 τὴν
1770 5092 1866 5141 πό-

289 5188 378 5238 λιν
422 5184 919 5254 περικαθισάμενος
981 5186 1118 5250 σφᾶς
1170 5183 1364 5245 αὑτοὺς
1421 5183 1867 5253 παραδεδωκότας

292 5277 423 5337 τοὺς
468 5274 775 5344 βαρϐάρους
817 5274 1182 5335 ὑποσπόνδους
1230 5273 1355 5341 ἔσχε
1400 5272 1492 5325 καὶ
1533 5273 1636 5324 τῶν
1671 5273 1865 5341 τειχῶν

289 5365 635 5433 ἐκυρίευσεν.
680 5365 916 5415 Ἐκεῖθεν
955 5364 1010 5416 δὲ
1043 5365 1179 5433 πρὸς
1218 5364 1317 5434 τὴν
1363 5364 1582 5429 ’Λμισὸν
1616 5380 1862 5433 παραγε-

288 5456 490 5525 γονὼς,
521 5456 615 5507 καὶ
640 5455 817 5524 λόγοις
844 5455 1122 5527 παραινῶν
1150 5456 1274 5518 τοὺς
1307 5457 1363 5507 ἐν
1390 5456 1524 5524 αὑτῇ
1561 5456 1862 5523 Ῥωμαίους

1972 4994 2286 5064 Pompeium
2312 4998 2476 5049 mittit
2506 4996 2721 5058 ducem,
2749 4997 2967 5064 ipseque
2993 5010 3115 5048 cum
3148 4997 3416 5051 uniVersis
3443 5014 3536 5051 co-

1971 5087 2073 5153 piis
2124 5088 2173 5138 in
2214 5086 2439 5141 Cahiros
2470 5096 2663 5149 movet,
2695 5089 2931 5154 urbsque
2974 5088 3359 5152 circumsessa,
3407 5088 3532 5140 dum

1972 5180 2185 5234 barbari
2213 5191 2361 5234 certo
2386 5197 2443 5233 se
2476 5189 2633 5247 pacto
2686 5182 2733 5233 ei
2772 5180 3108 5247 permittunt,
3141 5188 3195 5232 et
3226 5180 3366 5245 ipsos
3393 5180 3442 5231 iu
3470 5182 3531 5231 ii-

1969 5277 2089 5327 dem
2124 5274 2340 5341 accipit,
2372 5283 2427 5327 et
2458 5272 2680 5326 castello
2715 5272 2934 5340 potitur.
2970 5270 3103 5324 lliuc
3129 5271 3371 5324 Autisum
3406 5286 3533 5338 pro-

1971 5365 2164 5429 fectus,
2207 5377 2260 5418 et
2291 5367 2355 5419 ad
2408 5367 2728 5419 deditionem
2762 5380 2855 5419 eos
2908 5366 3243 5423 cohortatus,
3276 5363 3365 5416 ubi
3423 5379 3530 5417 non

1973 5459 2278 5523 persuadet,
2336 5459 2537 5514 omissa
2567 5458 2675 5522 illa,
2704 5459 2769 5511 ad
2806 5456 3146 5526 Eupatoriam
3194 5455 3528 5509 obsidionem

1593 5570 1825 5626 νΑιιιιΕ
1856 5571 2269 5630 LECTIONES.

366 5668 413 5696 “
448 5664 797 5737 πολύτροποι]
839 5667 961 5718 ἐπεὶ
1005 5668 1329 5735 πολύτροποι
1364 5670 1686 5735 Stephanus.

293 5738 438 5806 μένη
468 5736 509 5788 Α
556 5755 569 5789 :
623 5736 957 5807 βοηθουμένη
998 5755 1056 5800 ς.
1132 5739 1175 5769 ⁸⁸
1212 5740 1578 5815 γεγενημένης
1614 5758 1671 5804 ς.

1796 5670 1839 5702 ⁵⁷
1863 5671 1920 5723 τὸ
1969 5674 2075 5726 τῶν
2123 5677 2378 5745 ρωμαίων
2415 5694 2473 5740 ς.

2584 5677 2623 5706 ⁸⁸
2646 5674 3052 5744 συμϐαλλόντων
3083 5690 3140 5737 ς.
3248 5673 3288 5704 δ’
3314 5671 3525 5741 ὁδηγού-
