4208 6448
731 369 837 430 923

1885 372 2135 431 ΙἮί)Τίί
2178 371 2682 431 ΡΛΤΠΙΛΠΩΗΕ
2721 373 2826 432 Cl‘.

3869 368 3983 432 924

737 483 1033 537 transfert:
1065 491 1118 534 ot
1162 481 1498 550 negligenter
1531 497 1592 537 se
1626 483 1768 536 illam
1796 503 2108 554 oppugnare
2134 485 2305 537 siinu-
2337 491 2375 542 Α

2337 491 2375 542 Α
2412 487 2768 552 προσχωρεῖν,
2796 483 2912 535 ἐπεὶ
2951 482 3049 535 οὐκ
3085 480 3291 541 ἔπειθε,
3332 479 3534 548 ταύτην
3572 479 3748 532 λιπὼν
3782 482 3860 543 είς
3883 483 3987 551 τὴν

737 570 810 623 lat
839 590 850 624 :
881 582 936 622 ut
964 571 1123 623 simili
1159 572 1496 639 negligentia!
1530 574 1776 640 exertiplo
1801 577 2108 639 prorocatis
2137 578 2308 631 hosti-

736 663 854 721 luts.
888 663 1062 715 subita
1096 664 1421 724 mutatione,
1453 665 1590 730 apud
1619 667 1857 717 animum
1887 669 2120 733 cogitata
2181 684 2304 735 pro-

737 769 892 819 spere
917 757 1226 806 conﬁceret.
1266 753 1330 805 Et
1355 767 1584 808 eventus
1625 757 1927 821 respondit:
1962 774 2133 823 coque
2166 770 2306 811 διε-γι⁴

738 858 1005 913 tagcmale
1037 849 1163 900 urbs
1199 858 1373 912 capta.
1407 847 1540 900 Dum
1585 848 1728 901 enim
1761 849 2012 901 cusmdes
2039 850 2166 902 nihil
2204 851 2308 905 tale

732 941 1049 1009 opinantur,
1103 940 1197 992 sed
1248 955 1438 992 secure
1471 952 1652 1008 agunt,
1713 941 1799 994 ille
1837 941 2003 1008 jussis
2065 942 2308 1008 arripere

737 1031 917 1084 scalas
953 1031 1212 1084 militibus
1248 1033 1444 1084 inmitia
1487 1030 1886 1083 conscendendi
1926 1032 2133 1098 copiam
2160 1030 2310 1085 facit.

738 1126 799 1173 lit
831 1125 907 1176 sic
940 1134 1092 1190 capta
1114 1123 1402 1189 Eupatoria
1432 1123 1700 1190 extemplo
1727 1123 1974 1178 diruitur.
2013 1123 2122 1178 Nec
2147 1125 2312 1178 multo

741 1226 859 1278 post
905 1217 1115 1283 capitur
1167 1216 1330 1268 etiam
1390 1216 1645 1280 Amisus,
1681 1216 1950 1270 scalarum
2007 1219 2312 1271 admotiOne

738 1307 906 1359 etiam
967 1308 1055 1361 hic
1104 1309 1371 1374 superatis
1415 1309 1480 1358 ab
1516 1308 1666 1362 hoste
1717 1309 2005 1361 inmitibus.
2047 1309 2110 1361 Et
2162 1311 2313 1362 initio

743 1399 916 1452 caedes
972 1397 1164 1467 235!)
1222 1413 1326 1451 nou
1367 1399 1656 1452 inediocris
1701 1400 1753 1451 in
1798 1400 1944 1452 cives
1993 1400 2307 1466 peragitur:

745 1491 837 1543 sed
865 1500 1046 1557 postea
1079 1491 1353 1554 Lucullus,
1383 1492 1528 1544 czedc
1565 1491 1810 1553 inhibita,
1846 1501 1893 1543 et
1929 1493 2113 1543 urbem
2141 1501 2192 1544 et
2228 1507 2312 1544 rc-

746 1581 955 1648 gionem
1009 1584 1390 1648 superstitibus
1422 1582 1616 1644 reddit,
1667 1593 1721 1635 et
1755 1583 1956 1648 majore
1981 1582 2032 1634 in
2067 1597 2161 1635 eos
2211 1581 2311 1636 cle-

748 1674 943 1725 mentia
980 1676 1167 1727 utitur.

2413 576 2751 642 Εὑπατορίαν
2797 575 3021 644 μεθίστη
3056 575 3156 643 τὴν
3201 573 3538 643 πολιορκίαν.
3580 571 3710 643 [744
3742 572 3834 643 IL]
3874 576 3987 628 Καὶ

2416 668 2672 738 ῥᾳθύμως
2728 667 3193 732 καταγωνίξεσθαι
3243 666 3447 734 ταύτης
3483 668 3881 733 προσεποιεῖτο,
3908 668 3986 729 ὡς

2412 757 2477 809 ἂν
2517 758 2608 808 καὶ
2640 756 2820 817 “ro-3;“
2849 755 3139 823 πολεμίους
3173 757 3251 816 εἰς
3294 756 3478 823 ὅμοιον
3513 754 3787 822 ῥᾳθυμίας
3817 755 3982 823 ζῆλον

2415 847 2847 914 ἐκκαλεσάμενος
2895 848 2952 909 ἐξ
3005 846 3270 912 αἰφνιδίου
3317 847 3614 915 μεταϐολῆς
3661 848 3985 920 κατορθώσῃ

2414 941 2473 990 τὸ
2503 938 2893 1008 μελετώμενον.
2935 938 3000 988 Ὃ
3034 939 3123 988 καὶ
3153 938 3364 1004 γέγονε,
3388 940 3481 989 καὶ
3510 939 3606 1007 τὴν
3632 940 3784 990 πόλιν
3809 938 3984 1001 οὕτως

2414 1025 2524 1082 εἷλε
2559 1028 2636 1098 τῷ
2668 1029 3082 1098 στρατηγήματι
3103 1043 3118 1058 ’
3150 1028 3300 1093 ἄφνω
3345 1027 3452 1096 γὰρ
3500 1028 3770 1096 κλίμακας
3801 1030 3983 1097 ἁρπα-

2418 1140 2506 1174 σαι
2543 1121 2804 1182 κελεύσας
2843 1121 2970 1182 τοὺς
3022 1118 3377 1188 στρατιώτας,
3401 1120 3508 1170 τῶν
3534 1119 3786 1188 φυλάκων
3833 1121 3986 1172 οὐδὲν

2415 1211 2654 1265 τοιοῦτον
2694 1210 3204 1281 προσδεδοκηκότων
3235 1212 3348 1261 ἀλλ’
3391 1211 3448 1262 ἐν
3489 1199 3749 1281 ὀλιγωρία
3780 1213 3985 1263 διακει-

2420 1305 2616 1373 μένων,
2640 1304 2726 1355 διὰ
2750 1302 2857 1354 τῶν
2887 1302 3166 1370 κλιμάκων
3198 1301 3258 1352 τὸ
3281 1303 3457 1370 τεῖχος
3489 1302 3838 1372 ὑπερϐαίνειν
3861 1306 3984 1365 τοὺς

2421 1395 2754 1466 στρατιώτας
2802 1393 3088 1461 ἐπέτρεψε,
3133 1392 3225 1443 καλ¹
3273 1391 3443 1454 οὕτως
3483 1392 3596 1462 ἦλω
3647 1393 3983 1462 Εὑπατορία,

2415 1488 2510 1540 καὶ
2547 1485 2744 1539 αὐτίκα
2782 1485 3147 1536 κατέσκαπτο.
3178 1482 3311 1534 Μετ’
3336 1482 3516 1549 ὀλίγον
3549 1482 3720 1535 δὲκαὶ
3762 1485 3986 1552 ’Δμισός

2416 1578 2579 1636 ἐὰλω,
2599 1577 2684 1628 διὰ
2710 1576 2815 1627 τῶν
2845 1575 3126 1643 κλιμάκων
3156 1575 3248 1626 καὶ
3275 1574 3444 1641 αὐτῆς
3466 1574 3664 1642 ὁμοίως
3690 1575 3798 1626 τῶν
3828 1576 3987 1626 πολε-

2419 1669 2557 1736 μίων
2587 1667 2888 1718 ἐπιϐάντων
2925 1668 3040 1726 τοῖς
3079 1666 3302 1733 τείχεσι.
3349 1666 3456 1718 Καὶ
3506 1668 3625 1717 κατ’
3658 1667 3832 1735 ἀρχὰς
3885 1667 3988 1734 μὲν

745 1767 906 1834 φόνος
953 1767 1058 1818 τῶν
1103 1767 1334 1820 πολιτῶν
1369 1767 1464 1819 οὐκ
1492 1767 1671 1834 ὀλίγος
1714 1767 1956 1834 γέγονεν,
1994 1765 2217 1836 ὕστερον
2252 1764 2307 1816 δὲ
2332 1762 2423 1816 τὸν
2447 1762 2663 1831 ὄλεθρον
2695 1758 2992 1820 Λεύκολλος
3017 1758 3236 1828 ἐπέσχε,
3283 1759 3376 1810 καὶ
3431 1759 3526 1828 τὴν
3586 1759 3740 1811 πόλιν
3798 1761 3984 1819 αὐτοῖς

748 1861 841 1912 καὶ
866 1859 960 1929 τὴν
989 1859 1170 1930 χώραν
1197 1864 1306 1922 τοῖς
1336 1861 1675 1914 διασωθεῖσιν
1695 1862 1736 1892 ⁸¹
1755 1861 2186 1930 ἀπεκατέστησε,
2214 1859 2309 1912 καὶ
2338 1856 2564 1909 οίκειότε
2578 1872 2666 1923 ρον
2697 1855 2912 1924 ἐχρῆτο.

1268 1978 1395 2031 CAP.
1431 1977 1659 2031 XLVIII.
1699 2008 1767 2018 —
1791 1977 2123 2031 Mithridates
2150 1978 2218 2029 ad
2248 1975 2522 2043 Tigranem
2549 1972 2776 2040 profugit
2820 1981 2869 2024 et
2907 1973 3108 2038 [rustra
3137 1971 3446 2037 exponitur.

816 2095 887 2147 At
918 2092 1251 2147 Mithridates
1304 2095 1368 2147 ad
1431 2109 1683 2161 generum
1738 2097 1972 2159 delatus.
2012 2097 2306 2164 expetitum
2343 2098 2386 2153 Β

2343 2098 2386 2153 Β
2480 2091 2816 2161 Μιθριδάτης
2854 2091 2909 2143 δὲ
2956 2090 3090 2160 πρὸς
3135 2090 3225 2142 τὸν
3285 2089 3530 2160 γαμϐρὸν
3569 2089 3981 2158 παραγεγονὼς,

746 2184 959 2252 quidem
993 2184 1319 2250 colloquium
1376 2199 1478 2236 non
1513 2185 1782 2251 impetrat,
1819 2187 1912 2238 scd
1947 2187 2190 2253 corporis
2226 2187 2306 2238 sui

746 2274 1042 2326 custodiam
1069 2275 1133 2326 ab
1157 2289 1220 2326 eo
1247 2275 1463 2340 accipit,
1492 2285 1543 2326 et
1569 2275 1692 2328 aliis
1724 2277 2102 2344 hospitalitatis
2123 2277 2310 2331 olliciis

749 2361 997 2417 allii-itur.
1039 2363 1176 2414 Misit
1199 2365 1361 2415 etiam
1396 2361 1645 2417 Lucullus
1669 2367 1732 2417 ad
1766 2366 2046 2435 Tigranem
2083 2367 2308 2434 legatum

744 2454 972 2522 Appium
1018 2453 1282 2512 Clodium,
1324 2457 1412 2522 qui
1465 2454 1831 2508 Mithridatem
1869 2468 2204 2524 exposceret.
2264 2457 2312 2510 Is

742 2560 873 2600 vero
897 2561 1003 2598 non
1033 2548 1219 2605 tradit,
1251 2549 1629 2600 universorum
1673 2565 1732 2601 se
1769 2549 2200 2603 criminationem
2226 2551 2315 2603 ho-

742 2637 946 2691 tninum
1011 2641 1244 2690 revereri
1302 2641 1650 2698 conﬁrmans.
1700 2640 1741 2693 si
1797 2641 1980 2693 uxoris
2039 2651 2310 2708 parentem

745 2727 884 2778 hosti
937 2728 1154 2792 prodat.
1196 2727 1350 2779 Scire
1377 2742 1435 2780 se
1457 2730 1671 2794 quidem
1709 2730 2006 2796 improbqu
2046 2747 2166 2784 esse
2211 2733 2310 2786 Mi-

745 2816 1056 2880 thridatem,
1113 2818 1206 2870 sed
1243 2827 1421 2869 tamen
1480 2818 1754 2871 afﬁnitatis
1805 2837 1861 2873 se
1906 2821 2102 2875 habere
2152 2827 2315 2875 ratio-

744 2922 893 2962 nem.
946 2909 1240 2974 Epistulam
1274 2909 1438 2961 etiam
1484 2912 1548 2960 ad
1599 2908 1878 2964 Lucullum
1920 2913 1969 2962 in
1998 2914 2110 2965 Ιιδξο
2151 2916 2312 2968 verba

745 2998 994 3050 rescribit
1022 3017 1034 3049 :
1070 3013 1190 3064 quae
1222 2998 1291 3050 ad
1336 2999 1469 3050 iratn
1505 3001 1675 3065 ipsum
1729 3003 2056 3067 provocavit.
2085 3018 2148 3055 eo
2174 3006 2312 3072 quod

745 3101 839 3142 rex
872 3088 923 3138 iu
977 3088 1326 3152 inSt-riptionc
1385 3089 1725 3155 imperatoris
1781 3105 1974 3142 nomen
2020 3093 2310 3157 omisisset,

745 3177 1025 3230 Lucullum
1083 3191 1298 3244 quoque
1335 3179 1475 3241 regis
1499 3193 1678 3246 regum
1734 3180 2141 3246 appellationem
2209 3186 2311 3237 sibi

745 3284 851 3321 non
910 3268 1222 3320 alttibuisse
1273 3267 1574 3320 cavillatus.
1624 3267 1722 3322 llic
1776 3285 1845 3322 xv
1883 3269 2133 3327 Historia:
2178 3273 2316 3328 liber

744 3363 879 3418 exit.

2415 2189 2507 2237 xui
2531 2186 2816 2248 συνουσίας
2844 2188 3026 2254 τυχεῖν
3045 2184 3235 2247 ἀξιῶν,
3266 2183 3469 2251 ταύτης
3500 2184 3598 2251 μὲν
3622 2184 3680 2234 οὐ
3702 2185 3931 2250 τυγχάνε
3945 2204 3983 2241 ι,

2412 2277 2655 2345 φρουρὰν
2703 2275 2758 2327 δὲ
2807 2274 2902 2327 τοῦ
2944 2274 3194 2343 σώματος
3224 2274 3351 2341 παρ’
3377 2272 3541 2324 αὑτοῦ
3577 2271 3843 2338 λαμϐάνει
3890 2273 3986 2322 καὶ

2411 2369 2510 2436 τῆς
2541 2368 2709 2436 ἄλλης
2742 2367 3041 2432 δεξιώσεως
3073 2368 3340 2434 μετεῖχεν.
3378 2365 3628 2433 Ἐπεμψε
3658 2364 3782 2434 [586
3812 2363 3985 2435 11]δέ

2412 2463 2505 2514 καὶ
2553 2459 2850 2520 Λεύκολλος
2898 2460 3032 2528 πρὸς
3084 2457 3361 2528 Τιγράνην
3407 2457 3744 2524 πρεσϐευτὴν
3789 2459 3986 2508 Ἀπιον

2414 2553 2671 2612 Κλώδιον,
2725 2549 3062 2619 Μιθριδάτην
3121 2550 3369 2615 ἐξαιτῶν.
3439 2550 3494 2602 Ὀ
3543 2552 3600 2602 δὲ
3643 2552 3742 2603 οὐκ
3789 2550 3986 2617 ἔδωκε,

2414 2645 2592 2710 φήσας
2624 2643 2718 2711 τὴν
2761 2642 2863 2692 ύπό
2904 2641 3118 2692 πάντων
3172 2640 3495 2710 ἀνθρώπων,
3525 2643 3572 2693 εἰ
3603 2644 3702 2710 τῆς
3735 2643 3986 2709 γαμετῆς

2414 2735 2620 2802 πατέρα
2648 2734 2867 2802 προδοίη
2883 2735 2950 2795 ⁵³,
2978 2732 3370 2785 διευλαϐεῖσθαι
3413 2736 3632 2802 μομφήν
3651 2751 3664 2763 ·
3695 2733 3828 2784 ἀλλὰ
3888 2750 3986 2797 μο-

2415 2826 2613 2895 χθηρὸς
2647 2827 2743 2894 μὲν
2762 2825 2836 2885 ὼς
2863 2824 2949 2892 εἴη
2969 2824 3300 2893 Μιθριδάτης
3330 2827 3421 2875 καὶ
3439 2825 3595 2876 αὑτὸν
3625 2824 3839 2882 εἰδέναι.
3859 2824 3987 2874 δυσ-

2413 2917 2678 2969 ωπεῖσθαι
2743 2917 2798 2969 δὲ
2831 2917 2928 2984 τὴν
2956 2916 3289 2982 ἐπικηδείαν.
3322 2917 3524 2983 Γράφει
3553 2917 3609 2967 δὲ
3641 2917 3733 2966 καὶ
3753 2918 3911 2965 επιστ
3925 2933 3986 2965 ο-

2414 3007 2508 3076 λὴν
2560 3008 2694 3076 πρὸς
2745 3007 3047 3059 Λεύκολλον
3084 3009 3210 3069 τοὺς
3267 3010 3589 3076 εἰρημένους
3618 3006 3806 3072 λόγους
3828 3006 3988 3074 ἐχου-

2416 3114 2534 3160 σαν,
2575 3097 2695 3163 ἣτις
2744 3096 3029 3166 παρώξυνε
3059 3095 3147 3148 τὸν
3175 3096 3495 3164 δεξάμενονο
3533 3098 3592 3148 ού
3625 3097 3728 3165 γὰρ
3759 3096 3984 3164 ἐνέγρα-

2413 3187 2513 3253 ψεν
2549 3189 2710 3238 αὐτὴν
2764 3188 3156 3255 αὐτοκράτορα.
3202 3189 3447 3254 ἐγκαλῶν
3495 3189 3577 3239 ὅτι
3640 3187 3776 3255 μηοὲ
3823 3188 3989 3248 αὐτὸς,

2416 3280 2620 3330 ἐκεῖνον
2646 3277 2789 3330 κατὰ
2819 3279 2916 3338 τὰς
2949 3278 3234 3340 ἐπιστολὰς
3264 3279 3486 3347 βασιλέα
3533 3279 3796 3348 βασιλέων
3821 3295 3988 3346 προσ-

2416 3369 2734 3434 ηγόρευσεν.
2777 3368 3038 3420 Ἐνταῦθα
3081 3371 3177 3438 μὲν
3218 3371 3311 3421 καὶ
3341 3371 3372 3440 ἡ
3401 3369 3858 3439 πεντεκαιδεκάτη
3890 3385 3989 3421 κα-

2340 3443 2381 3498 C
2415 3458 2637 3527 ταλήγει
2676 3459 2902 3527 ἱστορία.

1756 3591 1887 3648 CAP.
1923 3597 2104 3652 XLIX.
2142 3624 2213 3638 —
2242 3599 2394 3653 Cotta
2438 3600 2752 3654 Heracleam
2794 3601 3013 3654 obsidet.

819 3710 1059 3779 Sequens
1087 3720 1262 3764 autem
1301 3710 1520 3764 historia
1554 3713 1665 3764 liazc
1688 3721 2094 3764 commemorat.
2152 3709 2307 3764 Motis

753 3800 1115 3852 Romanorum
1183 3799 1378 3852 castris
1413 3837 1427 3861 ,
1479 3800 1737 3853 adversus
1788 3797 2096 3852 Heracleam
2156 3801 2311 3852 Cotta

749 3891 1042 3943 contendit.
1093 3889 1276 3941 Primo
1309 3900 1485 3942 tamen
1543 3890 1592 3942 in
1628 3890 1937 3942 Prusiadem
1969 3891 2134 3944 ducit.
2189 3889 2310 3944 llaec

749 3982 819 4033 ab
843 3997 1000 4033 amne
1032 3980 1427 4047 Przcterllueute
1478 3980 1621 4033 (Σίρι-ἰ
1661 3980 2065 4047 appellationem
2097 3981 2308 4042 tulerat,

749 4073 842 4124 sed
903 4073 1204 4137 ademptam
1242 4069 1675 4122 IIcraclieusilms
1718 4085 1807 4122 rex
1844 4069 2104 4137 Bithyuize
2131 4071 2194 4122 de
2255 4086 2311 4124 se

751 4163 1142 4216 denominavit.
1178 4161 1302 4214 Inde
1332 4164 1397 4212 ad
1434 4177 1581 4213 mare
1621 4160 1900 4212 Pcuticum
1935 4161 2229 4222 descendit,
2261 4172 2316 4214 et

750 4257 1075 4310 maritimam
1096 4266 1514 4323 praetergressus
1540 4256 2001 4318 oram,tnteuibus
2032 4256 2081 4305 iu
2117 4256 2314 4307 vertice

748 4351 935 4418 positis
1003 4361 1180 4402 castra
1270 4349 1574 4416 applicavit.
1649 4348 1769 4400 Loci
1838 4359 2012 4399 autem
2076 4347 2312 4399 ﬁrmitati

749 4440 1122 4494 Ilcraclienscs
1161 4440 1412 4498 lidebant.
1444 4449 1498 4491 ct
1522 4439 1690 4492 Cotta:
1713 4441 2166 4507 oppugnationem
2199 4441 2308 4492 for-

751 4532 876 4586 titer
914 4533 1281 4595 urgenti,cum
1310 4530 1558 4597 pratsidio
1599 4531 1982 4595 repugnabant,
2020 4539 2075 4581 et
2124 4529 2307 4596 plures

746 4641 778 4676 e
805 4623 1139 4674 multitudine
1159 4620 1397 4673 Romana
1423 4621 1707 4673 cadebant.
1727 4621 1924 4673 Crebra
1945 4631 2119 4671 tamen
2146 4619 2306 4672 etiam

2501 3712 2731 3781 Ὶστορία
2757 3713 2813 3765 δὲ
2849 3715 3102 3783 ἡέφεξῆς
3141 3713 3262 3764 τάδε
3297 3713 3585 3780 ἀφηγεῖται
3619 3727 3633 3741 ·
3684 3709 3990 3761 Ἀναλαϐὼν

2435 3805 2621 3856 Κόττα
2652 3805 2718 3856 τὰ
2760 3805 3043 3873 Ῥωμαῖκά
3087 3804 3466 3873 στρατεύματα
3503 3801 3641 3854 κατὰ
3698 3802 3793 3868 τῆς
3824 3801 3984 3868 Ἠραι

2419 3895 2602 3957 κλείας
2645 3896 2862 3965 ἐχώρει.
2900 3897 3057 3949 Ἀλλὰ
3108 3897 3318 3965 πρῶτος
3357 3895 3454 3964 μὲν
3519 3895 3608 3945 ἐπὶ
3662 3893 3990 3962 Προυσιάδος

2417 3982 2550 4056 ἦγεν
2585 3990 2636 4055 (ἡ
2668 3988 2722 4039 δὲ
2758 3989 3024 4056 Προυσιὰς
3064 3988 3194 4056 πρὶν
3232 3988 3331 4055 μὲν
3359 3986 3473 4038 ἀπὸ
3518 3985 3610 4037 τοῦ
3650 3987 3974 4053 παραρρέον

2416 4097 2506 4140 τος
2538 4079 2705 4147 αὐτὴν
2728 4079 2773 4109 ⁸⁸
2805 4079 3052 4147 ποταμοῦ
3081 4079 3281 4148 Κίερος
3312 4077 3556 4129 ἐκαλεῖτο
3577 4091 3590 4103 °
3619 4076 3647 4127 ὀ
3675 4076 3730 4128 δὲ
3769 4075 3872 4143 τῆς
3895 4075 3989 4140 Βιτ

2419 4171 2605 4231 θυνίας
2645 4169 2895 4238 βασιλεὺς
2921 4171 3030 4220 τῶν
3072 4168 3466 4236 Ἡρακλεωτῶν
3487 4166 3692 4234 ταύτην
3717 4165 3976 4235 ἀφελόμε-

2420 4279 2508 4323 νος
2539 4261 2597 4325 ἐξ
2646 4260 2840 4313 ἑαυτοῦ
2887 4259 3318 4327 μετωνόμασεν),
3350 4258 3600 4310 ἐντεῦθεν
3634 4257 3750 4309 δέ⁸⁹
3773 4259 3865 4308 ἐπὶ
3892 4259 3988 4326 τὴν

2421 4351 2687 4417 Ποντικὴν
2716 4350 2948 4418 κατῆλθε
2985 4350 3278 4412 θάλασσαν,
3317 4349 3409 4400 xui
3438 4346 3722 4417 παρελθὼν
3754 4348 3852 4416 τὴν
3884 4365 3979 4398 πα-

2423 4441 2609 4509 ραλίαν
2643 4443 2752 4502 τοῖς
2776 4441 2915 4491 κατὰ
2946 4441 3185 4508 κορυφὴν
3218 4439 3422 4506 τείχεσι
3451 4437 3511 4490 τὸ
3543 4439 3858 4507 στράτευμα
3893 4455 3980 4489 πε-

2421 4531 2721 4598 ριέστησεν.
2764 4530 3055 4600 Ἐθάῤῥουν
3093 4528 3192 4597 μὲν
3234 4531 3297 4598 τῇ
3350 4527 3442 4580 τοῦ
3493 4529 3694 4597 χωρίου
3731 4528 3779 4579 οἱ
3827 4527 3978 4595 Ἠραυ

2417 4621 2647 4672 κλεῶται
2671 4619 2979 4688 ὀχυρότητι,
3005 4620 3100 4669 καὶ
3131 4616 3413 4686 καρτερῶς
3435 4616 3526 4668 τοῦ
3563 4615 3744 4667 Κόττα
3773 4616 3980 4683 πολιορ-

750 4714 1175 4767 Ilcraclieusium
1208 4713 1428 4763 Vulnera
1459 4724 1613 4764 erant
1651 4726 1678 4764 a
1708 4712 1845 4764 telis.
1875 4711 2214 4779 QuaprOpter
2244 4712 2309 4763 ab
2341 4717 2385 4770 Ι)

2341 4717 2385 4770 D
2415 4711 2633 4772 κοῦντος
2681 4712 2778 4762 σὺν
2821 4711 2933 4772 τοῖς
2967 4709 3222 4778 φρουροῖς
3266 4707 3672 4774 ἁντεμὰχοντο·
3710 4707 3804 4756 καὶ
3833 4706 3985 4771 φόνος

749 4807 1148 4874 oppugnatione
1205 4807 1438 4871 receptui
1471 4803 1626 4857 Cotta
1685 4803 1799 4856 suis
1827 4803 1991 4864 canit,
2024 4814 2077 4855 et
2133 4817 2311 4854 remo-

751 4902 856 4951 tius
887 4901 1163 4966 aliquanto
1186 4908 1361 4950 castra
1407 4905 1656 4958 ructatus,
1695 4904 1837 4947 totus
1864 4893 1917 4946 in
1959 4895 2058 4946 hoc
2087 4901 2170 4948 est
2231 4894 2315 4946 in-

751 4997 950 5051 tentus,
983 4999 1041 5039 ut
1075 4988 1277 5039 exitum
1316 4986 1380 5039 ad
1405 5000 1489 5038 res
1514 4985 2191 5038 uccessariasintcrcludat
2216 4984 2316 5037 0b-

750 5079 930 5131 sessis.
997 5080 1236 5129 Annona!
1269 5077 1432 5144 igitur
1464 5078 1730 5130 charitate
1753 5077 1960 5139 oborta,
1989 5075 2224 5130 dimissis
2253 5075 2316 5127 ad

749 5168 989 5221 colonias
1016 5169 1228 5236 legatis,
1266 5169 1518 5220 alimenta
1563 5167 1662 5221 sibi
1694 5168 1982 5222 venundati
2013 5176 2218 5235 petunt.
2250 5165 2315 5219 Et

751 5259 979 5328 benigne
1001 5262 1265 5329 accipitur
1294 5259 1504 5327 legatio.

750 5351 974 5418 τηδείων
1011 5351 1268 5421 πρεσϐεία
1307 5353 1443 5420 πρὸς
1473 5352 1595 5414 τοὺς
1648 5351 1911 5411 ἀποίκους
1937 5352 2294 5420 ἐξεπέμπετο,
2346 5354 2548 5420 τροφῆς
2607 5350 2673 5402 δι’
2733 5349 2875 5419 ὠνῆς
2955 5347 3179 5401 αἰτοῦσα
3239 5345 3536 5416 χορηγίαν·
3595 5345 3644 5396 οἱ
3671 5344 3716 5374 ⁵⁸
3777 5343 3834 5394 δὲ
3919 5347 3983 5411 τῇ

757 5442 1023 5512 τρεσϐεία
1047 5442 1357 5512 ἠσμένιζον.

2420 4797 2487 4871 ἦν
2536 4801 2629 4852 τοῦ
2693 4799 3004 4868 Ῥωμαῖκοῦ
3061 4797 3296 4866 πλήθους
3349 4795 3530 4856 πλέον,
3596 4793 3888 4865 τραύματα
3934 4794 3986 4844 δὲ

2422 4893 2591 4944 πολλὰ
2625 4891 2733 4944 τῶν
2765 4889 3159 4961 Ἡρακλεωτῶν
3186 4893 3249 4941 ἐκ
3278 4888 3386 4940 τῶν
3434 4887 3620 4956 βελῶν.
3656 4888 3868 4947 Κόττας
3897 4880 3987 4937 οὖν

2421 4987 2770 5040 ἀνακαλεῖται
2823 4985 2918 5054 τῆς
2961 4983 3313 5052 τειχομαχίας
3360 4981 3420 5032 τὸ
3493 4981 3826 5049 στράτευμα,
3897 4978 3986 5029 καὶ

2423 5079 2619 5148 μικρὸν
2654 5075 3093 5146 στρατοπεδεύων
3121 5073 3321 5126 ἄποθεν
3350 5073 3468 5124 ὅλον
3508 5073 3704 5141 ἔτρεπε
3735 5072 3824 5121 τὴν
3864 5087 3985 5121 σκο-

2421 5169 2522 5219 πὸν
2550 5169 2629 5228 είς
2661 5169 2723 5219 τὸ
2762 5168 2858 5229 τὰς
2888 5167 2979 5218 ἐπὶ
3010 5169 3126 5227 ταῖς
3159 5163 3369 5233 χρείαις
3394 5163 3604 5226 ἐξόδους
3635 5164 3843 5230 εἴργειν
3882 5162 3985 5212 τῶν

2421 5258 2912 5327 πολιορκουμένων.
2953 5255 3332 5319 Σπανιζόντων
3365 5254 3420 5306 δὲ
3449 5256 3514 5324 τῇ
3544 5253 3694 5305 πόλει
3725 5253 3832 5304 τῶν
3868 5253 3983 5302 ἐπι-

2021 5579 2250 5634 ιἈιιιΑῑ
2278 5574 2675 5633 ΗΣΕἸἹΟΝΕΞ.

822 5700 860 5728 ⁸¹
896 5697 1018 5756 τώς
1054 5696 1174 5744 add.
1215 5694 1276 5746 Α.
1366 5695 1408 5724 θ’
1439 5692 1697 5748 διαθεῖσιν
1735 5695 2143 5763 ἀποκατέστησε
2187 5711 2243 5758 ς.

760 5786 866 5824 οιιι.
913 5771 971 5820 .i.
1060 5766 1102 5794 “'
1137 5767 1182 5816 οἱ
1225 5766 1263 5815 Α
1311 5766 1449 5830 τὴς

2332 5691 2375 5721 ⁵³
2418 5689 2635 5759 προδυίη
2674 5689 2711 5740 Λ
2761 5686 2912 5755 εδοξη
2956 5701 3012 5748 ιτ.

3092 5681 3134 5713 ⁵⁸
3171 5679 3336 5748 παρτ).
3394 5675 3489 5747 τὴν
3512 5675 3678 5746 αὐτὴν
3710 5692 3771 5741 ς.
3848 5677 3893 5708 ⁸⁵
3923 5674 3978 5727 δὲ
