4208 6448
211 416 323 484 925

1246 424 1760 485 BIBLIOTIIECA.
1805 450 1870 461 -·
1906 426 2069 487 COD.
2102 426 2389 487 CCXXIV.

3353 423 3460 487 926

921 534 1073 588 CAP.
1118 534 1180 589 L.
1232 566 1302 578 —-
1337 537 1574 592 Triarius
1615 540 1872 608 reliquam
1903 538 2236 593 Mithridatis
2278 541 2493 593 clauem
2539 537 2751 605 subigit.

289 625 403 696 Πρὸ
434 626 661 717 βραχέος
678 628 722 657 ⁵⁷
741 626 798 678 δὲ
852 625 1123 698 Ὀριάριος
1174 630 1266 681 τὸν
1318 632 1621 701 Ῥωμαϊκὸν
1668 633 1867 694 στόσιΑ

1820 640 1867 694 Α
1962 634 2032 687 At
2063 634 2208 688 brevi
2249 644 2375 687 ante
2433 632 2713 693 Triarius,
2743 628 2981 683 Romana
3012 626 3187 683 classe
3256 626 3458 682 instru-

216 728 309 770 λον
333 719 474 786 ἔχων
507 718 763 788 ὥρμησεν
794 719 901 773 ἀπὸ
940 720 1303 790 Νικομηδείας
1335 724 1427 775 ἐπὶ
1469 724 1567 787 τὰς
1598 727 1788 778 Ποντι-

214 809 323 871 κάς
353 812 623 880 τριήρεις,
661 808 728 872 ἃς
777 814 1036 880 προεῖπεν
1063 814 1090 863 ὁ
1118 812 1274 879 λόγος
1320 812 1448 881 περί
1475 831 1535 866 τε
1567 816 1789 886 Κρήτην

217 904 317 953 καὶ
356 901 594 971 Ἰϐηρίαν
637 901 1091 972 ἑξαποσταλῆναι.
1118 903 1324 957 Μαθὼν
1356 904 1413 957 δὲ
1441 905 1541 969 τάς
1571 906 1787 959 ὑπολοί-

218 1011 359 1056 πους
401 996 458 1055 ὲς
505 995 595 1047 τὸν
648 995 850 1049 Πόντον
908 997 1391 1067 ἀνακεχωρηκέναι
1442 1000 1655 1070 (πολλαὶ
1682 1001 1791 1071 γὰρ

217 1085 404 1136 αὐτῶν
438 1087 531 1137 καὶ
563 1086 791 1155 χειμῶνι
826 1089 920 1139 καὶ
952 1091 1069 1151 ταῖς
1093 1091 1235 1142 κατά
1266 1093 1432 1160 μέρος
1462 1094 1791 1164 ναυμαχίαις

216 1175 299 1237 εἰς
329 1175 627 1246 διαφθορὰν
654 1175 868 1245 ἔδυσαν)
904 1179 1315 1249 καταλαμϐάνει
1347 1199 1404 1234 τε
1434 1183 1660 1246 ταύτας,
1698 1184 1792 1235 καὶ

216 1270 317 1338 τὴν
346 1269 528 1338 μάχην
557 1270 683 1339 περὶ
710 1270 810 1340 τὴν
848 1271 1072 1324 Τένεδον
1112 1276 1421 1343 συγκροτεῖ,
1446 1273 1487 1326 o'
1516 1275 1614 1342 μὲν
1648 1275 1792 1343 ἔχων

217 1362 469 1431 τριήρεις
529 1361 710 1423 αὐτὸς,
773 1361 882 1413 τῶν
927 1362 984 1415 δὲ
1034 1363 1311 1417 Ποντικῶν
1351 1366 1591 1433 ἀγόντων
1616 1366 1789 1437 βραχὺ

221 1451 452 1513 ἱεούσας
496 1452 603 1502 τῶν
641 1458 713 1505 π’.
756 1452 882 1523 [745
914 1452 1004 1523 [ι]
1038 1455 1189 1507 Ἐπεὶ
1220 1455 1277 1508 δὲ
1316 1458 1542 1527 συνέστη
1574 1461 1603 1511 ὁ
1633 1460 1793 1510 πόλε-

219 1556 346 1607 μος,
378 1539 503 1591 κατ’
523 1539 696 1609 ἀρχὰς
724 1540 822 1609 μὲν
854 1542 1099 1610 ἀντεῖχον
1123 1543 1173 1595 οἱ
1197 1545 1291 1596 τοῦ
1320 1544 1604 1612 βασιλέως,
1639 1546 1795 1599 ὔστε-

217 1649 317 1703 ρον
363 1631 422 1683 δὲ
454 1632 661 1704 τροπῆς
703 1632 884 1685 αὐτῶν
927 1632 1185 1704 λαμπρᾶς
1233 1640 1530 1707 γενομένης
1572 1640 1632 1691 τὸ
1670 1640 1795 1692 Ῥω-

220 1726 399 1793 μαίων
454 1726 556 1777 ἀνὰ
605 1725 806 1794 κράτος
852 1726 1070 1795 ἐνίκησε
1118 1731 1452 1797 στράτευμα,
1500 1732 1591 1784 καὶ
1624 1731 1795 1795 οὕτως

216 1819 369 1877 ᾶπας
402 1818 430 1869 ὁ
480 1816 858 1885 Μιθριδάτειος
899 1817 1104 1883 στόλος,
1152 1818 1275 1881 ὅσος
1333 1820 1426 1871 ἐπὶ
1472 1822 1571 1889 τὴν
1615 1822 1795 1875 Ἀσίαν

216 1908 370 1978 αύτῷ
402 1907 846 1975 συνεξέπλευσεν,
876 1908 1038 1962 ὲάλω.

1890 736 2032 790 ctus,
2058 741 2087 779 a
2118 724 2437 780 Nicomedes
2460 724 2718 791 impetum
2751 721 2952 774 fecerat
2982 720 3034 773 in
3065 718 3319 773 Ponticas
3366 718 3464 769 tri-

1892 833 2088 881 remes,
2151 833 2285 886 quas
2332 832 2490 883 supra
2528 815 2731 868 dictum
2770 821 2855 867 est
2900 826 3088 865 versus
3143 810 3357 864 Cretam
3405 818 3461 861 et

1891 910 2204 979 Hispaniam
2255 909 2505 965 emissas.
2556 910 2625 962 At
2676 923 2797 962 cum
2846 904 3166 973 reliquasin
3225 902 3457 957 Pontum

1890 1012 2037 1057 retro
2073 1002 2223 1056 abire
2276 1001 2585 1055 rescivisset
2624 998 2828 1070 (multa:
2858 997 3000 1051 enim
3034 996 3099 1049 de
3136 995 3221 1050 his
3246 1005 3301 1048 et
3336 1009 3462 1060 pro-

1889 1095 2024 1150 cella
2050 1106 2103 1149 et
2133 1095 2348 1163 pugnis,
2374 1109 2472 1147 suo
2506 1105 2733 1161 quisque
2767 1090 2902 1154 loco,
2925 1088 3210 1141 navalibus
3241 1086 3462 1140 interie-

1890 1188 2056 1257 raut),
2087 1186 2282 1257 236a
2328 1195 2611 1239 assecutus
2657 1182 2773 1236 illas
2816 1183 2882 1235 ad
2914 1179 3212 1243 Tenedum,
3272 1194 3462 1232 manus

1890 1278 2165 1342 conserit;
2224 1276 2292 1329 70
2337 1274 2436 1343 ipsi
2476 1274 2724 1327 triremes
2786 1280 2968 1332 erant,
3018 1267 3227 1323 Pontici
3281 1276 3460 1320 autem

1892 1369 2175 1438 pauciores
2201 1368 2477 1436 aliquanto
2524 1363 2592 1419 80
2617 1364 2870 1431 agebant.
2907 1360 3201 1428 Postquam
3252 1357 3463 1411 infestis

1890 1471 2276 1517 concursatum
2328 1472 2412 1515 est
2446 1458 2645 1529 proris,
2681 1457 2811 1525 regii
2842 1458 2907 1510 ad
2953 1465 3165 1523 tempus
3198 1452 3304 1506 vim
3352 1452 3465 1506 ho-

1892 1555 2058 1608 stium
2088 1553 2241 1607 initio
2296 1552 2614 1605 sustinent:
2657 1560 2839 1618 postea
2871 1546 3139 1599 universis
3178 1544 3230 1597 in
3283 1541 3462 1611 fugam

1892 1638 2095 1701 effusis,
2128 1640 2337 1707 plenam
2374 1636 2646 1690 Romanus
2664 1634 2947 1688 victoriam
2969 1642 3023 1687 et
3046 1632 3315 1687 celebrem
3338 1644 3463 1684 con-

1893 1731 2156 1799 sequitur.
2192 1730 2368 1796 Atque
2394 1730 2464 1782 ita
2490 1728 2682 1783 classis
2714 1725 3040 1779 Mithridatis
3096 1733 3231 1789 tota,
3264 1731 3462 1792 quanta

1896 1822 1948 1876 in
1980 1823 2160 1875 Asiam
2188 1836 2310 1875 cum
2349 1822 2459 1890 ipsa
2498 1819 2762 1881 exiverat,
2793 1818 3017 1873 subacta
3048 1825 3151 1871 est.

912 2019 1041 2075 (ΣΑΡ.
1082 2016 1168 2073 LI.
1192 2049 1261 2061 --
1289 2019 1441 2075 Cotta
1468 2024 1537 2075 ad
1568 2022 1905 2078 obsidendam
1926 2024 2230 2078 Heracleam
2260 2021 2526 2076 Triarium
2554 2023 2782 2076 asciuit.

287 2136 502 2200 Κόττας
530 2137 589 2190 δὲ
631 2137 782 2206 παρά
815 2138 914 2207 τὴν
958 2136 1286 2208 Ἡράκλειαν
1336 2142 1778 2210 στρατοπεδεύων
1812 2147 1855 2205 Β

1812 2147 1855 2205 Β
1952 2142 2108 2196 Cotta
2141 2140 2268 2197 vero
2298 2141 2363 2193 ad
2393 2139 2701 2194 Heracleam
2736 2148 2911 2193 castra
2944 2138 3151 2192 habens
3176 2177 3192 2201 ,
3224 2135 3460 2190 nondum

212 2231 322 2300 ὅλῳ
344 2230 442 2299 μὲν
472 2231 532 2283 ού
563 2229 868 2299 προσέϐαλε
896 2232 961 2297 τῇ
984 2230 1266 2300 πολιορκίᾳ
1292 2232 1430 2295 τέως
1459 2233 1536 2303 τῷ
1555 2234 1788 2303 στρατῷ,

214 2323 361 2375 κατά
403 2323 566 2392 μέρος
619 2322 676 2374 δὲ
729 2322 1024 2391 προσῆγεν,
1082 2324 1257 2386 ένίους
1320 2326 1417 2394 μὲν
1481 2326 1590 2378 τῶν
1656 2326 1786 2379 Ῥω-

214 2414 419 2480 μαίων,
468 2414 698 2477 πολλοὺς
758 2413 815 2466 δὲ
879 2414 1319 2484 προϐαλλόμενος
1372 2416 1481 2469 τῶν
1531 2417 1788 2475 Βιθυνῶν,

212 2507 438 2560 Πολλῶν
466 2508 522 2559 δὲ
557 2508 649 2559 καὶ
671 2508 1121 2578 τιτρωσκομένων
1168 2509 1261 2562 καὶ
1309 2510 1719 2581 ἀναιρουμένων
1742 2512 1789 2544 ⁸⁸

216 2597 471 2665 μηχανὰς
505 2597 736 2658 ἐπενόει,
779 2591 854 2649 ὧν
896 2598 1068 2649 ἐδόκει
1098 2600 1210 2660 τοῖς
1245 2598 1789 2673 πολιορκουμένοιςή

211 2683 427 2754 χελώνη
463 2685 831 2754 φοϐερωτέρα.
887 2686 1112 2753 Ἐπάγει
1142 2687 1272 2753 γοῦν
1293 2686 1499 2757 ταύτην
1538 2689 1665 2757 ὅλην
1692 2690 1790 2760 τὴν

210 2778 451 2847 δύναμιν
495 2780 823 2847 συγκινήσας
864 2777 1056 2848 πύργῳ
1085 2777 1209 2849 [387
1248 2779 1345 2850 H.]
1378 2781 1484 2831 τινὶ
1534 2780 1790 2842 ὑπόπτως

210 2872 395 2940 ἔχοντι
442 2873 576 2940 πρὸς
617 2874 676 2924 τὸ
721 2872 951 2924 παθεῖν·
989 2872 1064 2932 ὡς
1106 2873 1162 2923 δὲ
1208 2873 1355 2937 ἅπαξ
1396 2874 1490 2925 καὶ
1528 2872 1787 2941 δεύτερον

213 2962 454 3029 πληγεὶς
488 2964 549 3014 ού
582 2963 739 3031 μόνον
774 2963 922 3029 παρὰ
946 2962 1100 3025 δόξαν
1131 2964 1494 3033 διεκαρτέρει,
1527 2965 1661 3016 ἀλλά
1695 2966 1787 3016 καὶ

207 3055 241 3104 ὁ
266 3053 423 3121 κριὸς
450 3053 551 3121 τῆς
582 3054 746 3123 ἀλλης
774 3053 1009 3122 ἐμϐολῆς
1044 3056 1488 3122 προαπεκλὰαθη,
1524 3056 1787 3124 εὐθυμίαν

213 3143 319 3210 μὲν
345 3146 459 3206 τοῖς
496 3143 921 3211 Ἡρακλεώταις,
975 3144 1214 3208 ἀγωνίαν
1246 3143 1301 3195 δὲ
1328 3146 1567 3213 παρέσχε
1608 3145 1787 3215 Κόττα

206 3234 679 3301 διαταράττουσαν
720 3235 906 3295 αὑτὸν,
944 3234 1019 3294 ὡς
1060 3234 1159 3285 οὐκ
1189 3234 1254 3285 ἂν
1354 3235 1507 3298 πόλις
1540 3236 1784 3307 αἱρεθείη

208 3324 369 3379 ποτέ.
431 3324 509 3393 Τῇ
566 3325 827 3395 ὑστεραίᾳ
887 3325 929 3375 δ’
980 3325 1072 3377 οὖν
1123 3326 1286 3377 πάλιν
1340 3327 1640 3395 ἐπαγαγὼν
1688 3330 1787 3398 τὴν

212 3416 471 3484 μηχανὴν
498 3415 590 3468 καὶ
622 3416 790 3484 μηδὲν
820 3415 1021 3476 ἀνύσας
1056 3416 1345 3468 κατακαίει
1382 3418 1477 3485 μὲν
1498 3420 1558 3469 τὸ
1604 3420 1785 3487 μηχά-

208 3525 279 3575 νη
291 3523 390 3575 μα,
412 3506 706 3573 ἀποτέμνει
744 3507 799 3559 δὲ
831 3507 925 3558 καὶ
942 3506 1037 3568 τὰς
1067 3507 1174 3559 τῶν
1204 3508 1588 3577 μηχανοποιῶν
1616 3486 1787 3577 κεφα-
1813 3486 1855 3542 C

209 3597 336 3658 λάς,
386 3600 481 3649 καὶ
516 3599 758 3667 φρουρὰν
794 3601 908 3660 τοῖς
934 3598 1136 3666 τείχεσι
1167 3600 1480 3652 καταλιπὼν
1524 3602 1659 3670 μετά
1695 3601 1787 3653 τοῦ

210 3687 409 3740 λοιποῦ
440 3689 676 3757 πλήθους
702 3690 781 3750 εἰς
808 3690 867 3740 τὸ
904 3690 1238 3757 καλούμενον
1272 3691 1454 3742 πεδίον
1486 3692 1787 3744 Λύκαιαν⁸⁹

209 3780 513 3850 διέτριϐεν,
574 3780 837 3848 ἀφθονίαν
887 3780 1099 3849 ἔχοντος
1162 3781 1270 3834 τῶν
1322 3783 1641 3849 ἐπιτηδείων
1693 3782 1788 3836 τοῦ

208 3878 443 3949 χωρίου.
493 3876 760 3930 Κάκεῖθεν
793 3877 893 3946 τὴν
938 3879 1067 3947 περὶ
1099 3878 1200 3947 τὴν
1242 3878 1565 3948 Ἡράκλειαν
1608 3878 1790 3946 χώραν

211 3972 441 4023 ἃπασαν
481 3967 657 4037 ἐδῄου,
693 3970 775 4031 είς
823 3967 1022 4037 πολλὴν
1060 3969 1369 4038 ἀμηχανίαν
1407 3970 1531 4031 τοὺς
1570 3969 1789 4032 πολίτας

210 4060 579 4116 συνελαύνων.
608 4059 1036 4130 Διεπρεσϐεύετο
1068 4060 1200 4127 γοῦν
1227 4061 1389 4113 πάλιν
1416 4062 1550 4131 πρός
1576 4079 1632 4114 τε
1664 4063 1790 4123 τοὺς

208 4155 273 4205 ἐν
315 4150 523 4217 Σκυθίᾳ
573 4152 983 4220 Χερρονησίτας
1014 4151 1105 4202 καὶ
1137 4150 1517 4214 Θεοδοσιανοὺς
1546 4152 1789 4214 καὶτοὺς

210 4244 351 4313 περὶ
376 4242 467 4295 τὸν
500 4243 773 4311 Βόσπορον
806 4243 1073 4304 δυνάστας
1128 4243 1268 4311 ὑπὲρ
1313 4242 1629 4311 συμμαχίας
1650 4262 1661 4273 ·
1698 4245 1791 4296 καὶ

209 4337 247 4403 ἡ
285 4334 555 4404 πρεσϐεία
578 4334 908 4401 ἀνέστρεφεν
936 4333 1271 4401 ἕμπρακτος.
1297 4334 1417 4385 Τῶν
1435 4333 1490 4385 δὲ
1520 4335 1791 4401 πολεμίων

209 4426 585 4491 ἐπικειμένων
606 4428 671 4494 τῇ
700 4424 874 4482 πόλει,
915 4424 974 4475 οὗ
1005 4423 1138 4476 πολὺ
1184 4424 1405 4476 ἔλαττον
1436 4424 1572 4492 αὐτῇ
1600 4425 1667 4475 τα
1699 4426 1792 4476 λυ-

208 4518 428 4570 ποῦντα
472 4517 617 4569 ἔνδον
672 4516 951 4568 ἐπετίθετο
977 4532 989 4545 ο
1024 4516 1085 4567 ού
1124 4515 1234 4585 γάρ
1258 4514 1525 4583 ἠρκοῦντο
1549 4516 1599 4567 οἱ
1630 4533 1791 4585 φρου-

210 4607 303 4676 poi.
346 4601 428 4666 οἷς
457 4606 605 4673 διέζη
645 4606 705 4657 τὸ
733 4604 1045 4672 δημοτικὸν,
1079 4605 1374 4667 τύπτοντες
1406 4605 1462 4657 δὲ
1493 4608 1620 4668 τοὺς
1642 4606 1793 4658 πολί-

206 4717 317 4761 τας
366 4697 686 4767 χορηγεῖνά
729 4698 803 4765 μὴ
858 4699 986 4766 ῥᾷον
1005 4698 1049 4727 ⁶⁰
1078 4693 1145 4766 ἦν
1196 4697 1377 4759 αὐτοῖς
1434 4696 1493 4762 ἐξ
1544 4697 1790 4767 ἀνάγκης

208 4790 489 4843 ἐκέλευον.
523 4788 631 4841 Καὶ
659 4788 766 4839 τῶν
797 4787 1049 4856 φρουρῶν
1079 4788 1159 4838 ἔτι
1196 4787 1395 4854 μᾶλλον
1444 4781 1508 4857 ἦν
1544 4786 1790 4855 χαλεπῶ-

204 4896 372 4948 τερος
399 4880 428 4929 ὁ
455 4874 770 4945 ἐφεστηκὼς
816 4876 994 4928 αὐτῶν
1036 4876 1405 4944 Κοννακόρηξ,
1458 4876 1559 4927 οὐκ
1604 4877 1793 4946 ἀπείρ-

205 4986 329 5036 γων
360 4968 476 5018 ἀλλ’
502 4966 811 5036 ἐπιτρέπων
836 4968 945 5027 τοῖς
967 4966 1010 4994 ⁸⁸
1054 4965 1159 5016 ὑπὸ
1192 4966 1347 5034 χεῖρα
1384 4964 1479 5033 τὴν
1513 4964 1653 5033 βίαν.
1691 4966 1792 5016 Τε-

208 5059 397 5130 μὼν⁶¹
427 5058 484 5109 δὲ
531 5060 628 5126 τὴν
683 5056 868 5127 χώραν
920 5057 949 5107 ὁ
1004 5057 1213 5119 Κόττας
1257 5056 1414 5107 πάλιν
1464 5056 1790 5125 προσϐάλλει

202 5153 326 5212 τοῖς
377 5150 648 5217 τείχεσιν·
692 5148 935 5215 ἀθύμους
985 5146 1042 5199 δὲ
1092 5148 1219 5208 τοὺς
1262 5147 1595 5215 στρατιώτας
1656 5148 1791 5217 πρὸς

202 5242 535 5311 πολιορκίαν
581 5241 724 5311 ὁρῶν
762 5239 963 5306 ἀπάγει
987 5240 1083 5309 τῆς
1115 5240 1488 5308 τειχομαχίας,
1515 5242 1607 5292 καὶ
1650 5239 1790 5310 πέμ-

200 5352 303 5386 πει
354 5331 533 5385 καλῶν
597 5333 903 5401 ὐτριάριον
956 5334 1117 5399 τάχος
1167 5334 1285 5393 ταῖς
1332 5332 1615 5401 τριήρεσιν
1671 5333 1781 5400 ἀφ-

202 5425 482 5479 ικνεῖσθαι
510 5424 603 5476 καὶ
630 5423 862 5477 κωλύειν
888 5423 977 5477 τὸν
1002 5423 1091 5476 διὰ
1130 5422 1231 5492 τῆς
1265 5422 1539 5492 θαλάσσης
1567 5426 1790 5477 ἐπισιτι-

203 5519 352 5589 σμὸν
382 5519 449 5586 τῇ
480 5516 650 5571 πόλει.

1896 2243 2008 2289 ιοιο
2058 2234 2510 2303 Oppugnatimiem
2562 2232 2803 2286 exercitu
2855 2244 3139 2300 aggressus
3174 2238 3324 2293 erat,
3370 2241 3463 2282 see

1892 2325 2101 2395 aliquos
2123 2326 2188 2379 de
2212 2324 2470 2378 Romanis
2503 2323 2865 2392 particulatim
2897 2322 3238 2384 admovebat,
3270 2320 3465 2374 multos

1892 2414 2106 2486 Bithyni
2130 2415 2361 2469 nominis
2381 2423 2622 2467 statuens
2650 2416 2699 2465 in
2731 2412 2925 2467 fronte.
2948 2411 3190 2479 Dumque
3220 2411 3460 2477 complu-

1893 2523 1980 2563 res
2019 2507 2371 2560 vulnerantur
2407 2515 2461 2559 et
2481 2514 2776 2573 oppetunt,
2817 2504 3069 2572 operibus
3113 2510 3167 2555 et
3195 2502 3463 2555 machinis

1893 2602 2130 2654 animum
2171 2599 2395 2668 adjicit:
2444 2614 2671 2667 quarum
2725 2598 2935 2650 testudo
2973 2611 3083 2665 pne
3121 2595 3241 2649 aliis
3272 2594 3462 2647 formi-

1891 2690 2072 2745 dinem
2102 2691 2330 2745 incussit
2356 2690 2613 2744 obsessis.
2644 2686 2833 2740 Totam
2873 2687 3031 2755 igitur
3064 2685 3169 2738 vim
3208 2686 3461 2747 militum,

1892 2783 2085 2836 castris
2106 2783 2335 2835 excitam
2356 2820 2371 2843 ,
2414 2782 2666 2835 admovet
2692 2779 2829 2832 turri
2854 2778 3092 2840 cuidam,
3124 2778 3290 2830 ruina:
3313 2792 3461 2845 spem

1891 2872 2222 2942 praiferenti.
2252 2871 2445 2925 Verum
2475 2871 2562 2924 ubi
2588 2869 2751 2924 semel
2784 2881 2942 2938 atque
2969 2868 3163 2921 iterum
3185 2881 3461 2935 percussa,

1890 2980 1994 3018 non
2035 2966 2192 3019 modo
2221 2974 2409 3018 contra
2440 2963 2747 3030 opinionem
2783 2962 3129 3030 persisteret,
3166 2960 3258 3012 sed
3298 2960 3461 3013 etiam

1890 3058 2031 3110 aries
2064 3073 2091 3109 a
2130 3066 2320 3111 extera
2358 3057 2604 3109 machina
2642 3052 2923 3106 dill'ractus
2968 3052 3305 3115 avelleretur,
3347 3053 3465 3105 ani-

1889 3166 2008 3204 mus
2032 3148 2454 3204 lleracliensium
2485 3163 2752 3212 crescere,
2776 3158 2828 3200 et
2856 3146 3203 3215 perturbatus
3230 3160 3463 3199 maerore

1887 3240 2041 3295 Cotta
2087 3242 2275 3295 timere
2315 3242 2508 3309 cmpit,
2553 3253 2829 3308 nunquam
2876 3238 3002 3291 urbs
3046 3252 3111 3289 ne
3156 3246 3458 3304 caperetur.

1888 3330 2111 3385 Postero
2153 3331 2315 3383 etiam
2358 3331 2476 3391 die,
2523 3344 2643 3382 cum
2688 3329 2943 3381 machina
2989 3328 3187 3380 iterum
3236 3328 3461 3394 impacta

1888 3422 2022 3476 nihil
2059 3421 2373 3489 proliceret,
2408 3420 2830 3473 instrumentum
2876 3419 3001 3471 illud
3036 3424 3380 3481 concremat,
3411 3426 3465 3469 et

1895 3516 2063 3569 fabris
2080 3516 2252 3583 capita
2273 3514 2537 3582 praecidit,
2561 3514 2855 3580 relictoque
2875 3512 2939 3565 ad
2969 3511 3165 3565 moenia
3190 3510 3461 3577 praesidio,

1896 3620 2018 3659 cum
2052 3613 2245 3658 czctera
2282 3604 2509 3657 militum
2545 3605 2697 3657 turba
2728 3604 2780 3656 in
2810 3617 3001 3670 campo
3026 3603 3187 3670 (quod
3216 3601 3462 3670 Lycaeum

1896 3705 2112 3763 vocant)
2140 3696 2334 3749 stativa
2361 3694 2576 3763 delegit,
2608 3707 2715 3760 quo
2748 3692 2797 3745 in
2828 3693 2944 3745 loco
2978 3690 3123 3759 larga
3148 3701 3263 3743 erat
3293 3692 3464 3743 victus

1897 3788 2073 3857 capia.
2128 3788 2303 3856 Atque
2342 3787 2466 3841 inde
2504 3786 2649 3840 omni
2691 3785 2834 3839 circa
2880 3783 3194 3837 Heracleam
3246 3784 3463 3851 regione

1897 3881 2192 3942 devastata,
2211 3880 2262 3932 in
2284 3894 2529 3946 magnam
2552 3879 2697 3933 cives
2720 3874 3084 3930 difﬁcultatem
3103 3874 3263 3943 cogit.
3286 3874 3462 3939 Quare

1897 3974 2072 4026 denuo
2102 3972 2168 4025 ad
2188 3971 2437 4041 Scythas,
2461 3969 2788 4025 Chersonesi
2815 3968 3042 4031 incolas,
3067 3974 3120 4021 et
3137 3966 3467 4021 Theodosia-

1899 4081 2030 4127 nos,
2061 4073 2115 4117 et
2148 4064 2289 4117 circa
2320 4063 2651 4131 Bosphorum
2681 4063 2937 4131 dynastas
2958 4101 2975 4123 .
3011 4060 3077 4114 de
3107 4060 3364 4115 societate
3392 4058 3465 4111 lc-

1898 4157 2167 4220 gationcm
2203 4156 2385 4218 mittit,
2415 4170 2533 4223 quae
2566 4169 2673 4209 non
2701 4155 2901 4223 absque
2934 4151 3123 4207 eﬂ'cctu
3157 4152 3460 4205 revertitur.

1899 4246 2142 4315 Dumque
2182 4248 2363 4301 hostes
2398 4246 2517 4300 urbi
2555 4247 2908 4310 incumbunt,
2944 4259 3047 4298 non
3084 4243 3249 4298 multo
3290 4243 3464 4296 minus

1899 4338 1967 4390 ah
2023 4339 2248 4391 internis
2290 4348 2519 4390 vexatur
2572 4336 2851 4391 molestiis.
2915 4334 3273 4389 Prmsidiariis
3320 4334 3461 4386 enim

1898 4428 2155 4482 militibus
2186 4428 2235 4482 id
2264 4443 2365 4482 non
2391 4427 2525 4484 satis
2555 4437 2665 4481 erat
2692 4442 2797 4495 quo
2828 4426 2977 4496 plebs
3014 4426 3218 4479 urbana
3250 4425 3462 4479 victita-

1897 4524 2011 4578 bat.
2055 4523 2382 4577 Verberibus
2414 4522 2575 4591 igitur
2612 4523 2868 4574 multatos
2902 4521 3082 4581 cives,
3119 4519 3461 4586 suppeditare

1898 4628 2018 4683 quae
2048 4612 2101 4666 in
2137 4622 2382 4681 promptu
2416 4628 2526 4665 non
2561 4620 2743 4674 erant,
2785 4626 2877 4680 per
2909 4611 3015 4664 vim
3042 4610 3252 4678 jubeut.
3286 4608 3461 4674 Quid?

1898 4706 2037 4773 quod
2072 4704 2419 4773 pnesidiariis
2454 4704 2610 4771 longe
2648 4702 3000 4771 importunior
3030 4710 3148 4755 erat
3181 4700 3464 4768 praefectus

1898 4798 2259 4859 Counacorix,
2294 4813 2398 4851 non
2432 4797 2589 4849 modo
2618 4810 2722 4848 non
2758 4794 3047 4862 prohibens
3080 4794 3185 4845 vim
3216 4806 3455 4850 suorum,

1896 4891 1988 4944 sed
2029 4891 2193 4943 etiam
2228 4890 2393 4943 libere
2432 4891 2775 4957 permittens.
2807 4886 2942 4940 Tum
2981 4901 3137 4954 agros
3175 4884 3464 4953 populatus

1895 4981 2080 5041 Cotta,
2128 4995 2310 5035 muros
2352 4981 2544 5034 iterum
2594 4977 2951 5032 adoritur.At
2994 4991 3114 5030 cum
3157 4990 3347 5043 segnes
3395 4976 3461 5028 ad

1894 5073 2344 5142 oppugnationem
2381 5071 2725 5139 remissisque
2761 5071 2954 5121 animis
3002 5067 3147 5121 videt
3179 5068 3393 5129 milites,
3430 5084 3457 5119 ιι

1896 5176 2090 5220 conatu
2121 5165 2410 5229 desistens,
2441 5175 2687 5217 vocatum
2724 5163 2887 5215 mittit
2918 5161 3212 5222 Triarium,
3253 5173 3309 5212 ut
3341 5175 3459 5212 Clltt?

1897 5258 2207 5311 triremibus
2249 5258 2645 5326 quamprimum
2714 5254 2957 5316 advolet.
2994 5252 3185 5324 23Gb
3223 5262 3277 5305 et
3314 5268 3461 5305 cmu-

1896 5355 2104 5404 meatus
2139 5349 2190 5402 in
2223 5349 2355 5403 mari
2389 5348 2695 5402 facultatem
2730 5344 3013 5416 oppidanis
3043 5343 3370 5413 intercipiat.

1464 5651 1699 5709 VARIAS
1726 5654 2128 5712 LECTIONES.

278 5752 323 5783 '"
365 5750 609 5821 βραχέως
654 5767 711 5812 τ.
789 5749 833 5780 ³⁸
869 5751 961 5802 καί
991 5747 1396 5818 ἀναιρουμένων
1424 5746 1549 5800 add.
1594 5749 1658 5800 Α.

200 5826 316 5877 τῶν
348 5839 404 5886 ς.
482 5822 527 5852 ⁸³
558 5822 767 5889 τέμνων
825 5840 860 5881 ς

1740 5752 1783 5782 ⁸³
1814 5750 2035 5805 λύκαιον
2063 5752 2386 5822 Stephanus.

2469 5754 2512 5785 ⁵⁸³
2548 5751 2814 5824 ῥᾷονιίιηυ
2858 5753 3057 5823 (larium.
3138 5751 3175 5779 °'
3219 5747 3319 5809 τ.ῐς
3363 5752 3401 5803 Α
