4208 6448
783 413 885 475 927

1925 420 2183 479 ΡΗΟΤΠ
2212 421 2402 479 P.\TR
2415 419 2706 479 [ARCILE
2740 421 2846 477 (ΣΡ.

3916 422 4026 485 928

1165 532 1292 591 (ΣΑΡ.
1328 531 1436 585 Lil.
1463 563 1527 572 —
1557 531 1755 587 Triarii
1797 535 2016 588 victoria
2062 538 2261 589 naualis
2299 537 2362 589 de
2403 534 2618 587 Ileracl.
2654 544 2703 586 et
2734 534 2954 599 grauia.
2989 531 3133 582 urbis
3169 531 3332 597 [antra
3364 548 3424 581 ac
3448 532 3627 597 pestis.

856 649 1159 713 Assumptis
1189 664 1316 716 ergo
1344 646 1585 703 Triarius
1618 665 1752 717 quas
1792 651 2057 714 habebat,
2099 653 2343 717 navibus,
2375 658 2421 713 Α

2518 651 2711 704 Λαϐὼν
2768 646 2861 700 οὖν
2892 648 2957 709 ἂς
3002 644 3149 715 εἶχεν
3201 646 3531 713 ὐτριάριος.
3579 643 3673 693 καὶ
3707 640 3943 703 Ῥοδίους
3975 654 4024 695 κ’

787 752 840 791 vt
874 740 941 791 20
976 739 1231 803 Rhodiis,
1275 755 1507 807 quarum
1542 755 1750 792 summa
1794 741 1863 794 45
1913 743 2263 804 conﬁciebat,
2300 743 2349 793 in

785 830 1014 882 l'ontnm
1046 829 1273 895 trajicit,
1305 837 1360 880 et
1396 829 1625 880 adventu
1660 829 1777 896 ejus
1819 829 1871 881 in
1908 840 2146 897 tempore
2186 830 2352 881 Come

786 919 1104 987 signiﬁcato,
1135 918 1323 971 eodem
1355 919 1439 970 die
1475 919 1771 972 exercitum
1798 920 1864 971 ad
1906 922 2101 973 inmitia
2130 920 2353 987 appellit

784 1009 976 1071 Cotta,
1016 1018 1071 1060 et
1110 1008 1400 1059 imminens
1449 1008 1641 1060 Triarii
1690 1010 1881 1063 classis
1922 1022 2163 1077 apparet.
2213 1010 2349 1065 Tum

789 1099 1067 1165 repentino
1108 1100 1319 1150 navium
1357 1098 1585 1152 adventu
1624 1099 1992 1153 lleraclienses
2024 1103 2246 1164 turbati,
2282 1105 2350 1159 '50

784 1188 1002 1254 quidem
1043 1203 1205 1241 naves
1242 1189 1293 1241 in
1321 1203 1470 1242 mare
1504 1191 1792 1250 deducunt,
1820 1193 1913 1241 sed
1952 1205 2046 1243 eas
2076 1208 2179 1245 non
2218 1196 2353 1245 satis

786 1280 1074 1347 complent.
1117 1279 1339 1348 Reliqua
1380 1281 1663 1333 multitudo
1703 1284 1768 1333 ad
1806 1284 2248 1349 prapugnaudum
2290 1299 2349 1337 se

787 1374 1077 1424 convertit.
1134 1371 1375 1439 Dumque
1428 1373 1620 1425 classis
1679 1373 2103 1428 Heracliensium
2160 1386 2351 1429 contra

789 1461 1107 1515 accedentes
1152 1462 1385 1515 hostium
1427 1479 1589 1517 naves
1637 1464 1687 1515 in
1733 1464 1898 1516 altum
1948 1466 2149 1529 tendit,
2194 1467 2351 1534 primi

789 1549 1006 1615 Rhodii,
1040 1553 1230 1618 peritia
1254 1563 1307 1605 et
1332 1552 1643 1606 fortitudine
1671 1556 1791 1609 aliis
1824 1556 2133 1624 praacellere
2168 1557 2354 1610 existi-

791 1644 942 1703 mati,
968 1643 1017 1694 in
1048 1640 1448 1697 Heracleoticas
1478 1644 1885 1712 impressionem
1910 1646 2131 1708 faciunt,
2157 1656 2211 1700 et
2240 1658 2352 1699 sta-

792 1729 884 1781 tim
924 1741 1035 1783 tres
1079 1730 1409 1783 Rhodiorum
1446 1742 1500 1783 et
1534 1735 1771 1800 quinque
1805 1733 2224 1786 Ileracliensinm
2260 1736 2355 1787 de-

790 1820 1114 1889 primuntur.
1144 1819 1207 1872 Et
1239 1836 1426 1889 pugnae
1461 1822 1585 1875 hinc
1622 1825 2061 1889 supervenientes
2099 1824 2351 1889 Romani,

791 1915 972 1968 multis
1031 1917 1267 1984 acceptis
1324 1917 1569 1979 damnis,
1628 1917 1871 1984 pluribus
1930 1926 2107 1969 tamen
2167 1917 2348 1979 illatis,

789 2007 1139 2062 lleracleotas
1164 2008 1481 2069 lundunt,et
1499 2011 1564 2061 ad
1591 2010 1774 2061 urbem
1798 2007 1978 2077 lugere
2001 2009 2349 2075 compellunt,
2386 2000 2425 2054 Β

786 2100 821 2151 4
874 2110 929 2152 et
976 2100 1041 2153 10
1096 2101 1320 2152 navibus
1371 2099 1685 2166 deperditis.
1748 2100 2010 2153 Victrices
2063 2113 2240 2154 autem
2294 2105 2350 2155 in

789 2193 1035 2261 Magnum
1074 2191 1285 2244 subiere
1328 2202 1560 2258 portum.
1587 2190 1882 2243 Peditalum
1902 2192 2064 2244 etiam
2085 2192 2153 2245 ab
2180 2209 2350 2261 oppu-

787 2287 1043 2350 gnatione
1102 2294 1317 2336 revocat
1373 2282 1551 2337 Cotta.
1600 2284 1864 2337 Triariani
1924 2294 2102 2336 autem
2164 2286 2353 2340 indies

784 2374 1023 2441 singulos
1044 2388 1074 2426 e
1102 2384 1260 2441 portu
1291 2375 1552 2436 subvecti,
1581 2390 1675 2428 eos
1705 2375 1793 2443 qui
1824 2374 2087 2427 frumenta
2112 2375 2351 2428 cireum-

786 2466 951 2517 sessis
998 2465 1289 2531 importare
1328 2476 1692 2528 conarentur,
1737 2467 2116 2533 impedierunt.
2164 2468 2353 2537 Ingens

788 2557 949 2619 igitur
987 2572 1213 2609 annonae
1244 2557 1481 2609 cliaritas
1536 2558 1721 2610 urbem
1769 2558 1965 2619 tentiit,
2023 2571 2079 2610 ut
2122 2558 2351 2613 Climnix

784 2652 927 2716 (qua:
967 2649 1182 2716 dicitur)
1224 2650 1287 2699 ad
1328 2650 1395 2701 80
1439 2649 1644 2701 Atticos
1710 2650 2048 2717 procederet.
2081 2650 2150 2703 'Et
2188 2667 2351 2719 super

788 2742 922 2792 alias
962 2754 1260 2799 mrumnas,
1294 2741 1455 2791 etiam
1494 2740 1658 2804 pestis
1707 2740 1951 2791 homines
1998 2742 2219 2803 invasit,
2265 2740 2347 2793 vel

786 2845 850 2881 rx
885 2830 1029 2881 acris
1060 2830 1374 2892 mutatione,
1424 2831 1507 2881 vel
1559 2830 1872 2883 inconsueta
1924 2830 2095 2884 vietus
2149 2832 2354 2884 ratione

788 2920 1090 2980 essislens,
1135 2929 1189 2971 et
1220 2934 1313 2987 per
1346 2922 1523 2969 varias
1553 2919 1917 2971 calamitatum
1952 2920 2147 2973 fortnas
2180 2923 2353 2973 varios

788 3011 1065 3062 hominum
1107 3010 1354 3061 interitus
1387 3007 1670 3062 eﬂlcicbat.
1704 3007 1849 3061 Inter
1884 3027 2018 3078 quos
2058 3014 2220 3063 etiam
2252 3012 2353 3063 La-

788 3102 1008 3153 machus
1038 3102 1190 3168 longe
1215 3102 1492 3153 acerbiore
1514 3117 1674 3168 quam
1701 3101 1814 3162 alii,
1835 3112 1888 3153 et
1915 3103 2139 3155 lentiore
2165 3105 2351 3158 mortis

786 3193 1026 3243 cruciatu
1064 3193 1441 3259 exstinguitur.
1483 3191 1619 3242 Lues
1661 3194 1773 3244 litec
1815 3194 2045 3245 maxime
2074 3196 2350 3261 praesidia-

788 3284 897 3335 rios
925 3285 1275 3351 corripiebat,
1313 3294 1365 3333 ut
1400 3285 1462 3335 de
1492 3281 1633 3333 5000
1666 3285 1806 3335 mille
1843 3284 2147 3337 interirent.

2452 742 2603 803 ναῦς.
2633 736 2706 792 ῶν
2746 740 2963 808 σύμπαν
3002 738 3061 790 τὸ
3091 736 3294 801 πλῆθος
3325 737 3403 796 εἰς
3432 740 3479 801 γ’
3508 736 3603 785 καὶ
3650 739 3701 800 μ’
3728 733 3918 795 ἐτέλει,
3946 735 4023 794 εἰς

2450 838 2540 889 τὸν
2570 837 2765 888 Πόντον
2800 834 3083 897 διαϐαίνει,
3120 833 3212 884 καὶ
3240 830 3430 900 μηνύει
3457 830 3637 898 Κόττα
3664 829 3757 879 καί
3784 828 3877 878 τὸν
3902 846 4023 878 και-

2452 931 2545 998 ρδν
2583 928 2676 980 καὶ
2729 928 2828 991 τὴν
2892 927 3097 993 ἄφιξιν.
3162 924 3300 975 Ὑπὸ
3366 922 3421 974 δὲ
3480 922 3581 990 τὴν
3615 920 3782 987 αὐτὴν
3813 921 4024 985 ἡμέραν

2453 1022 2659 1082 Κόττας
2691 1037 2749 1071 τε
2800 1021 2911 1080 τοῖς
2961 1020 3166 1087 τείχεσι
3212 1018 3303 1069 τὸν
3341 1015 3569 1083 στρατὸν
3599 1013 3842 1080 προσῆγε
3876 1012 3969 1061 καὶ
3998 1012 4025 1061 ό

2451 1114 2758 1173 κατάπλους
2788 1112 2897 1163 τῶν
2923 1111 3183 1179 Τριαρίου
3234 1108 3371 1161 νεῶν
3432 1106 3771 1172 ἐπεφαίνετο.
3828 1103 4026 1152 Συντα-

2454 1205 2739 1275 ραχθέντες
2762 1203 2855 1255 οὖν
2881 1205 2930 1254 oi
2978 1200 3355 1271 Ἡρακλεῶται
3386 1198 3520 1266 πρὸς
3548 1197 3607 1247 τὸ
3640 1194 3903 1260 αἰφνίδιον
3927 1192 4023 1258 τῆς

2452 1294 2560 1346 τῶν
2593 1293 2737 1361 νηῶν
2768 1293 2956 1359 ἐφόδου
2983 1293 3114 1351 ναῦς
3147 1290 3244 1357 μὲν
3277 1290 3367 1340 ἐπὶ
3392 1289 3489 1355 τὴν
3524 1286 3798 1338 θάλασσαν
3820 1282 3862 1333 λ’
3890 1282 4023 1333 καθ-

2452 1384 2650 1445 εῖλκον,
2680 1382 2803 1434 οὐδὲ
2846 1382 3045 1442 ταύτας
3094 1380 3339 1449 ἀκριϐῶς
3372 1376 3725 1447 πληροῦντες,
3752 1374 3811 1426 τδ
3836 1374 3892 1425 δὲ
3921 1373 4028 1423 λοι-

2453 1476 2553 1527 πὸν
2589 1475 2724 1543 πρὸς
2773 1473 2873 1541 τὴν
2908 1474 3227 1542 πολιορκίαν
3268 1472 3578 1540 ἐτρέποντο.
3622 1468 3877 1535 Ἀνήγετο
3930 1465 4027 1534 μὲν

2451 1566 2479 1616 ὁ
2526 1562 2962 1632 Ἠρακλεωτικδς
3000 1561 3183 1621 στόλος
3230 1562 3366 1629 πρὸς
3401 1560 3498 1612 τάξ
3526 1555 3893 1616 ὲπιπλεούσας
3919 1554 4027 1605 τῶν

2453 1656 2751 1724 πολεμίων.
2798 1654 3014 1724 Πρῶτοι
3062 1650 3193 1718 γοῦν
3246 1651 3437 1702 Ῥόδιοι
3488 1648 3604 1716 (καὶ
3654 1647 3761 1715 γάρ
3810 1646 4028 1697 ἐδόκουν

2454 1746 2716 1814 ἐμπειρίᾳ
2744 1762 2803 1797 τε
2836 1744 2933 1797 καὶ
2970 1742 3191 1812 ἀνδρεία
3218 1741 3326 1793 τῶν
3364 1741 3535 1793 ἀλλων
3582 1738 3852 1809 προέχειν)
3888 1739 4030 1806 ἐνερ-

2456 1838 2699 1908 ράγησαν
2752 1839 2869 1897 ταῖς
2912 1834 2971 1897 ἑξ
3006 1833 3348 1903 Ἡρακλείας,
3390 1833 3483 1883 καὶ
3542 1830 3884 1899 παραχρῆμα
3924 1830 4025 1894 μὲν

2456 1927 2758 1980 κατέδυσαν
2793 1926 3012 1978 Ῥοδίων
3045 1926 3143 1993 μὲν
3166 1924 3221 1991 γ’
3254 1920 3679 1991 Ἠρακλεώτιδες
3699 1920 3754 1971 δὲ
3785 1918 3847 1971 ε’.
3876 1920 4028 1970 Ἐπι-

2452 2020 2731 2088 γενόμενοι
2772 2019 2829 2071 δὲ
2877 2021 2945 2087 τῇ
2974 2017 3249 2085 ναυμαχίᾳ
3295 2018 3389 2069 καὶ
3420 2016 3702 2082 Ῥωμαῖοι,
3730 2014 3824 2065 καὶ
3857 2011 4030 2063 πολλὰ

2452 2111 2719 2172 παθόντες
2749 2111 2843 2163 καὶ
2890 2110 3217 2177 ποιήσαντες
3274 2109 3387 2168 τοῖς
3438 2106 3738 2174 πολεμίοις,
3775 2103 3903 2174 [748
3937 2102 4029 2171 R.i

2452 2202 2612 2253 πλέον
2654 2201 2711 2254 δὲ
2740 2202 2888 2270 ὅμως
2918 2198 3290 2261 κακώσαντες,
3318 2198 3613 2268 ἐτρέψαντο
3644 2199 3739 2259 τὰς
3763 2195 3822 2259 ἐξ
3858 2196 4029 2265 Ἠρα-

2452 2294 2637 2355 κλείας
2670 2292 2766 2344 καὶ
2804 2290 3027 2359 φεύγειν
3062 2291 3381 2358 ἠνάγκασαν
3435 2290 3569 2358 πρὸς
3623 2289 3721 2356 τήν
3773 2287 3951 2344 πόλιν.
3990 2288 4030 2338 δ’

2452 2383 2828 2445 άποόαλούσας
2855 2382 2951 2434 κα)⁸
2986 2388 3036 2435 ι’.
3069 2383 3132 2434 Ai
3166 2381 3501 2450 τρεψάμεναι
3524 2379 3578 2431 δὲ
3613 2383 3747 2447 πρὸς
3800 2380 3892 2430 τὸν
3938 2381 4033 2447 μέ-

2453 2492 2555 2542 γαν
2618 2473 2979 2543 ένωρμίζοντο
3021 2471 3235 2539 λιμένα.
3271 2472 3483 2538 ’ᾼνίστη
3519 2471 3562 2522 δ’
3592 2470 3683 2521 οὖν
3714 2472 3805 2521 καὶ
3838 2470 3899 2520 τὸ
3941 2487 4037 2519 πε-

2454 2566 2545 2628 ζὸν
2580 2564 2680 2633 τῆς
2710 2562 3025 2631 πολιορκίας
3056 2561 3084 2613 ὀ
3112 2561 3343 2621 Κόττας.
3377 2562 3438 2611 Οἱ
3469 2560 3523 2610 δὲ
3560 2560 3688 2626 περὶ
3726 2558 4033 2626 ὐτριάριον

2451 2654 2773 2722 ἀναγόμενοι
2790 2651 2908 2704 καθ’
2927 2650 3161 2718 ἑκάστην
3177 2651 3284 2701 ἀπὸ
3302 2650 3396 2700 τοῦ
3416 2651 3627 2715 λιμένος
3646 2650 3769 2709 τοὺς
3791 2652 4033 2716 σιτηγεῖν

2450 2744 2813 2815 ὡρμημένους
2865 2746 2975 2806 τοῖς
3001 2742 3127 2813 [588
3157 2741 3251 2812 11.]
3287 2743 3765 2809 πολιορκουμένοις
3820 2740 4037 2791 ἀπεκώ-

2452 2835 2597 2897 λυον,
2638 2836 2734 2888 καὶ
2776 2834 2971 2895 σπάνις
2997 2832 3206 2902 χαλεπὴ
3248 2830 3348 2898 τὴν
3387 2830 3540 2882 πόλιν
3578 2833 3847 2896 κατεῖχεν,
3880 2829 3955 2890 ὡς
3983 2835 4033 2878 τ]

2464 2927 2723 2979 Ἀττικῶν
2757 2926 2854 2993 τὴν
2882 2925 3179 2992 λεγομένην
3214 2924 3426 2991 χοίνικα
3482 2920 3575 2972 τοῦ
3625 2920 3773 2971 σίτου
3829 2922 4033 2985 προκό-

2449 3018 2569 3085 ψαι.
2619 3018 2744 3070 Ἐπὶ
2773 3018 2831 3069 δὲ
2868 3019 2981 3078 τοῖς
3008 3016 3191 3077 ἀλλοις
3217 3018 3407 3077 κακοῖς
3423 3016 3529 3099 οκαὶ
3559 3014 3743 3082 λοιμὸς
3770 3014 3816 3044 ⁸³
3848 3015 4035 3075 αὐτοῖς

2451 3108 2735 3159 ἐπιπεσὼν
2770 3108 2897 3177 (εἴτε
2926 3111 2989 3159 ὲκ
3018 3106 3229 3176 τροπῆς
3264 3107 3441 3175 ἀέρων
3468 3105 3577 3157 εἴτε
3608 3107 3669 3156 ἐκ
3704 3105 3803 3172 τῆς
3832 3106 4033 3173 ἀσυνή-

2455 3196 2579 3259 θους
2627 3198 2859 3265 διαίτης)
2908 3196 3161 3267 ποικίλην
3213 3198 3306 3247 ἐπὶ
3360 3196 3635 3257 ποικίλαις
3690 3196 4036 3263 παθημάτων

2452 3286 2615 3345 ἰδέαις
2650 3288 2747 3353 τὴν
2779 3286 2986 3354 φθορὰν
3017 3286 3384 3356 ἀπειργάζετο
3404 3302 3417 3314 ·
3451 3287 3508 3339 ὲν
3541 3280 3622 3347 οἷς
3649 3287 3741 3337 καὶ
3772 3288 4035 3353 Λάμαχος

790 3379 1094 3444 πικροτέρῳ
1124 3377 1216 3427 καὶ
1263 3375 1584 3444 μακροτέρῳ
1628 3376 1735 3427 τῶν
1768 3376 1941 3428 ἄλλων
1971 3377 2175 3445 ὀλέθρῳ
2204 3375 2516 3445 διέφθαρτο.
2562 3376 2777 3442 Ἥψατο
2799 3377 2854 3428 δὲ
2911 3378 3141 3445 μάλιστα
3159 3377 3252 3427 καὶ
3304 3376 3411 3427 τῶν
3467 3377 3719 3445 φρουρῶν
3768 3377 3800 3445 ἡ
3854 3377 4008 3438 νόσος

789 3470 863 3530 ὼς
898 3469 1003 3519 ἀπὸ
1058 3466 1370 3537 τρισχιλίων
1419 3466 1622 3535 χιλίους
1680 3468 1997 3521 ἀποθανεῖν.
2056 3469 2193 3530 Τοὺς
2237 3467 2542 3536 Ῥωμαίους
2579 3466 2635 3518 δὲ
2660 3467 2719 3518 τὸ
2750 3467 2921 3530 πάθος
2946 3469 3045 3519 οὑκ
3070 3467 3358 3520 ἐλάνθανεν
3375 3468 3443 3521 ⁸⁸.

1442 3583 1569 3637 CAP.
1596 3581 1812 3636 l.ll|.—
1834 3582 2100 3637 Heraclea:
2126 3584 2377 3651 proditio,
2407 3584 2680 3651 direptio.:
2708 3581 2987 3634 dissidium
3014 3581 3387 3635 Romanorum.

859 3669 1018 3737 Atqui
1039 3668 1397 3735 Connacorix,
1417 3671 1518 3724 hac
1540 3672 1887 3725 alﬂictionuni
1914 3674 2052 3727 mole
2074 3676 2345 3734 latiscens,
2375 3678 2419 3738 C

2522 3674 2632 3726 Καὶ
2678 3674 2708 3725 ὁ
2763 3672 3113 3741 Κοννακὸρηξ
3170 3672 3501 3723 κακοπαθῶν
3546 3672 3667 3733 ταῖς
3724 3675 4032 3740 συμφοραῖς

792 3760 977 3812 urbem
1015 3760 1271 3815 Romanis
1312 3766 1575 3830 prodere,
1616 3775 1672 3818 et
1713 3764 2152 3818 Heracleotarum
2188 3767 2356 3818 exitio

792 3865 942 3901 suam
974 3861 1282 3918 permutare
1312 3856 1537 3907 salutem
1579 3859 1783 3908 statuit.
1828 3856 2058 3926 Operam
2092 3859 2194 3911 line
2224 3874 2355 3911 con-

791 3942 997 3993 ferebat
1019 3942 1178 3995 etiam
1204 3942 1563 4000 Heracliensis
1593 3948 1806 4015 quidam
1831 3989 1846 4012 ,
1878 3949 2221 4004 consiliorum
2254 3948 2357 4001 La-

792 4033 968 4086 macbi
1008 4035 1320 4099 aznmlator,
1364 4039 1449 4090 cui
1487 4054 1677 4092 nomen
1726 4040 2072 4109 Damophile,
2102 4043 2356 4110 pra‘sidio

792 4124 942 4176 urbis
980 4134 1032 4177 et
1073 4124 1184 4191 ipse
1219 4125 1477 4180 Latnaclii
1522 4128 1739 4181 interitu
1773 4130 2077 4197 praefectus.
2113 4133 2181 4182 At
2215 4131 2357 4183 Con-

790 4214 1009 4266 nac0rix
1035 4228 1064 4265 a
1086 4214 1241 4267 Cotta
1269 4231 1423 4281 sane,
1455 4226 1512 4269 ut
1537 4219 1751 4271 homine
1775 4218 2013 4272 moribus
2036 4220 2356 4283 importunis

788 4318 845 4359 et
885 4308 1046 4361 dubia
1093 4311 1225 4377 ﬁde,
1271 4312 1371 4365 sibi
1407 4325 1600 4368 cavet:
1630 4330 1750 4368 cum
1787 4314 1999 4369 Triario
2031 4327 2209 4369 autem
2243 4332 2353 4368 rem

788 4401 1155 4454 communicat
1184 4419 1198 4455 :
1230 4415 1328 4454 nec
1361 4404 1578 4471 segnius
1602 4404 1652 4457 in
1687 4405 1875 4459 eodem
1907 4422 2031 4459 cum
2060 4408 2144 4459 liis
2175 4408 2355 4459 studio

790 4490 1133 4559 Damopbiles
1159 4494 1414 4556 decurrit,
1440 4504 1494 4547 et
1515 4496 1752 4563 acceptis
1778 4507 2056 4564 pactorum
2080 4499 2350 4552 conditio-

787 4582 975 4645 nibus,
1006 4583 1202 4653 237a
1237 4586 1433 4653 quibus
1464 4601 1524 4639 se
1557 4587 1744 4641 beatos
1797 4587 1914 4641 fore
1946 4589 2253 4657 sperabant,
2286 4590 2351 4641 ad

787 4673 1147 4741 proditionem
1176 4690 1234 4729 se
1260 4678 1567 4747 accingunt.
1597 4679 1784 4732 Obiter
1816 4690 1995 4733 autem
2020 4695 2139 4747 quae
2166 4696 2193 4731 a
2221 4696 2349 4745 pro-

787 4766 1053 4821 ditoribus
1079 4768 1399 4837 agebantur,
1434 4772 1485 4822 in
1524 4772 1710 4839 vulgus
1734 4782 2013 4824 emanant.
2051 4772 2104 4825 ln
2133 4774 2353 4826 concio-

787 4874 908 4911 nem
960 4860 1121 4926 igitur
1162 4862 1290 4913 urbs
1336 4863 1639 4927 concurrit,
1679 4865 2021 4931 prazsidiique
2067 4864 2351 4933 prtefectus

785 4952 1097 5003 advocatur.
1144 4951 1277 5003 'l'um
1328 4952 1713 5020 Britliagoras,
1754 4956 1837 5006 vir
1882 4954 2020 5008 inter
2063 4957 2347 5024 p0pulares

784 5040 1059 5106 praecipua:
1098 5043 1433 5095 auctoritatis
1455 5082 1471 5103 ,
1503 5044 1871 5110 Conuacorige
1903 5021 2199 5107 convento,
2240 5060 2346 5113 quo
2381 5021 2423 5075 θ

782 5129 901 5181 loco
932 5132 999 5183 sit
1029 5129 1287 5184 Heraclea
1319 5134 1593 5196 edisserit,
1630 5144 1683 5187 et
1717 5135 1759 5187 si
1797 5135 1883 5185 ille
1913 5136 2247 5201 comprobet,
2277 5138 2343 5189 de

783 5224 1048 5275 unumuni
1082 5226 1320 5286 Omnium
1356 5226 1531 5279 salute
1557 5242 1675 5279 cum
1706 5225 1918 5279 Triario
1956 5226 2339 5279 conferendum

783 5330 902 5364 esse
929 5325 1134 5367 censet.
1160 5315 1281 5369 llaec
1304 5333 1422 5369 cum
1477 5318 1873 5383 miserabiliter,
1898 5317 2078 5370 multis
2104 5318 2345 5370 intermi-

784 5406 879 5455 stis
917 5407 1195 5472 precibus,
1230 5418 1534 5475 perorasset
1565 5408 2170 5477 Rrithagoras,surgens
2201 5409 2343 5462 Con-

782 5500 1037 5562 nacorix,
1090 5502 1517 5567 pacificationem
1579 5518 1696 5555 eam
1760 5501 2161 5569 suscipiendam
2221 5516 2342 5553 esse

2459 3765 2599 3832 ἔγνω
2630 3766 2741 3825 τοῖς
2783 3764 3076 3832 Ῥωμαίοις
3110 3764 3417 3831 προδιδόναι
3465 3763 3563 3831 τὴν
3614 3763 3772 3814 πόλιν
3818 3764 3913 3813 καὶ
3963 3766 4026 3829 τῇ

2457 3857 2564 3925 τῶν
2609 3856 3003 3925 Ἡρακλεωτῶν
3042 3855 3291 3924 ἀπωλείᾳ
3336 3855 3432 3924 τὴν
3465 3855 3600 3905 ἰδίαν
3640 3856 3917 3923 σωτηρίαν
3946 3856 4033 3905 ἀλ-

2457 3946 2722 4012 λάξασθαι
2746 3948 2813 4000 ⁸⁸.
2847 3945 3291 4015 Συνελαμδάνετο
3321 3947 3377 3997 δὲ
3405 3945 3555 4014 αὐτῷ
3585 3948 3679 3996 καὶ
3721 3946 4030 4013 Ἡρακλεώ-

2455 4057 2554 4107 της
2586 4040 2746 4107 ἁνὴρ,
2779 4038 3024 4107 ζηλωτὴς
3051 4038 3148 4107 τῆς
3199 4037 3895 4119 Λαμάχουκπροαιρέσεως,
3925 4042 4027 4088 A2-

2459 4131 2717 4199 μωφέλης
2740 4131 2783 4159 ⁸⁸
2825 4129 3017 4196 ὄνομα,
3053 4127 3399 4197 φρούραρχος
3446 4129 3541 4178 κα)⁵
3578 4128 3737 4188 αὐτὸς
3774 4131 3840 4196 τῇ
3878 4128 4031 4180 πόλει

2459 4220 2596 4289 μετά
2621 4221 2719 4288 τὴν
2747 4218 3006 4285 Λαμάχου
3038 4216 3244 4284 φθορὰν
3270 4216 3564 4277 καταστάς.
3604 4215 3661 4265 'U
3686 4214 3865 4265 τοίνυν
3895 4216 4035 4265 Κον-

2455 4313 2691 4381 νακόρηξ
2731 4312 2821 4363 τὸν
2856 4311 3065 4361 Κότταν
3098 4307 3195 4377 μὲν
3239 4308 3312 4369 ὠς
3344 4308 3513 4376 βαρὺν
3538 4308 3581 4338 ⁵⁷
3644 4307 3703 4357 τὸ
3754 4302 3884 4375 ἦθος
3936 4309 4031 4358 καὶ

2454 4404 2682 4457 ἄπιστον
2717 4401 3063 4468 ἐφυλάττετο,
3091 4400 3227 4469 πρὸς
3275 4399 3579 4468 Ὀτριάριον
3600 4397 3655 4449 δὲ
3684 4397 3993 4449 συνετίθετο
4015 4415 4027 4425 -

2456 4493 2741 4563 συνέτρεχε
2769 4493 2823 4545 δὲ
2850 4492 3058 4553 τούτοις
3112 4492 3205 4543 καὶ
3237 4489 3580 4558 Δαμωφέλης
3624 4490 3724 4541 οὑκ
3757 4490 4031 4541 ἐνδεέστε-

2456 4604 2569 4655 ρον.
2604 4587 2711 4636 Καὶ
2741 4584 2999 4645 λαὸόντες
3046 4583 3343 4652 συνθήκας,
3371 4578 3458 4644 αἷς
3486 4584 3901 4651 εὐδαιμονήσειν
3928 4584 4025 4634 αύο

2451 4677 2535 4728 τοὶ
2575 4675 2819 4746 ἤλπιζον,
2869 4673 3003 4744 πρὸς
3052 4675 3151 4742 τὴν
3199 4674 3489 4743 προδοσίαν
3522 4674 4024 4742 παρεσκευάζοντο.

2464 4772 2553 4834 Ἐξ
2588 4768 2851 4835 ἐπιπολῆς
2896 4763 2991 4821 οὖν
3046 4768 3114 4819 τὰ
3159 4766 3512 4835 πραττόμενα
3566 4768 3679 4828 τοῖς
3735 4766 4028 4835 προδόταις

2450 4861 2730 4912 διέπιπτεν
2764 4862 2842 4921 εἰς
2869 4860 2959 4910 τὸν
3001 4859 3196 4925 δῆμον.
3231 4858 3324 4919 Εἰς
3352 4858 3652 4925 ἐκκλησίαν
3681 4852 3778 4908 οὖν
3804 4859 3836 4925 ή
3868 4857 4027 4918 πόλις

2452 4951 2784 5019 συνέδραμον
2826 4950 3041 5001 καὶτὸν
3075 4948 3420 5017 φρούραρχον
3465 4948 3713 5002 ἐκάλουν.
3755 4948 4026 5018 Βριθαγό-

2451 5061 2552 5112 ρας
2583 5043 2639 5094 δὲ
2666 5042 2772 5094 τῶν
2802 5045 2859 5094 ὲν
2898 5041 2975 5110 τῷ
3002 5042 3157 5111 δήμῳ
3188 5041 3328 5111 ἀνὴρ
3357 5040 3622 5109 ἐπιφανής
3650 5040 3786 5109 πρὸς
3815 5041 4025 5092 Κοννα-

2452 5137 2663 5203 κὸρηκα
2717 5135 3106 5202 παραγεγονὼς
3155 5134 3222 5186 τά
3276 5150 3334 5184 τε
3390 5134 3685 5201 κατέχοντα
3719 5132 3819 5201 τὴν
3862 5133 4024 5202 Ἥρα·

2452 5227 2635 5277 κλειαν
2688 5226 2905 5295 διεξῄει,
2953 5226 3046 5277 καὶ
3096 5226 3143 5276 εἰ
3188 5224 3489 5293 κάκείνῳ⁶⁸
3522 5225 3687 5286 δοκεῖ,
3727 5224 3821 5276 ἐπὶ
3869 5228 4020 5293 κοινῇ

2453 5320 2670 5372 πάντων
2726 5318 2967 5387 σωτηρία
3020 5316 3378 5385 διελάμϐανεν
3436 5316 3725 5385 Ὀτριαρίῳ
3772 5315 4021 5379 διαλέξας

2454 5410 2599 5463 σθαι.
2632 5410 2817 5461 Ταῦτα
2848 5408 3180 5477 Βριθαγόρου
3220 5409 3357 5477 μετά
3394 5408 3591 5474 πολλῆς
3633 5408 4019 5474 οἰκτιααμένου

2446 5502 2703 5570 δεήσεως,
2727 5500 3016 5562 διαναστὰς
3044 5501 3071 5550 ὁ
3095 5499 3445 5569 Κοννακόρηξ
3470 5498 3726 5567 τοιαύτην
3759 5499 3861 5566 μὲν
3891 5515 4019 5549 συν-

2056 5636 2282 5689 vsnus
2315 5624 2715 5691 LEC'l'lONES.

856 5726 899 5755 ⁸³
938 5726 1089 5795 λιμὸς
1122 5746 1182 5791 ς’.
1279 5732 1322 5758 “
1353 5729 1616 5797 ἐλάμϐανε
1658 5750 1712 5795 ς,

789 5797 1056 5865 Ξάρὸαρον
1094 5817 1156 5863 ς.
1217 5803 1258 5830 ⁸³
1289 5805 1502 5851 κακεῖνο
1537 5819 1595 5863 ς,

1825 5733 1867 5761 ⁸³
1898 5730 2303 5796 ἀπαλλάξασθαι
2367 5748 2422 5794 ς.

2549 5729 2594 5759 ⁶⁶
2628 5727 2933 5799 δαμοφελὴς
2981 5732 3022 5781 Δ
3059 5728 3404 5799 εΔαμοφιλὴς
3436 5746 3495 5794 ς.
3600 5731 3641 5757 ⁸⁷
3682 5727 3854 5798 βαρὺν
3911 5730 3954 5781 Δ
4000 5742 4015 5777 :
