4208 6448
201 420 316 484 929

1264 404 1782 469 BIBLIO’IHECA.
1814 430 1883 439 -
1918 403 2081 463 COD.
2113 399 2405 461 CCXXIV.

3347 398 3451 461 930

202 539 386 605 θήκην
432 530 633 584 ἀπεῖπε
684 525 1038 599 πράττεσθαι,
1091 523 1310 595 ἔχεσθαι
1332 525 1376 557 ⁶⁹
1409 525 1465 576 δὲ
1497 523 1595 591 τῆς
1624 523 1775 575 ἐλευ-
1806 527 1848 582 Α

1806 527 1848 582 Α
1879 528 2072 583 negat,
2122 519 2214 569 sed
2272 525 2327 568 ut
2370 512 2636 566 libertatis
2679 521 2735 565 et
2777 510 3016 565 melioris
3061 509 3290 565 fortuna)
3334 515 3443 581 spei

203 626 398 694 θερίας
449 619 544 673 καὶ
576 618 685 670 τῶν
739 618 1066 685 κρειττόνων
1120 616 1451 685 ὑπεκρίνατο
1507 612 1772 665 ἐλπίδων·

206 716 306 766 καὶ
336 714 448 780 γάρ
479 712 571 763 καὶ
598 710 692 761 τὸν
724 707 946 775 βασιλέα
977 708 1165 775 μαθεῖν
1189 706 1276 758 διὰ
1309 705 1650 773 γραμμάτων
1674 702 1779 754 ὑπὸ

205 802 511 871 Τιτράνους
564 814 626 850 τε
671 797 766 849 τοῦ
811 794 1059 865 γαμϐροῦ
1112 794 1448 863 φιλοφρόνως
1512 790 1778 861 δεδέχθαι,

206 894 308 945 καλ⁸
337 893 439 943 οὐκ
466 890 543 953 εις
574 888 789 959 μακράν
822 887 1030 940 ἐκεῖθεν
1063 886 1369 955 προσδοκᾷν
1395 883 1492 953 τὴν
1532 881 1784 952 ἀποχρῶ-

212 995 315 1029 σαν
346 977 620 1045 βοήθειαν.
668 974 806 1027 Ἀλλ’
841 974 1069 1036 ἐκείνοις
1125 973 1223 1042 μὲν
1255 973 1426 1024 ταῦτα
1455 972 1482 1023 ό
1510 970 1781 1024 Κοννακό-

214 1067 321 1137 ρηξ
364 1066 782 1134 ἐσκηνικεύετοο
822 1065 871 1117 οἱ
904 1064 961 1116 δέ
1007 1062 1381 1133 Ἡρακλεῶται
1425 1062 1631 1123 τούτοις
1675 1063 1784 1125 τοῖς

211 1159 395 1223 λόγοις
446 1154 850 1224 ἐξηπατημένοι
879 1154 987 1222 (ἀεὶ
1014 1153 1123 1223 γάρ
1153 1154 1371 1223 αἱρετὸν
1414 1152 1475 1204 τὸ
1503 1152 1785 1220 ἐράσμιον)

212 1251 291 1309 ὡς
320 1246 546 1315 ἀληθέσι
563 1246 676 1306 τοῖς
702 1242 1108 1315 τερατευθεῖσιν
1131 1245 1435 1295 ἐπίστευον.
1473 1242 1533 1291 Ὃ
1563 1240 1621 1292 δὲ
1655 1242 1779 1291 Κον-

215 1336 481 1406 νακόρηξ,
509 1336 583 1398 ὡς
613 1336 994 1404 ἠπατημένους
1024 1335 1184 1402 ἔγνω,
1214 1334 1354 1386 κατὰ
1388 1335 1555 1402 μέσας
1588 1331 1789 1393 νύκτας

210 1428 547 1490 ἐπιϐιϐάσας
590 1428 805 1497 ἡσύχως
857 1427 975 1488 ταῖς
1014 1426 1262 1495 τριήρεσι
1291 1424 1353 1475 τὸ
1379 1422 1693 1493 στράτευμα
1716 1422 1793 1489 (αἱ

217 1522 333 1589 γὰρ
360 1519 496 1586 πρὸς
531 1518 839 1586 ὐτριάριον
869 1516 1136 1584 συνθῆκαι
1163 1514 1347 1567 κακῶν
1379 1513 1609 1575 ἀπαθεῖς
1635 1512 1792 1565 ἀπιέ-

218 1630 331 1675 ναι,
356 1612 451 1663 καὶ
500 1611 553 1662 εί
576 1627 627 1661 τι
666 1609 1097 1678 κεκερδαγκότες
1118 1609 1163 1637 ⁷⁸
1187 1606 1399 1674 εἴησαν,
1435 1604 1552 1673 μεθ’
1586 1604 1794 1656 ἐαυτῶν

218 1704 381 1768 ἄγειν
433 1698 758 1769 ἐπέτρεπον)
808 1698 901 1750 καὶ
935 1696 1095 1758 αὐτὸς
1142 1694 1354 1757 τούτοις
1385 1694 1793 1756 συνεξέπλευσε.

231 1789 574 1861 Δαμωφέλης
600 1790 656 1841 δὲ
689 1789 787 1851 τὰς
834 1786 1006 1849 πύλας
1056 1785 1271 1849 ἀνοίξας
1321 1784 1660 1852 εἰσχεόμενον
1705 1784 1795 1835 τὸν

1895 610 2240 670 inhaererent,
2287 619 2381 673 per
2422 603 2819 657 simulationem
2862 602 3053 656 suasit.
3098 601 3304 655 Etenim
3355 619 3450 670 per

1892 699 2103 753 litteras
2130 712 2188 751 se
2214 696 2524 764 cognovisse
2565 709 2743 765 regem
2782 709 2811 747 a
2850 692 3080 760 Tigrane
3122 707 3322 764 genero
3354 694 3447 749 bc-

1881 788 2043 857 nigne
2091 795 2421 855 susceptum,
2458 797 2555 837 nec
2587 783 2802 849 longum
2832 791 2951 850 post
2981 781 3315 835 intervallum
3339 784 3453 837 su"-

1885 877 2079 934 liciens
2112 876 2237 930 inde
2266 884 2583 943 exspectare
2612 873 2894 926 auxilium.
2923 870 3069 925 Hanc
3102 882 3211 924 tum
3244 873 3447 926 larvam

1882 969 2149 1023 scenicam
2196 967 2300 1020 illis
2327 964 2691 1034 prtetendebat
2730 963 3087 1018 Cunnacorix.
3137 963 3316 1030 Quare
3366 966 3450 1017 his

1885 1058 2064 1112 verbis
2124 1058 2335 1125 decepti
2382 1057 2757 1110 Ileraclienses
2810 1054 3058 1125 (semper
3110 1057 3252 1109 enim
3307 1072 3447 1124 qum.

1887 1151 2087 1204 adlibet
2136 1148 2424 1218 expetitur)
2470 1157 2643 1202 astute
2683 1146 2948 1211 confictis,
2994 1155 3050 1199 ut
3098 1148 3263 1207 veris.
3294 1147 3449 1199 fidem

1887 1242 2205 1296 adhibuere.
2261 1239 2627 1302 Connacorix,
2682 1246 2740 1291 ut
2798 1238 2849 1290 in
2907 1236 3145 1290 fraudem
3196 1237 3452 1291 deductos

1889 1334 2051 1391 videt.
2084 1342 2244 1387 nocte
2292 1332 2635 1399 intempesta,
2669 1330 2906 1382 exercitu
2948 1327 3175 1381 navibus
3206 1327 3455 1395 imposito

1892 1421 2006 1489 (per
2033 1420 2209 1474 fmdus
2241 1421 2383 1474 enim
2408 1436 2527 1473 cum
2554 1418 2767 1473 Triario
2795 1420 2984 1471 initum
3016 1420 3179 1472 salvis
3205 1419 3373 1483 abire,
3401 1432 3455 1473 et

1890 1512 1935 1563 si
1970 1511 2096 1579 quid
2147 1511 2279 1564 lucri
2326 1512 2614 1575 fecissent,
2658 1526 2840 1564 secum
2886 1522 3167 1579 asportare
3214 1510 3453 1579 licebat).

1894 1601 2007 1666 ipse
2029 1617 2148 1653 cum
2176 1601 2431 1654 militibus
2453 1601 2700 1654 discedit.
2729 1600 3070 1668 Damophiles
3091 1613 3292 1663 autem,
3311 1605 3451 1655 solu-

1898 1691 1963 1745 tis
2014 1691 2222 1755 portis,
2278 1691 2597 1745 introfusum
2642 1690 3005 1744 Romanorum
3060 1694 3351 1745 exercitum
3401 1703 3453 1744 et

1897 1783 2166 1838 Triarium
2207 1787 2431 1854 recipit:
2468 1802 2695 1855 quorum
2740 1788 2833 1841 alii
2881 1803 2975 1855 per
3019 1798 3227 1855 portatu
3264 1789 3457 1840 irrum-

230 1882 541 1951 Ῥωμαϊκὸν
573 1879 801 1949 στρατὸν
844 1879 938 1931 καὶ
984 1876 1075 1928 τὸν
1117 1874 1421 1945 ὐτριάριον
1473 1874 1791 1941 είσεδέχετο,
1828 1864 1869 1916 Β

1787 1914 1791 1933 ,
1828 1864 1869 1916 Β
1900 1886 2050 1944 pttut,
2078 1880 2313 1931 nonnulli
2345 1880 2506 1931 etiam
2552 1878 2685 1931 muri
2724 1880 3003 1947 piunacula
3043 1880 3449 1933 transcendunt.

219 1976 351 2035 τοὺς
381 1974 480 2042 μὲν
516 1972 606 2024 διά
633 1974 731 2041 τῆς
770 1970 966 2039 πύλης,
996 1969 1168 2030 ἐνίους
1216 1968 1273 2020 δὲ
1322 1968 1417 2019 καὶ
1459 1968 1558 2034 τὴν
1593 1967 1793 2033 irrequi-

220 2082 323 2131 νην
351 2062 801 2132 ὑπερϐαίνοντας.
830 2060 941 2113 Καὶ
958 2059 1075 2111 τότε
1100 2059 1199 2128 τῆς
1224 2058 1511 2129 προδοσίας
1543 2058 1592 2109 οἱ
1628 2058 1796 2128 Ἠρα-

220 2156 457 2207 κλεῶται
493 2154 807 2224 ἐπῄσθοντο.
862 2154 970 2205 Καὶ
1003 2153 1050 2203 ol
1089 2151 1186 2221 μὲν
1218 2153 1357 2218 σφᾶς
1403 2151 1599 2213 αὐτοὺς
1660 2167 1798 2218 παρ-

222 2247 494 2311 εδίδοσαν,
542 2249 591 2297 ol
635 2246 689 2298 δὲ
728 2245 1137 2308 ὲκτείνοντο,τά
1168 2260 1226 2295 τε
1282 2242 1535 2312 κειμήλια
1583 2244 1676 2295 καὶ
1733 2243 1798 2294 τὰ.

222 2340 431 2391 ἔπιπλα
460 2337 809 2407 διηρπάζετο,
848 2340 939 2389 καὶ
969 2335 1140 2405 πολλὴ
1165 2336 1289 2396 τοὺς
1323 2334 1545 2396 πολίτας
1574 2333 1792 2402 ὠμότης

220 2431 523 2499 ἐλάμϐανε,
560 2428 923 2497 μεμνημένων
954 2426 1240 2495 Ῥωμαίων
1284 2426 1384 2478 ὅσα
1426 2443 1482 2477 τε
1519 2427 1669 2495 παρά
1696 2428 1796 2496 τὴν

220 2520 537 2589 ναυμαχίαν
566 2519 690 2590 [589
724 2518 815 2588 IL]
846 2516 1069 2570 πάθοιεν
1108 2515 1232 2586 [H9
1262 2515 1354 2587 IL]
1389 2517 1480 2568 καὶ
1503 2517 1601 2569 ὅσα
1639 2533 1797 2568 τετα-

221 2613 646 2680 λαιπωρηκότες
700 2611 793 2661 ἐπὶ
852 2612 917 2680 τῇ
973 2610 1256 2679 πολιορκία
1312 2609 1642 2679 ὑπέστησαν.
1687 2608 1799 2661 υὺκ

221 2704 514 2771 ἀπείχοντο
559 2702 688 2768 γοῦν
726 2702 843 2754 οὐδὲ
889 2701 997 2752 τῶν
1042 2702 1135 2753 ἐπὶ
1179 2704 1291 2762 τοῖς
1345 2701 1506 2769 ἱεροῖς
1542 2700 1801 2767 πεφευγόο

221 2811 356 2855 των,
386 2792 522 2843 ἀλλά
551 2792 702 2860 παρά
726 2807 784 2842 τε
818 2792 931 2851 τοῖς
963 2789 1164 2858 βωμοῖς
1208 2791 1302 2841 καὶ
1342 2792 1453 2852 τοῖς
1492 2790 1799 2859 ἀγάλμασιν

224 2884 429 2943 αὐτοὺς
476 2882 761 2947 ἔσφαττον.
812 2882 904 2931 Διὸ
925 2880 1109 2932 πολλοὶ
1157 2881 1537 2943 διαπίπτοντες
1584 2883 1647 2934 ἐκ
1694 2882 1801 2934 τῶν

229 2971 435 3039 τειχῶν
460 2972 610 3040 φόϐῳ
629 2969 722 3022 τοῦ
746 2972 989 3037 ἀφύκτου
1017 2971 1247 3023 θανάτου
1281 2972 1421 3023 κατά
1437 2974 1611 3025 πᾶσαν
1642 2973 1801 3024 ἐσκε-

225 3060 486 3112 δάννυντο
514 3058 697 3129 χώραν
723 3074 736 3086 ·
766 3060 815 3110 οἱ
837 3060 890 3110 δὲ
927 3059 1245 3128 αὐτομολεῖν
1277 3061 1411 3127 πρὸς
1444 3064 1533 3113 τὸν
1578 3062 1791 3115 Κότταν

224 3149 619 3219 ἠναγκάζοντο.
655 3148 743 3213 Ἐξ
768 3143 841 3199 ῶν
870 3150 1073 3211 ἐκεῖνος
1098 3151 1196 3217 τήν
1225 3166 1282 3201 τε
1328 3151 1527 3203 ἅλωσιν
1560 3152 1652 3203 καὶ
1694 3152 1787 3203 τὸν

228 3216 433 3305 φθόρον
462 3238 570 3289 τῶν
608 3236 909 3304 ἀνθρώπων
953 3238 1046 3288 καὶ
1075 3216 1172 3306 τὴν
1195 3238 1501 3307 διαρπαγὴν
1533 3239 1638 3291 τῶν
1662 3257 1798 3309 χρη·
1826 3216 1868 3272 C

231 3329 422 3397 μάτων
478 3327 841 3395 πυθόμενος’¹
900 3327 1067 3395 ὀργῆς
1121 3329 1517 3397 ἀνεπίμπλατο,
1559 3332 1653 3383 καὶ
1712 3331 1802 3384 διὰ

226 3421 441 3487 ταχέων
470 3419 602 3487 πρὸς
632 3420 730 3487 τὴν
780 3418 935 3470 πόλιν
977 3419 1252 3487 ἠπείγετο.
1290 3422 1717 3489 Συνεχαλέπαινε
1746 3422 1802 3475 δὲ

226 3511 327 3560 καὶ
364 3509 423 3560 τὺ
455 3508 790 3577 στράτευμα,
819 3508 893 3570 ὡς
921 3509 980 3560 ού
1020 3510 1177 3577 μόνον
1207 3509 1302 3579 τὴν
1327 3511 1417 3562 ἐπὶ
1438 3514 1549 3572 τοῖς
1589 3529 1804 3582 κατωρ-

228 3600 502 3667 θωμένοις
529 3600 773 3664 εὐδοξίαν
803 3600 1173 3671 ἀφῃρημένων
1195 3603 1259 3665 ⁷⁸,
1293 3602 1427 3655 ἀλλά
1460 3604 1553 3656 καὶ
1581 3605 1687 3656 τῶν
1712 3605 1799 3656 λυ-

230 3690 514 3741 σιτελειῶν
564 3690 779 3751 ἁπάσας
831 3691 982 3759 παρά
1016 3691 1123 3742 τῶν
1156 3693 1335 3744 αὐτῶν
1380 3693 1795 3763 διηρπασμένοι.

230 3782 345 3832 Kal
372 3783 451 3843 είς
480 3781 660 3851 μάχην
688 3781 753 3833 ἂν
782 3784 894 3845 τοῖς
914 3782 1201 3851 ὁμοφύλοις
1228 3785 1567 3853 κατέστησαν
1600 3787 1801 3839 ἄσπον-

225 3874 320 3924 δον
354 3872 448 3924 καὶ
480 3873 865 3941 κατεκόπησαν
895 3873 963 3926 ἂν
985 3874 1075 3925 ὑπ’
1103 3874 1368 3943 ἀλλήλων,
1394 3877 1440 3927 εί
1475 3876 1547 3945 μὴ
1592 3878 1802 3945 Ὀτριά-

232 3982 351 4029 ριος
378 3965 630 4030 ἐπιγνοὺς
659 3964 759 4033 τὴν
785 3964 961 4036 ὁρμὴν
1006 3965 1206 4026 αὐτῶν,
1245 3967 1458 4028 πολλοῖς
1488 3968 1800 4036 ἐκμειλίξας

1896 1968 2027 2022 Tum
2088 1971 2301 2022 demum
2360 1972 2601 2037 proditos
2663 1985 2720 2023 se
2773 1968 3143 2025 Heraclieuscs
3194 1972 3451 2031 sentiunt,

1894 2074 2126 2126 parsque
2182 2060 2368 2112 horum
2419 2075 2477 2115 se
2521 2061 2688 2126 dedit,
2734 2076 2855 2128 pars
2899 2062 3213 2115 trucidatur.
3262 2061 3369 2116 Res
3401 2065 3455 2115 in

1895 2151 2075 2204 abdito
2113 2153 2357 2220 repositae
2385 2162 2439 2205 et
2468 2154 2815 2220 supellectilia
2872 2155 3217 2222 diripiuntur,
3254 2166 3307 2208 et
3336 2172 3453 2208 tun-

1895 2256 1997 2312 gna
2038 2243 2357 2297 crudelitate
2406 2244 2457 2296 iit
2504 2244 2649 2298 cives
2694 2244 3003 2299 desaevitur.
3047 2245 3177 2299 Nam
3227 2252 3457 2300 recurrit

1897 2334 2075 2386 animo
2099 2332 2372 2398 Romanis,
2410 2344 2611 2401 quanta
2644 2335 2815 2387 navali
2844 2335 3090 2390 conﬂictu
3128 2338 3452 2390 dett-intentu

1897 2425 2263 2491 accepissent,
2314 2432 2367 2478 et
2405 2436 2636 2493 quantas
2672 2426 3050 2481 sustinuissent
3092 2442 3357 2482 aerumnas
3404 2431 3454 2480 in

1896 2513 2311 2581 Oppugnatioue.
2335 2514 2564 2583 Ideoque
2591 2530 2687 2569 nec
2709 2519 2775 2571 ab
2799 2517 2881 2570 his
2905 2518 2992 2580 qui
3027 2518 3092 2571 ad
3116 2519 3273 2572 deum
3302 2535 3455 2573 sacra

1897 2605 2253 2672 confugerant
2284 2614 2657 2673 temperatum,
2690 2609 2781 2660 sed
2814 2607 2965 2676 juxta
2996 2624 3117 2665 aras
3151 2621 3203 2663 et
3236 2610 3456 2663 delubra

1898 2696 2164 2764 supplices
2182 2697 2415 2749 mactati.
2438 2696 2693 2762 Quocirca
2716 2698 2860 2750 multi
2880 2711 3026 2752 trans
3050 2715 3233 2752 muros
3254 2700 3420 2767 elapsi
3438 2739 3450 2757 ε

1900 2787 2087 2841 mortis
2138 2788 2459 2842 inevitabilis
2504 2798 2675 2853 metu,
2715 2804 2810 2858 per
2857 2798 3021 2843 totam
3078 2790 3458 2859 disperguntur

1901 2878 2172 2947 regionem
2206 2897 2220 2933 :
2259 2881 2530 2933 nonnullis
2574 2882 2734 2934 etiam
2767 2882 2830 2933 ad
2871 2880 3082 2935 Cottam
3117 2885 3458 2953 transfugere

1899 2970 2125 3024 coactis.
2156 2972 2195 3023 Δ
2230 2972 2422 3039 quibus
2455 2972 2543 3025 ille
2567 2971 2633 3026 de
2656 2973 3044 3042 expugnatione
3076 2974 3245 3038 urbis,
3279 2984 3334 3027 et
3359 2974 3458 3028 ho-

1902 3064 2102 3114 minum
2127 3072 2309 3132 strage
2337 3072 2389 3116 ct
2408 3062 2711 3131 direptione
2738 3065 3017 3129 bonorum,
3037 3067 3236 3119 certior
3260 3066 3456 3129 factus,

1903 3154 1981 3207 ira
2027 3164 2168 3209 totus
2194 3156 2528 3221 exardescit,
2574 3164 2629 3209 et
2664 3170 2824 3222 quam
2864 3156 3143 3210 celerrime
3173 3160 3237 3211 ad
3272 3159 3456 3211 urbem

1903 3247 2141 3301 festinat.
2180 3246 2403 3301 Moleste
2439 3248 2598 3301 etiam
2631 3248 2788 3300 simul
2836 3249 2954 3301 tulit
2991 3250 3280 3313 exercitus,
3316 3252 3457 3318 quod

1902 3351 2009 3390 non
2064 3338 2224 3390 modo
2281 3337 2448 3405 gloria
2507 3353 2683 3391 rerum
2739 3338 2947 3393 fortiter
3004 3350 3273 3404 gestarum
3326 3356 3455 3408 spo-

1902 3427 2036 3488 liati,
2091 3428 2285 3498 2371i
2310 3430 2401 3482 sed
2428 3430 2588 3481 etiam
2615 3430 2909 3483 commodis
2940 3432 3204 3484 universis
3228 3431 3455 3484 fraudati

1901 3530 2082 3572 essent
2121 3520 2189 3574 ab
2237 3521 2447 3574 iisdem.
2493 3521 2614 3574 Ideo
2662 3522 2979 3589 implacabili
3017 3537 3137 3575 cum
3171 3524 3459 3591 gentilibus

1903 3611 2197 3665 certamine
2242 3615 2503 3674 conserti,
2544 3614 2739 3665 mutuis
2768 3628 2826 3666 se
2853 3614 3091 3666 caedibus
3128 3615 3455 3680 hausissent,

1906 3699 2004 3751 nisi
2031 3700 2293 3761 Triarius,
2325 3703 2685 3756 concitatione
2716 3702 2922 3755 illurqu
2956 3704 3242 3764 intellecta.
3280 3707 3456 3757 multis

1907 3801 2149 3856 pacasset
2199 3794 2377 3845 verbis
2423 3793 2652 3856 Collum,
2698 3804 2749 3847 el
2790 3795 2840 3847 in
2880 3810 3163 3848 comttttttte
3211 3812 3268 3848 sc
3311 3796 3455 3848 luela

1906 3884 2273 3948 expositurum
2322 3896 2506 3938 Sttllt‘le
2555 3886 2852 3955 prantisso,
2908 3886 3099 3938 bellum
3148 3886 3456 3940 intestinum

1907 3972 2245 4026 inhibuisset.

227 4056 411 4124 λόγοις
440 4054 528 4106 τόν
576 4071 634 4106 τε
685 4056 901 4109 Κότταν
936 4057 1030 4109 καὶ
1058 4057 1147 4109 τὸν
1179 4060 1429 4128 στρατὸν,
1466 4059 1559 4112 καὶ
1602 4060 1681 4121 είς
1726 4058 1786 4111 τὸ
1815 4062 1994 4115 κοινὸν
2050 4063 2118 4117 τά
2175 4065 2341 4134 κέρδη
2394 4063 2702 4116 καταθεῖναι
2726 4064 2773 4095 ⁷³
2840 4063 3299 4134 βεϐαιωσάμενος,
3370 4064 3459 4115 τὸν

227 4143 496 4212 ἐμφύλιον
525 4144 832 4211 ἀνεχαίτισε
867 4144 1121 4210 πόλεμον.

300 4257 432 4309 Car.
466 4254 600 4309 LIV.
628 4254 879 4311 -—Cotta
904 4256 1209 4311 Heracleam
1253 4259 1596 4325 exspatiantem
1628 4263 1878 4320 incendit,
1902 4271 1947 4313 et
1992 4260 2049 4313 in
2098 4260 2266 4312 reditu
2318 4275 2559 4327 magnam
2613 4262 2806 4327 prmda:
2849 4272 3047 4327 partem
3096 4262 3388 4329 naufragiis

1715 4333 1928 4387 amittit.

313 4438 470 4491 Ἐπεὶ
497 4438 554 4491 δὲ
581 4436 935 4491 ἐπυνθάνοντο
983 4437 1075 4491 τὸν
1103 4440 1498 4512 Κοννακόρηκα
1540 4443 1790 4515 κατειλη-

1973 4444 2071 4499 Ubi
2102 4459 2229 4496 vero
2252 4442 2457 4495 audivit
2478 4442 2897 4505 Connacorigem
2933 4444 3083 4497 Tinm
3108 4456 3163 4500 et
3185 4448 3453 4503 Amastrin

228 4532 371 4598 φότα
398 4530 497 4597 τὴν
523 4528 647 4580 Τῖον
675 4529 771 4581 καὶ
817 4530 916 4600 τὴν
973 4530 1297 4600 Ἄμαστριν,
1355 4535 1552 4586 αὐτίκα
1584 4537 1793 4597 Κόττας

1899 4549 2210 4602 occupasse,
2236 4535 2352 4587 siue
2381 4547 2526 4585 mora
2560 4532 2825 4585 Triarium
2850 4534 2999 4587 Cotta
3023 4538 3250 4599 dimisit,
3284 4552 3338 4591 nt
3362 4544 3455 4593 has

242 4618 552 4689 Ὀτριάριον
606 4619 881 4689 ἐκπέμπει
926 4621 1365 4692 ἀφαιρησόμενον
1417 4625 1596 4677 αὐτῶν
1627 4627 1672 4655 ⁷⁸
1700 4628 1797 4688 τὰς
1831 4604 1873 4659 D
1902 4652 1904 4668 ι

1791 4644 1797 4685 ;
1831 4604 1873 4659 D
1902 4626 1979 4677 eis
2008 4628 2168 4676 nrbes
2194 4624 2475 4675 adimeret.
2510 4619 2627 4688 Ipse
2660 4621 2897 4682 interim,
2934 4624 3169 4689 acceptis
3197 4626 3453 4678 dedititiis

230 4710 440 4771 πόλεις.
472 4709 642 4771 Δύτδς
672 4709 729 4762 δὲ
764 4710 888 4771 τούς
937 4727 997 4762 τε
1031 4715 1561 4784 προσκεχωρηκότας
1590 4716 1789 4786 ἄνδρας

230 4800 417 4855 λαϐὼν
448 4800 541 4851 καὶ
571 4801 694 4860 τοὺς
724 4802 788 4853 ἐκ
821 4800 921 4867 τῆς
945 4802 1317 4871 αἰχμαλωσίας
1361 4805 1700 4874 ἀνθρώπους,
1730 4809 1799 4860 τά

230 4892 399 4945 λοιπά
431 4889 569 4959 μετὰ
595 4890 773 4957 πάσης
806 4890 1008 4943 διεῖπεν
1032 4893 1332 4962 ὠμότητος.
1374 4897 1643 4966 Χρήματα
1670 4899 1800 4965 γοῦν

230 4981 652 5050 διερευνώμενος
702 4980 822 5033 οὐδὲ
871 4980 978 5033 τῶν
1031 4983 1089 5033 ἐν
1145 4983 1305 5052 ἱεροῖς
1354 4986 1612 5052 ἐφείδετο,
1664 4988 1799 5039 ἀλλά

232 5075 363 5135 τούς
386 5089 446 5124 τε
491 5069 811 5138 ἀνδριάντας
846 5071 940 5123 καὶ
972 5071 1039 5124 τά
1084 5073 1372 5143 ἀγάλματα
1404 5076 1594 5143 ἐκίνιι,
1631 5077 1799 5130 πολλὰ

232 5165 333 5217 καὶ
376 5159 574 5212 καλάπ
600 5156 747 5211 ὄντα.
783 5159 890 5210 Kal
918 5158 983 5227 δὴ
1016 5161 1109 5212 καὶ
1139 5163 1231 5213 τὸν
1282 5164 1559 5230 Ἠρακλέα
1597 5167 1688 5217 τὸν
1736 5168 1800 5218 ἐκ

232 5252 336 5320 τῆς
364 5249 573 5318 ἀγορᾶς
605 5246 796 5317 ἀνῄρει
824 5248 918 5301 καὶ
952 5249 1155 5319 σκευὴν
1197 5252 1361 5305 αὑτοῦ
1413 5254 1512 5323 τὴν
1547 5255 1656 5307 ἀπὸ
1705 5257 1799 5323 τῆς

234 5338 568 5410 πυραμίδος,
606 5337 960 5402 πολυτελείας
1007 5341 1104 5393 καὶ
1156 5345 1419 5411 μεγέθους
1449 5348 1544 5398 καὶ
1598 5346 1663 5416 δὴ
1708 5350 1801 5400 καὶ

236 5432 452 5505 ῥυθμοῦ
488 5430 582 5483 καὶ
611 5430 831 5501 χάριτος
877 5431 973 5484 καὶ
1022 5432 1217 5506 τέχνης
1245 5437 1455 5500 οὐδενὸς
1485 5437 1590 5492 τῶν
1645 5440 1802 5491 ἐπαι-

1901 4723 1953 4767 et
1974 4712 2222 4780 captivis,
2240 4719 2432 4763 cetera
2457 4724 2550 4778 per
2581 4723 2793 4762 omnem
2824 4710 3080 4761 saevitiam
3115 4710 3453 4763 administra-

1904 4805 1999 4857 vit.
2051 4802 2183 4855 Nam
2236 4803 2358 4854 dum
2403 4815 2533 4870 Opes
2581 4800 2776 4867 passim
2826 4809 3127 4862 scrutatur,
3182 4816 3248 4854 ne
3290 4805 3456 4854 sacris

1904 4893 2115 4962 quidem
2150 4894 2338 4960 parcit.
2364 4892 2581 4946 Statuas
2609 4892 2749 4944 enim
2810 4900 2863 4944 et
2896 4891 3176 4959 imagines,
3204 4898 3311 4945 tam
3344 4893 3459 4959 pul-

1904 4987 2062 5040 chras
2096 5000 2253 5053 quam
2290 4986 2502 5047 multas,
2537 4984 2653 5037 loco
2683 4984 2849 5037 movit
2879 5001 2893 5035 :
2921 4984 3052 5051 quin
3090 4994 3141 5036 et
3177 4982 3454 5038 Herculem

1896 5093 1926 5130 e
1950 5076 2084 5139 foro,
2113 5088 2167 5129 et
2189 5085 2439 5129 ornatum
2468 5075 2584 5143 ejus
2611 5090 2638 5127 a
2664 5074 2964 5143 pyramide.
2989 5085 3223 5140 sumptu.
3250 5078 3456 5143 magni-

1896 5168 2101 5229 tudine,
2131 5183 2229 5220 nec
2259 5182 2362 5219 non
2397 5166 2608 5233 Opilicio
2636 5176 2689 5218 et
2720 5176 2853 5231 arte,
2889 5163 3031 5216 nullo
3064 5163 3457 5216 Iaudatissiu-o-

1900 5274 2013 5310 rum
2042 5273 2263 5325 cperunt
2296 5257 2631 5320 inferiorem,
2668 5255 2908 5309 sustulit.
2946 5254 3071 5306 Erat
3101 5266 3277 5307 autem
3308 5256 3455 5307 claui

1900 5349 2089 5402 malleo
2123 5365 2251 5403 cusa
2286 5364 2347 5402 ex
2386 5363 2517 5401 auro
2541 5348 2863 5412 purissimo:
2893 5356 2945 5399 et
2976 5346 3183 5401 leonina
3220 5349 3315 5413 ipsi
3349 5350 3457 5400 cir-

1900 5441 2164 5508 cumfusa,
2192 5454 2518 5511 corytusque
2544 5456 2611 5494 ex
2642 5444 2828 5495 eadem
2869 5441 3114 5503 materia,
3146 5456 3271 5494 arcu
3297 5451 3349 5493 et
3375 5456 3461 5493 δι-

1496 5593 1727 5648 νΑιιιΑξ
1764 5594 2163 5653 LECTIONES.

312 5712 357 5742 “
387 5708 636 5778 δέχεσθαι
682 5710 747 5763 Α.
820 5712 869 5744 ’θ
894 5710 1276 5780 κεκερδακότες
1318 5714 1380 5767 Α.

260 5783 271 5790 .
312 5715 357 5742 ⁵³
387 5715 636 5795 δέχεσθαι
662 5715 747 5795 AA:
820 5715 869 5744 '°
894 5715 1276 5795 κεκερδακότες
1436 5715 1847 5795 ,ν’-πειθόμενος
1890 5736 1957 5795 c;_._
1991 5719 2066 5795 _"
2096 5720 2449 5795 ἀφῃρημένον
2491 5721 2762 5791 Scaliger,
2796 5722 3134 5792 ἀφῃρημένοι
3204 5719 3458 5776 ιιωδειιυ-

238 5782 365 5833 lius.
442 5779 489 5810 ⁷³
520 5780 827 5834 καταθεῖναι
870 5784 937 5836 τά
990 5779 1151 5855 κέρδη
1182 5801 1242 5849 ς.
1318 5786 1359 5814 ⁷³
1390 5785 1551 5837 αὑτὸν
1585 5779 1841 5856 Scaliger.

1916 5790 1958 5818 ⁷⁸
1989 5788 2111 5841 ὄντα
2170 5808 2257 5841 και
2308 5791 2445 5842 καλὰ
2474 5808 2531 5851 Τ.
