4208 6448
770 396 868 462 931

1945 384 2204 447 PIlOTIl
2240 377 2743 441 PATRIARCILE
2770 375 2878 435 CP.

3929 378 4037 439 932

770 512 919 585 ginis
941 509 1193 563 refertus.
1217 506 1381 559 Multa
1411 504 1571 559 etiam
1607 502 1707 557 alia
1731 516 1883 571 aeque
1917 500 2161 554 miranda
2198 508 2358 565 atque

2466 490 2741 560 νουμένων
2769 487 3228 558 ἀπολειπομένην.
3297 487 3375 540 Ην
3404 487 3462 540 δὲ
3496 486 3728 557 ῥόπαλον
3759 492 4040 558 σφυρήλα.

777 605 1021 675 pulchra,
1045 616 1075 655 e
1102 601 1238 654 fanis
1263 608 1318 654 et
1341 598 1473 651 urbe
1501 596 1736 657 sublata,
1764 593 1985 647 navibus
2013 590 2245 643 intersit.
2271 588 2350 640 Ad

775 699 1025 750 ultimum
1073 693 1240 760 jussis
1288 692 1463 760 ignem
1506 688 1796 742 immittere
1837 684 2124 746 militibus,
2170 680 2352 733 multis

777 792 963 842 urbem
1002 789 1250 857 partibus
1290 782 1589 838 succendit.
1633 779 1707 833 lta
1737 789 1894 847 capta
1930 788 1984 831 et
2019 780 2238 830 subacta
2271 781 2355 826 est

779 882 993 941 civitas,
1031 894 1152 932 cum
1190 877 1326 928 duos
1363 872 1817 941 oppugnationem
1852 882 2021 920 annos
2061 864 2352 919 sustinuis-

780 982 880 1025 set.
928 971 1039 1025 Sub
1086 971 1199 1021 huic
1252 966 1497 1019 Triarius
1541 963 1605 1015 ad
1664 964 1823 1015 urbes
1865 960 1963 1013 sibi
2008 957 2355 1011 demandatas

780 1064 1075 1131 profectus,
1111 1059 1465 1126 Connacorigi
1506 1058 1572 1125 (is
1606 1056 1749 1109 enim
1785 1052 2145 1121 proditionem
2179 1047 2353 1101 Hera-

778 1154 907 1205 clea:
941 1152 1167 1205 aliarum
1215 1148 1570 1213 occupatione
1608 1142 1952 1197 dissimulare
1995 1141 2177 1193 animo
2218 1152 2357 1207 prae-

780 1246 1125 1313 suinpserat),
1157 1241 1446 1298 securitate
1492 1237 1719 1291 abeundi
1768 1236 1903 1287 facta
1928 1274 1942 1297 ,
1977 1235 2220 1286 civitates
2256 1231 2357 1283 sub

781 1338 1181 1392 conditionibus
1206 1336 1367 1387 certis
1393 1333 1603 1398 recipit.
1632 1330 1786 1383 Cotta
1820 1336 1996 1380 autem
2029 1327 2213 1389 rebus,
2236 1338 2342 1391 quo

782 1434 983 1484 dictum
1028 1441 1110 1483 est
1138 1429 1331 1488 modo,
1382 1423 1676 1485 confectis,
1714 1421 1994 1489 pedestres
2031 1417 2213 1482 copias
2253 1428 2355 1465 una

782 1540 903 1579 cum
938 1523 1177 1590 equitatu
1215 1519 1440 1572 Lucullo
1474 1516 1659 1576 tradit,
1696 1524 1750 1565 et
1781 1510 1988 1564 socium
2023 1507 2267 1567 .auxilia.
2304 1506 2355 1558 in

782 1632 935 1669 suam
979 1628 1206 1683 qumque
1251 1611 1519 1679 patriam,
1569 1604 1793 1658 dimittit
1832 1621 1844 1654 :
1902 1602 2013 1668 ipse
2062 1615 2189 1652 vero
2237 1613 2358 1650 cum

783 1710 954 1761 classe
980 1707 1250 1759 avehitur.
1279 1702 1351 1754 lbi
1384 1700 1599 1752 navium
1635 1710 1753 1762 qua:
1784 1693 1935 1745 urbis
1959 1692 2128 1759 spolia
2158 1701 2344 1744 vecta-

782 1798 946 1859 haut,
987 1809 1112 1863 pars
1160 1806 1322 1859 supra
1368 1788 1583 1841 modum
1629 1793 1884 1845 onerata,
1932 1782 2072 1833 haud
2116 1778 2355 1846 procula

2452 601 2543 635 τον
2592 582 2838 649 ἀπέφθου
2892 582 3092 651 χρυσοῦ
3154 580 3545 649 πεποιημένον,
3591 582 3731 634 κατά
3760 582 3815 633 δὲ
3868 583 4039 635 αὐτοῦ

2460 676 2653 743 λεοντῆ
2688 675 2896 743 μεγάλη
2928 674 3175 743 ἐκέχυτο,
3210 672 3304 724 καὶ
3334 673 3579 742 γωρυτὸς
3615 674 3713 741 τῆς
3734 675 3905 743 αὐτῆς
3938 676 4043 742 μὲν

2462 767 2617 835 ὕλης,
2653 764 2826 833 βελῶν
2856 764 2910 816 δὲ
2938 764 3126 833 γέμων
3154 762 3246 814 καὶ
3267 760 3445 825 τόξου.
3483 762 3661 814 Πολλά
3688 764 3742 815 δὲ
3776 766 3871 815 καὶ
3905 764 4041 817 ἄλλα

2457 859 2601 911 καλὰ
2631 858 2728 910 καὶ
2754 857 3044 925 θαυμαστὰ
3078 855 3405 923 ἀναθήματα
3431 855 3494 907 εκ
3521 870 3581 907 τε
3610 854 3719 905 τῶν
3751 855 3917 923 ίερῶν
3949 858 4044 908 καὶ

2457 952 2555 1020 τῆς
2588 949 2801 1011 πόλεως
2834 946 3050 1016 ἀφελών
3088 950 3207 1009 ταῖς
3246 946 3436 999 ναυσὶν
3466 945 3813 1013 ἐγκατέθετο.
3846 948 3957 998 Καὶ
3984 949 4042 999 τὸ

2458 1044 2771 1095 τελευταῖον
2797 1040 2909 1110 πῦρ
2934 1042 3131 1092 ἐνεῖναι
3174 1041 3287 1099 τοῖς
3345 1038 3708 1105 στρατιώταις
3776 1038 4042 1100 κελεύσας

2456 1138 2522 1203 τῇ
2560 1135 2709 1185 πόλει
2733 1131 2876 1184 κατά
2906 1131 3074 1183 πολλὰ
3103 1130 3310 1198 ταύτην
3334 1129 3621 1198 ὑπέπρησε
3651 1130 3815 1197 μέρη,
3857 1128 4038 1181 Ἑάλω

2456 1226 2513 1277 δὲ
2563 1226 2596 1294 ἡ
2628 1224 2780 1285 πόλις
2815 1223 2905 1275 ἐπὶ
2959 1222 3053 1274 δύο
3100 1222 3194 1290 ἐτη
3234 1223 3298 1289 τῇ
3347 1221 3636 1290 πολιορκίᾳ
3680 1220 4036 1288 ἀντισχούσα.

2468 1317 2529 1367 '0
2574 1316 2630 1366 δὲ
2700 1315 3005 1384 Ὀτριάριος
3060 1310 3453 1379 παραγεγονὼς
3504 1312 3562 1362 ἐν
3600 1304 3689 1373 αἷς
3732 1310 4044 1364 ἀπέσταλτο

2464 1410 2675 1468 πόλεσι,
2707 1408 3088 1476 Κοννακόρηκι
3112 1400 3287 1473 (οὗτος
3318 1404 3427 1473 γάρ
3448 1406 3547 1471 τὴν
3568 1403 3666 1471 τῆς
3711 1402 4043 1471 Ἡρακλείας

2459 1501 2750 1570 προδοσίαν
2812 1499 3015 1565 ἑτέρων
3079 1497 3465 1565 κατασχέσει⁷⁶
3498 1494 3907 1562 συγκαλύπτειν
3966 1496 4044 1547 δι-

2459 1591 2679 1659 ενοεῖτο)
2713 1590 2836 1652 δοὺς
2864 1591 3048 1641 ἄδειαν
3088 1588 3189 1656 τῆς
3231 1586 3649 1656 ἀναχωρήσεως,
3709 1587 3831 1638 καθ’
3854 1588 4045 1655 ὁμολο-

2462 1684 2590 1750 γίαν
2613 1682 2655 1713 ⁷⁷
2683 1680 2950 1749 λαμϐάνει
2980 1679 3078 1741 τὰς
3110 1679 3319 1739 πόλεις.
3366 1678 3422 1730 ’0
3445 1678 3501 1728 δὲ
3529 1677 3736 1738 Κόττας
3789 1678 3939 1746 άπερ
3966 1677 4043 1729 εί-

2467 1792 2629 1844 ρηται
2656 1771 3105 1843 διαπραξάμενος
3133 1770 3193 1821 τὸ
3222 1770 3319 1837 μὲν
3357 1768 3522 1831 πεζὸν
3549 1768 3645 1819 καὶ
3679 1768 3812 1829 τοὺς
3852 1769 4043 1828 ἱππεῖς

782 1842 946 1859 "“"'I
988 1842 1109 1863 r"-
1162 1842 1249 1859 "r
1875 1842 1879 1845 -
2116 1842 2127 1846 -

782 1884 963 1937 littore
999 1883 1250 1942 solvitur,
1293 1893 1420 1947 pars
1466 1871 1718 1942 Aparctia
1766 1881 1922 1923 vento
1958 1880 2143 1922 contra
2174 1868 2356 1930 ﬂante,

2466 1842 2741 1936 έκπέμπει
2771 1842 3079 1933 Λευκόλλῳ,
3134 1862 3228 1915 καὶ
3279 1862 3407 1923 τοὺς
3455 1861 3778 1930 συμμάχους
3829 1862 4044 1928 ἀφῆκεν

776 1977 832 2027 in
869 1976 1000 2027 vada
1047 1972 1301 2043 procellis
1344 1969 1567 2038 ejecta,
1613 1964 1868 2033 pleraque
1910 1962 2357 2031 asportandorutu

779 2082 1093 2120 excussere.

2465 1962 2557 2013 ἐπὶ
2585 1959 2693 2012 τῶν
2720 1958 3013 2027 πατρίδων,
3040 1956 3200 2017 αὐτὸς
3227 1954 3272 2007 δ’
3303 1955 3535 2024 ἀνήγετο
3564 1953 3642 2021 τῷ
3687 1952 3882 2017 στόλῳ.
3922 1953 4044 2003 Tim

2464 2054 2521 2106 δὲ
2554 2051 2691 2104 νεῶν
2712 2050 2768 2102 αί
2793 2050 2862 2101 τά
2884 2049 2982 2117 τῆς
3012 2048 3223 2110 πόλεως
3249 2046 3471 2116 λάφυρα
3506 2041 3665 2116 ἦγον,
3707 2047 3761 2098 αί
3796 2044 3895 2112 μὲν
3940 2062 4043 2096 κα-

779 2158 1039 2227 τάφορτοι
1080 2156 1373 2226 γενόμεναι
1402 2154 1599 2223 μικρὸν
1623 2154 1825 2208 ἄποθεν
1880 2149 1979 2219 τῆς
2048 2145 2152 2213 γῆς
2195 2142 2540 2213 διελύθησαν,
2590 2142 2646 2193 αἱ
2689 2141 2744 2192 δὲ
2798 2138 3105 2209 ἀπαρκτίου
3177 2134 3510 2196 πνεύσαντος
3562 2131 3974 2204 ἐξεδράσθησαν
4003 2139 4047 2169 η

780 2254 858 2315 είς
897 2254 964 2305 τά
992 2252 1192 2319 τενάγη
1248 2249 1344 2304 καὶ
1394 2249 1564 2302 πολλά
1620 2249 1730 2302 τῶν
1788 2245 2085 2315 ἀγωγίμων
2135 2239 2490 2294 ἀπεσάλοντο.

878 2407 1005 2462 CAP.
1038 2404 1555 2459 LV.—Cleoclum's
1609 2401 1852 2468 Leonippi
1883 2408 1930 2452 et
1966 2397 2171 2453 Seleuci
2227 2393 2460 2464 prmfect.
2496 2390 2736 2444 Mithrid.
2768 2385 2978 2454 Sinopae
3004 2383 3302 2445 dmidium,
3340 2378 3576 2449 tyrannis
3625 2387 3669 2430 et
3702 2375 3947 2445 perﬁdia.

858 2539 994 2593 Tum
1030 2539 1363 2608 Leonippus,
1392 2538 1478 2591 cui
1502 2552 1624 2590 cum
1656 2533 1936 2590 Cleochari
1970 2532 2202 2601 Sinopes
2227 2543 2355 2581 cura

788 2645 838 2685 et
861 2636 1053 2685 lutatio
1078 2632 1451 2685 commendata
1478 2629 1655 2682 fuerat
1679 2644 1706 2680 a
1731 2626 2060 2687 Mithridate,
2089 2639 2147 2676 re
2175 2624 2366 2690 despec

793 2736 928 2789 rata,
954 2725 1018 2776 de
1049 2724 1355 2791 proditione
1381 2725 1444 2772 ad
1474 2718 1755 2772 Lucullum
1789 2717 1975 2769 mittit.
2010 2716 2077 2767 At
2102 2712 2365 2766 Cleocha-

790 2831 874 2870 res
925 2830 1046 2867 cum
1086 2813 1315 2867 Seleuco
1349 2814 1513 2878 (nam
1557 2821 1612 2863 et
1658 2811 1741 2861 hic
1779 2806 2108 2860 Mithridatis
2139 2803 2305 2872 238
2334 2818 2364 2852 ο

785 2915 903 2958 ιιι-ιιι
925 2906 1150 2973 legatus,
1176 2902 1336 2955 ollicii
1360 2904 1689 2955 auctoritate
1715 2916 1837 2953 cum
1865 2898 2074 2951 ueteris
2100 2892 2363 2963 aequatus)

790 2995 1046 3061 Lcouippi
1082 2994 1445 3061 proditionem
1488 2990 1739 3053 odorati,
1786 2990 2043 3039 advocata
2083 2985 2362 3045 concione,

791 3088 1062 3140 hominem
1097 3093 1357 3138 accusant
1383 3102 1394 3137 :
1422 3085 1566 3136 cives
1593 3098 1718 3135 vero
1736 3080 1980 3133 criminis
2012 3079 2171 3142 hujus
2194 3075 2365 3127 actio-

792 3192 909 3229 nem
937 3192 1038 3227 non
1065 3174 1377 3234 admittunt,
1398 3174 1537 3240 quod
1568 3175 1789 3242 probum
1814 3185 1933 3223 esse
1956 3167 2365 3221 existimabant.

793 3268 913 3319 Ideo
943 3266 1259 3319 Cleocharis
1294 3264 1490 3323 factio,
1542 3264 1770 3331 gratiam
1814 3260 1931 3328 ejus
1975 3260 2113 3327 apud
2159 3257 2363 3325 plebem

2556 2524 2648 2577 591
2681 2521 2774 2593 11.]
2832 2519 3137 2578 Λεόνιππος
3198 2516 3253 2569 δὲ
3292 2517 3321 2567 ὁ
3382 2516 3479 2567 σὺν
3538 2512 3837 2581 Κλεοχάρει
3892 2510 4049 2574 παρά

2460 2616 2797 2681 Μιθριδάτου
2835 2614 2933 2682 τὴν
2985 2610 3235 2679 Σινώπην
3292 2605 3645 2677 ἐπιτραπεὶς,
3698 2602 4045 2669 ἀπεγνωκὼς

2463 2708 2571 2759 τῶν
2602 2707 2973 2776 πραγμάτων,
3011 2702 3219 2771 πέμπει
3248 2700 3378 2768 περὶ
3414 2698 3705 2768 προδοσίας
3742 2696 3877 2764 πρὸς
3905 2696 4049 2748 Asti-

2467 2804 2673 2854 κολλον,
2717 2802 2773 2851 '0
2804 2800 2859 2851 δὲ
2925 2798 3245 2865 Κλεοχάρης
3297 2793 3414 2862 ἅμα
3448 2791 3697 2856 Σελεύκῳ
3754 2789 3869 2855 (καὶ
3923 2791 4037 2857 γὰρ

2471 2886 2626 2953 οὗτος
2653 2889 2761 2941 τῶν
2814 2888 3149 2958 Μιθριδάτου
3216 2883 3519 2954 στρατηγὸς
3574 2881 3879 2942 ἰσοστάσιος
3935 2881 4051 2931 τῶν

2477 2984 2783 3053 εἰρημένων
2806 2977 2895 3048 ἦν)
2927 2981 3024 3049 τὴν
3068 2978 3375 3032 Λεονίππου
3428 2974 3689 3045 μαθόντες
3730 2973 4048 3041 προδοσίαν,

2473 3073 2769 3139 ἐκκλησίαν
2800 3069 3155 3137 ἀθροίσαντες
3182 3066 3524 3135 κατηγόρουν
3548 3062 3734 3116 αὑτοῦ.
3766 3065 3825 3114 ΟΞ
3877 3063 3934 3114 δὲ
3990 3063 4052 3115 οὐ

2474 3164 2764 3233 προσίεντο
2784 3179 2797 3191 ³
2832 3160 3008 3212 ἐδόκει
3038 3161 3143 3229 γὰρ
3166 3159 3348 3220 αὐτοῖς
3372 3153 3509 3209 εἶναι
3551 3155 3806 3225 χρηστός.
3842 3154 3951 3206 Καὶ
4003 3157 4054 3206 οἱ

2474 3258 2599 3326 περὶ
2628 3253 2945 3324 Κλεοχάρην
2971 3252 3243 3311 δείσαντες
3282 3249 3379 3302 τοῦ
3408 3249 3642 3318 πλήθους
3691 3248 3789 3303 τὴν
3830 3246 4056 3299 εὔνοιαν

794 3366 1076 3419 metuens,
1135 3366 1297 3408 noctu
1349 3369 1415 3407 ex
1471 3353 1682 3405 insidiis
1743 3353 2016 3405 Itomincut
2073 3350 2362 3402 trucidant.

2474 3351 2531 3414 ἐξ
2563 3349 2781 3418 ἐνέδρας
2811 3345 3007 3407 νυκτὸς
3027 3344 3430 3410 ἀποσφάττουσι
3461 3342 3552 3394 τὸν
3573 3342 3763 3411 ἄνδρα.
3795 3341 3924 3411 [759.
3955 3340 4053 3412 1ι.]

791 3447 1026 3516 Populus
1058 3448 1275 3514 quidem
1311 3446 1451 3497 hunc
1486 3460 1669 3496 casum
1704 3459 1845 3511 πει-ο
1878 3442 2039 3503 ferre,
2068 3442 2163 3495 sed
2201 3442 2371 3495 Cleo—

794 3541 986 3591 chares
1018 3553 1141 3591 cum
1173 3537 1285 3590 suis
1314 3552 1490 3587 rerum
1531 3536 1712 3603 potiri,
1744 3545 1799 3586 et
1847 3534 2123 3604 Iyrannice
2157 3548 2243 3586 res
2276 3532 2371 3584 ad-

797 3630 1104 3682 ministrare
1136 3647 1148 3681 :
1186 3631 1281 3680 hac
1316 3632 1400 3679 via
1427 3627 1701 3695 parricidii
1738 3628 1788 3678 in
1822 3626 2151 3692 Leouippum
2185 3639 2372 3690 pmuas

794 3720 1260 3789 subterfugituros
1287 3734 1343 3771 se
1364 3720 1755 3772 existimantes.
1784 3717 1999 3769 Interim
2022 3715 2369 3777 Censorinus,

796 3814 1052 3865 llomana:
1090 3812 1279 3864 classis
1323 3820 1554 3878 praetor,
1598 3809 1848 3861 triremes
1888 3823 2053 3877 agens
2092 3822 2161 3860 xv
2218 3822 2371 3859 coin-

797 3913 1033 3955 meatum
1069 3918 1096 3953 a
1144 3901 1419 3967 Bosphoro
1459 3900 1826 3953 Romanorum
1861 3898 2056 3951 castris
2096 3897 2369 3949 advehen-

798 4002 899 4053 tes,
933 4005 1098 4056 prope
1125 3989 1361 4056 Sinopen
1390 3991 1630 4057 appellit.
1656 3989 1852 4041 Contra
1879 4003 2037 4053 quem
2061 3985 2370 4039 Cleocharis

793 4094 847 4137 et
873 4082 1083 4136 Seleuci
1111 4082 1361 4134 triremes
1382 4082 1669 4149 Siuopicm,
1690 4083 1850 4132 ductu
1878 4080 2087 4133 Seleuci
2114 4092 2367 4147 egressae,

796 4174 967 4226 navali
1000 4173 1183 4241 proelio
1219 4174 1537 4236 decernunt,
1567 4182 1622 4224 et
1651 4172 1806 4223 victis
1840 4171 2006 4235 Italis,
2045 4185 2208 4222 naves
2241 4184 2372 4223 One-

796 4269 969 4319 rarias
1001 4266 1052 4317 in
1084 4280 1239 4318 suum
1267 4266 1431 4316 duces
1460 4264 1664 4317 lucrum
1696 4263 1968 4314 auferunt.
1999 4262 2180 4313 Elatus
2211 4260 2372 4325 igitur

794 4359 895 4410 hac
941 4356 1172 4408 fortuna:
1221 4353 1552 4420 benignitate
1599 4350 1925 4405 Cleochares
1972 4366 2092 4403 cum
2142 4351 2368 4416 collega,

794 4451 1075 4518 plusquam
1116 4457 1272 4500 antea
1320 4445 1597 4514 tyranuico
1652 4446 1838 4496 urbem
1891 4445 2117 4511 imperio
2151 4441 2367 4510 premit.

790 4539 922 4593 Nam
943 4540 1125 4594 causis
1150 4538 1387 4607 legitimo
1406 4537 1606 4603 judicio
1632 4552 1734 4588 non
1762 4536 2099 4601 disceptatis,
2124 4534 2187 4586 ad
2212 4546 2371 4585 neces

791 4634 1090 4701 Oppidanos
1121 4631 1356 4698 rapiunt,
1384 4639 1438 4682 et
1471 4628 1534 4679 ad
1574 4627 1737 4679 multa
1779 4627 1881 4678 alia
1914 4626 2235 4679 crudelitate
2271 4640 2366 4678 sua

792 4726 1104 4774 abutuntur.
1134 4719 1346 4772 Accidit
1375 4728 1551 4771 autem
1582 4728 1639 4769 ut
1670 4718 1721 4769 in
1752 4717 2026 4768 contraria
2055 4718 2366 4768 sciudereu-

794 4824 879 4866 tur
911 4814 1083 4866 studia
1115 4810 1438 4864 Cleochares
1486 4818 1539 4861 et
1575 4807 1855 4861 Seleucus.
1898 4806 1991 4859 Ille
2022 4807 2165 4859 enim
2200 4806 2369 4874 persi-

793 4909 1038 4961 stendum
1073 4906 1123 4957 in
1168 4904 1306 4957 bello
1328 4944 1342 4966 ,
1386 4902 1471 4955 hic
1501 4901 1783 4954 trucidatis
1825 4898 2215 4967 Sinopensibus
2250 4898 2369 4949 uni-

795 4999 984 5062 versis,
1021 4997 1207 5049 urbem
1249 4994 1529 5054 Romanis,
1576 4991 1877 5061 magnificae
1917 4990 2368 5043 remunerationis

796 5102 969 5159 pacto,
1001 5088 1310 5140 tradendam
1341 5086 1616 5137 censebat.
1643 5083 1803 5148 Atqui
1854 5092 2043 5135 neutra
2073 5082 2362 5135 sententia-

798 5198 911 5234 rum
945 5179 1328 5247 comprobata,
1373 5176 1630 5243 quidquid
1706 5174 2094 5240 possidebant,
2142 5173 2367 5226 navibus

793 5274 1057 5325 «literariis
1080 5274 1343 5339 ingestum
1374 5286 1385 5320 :
1412 5271 1475 5319 ad
1506 5267 1792 5320 Machareu
1822 5266 1990 5319 ﬁlium
2017 5265 2366 5328 Mithridatis,

797 5378 905 5418 tum
938 5366 1195 5433 temporis
1230 5363 1281 5415 itt
1314 5360 1570 5415 Colchide
1606 5370 1878 5429 agentem,
1914 5357 2208 5412 dimittunt.

2476 3444 2586 3494 Καὶ
2615 3440 2672 3492 τὸ
2713 3441 2808 3510 μὲν
2838 3437 3131 3507 δημοτικὸν
3165 3435 3360 3505 ἠχθετο
3394 3432 3470 3502 τῷ
3524 3431 3709 3489 πάθει.
3733 3432 3781 3482 οἱ
3828 3430 3885 3483 δὲ
3918 3434 4058 3499 περὶ

2474 3534 2791 3600 Κλεοχὰρην
2853 3531 2963 3583 τῶν
3013 3529 3358 3597 πραγμάτων
3433 3524 3614 3594 κύριοι
3674 3523 4057 3583 καταστάντες

2475 3623 2817 3693 τυραννικῶς
2839 3619 3029 3691 ἦρχον,
3050 3618 3222 3687 ταύτῃ
3268 3615 3579 3686 νομίζοντες
3612 3614 3894 3679 διαφυγεῖν
3953 3614 4057 3681 τῆς

2473 3720 2565 3770 ἐπὶ
2624 3716 2916 3783 Λεονίππῳ
2968 3712 3284 3783 μιαιφονίας
3330 3709 3428 3777 τὴν
3488 3706 3665 3774 δίκην.
3746 3703 3835 3753 Ἐν
3876 3704 4058 3771 τούτῳ

2473 3810 2819 3877 Κηνσωρῖνος
2846 3804 3117 3874 ναύαρχος
3161 3798 3477 3868 Ῥωμαίων,
3532 3795 3783 3865 τριήρεις
3812 3793 3964 3859 ἄγων
3996 3792 4057 3845 ιε’

2482 3903 2626 3952 σῖτον
2672 3898 2783 3951 ἀπὸ
2832 3897 3111 3962 Βοσπόρου
3151 3891 3227 3960 τῷ
3251 3891 3295 3921 ⁷³
3366 3886 3654 3955 Ῥωμαίων
3715 3882 4058 3951 κομιζούσας

2474 3990 2821 4061 στρατοπέδῳ
2853 4029 2868 4051 ,
2912 3988 3136 4057 πλησίον
3197 3980 3444 4046 Σινώπης
3504 3976 3710 4043 κατῆγε
3732 3976 3777 4005 ⁸⁸
3807 3990 3818 4001 ·
3856 3976 3953 4026 καὶ
4003 3978 4053 4026 οἱ

2474 4084 2605 4152 περὶ⁹
2645 4080 2962 4149 Κλεοχάρην
2997 4076 3094 4129 καί⁵
3121 4073 3381 4124 Σέλευκον
3409 4066 3832 4136 ἀνταναχθέντες
3874 4067 4051 4117 Σινω-

2473 4173 2664 4231 πικαῖς
2695 4170 2997 4238 τριήρεσιν,
3028 4162 3337 4233 ἡγουμένου
3367 4157 3657 4215 Σελεύκου,
3688 4154 4053 4206 καθίστανται

2474 4266 2551 4325 εἰς
2575 4260 2903 4330 ναυμαχίαν,
2947 4259 3041 4309 καὶ
3094 4254 3285 4307 νικῶσι
3313 4252 3439 4311 τοὺς
3505 4248 3767 4309 Ἰταλοὺς,
3810 4247 3906 4297 καὶ
3950 4248 4053 4308 τάς

2473 4356 2777 4425 φορτηγοὺς
2810 4352 2903 4403 ἐπὶ
2934 4350 3011 4419 τῷ
3044 4348 3192 4413 σφῶν
3217 4341 3573 4415 ἀφαιροῦνται
3599 4339 3805 4407 κέρδει.
3841 4338 4052 4407 Ἐπήρ-

2472 4423 2645 4516 θησαν
2674 4445 2767 4497 οὖν
2801 4423 2849 4495 oi
2883 4443 3009 4512 περὶ
3042 4440 3360 4507 Κλεοχάρην
3385 4433 3464 4504 τῷ
3489 4430 3900 4500 κατορθώματι,
3957 4433 4054 4482 καὶ

2471 4536 2940 4607 τυραννικώτερον
2970 4533 3047 4583 ἔτι
3100 4530 3198 4599 τῆς
3232 4528 3442 4588 πόλεως
3501 4520 3692 4593 ἦρχον,
3733 4522 3931 4587 φόνους
3988 4538 4049 4572 τε

2473 4630 2733 4699 ἀκρίτους
2761 4628 2869 4677 τῶν
2908 4622 3141 4676 πολιτῶν
3182 4619 3466 4677 ποιοῦντες
3522 4616 3617 4667 καὶ
3668 4614 3733 4665 τὰ
3809 4612 3947 4665 ἀλλα
3981 4615 4046 4681 τῇ

2472 4722 2716 4790 ὠμότητι
2748 4716 3150 4788 ἀποχρώμενοι.
3199 4710 3450 4777 Ἐγένετο
3464 4708 3520 4759 δὲ
3548 4707 3641 4758 καὶ
3690 4706 3879 4766 στάσις
3912 4705 4047 4771 πρὸς

2472 4811 2736 4880 ἀλλήλους
2788 4808 3073 4876 Κλεοχάρῃ
3126 4804 3220 4854 καὶ
3280 4799 3524 4864 Σελεύκῳ
3556 4813 3570 4827 ’
3620 4796 3699 4866 τῷ
3775 4796 3881 4864 μὲν
3940 4796 4047 4863 γάρ

2474 4901 2674 4970 ἧρεσκε
2703 4900 3081 4967 διακαρτερεῖν
3111 4894 3186 4963 τῷ
3226 4893 3467 4962 πολέμῳ,
3505 4888 3752 4956 Σελεύκῳ
3805 4888 3863 4939 δὲ
3909 4891 4047 4940 πάνο

2474 5006 2573 5051 τας
2601 4991 2860 5049 Σινωπεῖς
2892 4989 3135 5055 ἀναιρεῖν
3176 4988 3269 5037 καὶ
3307 4982 3607 5051 Ῥωμαίοις
3657 4981 3750 5030 ἐπὶ
3806 4980 4045 5048 δωρεαξ

2472 5080 3052 5151 μεγάλαιςπαρασχεῖν
3073 5078 3169 5146 τὴν
3230 5075 3405 5128 πόλιν.
3460 5072 3603 5141 Πλὴν
3652 5071 3881 5139 οὐδεμία
3936 5071 4045 5123 τῶν

2468 5174 2702 5241 γνωμῶν
2742 5173 2921 5241 κρίσιν
2970 5170 3114 5238 ἔσχε,
3168 5169 3235 5220 τά
3293 5167 3349 5218 δὲ
3404 5164 3719 5233 ὑπάρχοντα
3766 5161 4045 5230 λαθραίω;

2468 5267 2627 5318 ναυσὶ
2664 5265 3020 5336 στρογγύλαις
3047 5263 3322 5330 ἐνθέμενοι
3366 5258 3502 5328 πρὸς
3532 5257 3798 5324 Μαχάρην
3819 5255 3915 5305 τὸν
3943 5257 4042 5307 Mi.

2469 5356 2720 5424 θριδᾶτου
2755 5356 2889 5415 υἱὸν,
2916 5355 2973 5415 ὃς
3002 5354 3124 5406 κατ’
3154 5354 3334 5405 ἐκεῖνο
3369 5347 3565 5418 καιροῦ
3594 5346 3727 5398 πεοὶ
3776 5347 3875 5416 τὴν
3911 5344 4023 5399 Kak

2472 5448 2594 5515 χίόι
2616 5444 2705 5510 iw,
2736 5446 3042 5509 ἐξέπεμπον

2108 5648 2339 5703 νιιιιιιε
2381 5648 2781 5703 LEC'HONES.

869 5777 912 5809 ⁷⁸
948 5774 1304 5844 κατασχέοεσι
1338 5792 1395 5838 τ.
1472 5776 1513 5807 ⁷⁷
1556 5772 1675 5827 καθ’
1704 5773 1744 5823 Λ
1789 5789 1801 5824 :
1846 5770 1935 5823 καὶ
1984 5767 2103 5820 καθ’
2138 5783 2198 5830 ς.

2274 5765 2318 5798 ⁷⁸
2344 5767 2735 5838 ἐξεϐιάσθησαν
2766 5786 2824 5832 ς.

2914 5770 2956 5800 ⁷⁵
2984 5765 3058 5837 τῷ
3083 5768 3124 5819 Λ
3149 5784 3161 5821 :
3192 5764 3299 5818 τῶν
3331 5782 3389 5829 ς.
3501 5764 3544 5796 ⁸⁸
3580 5762 3784 5835 κατῆρε
3807 5777 3954 5819 corr.
3980 5764 4048 5819 Α.
