4208 6448
191 416 309 480 933

1287 409 1812 473 'BIBLIOTHECA.
1866 434 1931 446 -
1960 407 2126 469 COD.
2160 407 2455 469 CCXXI".

3348 403 3451 467 ωδ

179 532 316 582 (Lar.
357 524 485 581 LVI.
531 554 597 565 —
635 510 884 578 Lucullus
936 520 1243 589 Maeliana,
1321 517 1387 574 P.
1425 520 1669 577 Hithrid.
1708 521 1764 573 in
1815 518 2102 571 amicitiam
2160 516 2364 584 recipit.
2416 512 2646 583 Tyranni
2704 510 2932 579 fugiunt.
2971 508 3166 578 Sinope
3221 510 3448 578 capitur.

274 641 369 695 Ἐν
403 636 582 708 τούτῳ
623 636 680 690 δὲ
703 634 1006 698 Λεύκολλος
1054 637 1083 689 ὀ
1114 634 1224 687 τῶν
1288 633 1578 703 Ῥωμαίων
1610 633 1771 687 αὐτο-

1946 631 2059 684 Sub
2086 630 2228 684 idem
2261 638 2474 696 tempus
2499 625 2774 689 anuHus.
2810 623 3178 678 ﬂoruanorum
3214 624 3449 691 impera-

181 732 419 800 κράτωρ
451 728 817 797 παραγίνεται
844 728 912 798 τῇ
941 726 1118 790 πόλει,
1168 724 1264 776 καὶ
1319 724 1598 794 κραταιῶς
1650 722 1777 775 ἔπο-

180 825 419 890 λιόρκει.
466 818 941 889 Ἐπρεσϐεύετοδὲ
999 816 1094 870 καὶ
1134 816 1400 887 Μαχάρης
1465 816 1494 867 ό
1524 812 1619 866 τοῦ
1672 814 1777 866 Μι·

184 914 445 984 υριδάτου
476 912 614 981 πρὸς
657 911 961 964 Λεύκολλον
995 909 1122 980 περὶ
1168 907 1352 977 φιλίας
1389 924 1447 959 τε
1489 906 1582 959 καὶ
1636 922 1775 975 συμ-

189 1005 417 1075 μαχίας.
456 1005 517 1056 Ὀ
551 1002 607 1053 δὲ
630 1001 884 1071 ἀσμένως
916 1000 1152 1069 ἐδέχετο,
1196 999 1366 1051 εἰπὼν
1388 996 1640 1067 βεϐαίους
1685 1012 1774 1049 νο·

190 1100 341 1168 μιεῖν
368 1098 467 1157 τὰς
492 1094 817 1166 συμϐάσεις,
850 1095 899 1147 εί
956 1094 1031 1165 μὴ
1065 1094 1158 1147 καί
1220 1110 1332 1146 τισι
1354 1093 1396 1124 ⁸⁸
1439 1091 1776 1147 Σινωπεῦσιν

188 1190 410 1259 ἀγοράν
445 1188 767 1255 διαπέμποι.
808 1186 868 1238 'U
920 1185 976 1238 δὲ
1008 1185 1069 1237 οὐ
1103 1185 1265 1253 μόνον
1312 1184 1373 1236 τὺ
1421 1184 1775 1253 κελευόμενον

189 1283 489 1351 ἔπραττεν,
523 1278 662 1332 ἀλλὰ
697 1280 790 1330 καὶ⁸
817 1277 854 1331 ἃ.
885 1276 1303 1347 παρεσκεύαστο
1368 1276 1613 1344 πέμπειν
1661 1277 1776 1338 τοῖς

190 1368 627 1439 Μιθριδατείοις,
688 1366 1042 1432 ἐξαπέστειλε
1094 1366 1381 1436 Λευκόλλῳ
1400 1366 1467 1418 ⁸³.
1498 1364 1686 1419 Ταῦτα
1723 1368 1773 1418 oi

191 1466 324 1533 περὶ
357 1463 672 1533 Κλεοχάρην
698 1462 1027 1533 θεασάμενοι
1060 1462 1155 1515 καὶ
1183 1461 1368 1514 τέλεον
1418 1459 1768 1527 ἀπογνόντες,

192 1556 432 1610 πλοῦτον
458 1557 627 1609 πολὺν
650 1558 769 1617 ταῖς
799 1555 990 1607 ναυσὶν
1028 1554 1305 1622 ἐνθέμενοι
1338 1552 1435 1605 καὶ
1468 1551 1569 1622 τὴν
1618 1551 1772 1604 πόλιν

190 1648 498 1718 διαρπάσαι
526 1650 638 1709 τοῖς
685 1646 1047 1716 στρατιώταις
1095 1644 1313 1712 ἐφέντες
1330 1644 1377 1675 ⁸⁸
1434 1644 1562 1712 (ὑπὸ
1601 1642 1771 1697 νύκτα

190 1742 250 1792 δὲ
280 1740 462 1793 ταῦτα
495 1737 819 1806 ἐπράττετο)
858 1738 947 1791 διά
985 1738 1093 1789 τῶν
1148 1736 1350 1789 πλοίων
1410 1736 1642 1804 ἔφευγον
1693 1736 1775 1797 εἰς

190 1836 263 1887 τὰ
308 1833 557 1903 ἑσώτερα
592 1832 689 1884 τοῦ
738 1833 941 1885 Πόντου
984 1831 1257 1901 (Σάνηγας
1306 1830 1363 1884 δὲ
1408 1832 1506 1883 καὶ
1558 1829 1773 1895 Λαζοὺς

194 1926 458 1985 ἐποίκους
498 1919 645 1991 εἶχον
675 1923 740 1974 τά
772 1924 991 1991 χωρία),
1018 1924 1137 1983 ταῖς
1169 1918 1611 1987 ὑπολειφθείσαις
1663 1921 1774 1973 τῶν

1880 736 1984 787 tor,
2011 724 2077 777 ad
2109 726 2295 777 urbem
2327 722 2615 780 accedens.
2647 718 2823 771 valido
2847 732 2964 771 eam
2998 717 3125 769 nixu
3153 726 3448 785 oppugnat,

1877 832 1999 871 cum
2035 813 2316 868 Machares
2355 814 2515 866 etiam
2560 810 2815 863 amicitia:
2859 819 2914 862 et
2952 808 3231 862 societatis
3274 808 3451 861 fmdns

1874 924 1971 978 per
2019 907 2342 979 legationem
2390 907 2541 971 petit.
2587 900 2639 955 Is
2689 901 2874 970 igitur,
2923 900 3179 968 petitione
3222 900 3452 968 benigne

1876 1000 2107 1055 admissa
2132 1040 2147 1064 ,
2180 997 2360 1051 foedus
2394 1011 2488 1063 pro
2530 993 2685 1046 Iirnto
2714 1007 2771 1047 se
2803 992 3113 1045 babitnrmn
3154 992 3448 1057 respondit,

1875 1094 1920 1147 si
1946 1092 2121 1145 nullos
2145 1088 2524 1156 SinOpensium
2553 1093 2854 1138 commeatu
2903 1083 3074 1152 juvet.
3105 1082 3239 1135 Tum
3278 1083 3322 1135 is
3346 1098 3447 1133 non

1875 1184 2049 1238 solum
2081 1184 2342 1250 imperata
2368 1180 2517 1241 facit,
2553 1180 2643 1231 sed
2669 1178 2832 1229 etiam
2863 1176 3126 1228 destinam
3166 1174 3451 1226 Mithrida-

1876 1276 2019 1337 ticis,
2045 1274 2109 1325 ad
2143 1271 2419 1325 Lucullum
2450 1268 2737 1323 deferenda
2768 1267 2995 1320 curavit.
3028 1265 3151 1319 llaec
3180 1266 3266 1318 ubi
3297 1265 3453 1318 Cleo—

1875 1365 2056 1419 charis
2080 1364 2240 1416 factio
2264 1362 2429 1423 videt,
2460 1376 2609 1428 spem
2644 1373 2858 1414 omnem
2883 1356 3169 1426 abjiciunt,
3211 1357 3452 1423 magnis-

1875 1472 1984 1525 que
2027 1456 2078 1508 in
2113 1469 2278 1507 naves
2302 1454 2494 1522 apibus
2525 1451 2817 1520 congestis.
2848 1458 2901 1503 et
2929 1453 3061 1504 urbe
3097 1454 3162 1503 ad
3198 1450 3454 1518 direptio-

1876 1563 1999 1601 nem
2036 1547 2296 1599 militibus
2336 1559 2591 1598 concessa
2644 1544 2767 1611 (sub
2808 1553 3017 1595 noctem
3056 1544 3153 1593 ista
3200 1541 3448 1607 ﬁebant),

1875 1637 2106 1705 navigiis
2149 1639 2215 1689 ad
2264 1637 2518 1690 interiora
2560 1633 2753 1695 Ponti,
2805 1648 2925 1702 quae
2968 1648 2995 1684 ιι
3043 1632 3349 1698 Sancgibns
3400 1644 3453 1683 et

1875 1728 2032 1783 Lazis
2062 1729 2387 1792 incoluntur,
2419 1728 2721 1796 aul'ugiunt,
2754 1740 2874 1777 cum
2906 1725 3173 1793 reliquam
3218 1724 3448 1777 classem

1875 1821 2260 1875 incendissent.
2299 1820 2543 1872 Exeitata
2588 1818 2752 1885 igitur
2796 1817 3047 1877 llamma,
3097 1813 3222 1883 quid
3270 1824 3451 1865 actum

1875 1914 1944 1966 sit
1978 1913 2227 1965 Lucullus
2256 1910 2675 1973 animadvertit,
2707 1908 2983 1974 scalasque
3030 1908 3096 1957 ad
3129 1904 3324 1957 mania
3358 1904 3451 1954 ad-

193 2017 336 2069 νεῶν
358 2016 471 2081 πῦρ
504 2018 717 2077 ἐνέντες
746 2033 759 2045 ·
793 2016 1088 2085 αἰρομένης
1107 2013 1163 2066 δὲ
1191 2015 1290 2083 τῆς
1331 2014 1546 2083 φλογὸς,
1587 2014 1774 2085 ᾔσθετο

1888 2003 2069 2056 bibere
2088 2002 2221 2068 jussi
2255 2002 2453 2056 milites
2479 2001 2893 2053 transcendunt.
2919 1996 3001 2050 Fit
3024 1995 3253 2062 primum
3277 1992 3449 2046 caades

194 2109 503 2171 Λεύκολλος
545 2106 637 2159 τοῦ
688 2106 849 2178 ἔργου
899 2108 993 2159 καὶ
1026 2107 1303 2176 κλίμακας
1336 2108 1546 2160 κελεύει
1600 2124 1770 2177 προσ-

194 2204 351 2270 άγειν
383 2200 459 2271 τῷ
487 2200 692 2269 τείχει·
733 2201 780 2252 οἱ
819 2199 874 2252 δὲ
909 2200 1283 2269 ὑπερέϐαινον.
1318 2200 1425 2252 Καὶ
1454 2198 1650 2270 φθόρος
1704 2196 1772 2269 ἦν

194 2294 320 2346 κατ’
352 2291 529 2364 ἀρχάς
562 2292 661 2344 οὐκ
702 2291 883 2358 ὀλίγος
918 2308 933 2323 ο
968 2290 1104 2345 ἀλλά
1150 2292 1211 2343 τὸ
1263 2291 1435 2353 πάθος
1480 2292 1778 2354 Λεύκολλος

194 2384 479 2453 οἰκτείρας
509 2387 609 2451 τὴν
644 2382 1151 2451 σφαγὴνΐπέσχεν·
1183 2383 1327 2435 οὕτω
1378 2383 1477 2452 μὲν
1518 2379 1610 2435 οὖν
1652 2384 1769 2453 ἧλω

196 2478 294 2528 καὶ
326 2478 359 2543 ἡ
398 2474 639 2543 Σινώπη,
675 2474 795 2525 Ἔτι
822 2475 876 2526 δὲ
901 2475 933 2542 ἡ
954 2474 1220 2541 ’Λμάσεια
1252 2474 1518 2544 ἀντεῖχεν,
1557 2474 1681 2528 ἀλλ’
1711 2476 1773 2528 ού

199 2566 321 2636 μετ’
377 2567 438 2618 ού
461 2568 509 2597 ⁸⁸
573 2566 713 2618 πολὺ
766 2566 859 2618 καὶ
903 2564 1030 2636 [5θῖ
1052 2561 1148 2636 H.]
1190 2566 1328 2636 αὐτὴ
1380 2565 1769 2639 προσεχώρησε

208 2658 529 2727 Ῥωμαίοις.

1881 2110 1985 2147 non
2018 2094 2211 2165 238D
2260 2094 2491 2149 modica.
2523 2093 2613 2145 sed
2651 2090 2908 2143 misertus
2943 2087 3311 2147 calamitatum
3344 2082 3453 2136 Lu-

1877 2188 2070 2251 cullus,
2101 2201 2166 2240 ne
2195 2187 2446 2239 saviatur
2474 2185 2699 2237 ulterius
2730 2181 3022 2235 interdicit.
3065 2178 3143 2231 Ad
3177 2179 3318 2232 hunc
3352 2177 3449 2245 ἰείη

1876 2287 1961 2331 tur
1995 2279 2209 2330 modum
2241 2278 2403 2331 etiam
2437 2278 2637 2345 Sinope
2669 2277 2721 2328 in
2772 2274 3133 2329 Romanorum
3168 2269 3447 2323 arbitrium

1878 2369 2046 2421 venit.
2089 2368 2441 2436 Itepugnabat
2463 2371 2758 2423 etianmum
2782 2367 3032 2426 Amasea,
3061 2362 3155 2417 sed
3182 2377 3286 2415 non
3312 2368 3447 2415 mut-

1881 2469 1991 2511 tum
2029 2461 2335 2513 intercessit
2370 2461 2553 2529 spatii,
2582 2475 2703 2512 cum
2736 2458 2898 2512 etiam
2931 2457 3043 2526 ipsa
3082 2453 3448 2508 Romanorum

1884 2553 1935 2606 in
1972 2554 2127 2607 lldem
2159 2555 2447 2608 concessit.

787 2772 915 2827 CAP.
963 2770 1113 2827 LVII.
1144 2802 1213 2812 —
1243 2771 1575 2827 Mithridates
1617 2790 1753 2842 agre
1790 2778 1993 2831 tandem
2025 2797 2055 2832 a
2099 2778 2321 2848 Tigrane
2345 2780 2545 2833 auxilia
2578 2782 2840 2849 impetrat.

270 2889 610 2959 Μιθριδάτης
637 2889 693 2941 δὲ
720 2891 963 2941 ἐνιαυτὸν
994 2890 1086 2941 καὶ
1117 2889 1291 2957 μῆνας
1330 2885 1380 2957 η’
1411 2891 1467 2940 ὲν
1495 2892 1608 2950 τοῖς
1668 2890 1765 2956 μὲ-

202 3001 324 3052 ρεσι
344 2983 444 3049 τῆς
482 2982 771 3050 ’Δρμενίας
790 2980 1080 3051 διατρίϐων
1105 2980 1256 3032 οὔπω
1284 2982 1364 3042 είς
1389 2980 1512 3048 ὄψιν
1534 2982 1771 3051 κατέστη

200 3075 479 3143 Τιγράνου
507 3090 518 3100 ·
556 3073 679 3125 ἐπεὶ
719 3072 776 3124 δὲ
814 3073 907 3138 Τιγ
924 3072 1088 3141 ράνης
1155 3072 1479 3142 ἑδυσωπήῢη
1528 3073 1605 3134 είς
1647 3072 1776 3123 Θέαν

202 3167 370 3216 αὐτὸν
405 3165 769 3233 καταστῆσαι,
810 3165 946 3234 μετά
999 3163 1258 3233 λαμπρᾶς
1300 3180 1359 3215 τε
1406 3163 1505 3230 τῆς
1550 3163 1774 3231 πομπῆς

203 3257 424 3325 ἀπή-ιτα
450 3256 541 3307 καὶ
573 3254 866 3324 βασιλικῶς
906 3254 1176 3318 ἐδεξιοῦτο
1212 3271 1225 3283 ’
1267 3256 1358 3307 ἐπὶ
1386 3255 1440 3307 δὲ
1466 3258 1614 3325 τρεῖς
1639 3258 1769 3325 ὴμέ-

205 3365 309 3416 ρας
343 3348 671 3417 ἀποῤῥήτως
702 3346 851 3416 αύτῷ
870 3348 1158 3417 ὁμιλήσας,
1216 3348 1410 3400 ἔπειτα
1453 3348 1770 3418 λαμπροτά-

1955 2892 2124 2949 Porro
2152 2895 2483 2949 Mithridates
2516 2910 2712 2948 annum
2743 2904 2798 2947 et
2828 2892 2860 2945 8
2885 2905 3095 2945 menses
3124 2892 3174 2943 in
3207 2888 3447 2959 partibus

1882 2986 2154 3039 Armenia:
2184 2988 2514 3048 demoratus,
2542 2987 2766 3038 necdum
2804 2984 2853 3035 in
2887 2982 3065 3051 generi
3095 2990 3444 3047 conspectum

1883 3077 2151 3130 admissus
2204 3087 2345 3130 erat.
2402 3077 2497 3130 llic
2550 3087 2726 3129 tamen
2772 3084 3027 3127 exoratus
3088 3074 3340 3133 tandem,
3392 3082 3444 3119 ιιι

1886 3184 2065 3220 coram
2099 3184 2157 3221 se
2191 3170 2415 3221 sistendi
2467 3177 2789 3236 potestatem
2827 3168 2875 3219 ei
2914 3166 3134 3224 Iaceret.
3168 3162 3445 3232 splendid:

1879 3273 1999 3310 cum
2040 3274 2233 3327 pompa
2282 3260 2555 3318 occurrit.
2602 3271 2655 3312 et
2707 3258 2872 3326 regali
2913 3272 3159 3311 socerum
3199 3254 3448 3323 magniﬁ-

1878 3352 2052 3404 centia
2078 3353 2293 3417 excipit.
2326 3352 2429 3405 Sed
2457 3353 2686 3405 triduum
2719 3356 2917 3417 absque
2946 3349 3212 3417 colloquio
3236 3365 3355 3401 ςιιιιι
3382 3365 3447 3399 eo

201 3454 329 3499 ταις
354 3438 630 3489 ἑστιάσεσι
687 3437 1226 3507 φιλοφρονησάμενος
1278 3438 1505 3507 μυρίους
1560 3438 1773 3491 δίδωσιν

1879 3446 2155 3512 transegit.
2190 3443 2529 3497 Lantissimis
2565 3445 2685 3497 inde
2708 3444 3075 3497 conviviorum
3104 3441 3450 3510 apparatith

206 3531 395 3591 ἱππεῖς
430 3528 524 3580 καὶ
563 3529 652 3580 ἐπὶ
672 3528 761 3579 τὸν
790 3529 987 3581 Πόντον
1009 3527 1299 3596 ἐκπέμπει.

1892 3532 2315 3585 benevolentiam
2336 3534 2383 3586 ei
2408 3549 2558 3586 suam
2586 3549 2706 3585 cum
2733 3542 3074 3595 ostentasset,
3102 3532 3282 3585 decies
3308 3530 3451 3583 mille

1891 3622 2210 3675 instructum
2246 3624 2514 3692 equitibus
2540 3624 2591 3676 in
2629 3624 2852 3676 Pontum
2889 3624 3131 3675 remittit.

554 3730 679 3785 CAP.
716 3732 892 3787 LVIII.
918 3764 988 3773 -
1018 3733 1265 3786 Lucullus
1308 3732 1606 3785 Armeniam
1650 3733 1963 3801 populatur,
2012 3746 2059 3788 et
2099 3736 2327 3789 thesauri
2361 3736 2595 3805 Tigrani:
2626 3737 2710 3789 via:
2745 3746 3033 3789 terr-antur.

277 3828 579 3887 Λεύκολλος
599 3828 656 3880 δὲ
684 3830 761 3889 εἰς
783 3827 881 3898 τὴν
902 3827 1295 3879 Καππαδοκίαν
1339 3825 1634 3893 ἐληλυθὼς,
1684 3826 1777 3878 καὶ

203 3923 365 3989 φίλον
402 3919 540 3987 ἔχων
591 3919 680 3970 τὸν
731 3921 1035 3988 ἐπάρχοντα
1065 3918 1264 3985 ταύτης
1328 3919 1772 3987 ’Λριοϐαρζάνην,

202 4012 359 4078 διέϐη
388 4027 445 4061 τε
478 4010 626 4079 παρά
652 4010 807 4073 δόξαν
842 4008 978 4077 πεζῇ
1005 4009 1097 4060 τὸν
1132 4008 1442 4076 Εὐφράτην,
1482 4007 1575 4058 καὶ
1608 4022 1777 4075 προσ-

204 4103 311 4169 ῆγε
358 4099 408 4129 ⁸⁸
443 4099 534 4151 τὸν
560 4101 787 4169 στρατὸν
829 4102 894 4167 τῇ
931 4100 1101 4161 πόλει,
1135 4100 1193 4149 ἐν
1216 4091 1260 4165 ᾧ
1285 4098 1383 4159 τάς
1417 4113 1476 4149 τε
1506 4097 1775 4165 Τιγράνου

204 4192 545 4252 παλλακίδας
580 4192 941 4257 φυλάττεσθαι
971 4191 1282 4260 μεμαθήκει
1336 4188 1431 4241 καὶ
1463 4188 1633 4241 πολλά
1667 4187 1778 4239 τῶν

204 4284 421 4353 σφόδρα
451 4284 668 4351 τιμίων.
701 4283 1096 4335 Καταλελοίπει
1120 4282 1175 4334 δὲ
1207 4282 1301 4335 καὶ
1349 4282 1477 4343 τοὺς
1510 4279 1776 4350 Τιγρανό-

203 4392 381 4440 κερτα
422 4374 898 4442 πολιορκήσοντας.
919 4374 1012 4425 καὶ⁵
1043 4375 1361 4441 στράτευμα
1387 4371 1515 4423 ἄλλο
1548 4372 1640 4423 ὲπὶ
1669 4370 1778 4423 τῶν

204 4467 562 4533 πολισμάτων
594 4464 664 4516 τά
689 4465 1104 4533 σπουδαιότερα.
1141 4462 1267 4533 [755
1299 4461 1391 4532 IL]
1418 4463 1571 4516 Οὕτω
1597 4462 1651 4514 δὲ
1678 4462 1776 4530 τῆς

217 4556 512 4628 ’Λρμενῖας
533 4558 671 4609 κατά
699 4556 869 4607 πολλά
899 4556 1041 4625 μέρη
1072 4555 1537 4624 πολιορκουμένης
1560 4554 1774 4622 ἔπεμπε

204 4650 488 4720 Τιγράνης
504 4648 787 4701 ἀνακαλῶν
810 4648 1168 4717 Μιοριδάτην.
1191 4647 1302 4700 Καὶ
1326 4648 1557 4715 στρατὸν
1570 4647 1627 4698 δὲ
1648 4646 1776 4714 περὶ

1954 3829 2094 3883 Inter
2127 3830 2237 3882 lucc
2261 3829 2513 3882 Lucullus
2537 3830 2587 3881 in
2619 3828 3012 3897 Cappadociam
3040 3828 3361 3895 ingreditur.
3395 3835 3449 3881 ct

1881 3922 2248 3974 Ariobarzane
2300 3933 2456 3973 terra:
2506 3922 2692 3988 regulo
2732 3932 2889 3972 utens
2927 3920 3134 3983 amico,
3178 3921 3446 3986 inopinate

1883 4014 2211 4082 Euphratem
2238 4031 2358 4068 cum
2380 4016 2618 4081 equitatu
2644 4014 2859 4070 transit.
2885 4022 2939 4066 et
2961 4027 3148 4080 aglnen
3172 4015 3237 4064 ad
3261 4014 3444 4064 urbem

1884 4108 2118 4169 adducit,
2151 4108 2241 4160 ubi
2276 4106 2522 4175 Tigranis
2556 4105 2795 4173 pellices,
2829 4117 2883 4157 et
2911 4106 2983 4157 de
3006 4105 3165 4157 rebus
3196 4105 3448 4172 pretiosis

1884 4213 1946 4250 ac
1991 4199 2175 4252 charis
2222 4214 2324 4251 non
2379 4212 2543 4265 pauca
2599 4198 2864 4250 asservari
2916 4195 3200 4249 didicerat.
3253 4195 3447 4261 Capias

1882 4290 2069 4353 etiam,
2101 4306 2219 4358 qua:
2256 4288 2638 4357 Tigranocerta
2677 4297 2979 4357 oppugnent
3002 4328 3016 4348 .
3054 4297 3107 4340 et
3137 4288 3296 4350 alias,
3329 4304 3447 4353 qua:

1883 4377 2150 4445 praecipua
2187 4377 2295 4431 illic
2334 4380 2525 4446 oppida
2577 4387 2806 4439 tentent,
2858 4376 3124 4443 relinquit.
3171 4375 3304 4428 Dum
3346 4377 3446 4429 hoc

1884 4467 2042 4518 modo
2081 4468 2331 4520 Armenia
2378 4469 2558 4521 nndtis
2598 4481 2938 4535 oppugnatur
2983 4468 3242 4534 partibus,
3282 4467 3443 4518 mittit

1884 4554 2141 4623 Tigranes
2158 4561 2246 4625 qui
2274 4557 2632 4611 Mithridatem
2655 4569 2923 4613 revocent.
2952 4557 3255 4610 Exercitum
3281 4559 3441 4609 etiam

1884 4648 1947 4697 ad
1982 4648 2258 4698 tutamltnu
2290 4648 2472 4701 urbem
2506 4650 2555 4701 in
2587 4666 2689 4717 qua
2722 4649 2939 4717 pellices
2965 4659 3123 4701 erant
3151 4648 3440 4714 dispositzr,

202 4741 305 4806 τὴν
339 4738 590 4800 πόλιν,ὲν
622 4732 665 4805 ᾧ
703 4738 799 4801 τάς
852 4738 1181 4799 παλλακίδας
1220 4736 1391 4801 ἔθετο,
1455 4736 1773 4806 διέπεμπεν,

1883 4737 1960 4788 ire
1981 4736 2153 4801 jubet.
2185 4736 2281 4803 Qui
2309 4754 2428 4791 cum
2457 4755 2521 4792 eo
2549 4740 2842 4801 venissent,
2884 4739 3187 4792 interclusis
3218 4739 3445 4808 sagitta-

204 4830 256 4881 οἳ
288 4830 383 4881 καὶ
435 4828 896 4897 παραγεγονότες,
953 4830 1047 4880 καὶ
1104 4826 1287 4896 τοξείᾳ
1335 4824 1430 4878 τοῦ
1495 4824 1777 4895 Ῥωμαίων

205 4919 571 4989 στρατοπέδου
604 4922 704 4981 τὰς
730 4917 945 4982 ἐξόδους
971 4917 1395 4981 διακλείσαντες,
1428 4918 1525 4979 τάς
1547 4933 1604 4969 τε
1636 4914 1778 4968 παλ-

203 5010 435 5071 λακίδας
456 5010 549 5062 καὶ
572 5008 641 5061 τὰ
664 5009 968 5077 τιμιώτατα
998 5009 1107 5062 τῶν
1136 5007 1435 5077 κειμηλίων
1460 5009 1547 5060 διὰ
1576 5006 1771 5069 νυκτὸς

203 5100 660 5171 προεξέπεμψαν.
713 5102 956 5170 Ἡμέρας
988 5101 1046 5153 δὲ
1095 5101 1458 5168 ἀνασχούσης,
1526 5100 1619 5151 κα)⁵
1671 5097 1777 5150 τῶν

217 5195 507 5263 Ῥωμαίων
549 5196 662 5263 ἅμα
690 5192 797 5245 τῶν
842 5191 1073 5263 Θρακῶν
1126 5192 1387 5262 ἀνδρείως
1438 5188 1778 5256 ἀγωνιζομέ-

202 5306 333 5352 νων,
363 5286 523 5353 φόνος
566 5303 624 5339 τε
664 5285 829 5348 πολὺς
881 5285 991 5337 τῶν
1047 5284 1347 5353 ’Λρμενίων
1403 5282 1635 5349 γίνεται,
1684 5281 1776 5333 καὶ

202 5379 442 5446 ζωγρίαι
494 5377 601 5429 τῶν
651 5376 1013 5447 ἀνῃρημένων
1044 5375 1292 5428 ἑάλωσαν
1320 5373 1421 5425 οὐκ
1474 5373 1729 5433 ἐλάττους
1756 5387 1770 5401 ·

204 5471 274 5523 τὰ
306 5472 496 5538 μέντοι
523 5487 585 5537 γε
634 5467 1116 5538 προαποσταλέντα
1169 5465 1461 5530 διεσώζετο
1502 5465 1639 5535 πρὸς
1682 5464 1777 5516 Τι-

204 5564 436 5633 γράνην.

1881 4845 1998 4881 rtnn
2044 4830 2305 4897 grandine
2352 4832 2585 4883 exitibus
2629 4847 2659 4885 e
2706 4831 3071 4885 lietuanorum
3120 4831 3347 4890 castris.
3390 4843 3445 4883 et

1878 4923 2207 4975 concubinas
2234 4931 2289 4974 et
2310 4939 2470 4990 gazas
2511 4923 2750 4991 periculo
2778 4932 3057 4990 exemptos
3093 4932 3255 4976 noctu
3292 4937 3445 4990 pra:-

1883 5015 2118 5066 tnittunt.
2150 5013 2246 5067 Ubi
2281 5015 2474 5078 illuxit,
2509 5014 2734 5068 Iiomani
2764 5025 2818 5068 et
2853 5013 3114 5075 Thraces.
3147 5017 3443 5068 certamine

1881 5118 2002 5155 cum
2044 5104 2314 5158 Armeniis
2356 5106 2583 5158 feliciter
2629 5107 2787 5169 inito,
2832 5105 3093 5174 prolixam
3132 5105 3323 5158 horum
3367 5109 3413 5156 Ia

1881 5196 2030 5247 ciunt
2074 5204 2330 5265 stragem,
2378 5212 2475 5249 nec
2523 5198 2805 5266 pauciores
2845 5200 2991 5252 vivos
3024 5198 3243 5266 Cupiunt
3280 5212 3440 5265 quam

1882 5293 2115 5340 cmduut.
2138 5287 2418 5342 Praemissa
2442 5299 2619 5342 tamen
2652 5289 2715 5341 ad
2742 5286 3051 5358 Tigranem,
3084 5297 3198 5343 tuta
3228 5295 3443 5341 manent

1882 5389 1937 5432 et
1962 5380 2131 5433 salva.

1496 5643 1729 5699 VAllIIE
1777 5641 2179 5697 LECTIONES.

275 5750 317 5779 "
346 5747 437 5799 καί
492 5745 626 5816 τισι]
684 5747 792 5799 imo
864 5746 955 5797 καὶ
1000 5748 1128 5803 τοῖς.

1203 5744 1249 5774 υ
1298 5741 1581 5812 Λευκόλλῳ
1619 5742 2101 5812 llbodonnmuns:
2138 5739 2255 5812 libri
2314 5739 2571 5810 σελεύκῳ.

204 5819 290 5890 οὗ]
321 5810 581 5873 alterutra
616 5810 835 5886 negatio
869 5817 1109 5869 delenda.
1186 5816 1231 5844 ⁸⁵
1269 5813 1504 5883 προσῆγε
1534 5810 1625 5865 τὸν
1658 5811 1959 5865 Selucl’erus
1995 5826 2008 5861 :
2058 5810 2177 5863 libri
2220 5812 2539 5877 προσήγετο,

2666 5742 2713 5773 ⁸³
2742 5742 2971 5812 ἀφέντες
3009 5760 3068 5807 ς.
3147 5743 3192 5775 ⁸⁸
3222 5745 3278 5797 οὐ
3324 5760 3444 5814 μετ’
