  <div class='ocr_page' id='page_1' title='image "/cluster/home/n/w/nwhite01/storage/ocr_20150623/103/nnc1.0046979689/483.png"; bbox 0 0 4208 6448; ppageno 0'>
   <div class='ocr_carea' id='block_1_1' title="bbox 778 394 881 457">
    <p class='ocr_par' dir='ltr' id='par_1_1' title="bbox 778 394 881 457">
     <span class='ocr_line' id='line_1_1' title="bbox 778 394 881 457; baseline 0.019 -2"><span class='ocrx_word' id='word_1_1' title='bbox 778 394 881 457; x_wconf 82' lang='lat'><strong>935</strong></span> 
     </span>
    </p>
   </div>
   <div class='ocr_carea' id='block_1_2' title="bbox 1932 395 2858 458">
    <p class='ocr_par' dir='ltr' id='par_1_2' title="bbox 1932 395 2858 458">
     <span class='ocr_line' id='line_1_2' title="bbox 1932 395 2858 458; baseline 0.001 -1"><span class='ocrx_word' id='word_1_2' title='bbox 1932 396 2193 457; x_wconf 78' lang='lat' dir='ltr'><strong>I’liOTlI</strong></span> <span class='ocrx_word' id='word_1_3' title='bbox 2224 395 2719 455; x_wconf 65' lang='lat' dir='ltr'><strong>PATRIARCHE</strong></span> <span class='ocrx_word' id='word_1_4' title='bbox 2752 399 2858 458; x_wconf 85' lang='lat' dir='ltr'><strong>Cl’.</strong></span> 
     </span>
    </p>
   </div>
   <div class='ocr_carea' id='block_1_3' title="bbox 3926 405 4037 468">
    <p class='ocr_par' dir='ltr' id='par_1_3' title="bbox 3926 405 4037 468">
     <span class='ocr_line' id='line_1_3' title="bbox 3926 405 4037 468; baseline -0.036 0"><span class='ocrx_word' id='word_1_5' title='bbox 3926 405 4037 468; x_wconf 77' lang='lat'><strong>936</strong></span> 
     </span>
    </p>
   </div>
   <div class='ocr_carea' id='block_1_4' title="bbox 1231 502 3603 573">
    <p class='ocr_par' dir='ltr' id='par_1_4' title="bbox 1231 502 3603 573">
     <span class='ocr_line' id='line_1_4' title="bbox 1231 502 3603 573; baseline 0.002 -15"><span class='ocrx_word' id='word_1_6' title='bbox 1231 502 1358 558; x_wconf 67' lang='lat' dir='ltr'><strong>Car.</strong></span> <span class='ocrx_word' id='word_1_7' title='bbox 1421 502 1556 557; x_wconf 73' lang='lat' dir='ltr'><strong>LIX.</strong></span> <span class='ocrx_word' id='word_1_8' title='bbox 1594 534 1663 544; x_wconf 89' lang='lat'><strong>——</strong></span> <span class='ocrx_word' id='word_1_9' title='bbox 1691 502 1893 557; x_wconf 79' lang='lat' dir='ltr'><strong>Luculli</strong></span> <span class='ocrx_word' id='word_1_10' title='bbox 1917 508 2145 558; x_wconf 74' lang='lat' dir='ltr'><strong>victoria:</strong></span> <span class='ocrx_word' id='word_1_11' title='bbox 2166 508 2229 558; x_wconf 83' lang='lat' dir='ltr'><strong>de</strong></span> <span class='ocrx_word' id='word_1_12' title='bbox 2260 505 2484 573; x_wconf 76' lang='lat' dir='ltr'><strong>Tigrane</strong></span> <span class='ocrx_word' id='word_1_13' title='bbox 2524 508 2591 557; x_wconf 82' lang='lat' dir='ltr'><strong>ad</strong></span> <span class='ocrx_word' id='word_1_14' title='bbox 2638 509 3041 573; x_wconf 71' lang='lat' dir='ltr'><strong>Tigranocerta;</strong></span> <span class='ocrx_word' id='word_1_15' title='bbox 3098 523 3145 561; x_wconf 83' lang='lat' dir='ltr'><strong>ct</strong></span> <span class='ocrx_word' id='word_1_16' title='bbox 3194 511 3336 561; x_wconf 72' lang='lat' dir='ltr'><strong>urbis</strong></span> <span class='ocrx_word' id='word_1_17' title='bbox 3388 510 3603 569; x_wconf 83' lang='lat' dir='ltr'><strong>deditio.</strong></span> 
     </span>
    </p>
   </div>
   <div class='ocr_carea' id='block_1_5' title="bbox 858 594 2372 674">
    <p class='ocr_par' dir='ltr' id='par_1_5' title="bbox 858 597 2366 665">
     <span class='ocr_line' id='line_1_5' title="bbox 858 597 2366 665; baseline -0.003 -12"><span class='ocrx_word' id='word_1_18' title='bbox 858 600 954 654; x_wconf 89' lang='lat' dir='ltr'><strong>llic</strong></span> <span class='ocrx_word' id='word_1_19' title='bbox 986 599 1162 654; x_wconf 91' lang='lat'><strong>80000</strong></span> <span class='ocrx_word' id='word_1_20' title='bbox 1194 599 1488 651; x_wconf 73' lang='lat' dir='ltr'><strong>contractis</strong></span> <span class='ocrx_word' id='word_1_21' title='bbox 1513 638 1529 663; x_wconf 98' lang='lat'><strong>,</strong></span> <span class='ocrx_word' id='word_1_22' title='bbox 1562 606 1619 649; x_wconf 87' lang='lat' dir='ltr'><strong>ut</strong></span> <span class='ocrx_word' id='word_1_23' title='bbox 1654 597 2039 663; x_wconf 76' lang='lat' dir='ltr'><strong>Tigranocerta</strong></span> <span class='ocrx_word' id='word_1_24' title='bbox 2082 598 2146 650; x_wconf 88' lang='lat' dir='ltr'><strong>ab</strong></span> <span class='ocrx_word' id='word_1_25' title='bbox 2177 612 2366 665; x_wconf 84' lang='lat' dir='ltr'><strong>urgen-</strong></span> 
     </span>
    </p>
   </div>
   <div class='ocr_carea' id='block_1_6' title="bbox 2489 594 4035 674">
    <p class='ocr_par' dir='ltr' id='par_1_6' title="bbox 2544 594 4035 674">
     <span class='ocr_line' id='line_1_6' title="bbox 2544 594 4035 674; baseline 0.009 -27"><span class='ocrx_word' id='word_1_26' title='bbox 2544 597 2778 665; x_wconf 86' lang='grc' dir='ltr'>Δύναμιν</span> <span class='ocrx_word' id='word_1_27' title='bbox 2810 598 2865 649; x_wconf 73' lang='grc' dir='ltr'>δὲ</span> <span class='ocrx_word' id='word_1_28' title='bbox 2905 594 3055 661; x_wconf 76' lang='grc' dir='ltr'>οὗτος</span> <span class='ocrx_word' id='word_1_29' title='bbox 3085 600 3343 669; x_wconf 85' lang='grc' dir='ltr'>ἁθροίσας</span> <span class='ocrx_word' id='word_1_30' title='bbox 3388 602 3532 653; x_wconf 81' lang='grc' dir='ltr'>ὀκτὼ</span> <span class='ocrx_word' id='word_1_31' title='bbox 3589 606 3854 674; x_wconf 75' lang='grc' dir='ltr'><strong>μυριάδας</strong></span> <span class='ocrx_word' id='word_1_32' title='bbox 3906 626 4035 660; x_wconf 65' lang='grc' dir='ltr'>κατι</span> 
     </span>
    </p>
   </div>
   <div class='ocr_carea' id='block_1_7' title="bbox 786 688 2355 757">
    <p class='ocr_par' dir='ltr' id='par_1_7' title="bbox 786 688 2355 757">
     <span class='ocr_line' id='line_1_7' title="bbox 786 688 2355 757; baseline -0.004 -11"><span class='ocrx_word' id='word_1_33' title='bbox 786 696 929 746; x_wconf 88' lang='lat' dir='ltr'><strong>tilms</strong></span> <span class='ocrx_word' id='word_1_34' title='bbox 969 692 1128 745; x_wconf 91' lang='lat' dir='ltr'><strong>malis</strong></span> <span class='ocrx_word' id='word_1_35' title='bbox 1164 691 1376 756; x_wconf 87' lang='lat' dir='ltr'><strong>eripiat.</strong></span> <span class='ocrx_word' id='word_1_36' title='bbox 1411 689 1795 757; x_wconf 84' lang='lat' dir='ltr'><strong>propulsetquc</strong></span> <span class='ocrx_word' id='word_1_37' title='bbox 1824 689 2025 753; x_wconf 82' lang='lat' dir='ltr'><strong>hostes,</strong></span> <span class='ocrx_word' id='word_1_38' title='bbox 2058 688 2355 741; x_wconf 78' lang='lat' dir='ltr'><strong>descendit.</strong></span> 
     </span>
    </p>
   </div>
   <div class='ocr_carea' id='block_1_8' title="bbox 784 780 2362 837">
    <p class='ocr_par' dir='ltr' id='par_1_8' title="bbox 784 780 2362 837">
     <span class='ocr_line' id='line_1_8' title="bbox 784 780 2362 837; baseline -0.004 0"><span class='ocrx_word' id='word_1_39' title='bbox 784 784 1087 837; x_wconf 68' lang='lat' dir='ltr'><strong>Confestim</strong></span> <span class='ocrx_word' id='word_1_40' title='bbox 1119 796 1247 833; x_wconf 88' lang='lat' dir='ltr'><strong>vero</strong></span> <span class='ocrx_word' id='word_1_41' title='bbox 1280 790 1332 833; x_wconf 94' lang='lat' dir='ltr'><strong>ut</strong></span> <span class='ocrx_word' id='word_1_42' title='bbox 1367 782 1735 833; x_wconf 76' lang='lat' dir='ltr'><strong>Romanorum</strong></span> <span class='ocrx_word' id='word_1_43' title='bbox 1768 780 2062 833; x_wconf 77' lang='lat' dir='ltr'><strong>exilitatem</strong></span> <span class='ocrx_word' id='word_1_44' title='bbox 2088 782 2221 831; x_wconf 89' lang='lat' dir='ltr'><strong>vidit</strong></span> <span class='ocrx_word' id='word_1_45' title='bbox 2272 795 2362 832; x_wconf 90' lang='lat' dir='ltr'><strong>ca-</strong></span> 
     </span>
    </p>
   </div>
   <div class='ocr_carea' id='block_1_9' title="bbox 787 870 2360 939">
    <p class='ocr_par' dir='ltr' id='par_1_9' title="bbox 787 870 2360 939">
     <span class='ocr_line' id='line_1_9' title="bbox 787 870 2360 939; baseline -0.005 -10"><span class='ocrx_word' id='word_1_46' title='bbox 787 886 1044 935; x_wconf 88' lang='lat' dir='ltr'><strong>strormu,</strong></span> <span class='ocrx_word' id='word_1_47' title='bbox 1096 872 1329 939; x_wconf 88' lang='lat' dir='ltr'><strong>superba</strong></span> <span class='ocrx_word' id='word_1_48' title='bbox 1396 884 1490 938; x_wconf 92' lang='lat' dir='ltr'><strong>per</strong></span> <span class='ocrx_word' id='word_1_49' title='bbox 1542 880 1907 936; x_wconf 88' lang='lat' dir='ltr'><strong>contemptum</strong></span> <span class='ocrx_word' id='word_1_50' title='bbox 1961 871 2027 921; x_wconf 88' lang='lat' dir='ltr'><strong>de</strong></span> <span class='ocrx_word' id='word_1_51' title='bbox 2078 870 2141 922; x_wconf 77' lang='lat' dir='ltr'><strong>iis</strong></span> <span class='ocrx_word' id='word_1_52' title='bbox 2198 871 2360 922; x_wconf 81' lang='lat' dir='ltr'><strong>verba</strong></span> 
     </span>
    </p>
   </div>
   <div class='ocr_carea' id='block_1_10' title="bbox 786 960 2361 1034">
    <p class='ocr_par' dir='ltr' id='par_1_10' title="bbox 786 960 2361 1034">
     <span class='ocr_line' id='line_1_10' title="bbox 786 960 2361 1034; baseline -0.003 -17"><span class='ocrx_word' id='word_1_53' title='bbox 786 969 913 1034; x_wconf 73' lang='lat' dir='ltr'><strong>jat&#39;il</strong></span> <span class='ocrx_word' id='word_1_54' title='bbox 940 982 954 1020; x_wconf 90' lang='lat'>:</span> <span class='ocrx_word' id='word_1_55' title='bbox 986 964 1043 1019; x_wconf 81' lang='lat' dir='ltr'><strong>Si</strong></span> <span class='ocrx_word' id='word_1_56' title='bbox 1075 965 1229 1033; x_wconf 75' lang='lat' dir='ltr'><strong>legati</strong></span> <span class='ocrx_word' id='word_1_57' title='bbox 1252 974 1371 1015; x_wconf 74' lang='lat' dir='ltr'><strong>sunt</strong></span> <span class='ocrx_word' id='word_1_58' title='bbox 1407 960 1643 1030; x_wconf 78' lang='lat' dir='ltr'><strong>(inquit)</strong></span> <span class='ocrx_word' id='word_1_59' title='bbox 1677 961 1829 1012; x_wconf 85' lang='lat' dir='ltr'><strong>multi</strong></span> <span class='ocrx_word' id='word_1_60' title='bbox 1870 962 2024 1013; x_wconf 75' lang='lat' dir='ltr'><strong>simul</strong></span> <span class='ocrx_word' id='word_1_61' title='bbox 2072 970 2313 1012; x_wconf 79' lang='lat' dir='ltr'><strong>renerunt</strong></span> <span class='ocrx_word' id='word_1_62' title='bbox 2344 975 2361 1013; x_wconf 88' lang='lat'><strong><em>:</em></strong></span> 
     </span>
    </p>
   </div>
   <div class='ocr_carea' id='block_1_11' title="bbox 787 1053 2360 1123">
    <p class='ocr_par' dir='ltr' id='par_1_11' title="bbox 787 1053 2360 1123">
     <span class='ocr_line' id='line_1_11' title="bbox 787 1053 2360 1123; baseline -0.005 -13"><span class='ocrx_word' id='word_1_63' title='bbox 787 1060 867 1110; x_wconf 74' lang='lat' dir='ltr'><strong>sin</strong></span> <span class='ocrx_word' id='word_1_64' title='bbox 903 1058 1090 1117; x_wconf 72' lang='lat' dir='ltr'><strong>hostes,</strong></span> <span class='ocrx_word' id='word_1_65' title='bbox 1127 1055 1391 1123; x_wconf 74' lang='lat' dir='ltr'><strong>perpauci.</strong></span> <span class='ocrx_word' id='word_1_66' title='bbox 1449 1054 1657 1118; x_wconf 83' lang='lat' dir='ltr'><strong>Quibus</strong></span> <span class='ocrx_word' id='word_1_67' title='bbox 1697 1054 1890 1114; x_wconf 77' lang='lat' dir='ltr'><strong>dictis,</strong></span> <span class='ocrx_word' id='word_1_68' title='bbox 1948 1053 2144 1105; x_wconf 77' lang='lat' dir='ltr'><strong>castris</strong></span> <span class='ocrx_word' id='word_1_69' title='bbox 2190 1053 2360 1105; x_wconf 88' lang='lat' dir='ltr'><strong>Ioemu</strong></span> 
     </span>
    </p>
   </div>
   <div class='ocr_carea' id='block_1_12' title="bbox 789 1144 2363 1218">
    <p class='ocr_par' dir='ltr' id='par_1_12' title="bbox 789 1144 2363 1218">
     <span class='ocr_line' id='line_1_12' title="bbox 789 1144 2363 1218; baseline -0.005 -15"><span class='ocrx_word' id='word_1_70' title='bbox 789 1151 991 1218; x_wconf 71' lang='lat' dir='ltr'><strong>deligit.</strong></span> <span class='ocrx_word' id='word_1_71' title='bbox 1029 1151 1095 1201; x_wconf 77' lang='lat' dir='ltr'><strong>At</strong></span> <span class='ocrx_word' id='word_1_72' title='bbox 1122 1148 1401 1207; x_wconf 81' lang='lat' dir='ltr'><strong>Lucullus,</strong></span> <span class='ocrx_word' id='word_1_73' title='bbox 1432 1146 1693 1215; x_wconf 77' lang='lat' dir='ltr'><strong>singulari</strong></span> <span class='ocrx_word' id='word_1_74' title='bbox 1727 1158 1843 1198; x_wconf 87' lang='lat' dir='ltr'><strong>arte</strong></span> <span class='ocrx_word' id='word_1_75' title='bbox 1869 1155 1923 1198; x_wconf 84' lang='lat' dir='ltr'><strong>et</strong></span> <span class='ocrx_word' id='word_1_76' title='bbox 1956 1145 2131 1197; x_wconf 85' lang='lat' dir='ltr'><strong>studio</strong></span> <span class='ocrx_word' id='word_1_77' title='bbox 2162 1144 2363 1197; x_wconf 84' lang='lat' dir='ltr'><strong>instru-</strong></span> 
     </span>
    </p>
   </div>
   <div class='ocr_carea' id='block_1_13' title="bbox 790 1236 2359 1306">
    <p class='ocr_par' dir='ltr' id='par_1_13' title="bbox 790 1236 2359 1306">
     <span class='ocr_line' id='line_1_13' title="bbox 790 1236 2359 1306; baseline -0.004 -13"><span class='ocrx_word' id='word_1_78' title='bbox 790 1252 875 1293; x_wconf 86' lang='lat' dir='ltr'><strong>cta</strong></span> <span class='ocrx_word' id='word_1_79' title='bbox 904 1242 1039 1302; x_wconf 83' lang='lat' dir='ltr'><strong>acie,</strong></span> <span class='ocrx_word' id='word_1_80' title='bbox 1073 1240 1293 1306; x_wconf 86' lang='lat' dir='ltr'><strong>suisque</strong></span> <span class='ocrx_word' id='word_1_81' title='bbox 1322 1237 1513 1288; x_wconf 83' lang='lat' dir='ltr'><strong>fiducia</strong></span> <span class='ocrx_word' id='word_1_82' title='bbox 1541 1252 1637 1303; x_wconf 84' lang='lat' dir='ltr'><strong>per</strong></span> <span class='ocrx_word' id='word_1_83' title='bbox 1664 1236 2095 1289; x_wconf 78' lang='lat' dir='ltr'><strong>cohortationem</strong></span> <span class='ocrx_word' id='word_1_84' title='bbox 2139 1236 2359 1305; x_wconf 84' lang='lat' dir='ltr'><strong>injecta,</strong></span> 
     </span>
    </p>
   </div>
   <div class='ocr_carea' id='block_1_14' title="bbox 790 1328 2368 1397">
    <p class='ocr_par' dir='ltr' id='par_1_14' title="bbox 790 1328 2368 1397">
     <span class='ocr_line' id='line_1_14' title="bbox 790 1328 2368 1397; baseline -0.003 -12"><span class='ocrx_word' id='word_1_85' title='bbox 790 1333 1034 1385; x_wconf 81' lang='lat' dir='ltr'><strong>dextrum</strong></span> <span class='ocrx_word' id='word_1_86' title='bbox 1060 1346 1225 1383; x_wconf 90' lang='lat' dir='ltr'><strong>cornu</strong></span> <span class='ocrx_word' id='word_1_87' title='bbox 1260 1330 1441 1381; x_wconf 81' lang='lat' dir='ltr'><strong>statim</strong></span> <span class='ocrx_word' id='word_1_88' title='bbox 1486 1330 1538 1381; x_wconf 91' lang='lat' dir='ltr'><strong>in</strong></span> <span class='ocrx_word' id='word_1_89' title='bbox 1572 1330 1752 1397; x_wconf 82' lang='lat' dir='ltr'><strong>fugam</strong></span> <span class='ocrx_word' id='word_1_90' title='bbox 1798 1328 1947 1397; x_wconf 86' lang='lat' dir='ltr'><strong>agit:</strong></span> <span class='ocrx_word' id='word_1_91' title='bbox 1985 1344 2103 1381; x_wconf 81' lang='lat' dir='ltr'><strong>mox</strong></span> <span class='ocrx_word' id='word_1_92' title='bbox 2146 1330 2368 1381; x_wconf 90' lang='lat' dir='ltr'><strong>inclina-</strong></span> 
     </span>
    </p>
   </div>
   <div class='ocr_carea' id='block_1_15' title="bbox 794 1422 2366 1491">
    <p class='ocr_par' dir='ltr' id='par_1_15' title="bbox 794 1422 2366 1491">
     <span class='ocr_line' id='line_1_15' title="bbox 794 1422 2366 1491; baseline 0 -17"><span class='ocrx_word' id='word_1_93' title='bbox 794 1426 866 1476; x_wconf 88' lang='lat' dir='ltr'><strong>tio</strong></span> <span class='ocrx_word' id='word_1_94' title='bbox 897 1424 951 1476; x_wconf 89' lang='lat' dir='ltr'><strong>lit</strong></span> <span class='ocrx_word' id='word_1_95' title='bbox 982 1424 1033 1476; x_wconf 89' lang='lat' dir='ltr'><strong>iu</strong></span> <span class='ocrx_word' id='word_1_96' title='bbox 1060 1424 1307 1491; x_wconf 75' lang='lat' dir='ltr'><strong>proximo</strong></span> <span class='ocrx_word' id='word_1_97' title='bbox 1357 1438 1371 1473; x_wconf 90' lang='lat'>:</span> <span class='ocrx_word' id='word_1_98' title='bbox 1419 1422 1615 1474; x_wconf 90' lang='lat' dir='ltr'><strong>dehinc</strong></span> <span class='ocrx_word' id='word_1_99' title='bbox 1683 1430 1829 1487; x_wconf 85' lang='lat' dir='ltr'><strong>terga</strong></span> <span class='ocrx_word' id='word_1_100' title='bbox 1892 1429 2109 1473; x_wconf 89' lang='lat' dir='ltr'><strong>vertunt</strong></span> <span class='ocrx_word' id='word_1_101' title='bbox 2157 1435 2366 1474; x_wconf 87' lang='lat' dir='ltr'><strong>oumes.</strong></span> 
     </span>
    </p>
   </div>
   <div class='ocr_carea' id='block_1_16' title="bbox 790 1511 2371 1583">
    <p class='ocr_par' dir='ltr' id='par_1_16' title="bbox 790 1511 2371 1583">
     <span class='ocr_line' id='line_1_16' title="bbox 790 1511 2371 1583; baseline -0.003 -14"><span class='ocrx_word' id='word_1_102' title='bbox 790 1516 1058 1570; x_wconf 83' lang='lat' dir='ltr'><strong>Grandem</strong></span> <span class='ocrx_word' id='word_1_103' title='bbox 1085 1517 1268 1583; x_wconf 88' lang='lat' dir='ltr'><strong>itaque</strong></span> <span class='ocrx_word' id='word_1_104' title='bbox 1301 1525 1356 1566; x_wconf 90' lang='lat' dir='ltr'><strong>et</strong></span> <span class='ocrx_word' id='word_1_105' title='bbox 1396 1514 1728 1581; x_wconf 66' lang='lat' dir='ltr'><strong>praecipitem</strong></span> <span class='ocrx_word' id='word_1_106' title='bbox 1760 1513 1999 1566; x_wconf 85' lang='lat' dir='ltr'><strong>Armenii</strong></span> <span class='ocrx_word' id='word_1_107' title='bbox 2066 1511 2246 1580; x_wconf 84' lang='lat' dir='ltr'><strong>fugam</strong></span> <span class='ocrx_word' id='word_1_108' title='bbox 2278 1527 2371 1565; x_wconf 89' lang='lat' dir='ltr'><strong>ca-</strong></span> 
     </span>
    </p>
   </div>
   <div class='ocr_carea' id='block_1_17' title="bbox 796 1604 2366 1675">
    <p class='ocr_par' dir='ltr' id='par_1_17' title="bbox 796 1604 2366 1675">
     <span class='ocr_line' id='line_1_17' title="bbox 796 1604 2366 1675; baseline -0.002 -16"><span class='ocrx_word' id='word_1_109' title='bbox 796 1617 1034 1674; x_wconf 87' lang='lat' dir='ltr'><strong>pessunt,</strong></span> <span class='ocrx_word' id='word_1_110' title='bbox 1066 1621 1119 1661; x_wconf 89' lang='lat' dir='ltr'><strong>et</strong></span> <span class='ocrx_word' id='word_1_111' title='bbox 1151 1622 1247 1675; x_wconf 89' lang='lat' dir='ltr'><strong>pro</strong></span> <span class='ocrx_word' id='word_1_112' title='bbox 1302 1608 1575 1659; x_wconf 86' lang='lat' dir='ltr'><strong>hominum</strong></span> <span class='ocrx_word' id='word_1_113' title='bbox 1627 1621 1850 1658; x_wconf 89' lang='lat' dir='ltr'><strong>nmuero</strong></span> <span class='ocrx_word' id='word_1_114' title='bbox 1886 1604 2057 1659; x_wconf 68' lang='lat' dir='ltr'><strong>ett-des</strong></span> <span class='ocrx_word' id='word_1_115' title='bbox 2102 1605 2366 1673; x_wconf 86' lang='lat' dir='ltr'><strong>sequitur.</strong></span> 
     </span>
    </p>
   </div>
   <div class='ocr_carea' id='block_1_18' title="bbox 797 1696 2373 1769">
    <p class='ocr_par' dir='ltr' id='par_1_18' title="bbox 797 1696 2373 1769">
     <span class='ocr_line' id='line_1_18' title="bbox 797 1696 2373 1769; baseline -0.002 -17"><span class='ocrx_word' id='word_1_116' title='bbox 797 1700 1056 1765; x_wconf 75' lang='lat' dir='ltr'><strong>Tigranes</strong></span> <span class='ocrx_word' id='word_1_117' title='bbox 1119 1700 1316 1769; x_wconf 85' lang='lat' dir='ltr'><strong>igitur,</strong></span> <span class='ocrx_word' id='word_1_118' title='bbox 1402 1699 1705 1764; x_wconf 80' lang='lat' dir='ltr'><strong>diademate</strong></span> <span class='ocrx_word' id='word_1_119' title='bbox 1758 1707 1811 1750; x_wconf 90' lang='lat' dir='ltr'><strong>et</strong></span> <span class='ocrx_word' id='word_1_120' title='bbox 1866 1697 2009 1766; x_wconf 82' lang='lat' dir='ltr'><strong>regni</strong></span> <span class='ocrx_word' id='word_1_121' title='bbox 2070 1696 2373 1765; x_wconf 80' lang='lat' dir='ltr'><strong>insignibus</strong></span> 
     </span>
    </p>
   </div>
   <div class='ocr_carea' id='block_1_19' title="bbox 794 1788 2372 1861">
    <p class='ocr_par' dir='ltr' id='par_1_19' title="bbox 794 1788 2372 1861">
     <span class='ocr_line' id='line_1_19' title="bbox 794 1788 2372 1861; baseline -0.002 -18"><span class='ocrx_word' id='word_1_122' title='bbox 794 1791 989 1861; x_wconf 80' lang='lat' dir='ltr'><strong>239a</strong></span> <span class='ocrx_word' id='word_1_123' title='bbox 1040 1792 1144 1843; x_wconf 89' lang='lat' dir='ltr'><strong>filio</strong></span> <span class='ocrx_word' id='word_1_124' title='bbox 1176 1790 1457 1858; x_wconf 86' lang='lat' dir='ltr'><strong>impositis.</strong></span> <span class='ocrx_word' id='word_1_125' title='bbox 1502 1789 1566 1841; x_wconf 91' lang='lat' dir='ltr'><strong>ad</strong></span> <span class='ocrx_word' id='word_1_126' title='bbox 1595 1790 1871 1843; x_wconf 77' lang='lat' dir='ltr'><strong>castellum</strong></span> <span class='ocrx_word' id='word_1_127' title='bbox 1897 1789 2161 1858; x_wconf 82' lang='lat' dir='ltr'><strong>quoddam</strong></span> <span class='ocrx_word' id='word_1_128' title='bbox 2193 1788 2372 1859; x_wconf 81' lang='lat' dir='ltr'><strong>fugam</strong></span> 
     </span>
    </p>
   </div>
   <div class='ocr_carea' id='block_1_20' title="bbox 798 1883 2366 1953">
    <p class='ocr_par' dir='ltr' id='par_1_20' title="bbox 798 1883 2366 1953">
     <span class='ocr_line' id='line_1_20' title="bbox 798 1883 2366 1953; baseline -0.004 -17"><span class='ocrx_word' id='word_1_129' title='bbox 798 1885 1005 1952; x_wconf 81' lang='lat' dir='ltr'><strong>arripit.</strong></span> <span class='ocrx_word' id='word_1_130' title='bbox 1050 1883 1303 1936; x_wconf 87' lang='lat' dir='ltr'><strong>Lucullus</strong></span> <span class='ocrx_word' id='word_1_131' title='bbox 1343 1898 1469 1936; x_wconf 88' lang='lat' dir='ltr'><strong>vero</strong></span> <span class='ocrx_word' id='word_1_132' title='bbox 1505 1884 1950 1953; x_wconf 85' lang='lat' dir='ltr'><strong>Tigranocertam</strong></span> <span class='ocrx_word' id='word_1_133' title='bbox 2012 1897 2198 1934; x_wconf 89' lang='lat' dir='ltr'><strong>versus</strong></span> <span class='ocrx_word' id='word_1_134' title='bbox 2250 1898 2366 1933; x_wconf 85' lang='lat' dir='ltr'><strong>mo-</strong></span> 
     </span>
    </p>
   </div>
   <div class='ocr_carea' id='block_1_21' title="bbox 2468 686 4034 761">
    <p class='ocr_par' dir='ltr' id='par_1_21' title="bbox 2468 686 4034 761">
     <span class='ocr_line' id='line_1_21' title="bbox 2468 686 4034 761; baseline 0.006 -24"><span class='ocrx_word' id='word_1_135' title='bbox 2468 686 2672 750; x_wconf 83' lang='grc' dir='ltr'>έϐαινε,</span> <span class='ocrx_word' id='word_1_136' title='bbox 2706 692 2804 757; x_wconf 77' lang='grc' dir='ltr'>τήν</span> <span class='ocrx_word' id='word_1_137' title='bbox 2842 706 2900 739; x_wconf 89' lang='grc' dir='ltr'><strong>τε</strong></span> <span class='ocrx_word' id='word_1_138' title='bbox 2932 689 3369 758; x_wconf 81' lang='grc' dir='ltr'>Τιγρανοκέρταν</span> <span class='ocrx_word' id='word_1_139' title='bbox 3398 692 3815 761; x_wconf 77' lang='grc' dir='ltr'>ἐξαιρησόμενος</span> <span class='ocrx_word' id='word_1_140' title='bbox 3837 697 3881 725; x_wconf 75' lang='grc'><strong>³⁸</strong></span> <span class='ocrx_word' id='word_1_141' title='bbox 3925 698 4034 747; x_wconf 75' lang='grc' dir='ltr'>τῶν</span> 
     </span>
    </p>
   </div>
   <div class='ocr_carea' id='block_1_22' title="bbox 2466 780 4033 851">
    <p class='ocr_par' dir='ltr' id='par_1_22' title="bbox 2466 780 4033 851">
     <span class='ocr_line' id='line_1_22' title="bbox 2466 780 4033 851; baseline 0.008 -24"><span class='ocrx_word' id='word_1_142' title='bbox 2466 780 2796 847; x_wconf 84' lang='grc' dir='ltr'>συνεχόντων</span> <span class='ocrx_word' id='word_1_143' title='bbox 2819 781 2909 831; x_wconf 78' lang='grc' dir='ltr'><strong>καὶ</strong></span> <span class='ocrx_word' id='word_1_144' title='bbox 2935 780 3307 850; x_wconf 81' lang='grc' dir='ltr'>ἀμυνούμενος</span> <span class='ocrx_word' id='word_1_145' title='bbox 3331 783 3456 844; x_wconf 71' lang='grc' dir='ltr'>τοὺς</span> <span class='ocrx_word' id='word_1_146' title='bbox 3478 784 3785 851; x_wconf 83' lang='grc' dir='ltr'>πολεμίους.</span> <span class='ocrx_word' id='word_1_147' title='bbox 3814 788 4033 849; x_wconf 79' lang='grc' dir='ltr'>Φθάσας</span> 
     </span>
    </p>
   </div>
   <div class='ocr_carea' id='block_1_23' title="bbox 2463 866 4031 945">
    <p class='ocr_par' dir='ltr' id='par_1_23' title="bbox 2463 866 4031 945">
     <span class='ocr_line' id='line_1_23' title="bbox 2463 866 4031 945; baseline 0.006 -29"><span class='ocrx_word' id='word_1_148' title='bbox 2463 867 2635 917; x_wconf 80' lang='grc' dir='ltr'>δὲκαὶ</span> <span class='ocrx_word' id='word_1_149' title='bbox 2672 866 2793 918; x_wconf 80' lang='grc' dir='ltr'>ἰδὼν</span> <span class='ocrx_word' id='word_1_150' title='bbox 2824 869 2881 919; x_wconf 85' lang='grc' dir='ltr'><strong>τὸ</strong></span> <span class='ocrx_word' id='word_1_151' title='bbox 2927 868 3210 937; x_wconf 83' lang='grc' dir='ltr'>Ῥωμαίων</span> <span class='ocrx_word' id='word_1_152' title='bbox 3248 871 3423 937; x_wconf 77' lang='grc' dir='ltr'>ὀλίγον</span> <span class='ocrx_word' id='word_1_153' title='bbox 3466 874 3821 941; x_wconf 80' lang='grc' dir='ltr'>στρατόπεδον</span> <span class='ocrx_word' id='word_1_154' title='bbox 3860 878 4031 945; x_wconf 80' lang='grc' dir='ltr'>ὑπερ-</span> 
     </span>
    </p>
   </div>
   <div class='ocr_carea' id='block_1_24' title="bbox 2463 958 4030 1031">
    <p class='ocr_par' dir='ltr' id='par_1_24' title="bbox 2463 958 4030 1031">
     <span class='ocr_line' id='line_1_24' title="bbox 2463 958 4030 1031; baseline 0.008 -25"><span class='ocrx_word' id='word_1_155' title='bbox 2463 959 2719 1019; x_wconf 77' lang='grc' dir='ltr'>οπτικοὺς</span> <span class='ocrx_word' id='word_1_156' title='bbox 2775 958 2923 1025; x_wconf 79' lang='grc' dir='ltr'>ἠφίει</span> <span class='ocrx_word' id='word_1_157' title='bbox 2978 960 3198 1025; x_wconf 78' lang='grc' dir='ltr'><strong>λόγους,</strong></span> <span class='ocrx_word' id='word_1_158' title='bbox 3242 962 3315 1023; x_wconf 85' lang='grc' dir='ltr'>ὡς</span> <span class='ocrx_word' id='word_1_159' title='bbox 3359 965 3427 1015; x_wconf 81' lang='lat' dir='ltr'><strong>El</strong></span> <span class='ocrx_word' id='word_1_160' title='bbox 3490 964 3604 1031; x_wconf 78' lang='grc' dir='ltr'><strong>μὲν</strong></span> <span class='ocrx_word' id='word_1_161' title='bbox 3672 967 4030 1031; x_wconf 77' lang='grc' dir='ltr'>πρεσϐευταὶ</span> 
     </span>
    </p>
   </div>
   <div class='ocr_carea' id='block_1_25' title="bbox 2465 1050 4032 1120">
    <p class='ocr_par' dir='ltr' id='par_1_25' title="bbox 2465 1050 4032 1120">
     <span class='ocr_line' id='line_1_25' title="bbox 2465 1050 4032 1120; baseline 0.006 -21"><span class='ocrx_word' id='word_1_162' title='bbox 2465 1050 2726 1114; x_wconf 49' lang='grc' dir='ltr'>παρεῖεν,</span> <span class='ocrx_word' id='word_1_163' title='bbox 2758 1051 2994 1114; x_wconf 70' lang='grc' dir='ltr'>πολλοὶ,</span> <span class='ocrx_word' id='word_1_164' title='bbox 3030 1053 3291 1120; x_wconf 79' lang='grc' dir='ltr'><strong>φάμενος,</strong></span> <span class='ocrx_word' id='word_1_165' title='bbox 3321 1055 3631 1120; x_wconf 77' lang='grc' dir='ltr'>συνῆλθον</span> <span class='ocrx_word' id='word_1_166' title='bbox 3656 1095 3669 1116; x_wconf 86' lang='grc'><strong>,</strong></span> <span class='ocrx_word' id='word_1_167' title='bbox 3716 1060 3767 1108; x_wconf 86' lang='grc' dir='ltr'>ει</span> <span class='ocrx_word' id='word_1_168' title='bbox 3808 1058 3875 1109; x_wconf 75' lang='grc' dir='ltr'><strong>δὲ</strong></span> <span class='ocrx_word' id='word_1_169' title='bbox 3929 1074 4032 1109; x_wconf 80' lang='grc' dir='ltr'>πο-</span> 
     </span>
    </p>
   </div>
   <div class='ocr_carea' id='block_1_26' title="bbox 2466 1122 4035 1218">
    <p class='ocr_par' dir='ltr' id='par_1_26' title="bbox 2466 1122 4035 1218">
     <span class='ocr_line' id='line_1_26' title="bbox 2466 1122 4035 1218; baseline 0.005 -25"><span class='ocrx_word' id='word_1_170' title='bbox 2466 1122 2683 1209; x_wconf 59' lang='grc' dir='ltr'>λέμιοιξ</span> <span class='ocrx_word' id='word_1_171' title='bbox 2724 1143 3033 1209; x_wconf 76' lang='grc' dir='ltr'><strong>παντελῶς</strong></span> <span class='ocrx_word' id='word_1_172' title='bbox 3054 1145 3266 1211; x_wconf 75' lang='grc' dir='ltr'>ὀλίγοι.</span> <span class='ocrx_word' id='word_1_173' title='bbox 3300 1148 3410 1199; x_wconf 78' lang='grc' dir='ltr'><strong>Καὶ</strong></span> <span class='ocrx_word' id='word_1_174' title='bbox 3435 1148 3603 1199; x_wconf 82' lang='grc' dir='ltr'>ταῦτα</span> <span class='ocrx_word' id='word_1_175' title='bbox 3631 1149 3797 1199; x_wconf 72' lang='grc' dir='ltr'>εἰπὼν</span> <span class='ocrx_word' id='word_1_176' title='bbox 3837 1151 4035 1218; x_wconf 79' lang='grc' dir='ltr'>ἐστρα-</span> 
     </span>
    </p>
   </div>
   <div class='ocr_carea' id='block_1_27' title="bbox 2467 1235 4035 1311">
    <p class='ocr_par' dir='ltr' id='par_1_27' title="bbox 2467 1235 4035 1311">
     <span class='ocr_line' id='line_1_27' title="bbox 2467 1235 4035 1311; baseline 0.005 -26"><span class='ocrx_word' id='word_1_177' title='bbox 2467 1235 2805 1287; x_wconf 83' lang='grc' dir='ltr'>τοπεδεύετο.</span> <span class='ocrx_word' id='word_1_178' title='bbox 2839 1236 3139 1299; x_wconf 79' lang='grc' dir='ltr'><strong>Λεύκολλος</strong></span> <span class='ocrx_word' id='word_1_179' title='bbox 3167 1238 3224 1289; x_wconf 80' lang='grc' dir='ltr'>δὲ</span> <span class='ocrx_word' id='word_1_180' title='bbox 3281 1240 3444 1311; x_wconf 84' lang='grc' dir='ltr'>τέχνῃ</span> <span class='ocrx_word' id='word_1_181' title='bbox 3501 1241 3594 1291; x_wconf 76' lang='grc' dir='ltr'>καὶ</span> <span class='ocrx_word' id='word_1_182' title='bbox 3644 1241 3841 1310; x_wconf 80' lang='grc' dir='ltr'><strong>μελέτῃ</strong></span> <span class='ocrx_word' id='word_1_183' title='bbox 3898 1244 4035 1309; x_wconf 81' lang='grc' dir='ltr'>πρὸς</span> 
     </span>
    </p>
   </div>
   <div class='ocr_carea' id='block_1_28' title="bbox 2466 1326 4034 1402">
    <p class='ocr_par' dir='ltr' id='par_1_28' title="bbox 2466 1326 4034 1402">
     <span class='ocr_line' id='line_1_28' title="bbox 2466 1326 4034 1402; baseline 0.005 -25"><span class='ocrx_word' id='word_1_184' title='bbox 2466 1326 2561 1394; x_wconf 82' lang='grc' dir='ltr'>τὴν</span> <span class='ocrx_word' id='word_1_185' title='bbox 2598 1328 2777 1395; x_wconf 82' lang='grc' dir='ltr'>μάχην</span> <span class='ocrx_word' id='word_1_186' title='bbox 2820 1330 3289 1398; x_wconf 73' lang='grc' dir='ltr'><strong>παραταξάμενος,</strong></span> <span class='ocrx_word' id='word_1_187' title='bbox 3321 1332 3414 1383; x_wconf 77' lang='grc' dir='ltr'>καὶ</span> <span class='ocrx_word' id='word_1_188' title='bbox 3458 1332 3729 1402; x_wconf 66' lang='grc' dir='ltr'>θαρρύνας</span> <span class='ocrx_word' id='word_1_189' title='bbox 3770 1338 3899 1397; x_wconf 87' lang='grc' dir='ltr'>τοὺς</span> <span class='ocrx_word' id='word_1_190' title='bbox 3940 1337 4034 1387; x_wconf 79' lang='grc' dir='ltr'>ὑπ’</span> 
     </span>
    </p>
   </div>
   <div class='ocr_carea' id='block_1_29' title="bbox 2468 1419 4035 1494">
    <p class='ocr_par' dir='ltr' id='par_1_29' title="bbox 2468 1419 4035 1494">
     <span class='ocr_line' id='line_1_29' title="bbox 2468 1419 4035 1494; baseline 0.004 -25"><span class='ocrx_word' id='word_1_191' title='bbox 2468 1419 2649 1479; x_wconf 83' lang='grc' dir='ltr'>αὑτὸν,</span> <span class='ocrx_word' id='word_1_192' title='bbox 2684 1420 2875 1486; x_wconf 81' lang='grc' dir='ltr'>τρέπει</span> <span class='ocrx_word' id='word_1_193' title='bbox 2899 1438 2956 1472; x_wconf 84' lang='grc' dir='ltr'><strong>τε</strong></span> <span class='ocrx_word' id='word_1_194' title='bbox 2984 1422 3041 1472; x_wconf 84' lang='grc' dir='ltr'><strong>τὸ</strong></span> <span class='ocrx_word' id='word_1_195' title='bbox 3067 1421 3237 1486; x_wconf 79' lang='grc' dir='ltr'>δεξιὸν</span> <span class='ocrx_word' id='word_1_196' title='bbox 3284 1424 3445 1486; x_wconf 71' lang='grc' dir='ltr'>εὐθὺς</span> <span class='ocrx_word' id='word_1_197' title='bbox 3486 1425 3671 1491; x_wconf 84' lang='grc' dir='ltr'>κέρας,</span> <span class='ocrx_word' id='word_1_198' title='bbox 3706 1421 3825 1478; x_wconf 75' lang='grc' dir='ltr'>εἶτα</span> <span class='ocrx_word' id='word_1_199' title='bbox 3858 1427 4035 1494; x_wconf 78' lang='grc' dir='ltr'>τούτῳ</span> 
     </span>
    </p>
   </div>
   <div class='ocr_carea' id='block_1_30' title="bbox 2471 1508 4036 1581">
    <p class='ocr_par' dir='ltr' id='par_1_30' title="bbox 2471 1508 4036 1581">
     <span class='ocr_line' id='line_1_30' title="bbox 2471 1508 4036 1581; baseline 0.003 -20"><span class='ocrx_word' id='word_1_200' title='bbox 2471 1508 2830 1561; x_wconf 83' lang='grc' dir='ltr'>συναπέκλινε</span> <span class='ocrx_word' id='word_1_201' title='bbox 2850 1510 2909 1562; x_wconf 85' lang='grc' dir='ltr'><strong>τὸ</strong></span> <span class='ocrx_word' id='word_1_202' title='bbox 2937 1511 3185 1579; x_wconf 83' lang='grc' dir='ltr'>πλησίον,</span> <span class='ocrx_word' id='word_1_203' title='bbox 3232 1512 3356 1581; x_wconf 77' lang='grc' dir='ltr'>ἑξῆς</span> <span class='ocrx_word' id='word_1_204' title='bbox 3409 1513 3466 1565; x_wconf 84' lang='grc' dir='ltr'><strong>δὲ</strong></span> <span class='ocrx_word' id='word_1_205' title='bbox 3524 1514 3858 1580; x_wconf 78' lang='grc' dir='ltr'>σύμπαντες.</span> <span class='ocrx_word' id='word_1_206' title='bbox 3926 1518 4036 1567; x_wconf 68' lang='grc' dir='ltr'>Καὶ</span> 
     </span>
    </p>
   </div>
   <div class='ocr_carea' id='block_1_31' title="bbox 2467 1598 4033 1669">
    <p class='ocr_par' dir='ltr' id='par_1_31' title="bbox 2467 1598 4033 1669">
     <span class='ocr_line' id='line_1_31' title="bbox 2467 1598 4033 1669; baseline 0.002 -20"><span class='ocrx_word' id='word_1_207' title='bbox 2467 1598 2612 1667; x_wconf 86' lang='grc' dir='ltr'>δεινή</span> <span class='ocrx_word' id='word_1_208' title='bbox 2648 1614 2731 1659; x_wconf 86' lang='grc' dir='ltr'><strong>τις</strong></span> <span class='ocrx_word' id='word_1_209' title='bbox 2760 1598 2855 1648; x_wconf 75' lang='grc' dir='ltr'>καὶ</span> <span class='ocrx_word' id='word_1_210' title='bbox 2890 1600 3243 1669; x_wconf 82' lang='grc' dir='ltr'>ἀνεπίσχετος</span> <span class='ocrx_word' id='word_1_211' title='bbox 3292 1603 3406 1662; x_wconf 83' lang='grc' dir='ltr'>τοῖς</span> <span class='ocrx_word' id='word_1_212' title='bbox 3478 1600 3779 1669; x_wconf 80' lang='grc' dir='ltr'>Ἀρμενίοις</span> <span class='ocrx_word' id='word_1_213' title='bbox 3831 1604 4033 1669; x_wconf 69' lang='grc' dir='ltr'>ἐπέσχε</span> 
     </span>
    </p>
   </div>
   <div class='ocr_carea' id='block_1_32' title="bbox 2469 1690 4036 1761">
    <p class='ocr_par' dir='ltr' id='par_1_32' title="bbox 2469 1690 4036 1761">
     <span class='ocr_line' id='line_1_32' title="bbox 2469 1690 4036 1761; baseline 0.002 -21"><span class='ocrx_word' id='word_1_214' title='bbox 2469 1690 2667 1758; x_wconf 78' lang='grc' dir='ltr'>τροπὴ,</span> <span class='ocrx_word' id='word_1_215' title='bbox 2727 1691 2823 1743; x_wconf 74' lang='grc' dir='ltr'><strong>καὶ</strong></span> <span class='ocrx_word' id='word_1_216' title='bbox 2867 1692 3008 1744; x_wconf 85' lang='grc' dir='ltr'>κατά</span> <span class='ocrx_word' id='word_1_217' title='bbox 3047 1691 3203 1758; x_wconf 85' lang='grc' dir='ltr'>λόγον</span> <span class='ocrx_word' id='word_1_218' title='bbox 3249 1693 3283 1761; x_wconf 75' lang='grc' dir='ltr'>ἡ</span> <span class='ocrx_word' id='word_1_219' title='bbox 3334 1691 3445 1744; x_wconf 84' lang='grc' dir='ltr'><strong>τῶν</strong></span> <span class='ocrx_word' id='word_1_220' title='bbox 3496 1691 3799 1761; x_wconf 78' lang='grc' dir='ltr'>ἀνθρώπων</span> <span class='ocrx_word' id='word_1_221' title='bbox 3850 1694 4036 1744; x_wconf 75' lang='grc' dir='ltr'>εἵπετο</span> 
     </span>
    </p>
   </div>
   <div class='ocr_carea' id='block_1_33' title="bbox 2474 1779 4035 1851">
    <p class='ocr_par' dir='ltr' id='par_1_33' title="bbox 2474 1779 4035 1851">
     <span class='ocr_line' id='line_1_33' title="bbox 2474 1779 4035 1851; baseline 0.002 -21"><span class='ocrx_word' id='word_1_222' title='bbox 2474 1779 2668 1849; x_wconf 84' lang='grc' dir='ltr'>φθορά.</span> <span class='ocrx_word' id='word_1_223' title='bbox 2696 1781 2972 1851; x_wconf 81' lang='grc' dir='ltr'>Τιγράνης</span> <span class='ocrx_word' id='word_1_224' title='bbox 2999 1781 3055 1833; x_wconf 81' lang='grc' dir='ltr'>δὲ</span> <span class='ocrx_word' id='word_1_225' title='bbox 3083 1782 3144 1833; x_wconf 85' lang='grc' dir='ltr'>τὸ</span> <span class='ocrx_word' id='word_1_226' title='bbox 3196 1782 3434 1851; x_wconf 88' lang='grc' dir='ltr'>διάδημα</span> <span class='ocrx_word' id='word_1_227' title='bbox 3464 1782 3558 1835; x_wconf 77' lang='grc' dir='ltr'>καὶ</span> <span class='ocrx_word' id='word_1_228' title='bbox 3616 1782 3683 1835; x_wconf 73' lang='grc' dir='ltr'><strong>τά</strong></span> <span class='ocrx_word' id='word_1_229' title='bbox 3723 1783 4035 1850; x_wconf 72' lang='grc' dir='ltr'>παράσημα</span> 
     </span>
    </p>
   </div>
   <div class='ocr_carea' id='block_1_34' title="bbox 2474 1872 4036 1943">
    <p class='ocr_par' dir='ltr' id='par_1_34' title="bbox 2474 1872 4036 1943">
     <span class='ocr_line' id='line_1_34' title="bbox 2474 1872 4036 1943; baseline 0 -20"><span class='ocrx_word' id='word_1_230' title='bbox 2474 1873 2570 1940; x_wconf 85' lang='grc' dir='ltr'>τῆς</span> <span class='ocrx_word' id='word_1_231' title='bbox 2599 1874 2771 1942; x_wconf 84' lang='grc' dir='ltr'>ἀρχῆς</span> <span class='ocrx_word' id='word_1_232' title='bbox 2798 1873 3003 1935; x_wconf 71' lang='grc' dir='ltr'>ἐπιθεὶς</span> <span class='ocrx_word' id='word_1_233' title='bbox 3033 1872 3109 1941; x_wconf 84' lang='grc' dir='ltr'>τῷ</span> <span class='ocrx_word' id='word_1_234' title='bbox 3141 1873 3291 1924; x_wconf 70' lang='grc' dir='ltr'>παιδὶ</span> <span class='ocrx_word' id='word_1_235' title='bbox 3324 1873 3457 1942; x_wconf 85' lang='grc' dir='ltr'>πρός</span> <span class='ocrx_word' id='word_1_236' title='bbox 3489 1891 3541 1925; x_wconf 90' lang='grc' dir='ltr'><strong>τι</strong></span> <span class='ocrx_word' id='word_1_237' title='bbox 3588 1874 3694 1924; x_wconf 84' lang='grc' dir='ltr'><strong>τῶν</strong></span> <span class='ocrx_word' id='word_1_238' title='bbox 3745 1874 4036 1943; x_wconf 80' lang='grc' dir='ltr'>ἐρυμάτων</span> 
     </span>
    </p>
   </div>
   <div class='ocr_carea' id='block_1_35' title="bbox 800 1963 2372 2041">
    <p class='ocr_par' dir='ltr' id='par_1_35' title="bbox 800 1971 2370 2041">
     <span class='ocr_line' id='line_1_35' title="bbox 800 1971 2370 2041; baseline 0.001 -19"><span class='ocrx_word' id='word_1_239' title='bbox 800 1985 905 2031; x_wconf 90' lang='lat' dir='ltr'><strong>tus,</strong></span> <span class='ocrx_word' id='word_1_240' title='bbox 935 1973 1136 2041; x_wconf 82' lang='lat' dir='ltr'><strong>majore</strong></span> <span class='ocrx_word' id='word_1_241' title='bbox 1159 1982 1354 2025; x_wconf 89' lang='lat' dir='ltr'><strong>conatu</strong></span> <span class='ocrx_word' id='word_1_242' title='bbox 1406 1973 1457 2025; x_wconf 88' lang='lat' dir='ltr'><strong>in</strong></span> <span class='ocrx_word' id='word_1_243' title='bbox 1508 1974 1846 2027; x_wconf 86' lang='lat' dir='ltr'><strong>obsidionem</strong></span> <span class='ocrx_word' id='word_1_244' title='bbox 1886 1974 2164 2026; x_wconf 90' lang='lat' dir='ltr'><strong>incumbit.</strong></span> <span class='ocrx_word' id='word_1_245' title='bbox 2236 1971 2370 2025; x_wconf 88' lang='lat' dir='ltr'><strong>Tum</strong></span> 
     </span>
    </p>
   </div>
   <div class='ocr_carea' id='block_1_36' title="bbox 2489 1963 4037 2041">
    <p class='ocr_par' dir='ltr' id='par_1_36' title="bbox 2489 1964 4037 2033">
     <span class='ocr_line' id='line_1_36' title="bbox 2489 1964 4037 2033; baseline 0.001 -18"><span class='ocrx_word' id='word_1_246' title='bbox 2489 1965 2773 2031; x_wconf 72' lang='grc' dir='ltr'>ῑιαφεύγει.</span> <span class='ocrx_word' id='word_1_247' title='bbox 2817 1964 2874 2017; x_wconf 85' lang='grc'>’0</span> <span class='ocrx_word' id='word_1_248' title='bbox 2920 1965 2977 2016; x_wconf 78' lang='grc' dir='ltr'><strong>δέ</strong></span> <span class='ocrx_word' id='word_1_249' title='bbox 3010 1964 3309 2027; x_wconf 82' lang='grc' dir='ltr'>Λεύκολλος</span> <span class='ocrx_word' id='word_1_250' title='bbox 3359 1966 3449 2016; x_wconf 76' lang='grc' dir='ltr'><strong>ἐπὶ</strong></span> <span class='ocrx_word' id='word_1_251' title='bbox 3499 1964 3567 2016; x_wconf 80' lang='grc' dir='ltr'><strong>τά</strong></span> <span class='ocrx_word' id='word_1_252' title='bbox 3620 1964 4037 2033; x_wconf 78' lang='grc' dir='ltr'>Τιγρανόκερτα</span> 
     </span>
    </p>
   </div>
   <div class='ocr_carea' id='block_1_37' title="bbox 801 2063 2368 2131">
    <p class='ocr_par' dir='ltr' id='par_1_37' title="bbox 801 2063 2368 2131">
     <span class='ocr_line' id='line_1_37' title="bbox 801 2063 2368 2131; baseline 0 -16"><span class='ocrx_word' id='word_1_253' title='bbox 801 2063 1123 2116; x_wconf 79' lang='lat' dir='ltr'><strong>Mithridatis</strong></span> <span class='ocrx_word' id='word_1_254' title='bbox 1156 2064 1207 2115; x_wconf 90' lang='lat' dir='ltr'><strong>in</strong></span> <span class='ocrx_word' id='word_1_255' title='bbox 1243 2064 1374 2116; x_wconf 80' lang='lat' dir='ltr'><strong>lll‘lle</strong></span> <span class='ocrx_word' id='word_1_256' title='bbox 1408 2065 1583 2131; x_wconf 82' lang='lat' dir='ltr'><strong>legati,</strong></span> <span class='ocrx_word' id='word_1_257' title='bbox 1616 2066 1893 2131; x_wconf 87' lang='lat' dir='ltr'><strong>desperata</strong></span> <span class='ocrx_word' id='word_1_258' title='bbox 1924 2079 2103 2118; x_wconf 88' lang='lat' dir='ltr'><strong>rerum</strong></span> <span class='ocrx_word' id='word_1_259' title='bbox 2134 2078 2368 2127; x_wconf 89' lang='lat' dir='ltr'><strong>summa,</strong></span> 
     </span>
    </p>
   </div>
   <div class='ocr_carea' id='block_1_38' title="bbox 801 2153 1868 2224">
    <p class='ocr_par' dir='ltr' id='par_1_38' title="bbox 801 2153 1868 2224">
     <span class='ocr_line' id='line_1_38' title="bbox 801 2153 1868 2224; baseline 0.003 -19"><span class='ocrx_word' id='word_1_260' title='bbox 801 2153 1018 2208; x_wconf 84' lang='lat' dir='ltr'><strong>Lucullo</strong></span> <span class='ocrx_word' id='word_1_261' title='bbox 1048 2170 1105 2208; x_wconf 88' lang='lat' dir='ltr'><strong>se</strong></span> <span class='ocrx_word' id='word_1_262' title='bbox 1130 2154 1401 2216; x_wconf 86' lang='lat' dir='ltr'><strong>dedidere,</strong></span> <span class='ocrx_word' id='word_1_263' title='bbox 1436 2155 1662 2207; x_wconf 91' lang='lat' dir='ltr'><strong>salutem</strong></span> <span class='ocrx_word' id='word_1_264' title='bbox 1705 2154 1868 2224; x_wconf 84' lang='lat' dir='ltr'><strong>pacti.</strong></span> 
     </span>
    </p>
   </div>
   <div class='ocr_carea' id='block_1_39' title="bbox 2469 2054 4039 2126">
    <p class='ocr_par' dir='ltr' id='par_1_39' title="bbox 2469 2054 4039 2126">
     <span class='ocr_line' id='line_1_39' title="bbox 2469 2054 4039 2126; baseline -0.003 -17"><span class='ocrx_word' id='word_1_265' title='bbox 2469 2057 2817 2125; x_wconf 74' lang='grc' dir='ltr'>ἀναστρέψας</span> <span class='ocrx_word' id='word_1_266' title='bbox 2871 2055 3282 2126; x_wconf 82' lang='grc' dir='ltr'>προθυμότερον</span> <span class='ocrx_word' id='word_1_267' title='bbox 3334 2056 3659 2124; x_wconf 82' lang='grc' dir='ltr'>ἐπολιόρκει.</span> <span class='ocrx_word' id='word_1_268' title='bbox 3688 2057 3749 2106; x_wconf 85' lang='grc' dir='ltr'><strong>υἱ</strong></span> <span class='ocrx_word' id='word_1_269' title='bbox 3796 2054 3853 2107; x_wconf 75' lang='grc' dir='ltr'>δὲ</span> <span class='ocrx_word' id='word_1_270' title='bbox 3896 2057 4039 2105; x_wconf 78' lang='grc' dir='ltr'>κατα</span> 
     </span>
    </p>
   </div>
   <div class='ocr_carea' id='block_1_40' title="bbox 2467 2147 4040 2219">
    <p class='ocr_par' dir='ltr' id='par_1_40' title="bbox 2467 2147 4040 2219">
     <span class='ocr_line' id='line_1_40' title="bbox 2467 2147 4040 2219; baseline -0.003 -18"><span class='ocrx_word' id='word_1_271' title='bbox 2467 2151 2565 2219; x_wconf 78' lang='grc' dir='ltr'><strong>τὴν</strong></span> <span class='ocrx_word' id='word_1_272' title='bbox 2611 2149 2765 2201; x_wconf 83' lang='grc' dir='ltr'>πόλιν</span> <span class='ocrx_word' id='word_1_273' title='bbox 2826 2149 3153 2218; x_wconf 72' lang='grc' dir='ltr'><strong>Μιθριδάτου</strong></span> <span class='ocrx_word' id='word_1_274' title='bbox 3213 2150 3545 2218; x_wconf 72' lang='grc' dir='ltr'>στρατηγοὶ,</span> <span class='ocrx_word' id='word_1_275' title='bbox 3588 2147 3696 2199; x_wconf 82' lang='grc' dir='ltr'><strong>τῶν</strong></span> <span class='ocrx_word' id='word_1_276' title='bbox 3737 2148 3873 2199; x_wconf 83' lang='grc' dir='ltr'>ὅλων</span> <span class='ocrx_word' id='word_1_277' title='bbox 3932 2150 4040 2199; x_wconf 78' lang='grc' dir='ltr'>ἁττ-</span> 
     </span>
    </p>
   </div>
   <div class='ocr_carea' id='block_1_41' title="bbox 2469 2238 4037 2311">
    <p class='ocr_par' dir='ltr' id='par_1_41' title="bbox 2469 2238 4037 2311">
     <span class='ocr_line' id='line_1_41' title="bbox 2469 2238 4037 2311; baseline -0.002 -19"><span class='ocrx_word' id='word_1_278' title='bbox 2469 2242 2789 2306; x_wconf 80' lang='grc' dir='ltr'>εγνωκότες,</span> <span class='ocrx_word' id='word_1_279' title='bbox 2810 2241 2901 2293; x_wconf 78' lang='grc' dir='ltr'><strong>ἐπὶ</strong></span> <span class='ocrx_word' id='word_1_280' title='bbox 2924 2242 2990 2310; x_wconf 78' lang='grc' dir='ltr'>τῇ</span> <span class='ocrx_word' id='word_1_281' title='bbox 3026 2240 3264 2311; x_wconf 80' lang='grc' dir='ltr'>σφετέρᾳ</span> <span class='ocrx_word' id='word_1_282' title='bbox 3295 2240 3539 2311; x_wconf 78' lang='grc' dir='ltr'>σωτηρίᾳ</span> <span class='ocrx_word' id='word_1_283' title='bbox 3585 2238 3867 2307; x_wconf 79' lang='grc' dir='ltr'>Λευκόλλῳ</span> <span class='ocrx_word' id='word_1_284' title='bbox 3891 2256 3965 2290; x_wconf 84' lang='grc' dir='ltr'><strong>πα</strong></span> <span class='ocrx_word' id='word_1_285' title='bbox 3974 2263 4037 2305; x_wconf 74' lang='grc' dir='ltr'>ρ-</span> 
     </span>
    </p>
   </div>
   <div class='ocr_carea' id='block_1_42' title="bbox 2470 2331 2991 2401">
    <p class='ocr_par' dir='ltr' id='par_1_42' title="bbox 2470 2331 2991 2401">
     <span class='ocr_line' id='line_1_42' title="bbox 2470 2331 2991 2401; baseline 0.002 -19"><span class='ocrx_word' id='word_1_286' title='bbox 2470 2331 2657 2383; x_wconf 84' lang='grc' dir='ltr'>έδοσαν</span> <span class='ocrx_word' id='word_1_287' title='bbox 2686 2332 2783 2401; x_wconf 85' lang='grc' dir='ltr'><strong>τὴν</strong></span> <span class='ocrx_word' id='word_1_288' title='bbox 2818 2331 2991 2383; x_wconf 85' lang='grc' dir='ltr'>πόλιν.</span> 
     </span>
    </p>
   </div>
   <div class='ocr_carea' id='block_1_43' title="bbox 1294 2442 3574 2515">
    <p class='ocr_par' dir='ltr' id='par_1_43' title="bbox 1294 2442 3574 2515">
     <span class='ocr_line' id='line_1_43' title="bbox 1294 2442 3574 2515; baseline 0.001 -18"><span class='ocrx_word' id='word_1_289' title='bbox 1294 2443 1420 2498; x_wconf 80' lang='lat' dir='ltr'><strong>CAP.</strong></span> <span class='ocrx_word' id='word_1_290' title='bbox 1460 2443 1572 2499; x_wconf 78' lang='lat' dir='ltr'><strong>LX.</strong></span> <span class='ocrx_word' id='word_1_291' title='bbox 1597 2475 1667 2485; x_wconf 89' lang='lat'><strong><em>—</em></strong></span> <span class='ocrx_word' id='word_1_292' title='bbox 1692 2442 1933 2512; x_wconf 72' lang='lat' dir='ltr'><strong>Tigrani:</strong></span> <span class='ocrx_word' id='word_1_293' title='bbox 1968 2460 2084 2495; x_wconf 87' lang='lat' dir='ltr'><strong>cum</strong></span> <span class='ocrx_word' id='word_1_294' title='bbox 2118 2442 2394 2497; x_wconf 73' lang='lat' dir='ltr'><strong>Mithidate</strong></span> <span class='ocrx_word' id='word_1_295' title='bbox 2420 2457 2557 2511; x_wconf 86' lang='lat' dir='ltr'><strong>acta,</strong></span> <span class='ocrx_word' id='word_1_296' title='bbox 2607 2457 2654 2498; x_wconf 84' lang='lat' dir='ltr'><strong>et</strong></span> <span class='ocrx_word' id='word_1_297' title='bbox 2682 2446 2873 2515; x_wconf 81' lang='lat' dir='ltr'><strong>legatio</strong></span> <span class='ocrx_word' id='word_1_298' title='bbox 2921 2448 2988 2498; x_wconf 78' lang='lat' dir='ltr'><strong>art</strong></span> <span class='ocrx_word' id='word_1_299' title='bbox 3042 2462 3208 2515; x_wconf 79' lang='lat' dir='ltr'><strong>regem</strong></span> <span class='ocrx_word' id='word_1_300' title='bbox 3242 2446 3574 2499; x_wconf 84' lang='lat' dir='ltr'><strong>Parthorum.</strong></span> 
     </span>
    </p>
   </div>
   <div class='ocr_carea' id='block_1_44' title="bbox 872 2557 2381 2627">
    <p class='ocr_par' dir='ltr' id='par_1_44' title="bbox 872 2557 2381 2627">
     <span class='ocr_line' id='line_1_44' title="bbox 872 2557 2381 2627; baseline -0.002 -15"><span class='ocrx_word' id='word_1_301' title='bbox 872 2560 1204 2613; x_wconf 84' lang='lat' dir='ltr'><strong>Mithridates</strong></span> <span class='ocrx_word' id='word_1_302' title='bbox 1248 2571 1425 2611; x_wconf 85' lang='lat' dir='ltr'><strong>autem</strong></span> <span class='ocrx_word' id='word_1_303' title='bbox 1465 2559 1528 2610; x_wconf 89' lang='lat' dir='ltr'><strong>ad</strong></span> <span class='ocrx_word' id='word_1_304' title='bbox 1562 2557 1851 2627; x_wconf 88' lang='lat' dir='ltr'><strong>Tigranem</strong></span> <span class='ocrx_word' id='word_1_305' title='bbox 1906 2572 2179 2618; x_wconf 74' lang='lat' dir='ltr'><strong>reversus,</strong></span> <span class='ocrx_word' id='word_1_306' title='bbox 2241 2557 2381 2610; x_wconf 87' lang='lat' dir='ltr'><strong>fidu-</strong></span> 
     </span>
    </p>
   </div>
   <div class='ocr_carea' id='block_1_45' title="bbox 804 2651 2378 2717">
    <p class='ocr_par' dir='ltr' id='par_1_45' title="bbox 804 2651 2378 2717">
     <span class='ocr_line' id='line_1_45' title="bbox 804 2651 2378 2717; baseline -0.003 -14"><span class='ocrx_word' id='word_1_307' title='bbox 804 2654 941 2704; x_wconf 80' lang='lat' dir='ltr'><strong>riam</strong></span> <span class='ocrx_word' id='word_1_308' title='bbox 979 2653 1026 2704; x_wconf 89' lang='lat' dir='ltr'><strong>ei</strong></span> <span class='ocrx_word' id='word_1_309' title='bbox 1090 2652 1258 2713; x_wconf 86' lang='lat' dir='ltr'><strong>addit,</strong></span> <span class='ocrx_word' id='word_1_310' title='bbox 1310 2661 1363 2702; x_wconf 90' lang='lat' dir='ltr'><strong>et</strong></span> <span class='ocrx_word' id='word_1_311' title='bbox 1403 2658 1644 2702; x_wconf 86' lang='lat' dir='ltr'><strong>ornatqu</strong></span> <span class='ocrx_word' id='word_1_312' title='bbox 1709 2651 1932 2717; x_wconf 88' lang='lat' dir='ltr'><strong>regimu,</strong></span> <span class='ocrx_word' id='word_1_313' title='bbox 1995 2661 2210 2703; x_wconf 87' lang='lat' dir='ltr'><strong>assueto</strong></span> <span class='ocrx_word' id='word_1_314' title='bbox 2274 2668 2378 2705; x_wconf 82' lang='lat' dir='ltr'><strong>non</strong></span> 
     </span>
    </p>
   </div>
   <div class='ocr_carea' id='block_1_46' title="bbox 806 2740 2381 2811">
    <p class='ocr_par' dir='ltr' id='par_1_46' title="bbox 806 2740 2381 2811">
     <span class='ocr_line' id='line_1_46' title="bbox 806 2740 2381 2811; baseline 0.001 -19"><span class='ocrx_word' id='word_1_315' title='bbox 806 2745 1066 2804; x_wconf 82' lang='lat' dir='ltr'><strong>viliorem,</strong></span> <span class='ocrx_word' id='word_1_316' title='bbox 1094 2744 1417 2795; x_wconf 88' lang='lat' dir='ltr'><strong>circumdat.</strong></span> <span class='ocrx_word' id='word_1_317' title='bbox 1447 2740 1732 2794; x_wconf 69' lang='lat' dir='ltr'><strong>Exercitus</strong></span> <span class='ocrx_word' id='word_1_318' title='bbox 1757 2743 1921 2793; x_wconf 90' lang='lat' dir='ltr'><strong>etiam</strong></span> <span class='ocrx_word' id='word_1_319' title='bbox 1948 2742 2229 2811; x_wconf 80' lang='lat' dir='ltr'><strong>colligendi</strong></span> <span class='ocrx_word' id='word_1_320' title='bbox 2259 2758 2381 2811; x_wconf 89' lang='lat' dir='ltr'><strong>pro-</strong></span> 
     </span>
    </p>
   </div>
   <div class='ocr_carea' id='block_1_47' title="bbox 806 2833 2377 2900">
    <p class='ocr_par' dir='ltr' id='par_1_47' title="bbox 806 2833 2377 2900">
     <span class='ocr_line' id='line_1_47' title="bbox 806 2833 2377 2900; baseline -0.002 -14"><span class='ocrx_word' id='word_1_321' title='bbox 806 2834 953 2900; x_wconf 75' lang='lat' dir='ltr'><strong>ponit</strong></span> <span class='ocrx_word' id='word_1_322' title='bbox 979 2834 1260 2887; x_wconf 91' lang='lat' dir='ltr'><strong>consilium</strong></span> <span class='ocrx_word' id='word_1_323' title='bbox 1306 2833 1446 2899; x_wconf 92' lang='lat' dir='ltr'><strong>(cum</strong></span> <span class='ocrx_word' id='word_1_324' title='bbox 1479 2841 1531 2883; x_wconf 83' lang='lat' dir='ltr'><strong>et</strong></span> <span class='ocrx_word' id='word_1_325' title='bbox 1571 2834 1684 2900; x_wconf 86' lang='lat' dir='ltr'><strong>ipse</strong></span> <span class='ocrx_word' id='word_1_326' title='bbox 1734 2848 1951 2885; x_wconf 86' lang='lat' dir='ltr'><strong>manum</strong></span> <span class='ocrx_word' id='word_1_327' title='bbox 1984 2848 2086 2885; x_wconf 88' lang='lat' dir='ltr'><strong>non</strong></span> <span class='ocrx_word' id='word_1_328' title='bbox 2132 2844 2377 2886; x_wconf 87' lang='lat' dir='ltr'><strong>contem-</strong></span> 
     </span>
    </p>
   </div>
   <div class='ocr_carea' id='block_1_48' title="bbox 807 2921 2376 2992">
    <p class='ocr_par' dir='ltr' id='par_1_48' title="bbox 807 2921 2376 2992">
     <span class='ocr_line' id='line_1_48' title="bbox 807 2921 2376 2992; baseline -0.003 -15"><span class='ocrx_word' id='word_1_329' title='bbox 807 2926 1033 2977; x_wconf 87' lang='lat' dir='ltr'><strong>ueudam</strong></span> <span class='ocrx_word' id='word_1_330' title='bbox 1061 2924 1322 2986; x_wconf 78' lang='lat' dir='ltr'><strong>haberet),</strong></span> <span class='ocrx_word' id='word_1_331' title='bbox 1350 2930 1403 2974; x_wconf 90' lang='lat' dir='ltr'><strong>ut</strong></span> <span class='ocrx_word' id='word_1_332' title='bbox 1436 2922 1671 2974; x_wconf 77' lang='lat' dir='ltr'><strong>victoriae</strong></span> <span class='ocrx_word' id='word_1_333' title='bbox 1702 2922 1896 2974; x_wconf 85' lang='lat' dir='ltr'><strong>damna</strong></span> <span class='ocrx_word' id='word_1_334' title='bbox 1925 2921 2062 2975; x_wconf 89' lang='lat' dir='ltr'><strong>bello</strong></span> <span class='ocrx_word' id='word_1_335' title='bbox 2094 2939 2376 2992; x_wconf 88' lang='lat' dir='ltr'><strong>recupera-</strong></span> 
     </span>
    </p>
   </div>
   <div class='ocr_carea' id='block_1_49' title="bbox 810 3012 2360 3081">
    <p class='ocr_par' dir='ltr' id='par_1_49' title="bbox 810 3012 2360 3081">
     <span class='ocr_line' id='line_1_49' title="bbox 810 3012 2360 3081; baseline -0.001 -12"><span class='ocrx_word' id='word_1_336' title='bbox 810 3027 945 3069; x_wconf 73' lang='lat' dir='ltr'><strong>turo.</strong></span> <span class='ocrx_word' id='word_1_337' title='bbox 992 3015 1185 3067; x_wconf 75' lang='lat' dir='ltr'><strong>Verum</strong></span> <span class='ocrx_word' id='word_1_338' title='bbox 1213 3014 1299 3065; x_wconf 90' lang='lat' dir='ltr'><strong>hic</strong></span> <span class='ocrx_word' id='word_1_339' title='bbox 1330 3013 1452 3063; x_wconf 92' lang='lat' dir='ltr'><strong>dum</strong></span> <span class='ocrx_word' id='word_1_340' title='bbox 1480 3012 1598 3079; x_wconf 84' lang='lat' dir='ltr'><strong>plus</strong></span> <span class='ocrx_word' id='word_1_341' title='bbox 1630 3013 1846 3064; x_wconf 86' lang='lat' dir='ltr'><strong>virtutis</strong></span> <span class='ocrx_word' id='word_1_342' title='bbox 1880 3024 1933 3066; x_wconf 89' lang='lat' dir='ltr'><strong>et</strong></span> <span class='ocrx_word' id='word_1_343' title='bbox 1962 3014 2257 3081; x_wconf 69' lang='lat' dir='ltr'><strong>prudentiae</strong></span> <span class='ocrx_word' id='word_1_344' title='bbox 2290 3016 2360 3067; x_wconf 91' lang='lat' dir='ltr'><strong>illi</strong></span> 
     </span>
    </p>
   </div>
   <div class='ocr_carea' id='block_1_50' title="bbox 811 3103 2379 3173">
    <p class='ocr_par' dir='ltr' id='par_1_50' title="bbox 811 3103 2379 3173">
     <span class='ocr_line' id='line_1_50' title="bbox 811 3103 2379 3173; baseline -0.003 -12"><span class='ocrx_word' id='word_1_345' title='bbox 811 3107 1020 3168; x_wconf 74' lang='lat' dir='ltr'><strong>tribuit,</strong></span> <span class='ocrx_word' id='word_1_346' title='bbox 1052 3118 1105 3159; x_wconf 88' lang='lat' dir='ltr'><strong>et</strong></span> <span class='ocrx_word' id='word_1_347' title='bbox 1134 3109 1303 3173; x_wconf 82' lang='lat' dir='ltr'><strong>magis</strong></span> <span class='ocrx_word' id='word_1_348' title='bbox 1330 3103 1692 3155; x_wconf 82' lang='lat' dir='ltr'><strong>Romanorum</strong></span> <span class='ocrx_word' id='word_1_349' title='bbox 1722 3104 1876 3156; x_wconf 85' lang='lat' dir='ltr'><strong>bellis</strong></span> <span class='ocrx_word' id='word_1_350' title='bbox 1936 3103 2184 3155; x_wconf 86' lang='lat' dir='ltr'><strong>idonequ</strong></span> <span class='ocrx_word' id='word_1_351' title='bbox 2231 3105 2379 3156; x_wconf 88' lang='lat' dir='ltr'><strong>arbi-</strong></span> 
     </span>
    </p>
   </div>
   <div class='ocr_carea' id='block_1_51' title="bbox 810 3195 2377 3264">
    <p class='ocr_par' dir='ltr' id='par_1_51' title="bbox 810 3195 2377 3264">
     <span class='ocr_line' id='line_1_51' title="bbox 810 3195 2377 3264; baseline -0.001 -15"><span class='ocrx_word' id='word_1_352' title='bbox 810 3211 1003 3263; x_wconf 86' lang='lat' dir='ltr'><strong>tratur,</strong></span> <span class='ocrx_word' id='word_1_353' title='bbox 1049 3197 1228 3251; x_wconf 89' lang='lat' dir='ltr'><strong>omnia</strong></span> <span class='ocrx_word' id='word_1_354' title='bbox 1290 3196 1581 3247; x_wconf 82' lang='lat' dir='ltr'><strong>Mithridati</strong></span> <span class='ocrx_word' id='word_1_355' title='bbox 1646 3195 1928 3264; x_wconf 87' lang='lat' dir='ltr'><strong>permittit.</strong></span> <span class='ocrx_word' id='word_1_356' title='bbox 1990 3196 2104 3262; x_wconf 89' lang='lat' dir='ltr'><strong>Ipse</strong></span> <span class='ocrx_word' id='word_1_357' title='bbox 2164 3195 2377 3248; x_wconf 87' lang='lat' dir='ltr'><strong>interim</strong></span> 
     </span>
    </p>
   </div>
   <div class='ocr_carea' id='block_1_52' title="bbox 811 3283 2378 3358">
    <p class='ocr_par' dir='ltr' id='par_1_52' title="bbox 811 3283 2378 3358">
     <span class='ocr_line' id='line_1_52' title="bbox 811 3283 2378 3358; baseline -0.004 -15"><span class='ocrx_word' id='word_1_358' title='bbox 811 3291 1071 3358; x_wconf 76' lang='lat' dir='ltr'><strong>legatione</strong></span> <span class='ocrx_word' id='word_1_359' title='bbox 1090 3290 1154 3341; x_wconf 91' lang='lat' dir='ltr'><strong>ad</strong></span> <span class='ocrx_word' id='word_1_360' title='bbox 1195 3288 1516 3341; x_wconf 83' lang='lat' dir='ltr'><strong>Phradatem</strong></span> <span class='ocrx_word' id='word_1_361' title='bbox 1558 3287 1815 3340; x_wconf 77' lang='lat' dir='ltr'><strong>Parthum</strong></span> <span class='ocrx_word' id='word_1_362' title='bbox 1844 3288 2029 3350; x_wconf 74' lang='lat' dir='ltr'><strong>missa,</strong></span> <span class='ocrx_word' id='word_1_363' title='bbox 2074 3283 2378 3354; x_wconf 54' lang='lat' dir='ltr'><strong>MeSOpotaa</strong></span> 
     </span>
    </p>
   </div>
   <div class='ocr_carea' id='block_1_53' title="bbox 2562 2559 4049 2633">
    <p class='ocr_par' dir='ltr' id='par_1_53' title="bbox 2562 2559 4049 2633">
     <span class='ocr_line' id='line_1_53' title="bbox 2562 2559 4049 2633; baseline -0.001 -20"><span class='ocrx_word' id='word_1_364' title='bbox 2562 2561 2619 2613; x_wconf 89' lang='lat'><strong>&#39;0</strong></span> <span class='ocrx_word' id='word_1_365' title='bbox 2660 2562 2842 2630; x_wconf 80' lang='grc' dir='ltr'>μέντοι</span> <span class='ocrx_word' id='word_1_366' title='bbox 2885 2563 3218 2633; x_wconf 75' lang='grc' dir='ltr'><strong>Μιθριδάτης</strong></span> <span class='ocrx_word' id='word_1_367' title='bbox 3245 2562 3380 2631; x_wconf 79' lang='grc' dir='ltr'>πρὸς</span> <span class='ocrx_word' id='word_1_368' title='bbox 3428 2559 3702 2630; x_wconf 84' lang='grc' dir='ltr'>Τιγράνην</span> <span class='ocrx_word' id='word_1_369' title='bbox 3735 2577 4049 2631; x_wconf 80' lang='grc' dir='ltr'>παραγεγο-</span> 
     </span>
    </p>
   </div>
   <div class='ocr_carea' id='block_1_54' title="bbox 2480 2651 4046 2723">
    <p class='ocr_par' dir='ltr' id='par_1_54' title="bbox 2480 2651 4046 2723">
     <span class='ocr_line' id='line_1_54' title="bbox 2480 2651 4046 2723; baseline -0.001 -20"><span class='ocrx_word' id='word_1_370' title='bbox 2480 2652 2584 2714; x_wconf 83' lang='grc' dir='ltr'>νὼς</span> <span class='ocrx_word' id='word_1_371' title='bbox 2636 2653 2976 2723; x_wconf 71' lang='grc' dir='ltr'>ἀνελάμϐανε</span> <span class='ocrx_word' id='word_1_372' title='bbox 3026 2671 3084 2705; x_wconf 90' lang='grc' dir='ltr'><strong>τε</strong></span> <span class='ocrx_word' id='word_1_373' title='bbox 3129 2653 3311 2714; x_wconf 77' lang='grc' dir='ltr'>αὑτὸν,</span> <span class='ocrx_word' id='word_1_374' title='bbox 3359 2654 3455 2704; x_wconf 80' lang='grc' dir='ltr'><strong>καὶ</strong></span> <span class='ocrx_word' id='word_1_375' title='bbox 3505 2651 3785 2721; x_wconf 78' lang='grc' dir='ltr'>βασιλικὴν</span> <span class='ocrx_word' id='word_1_376' title='bbox 3838 2652 4046 2719; x_wconf 76' lang='grc' dir='ltr'>ἐσθῆτα</span> 
     </span>
    </p>
   </div>
   <div class='ocr_carea' id='block_1_55' title="bbox 2481 2743 4048 2813">
    <p class='ocr_par' dir='ltr' id='par_1_55' title="bbox 2481 2743 4048 2813">
     <span class='ocr_line' id='line_1_55' title="bbox 2481 2743 4048 2813; baseline 0 -20"><span class='ocrx_word' id='word_1_377' title='bbox 2481 2745 2774 2811; x_wconf 81' lang='grc' dir='ltr'>περιετίθει</span> <span class='ocrx_word' id='word_1_378' title='bbox 2804 2746 2902 2813; x_wconf 80' lang='grc' dir='ltr'>τῆς</span> <span class='ocrx_word' id='word_1_379' title='bbox 2928 2746 3189 2813; x_wconf 82' lang='grc' dir='ltr'>συνήθους</span> <span class='ocrx_word' id='word_1_380' title='bbox 3211 2746 3310 2797; x_wconf 87' lang='grc' dir='ltr'><strong>οὐκ</strong></span> <span class='ocrx_word' id='word_1_381' title='bbox 3335 2744 3752 2811; x_wconf 80' lang='grc' dir='ltr'>ἐλαττουμένην,</span> <span class='ocrx_word' id='word_1_382' title='bbox 3790 2745 3883 2795; x_wconf 75' lang='grc' dir='ltr'>καὶ</span> <span class='ocrx_word' id='word_1_383' title='bbox 3915 2743 4048 2794; x_wconf 71' lang='grc' dir='ltr'>λαὸν</span> 
     </span>
    </p>
   </div>
   <div class='ocr_carea' id='block_1_56' title="bbox 2479 2834 4051 2905">
    <p class='ocr_par' dir='ltr' id='par_1_56' title="bbox 2479 2834 4051 2905">
     <span class='ocr_line' id='line_1_56' title="bbox 2479 2834 4051 2905; baseline -0.001 -19"><span class='ocrx_word' id='word_1_384' title='bbox 2479 2835 2751 2903; x_wconf 77' lang='grc' dir='ltr'>ἁθροίζειν</span> <span class='ocrx_word' id='word_1_385' title='bbox 2783 2836 3183 2897; x_wconf 80' lang='grc' dir='ltr'>συνεϐούλευεν,</span> <span class='ocrx_word' id='word_1_386' title='bbox 3216 2836 3354 2905; x_wconf 76' lang='grc' dir='ltr'>ἔχων</span> <span class='ocrx_word' id='word_1_387' title='bbox 3379 2836 3471 2887; x_wconf 73' lang='grc' dir='ltr'><strong>καὶ</strong></span> <span class='ocrx_word' id='word_1_388' title='bbox 3503 2834 3662 2896; x_wconf 76' lang='grc' dir='ltr'>αὐτὸς</span> <span class='ocrx_word' id='word_1_389' title='bbox 3691 2834 3921 2901; x_wconf 85' lang='grc' dir='ltr'>δύναμιν</span> <span class='ocrx_word' id='word_1_390' title='bbox 3946 2836 4051 2885; x_wconf 67' lang='grc' dir='ltr'><strong>οὐκ</strong></span> 
     </span>
    </p>
   </div>
   <div class='ocr_carea' id='block_1_57' title="bbox 2478 2922 4053 2997">
    <p class='ocr_par' dir='ltr' id='par_1_57' title="bbox 2478 2922 4053 2997">
     <span class='ocr_line' id='line_1_57' title="bbox 2478 2922 4053 2997; baseline -0.001 -19"><span class='ocrx_word' id='word_1_391' title='bbox 2478 2928 2687 2995; x_wconf 82' lang='grc' dir='ltr'>ὀλίγην,</span> <span class='ocrx_word' id='word_1_392' title='bbox 2735 2929 2807 2989; x_wconf 83' lang='grc' dir='ltr'>ὡς</span> <span class='ocrx_word' id='word_1_393' title='bbox 2839 2929 2998 2980; x_wconf 78' lang='grc' dir='ltr'>πάλιν</span> <span class='ocrx_word' id='word_1_394' title='bbox 3042 2929 3493 2997; x_wconf 82' lang='grc' dir='ltr'>ἀναμαχούμενον</span> <span class='ocrx_word' id='word_1_395' title='bbox 3536 2926 3633 2995; x_wconf 80' lang='grc' dir='ltr'><strong>τὴν</strong></span> <span class='ocrx_word' id='word_1_396' title='bbox 3670 2926 3843 2993; x_wconf 81' lang='grc' dir='ltr'>νίκην.</span> <span class='ocrx_word' id='word_1_397' title='bbox 3887 2922 3947 2977; x_wconf 84' lang='grc' dir='ltr'>Ὀ</span> <span class='ocrx_word' id='word_1_398' title='bbox 3995 2926 4053 2976; x_wconf 79' lang='grc' dir='ltr'>δὲ</span> 
     </span>
    </p>
   </div>
   <div class='ocr_carea' id='block_1_58' title="bbox 2479 3015 4051 3087">
    <p class='ocr_par' dir='ltr' id='par_1_58' title="bbox 2479 3015 4051 3087">
     <span class='ocr_line' id='line_1_58' title="bbox 2479 3015 4051 3087; baseline -0.004 -16"><span class='ocrx_word' id='word_1_399' title='bbox 2479 3019 2654 3071; x_wconf 75' lang='grc' dir='ltr'>πάντα</span> <span class='ocrx_word' id='word_1_400' title='bbox 2685 3016 2809 3087; x_wconf 74' lang='grc'><strong>[395</strong></span> <span class='ocrx_word' id='word_1_401' title='bbox 2843 3016 2934 3087; x_wconf 62' lang='grc' dir='ltr'>ιιι</span> <span class='ocrx_word' id='word_1_402' title='bbox 2976 3018 3050 3086; x_wconf 81' lang='grc' dir='ltr'><strong>τῷ</strong></span> <span class='ocrx_word' id='word_1_403' title='bbox 3098 3017 3406 3087; x_wconf 76' lang='grc' dir='ltr'>Μιθριδάτῃ</span> <span class='ocrx_word' id='word_1_404' title='bbox 3451 3017 3747 3087; x_wconf 77' lang='grc' dir='ltr'>ἐπέτρεπεν</span> <span class='ocrx_word' id='word_1_405' title='bbox 3772 3016 3839 3076; x_wconf 84' lang='grc'><strong>⁸⁷,</strong></span> <span class='ocrx_word' id='word_1_406' title='bbox 3888 3015 3945 3066; x_wconf 80' lang='grc' dir='ltr'><strong>ἐν</strong></span> <span class='ocrx_word' id='word_1_407' title='bbox 3992 3032 4051 3065; x_wconf 83' lang='grc' dir='ltr'><strong>τε</strong></span> 
     </span>
    </p>
   </div>
   <div class='ocr_carea' id='block_1_59' title="bbox 2477 3106 4053 3179">
    <p class='ocr_par' dir='ltr' id='par_1_59' title="bbox 2477 3106 4053 3179">
     <span class='ocr_line' id='line_1_59' title="bbox 2477 3106 4053 3179; baseline -0.003 -18"><span class='ocrx_word' id='word_1_408' title='bbox 2477 3110 2555 3177; x_wconf 82' lang='grc' dir='ltr'>τῷ</span> <span class='ocrx_word' id='word_1_409' title='bbox 2589 3112 2817 3178; x_wconf 84' lang='grc' dir='ltr'>γενναίῳ</span> <span class='ocrx_word' id='word_1_410' title='bbox 2862 3112 2954 3161; x_wconf 77' lang='grc' dir='ltr'><strong>καὶ</strong></span> <span class='ocrx_word' id='word_1_411' title='bbox 2997 3111 3201 3179; x_wconf 79' lang='grc' dir='ltr'>συνετῷ</span> <span class='ocrx_word' id='word_1_412' title='bbox 3246 3109 3306 3160; x_wconf 70' lang='grc' dir='ltr'><strong>το</strong></span> <span class='ocrx_word' id='word_1_413' title='bbox 3352 3110 3509 3161; x_wconf 78' lang='grc' dir='ltr'>πλέον</span> <span class='ocrx_word' id='word_1_414' title='bbox 3548 3109 3723 3176; x_wconf 82' lang='grc' dir='ltr'>νέμων</span> <span class='ocrx_word' id='word_1_415' title='bbox 3768 3106 3919 3172; x_wconf 79' lang='grc' dir='ltr'>αύτῷ</span> <span class='ocrx_word' id='word_1_416' title='bbox 3954 3107 4053 3157; x_wconf 80' lang='grc' dir='ltr'><strong>καὶ</strong></span> 
     </span>
    </p>
   </div>
   <div class='ocr_carea' id='block_1_60' title="bbox 2483 3198 4054 3271">
    <p class='ocr_par' dir='ltr' id='par_1_60' title="bbox 2483 3198 4054 3271">
     <span class='ocr_line' id='line_1_60' title="bbox 2483 3198 4054 3271; baseline -0.003 -18"><span class='ocrx_word' id='word_1_417' title='bbox 2483 3202 2679 3270; x_wconf 76' lang='grc' dir='ltr'>μᾶλλον</span> <span class='ocrx_word' id='word_1_418' title='bbox 2711 3203 2921 3269; x_wconf 80' lang='grc' dir='ltr'>ἀνέχειν</span> <span class='ocrx_word' id='word_1_419' title='bbox 2952 3205 3028 3263; x_wconf 82' lang='grc' dir='ltr'><strong>είς</strong></span> <span class='ocrx_word' id='word_1_420' title='bbox 3060 3203 3147 3254; x_wconf 74' lang='grc' dir='ltr'>τὸν</span> <span class='ocrx_word' id='word_1_421' title='bbox 3201 3203 3335 3271; x_wconf 81' lang='grc' dir='ltr'>πρὸς</span> <span class='ocrx_word' id='word_1_422' title='bbox 3378 3200 3678 3269; x_wconf 81' lang='grc' dir='ltr'>Ῥωμαίους</span> <span class='ocrx_word' id='word_1_423' title='bbox 3702 3199 3937 3265; x_wconf 85' lang='grc' dir='ltr'>πόλεμον</span> <span class='ocrx_word' id='word_1_424' title='bbox 3960 3198 4054 3249; x_wconf 83' lang='grc' dir='ltr'>δυ-</span> 
     </span>
    </p>
   </div>
   <div class='ocr_carea' id='block_1_61' title="bbox 2480 3289 4055 3361">
    <p class='ocr_par' dir='ltr' id='par_1_61' title="bbox 2480 3289 4055 3361">
     <span class='ocr_line' id='line_1_61' title="bbox 2480 3289 4055 3361; baseline -0.004 -17"><span class='ocrx_word' id='word_1_425' title='bbox 2480 3293 2730 3361; x_wconf 85' lang='grc' dir='ltr'>νάμενον.</span> <span class='ocrx_word' id='word_1_426' title='bbox 2764 3293 2931 3354; x_wconf 66' lang='grc' dir='ltr'>Αὐτὸς</span> <span class='ocrx_word' id='word_1_427' title='bbox 2973 3293 3030 3344; x_wconf 79' lang='grc' dir='ltr'>δὲ</span> <span class='ocrx_word' id='word_1_428' title='bbox 3078 3294 3214 3361; x_wconf 80' lang='grc' dir='ltr'>πρὸς</span> <span class='ocrx_word' id='word_1_429' title='bbox 3257 3293 3345 3343; x_wconf 85' lang='grc' dir='ltr'><strong>τὸν</strong></span> <span class='ocrx_word' id='word_1_430' title='bbox 3388 3291 3601 3361; x_wconf 78' lang='grc' dir='ltr'>Πάρθον</span> <span class='ocrx_word' id='word_1_431' title='bbox 3650 3290 3933 3359; x_wconf 81' lang='grc' dir='ltr'>Φραδάτην</span> <span class='ocrx_word' id='word_1_432' title='bbox 3976 3289 4055 3339; x_wconf 85' lang='grc' dir='ltr'>δι-</span> 
     </span>
    </p>
   </div>
   <div class='ocr_carea' id='block_1_62' title="bbox 813 3374 2372 3453">
    <p class='ocr_par' dir='ltr' id='par_1_62' title="bbox 813 3376 2372 3447">
     <span class='ocr_line' id='line_1_62' title="bbox 813 3376 2372 3447; baseline -0.003 -14"><span class='ocrx_word' id='word_1_433' title='bbox 813 3384 973 3434; x_wconf 89' lang='lat' dir='ltr'><strong>miam</strong></span> <span class='ocrx_word' id='word_1_434' title='bbox 1004 3391 1057 3434; x_wconf 89' lang='lat' dir='ltr'><strong>et</strong></span> <span class='ocrx_word' id='word_1_435' title='bbox 1087 3381 1420 3441; x_wconf 82' lang='lat' dir='ltr'><strong>Adiabeuon,</strong></span> <span class='ocrx_word' id='word_1_436' title='bbox 1472 3388 1526 3431; x_wconf 89' lang='lat' dir='ltr'><strong>et</strong></span> <span class='ocrx_word' id='word_1_437' title='bbox 1576 3394 1798 3447; x_wconf 89' lang='lat' dir='ltr'><strong>magnas</strong></span> <span class='ocrx_word' id='word_1_438' title='bbox 1845 3379 2014 3447; x_wconf 89' lang='lat' dir='ltr'><strong>(quas</strong></span> <span class='ocrx_word' id='word_1_439' title='bbox 2068 3376 2372 3445; x_wconf 78' lang='lat' dir='ltr'><strong>nominant]</strong></span> 
     </span>
    </p>
   </div>
   <div class='ocr_carea' id='block_1_63' title="bbox 2489 3374 4056 3453">
    <p class='ocr_par' dir='ltr' id='par_1_63' title="bbox 2489 3380 4056 3453">
     <span class='ocr_line' id='line_1_63' title="bbox 2489 3380 4056 3453; baseline -0.003 -18"><span class='ocrx_word' id='word_1_440' title='bbox 2489 3384 2848 3453; x_wconf 83' lang='grc' dir='ltr'>επρεσϐεύετο</span> <span class='ocrx_word' id='word_1_441' title='bbox 2894 3386 3243 3453; x_wconf 82' lang='grc' dir='ltr'>παραχωρεῖν</span> <span class='ocrx_word' id='word_1_442' title='bbox 3292 3383 3439 3451; x_wconf 80' lang='grc' dir='ltr'><strong>αὖτῴ</strong></span> <span class='ocrx_word' id='word_1_443' title='bbox 3479 3384 3576 3451; x_wconf 74' lang='grc' dir='ltr'><strong>τὴν</strong></span> <span class='ocrx_word' id='word_1_444' title='bbox 3624 3380 4056 3447; x_wconf 80' lang='grc' dir='ltr'>Μεσοποταμίαν</span> 
     </span>
    </p>
   </div>
   <div class='ocr_carea' id='block_1_64' title="bbox 813 3468 2390 3539">
    <p class='ocr_par' dir='ltr' id='par_1_64' title="bbox 813 3468 2390 3539">
     <span class='ocr_line' id='line_1_64' title="bbox 813 3468 2390 3539; baseline -0.002 -17"><span class='ocrx_word' id='word_1_445' title='bbox 813 3473 978 3524; x_wconf 79' lang='lat' dir='ltr'><strong>valles</strong></span> <span class='ocrx_word' id='word_1_446' title='bbox 1011 3472 1201 3524; x_wconf 90' lang='lat' dir='ltr'><strong>ditioui</strong></span> <span class='ocrx_word' id='word_1_447' title='bbox 1252 3486 1362 3523; x_wconf 74' lang='lat' dir='ltr'><strong>sua:</strong></span> <span class='ocrx_word' id='word_1_448' title='bbox 1396 3480 1452 3522; x_wconf 92' lang='lat' dir='ltr'><strong>ut</strong></span> <span class='ocrx_word' id='word_1_449' title='bbox 1501 3471 1780 3539; x_wconf 88' lang='lat' dir='ltr'><strong>permittat</strong></span> <span class='ocrx_word' id='word_1_450' title='bbox 1839 3471 2099 3537; x_wconf 77' lang='lat' dir='ltr'><strong>exposcit.</strong></span> <span class='ocrx_word' id='word_1_451' title='bbox 2148 3468 2390 3534; x_wconf 77' lang='lat' dir='ltr'><strong>Cumque</strong></span> 
     </span>
    </p>
   </div>
   <div class='ocr_carea' id='block_1_65' title="bbox 812 3560 2391 3629">
    <p class='ocr_par' dir='ltr' id='par_1_65' title="bbox 812 3560 2391 3629">
     <span class='ocr_line' id='line_1_65' title="bbox 812 3560 2391 3629; baseline -0.004 -11"><span class='ocrx_word' id='word_1_452' title='bbox 812 3568 971 3619; x_wconf 86' lang='lat' dir='ltr'><strong>etiam</strong></span> <span class='ocrx_word' id='word_1_453' title='bbox 1003 3564 1208 3617; x_wconf 85' lang='lat' dir='ltr'><strong>Luculli</strong></span> <span class='ocrx_word' id='word_1_454' title='bbox 1236 3564 1299 3615; x_wconf 90' lang='lat' dir='ltr'><strong>ad</strong></span> <span class='ocrx_word' id='word_1_455' title='bbox 1333 3563 1585 3616; x_wconf 77' lang='lat' dir='ltr'><strong>Parthum</strong></span> <span class='ocrx_word' id='word_1_456' title='bbox 1623 3561 1778 3629; x_wconf 86' lang='lat' dir='ltr'><strong>legati</strong></span> <span class='ocrx_word' id='word_1_457' title='bbox 1806 3561 2098 3624; x_wconf 85' lang='lat' dir='ltr'><strong>venissent,</strong></span> <span class='ocrx_word' id='word_1_458' title='bbox 2132 3560 2391 3612; x_wconf 84' lang='lat' dir='ltr'><strong>Romanis</strong></span> 
     </span>
    </p>
   </div>
   <div class='ocr_carea' id='block_1_66' title="bbox 816 3652 2387 3721">
    <p class='ocr_par' dir='ltr' id='par_1_66' title="bbox 816 3652 2387 3721">
     <span class='ocr_line' id='line_1_66' title="bbox 816 3652 2387 3721; baseline -0.003 -13"><span class='ocrx_word' id='word_1_459' title='bbox 816 3674 1055 3711; x_wconf 83' lang='lat' dir='ltr'><strong>seorsum</strong></span> <span class='ocrx_word' id='word_1_460' title='bbox 1084 3657 1317 3709; x_wconf 89' lang='lat' dir='ltr'><strong>amicum</strong></span> <span class='ocrx_word' id='word_1_461' title='bbox 1341 3664 1393 3706; x_wconf 87' lang='lat' dir='ltr'><strong>et</strong></span> <span class='ocrx_word' id='word_1_462' title='bbox 1424 3655 1626 3707; x_wconf 90' lang='lat' dir='ltr'><strong>socium</strong></span> <span class='ocrx_word' id='word_1_463' title='bbox 1678 3669 1733 3706; x_wconf 79' lang='lat' dir='ltr'><strong>Se</strong></span> <span class='ocrx_word' id='word_1_464' title='bbox 1769 3668 1888 3705; x_wconf 88' lang='lat' dir='ltr'><strong>esse</strong></span> <span class='ocrx_word' id='word_1_465' title='bbox 1935 3652 2104 3721; x_wconf 89' lang='lat' dir='ltr'><strong>fingit,</strong></span> <span class='ocrx_word' id='word_1_466' title='bbox 2144 3666 2387 3705; x_wconf 88' lang='lat' dir='ltr'><strong>seorsum</strong></span> 
     </span>
    </p>
   </div>
   <div class='ocr_carea' id='block_1_67' title="bbox 814 3744 1908 3803">
    <p class='ocr_par' dir='ltr' id='par_1_67' title="bbox 814 3744 1908 3803">
     <span class='ocr_line' id='line_1_67' title="bbox 814 3744 1908 3803; baseline -0.006 0"><span class='ocrx_word' id='word_1_467' title='bbox 814 3752 973 3803; x_wconf 86' lang='lat' dir='ltr'><strong>etiam</strong></span> <span class='ocrx_word' id='word_1_468' title='bbox 1000 3750 1187 3802; x_wconf 87' lang='lat' dir='ltr'><strong>eadem</strong></span> <span class='ocrx_word' id='word_1_469' title='bbox 1218 3748 1283 3799; x_wconf 88' lang='lat' dir='ltr'><strong>ad</strong></span> <span class='ocrx_word' id='word_1_470' title='bbox 1314 3746 1636 3797; x_wconf 85' lang='lat' dir='ltr'><strong>Armenium</strong></span> <span class='ocrx_word' id='word_1_471' title='bbox 1673 3744 1908 3797; x_wconf 88' lang='lat' dir='ltr'><strong>simulat.</strong></span> 
     </span>
    </p>
   </div>
   <div class='ocr_carea' id='block_1_68' title="bbox 2486 3470 4054 3543">
    <p class='ocr_par' dir='ltr' id='par_1_68' title="bbox 2486 3470 4054 3543">
     <span class='ocr_line' id='line_1_68' title="bbox 2486 3470 4054 3543; baseline -0.004 -16"><span class='ocrx_word' id='word_1_472' title='bbox 2486 3478 2579 3527; x_wconf 76' lang='grc' dir='ltr'><strong>καὶ</strong></span> <span class='ocrx_word' id='word_1_473' title='bbox 2623 3476 2719 3543; x_wconf 79' lang='grc' dir='ltr'><strong>τὴν</strong></span> <span class='ocrx_word' id='word_1_474' title='bbox 2781 3475 3098 3543; x_wconf 82' lang='grc' dir='ltr'>Ἀδιαϐηνὴν</span> <span class='ocrx_word' id='word_1_475' title='bbox 3147 3475 3240 3526; x_wconf 69' lang='grc' dir='ltr'>καὶ</span> <span class='ocrx_word' id='word_1_476' title='bbox 3288 3474 3413 3534; x_wconf 74' lang='grc' dir='ltr'>τοὺς</span> <span class='ocrx_word' id='word_1_477' title='bbox 3472 3472 3735 3541; x_wconf 87' lang='grc' dir='ltr'>μεγάλους</span> <span class='ocrx_word' id='word_1_478' title='bbox 3780 3470 4054 3523; x_wconf 74' lang='grc' dir='ltr'>αὐλῶνας.</span> 
     </span>
    </p>
   </div>
   <div class='ocr_carea' id='block_1_69' title="bbox 2498 3562 4057 3634">
    <p class='ocr_par' dir='ltr' id='par_1_69' title="bbox 2498 3562 4057 3634">
     <span class='ocr_line' id='line_1_69' title="bbox 2498 3562 4057 3634; baseline -0.005 -17"><span class='ocrx_word' id='word_1_479' title='bbox 2498 3566 2863 3634; x_wconf 79' lang='grc' dir='ltr'>’Λφικομένων</span> <span class='ocrx_word' id='word_1_480' title='bbox 2887 3566 2944 3617; x_wconf 87' lang='grc' dir='ltr'>δὲ</span> <span class='ocrx_word' id='word_1_481' title='bbox 2977 3566 3107 3634; x_wconf 80' lang='grc' dir='ltr'>πρὸς</span> <span class='ocrx_word' id='word_1_482' title='bbox 3148 3565 3239 3615; x_wconf 85' lang='grc' dir='ltr'><strong>τὸν</strong></span> <span class='ocrx_word' id='word_1_483' title='bbox 3278 3564 3488 3632; x_wconf 86' lang='grc' dir='ltr'>Πάρθον</span> <span class='ocrx_word' id='word_1_484' title='bbox 3517 3565 3611 3614; x_wconf 77' lang='grc' dir='ltr'><strong>καὶ</strong></span> <span class='ocrx_word' id='word_1_485' title='bbox 3640 3562 3787 3631; x_wconf 78' lang='grc' dir='ltr'>παρὰ.</span> <span class='ocrx_word' id='word_1_486' title='bbox 3817 3562 4057 3612; x_wconf 72' lang='grc' dir='ltr'>Λευκόλ-</span> 
     </span>
    </p>
   </div>
   <div class='ocr_carea' id='block_1_70' title="bbox 2486 3650 4060 3724">
    <p class='ocr_par' dir='ltr' id='par_1_70' title="bbox 2486 3650 4060 3724">
     <span class='ocr_line' id='line_1_70' title="bbox 2486 3650 4060 3724; baseline -0.003 -16"><span class='ocrx_word' id='word_1_487' title='bbox 2486 3658 2580 3708; x_wconf 85' lang='grc' dir='ltr'><strong>λου</strong></span> <span class='ocrx_word' id='word_1_488' title='bbox 2630 3658 2909 3724; x_wconf 83' lang='grc' dir='ltr'>πρέσϐεων</span> <span class='ocrx_word' id='word_1_489' title='bbox 2954 3660 3064 3717; x_wconf 85' lang='grc' dir='ltr'>τοῖς</span> <span class='ocrx_word' id='word_1_490' title='bbox 3109 3656 3204 3724; x_wconf 81' lang='grc' dir='ltr'><strong>μὲν</strong></span> <span class='ocrx_word' id='word_1_491' title='bbox 3256 3656 3548 3723; x_wconf 86' lang='grc' dir='ltr'>Ῥωμαίοις</span> <span class='ocrx_word' id='word_1_492' title='bbox 3586 3654 3691 3724; x_wconf 69' lang='grc' dir='ltr'>ἰδία</span> <span class='ocrx_word' id='word_1_493' title='bbox 3738 3653 3888 3720; x_wconf 86' lang='grc' dir='ltr'>φίλος</span> <span class='ocrx_word' id='word_1_494' title='bbox 3920 3650 4060 3704; x_wconf 73' lang='grc' dir='ltr'>εἶναι</span> 
     </span>
    </p>
   </div>
   <div class='ocr_carea' id='block_1_71' title="bbox 2494 3745 4060 3818">
    <p class='ocr_par' dir='ltr' id='par_1_71' title="bbox 2494 3745 4060 3818">
     <span class='ocr_line' id='line_1_71' title="bbox 2494 3745 4060 3818; baseline -0.003 -15"><span class='ocrx_word' id='word_1_495' title='bbox 2494 3749 2820 3818; x_wconf 81' lang='grc' dir='ltr'>ὑπεκρίνατο</span> <span class='ocrx_word' id='word_1_496' title='bbox 2862 3749 2955 3799; x_wconf 85' lang='grc' dir='ltr'><strong>καί</strong></span> <span class='ocrx_word' id='word_1_497' title='bbox 3002 3749 3287 3817; x_wconf 82' lang='grc' dir='ltr'>σύμμαχος</span> <span class='ocrx_word' id='word_1_498' title='bbox 3311 3788 3325 3809; x_wconf 88' lang='grc'><strong>,</strong></span> <span class='ocrx_word' id='word_1_499' title='bbox 3365 3748 3471 3817; x_wconf 79' lang='grc' dir='ltr'>ἰδίᾳ</span> <span class='ocrx_word' id='word_1_500' title='bbox 3502 3747 3567 3813; x_wconf 69' lang='grc' dir='ltr'><strong>,δὲ</strong></span> <span class='ocrx_word' id='word_1_501' title='bbox 3606 3746 3674 3799; x_wconf 81' lang='grc' dir='ltr'><strong>τὰ</strong></span> <span class='ocrx_word' id='word_1_502' title='bbox 3707 3745 3846 3799; x_wconf 79' lang='grc' dir='ltr'>αὐτὰ.</span> <span class='ocrx_word' id='word_1_503' title='bbox 3885 3749 3980 3799; x_wconf 77' lang='grc' dir='ltr'>καὶ</span> <span class='ocrx_word' id='word_1_504' title='bbox 4010 3745 4060 3776; x_wconf 79' lang='grc'><strong>⁸⁸</strong></span> 
     </span>
    </p>
   </div>
   <div class='ocr_carea' id='block_1_72' title="bbox 2498 3837 3439 3909">
    <p class='ocr_par' dir='ltr' id='par_1_72' title="bbox 2498 3837 3439 3909">
     <span class='ocr_line' id='line_1_72' title="bbox 2498 3837 3439 3909; baseline -0.002 -18"><span class='ocrx_word' id='word_1_505' title='bbox 2498 3840 2633 3909; x_wconf 72' lang='grc' dir='ltr'>πρὸς</span> <span class='ocrx_word' id='word_1_506' title='bbox 2662 3841 2785 3901; x_wconf 81' lang='grc' dir='ltr'>τοὺς</span> <span class='ocrx_word' id='word_1_507' title='bbox 2825 3838 3137 3908; x_wconf 70' lang='grc' dir='ltr'>Ἀρμενίους</span> <span class='ocrx_word' id='word_1_508' title='bbox 3162 3837 3439 3889; x_wconf 84' lang='grc' dir='ltr'>διετίθετο.</span> 
     </span>
    </p>
   </div>
   <div class='ocr_carea' id='block_1_73' title="bbox 1254 3946 3635 4019">
    <p class='ocr_par' dir='ltr' id='par_1_73' title="bbox 1254 3946 3635 4019">
     <span class='ocr_line' id='line_1_73' title="bbox 1254 3946 3635 4019; baseline -0.005 -8"><span class='ocrx_word' id='word_1_509' title='bbox 1254 3958 1379 4012; x_wconf 75' lang='lat' dir='ltr'><strong>CAP.</strong></span> <span class='ocrx_word' id='word_1_510' title='bbox 1413 3958 1543 4012; x_wconf 69' lang='lat' dir='ltr'><strong>LXI.</strong></span> <span class='ocrx_word' id='word_1_511' title='bbox 1575 3988 1643 3997; x_wconf 89' lang='lat'><strong>—</strong></span> <span class='ocrx_word' id='word_1_512' title='bbox 1678 3959 1865 4011; x_wconf 77' lang='lat' dir='ltr'><strong>Odium</strong></span> <span class='ocrx_word' id='word_1_513' title='bbox 1904 3958 2075 4011; x_wconf 65' lang='lat' dir='ltr'><strong>Roma</strong></span> <span class='ocrx_word' id='word_1_514' title='bbox 2113 3960 2165 4010; x_wconf 84' lang='lat' dir='ltr'><strong>in</strong></span> <span class='ocrx_word' id='word_1_515' title='bbox 2191 3957 2418 4019; x_wconf 85' lang='lat' dir='ltr'><strong>Cottam,</strong></span> <span class='ocrx_word' id='word_1_516' title='bbox 2446 3966 2491 4008; x_wconf 89' lang='lat' dir='ltr'><strong>et</strong></span> <span class='ocrx_word' id='word_1_517' title='bbox 2532 3953 2689 4013; x_wconf 81' lang='lat' dir='ltr'><strong>actio,</strong></span> <span class='ocrx_word' id='word_1_518' title='bbox 2712 3960 2988 4003; x_wconf 73' lang='lat' dir='ltr'><strong>accusante</strong></span> <span class='ocrx_word' id='word_1_519' title='bbox 3022 3948 3391 4001; x_wconf 76' lang='lat' dir='ltr'><strong>Tlirausimede</strong></span> <span class='ocrx_word' id='word_1_520' title='bbox 3424 3946 3635 4000; x_wconf 67' lang='grc' dir='ltr'><strong>Πενθεῖ.</strong></span> 
     </span>
    </p>
   </div>
   <div class='ocr_carea' id='block_1_74' title="bbox 886 4072 2385 4137">
    <p class='ocr_par' dir='ltr' id='par_1_74' title="bbox 886 4072 2385 4137">
     <span class='ocr_line' id='line_1_74' title="bbox 886 4072 2385 4137; baseline 0.001 -12"><span class='ocrx_word' id='word_1_521' title='bbox 886 4072 1091 4125; x_wconf 84' lang='lat' dir='ltr'><strong>interea</strong></span> <span class='ocrx_word' id='word_1_522' title='bbox 1119 4074 1349 4125; x_wconf 82' lang='lat' dir='ltr'><strong>Romam</strong></span> <span class='ocrx_word' id='word_1_523' title='bbox 1404 4072 1563 4125; x_wconf 79' lang='lat' dir='ltr'><strong>Cotta</strong></span> <span class='ocrx_word' id='word_1_524' title='bbox 1597 4090 1868 4137; x_wconf 75' lang='lat' dir='ltr'><strong>reversus,</strong></span> <span class='ocrx_word' id='word_1_525' title='bbox 1908 4078 2110 4129; x_wconf 88' lang='lat' dir='ltr'><strong>honore</strong></span> <span class='ocrx_word' id='word_1_526' title='bbox 2140 4091 2169 4128; x_wconf 89' lang='lat' dir='ltr'><strong>a</strong></span> <span class='ocrx_word' id='word_1_527' title='bbox 2198 4084 2385 4128; x_wconf 79' lang='lat' dir='ltr'><strong>senatu</strong></span> 
     </span>
    </p>
   </div>
   <div class='ocr_carea' id='block_1_75' title="bbox 818 4163 2387 4233">
    <p class='ocr_par' dir='ltr' id='par_1_75' title="bbox 818 4163 2387 4233">
     <span class='ocr_line' id='line_1_75' title="bbox 818 4163 2387 4233; baseline 0.002 -18"><span class='ocrx_word' id='word_1_528' title='bbox 818 4164 1062 4225; x_wconf 77' lang='lat' dir='ltr'><strong>afﬁcitur,</strong></span> <span class='ocrx_word' id='word_1_529' title='bbox 1094 4170 1148 4216; x_wconf 83' lang='lat' dir='ltr'><strong>et</strong></span> <span class='ocrx_word' id='word_1_530' title='bbox 1192 4163 1397 4216; x_wconf 87' lang='lat' dir='ltr'><strong>Pontici</strong></span> <span class='ocrx_word' id='word_1_531' title='bbox 1449 4174 1825 4232; x_wconf 84' lang='lat' dir='ltr'><strong>cognomento,</strong></span> <span class='ocrx_word' id='word_1_532' title='bbox 1882 4169 2020 4233; x_wconf 90' lang='lat' dir='ltr'><strong>quod</strong></span> <span class='ocrx_word' id='word_1_533' title='bbox 2075 4166 2387 4219; x_wconf 84' lang='lat' dir='ltr'><strong>Heracleam</strong></span> 
     </span>
    </p>
   </div>
   <div class='ocr_carea' id='block_1_76' title="bbox 818 4256 2386 4325">
    <p class='ocr_par' dir='ltr' id='par_1_76' title="bbox 818 4256 2386 4325">
     <span class='ocr_line' id='line_1_76' title="bbox 818 4256 2386 4325; baseline 0.003 -20"><span class='ocrx_word' id='word_1_534' title='bbox 818 4258 1071 4322; x_wconf 74' lang='lat' dir='ltr'><strong>cepisset,</strong></span> <span class='ocrx_word' id='word_1_535' title='bbox 1111 4256 1441 4308; x_wconf 79' lang='lat' dir='ltr'><strong>noliilitatur.</strong></span> <span class='ocrx_word' id='word_1_536' title='bbox 1474 4260 1539 4309; x_wconf 87' lang='lat' dir='ltr'><strong>At</strong></span> <span class='ocrx_word' id='word_1_537' title='bbox 1575 4258 1659 4310; x_wconf 89' lang='lat' dir='ltr'><strong>ubi</strong></span> <span class='ocrx_word' id='word_1_538' title='bbox 1688 4259 1908 4313; x_wconf 89' lang='lat' dir='ltr'><strong>sinistra</strong></span> <span class='ocrx_word' id='word_1_539' title='bbox 1943 4258 2055 4325; x_wconf 89' lang='lat' dir='ltr'><strong>ejus</strong></span> <span class='ocrx_word' id='word_1_540' title='bbox 2088 4259 2227 4311; x_wconf 89' lang='lat' dir='ltr'><strong>fama</strong></span> <span class='ocrx_word' id='word_1_541' title='bbox 2276 4257 2386 4309; x_wconf 78' lang='lat' dir='ltr'><strong>Ro-</strong></span> 
     </span>
    </p>
   </div>
   <div class='ocr_carea' id='block_1_77' title="bbox 821 4346 2391 4416">
    <p class='ocr_par' dir='ltr' id='par_1_77' title="bbox 821 4346 2391 4416">
     <span class='ocr_line' id='line_1_77' title="bbox 821 4346 2391 4416; baseline 0.004 -20"><span class='ocrx_word' id='word_1_542' title='bbox 821 4362 959 4397; x_wconf 85' lang='lat' dir='ltr'><strong>mam</strong></span> <span class='ocrx_word' id='word_1_543' title='bbox 997 4348 1261 4414; x_wconf 88' lang='lat' dir='ltr'><strong>pervenit,</strong></span> <span class='ocrx_word' id='word_1_544' title='bbox 1314 4346 1362 4397; x_wconf 92' lang='lat' dir='ltr'><strong>in</strong></span> <span class='ocrx_word' id='word_1_545' title='bbox 1400 4347 1609 4413; x_wconf 89' lang='lat' dir='ltr'><strong>publico</strong></span> <span class='ocrx_word' id='word_1_546' title='bbox 1664 4360 1781 4400; x_wconf 90' lang='lat' dir='ltr'><strong>erat</strong></span> <span class='ocrx_word' id='word_1_547' title='bbox 1834 4350 1976 4412; x_wconf 88' lang='lat' dir='ltr'><strong>odio,</strong></span> <span class='ocrx_word' id='word_1_548' title='bbox 2028 4349 2391 4416; x_wconf 89' lang='lat' dir='ltr'><strong>invidiamque</strong></span> 
     </span>
    </p>
   </div>
   <div class='ocr_carea' id='block_1_78' title="bbox 822 4436 2388 4507">
    <p class='ocr_par' dir='ltr' id='par_1_78' title="bbox 822 4436 2388 4507">
     <span class='ocr_line' id='line_1_78' title="bbox 822 4436 2388 4507; baseline 0.003 -22"><span class='ocrx_word' id='word_1_549' title='bbox 822 4447 979 4487; x_wconf 79' lang='lat' dir='ltr'><strong>tanta:</strong></span> <span class='ocrx_word' id='word_1_550' title='bbox 1007 4437 1054 4487; x_wconf 88' lang='lat' dir='ltr'><strong>ei</strong></span> <span class='ocrx_word' id='word_1_551' title='bbox 1079 4451 1209 4503; x_wconf 83' lang='lat' dir='ltr'><strong>opes</strong></span> <span class='ocrx_word' id='word_1_552' title='bbox 1240 4436 1594 4503; x_wconf 84' lang='lat' dir='ltr'><strong>adaiigebaut.</strong></span> <span class='ocrx_word' id='word_1_553' title='bbox 1648 4437 1815 4507; x_wconf 88' lang='lat' dir='ltr'><strong>Cujus</strong></span> <span class='ocrx_word' id='word_1_554' title='bbox 1869 4438 2193 4492; x_wconf 65' lang='lat' dir='ltr'><strong>declinanda:</strong></span> <span class='ocrx_word' id='word_1_555' title='bbox 2226 4452 2388 4491; x_wconf 83' lang='lat' dir='ltr'><strong>causa</strong></span> 
     </span>
    </p>
   </div>
   <div class='ocr_carea' id='block_1_79' title="bbox 822 4522 2389 4591">
    <p class='ocr_par' dir='ltr' id='par_1_79' title="bbox 822 4522 2389 4591">
     <span class='ocr_line' id='line_1_79' title="bbox 822 4522 2389 4591; baseline -0.003 -14"><span class='ocrx_word' id='word_1_556' title='bbox 822 4526 1076 4591; x_wconf 83' lang='lat' dir='ltr'><strong>pleraque</strong></span> <span class='ocrx_word' id='word_1_557' title='bbox 1109 4526 1163 4576; x_wconf 89' lang='lat' dir='ltr'><strong>in</strong></span> <span class='ocrx_word' id='word_1_558' title='bbox 1210 4525 1459 4576; x_wconf 69' lang='lat' dir='ltr'><strong>:rrarium</strong></span> <span class='ocrx_word' id='word_1_559' title='bbox 1517 4526 1682 4591; x_wconf 79' lang='lat' dir='ltr'><strong>Spolia</strong></span> <span class='ocrx_word' id='word_1_560' title='bbox 1720 4525 1918 4588; x_wconf 76' lang='lat' dir='ltr'><strong>retulit,</strong></span> <span class='ocrx_word' id='word_1_561' title='bbox 1958 4524 2165 4577; x_wconf 88' lang='lat' dir='ltr'><strong>tametsi</strong></span> <span class='ocrx_word' id='word_1_562' title='bbox 2220 4522 2389 4575; x_wconf 88' lang='lat' dir='ltr'><strong>nihilo</strong></span> 
     </span>
    </p>
   </div>
   <div class='ocr_carea' id='block_1_80' title="bbox 825 4614 2382 4684">
    <p class='ocr_par' dir='ltr' id='par_1_80' title="bbox 825 4614 2382 4684">
     <span class='ocr_line' id='line_1_80' title="bbox 825 4614 2382 4684; baseline -0.001 -17"><span class='ocrx_word' id='word_1_563' title='bbox 825 4618 1062 4669; x_wconf 84' lang='lat' dir='ltr'><strong>mitiores</strong></span> <span class='ocrx_word' id='word_1_564' title='bbox 1088 4617 1139 4668; x_wconf 93' lang='lat' dir='ltr'><strong>in</strong></span> <span class='ocrx_word' id='word_1_565' title='bbox 1165 4632 1223 4669; x_wconf 86' lang='lat' dir='ltr'><strong>se</strong></span> <span class='ocrx_word' id='word_1_566' title='bbox 1257 4614 1531 4669; x_wconf 80' lang='lat' dir='ltr'><strong>Romanos</strong></span> <span class='ocrx_word' id='word_1_567' title='bbox 1573 4618 1672 4670; x_wconf 85' lang='lat' dir='ltr'><strong>hoc</strong></span> <span class='ocrx_word' id='word_1_568' title='bbox 1702 4617 1950 4681; x_wconf 73' lang='lat' dir='ltr'><strong>efﬁceret,</strong></span> <span class='ocrx_word' id='word_1_569' title='bbox 1979 4619 2101 4668; x_wconf 93' lang='lat' dir='ltr'><strong>dum</strong></span> <span class='ocrx_word' id='word_1_570' title='bbox 2141 4631 2172 4669; x_wconf 91' lang='lat' dir='ltr'><strong>e</strong></span> <span class='ocrx_word' id='word_1_571' title='bbox 2213 4617 2382 4684; x_wconf 91' lang='lat' dir='ltr'><strong>pluri-</strong></span> 
     </span>
    </p>
   </div>
   <div class='ocr_carea' id='block_1_81' title="bbox 824 4704 2387 4776">
    <p class='ocr_par' dir='ltr' id='par_1_81' title="bbox 824 4704 2387 4776">
     <span class='ocr_line' id='line_1_81' title="bbox 824 4704 2387 4776; baseline -0.003 -16"><span class='ocrx_word' id='word_1_572' title='bbox 824 4710 925 4760; x_wconf 91' lang='lat' dir='ltr'><strong>mis</strong></span> <span class='ocrx_word' id='word_1_573' title='bbox 946 4723 1068 4760; x_wconf 89' lang='lat' dir='ltr'><strong>eum</strong></span> <span class='ocrx_word' id='word_1_574' title='bbox 1102 4722 1273 4776; x_wconf 89' lang='lat' dir='ltr'><strong>pauca</strong></span> <span class='ocrx_word' id='word_1_575' title='bbox 1316 4707 1515 4760; x_wconf 90' lang='lat' dir='ltr'><strong>referre</strong></span> <span class='ocrx_word' id='word_1_576' title='bbox 1540 4722 1855 4775; x_wconf 86' lang='lat' dir='ltr'><strong>persuasum</strong></span> <span class='ocrx_word' id='word_1_577' title='bbox 1892 4706 2169 4759; x_wconf 86' lang='lat' dir='ltr'><strong>haberent.</strong></span> <span class='ocrx_word' id='word_1_578' title='bbox 2210 4704 2387 4773; x_wconf 82' lang='lat' dir='ltr'><strong>Capti-</strong></span> 
     </span>
    </p>
   </div>
   <div class='ocr_carea' id='block_1_82' title="bbox 822 4798 2386 4853">
    <p class='ocr_par' dir='ltr' id='par_1_82' title="bbox 822 4798 2386 4853">
     <span class='ocr_line' id='line_1_82' title="bbox 822 4798 2386 4853; baseline 0 -4"><span class='ocrx_word' id='word_1_579' title='bbox 822 4816 916 4852; x_wconf 74' lang='lat' dir='ltr'><strong>vos</strong></span> <span class='ocrx_word' id='word_1_580' title='bbox 954 4802 1113 4853; x_wconf 89' lang='lat' dir='ltr'><strong>etiam</strong></span> <span class='ocrx_word' id='word_1_581' title='bbox 1182 4798 1455 4853; x_wconf 73' lang='lat' dir='ltr'><strong>Heraclea:</strong></span> <span class='ocrx_word' id='word_1_582' title='bbox 1528 4801 1707 4853; x_wconf 90' lang='lat' dir='ltr'><strong>statim</strong></span> <span class='ocrx_word' id='word_1_583' title='bbox 1766 4800 2111 4851; x_wconf 88' lang='lat' dir='ltr'><strong>dimittendos</strong></span> <span class='ocrx_word' id='word_1_584' title='bbox 2170 4798 2386 4850; x_wconf 88' lang='lat' dir='ltr'><strong>decreto</strong></span> 
     </span>
    </p>
   </div>
   <div class='ocr_carea' id='block_1_83' title="bbox 2570 4064 4059 4137">
    <p class='ocr_par' dir='ltr' id='par_1_83' title="bbox 2570 4064 4059 4137">
     <span class='ocr_line' id='line_1_83' title="bbox 2570 4064 4059 4137; baseline -0.003 -15"><span class='ocrx_word' id='word_1_585' title='bbox 2570 4072 2628 4122; x_wconf 86' lang='grc' dir='ltr'>Ὀ</span> <span class='ocrx_word' id='word_1_586' title='bbox 2660 4069 2715 4120; x_wconf 84' lang='grc' dir='ltr'>δὲ</span> <span class='ocrx_word' id='word_1_587' title='bbox 2747 4068 2811 4137; x_wconf 82' lang='grc' dir='ltr'>δὴ</span> <span class='ocrx_word' id='word_1_588' title='bbox 2837 4068 3066 4128; x_wconf 81' lang='grc' dir='ltr'>Κόττας,</span> <span class='ocrx_word' id='word_1_589' title='bbox 3095 4065 3169 4126; x_wconf 85' lang='grc' dir='ltr'><strong>ὡς</strong></span> <span class='ocrx_word' id='word_1_590' title='bbox 3206 4066 3286 4127; x_wconf 88' lang='grc' dir='ltr'>εἰς</span> <span class='ocrx_word' id='word_1_591' title='bbox 3312 4066 3408 4135; x_wconf 82' lang='grc' dir='ltr'><strong>τὴν</strong></span> <span class='ocrx_word' id='word_1_592' title='bbox 3448 4065 3664 4134; x_wconf 82' lang='grc' dir='ltr'>Ῥώμην</span> <span class='ocrx_word' id='word_1_593' title='bbox 3690 4064 3942 4133; x_wconf 84' lang='grc' dir='ltr'>ἀφίκετο,</span> <span class='ocrx_word' id='word_1_594' title='bbox 3978 4084 4059 4118; x_wconf 67' lang='grc' dir='ltr'><strong>τις</strong></span> 
     </span>
    </p>
   </div>
   <div class='ocr_carea' id='block_1_84' title="bbox 2493 4156 4061 4229">
    <p class='ocr_par' dir='ltr' id='par_1_84' title="bbox 2493 4156 4061 4229">
     <span class='ocr_line' id='line_1_84' title="bbox 2493 4156 4061 4229; baseline -0.001 -21"><span class='ocrx_word' id='word_1_595' title='bbox 2493 4162 2596 4229; x_wconf 81' lang='grc' dir='ltr'>μῆς</span> <span class='ocrx_word' id='word_1_596' title='bbox 2629 4158 2779 4227; x_wconf 86' lang='grc' dir='ltr'>παρά</span> <span class='ocrx_word' id='word_1_597' title='bbox 2818 4158 2917 4226; x_wconf 83' lang='grc' dir='ltr'>τῆς</span> <span class='ocrx_word' id='word_1_598' title='bbox 2950 4156 3253 4225; x_wconf 79' lang='grc' dir='ltr'>συγκλήτου</span> <span class='ocrx_word' id='word_1_599' title='bbox 3299 4156 3557 4224; x_wconf 87' lang='grc' dir='ltr'>τυγχάνει</span> <span class='ocrx_word' id='word_1_600' title='bbox 3598 4156 3857 4217; x_wconf 86' lang='grc' dir='ltr'>Ποντικὸς</span> <span class='ocrx_word' id='word_1_601' title='bbox 3902 4158 4061 4207; x_wconf 85' lang='grc' dir='ltr'>αύτο-</span> 
     </span>
    </p>
   </div>
   <div class='ocr_carea' id='block_1_85' title="bbox 2490 4246 4061 4323">
    <p class='ocr_par' dir='ltr' id='par_1_85' title="bbox 2490 4246 4061 4323">
     <span class='ocr_line' id='line_1_85' title="bbox 2490 4246 4061 4323; baseline -0.006 -16"><span class='ocrx_word' id='word_1_602' title='bbox 2490 4256 2711 4323; x_wconf 86' lang='grc' dir='ltr'>κράτωρ</span> <span class='ocrx_word' id='word_1_603' title='bbox 2754 4248 3032 4302; x_wconf 85' lang='grc' dir='ltr'>καλεῖσθαι</span> <span class='ocrx_word' id='word_1_604' title='bbox 3058 4289 3070 4311; x_wconf 88' lang='grc'><strong>,</strong></span> <span class='ocrx_word' id='word_1_605' title='bbox 3102 4249 3183 4299; x_wconf 87' lang='grc' dir='ltr'>ὅτι</span> <span class='ocrx_word' id='word_1_606' title='bbox 3218 4247 3327 4298; x_wconf 77' lang='grc' dir='ltr'>ἕλοι</span> <span class='ocrx_word' id='word_1_607' title='bbox 3355 4247 3454 4315; x_wconf 76' lang='grc' dir='ltr'>τὴν</span> <span class='ocrx_word' id='word_1_608' title='bbox 3494 4246 3845 4313; x_wconf 81' lang='grc' dir='ltr'>Ἡράκλειαν.</span> <span class='ocrx_word' id='word_1_609' title='bbox 3872 4250 4061 4299; x_wconf 71' lang='grc' dir='ltr'>Διαϐο-</span> 
     </span>
    </p>
   </div>
   <div class='ocr_carea' id='block_1_86' title="bbox 2489 4340 4067 4415">
    <p class='ocr_par' dir='ltr' id='par_1_86' title="bbox 2489 4340 4067 4415">
     <span class='ocr_line' id='line_1_86' title="bbox 2489 4340 4067 4415; baseline -0.004 -17"><span class='ocrx_word' id='word_1_610' title='bbox 2489 4348 2583 4415; x_wconf 81' lang='grc' dir='ltr'>λῆς</span> <span class='ocrx_word' id='word_1_611' title='bbox 2626 4346 2681 4395; x_wconf 75' lang='grc' dir='ltr'>δὲ</span> <span class='ocrx_word' id='word_1_612' title='bbox 2728 4345 2806 4405; x_wconf 74' lang='grc' dir='ltr'><strong>εἰς</strong></span> <span class='ocrx_word' id='word_1_613' title='bbox 2847 4340 2943 4411; x_wconf 85' lang='grc' dir='ltr'>τὴν</span> <span class='ocrx_word' id='word_1_614' title='bbox 3002 4340 3221 4409; x_wconf 83' lang='grc' dir='ltr'>Ῥώμην</span> <span class='ocrx_word' id='word_1_615' title='bbox 3270 4340 3672 4407; x_wconf 84' lang='grc' dir='ltr'>ἁφικνουμένης</span> <span class='ocrx_word' id='word_1_616' title='bbox 3720 4340 3793 4401; x_wconf 82' lang='grc' dir='ltr'>ὡς</span> <span class='ocrx_word' id='word_1_617' title='bbox 3844 4342 4067 4391; x_wconf 76' lang='grc' dir='ltr'>οἰκείων</span> 
     </span>
    </p>
   </div>
   <div class='ocr_carea' id='block_1_87' title="bbox 2491 4430 4060 4506">
    <p class='ocr_par' dir='ltr' id='par_1_87' title="bbox 2491 4430 4060 4506">
     <span class='ocr_line' id='line_1_87' title="bbox 2491 4430 4060 4506; baseline -0.003 -19"><span class='ocrx_word' id='word_1_618' title='bbox 2491 4434 2697 4506; x_wconf 80' lang='grc' dir='ltr'>κερδῶν</span> <span class='ocrx_word' id='word_1_619' title='bbox 2736 4434 2895 4485; x_wconf 74' lang='grc' dir='ltr'>ἕνεκα</span> <span class='ocrx_word' id='word_1_620' title='bbox 2930 4430 3263 4500; x_wconf 80' lang='grc' dir='ltr'>’τηλικαύτην</span> <span class='ocrx_word' id='word_1_621' title='bbox 3305 4430 3457 4482; x_wconf 87' lang='grc' dir='ltr'>πόλιν</span> <span class='ocrx_word' id='word_1_622' title='bbox 3491 4431 3870 4498; x_wconf 81' lang='grc' dir='ltr'>ἐξαφανίσειε,</span> <span class='ocrx_word' id='word_1_623' title='bbox 3908 4434 4060 4500; x_wconf 76' lang='grc' dir='ltr'>μῖσός</span> 
     </span>
    </p>
   </div>
   <div class='ocr_carea' id='block_1_88' title="bbox 2490 4521 4063 4595">
    <p class='ocr_par' dir='ltr' id='par_1_88' title="bbox 2490 4521 4063 4595">
     <span class='ocr_line' id='line_1_88' title="bbox 2490 4521 4063 4595; baseline -0.005 -16"><span class='ocrx_word' id='word_1_624' title='bbox 2490 4546 2549 4579; x_wconf 83' lang='grc' dir='ltr'><strong>τε</strong></span> <span class='ocrx_word' id='word_1_625' title='bbox 2600 4527 2856 4595; x_wconf 86' lang='grc' dir='ltr'>δημόσιον</span> <span class='ocrx_word' id='word_1_626' title='bbox 2895 4522 3202 4591; x_wconf 88' lang='grc' dir='ltr'>ἐλάμϐανε,</span> <span class='ocrx_word' id='word_1_627' title='bbox 3250 4522 3341 4574; x_wconf 75' lang='grc' dir='ltr'><strong>καὶ</strong></span> <span class='ocrx_word' id='word_1_628' title='bbox 3382 4524 3409 4574; x_wconf 86' lang='grc' dir='ltr'><strong>ό</strong></span> <span class='ocrx_word' id='word_1_629' title='bbox 3441 4521 3570 4590; x_wconf 75' lang='grc' dir='ltr'>περὶ</span> <span class='ocrx_word' id='word_1_630' title='bbox 3605 4521 3767 4573; x_wconf 80' lang='grc' dir='ltr'>αὑτὸν</span> <span class='ocrx_word' id='word_1_631' title='bbox 3808 4523 4063 4581; x_wconf 78' lang='grc' dir='ltr'>τοσοῦτος</span> 
     </span>
    </p>
   </div>
   <div class='ocr_carea' id='block_1_89' title="bbox 2496 4611 4057 4682">
    <p class='ocr_par' dir='ltr' id='par_1_89' title="bbox 2496 4611 4057 4682">
     <span class='ocr_line' id='line_1_89' title="bbox 2496 4611 4057 4682; baseline -0.003 -14"><span class='ocrx_word' id='word_1_632' title='bbox 2496 4619 2723 4678; x_wconf 75' lang='grc' dir='ltr'>πλοῦτος</span> <span class='ocrx_word' id='word_1_633' title='bbox 2754 4616 2947 4682; x_wconf 79' lang='grc' dir='ltr'>φθόνον</span> <span class='ocrx_word' id='word_1_634' title='bbox 2976 4614 3231 4666; x_wconf 81' lang='grc' dir='ltr'>ἀνεκίνει.</span> <span class='ocrx_word' id='word_1_635' title='bbox 3286 4612 3377 4664; x_wconf 73' lang='grc' dir='ltr'><strong>Διὸ</strong></span> <span class='ocrx_word' id='word_1_636' title='bbox 3421 4613 3513 4663; x_wconf 79' lang='grc' dir='ltr'>καὶ</span> <span class='ocrx_word' id='word_1_637' title='bbox 3546 4612 3713 4663; x_wconf 86' lang='grc' dir='ltr'>πολλά</span> <span class='ocrx_word' id='word_1_638' title='bbox 3746 4611 3859 4663; x_wconf 86' lang='grc' dir='ltr'>τῶν</span> <span class='ocrx_word' id='word_1_639' title='bbox 3889 4613 4057 4679; x_wconf 56' lang='lat' dir='ltr'><strong>hea-</strong></span> 
     </span>
    </p>
   </div>
   <div class='ocr_carea' id='block_1_90' title="bbox 2501 4703 4060 4777">
    <p class='ocr_par' dir='ltr' id='par_1_90' title="bbox 2501 4703 4060 4777">
     <span class='ocr_line' id='line_1_90' title="bbox 2501 4703 4060 4777; baseline -0.004 -18"><span class='ocrx_word' id='word_1_640' title='bbox 2501 4726 2607 4777; x_wconf 83' lang='grc' dir='ltr'><strong>ρων</strong></span> <span class='ocrx_word' id='word_1_641' title='bbox 2630 4710 2707 4767; x_wconf 83' lang='grc' dir='ltr'>εἰς</span> <span class='ocrx_word' id='word_1_642' title='bbox 2730 4706 2789 4758; x_wconf 81' lang='grc' dir='ltr'><strong>τὸ</strong></span> <span class='ocrx_word' id='word_1_643' title='bbox 2815 4705 2922 4757; x_wconf 85' lang='grc' dir='ltr'><strong>τῶν</strong></span> <span class='ocrx_word' id='word_1_644' title='bbox 2955 4703 3239 4772; x_wconf 83' lang='grc' dir='ltr'>Ῥωμαίων</span> <span class='ocrx_word' id='word_1_645' title='bbox 3265 4704 3570 4771; x_wconf 78' lang='grc' dir='ltr'>είσεκόμιζε</span> <span class='ocrx_word' id='word_1_646' title='bbox 3596 4705 3845 4770; x_wconf 86' lang='grc' dir='ltr'>ταμιεῖον</span> <span class='ocrx_word' id='word_1_647' title='bbox 3870 4704 3940 4766; x_wconf 76' lang='grc'><strong>⁸³,</strong></span> <span class='ocrx_word' id='word_1_648' title='bbox 3974 4706 4060 4754; x_wconf 73' lang='grc' dir='ltr'>τὸν</span> 
     </span>
    </p>
   </div>
   <div class='ocr_carea' id='block_1_91' title="bbox 2499 4793 4057 4866">
    <p class='ocr_par' dir='ltr' id='par_1_91' title="bbox 2499 4793 4057 4866">
     <span class='ocr_line' id='line_1_91' title="bbox 2499 4793 4057 4866; baseline -0.004 -17"><span class='ocrx_word' id='word_1_649' title='bbox 2499 4800 2589 4849; x_wconf 69' lang='grc' dir='ltr'><strong>ἐπὶ</strong></span> <span class='ocrx_word' id='word_1_650' title='bbox 2614 4797 2690 4866; x_wconf 77' lang='grc' dir='ltr'>τῷ</span> <span class='ocrx_word' id='word_1_651' title='bbox 2711 4796 2924 4863; x_wconf 84' lang='grc' dir='ltr'>πλούτῳ</span> <span class='ocrx_word' id='word_1_652' title='bbox 2948 4794 3137 4861; x_wconf 85' lang='grc' dir='ltr'>φθόνον</span> <span class='ocrx_word' id='word_1_653' title='bbox 3158 4793 3455 4862; x_wconf 79' lang='grc' dir='ltr'>ἐκκρούων,</span> <span class='ocrx_word' id='word_1_654' title='bbox 3484 4795 3531 4844; x_wconf 84' lang='grc' dir='ltr'><strong>εί</strong></span> <span class='ocrx_word' id='word_1_655' title='bbox 3554 4794 3644 4845; x_wconf 83' lang='grc' dir='ltr'><strong>καὶ</strong></span> <span class='ocrx_word' id='word_1_656' title='bbox 3672 4794 3838 4861; x_wconf 78' lang='grc' dir='ltr'>μηδὲν</span> <span class='ocrx_word' id='word_1_657' title='bbox 3866 4796 4057 4853; x_wconf 56' lang='grc' dir='ltr'>αὐτοὺς</span> 
     </span>
    </p>
   </div>
   <div class='ocr_carea' id='block_1_92' title="bbox 825 4866 2372 4958">
    <p class='ocr_par' dir='ltr' id='par_1_92' title="bbox 825 4887 2372 4958">
     <span class='ocr_line' id='line_1_92' title="bbox 825 4887 2372 4958; baseline 0.001 -19"><span class='ocrx_word' id='word_1_658' title='bbox 825 4890 1035 4958; x_wconf 84' lang='lat' dir='ltr'><strong>publico</strong></span> <span class='ocrx_word' id='word_1_659' title='bbox 1064 4890 1356 4943; x_wconf 86' lang='lat' dir='ltr'><strong>sciverunt.</strong></span> <span class='ocrx_word' id='word_1_660' title='bbox 1385 4888 1780 4957; x_wconf 84' lang='lat' dir='ltr'><strong>Tltrasymedes</strong></span> <span class='ocrx_word' id='word_1_661' title='bbox 1812 4890 2047 4956; x_wconf 88' lang='lat' dir='ltr'><strong>insuper,</strong></span> <span class='ocrx_word' id='word_1_662' title='bbox 2084 4887 2372 4942; x_wconf 89' lang='lat' dir='ltr'><strong>Heraclien-</strong></span> 
     </span>
    </p>
   </div>
   <div class='ocr_carea' id='block_1_93' title="bbox 2489 4866 4061 4958">
    <p class='ocr_par' dir='ltr' id='par_1_93' title="bbox 2499 4883 4061 4955">
     <span class='ocr_line' id='line_1_93' title="bbox 2499 4883 4061 4955; baseline -0.003 -17"><span class='ocrx_word' id='word_1_663' title='bbox 2499 4886 2829 4955; x_wconf 78' lang='grc' dir='ltr'>πραοτέρους</span> <span class='ocrx_word' id='word_1_664' title='bbox 2863 4884 3228 4954; x_wconf 77' lang='grc' dir='ltr'>ἀπειργάζετο</span> <span class='ocrx_word' id='word_1_665' title='bbox 3247 4924 3261 4946; x_wconf 94' lang='grc'><strong>,</strong></span> <span class='ocrx_word' id='word_1_666' title='bbox 3306 4884 3414 4935; x_wconf 83' lang='grc' dir='ltr'><strong>ἀπὸ</strong></span> <span class='ocrx_word' id='word_1_667' title='bbox 3442 4883 3650 4935; x_wconf 82' lang='grc' dir='ltr'>πολλῶν</span> <span class='ocrx_word' id='word_1_668' title='bbox 3677 4884 3835 4951; x_wconf 81' lang='grc' dir='ltr'>ὀλίγα</span> <span class='ocrx_word' id='word_1_669' title='bbox 3875 4887 4061 4953; x_wconf 80' lang='grc' dir='ltr'>νέμειν</span> 
     </span>
    </p>
   </div>
   <div class='ocr_carea' id='block_1_94' title="bbox 827 4980 2390 5046">
    <p class='ocr_par' dir='ltr' id='par_1_94' title="bbox 827 4980 2390 5046">
     <span class='ocr_line' id='line_1_94' title="bbox 827 4980 2390 5046; baseline 0 -17"><span class='ocrx_word' id='word_1_670' title='bbox 827 4982 963 5031; x_wconf 80' lang='lat' dir='ltr'><strong>sium</strong></span> <span class='ocrx_word' id='word_1_671' title='bbox 1009 4996 1165 5042; x_wconf 86' lang='lat' dir='ltr'><strong>unus,</strong></span> <span class='ocrx_word' id='word_1_672' title='bbox 1195 4995 1288 5046; x_wconf 91' lang='lat' dir='ltr'><strong>pro</strong></span> <span class='ocrx_word' id='word_1_673' title='bbox 1322 4981 1579 5031; x_wconf 80' lang='lat' dir='ltr'><strong>concione</strong></span> <span class='ocrx_word' id='word_1_674' title='bbox 1602 4981 1812 5031; x_wconf 76' lang='lat' dir='ltr'><strong>Cottam</strong></span> <span class='ocrx_word' id='word_1_675' title='bbox 1839 4980 2046 5045; x_wconf 85' lang='lat' dir='ltr'><strong>publice</strong></span> <span class='ocrx_word' id='word_1_676' title='bbox 2080 4988 2318 5040; x_wconf 88' lang='lat' dir='ltr'><strong>accusat,</strong></span> <span class='ocrx_word' id='word_1_677' title='bbox 2338 4986 2390 5031; x_wconf 90' lang='lat' dir='ltr'><strong>et</strong></span> 
     </span>
    </p>
   </div>
   <div class='ocr_carea' id='block_1_95' title="bbox 828 5056 2392 5137">
    <p class='ocr_par' dir='ltr' id='par_1_95' title="bbox 828 5056 2392 5137">
     <span class='ocr_line' id='line_1_95' title="bbox 828 5056 2392 5137; baseline -0.003 -16"><span class='ocrx_word' id='word_1_678' title='bbox 828 5070 1061 5121; x_wconf 87' lang='lat' dir='ltr'><strong>civitatis</strong></span> <span class='ocrx_word' id='word_1_679' title='bbox 1092 5084 1203 5121; x_wconf 81' lang='lat' dir='ltr'><strong>suae</strong></span> <span class='ocrx_word' id='word_1_680' title='bbox 1237 5082 1363 5137; x_wconf 88' lang='lat' dir='ltr'><strong>erga</strong></span> <span class='ocrx_word' id='word_1_681' title='bbox 1393 5068 1663 5119; x_wconf 75' lang='lat' dir='ltr'><strong>Romanas</strong></span> <span class='ocrx_word' id='word_1_682' title='bbox 1688 5056 2111 5119; x_wconf 83' lang='lat' dir='ltr'><strong>benevolentiam</strong></span> <span class='ocrx_word' id='word_1_683' title='bbox 2156 5080 2392 5118; x_wconf 90' lang='lat' dir='ltr'><strong>comme-</strong></span> 
     </span>
    </p>
   </div>
   <div class='ocr_carea' id='block_1_96' title="bbox 834 5158 2393 5229">
    <p class='ocr_par' dir='ltr' id='par_1_96' title="bbox 834 5158 2393 5229">
     <span class='ocr_line' id='line_1_96' title="bbox 834 5158 2393 5229; baseline -0.001 -18"><span class='ocrx_word' id='word_1_684' title='bbox 834 5170 1005 5213; x_wconf 83' lang='lat' dir='ltr'><strong>morat</strong></span> <span class='ocrx_word' id='word_1_685' title='bbox 1040 5178 1052 5215; x_wconf 91' lang='lat'><strong>:</strong></span> <span class='ocrx_word' id='word_1_686' title='bbox 1088 5174 1164 5224; x_wconf 88' lang='lat' dir='ltr'><strong>et,</strong></span> <span class='ocrx_word' id='word_1_687' title='bbox 1195 5161 1239 5214; x_wconf 88' lang='lat' dir='ltr'><strong>si</strong></span> <span class='ocrx_word' id='word_1_688' title='bbox 1265 5162 1393 5229; x_wconf 90' lang='lat' dir='ltr'><strong>quid</strong></span> <span class='ocrx_word' id='word_1_689' title='bbox 1422 5164 1489 5212; x_wconf 87' lang='lat' dir='ltr'><strong>ab</strong></span> <span class='ocrx_word' id='word_1_690' title='bbox 1520 5161 1620 5213; x_wconf 88' lang='lat' dir='ltr'><strong>hac</strong></span> <span class='ocrx_word' id='word_1_691' title='bbox 1662 5160 1987 5220; x_wconf 86' lang='lat' dir='ltr'><strong>remiserint,</strong></span> <span class='ocrx_word' id='word_1_692' title='bbox 2028 5174 2130 5210; x_wconf 91' lang='lat' dir='ltr'><strong>nou</strong></span> <span class='ocrx_word' id='word_1_693' title='bbox 2161 5158 2393 5212; x_wconf 86' lang='lat' dir='ltr'><strong>civitatis</strong></span> 
     </span>
    </p>
   </div>
   <div class='ocr_carea' id='block_1_97' title="bbox 827 5248 2396 5317">
    <p class='ocr_par' dir='ltr' id='par_1_97' title="bbox 827 5248 2396 5317">
     <span class='ocr_line' id='line_1_97' title="bbox 827 5248 2396 5317; baseline -0.003 -15"><span class='ocrx_word' id='word_1_694' title='bbox 827 5252 1124 5316; x_wconf 85' lang='lat' dir='ltr'><strong>voluntate,</strong></span> <span class='ocrx_word' id='word_1_695' title='bbox 1160 5254 1252 5305; x_wconf 92' lang='lat' dir='ltr'><strong>scd</strong></span> <span class='ocrx_word' id='word_1_696' title='bbox 1298 5252 1705 5317; x_wconf 81' lang='lat' dir='ltr'><strong>magistratuum</strong></span> <span class='ocrx_word' id='word_1_697' title='bbox 1744 5250 1930 5303; x_wconf 86' lang='lat' dir='ltr'><strong>fraude</strong></span> <span class='ocrx_word' id='word_1_698' title='bbox 1958 5259 2010 5301; x_wconf 88' lang='lat' dir='ltr'><strong>et</strong></span> <span class='ocrx_word' id='word_1_699' title='bbox 2060 5248 2396 5302; x_wconf 85' lang='lat' dir='ltr'><strong>adversario-</strong></span> 
     </span>
    </p>
   </div>
   <div class='ocr_carea' id='block_1_98' title="bbox 831 5337 2394 5407">
    <p class='ocr_par' dir='ltr' id='par_1_98' title="bbox 831 5337 2394 5407">
     <span class='ocr_line' id='line_1_98' title="bbox 831 5337 2394 5407; baseline -0.001 -15"><span class='ocrx_word' id='word_1_700' title='bbox 831 5359 947 5393; x_wconf 80' lang='lat' dir='ltr'><strong>rum</strong></span> <span class='ocrx_word' id='word_1_701' title='bbox 977 5344 1025 5394; x_wconf 90' lang='lat' dir='ltr'><strong>vi</strong></span> <span class='ocrx_word' id='word_1_702' title='bbox 1086 5342 1458 5395; x_wconf 89' lang='lat' dir='ltr'><strong>factumesse.</strong></span> <span class='ocrx_word' id='word_1_703' title='bbox 1496 5341 1784 5395; x_wconf 75' lang='lat' dir='ltr'><strong>Miserabili</strong></span> <span class='ocrx_word' id='word_1_704' title='bbox 1835 5342 1995 5393; x_wconf 86' lang='lat' dir='ltr'><strong>etiam</strong></span> <span class='ocrx_word' id='word_1_705' title='bbox 2057 5338 2275 5407; x_wconf 75' lang='lat' dir='ltr'><strong>querela</strong></span> <span class='ocrx_word' id='word_1_706' title='bbox 2325 5337 2394 5391; x_wconf 88' lang='lat' dir='ltr'><strong>ob</strong></span> 
     </span>
    </p>
   </div>
   <div class='ocr_carea' id='block_1_99' title="bbox 831 5434 2395 5503">
    <p class='ocr_par' dir='ltr' id='par_1_99' title="bbox 831 5434 2395 5503">
     <span class='ocr_line' id='line_1_99' title="bbox 831 5434 2395 5503; baseline -0.001 -20"><span class='ocrx_word' id='word_1_707' title='bbox 831 5434 1013 5487; x_wconf 71' lang='lat' dir='ltr'><strong>oculos</strong></span> <span class='ocrx_word' id='word_1_708' title='bbox 1073 5440 1223 5503; x_wconf 90' lang='lat' dir='ltr'><strong>ponit</strong></span> <span class='ocrx_word' id='word_1_709' title='bbox 1289 5436 1435 5487; x_wconf 88' lang='lat' dir='ltr'><strong>urbis</strong></span> <span class='ocrx_word' id='word_1_710' title='bbox 1496 5434 2000 5494; x_wconf 80' lang='lat' dir='ltr'><strong>inﬂammationem,</strong></span> <span class='ocrx_word' id='word_1_711' title='bbox 2054 5443 2288 5499; x_wconf 85' lang='lat' dir='ltr'><strong>quotque</strong></span> <span class='ocrx_word' id='word_1_712' title='bbox 2342 5440 2395 5483; x_wconf 86' lang='lat' dir='ltr'><strong>et</strong></span> 
     </span>
    </p>
   </div>
   <div class='ocr_carea' id='block_1_100' title="bbox 833 5522 2388 5594">
    <p class='ocr_par' dir='ltr' id='par_1_100' title="bbox 833 5522 2388 5594">
     <span class='ocr_line' id='line_1_100' title="bbox 833 5522 2388 5594; baseline 0 -22"><span class='ocrx_word' id='word_1_713' title='bbox 833 5534 1028 5592; x_wconf 84' lang='lat' dir='ltr'><strong>quanta</strong></span> <span class='ocrx_word' id='word_1_714' title='bbox 1064 5526 1367 5580; x_wconf 83' lang='lat' dir='ltr'><strong>incendium</strong></span> <span class='ocrx_word' id='word_1_715' title='bbox 1415 5528 1691 5590; x_wconf 87' lang='lat' dir='ltr'><strong>evastarit,</strong></span> <span class='ocrx_word' id='word_1_716' title='bbox 1723 5536 1884 5594; x_wconf 87' lang='lat' dir='ltr'><strong>utque</strong></span> <span class='ocrx_word' id='word_1_717' title='bbox 1915 5523 2198 5577; x_wconf 90' lang='lat' dir='ltr'><strong>simulacra</strong></span> <span class='ocrx_word' id='word_1_718' title='bbox 2235 5522 2388 5575; x_wconf 73' lang='lat' dir='ltr'><strong>Conta</strong></span> 
     </span>
    </p>
   </div>
   <div class='ocr_carea' id='block_1_101' title="bbox 2490 4975 4057 5046">
    <p class='ocr_par' dir='ltr' id='par_1_101' title="bbox 2490 4975 4057 5046">
     <span class='ocr_line' id='line_1_101' title="bbox 2490 4975 4057 5046; baseline -0.001 -17"><span class='ocrx_word' id='word_1_719' title='bbox 2490 4977 2966 5046; x_wconf 79' lang='grc' dir='ltr'>ὑπολαμϐάνοντας</span> <span class='ocrx_word' id='word_1_720' title='bbox 2989 4978 3057 5029; x_wconf 83' lang='lat'><strong>’°.</strong></span> <span class='ocrx_word' id='word_1_721' title='bbox 3103 4975 3468 5044; x_wconf 70' lang='grc' dir='ltr'>Ἐψηφίσαντο</span> <span class='ocrx_word' id='word_1_722' title='bbox 3498 4976 3555 5027; x_wconf 82' lang='grc' dir='ltr'>δὲ</span> <span class='ocrx_word' id='word_1_723' title='bbox 3587 4976 3785 5027; x_wconf 86' lang='grc' dir='ltr'>αὐτίκα</span> <span class='ocrx_word' id='word_1_724' title='bbox 3816 4980 3911 5027; x_wconf 69' lang='grc' dir='ltr'>καὶ</span> <span class='ocrx_word' id='word_1_725' title='bbox 3938 4980 4057 5037; x_wconf 66' lang='grc' dir='ltr'>τοὺς</span> 
     </span>
    </p>
   </div>
   <div class='ocr_carea' id='block_1_102' title="bbox 2490 5066 4058 5137">
    <p class='ocr_par' dir='ltr' id='par_1_102' title="bbox 2490 5066 4058 5137">
     <span class='ocr_line' id='line_1_102' title="bbox 2490 5066 4058 5137; baseline -0.002 -17"><span class='ocrx_word' id='word_1_726' title='bbox 2490 5068 2865 5137; x_wconf 83' lang='grc' dir='ltr'>αἰχμαλώτους</span> <span class='ocrx_word' id='word_1_727' title='bbox 2890 5069 2989 5137; x_wconf 79' lang='grc' dir='ltr'>τῆς</span> <span class='ocrx_word' id='word_1_728' title='bbox 3026 5066 3351 5135; x_wconf 76' lang='grc' dir='ltr'>Ἡρακλείας</span> <span class='ocrx_word' id='word_1_729' title='bbox 3395 5066 3672 5133; x_wconf 80' lang='grc' dir='ltr'>ἀφίεσθαι.</span> <span class='ocrx_word' id='word_1_730' title='bbox 3697 5068 4058 5135; x_wconf 72' lang='grc' dir='ltr'>Θρασυμήδης</span> 
     </span>
    </p>
   </div>
   <div class='ocr_carea' id='block_1_103' title="bbox 2491 5156 4061 5229">
    <p class='ocr_par' dir='ltr' id='par_1_103' title="bbox 2491 5156 4061 5229">
     <span class='ocr_line' id='line_1_103' title="bbox 2491 5156 4061 5229; baseline -0.002 -18"><span class='ocrx_word' id='word_1_731' title='bbox 2491 5160 2545 5211; x_wconf 83' lang='grc' dir='ltr'>δὲ</span> <span class='ocrx_word' id='word_1_732' title='bbox 2569 5159 2675 5210; x_wconf 78' lang='grc' dir='ltr'>τῶν</span> <span class='ocrx_word' id='word_1_733' title='bbox 2702 5157 2761 5221; x_wconf 82' lang='grc' dir='ltr'><strong>ἐξ</strong></span> <span class='ocrx_word' id='word_1_734' title='bbox 2793 5158 3118 5229; x_wconf 77' lang='grc' dir='ltr'>Ἡρακλείας</span> <span class='ocrx_word' id='word_1_735' title='bbox 3143 5156 3220 5219; x_wconf 76' lang='grc' dir='ltr'>εἷς</span> <span class='ocrx_word' id='word_1_736' title='bbox 3247 5159 3624 5227; x_wconf 88' lang='grc' dir='ltr'>κατηγόρησεν</span> <span class='ocrx_word' id='word_1_737' title='bbox 3654 5159 3739 5209; x_wconf 81' lang='grc' dir='ltr'>ἐπ’</span> <span class='ocrx_word' id='word_1_738' title='bbox 3766 5158 4061 5226; x_wconf 78' lang='grc' dir='ltr'>ἐκκλησίας</span> 
     </span>
    </p>
   </div>
   <div class='ocr_carea' id='block_1_104' title="bbox 2493 5250 4061 5318">
    <p class='ocr_par' dir='ltr' id='par_1_104' title="bbox 2493 5250 4061 5318">
     <span class='ocr_line' id='line_1_104' title="bbox 2493 5250 4061 5318; baseline -0.003 -15"><span class='ocrx_word' id='word_1_739' title='bbox 2493 5251 2584 5303; x_wconf 73' lang='grc' dir='ltr'><strong>τοῦ</strong></span> <span class='ocrx_word' id='word_1_740' title='bbox 2614 5252 2793 5303; x_wconf 81' lang='grc' dir='ltr'>Κόττα</span> <span class='ocrx_word' id='word_1_741' title='bbox 2817 5290 2832 5314; x_wconf 87' lang='grc'><strong>,</strong></span> <span class='ocrx_word' id='word_1_742' title='bbox 2864 5252 2960 5311; x_wconf 88' lang='grc' dir='ltr'><strong>τάς</strong></span> <span class='ocrx_word' id='word_1_743' title='bbox 2990 5266 3049 5302; x_wconf 86' lang='grc' dir='ltr'><strong>τε</strong></span> <span class='ocrx_word' id='word_1_744' title='bbox 3093 5250 3190 5318; x_wconf 86' lang='grc' dir='ltr'>τῆς</span> <span class='ocrx_word' id='word_1_745' title='bbox 3239 5252 3446 5313; x_wconf 85' lang='grc' dir='ltr'>πόλεως</span> <span class='ocrx_word' id='word_1_746' title='bbox 3489 5250 3879 5318; x_wconf 82' lang='grc' dir='ltr'>εἰσηγούμενος</span> <span class='ocrx_word' id='word_1_747' title='bbox 3927 5250 4061 5316; x_wconf 83' lang='grc' dir='ltr'>πρὸς</span> 
     </span>
    </p>
   </div>
   <div class='ocr_carea' id='block_1_105' title="bbox 2512 5341 4062 5413">
    <p class='ocr_par' dir='ltr' id='par_1_105' title="bbox 2512 5341 4062 5413">
     <span class='ocr_line' id='line_1_105' title="bbox 2512 5341 4062 5413; baseline -0.001 -20"><span class='ocrx_word' id='word_1_748' title='bbox 2512 5342 2812 5410; x_wconf 78' lang='grc' dir='ltr'>Ῥωμαίους</span> <span class='ocrx_word' id='word_1_749' title='bbox 2845 5341 3073 5407; x_wconf 80' lang='grc' dir='ltr'>εὐνοίας,</span> <span class='ocrx_word' id='word_1_750' title='bbox 3118 5342 3244 5413; x_wconf 77' lang='grc'><strong>[756</strong></span> <span class='ocrx_word' id='word_1_751' title='bbox 3271 5343 3363 5413; x_wconf 81' lang='lat' dir='ltr'><strong>R.]</strong></span> <span class='ocrx_word' id='word_1_752' title='bbox 3394 5343 3487 5395; x_wconf 74' lang='grc' dir='ltr'>καὶ</span> <span class='ocrx_word' id='word_1_753' title='bbox 3519 5343 3573 5394; x_wconf 79' lang='grc' dir='ltr'><strong>εί</strong></span> <span class='ocrx_word' id='word_1_754' title='bbox 3599 5359 3650 5393; x_wconf 89' lang='grc' dir='ltr'><strong>τι</strong></span> <span class='ocrx_word' id='word_1_755' title='bbox 3678 5342 3883 5408; x_wconf 82' lang='grc' dir='ltr'>ταύτης</span> <span class='ocrx_word' id='word_1_756' title='bbox 3920 5343 4062 5393; x_wconf 76' lang='grc' dir='ltr'>ἁπο-</span> 
     </span>
    </p>
   </div>
   <div class='ocr_carea' id='block_1_106' title="bbox 2500 5432 4066 5508">
    <p class='ocr_par' dir='ltr' id='par_1_106' title="bbox 2500 5432 4066 5508">
     <span class='ocr_line' id='line_1_106' title="bbox 2500 5432 4066 5508; baseline -0.001 -22"><span class='ocrx_word' id='word_1_757' title='bbox 2500 5433 2749 5498; x_wconf 84' lang='grc' dir='ltr'>κλίνοιεν,</span> <span class='ocrx_word' id='word_1_758' title='bbox 2780 5436 2899 5505; x_wconf 81' lang='grc' dir='ltr'>οὐχὶ</span> <span class='ocrx_word' id='word_1_759' title='bbox 2927 5434 3123 5508; x_wconf 77' lang='grc' dir='ltr'>γνώμῃ</span> <span class='ocrx_word' id='word_1_760' title='bbox 3141 5436 3242 5505; x_wconf 83' lang='grc' dir='ltr'>τῆς</span> <span class='ocrx_word' id='word_1_761' title='bbox 3265 5436 3469 5498; x_wconf 81' lang='grc' dir='ltr'>πόλεως</span> <span class='ocrx_word' id='word_1_762' title='bbox 3501 5434 3656 5487; x_wconf 79' lang='grc' dir='ltr'>τοῦτο</span> <span class='ocrx_word' id='word_1_763' title='bbox 3686 5435 3838 5504; x_wconf 78' lang='grc' dir='ltr'>δρᾷν,</span> <span class='ocrx_word' id='word_1_764' title='bbox 3884 5432 4002 5485; x_wconf 79' lang='grc' dir='ltr'>ἀλλ’</span> <span class='ocrx_word' id='word_1_765' title='bbox 4028 5432 4066 5501; x_wconf 69' lang='grc' dir='ltr'><strong>ἡ</strong></span> 
     </span>
    </p>
   </div>
   <div class='ocr_carea' id='block_1_107' title="bbox 2499 5524 4064 5599">
    <p class='ocr_par' dir='ltr' id='par_1_107' title="bbox 2499 5524 4064 5599">
     <span class='ocr_line' id='line_1_107' title="bbox 2499 5524 4064 5599; baseline 0 -23"><span class='ocrx_word' id='word_1_766' title='bbox 2499 5542 2640 5587; x_wconf 80' lang='grc' dir='ltr'>τινος</span> <span class='ocrx_word' id='word_1_767' title='bbox 2656 5528 2765 5577; x_wconf 82' lang='grc' dir='ltr'>τῶν</span> <span class='ocrx_word' id='word_1_768' title='bbox 2786 5528 3159 5596; x_wconf 81' lang='grc' dir='ltr'>ἐφεστηκότων</span> <span class='ocrx_word' id='word_1_769' title='bbox 3175 5530 3283 5590; x_wconf 83' lang='grc' dir='ltr'>τοῖς</span> <span class='ocrx_word' id='word_1_770' title='bbox 3304 5527 3618 5599; x_wconf 80' lang='grc' dir='ltr'>πράγμασιν</span> <span class='ocrx_word' id='word_1_771' title='bbox 3640 5526 3882 5596; x_wconf 78' lang='grc' dir='ltr'>ἐξαπάτῃ</span> <span class='ocrx_word' id='word_1_772' title='bbox 3912 5524 3946 5593; x_wconf 81' lang='grc' dir='ltr'>ἢ</span> <span class='ocrx_word' id='word_1_773' title='bbox 3971 5527 4064 5577; x_wconf 76' lang='grc' dir='ltr'><strong>καὶ</strong></span> 
     </span>
    </p>
   </div>
   <div class='ocr_carea' id='block_1_108' title="bbox 2093 5632 2750 5693">
    <p class='ocr_par' dir='ltr' id='par_1_108' title="bbox 2093 5632 2750 5693">
     <span class='ocr_line' id='line_1_108' title="bbox 2093 5632 2750 5693; baseline 0.015 -10"><span class='ocrx_word' id='word_1_774' title='bbox 2093 5632 2324 5686; x_wconf 69' lang='lat' dir='ltr'><strong>VARIAS</strong></span> <span class='ocrx_word' id='word_1_775' title='bbox 2358 5632 2750 5693; x_wconf 80' lang='lat' dir='ltr'><strong>LECTIONES.</strong></span> 
     </span>
    </p>
   </div>
   <div class='ocr_carea' id='block_1_109' title="bbox 912 5726 2224 5799">
    <p class='ocr_par' dir='ltr' id='par_1_109' title="bbox 912 5726 2224 5799">
     <span class='ocr_line' id='line_1_109' title="bbox 912 5726 2224 5799; baseline -0.004 -20"><span class='ocrx_word' id='word_1_776' title='bbox 912 5727 954 5756; x_wconf 73' lang='grc'><strong>⁸⁸</strong></span> <span class='ocrx_word' id='word_1_777' title='bbox 994 5726 1445 5799; x_wconf 74' lang='grc' dir='ltr'>ἐξαιρησόμενος;</span> <span class='ocrx_word' id='word_1_778' title='bbox 1477 5758 1539 5765; x_wconf 89' lang='grc'><strong>-</strong></span> <span class='ocrx_word' id='word_1_779' title='bbox 1568 5726 1947 5799; x_wconf 80' lang='grc' dir='ltr'>ἀμυνούμενος</span> <span class='ocrx_word' id='word_1_780' title='bbox 2008 5740 2150 5799; x_wconf 70' lang='lat' dir='ltr'><strong>corr.</strong></span> <span class='ocrx_word' id='word_1_781' title='bbox 2186 5727 2224 5774; x_wconf 94' lang='grc' dir='ltr'><strong>Λ</strong></span> 
     </span>
    </p>
   </div>
   <div class='ocr_carea' id='block_1_110' title="bbox 836 5794 2391 5855">
    <p class='ocr_par' dir='ltr' id='par_1_110' title="bbox 836 5794 2391 5855">
     <span class='ocr_line' id='line_1_110' title="bbox 836 5794 2391 5855; baseline -0.003 -7"><span class='ocrx_word' id='word_1_782' title='bbox 836 5794 881 5826; x_wconf 73' lang='grc'><strong>⁸⁸</strong></span> <span class='ocrx_word' id='word_1_783' title='bbox 910 5799 998 5851; x_wconf 74' lang='grc' dir='ltr'><strong>καὶ</strong></span> <span class='ocrx_word' id='word_1_784' title='bbox 1020 5794 1127 5852; x_wconf 70' lang='grc' dir='ltr'><strong>(ηυξ</strong></span> <span class='ocrx_word' id='word_1_785' title='bbox 1154 5794 1218 5852; x_wconf 78' lang='grc' dir='ltr'><strong>Α.</strong></span> <span class='ocrx_word' id='word_1_786' title='bbox 1257 5794 1265 5797; x_wconf 52' lang='grc'>⁷</span> <span class='ocrx_word' id='word_1_787' title='bbox 1294 5797 1338 5830; x_wconf 78' lang='grc'>⁸⁹</span> <span class='ocrx_word' id='word_1_788' title='bbox 1362 5801 1581 5851; x_wconf 67' lang='grc' dir='ltr'>ταμεῖον</span> <span class='ocrx_word' id='word_1_789' title='bbox 1610 5794 1669 5855; x_wconf 57' lang='grc' dir='ltr'><strong>ἐς.</strong></span> <span class='ocrx_word' id='word_1_790' title='bbox 1746 5799 1794 5830; x_wconf 83' lang='lat'><strong>°°</strong></span> <span class='ocrx_word' id='word_1_791' title='bbox 1832 5796 2301 5851; x_wconf 78' lang='grc' dir='ltr'>ὑπολαμϐάνοντες</span> <span class='ocrx_word' id='word_1_792' title='bbox 2333 5810 2391 5845; x_wconf 79' lang='grc' dir='ltr'><strong>ε’.</strong></span> 
     </span>
    </p>
   </div>
   <div class='ocr_carea' id='block_1_111' title="bbox 2277 5723 3328 5801">
    <p class='ocr_par' dir='ltr' id='par_1_111' title="bbox 2277 5723 3328 5801">
     <span class='ocr_line' id='line_1_111' title="bbox 2277 5723 3328 5801; baseline -0.003 -15"><span class='ocrx_word' id='word_1_793' title='bbox 2277 5740 2289 5774; x_wconf 79' lang='grc' dir='ltr'><strong>ε</strong></span> <span class='ocrx_word' id='word_1_794' title='bbox 2327 5723 2755 5798; x_wconf 71' lang='grc' dir='ltr'>ἐξαιρησάμενος</span> <span class='ocrx_word' id='word_1_795' title='bbox 2792 5760 2852 5771; x_wconf 90' lang='grc'><strong><em>-</em></strong></span> <span class='ocrx_word' id='word_1_796' title='bbox 2884 5730 3219 5801; x_wconf 86' lang='grc' dir='ltr'>ἀμυνόμενος</span> <span class='ocrx_word' id='word_1_797' title='bbox 3268 5746 3328 5793; x_wconf 81' lang='grc' dir='ltr'>ς.</span> 
     </span>
    </p>
   </div>
   <div class='ocr_carea' id='block_1_112' title="bbox 3436 5728 4058 5801">
    <p class='ocr_par' dir='ltr' id='par_1_112' title="bbox 3436 5728 4058 5801">
     <span class='ocr_line' id='line_1_112' title="bbox 3436 5728 4058 5801; baseline -0.002 -19"><span class='ocrx_word' id='word_1_798' title='bbox 3436 5730 3480 5763; x_wconf 83' lang='grc'><strong>⁸⁷</strong></span> <span class='ocrx_word' id='word_1_799' title='bbox 3526 5729 3831 5801; x_wconf 77' lang='grc' dir='ltr'>ὑπέτρεπεν</span> <span class='ocrx_word' id='word_1_800' title='bbox 3869 5744 3953 5799; x_wconf 87' lang='lat' dir='ltr'><strong>pr.</strong></span> <span class='ocrx_word' id='word_1_801' title='bbox 3998 5728 4058 5781; x_wconf 81' lang='grc' dir='ltr'><strong>Α.</strong></span> 
     </span>
    </p>
   </div>
  </div>
