4208 6448
248 396 358 464 937

1311 404 1832 466 BIBLIOTHECA.
1871 429 1940 441 -
1976 404 2136 465 COD.
2174 403 2467 465 CCXXIV.

3389 401 3493 465 938

250 515 346 583 βίᾳ
382 512 491 566 τῶν
519 510 928 582 ἐπιτιθεμένων.
971 514 1334 583 ’Δπῳκτίζετο
1357 515 1414 567 δέ
1442 517 1530 568 τόν
1557 534 1613 568 τε
1638 516 1683 547 ⁹¹
1716 516 1815 585 τῆς
1845 522 1886 577 Α

1845 522 1886 577 Α
1916 516 2188 570 destructa
2221 514 2454 581 praedam
2483 510 2583 566 sibi
2616 510 2822 575 fecerit,
2843 518 2898 565 et
2934 510 3073 566 aedes
3096 523 3281 567 sacras
3303 513 3485 567 dirue-

252 604 462 665 πόλεως
491 591 841 673 ἐμπρησμὸν,
877 605 970 657 καὶ
994 607 1090 657 ὅσα
1118 606 1179 657 τὸ
1211 605 1321 674 πῦρ
1356 608 1627 674 ἁφανίσοι,
1670 608 1816 670 ὅπως

248 713 310 746 τε
337 695 407 747 τὰ
429 695 717 765 ἀγάλματα
742 696 955 759 Κόττας
986 698 1215 767 καθῄρει
1247 700 1338 749 καὶ
1369 698 1518 752 λείαν
1544 700 1778 751 ἐποιεῖτο
1803 738 1818 759 ,

249 787 379 849 τούς
412 805 469 839 τε
517 790 673 851 ναοὺς
705 790 953 842 κατέσπα
974 828 988 852 ,
1022 791 1114 842 καὶ
1138 791 1238 841 ὅσα
1269 790 1403 843 ἄλλα
1432 790 1497 842 δι’
1543 792 1822 860 ὠμότητος

249 876 429 930 ἐλθὼν
473 881 771 948 ἐπεπράγει
796 922 810 945 ,
842 881 935 932 τόν
973 899 1031 932 τε
1076 881 1274 950 χρυσὸν
1316 884 1408 933 καὶ
1451 883 1540 934 τὸν
1588 882 1824 951 ἄργυρον

249 972 352 1038 τῆς
384 971 588 1032 πόλεως
617 973 947 1041 ἀναγράφων
975 973 1363 1042 ἀναρίθμητον,
1417 974 1510 1026 καὶ
1537 974 1637 1042 τὴν
1659 972 1826 1041 ἄλλην

248 1063 352 1130 τῆς
377 1064 702 1131 Ἡρακλείας
719 1065 784 1133 ἢν
801 1065 1187 1134 ἐσφετερίσατο
1208 1065 1572 1133 εὐδαιμονίαν.
1594 1062 1827 1115 Τοιαῦτα

248 1153 348 1204 τοῦ
395 1152 784 1222 Θρασυμήδους
820 1154 940 1222 μετ’
965 1155 1212 1223 οἰμωγῆς
1248 1156 1341 1209 καὶ
1371 1156 1619 1222 δακρύων
1647 1155 1824 1223 διελη-

249 1244 477 1305 λυθότος
498 1285 511 1307 ,
545 1245 638 1296 καὶ
662 1246 770 1297 τῶν
798 1248 1080 1314 ἡγεμόνων
1104 1246 1538 1298 ἐπικλασθέντων
1558 1246 1638 1315 τῷ
1666 1245 1826 1298 πάθει

249 1338 384 1407 (καὶ
413 1338 522 1405 γὰρ
566 1338 808 1406 παρῆλθε
841 1343 935 1390 καὶ
962 1340 1022 1391 τὸ
1060 1340 1169 1391 τῶν
1207 1339 1565 1408 αἰχμαλώτων
1590 1340 1791 1407 πλῆθος
1812 1378 1827 1401 ,

248 1429 446 1498 ἄνδρες
474 1429 605 1496 όμοῦ
636 1446 726 1479 και
748 1432 1004 1495 γυναῖκες
1032 1430 1170 1495 μετὰ
1192 1432 1416 1493 τέκνων,
1452 1432 1507 1481 ἐν
1537 1430 1826 1497 πενθίμοις

249 1522 515 1594 ἐσθήσεσι
547 1524 775 1587 θαλλοὺς
832 1524 1070 1585 ἱκεσίους
1120 1526 1235 1591 μετ’
1264 1524 1583 1594 ὀλοφυρμῶν
1616 1525 1832 1594 προτεί-

249 1618 474 1684 νοντες)
517 1616 986 1687 ἀντιπαρελθὼνό
1022 1617 1230 1679 Κόττας
1277 1616 1480 1685 βραχέα
1524 1620 1589 1685 τῇ
1619 1617 1831 1684 πατρίῳ

248 1708 500 1776 διελέχθη
534 1710 577 1739 ⁹²
630 1706 880 1777 γλώττῃ,
936 1704 1053 1759 εἶτα
1099 1708 1386 1777 ἐκαθέσθη.
1438 1710 1543 1759 Καὶ
1598 1708 1833 1776 Κάρϐων

250 1799 515 1862 ἀναστὰς,
551 1799 767 1865 ’11μεῖς,
794 1794 841 1851 ὦ
871 1800 1079 1861 Κόττα,
1115 1799 1266 1867 φησὶ,
1303 1802 1482 1851 πόλιν
1512 1799 1673 1851 ἑλεῖν
1698 1799 1833 1851 ἀλλ’

1922 606 2009 669 rit,
2040 615 2094 660 ct
2132 614 2381 659 sexcenta
2413 604 2515 657 alia
2535 602 2956 657 crudelissimum
3001 605 3053 656 in
3101 601 3317 657 modum
3366 617 3492 671 per-

1922 700 2110 769 egerit.
2176 698 2254 750 Ad
2308 698 2421 751 haec
2485 697 2601 751 auri
2654 704 2707 749 et
2764 696 2970 766 argenti
3022 694 3294 750 inﬁnitum
3328 709 3495 763 prepe

1923 807 2227 857 numerum,
2269 800 2622 859 cmteramque
2658 788 2806 841 urbis
2855 788 3191 851 felicitatem.
3220 804 3382 858 quam
3432 790 3485 843 in

1923 897 2077 938 suum
2109 885 2197 938 ille
2228 886 2563 938 commodum
2596 884 2890 948 averterit,
2941 884 3275 938 recensebat.
3335 882 3430 938 His
3461 899 3490 936 a

1925 974 2308 1046 Thrasymede,
2367 990 2487 1028 cum
2535 974 2783 1028 lamentis
2829 984 2881 1027 et
2920 972 3067 1040 ﬂetu,
3100 989 3493 1028 commemora-

1928 1070 2018 1131 tis,
2055 1075 2110 1121 et
2146 1067 2494 1134 optimatibus
2534 1064 2896 1119 Romanorum
2948 1066 3012 1117 ad
3064 1066 3493 1119 commiseratio-

1930 1172 2050 1212 nem
2082 1171 2244 1211 casus
2292 1158 2433 1211 illius
2474 1156 2681 1211 inﬂexis
2735 1156 3065 1225 (accesserat
3105 1155 3301 1225 2396
3348 1157 3493 1209 enim

1933 1249 2269 1317 captivorum
2301 1260 2514 1314 quoque
2535 1245 2839 1309 multitudo,
2873 1245 2972 1297 viri
3003 1256 3055 1298 et
3085 1257 3346 1298 matronae
3369 1260 3493 1299 cum

1932 1338 2137 1404 liberis,
2165 1338 2478 1408 lugubribus
2519 1337 2847 1391 vestimentis
2874 1337 3076 1401 amicti,
3105 1346 3159 1389 et
3183 1337 3496 1404 deprecato-

1930 1432 2061 1493 rios,
2098 1445 2216 1484 cum
2250 1428 2468 1496 eiulatu,
2509 1444 2617 1497 pra:
2644 1442 2702 1481 se
2752 1429 3027 1481 tendentes
3088 1429 3219 1481 olea!
3251 1427 3490 1495 ramos).

1934 1536 2251 1590 progressus
2308 1530 2494 1574 contra
2544 1520 2596 1573 iu
2662 1522 2895 1573 medium
2950 1519 3125 1585 Cotta,
3194 1520 3282 1572 ubi
3326 1534 3495 1587 pauca

1935 1614 2110 1680 lingua
2147 1613 2317 1680 patria
2372 1612 2738 1673 disseruisset,
2794 1611 2991 1665 resedit
3043 1630 3055 1663 :
3109 1620 3162 1663 et
3202 1624 3497 1678 exsurgens

1935 1700 2322 1763 CarbozNos,
2378 1701 2570 1769 inquit,
2624 1700 2800 1762 Cotta,
2851 1701 3156 1767 capiendam
3218 1700 3331 1765 tibi,
3395 1716 3496 1752 non

1937 1794 2357 1854 exscindendam,
2394 1792 2571 1845 urbem
2630 1793 3055 1845 demandavimus
3088 1809 3105 1847 :
3138 1802 3190 1844 et
3222 1801 3342 1861 post
3374 1806 3497 1845 eum

248 1889 391 1957 οὐχὶ
433 1856 1269 1958 καθελεῖνέπετρέψαμεπηί
1298 1890 1414 1958 μετ’
1459 1890 1619 1941 αὑτὸν
1652 1890 1708 1942 δέ
1740 1891 1831 1941 καὶ
1871 1856 1908 1908 Β

1871 1856 1908 1908 Β
1938 1885 2027 1937 alii
2053 1883 2318 1938 consimili
2348 1884 2400 1935 in
2431 1882 2639 1938 Cottam
2688 1883 3066 1937 criminatione
3113 1894 3238 1936 sunt
3276 1883 3492 1936 invecti.

249 1980 406 2032 ἄλλοι
450 1980 647 2049 ὁμοίιος
695 1982 906 2034 Κότταν
953 1983 1265 2051 ᾐτιάσαντο.
1327 1981 1545 2043 Πολλοῖς
1597 1980 1695 2050 μὲν
1741 1976 1831 2033 οὖν

250 2071 405 2135 ἄξιος
428 2074 456 2124 ὁ
500 2072 712 2133 Κόττας
746 2072 920 2125 ἐδόκει
950 2076 1147 2142 φυγῆς·
1195 2074 1585 2143 μετριάσαντες
1614 2072 1656 2125 δ’
1684 2074 1833 2139 ὅμως

249 2162 672 2232 ἀπεψηφίσαντο
698 2164 796 2233 τὴν
823 2165 1176 2234 πλατύσημον
1198 2164 1385 2217 αὑτοῦ,
1427 2162 1834 2232 Ἡρακλεώταις

248 2255 309 2306 δὲ
335 2258 436 2323 τήν
468 2272 525 2306 τε
554 2254 736 2324 χώραν
769 2257 861 2307 καὶ
904 2255 1001 2325 τὴν
1026 2256 1302 2309 θάλασσαν
1332 2256 1426 2308 καὶ
1455 2255 1579 2315 τοὺς
1610 2254 1833 2324 λιμένας

250 2348 724 2414 ἀποκατέστησαν,
751 2348 841 2399 καὶ
869 2347 1071 2417 μηδένα
1094 2346 1365 2398 δουλεύειν
1392 2346 1571 2416 ψῆφον
1601 2345 1803 2397 ἔθεντο.

1940 1974 2115 2027 Multis
2152 1974 2310 2044 igitur
2335 1974 2525 2029 exsilio
2548 1974 2740 2043 dignus
2789 1975 3085 2027 videbatur.
3134 1973 3499 2027 Moderatioue

1942 2076 2118 2119 tamen
2152 2066 2408 2128 adhibita,
2464 2067 2629 2119 latum
2670 2068 2717 2119 ei
2754 2066 2962 2120 clavum
3010 2069 3288 2136 abrogant.
3333 2066 3499 2119 llera-

1931 2156 2232 2208 cleensihus
2257 2168 2383 2206 vero
2419 2170 2604 2223 agrum
2638 2164 2693 2208 et
2731 2170 2875 2209 mare
2901 2164 2954 2208 et
2974 2165 3161 2222 portus
3188 2156 3495 2219 restituunt,

1940 2247 2216 2313 rogatione
2245 2246 2471 2313 perlata,
2515 2256 2573 2299 ut
2603 2261 2761 2301 nemo
2796 2248 2984 2301 borum
3021 2248 3269 2301 servituti
3304 2246 3375 2299 sit
3405 2246 3498 2299 ad-

1933 2340 2124 2390 dictus.

494 2459 618 2512 CAP.
662 2459 814 2513 LXII.
852 2459 1218 2528 Thrasymedis
1250 2469 1297 2513 et
1330 2460 1655 2529 Brithagorw
1678 2458 1908 2510 studium
1946 2453 2085 2503 circa
2109 2451 2541 2504 instaurationem
2566 2450 2836 2504 Heraclea:
2867 2462 2916 2505 et
2954 2453 3259 2506 libertatem.

326 2576 515 2630 Ταῦτα
542 2576 932 2647 Θρασυμήδους
959 2577 1401 2646 διαπραξαμένου
1421 2620 1434 2641 ,
1466 2577 1559 2629 ἐπὶ
1596 2577 1693 2646 τὴν
1725 2594 1828 2627 πα-

251 2670 412 2738 τρίδα
455 2670 551 2736 μὲν
580 2670 705 2730 τοὺς
736 2668 965 2730 πολλοὺς
1012 2669 1343 2737 ἐξέπεμψεν,
1386 2670 1546 2730 αὐτὸς
1588 2668 1642 2718 δέ
1696 2668 1829 2735 μετὰ

258 2760 592 2829 Ιςριθαγόρου
618 2775 677 2809 τε
704 2761 796 2811 καὶ
824 2758 1103 2827 Προπύλου
1138 2760 1299 2827 (επαῖς
1328 2760 1373 2811 δ’
1404 2754 1469 2828 ἧν
1498 2760 1524 2809 ὁ
1554 2760 1594 2810 [1
1604 2759 1832 2827 ρόπυλος

257 2851 637 2921 ιιριθαγόρου)
667 2852 807 2902 κατά
842 2852 968 2913 τοὺς
996 2851 1120 2919 ἑξῆς
1144 2852 1417 2919 ἐπιμένων
1441 2850 1566 2921 [594
1592 2849 1681 2920 ll.]
1710 2851 1832 2917 χρό-

254 2958 384 3003 νους
412 2943 478 2994 τὰ
518 2940 677 2993 λοιπὰ
701 2941 810 2993 τῶν
840 2942 1171 3007 ἐπειγόντων
1198 2941 1509 2994 καθίστατο.
1544 2941 1649 2994 Καί
1670 2958 1830 2991 τινων

253 3034 396 3085 ἐτῶν
426 3032 763 3086 ἀνυσθέντων
811 3034 988 3102 τρισὶν
1017 3032 1340 3102 ἐπακτρίσιν
1384 3034 1463 3094 εἰς
1509 3032 1607 3100 τὴν
1668 3032 1830 3101 Ἠρά-

255 3129 450 3180 κλειαν
480 3127 812 3189 ἐπανάγεται
842 3125 907 3177 ⁸⁸.
957 3125 1307 3193 Ἀφικόμενος
1344 3125 1400 3176 δὲ
1430 3125 1606 3176 πάντα
1633 3124 1832 3193 τρόπον

255 3217 472 3270 ἐπενόει
504 3214 872 3278 ἀνοικίζεσθαι
900 3216 946 3246 ’⁵
992 3213 1091 3283 τὴν
1121 3214 1298 3276 πόλιν,
1329 3213 1580 3280 καθάπερ
1614 3214 1691 3273 είς
1726 3229 1830 3263 πα-

2008 2568 2104 2621 llis
2131 2583 2260 2636 ergo
2293 2568 2691 2638 Thrasymedes
2719 2571 2997 2633 confecﬁs,
3036 2571 3239 2640 plebem
3292 2576 3498 2627 remisit

1938 2660 1989 2711 in
2032 2658 2258 2725 patriam
2295 2677 2305 2710 :
2338 2658 2450 2725 ipse
2478 2674 2604 2712 vero
2650 2675 2771 2713 cum
2815 2661 3126 2729 Brithagora
3158 2673 3212 2715 et
3251 2661 3495 2732 Propylo,

1940 2752 2270 2818 llrithagora:
2324 2750 2454 2809 lilio.
2525 2752 2589 2802 ad
2655 2761 2863 2821 tempus
2928 2754 3120 2807 dehinc
3171 2756 3498 2815 subsistens.

1928 2855 2046 2906 qua:
2072 2842 2258 2907 patriae
2299 2857 2426 2895 usus
2480 2842 2720 2911 exigeret
2761 2844 3172 2898 administravit.
3230 2844 3497 2900 Peractis—

1927 2947 2030 2999 que
2060 2933 2260 3000 aliquot
2284 2934 2461 2995 annis,
2502 2949 2621 2987 cum
2656 2935 2823 2988 tribus
2862 2938 3122 2990 onerariis
3172 2939 3395 2992 navibus
3444 2939 3496 2991 in

1928 3025 2154 3092 patriam
2213 3040 2507 3094 regressus,
2542 3042 2638 3079 ceu
2665 3028 2730 3079 ad
2767 3028 2987 3080 alterum
3038 3039 3342 3083 revocatam
3398 3046 3497 3083 na-

1941 3117 2095 3166 talem
2130 3116 2275 3168 omni
2306 3117 2483 3169 studio
2518 3132 2768 3183 reparare
2816 3121 3108 3173 contendit.
3146 3120 3336 3174 Verum
3369 3121 3496 3175 dum

1939 3206 2114 3257 omnia
2148 3207 2391 3268 molitur,
2431 3222 2517 3260 vix
2549 3217 2605 3260 ut
2634 3207 2773 3262 8000
2798 3210 2975 3264 vernis
3000 3213 3160 3264 etiam
3184 3228 3499 3267 annumera-

254 3309 607 3375 λιγγενεσίαν
648 3275 1107 3374 ἀνακαλούμενός.
1156 3275 1313 3357 Ἀλλά
1354 3304 1527 3356 πάντα
1551 3275 1834 3371 -πράττων
1862 3275 1906 3335 c

1832 3322 1834 3338 ι
1862 3275 1906 3335 C
1940 3301 2027 3359 tis,
2055 3298 2451 3366 colligerentur,
2480 3299 2671 3354 elIecit.
2720 3301 3059 3371 Brithagoras
3105 3314 3301 3367 autem,
3360 3306 3494 3359 civi-

258 3400 420 3468 μόλις
458 3399 538 3460 είς
599 3396 1035 3465 ὀκτακισχιλίους
1060 3437 1074 3457 ,
1114 3396 1230 3465 ἅμα
1265 3401 1377 3459 τοῖς
1410 3399 1696 3457 οἰκετικοῖς
1730 3395 1834 3447 σώ-

259 3506 435 3556 μασι,
474 3487 802 3553 συλλεγῆναι
833 3485 1232 3555 κατεπράξατο.
1263 3485 1601 3555 Βριθαγόρας
1630 3486 1705 3548 δέ,
1733 3485 1831 3553 ἤδη

253 3580 362 3646 τῆς
416 3580 621 3639 πόλεως
672 3578 1013 3646 αὐξομένης,
1080 3577 1298 3637 ἐλπίδας
1356 3579 1648 3645 ἐποιήσατο
1702 3576 1834 3644 πρὸς

257 3669 577 3739 ἐλευθερίαν
608 3670 698 3720 τὸν
740 3670 911 3737 δῆμον
943 3671 1276 3733 ἀνενεγκεῖν,
1311 3662 1406 3719 καὶ
1444 3667 1833 3732 διαγεγονότων

258 3762 366 3829 μὲν
401 3759 612 3811 πολλῶν
641 3758 797 3822 ἐτῶν,
833 3759 935 3828 ἤδη
984 3758 1039 3810 δὲ
1073 3757 1173 3824 τῆς
1225 3757 1507 3825 Ῥωμαίων
1542 3756 1833 3824 ἡγεμονίας

254 3856 341 3913 εἰς
364 3852 458 3902 ἕνα
481 3850 907 3919 περιισταμένης
930 3850 1097 3917 ἄνδρα
1124 3849 1281 3899 Γάϊον
1314 3848 1528 3899 Ἰούλιον
1561 3847 1830 3914 Καίσαρα,

256 3942 400 4009 πρὸς
430 3941 614 3992 τοῦτον
643 3940 921 4008 ἠπείγετο.
958 3940 1393 4008 Συνεπρέσδευον
1422 3939 1477 3989 δὲ
1508 3938 1655 4005 αὐτῷ
1684 3938 1831 3989 ἄλλοι

255 4035 321 4086 τέ
355 4051 499 4094 τινες
527 4033 631 4084 τῶν
681 4032 960 4099 ἐπιφανῶν
1007 4032 1102 4084 καὶ
1133 4033 1158 4081 ὁ
1197 4033 1309 4092 υἱὸς
1356 4031 1655 4100 Πρόπυλος.
1693 4032 1833 4083 Γνω-

260 4127 414 4185 σθεὶς
442 4121 532 4176 οὖν
562 4123 638 4192 τῷ
668 4125 904 4192 Καίσαρι
939 4123 1300 4193 Βριθαγόρας,
1334 4123 1426 4174 καὶ
1456 4122 1832 4191 διαπραξάμε-

256 4234 352 4274 νος
383 4216 663 4284 ἐγγυτέρω
696 4218 762 4284 τῇ
798 4215 952 4283 φιλία
991 4213 1328 4282 προσελθεῖν,
1378 4212 1441 4264 δι’
1490 4213 1832 4281 ὑποσχέσεως

256 4311 502 4372 ἐγένετο,
542 4308 602 4359 οὐ
634 4309 736 4376 μὴν
768 4307 827 4369 ἐξ
859 4306 1047 4374 ἐφόδου
1076 4323 1139 4372 γε
1166 4306 1347 4357 λαϐεῖν
1385 4306 1482 4374 τὴν
1521 4305 1832 4373 ἐλευθερίαν

254 4395 502 4463 ἠδυνήθη
525 4434 538 4455 ,
576 4394 669 4446 ac:
720 4394 782 4463 δὴ
820 4394 918 4446 οὐκ
952 4396 1009 4444 ἐν
1057 4396 1122 4461 τῇ
1177 4392 1364 4463 Ῥώμῃ
1403 4394 1515 4445 ἀλλ’
1552 4393 1637 4460 ἐφ’
1671 4394 1832 4461 ἕτερα

255 4485 358 4537 τοῦ
395 4486 553 4537 Γαΐου
588 4486 1026 4554 περιτρέχοντος.
1060 4485 1174 4536 Οὐκ
1227 4486 1491 4552 ἀφίστατο
1538 4486 1718 4553 μέντοι
1769 4502 1830 4553 γε

1938 3400 2045 3442 tate
2072 3391 2178 3455 jam
2209 3402 2554 3459 augescente,
2580 3393 2830 3461 pupulum
2865 3395 2915 3446 in
2946 3397 3226 3460 pristinam
3279 3398 3494 3450 liberta-

1936 3488 2037 3531 tem
2080 3480 2384 3536 vindicandi
2423 3499 2570 3549 spem
2632 3484 2780 3548 facit,
2840 3488 3101 3555 annisque
3129 3490 3320 3557 elapsis
3353 3490 3494 3542 haud

1937 3571 2144 3636 paucis,
2175 3571 2535 3627 Romanorum
2568 3577 2790 3644 imperio
2812 3579 2918 3646 jam
2948 3581 3010 3630 ad
3067 3596 3228 3633 unum
3285 3582 3344 3634 (ἰ.
3386 3580 3489 3634 Jul.

1940 3660 2205 3714 Caasarem
2238 3664 2507 3728 devoluto,
2542 3668 2605 3719 ad
2630 3682 2751 3720 eum
2809 3671 3103 3723 contendit.
3156 3670 3492 3735 Legatiouem

1934 3767 2055 3804 cum
2085 3768 2149 3805 eo
2183 3756 2422 3821 obibant,
2456 3773 2575 3810 cum
2609 3758 2697 3812 alii
2730 3774 2795 3812 ex
2826 3761 3118 3827 nobilitate,
3152 3773 3259 3815 tum
3292 3761 3494 3832 Propy-

1935 3842 2034 3896 lus.
2070 3843 2140 3897 lbi
2175 3847 2352 3900 notior
2376 3846 2546 3901 factus
2573 3848 2770 3903 Caesari
2800 3850 3164 3921 Brithagoras,
3202 3865 3253 3907 et
3281 3858 3496 3923 prepius

1936 3937 1986 3987 in
2018 3937 2311 3991 amicitiam
2345 3940 2633 4004 admissus,
2677 3944 3088 4010 promissionem
3122 3947 3333 4013 quidem
3363 3949 3498 4001 acci-

1935 4028 2030 4096 pit,
2062 4032 2153 4081 sed
2180 4031 2473 4086 libertatem
2505 4035 2672 4101 prima
2723 4038 2999 4091 occasione
3049 4053 3364 4105 recuperare
3414 4056 3501 4093 ne-

1938 4120 2076 4185 quit,
2112 4124 2251 4186 quod
2294 4138 2395 4174 non
2428 4122 2627 4189 Rumm,
2662 4127 2754 4178 sed
2775 4126 2897 4180 alibi
2930 4137 3219 4191 terrarum,
3250 4126 3422 4182 Julius
3446 4132 3498 4182 in

1937 4213 2272 4279 negotiorum
2298 4214 2644 4269 distractione
2694 4219 3030 4272 versabatur.
3076 4218 3191 4271 Non
3224 4229 3400 4273 tamen
3434 4222 3501 4273 ab

1935 4303 2149 4371 incepto
2172 4305 2378 4358 destitit
2406 4305 2776 4374 Brithagoras,
2823 4310 2913 4362 sed
2942 4325 3036 4377 per
3063 4320 3229 4365 totum
3267 4312 3376 4364 fere
3420 4326 3502 4363 or.

1934 4397 2053 4448 bem
2094 4411 2215 4448 cum
2268 4397 2481 4452 Caesare
2525 4400 2949 4465 circumductus,
2987 4404 3098 4471 ipse
3143 4414 3198 4457 et
3240 4403 3504 4471 Propylus

1936 4486 1986 4538 in
2020 4486 2188 4541 oculis
2225 4487 2339 4554 ejus
2367 4500 2482 4543 erat
2510 4509 2521 4543 :
2563 4501 2619 4544 ut
2643 4506 2744 4545 non
2767 4495 2992 4547 obscure
3026 4496 3314 4562 imperator
3336 4495 3500 4563 signi—

258 4576 627 4644 Βριθαγόρας,
654 4576 788 4627 ἀλλὰ
817 4578 944 4643 περὶ
976 4576 1155 4627 πᾶσαν
1191 4576 1289 4644 τὴν
1319 4578 1641 4645 οἰκουμένην
1670 4578 1829 4639 αὑτός
1865 4603 1911 4660 D

1865 4603 1911 4660 υ
1940 4576 2147 4641 ﬁcaret,
2187 4580 2499 4644 petitionem
2536 4583 2769 4636 hominis
2816 4599 2873 4637 se
2912 4588 3227 4652 approbare.
3295 4584 3502 4637 Duode-

256 4684 323 4718 τε
355 4680 448 4718 και
475 4667 754 4733 Πρόπυλος
780 4666 1286 4735 συμπεριαγόμενος
1304 4666 1383 4733 τῷ
1414 4668 1653 4735 Καίσαρι
1680 4670 1831 4722 ἐϐλέ-

259 4776 399 4811 πετο
427 4760 555 4825 παρ’
596 4758 790 4822 αὑτοῦ,
823 4759 898 4821 ὼς
932 4758 1421 4828 ἐπισημειούμενον
1450 4760 1541 4810 τὸν
1570 4761 1833 4829 αὐτοκρά-

256 4867 397 4919 τορα
430 4851 529 4917 τῆς
572 4850 920 4920 λιπαρήσεως
966 4852 1129 4904 αὑτὸν
1177 4852 1555 4920 ἀποδέχεσθαι.
1592 4854 1836 4906 Δωδεκα-

256 4943 414 5003 ετίας
447 4943 504 4994 δέ
538 4943 635 5013 τὴν
669 4945 970 5014 παρεδρίαν
993 4945 1416 5013 διαμετρούσης,
1447 4946 1541 4997 καὶ
1572 4948 1697 5015 περὶ
1737 4947 1836 5014 τῆς

256 5036 344 5093 είς
403 5031 621 5103 Ῥώμην
660 5036 917 5087 ἐπανόδου
964 5035 1057 5087 τοῦ
1100 5036 1373 5105 Καίσαρος
1420 5037 1834 5105 διανοουμένου,

257 5121 371 5172 ὑπό
406 5139 465 5173 τε
513 5122 604 5174 τοῦ
636 5126 837 5192 γήρους
890 5125 982 5175 καὶ
1027 5124 1134 5177 τῶν
1169 5125 1409 5193 συνεχῶν
1456 5127 1637 5179 πόνων
1672 5145 1836 5180 κατα-

1941 4670 2042 4722 cim
2107 4672 2322 4726 tandem
2381 4688 2551 4728 annos
2610 4676 2660 4727 in
2714 4674 3078 4729 familiaritate
3134 4676 3501 4729 Romanorum

1940 4772 2216 4826 emensus,
2265 4780 2385 4819 cum
2416 4764 2527 4833 jam
2577 4766 2754 4820 redire
2794 4766 2974 4821 Caasar
3026 4768 3340 4821 illSlitUissel
3392 4768 3505 4819 Ro—

1943 4868 2110 4917 mam,
2144 4866 2364 4910 senecta
2401 4868 2454 4911 et
2514 4857 2757 4911 laborum
2830 4860 3147 4913 assiduitate
3208 4860 3504 4915 exhaustus

1946 4944 2313 5017 Brithagoras,
2356 4952 2534 5005 vivere
2575 4953 2790 5013 desinit,
2823 4962 2877 5005 et
2914 4953 3167 5021 grandem
3216 4955 3397 5021 patria:
3429 4954 3504 5005 lu-

1946 5051 2088 5094 ctum
2119 5057 2146 5093 a
2178 5057 2235 5095 se
2272 5043 2545 5111 relinquit.
2586 5044 2763 5112 Atque
2798 5044 2868 5095 ita
2904 5059 2990 5095 xvi
3030 5045 3190 5095 etiam
3242 5044 3373 5097 liber
3399 5046 3500 5098 Hi-

1944 5132 2229 5184 storiarum
2259 5132 2556 5187 Memnonis
2584 5135 2923 5187 abbrevialtts
2960 5135 3117 5186 linem
3144 5135 3324 5186 habet.

253 5212 561 5282 τρυχωθεὶς
593 5214 929 5283 Βριθαγόρας
955 5214 1197 5285 τελευτᾷ,
1236 5218 1374 5285 μέγα
1403 5217 1595 5280 πένθος
1619 5222 1682 5288 τῇ
1718 5222 1929 5292 πατρίδι
1984 5224 2316 5279 καταλιπών.
2360 5227 2451 5287 Εἰς
2476 5224 2712 5277 τοιοῦτον
2738 5226 2781 5255 ³⁸
2832 5224 2929 5292 μὲν
2992 5224 3143 5287 τέλος
3198 5227 3291 5277 καὶ
3342 5228 3371 5277 ὁ
3430 5232 3501 5289 ις’

255 5310 416 5376 λόγος
447 5309 547 5376 τῆς
576 5309 853 5379 Μέμνονος
884 5312 1119 5380 ἱστορίας
1150 5314 1395 5384 τελευτᾷ.

338 5404 495 5455 Ἐστι
526 5402 580 5453 δέ
609 5406 641 5472 ἡ
675 5405 967 5474 συγγραφὴ
993 5407 1247 5475 νουνεχὴς
1282 5409 1379 5477 μὲν
1412 5410 1503 5461 καὶ
1537 5412 1625 5461 τόν
1653 5414 1828 5481 ἰσχνὸν

258 5494 680 5563 μεταδιώκουσα
711 5501 1035 5567 χαρακτῆρα
1056 5538 1069 5560 ,
1119 5499 1179 5549 οὐ
1217 5498 1321 5569 μὴν
1352 5500 1467 5552 οὐδὲ
1495 5502 1587 5554 τοῧ
1634 5506 1839 5572 σαφοῦς

2009 5410 2200 5482 2ωα
2230 5411 2467 5464 Prudens
2489 5420 2572 5462 est
2620 5412 2832 5478 quidem
2866 5411 2977 5463 hcce
3029 5409 3281 5473 Historia,
3310 5419 3364 5462 et
3392 5426 3507 5461 ext-

1949 5505 2051 5558 lem
2120 5517 2417 5571 assequens
2476 5504 2867 5554 characterem.
2927 5501 3332 5567 Perspicuitatts
3397 5515 3503 5551 non

1545 5618 1777 5674 VAllIIE
1809 5616 2213 5674 LECTIONES.

330 5708 384 5781 ei
403 5722 462 5758 τε
500 5704 718 5781 add.“A.
787 5706 833 5781 ’_’
861 5706 1095 5777 πατρῴῳ
1134 5708 1396 5781 διειλέχθη
1427 5730 1483 5777 ς’.

256 5776 452 5842 ζεσθαι
479 5793 540 5839 ς.
615 5776 659 5804 ⁸⁸
681 5774 889 5828 τοιοῦτο
922 5774 978 5840 ς.

542 5872 812 5934 Puncta
845 5875 962 5936 Gn.
1000 5875 1155 5938 Clll.

1563 5714 1606 5745 ’³
1634 5712 2047 5783 ἐπεστρέψαμεν
2076 5728 2137 5775 ς.

2276 5709 2320 5740 ’⁵
2348 5708 2678 5776 ἐπανάγεται
2735 5710 2774 5763 Α
2812 5727 2825 5761 :
2857 5710 3042 5777 ἄγεται
3068 5727 3128 5772 ς.
3235 5711 3279 5741 ’⁵
3308 5713 3505 5763 ἐνοικί-

3038 5870 3110 5930 30
