4208 6448
736 382 843 448 939
1873 383 2134 445 PHOTII
2178 383 2398 445 PATR]

2324 385 2679 447 RIARCII/E
2708 387 2813 447 (ΙΙ).
3859 396 3983 461 940

738 499 1057 562 incuriosus,
1090 494 1512 567 digressionibus
1559 504 1735 551 tamen
1781 497 1963 564 utitur,
1996 497 2292 565 praesertim
2322 514 2400 570 At

2322 514 2370 570 Α
2394 498 2667 565 ἀμελοῦσα
2687 540 2701 562 ,
2734 497 3100 569 εὐλαϐουμένη
3133 500 3189 553 δὲ
3218 502 3313 554 καὶ
3338 503 3433 564 τὰς
3469 503 3716 573 ἐκϐολὰς,
3749 504 3895 575 πλὴν
3926 509 3984 557 ει

737 589 1057 644 necessitate
1082 588 1324 652 adactus,
1348 595 1404 640 et
1451 587 1686 641 externis
1742 588 1999 642 addendis
2030 589 2133 640 huc
2166 589 2293 640 lior-

2402 592 2473 658 μή
2526 591 2626 642 πού
2672 607 2756 652 τις
2804 592 3017 659 ἀνάγκη
3070 593 3416 659 συνυφαίνειν
3465 593 3586 664 [737
3632 592 3725 665 8.]
3756 598 3848 647 καὶ
3903 597 3983 648 τὰ

738 680 996 734 tantibus.
1029 679 1212 748 Neque
1244 680 1292 732 id
1325 680 1518 733 accidit
1550 680 1879 748 frequenter,
1913 682 2003 733 sed
2058 681 2144 731 tibi
2198 679 2295 732 sti-
2399 717 2400 724 η

2399 679 2596 743 ἔξωθεν
2627 680 2973 745 ὲγκελεὺεται
3004 682 3100 750 τῆς
3135 682 3467 751 προθέσεως.
3504 683 3637 736 Οὐδὲ
3670 686 3811 754 πρὸς
3838 686 3985 736 ταύ-

738 768 929 821 mulari
961 783 1019 822 se
1052 768 1233 821 sentit.
1267 767 1427 820 Redit
1454 783 1581 822 vero
1604 769 1667 821 ad
1696 768 2048 837 propositum.
2084 767 2292 833 Verbis,
2397 792 2400 803 ι

2397 787 2497 838 την
2526 771 2580 822 δὲ
2609 772 2702 823 ἐπὶ
2735 771 2794 823 τὸ
2825 773 3019 841 συχνὸν
3050 773 3353 837 ἀποκλίνει,
3384 774 3517 827 ἀλλὰ
3544 775 3605 827 τὸ
3640 780 3984 842 κατεπεῖγον

736 860 837 913 nisi
876 874 995 912 raro
1029 859 1345 920 immutatis,
1376 860 1588 913 usitatis
1636 862 1822 913 utitur.
1883 858 1955 913 De
1990 870 2112 912 octo
2143 859 2293 913 libris

2399 861 2794 929 ὲπιμνησΟεῖσα
2834 861 3018 930 ἔχεται
3049 863 3212 915 πάλιν
3247 864 3653 933 εὑεπιστρόφως
3685 866 3786 934 τῆς
3830 883 3986 936 προ-

734 959 927 1016 praaler
954 949 1206 1012 sedecim,
1242 953 1382 1017 quod
1400 964 1492 1003 eos
1521 952 1753 1004 nomium
1772 951 1949 1004 videre
1983 950 2287 1019 contigerit,

2396 951 2644 1021 τεθείσης
2679 953 2814 1021 αὐτῇ
2840 955 2959 1004 κατ’
2986 954 3158 1022 ἀρχὰς
3188 954 3432 1024 γνώμης.
3470 957 3575 1008 Καὶ
3604 955 3783 1020 λέξεσι
3812 957 3892 1017 δὲ,
3932 958 3985 1008 εί

734 1056 839 1094 non
868 1040 1037 1094 habeo
1067 1039 1265 1094 dicere.

2405 1046 2477 1112 μή
2539 1062 2640 1096 που
2696 1046 2938 1107 σπανίως
2989 1045 3477 1111 ὲξαλλαττούσαις,
3536 1050 3654 1112 ταῖς
3714 1050 3986 1117 συνήῡεσι

730 1137 932 1205 χρᾶται
958 1135 1027 1188 ⁸⁷.
1069 1134 1179 1196 Τὰς
1210 1133 1269 1186 δὲ
1306 1132 1526 1204 πρώτας
1555 1135 1606 1207 η’
1641 1137 1878 1205 ἱστορίας
1914 1136 2131 1199 καὶτὰς
2166 1136 2301 1206 μετὰ
2328 1136 2424 1205 τὴν
2482 1145 2558 1203 ις’
2614 1139 2766 1192 οὔπω
2819 1142 2993 1194 εἰπεῖν
3059 1143 3140 1203 εἰς
3223 1143 3351 1195 Οέαν
3432 1143 3590 1213 ήμῶν
3661 1144 3987 1213 ἀφιγμένας

732 1230 948 1298 ἔχομεν.

1562 1322 1639 1378 De
1667 1321 1916 1377 Clearcho
1944 1335 2166 1393 tyranno
2208 1322 2473 1375 lleraclem
2505 1319 2758 1375 Pontica'.
2795 1320 2876 1374 Ea:
2909 1320 3098 1375 Suida.

805 1414 1096 1487 Clearchus
1144 1415 1397 1471 Ponticus
1445 1416 1682 1487 Athenas
1730 1414 2156 1487 venitaudieudi
2209 1412 2445 1487 Platonis
2480 1423 2541 1487 et
2595 1411 3637 1487 doctrina:__pliilosopliiczecupiditate.
3696 1414 3800 1487 Sed
3854 1418 3983 1487 ejus

743 1485 1126 1555 consuetudine
1162 1502 1270 1555 non
1315 1487 1404 1538 diu
1472 1501 1599 1539 usus
1645 1485 1784 1555 (erat
1819 1485 1961 1537 enim
2010 1486 2112 1537 diis
2158 1480 2441 1555 inimicus)
2468 1482 2531 1555 in
2566 1482 2768 1532 somnis
2793 1481 2925 1534 vidit
2962 1480 3250 1555 mulierem,
3276 1484 3377 1537 sibi
3399 1480 3673 1538 dicentem
3707 1504 3720 1537 :
3755 1480 3982 1541 Excede

741 1553 1275 1627 academia,et|fuge
1310 1549 1700 1627 pliilosOpliiain
1732 1571 1744 1605 :
1777 1569 1945 1621 neque
1976 1555 2119 1605 enim
2154 1567 2215 1604 ea
2257 1550 2357 1627 frui
2378 1550 2479 1627 tibi
2512 1549 2595 1601 fas
2615 1559 2716 1626 est,
2742 1564 2861 1627 quae
2886 1562 2938 1604 te
2995 1552 3349 1606 infestissimo
3376 1556 3525 1607 vultu
3555 1557 3811 1627 intuetur.
3844 1557 3989 1620 Qui-

742 1622 841 1675 bus
885 1624 1101 1688 auditis,
1138 1620 1382 1679 ’redit'in
1415 1620 1804 1690 etpeditionem
1842 1620 1937 1675 :iet
1962 1635 2252 1689 oppressus
2285 1620 2503 1679 invidia,
2532 1621 2701 1685 patria
2752 1620 2959 1690 relicta,
3007 1637 3412 1689 conscensaque
3453 1639 3608 1687 nave,
3650 1626 3773 1676 dum
3822 1628 3986 1679 exsul

745 1694 981 1761 oberrat,
1024 1693 1270 1759 pervenit
1320 1695 1384 1746 ad
1435 1688 1823 1754 Mithridatem,
1850 1688 2150 1758 castrisque
2182 1690 2319 1757 apud
2356 1690 2713 1761 compositis,
2763 1688 3184 1761 laudatumNon
3238 1688 3405 1744 multo
3456 1705 3575 1760 post
3622 1695 3803 1761 gravis
3835 1698 3988 1747 inter

745 1758 1091 1832 [feracleot’as
1135 1764 1349 1816 exsistit
1393 1764 1602 1816 seditio.
1640 1763 1839 1815 Deinde
1881 1762 1931 1813 iii
1967 1761 2193 1832 gratiam
2244 1769 2298 1809 et
2336 1758 2694 1832 concordiam
2726 1758 2920 1832 redire
2942 1758 3681 1832 cupientes,»pacificatorem
3732 1765 3987 1832 deligunt

740 1827 1075 1901 Clearchum.
1126 1832 1174 1883 Is
1207 1834 1257 1885 in
1296 1834 1491 1893 reditu,
1528 1833 1578 1883 in
1637 1832 1931 1884 diversorio
1955 1825 2184 1897 quodam
2215 1842 2405 1901 rursus
2438 1827 2489 1878 in
2527 1825 3038 1901 §Dllllli§AEV09illlll_,
3076 1825 3514 1883 Heracleotarum
3552 1825 3984 1901 tyranuutn'sibi

741 1898 1003 1970 dicentem
1034 1902 1180 1953 audit
1208 1919 1220 1954 :
1255 1902 1477 1968 Oportet
1500 1912 1550 1953 te
1584 1912 1867 1970 tyrannum
1908 1896 2024 1951 esse
2062 1898 2500 1970 patriaab'edet
2529 1897 2611 1948 hic
2645 1896 3037 1970 philoSOphiam
3066 1914 3410 1970 euincavere
3439 1896 3681 1966 jubebat,
3718 1898 3985 1955 renovata

740 1969 935 2021 somnii
982 1966 1325 2023 Atheniensis
1378 1966 1657 2023 memoria.
1710 1968 1909 2021 Rerum
1968 1981 2187 2037 potitus,
2228 1966 2784 2037 erudelissimusfuit,
2821 1977 2874 2018 et
2902 1968 3245 2034 insuperabili
3280 1971 3531 2037 superbia
3564 1974 3834 2031 incensus,
3871 1974 3985 2023 liu-

740 2052 894 2106 mana
931 2039 1236 2091 conditione
1278 2047 1608 2106 contempta,
1654 2040 1867 2091 adorari
1918 2036 1997 2099 se,
2028 2047 2081 2090 et
2126 2037 2335 2089 divinos
2381 2037 2563 2088 haberi
2585 2036 2712 2106 _sibi
2758 2037 2996 2089 honores
3026 2036 3432 2105 postulavit,’et
3465 2050 3642 2093 vestes
3675 2040 3777 2093 diis
3812 2042 3984 2093 fami-

746 2105 912 2160 liares
966 2109 1161 2169 induit,
1194 2104 1724 2175 eoriitiiqiiestatuis
1766 2109 1991 2177 decoras
2026 2124 2039 2159 :
2076 2117 2135 2177 et
2173 2107 2339 2157 liliuut
2385 2120 2542 2177 suum
2570 2104 2877 2177 Ceraunon,
2916 2108 2965 2158 id
2990 2104 3077 2177 εει
3109 2108 3333 2170 fulmen,
3358 2111 3662 2177 appellavit.
3702 2109 3988 2163 lnterfeeit

740 2187 918 2248 autem
950 2192 1081 2248 eum
1123 2178 1357 2246 primum
1388 2174 1624 2248 vindicta
1660 2193 1674 2230 :
1709 2178 1901 2248 deinde
1946 2175 2172 2248 Cliionis
2220 2190 2430 2248 manus,
2468 2174 2749 2248 faunliaris
2792 2174 3057 2248 Platonis,
3105 2187 3159 2230 et
3199 2178 3317 2248 ejus
3348 2174 3657 2245 ad'tempus
3685 2182 3985 2248 auditoris,

738 2246 830 2312 qui
875 2247 997 2299 odio
1030 2242 1239 2315 tyranni
1272 2249 1321 2299 in
1366 2247 1508 2301 illius
1538 2248 1741 2299 milibus
1771 2246 1964 2299 hausto
1998 2247 2227 2311 patriam
2262 2244 2530 2297 liberavit.
2557 2242 2687 2295 Tam
2719 2246 2964 2312 praeclari
2995 2245 3253 2299 facinoris
3296 2248 3430 2301 socii
3466 2242 3685 2303 fuerunt
3710 2242 3986 2303 Leonides

738 2325 791 2367 et
816 2316 1126 2383 Antitheus,
1162 2318 1263 2386 ipsi
1292 2332 1507 2387 quoque
1542 2317 1868 2385 philosophi.
1904 2316 2088 2370 Justas
2119 2324 2296 2367 autem
2333 2316 2601 2367 scelerum
2634 2328 2824 2381 poenas
2857 2329 2979 2367 eum
3011 2317 3245 2381 dedisse,
3275 2316 3479 2371 dictum
3513 2327 3617 2372 est.

1616 2407 1697 2460 Ea:
1732 2406 1961 2459 Diodoro
1988 2404 2187 2468 Siculo,
2222 2405 2315 2456 lib.
2346 2419 2435 2469 xv,
2474 2403 2547 2457 De
2578 2406 2757 2457 eodem
2784 2405 3060 2462 Clearclio.

817 2496 1015 2549 Eadem
1052 2512 1180 2551 vero
1219 2507 1533 2566 tempestate
1561 2499 1880 2562 Clearchus,
1912 2513 1975 2551 ex
2016 2496 2276 2550 Heraclea
2314 2495 2535 2548 Pontica
2565 2498 2848 2561 oriundus,
2886 2497 3229 2566 tyrannidem
3265 2498 3563 2561 aflectavit,
3606 2514 3670 2552 ac
3697 2499 3803 2553 voti
3826 2513 3985 2553 com-

745 2581 842 2635 pos
884 2570 1054 2620 lactus
1077 2608 1091 2631 ,
1123 2570 1404 2621 aemulatus
1440 2580 1521 2620 est
1558 2569 1797 2637 Dionysii
1842 2572 2058 2637 tyranni
2110 2567 2379 2631 instituta,
2422 2577 2476 2619 et
2510 2566 2789 2635 splendide
2837 2570 3178 2635 tyrannidem
3221 2570 3273 2619 in
3309 2568 3653 2623 lleracleotas
3688 2584 3981 2632 exercens,

744 2652 1025 2703 imperium
1066 2639 1233 2690 tenuit
1265 2654 1359 2707 per
1393 2652 1565 2693 annos
1595 2640 1901 2691 duodecim.

1969 2730 2053 2784 Ea:
2079 2734 2257 2786 eodem
2280 2730 2510 2783 Diodoro
2538 2732 2628 2783 lib.
2664 2745 2772 2782 xvr.

805 2818 1098 2895 Qiearchus
1157 2821 1429 2875 Heracleae
1465 2833 1743 2895 tyrannus,
1802 2839 1921 2876 eum
1950 2826 2200 2895 Dionysia
2236 2825 2311 2892 (id
2347 2837 2427 2877 est
2463 2823 2837 2890 Bacchanalia)
2865 2830 3071 2885 essent,
3105 2822 3227 2874 dum
3259 2828 3324 2877 ad
3359 2825 3665 2893 Spectacula
3686 2824 3853 2890 vadit,
3882 2825 3984 2878 iii-

741 2890 997 2944 terfectus
1020 2901 1126 2956 est,
1162 2907 1257 2960 per
1292 2907 1460 2944 annos
1490 2890 1773 2945 duodecim
1814 2895 2038 2962 imperio
2066 2890 2291 2963 p'otitus.

1395 2983 1478 3035 Ea:
1503 2982 1827 3052 Theopompo
1856 2984 2003 3049 Chio,
2028 2986 2092 3039 de
2128 2987 2304 3039 eodem
2332 2983 2601 3047 Clearcho,
2629 2983 2767 3047 apud
2794 2984 3095 3037 Athenwum
3122 2982 3210 3035 lib.
3238 2999 3317 3036 in.

810 3073 1005 3128 Multos
1038 3085 1214 3129 morte
1244 3074 1475 3127 violenta
1502 3090 1530 3127 e
1564 3076 1739 3128 rnedio
1809 3076 2046 3139 tollebat,
2080 3092 2143 3128 ac
2222 3076 2631 3144 quampluriinis
2668 3075 2916 3144 cicutam
2981 3074 3262 3127 bibendam
3294 3076 3621 3142 porrigebat.
3672 3076 3803 3130 Cum
3848 3093 3985 3131 vero

738 3145 1065 3199 innotuisset
1110 3145 1358 3198 omnibus
1393 3145 1479 3196 hic
1526 3146 1737 3213 tyranni
1789 3161 1927 3208 nios,
1963 3146 2277 3213 prepinandi
2316 3143 2578 3198 venenum
2628 3143 2778 3203 illud,
2813 3152 3067 3209 tanquam
3124 3146 3371 3209 poculum
3407 3149 3549 3210 quod
3588 3149 3837 3200 amicitia:
3865 3159 3985 3199 tes-

738 3223 911 3268 tandae
942 3230 1070 3281 ergo
1117 3215 1389 3282 propitiari
1430 3213 1585 3277 solet,
1623 3230 1687 3266 ex
1712 3216 1916 3269 aedibus
1952 3232 2054 3267 non
2090 3216 2505 3282 egrediebantur
2567 3214 2876 3281 priusquam
2914 3220 3087 3264 rutam
3121 3215 3377 3266 edisserit.
3410 3214 3522 3268 lloe
3552 3218 3695 3268 enim
3730 3219 3816 3283 qui
3848 3218 3982 3270 ede-

748 3286 875 3349 rint,
916 3285 1019 3337 illis
1050 3286 1247 3338 aconiti
1285 3291 1468 3351 potum
1502 3284 1636 3335 nihil
1675 3300 1870 3338 nocere
1892 3286 1984 3337 ait.

1209 3375 1286 3427 De
1315 3375 1579 3427 Timotheo
1610 3383 1834 3442 tyranno
1870 3375 2138 3429 Heraclea:
2172 3374 2427 3439 Pontiae,
2454 3374 2696 3427 Clearclii
2726 3374 2859 3441 ﬁlio,
2896 3373 2981 3426 Ea:
3014 3373 3245 3426 Diodoro
3272 3374 3364 3428 lib.
3396 3390 3507 3427 xvi.

807 3469 1034 3537 Imperio
1059 3468 1307 3523 Clearcbi
1341 3483 1463 3522 cum
1496 3469 1850 3523 successisset
1875 3469 2015 3523 filius
2044 3469 2377 3532 Timotheus,
2408 3485 2471 3521 eo
2500 3472 2699 3536 potitus
2725 3477 2807 3520 est
2830 3482 2923 3535 per
2952 3482 3122 3521 annos
3156 3482 3242 3518 xv.

1860 3565 1943 3617 Ea:
1970 3567 2151 3619 eodem
2190 3566 2445 3628 Diodoro,
2476 3565 2654 3618 eodem
2699 3564 2851 3616 libro.

811 3651 943 3705 Dum
980 3654 1093 3706 hac
1123 3660 1401 3721 geruntur,
1438 3652 1751 3706 Timetheus
1808 3651 2078 3705 Heracleae
2118 3653 2353 3706 Ponticae
2386 3664 2647 3721 tyrannus
2675 3652 2810 3713 obit,
2852 3666 2973 3704 cum
3007 3666 3103 3718 per
3132 3652 3439 3718 quindecim
3477 3668 3645 3708 annos
3673 3655 3982 3713 dominatus

738 3733 902 3775 esset.
943 3723 1002 3775 Ei
1036 3720 1296 3776 succeSsit
1324 3720 1492 3776 frater
1523 3724 1827 3790 Dionysius,
1862 3724 1949 3789 qui
1983 3737 2077 3787 per
2114 3724 2248 3775 duos
2280 3733 2332 3775 et
2361 3720 2576 3789 triginta
2605 3736 2773 3773 annos
2795 3722 3081 3789 imperium
3112 3723 3365 3774 obtinuit.

1712 3812 1795 3866 Ex
1833 3814 2078 3868 Athenaeo
2111 3815 2242 3867 libro
2272 3830 2370 3877 χιι,
2397 3816 2460 3866 de
2490 3813 2741 3867 Clearcho
2766 3815 3013 3867 secundo.

819 3904 1074 3974 riymphis
1111 3903 1455 3960 Heracleotes
1487 3906 1623 3959 libro
1672 3907 1907 3960 secundo
1942 3907 2006 3958 de
2052 3905 2315 3959 Heraclea
2348 3904 2554 3967 scribit,
2592 3904 2931 3966 Clearclmm,
2966 3904 3151 3972 patriae
3177 3918 3286 3957 suae
3324 3916 3631 3973 tyrannum,
3661 3907 3781 3975 ejus
3809 3912 3978 3967 lilium

739 3977 829 4045 qui
869 3976 1208 4044 tyrannidem
1274 3978 1480 4043 primus
1528 3978 1826 4039 invaserat,
1864 3975 1991 4027 luxu
2041 3987 2092 4028 et
2134 3976 2447 4043 quotidiana
2477 3976 2773 4045 voracitate
2809 3975 3007 4025 sensim
3054 3976 3104 4025 in
3140 3984 3340 4025 tantam
3384 3976 3573 4028 molem
3604 3981 3785 4031 carnis
3818 3994 3979 4034 extu-

738 4044 963 4117 tiiuisse,
988 4054 1044 4095 ut
1086 4054 1305 4117 propter
1349 4046 1678 4110 crassitiem,
1708 4054 1761 4097 et
1787 4045 2137 4117 oliesitatem,
2173 4046 2444 4097 anhelitus
2473 4044 2784 4117 diflieultate
2808 4054 3093 4117 correptus
3128 4045 3196 4095 sit
3236 4053 3290 4094 et
3337 4046 3704 4110 strangulata,
3745 4050 3976 4117 ideoque

737 4116 976 4185 medicos
1003 4115 1342 4181 praecepisse,
1370 4125 1426 4169 ut
1457 4118 1709 4168 tenuibus
1735 4115 1799 4166 ad
1831 4115 1881 4165 id
1904 4118 2108 4185 paratis
2140 4117 2361 4177 acubus,
2388 4123 2439 4166 et
2466 4114 2774 4185 praelongis,
2806 4112 2972 4185 latera
3004 4124 3061 4163 et
3088 4124 3329 4185 ventrem
3371 4117 3730 4178 contigerent,
3762 4112 3977 4185 quoties

739 4185 791 4234 in
848 4182 1247 4249 profundiorem
1283 4198 1527 4236 somnum
1576 4186 1869 4237 laberetur.
1902 4182 2077 4236 Carne
2108 4185 2158 4236 iit
2220 4185 2415 4237 callum
2446 4184 2677 4250 Spissata
2703 4183 2770 4233 ob
2802 4182 3022 4233 nimiam
3069 4184 3466 4248 pinguedinem,
3495 4182 3807 4251 aliquandiu
3845 4192 3978 4241 nihil

742 4253 831 4303 ille
864 4252 1174 4323 sentiebat;
1214 4268 1335 4304 cunt
1367 4268 1493 4305 vero
1519 4253 1585 4305 ad
1618 4268 1799 4322 puram
1831 4254 2018 4305 adacta
2045 4268 2263 4305 carnem
2296 4268 2425 4305 acus
2456 4252 2809 4323 perforasset,
2832 4262 2941 4301 tum
2968 4252 3462 4323 expergiscebatur.
3497 4252 3565 4304 lis
3587 4255 3679 4321 qui
3714 4271 3976 4323 responsa

738 4323 1016 4389 petebant,
1060 4322 1341 4395 reddebat,
1371 4326 1583 4395 corpori
1613 4320 1825 4391 objecta
1853 4337 2002 4387 arca,
2032 4337 2149 4390 quae
2176 4332 2361 4390 partes
2398 4324 2633 4389 reliquas
2666 4322 2965 4387 obtegeret,
2999 4334 3057 4373 ut
3094 4320 3232 4371 facie
3259 4328 3465 4372 tantum
3490 4320 3677 4390 aperta
3701 4320 3976 4395 colloque-

738 4401 891 4443 retur
919 4405 1039 4443 cum
1070 4392 1134 4443 iis
1163 4391 1253 4458 qui
1282 4394 1695 4460 conipellabant.

806 4460 1097 4530 Aliquanto
1149 4468 1269 4529 post
1300 4478 1313 4512 :
1345 4458 1516 4513 annos
1543 4464 1934 4530 quinquaginta
1974 4462 2211 4527 quinque
2252 4470 2407 4512 natus
2438 4460 2577 4512 diem
2615 4458 2781 4530 obiit,
2803 4458 3086 4527 tyrannide
3120 4473 3215 4527 per
3245 4473 3415 4511 annos
3450 4461 3667 4530 triginta
3706 4471 3818 4520 tres
3849 4481 3974 4521 con-

737 4528 964 4595 tinuata,
995 4528 1317 4597 prioresque
1349 4545 1407 4582 se
1443 4528 1709 4598 tyrannos
1740 4528 2053 4585 antecelluit
2081 4532 2333 4582 comitate
2359 4540 2412 4581 et
2449 4528 2875 4582 mansuetudine.

1265 4620 1343 4673 De
1374 4620 1572 4673 Zatlira
1596 4634 1641 4673 ει
1680 4621 1933 4676 Clearcho
1965 4623 2244 4689 fratribus,
2287 4622 2523 4689 tyrannis
2558 4618 2844 4680 flet-actem,
2872 4634 2935 4671 ea:
2962 4617 3196 4671 Diodoro
3230 4620 3321 4672 lib.
3357 4635 3446 4672 xx.

810 4713 941 4766 Dum
980 4712 1093 4765 haec
1124 4721 1407 4781 geruntur,
1439 4712 1723 4781 Dionysius
1747 4712 2015 4766 Heracleae
2041 4711 2274 4782 Pontica:
2309 4723 2566 4779 tyrannus
2601 4710 2754 4771 obiit,
2792 4725 2911 4762 cum
2974 4713 3191 4780 triginta
3246 4714 3378 4765 duos
3422 4728 3592 4766 annos
3635 4716 3970 4782 imperasset.

737 4780 1333 4837 Successerunt’autem
1362 4785 1477 4849 ejus
1511 4780 1733 4849 imperio
1768 4782 1997 4837 Zathras
2030 4793 2083 4834 et
2114 4780 2431 4843 Clearchus,
2464 4782 2594 4845 filii;
2630 4782 2789 4846 idque
2816 4794 2913 4846 per
2941 4784 3324 4847 septemdecim
3362 4798 3532 4835 annos
3561 4780 3870 4842 tenuerunt.

1396 4896 1651 4950 ccxxv.
2338 4883 2379 4935 Β
3101 4896 3269 4949 Σκει.

733 4987 944 5055 Eulogii
992 4988 1154 5055 episc.
1186 4988 1539 5041 Alexandrini
1582 4990 1712 5041 liber
1750 4999 1933 5040 contra
1979 4986 2229 5041 Severum
2258 4998 2303 5040 et

2413 4983 2711 5050 Εὐλογίου
2741 4984 2910 5035 mina
2956 4984 3400 5052 Ἀλεξανδρείας
3419 4985 3660 5050 ,ϐιϐλίον
3699 4992 3852 5045 κατὰ
3890 4998 3973 5048 Τι-

1210 5062 1531 5113 Timotheum
1556 5059 1849 5112 literelt'cos.
2859 5083 2872 5121 Α

2859 5055 3078 5121 μοθέου
3109 5058 3205 5108 καί
3233 5061 3516 5123 Σευιιρου.

807 5149 935 5219 Legi
966 5149 1106 5204 beati
1132 5148 1341 5219 Eulogii
1369 5152 1607 5219 episcopi
1636 5150 1969 5204 Alexandrni
1993 5164 2128 5217 opus
2153 5148 2303 5202 libris

2484 5142 2610 5213 [760
2659 5142 2749 5212 R.|
2828 5146 3164 5215 Ἀνεγνώσθη
3214 5150 3308 5201 τοῦ
3361 5152 3419 5203 ἐν
3487 5156 3662 5222 ἁγίοις
3721 5157 3972 5223 Εὑλογίου

732 5242 1439 5311 duobus;comprehensum,
1454 5253 1641 5311 estque
1658 5241 1899 5297 defensio
1919 5242 2087 5295 sancti
2110 5241 2304 5294 Leonis

2414 5238 2570 5287 πάντα
2600 5236 3001 5305 Ἀλεξανδρείας
3022 5238 3223 5305 βιϐλίον
3241 5243 3297 5293 ὲν
3318 5243 3495 5311 λόγοις
3512 5247 3577 5315 β’.
3603 5248 3676 5298 Τὸ
3695 5248 3753 5299 δὲ
3775 5249 3974 5316 βιϐλίον

732 5332 1005 5399 pontificis
1053 5333 1305 5389 Romani.
1375 5335 1665 5389 Acensatio
1736 5350 1863 5387 vero
1931 5332 2202 5387 Timothei
2251 5341 2305 5384 et

2414 5328 2707 5395 συνηγορία
2741 5328 2837 5395 μέν
2863 5328 2977 5379 ἐστι
3010 5329 3117 5382 τῶν
3139 5331 3196 5382 ὲν
3224 5331 3299 5401 τῷ
3343 5334 3494 5405 τόμῳ
3540 5339 3767 5399 Λέοντος
3792 5340 3887 5391 τοῦ
3921 5342 3973 5391 ὲν

732 5418 942 5486 Severi,
974 5423 1065 5490 qui
1119 5421 1342 5477 Tomum
1376 5424 1860 5494 reprehendebant.
1894 5423 2102 5476 Etenim
2136 5425 2304 5474 haere-

2414 5420 2586 5485 ἁγίοις
2619 5420 2717 5488 τῆς
2763 5418 2977 5490 Ῥώμης
3022 5423 3322 5492 ἀρχιερέως
3346 5467 3361 5492 ,
3385 5428 3602 5497 ἐλεγχος
3624 5429 3681 5481 δὲ
3712 5430 3974 5498 Τιμοθέου

733 5511 809 5565 sis
849 5521 1133 5580 utrumque
1178 5516 1408 5583 superbe
1452 5517 1715 5587 synodum
1748 5530 1813 5567 ac
1863 5512 2090 5567 Tomuui
2135 5526 2306 5579 oppu-

2413 5512 2504 5559 καὶ
2531 5509 2771 5579 Σεϐήρου
2808 5512 2914 5563 τῶν
2940 5516 3307 5568 κατειπόντων
3337 5518 3429 5569 τοῦ
3454 5520 3643 5587 τόμου·
3672 5521 3767 5570 καὶ
3803 5522 3910 5589 γὰρ
3942 5524 3971 5587 ἡ

733 5616 898 5670 gnare
936 5605 1191 5671 compulit
1228 5624 1241 5659 :
1290 5606 1549 5661 Severum
1593 5608 1811 5676 quidem
1856 5605 2183 5674 planiorem,
2214 5618 2303 5655 ac-

2412 5602 2622 5669 αἵρεσις
2662 5604 2924 5671 ἑκάτερον
2959 5606 3099 5659 κατὰ
3138 5607 3234 5676 τῆς
3280 5608 3500 5663 συνόδου
3536 5610 3631 5662 καὶ
3672 5608 3768 5662 τοῦ
3808 5610 3971 5678 τόμον

2033 5695 2062 5747 \
2077 5701 2113 5748 A
2128 5694 2189 5746 Ill
2204 5692 2262 5745 (Ε
2308 5690 2595 5744 ιλιῖιιτιυλ
2607 5691 2704 5745 ΕΞ.

808 5786 849 5813 ⁵⁵τ
883 5783 1074 5854 χρῆται
1101 5802 1159 5847 τ.
