4208 6448
276 418 384 483 941

1341 402 1861 467 BIBLIOTHECA.
1885 422 1956 435 -
1984 396 2145 459 COD.
2172 395 2435 458 CCXXV.

3394 381 3502 448 9H

282 527 622 602 μεγαλαυχεῖ
648 522 1045 591 ἀγωνίσασθαι,
1086 519 1221 573 ἀλλὰ
1251 520 1489 586 Σεϐῆρον
1514 516 1612 585 μὲν
1643 512 1848 566 πλατύ-
1878 516 1919 572 Α

1842 516 1919 572 ιλ
1951 507 2274 560 curatiorem
2336 516 2465 560 vero
2532 495 2897 553 Timotheum.
2965 493 3269 552 Domitiano
3321 505 3504 550 autem

277 638 465 691 τερον,
494 616 758 687 Τιμόθεον
803 614 859 665 δὲ
902 612 1304 681 ἀκριϐέστερον.
1349 606 1662 677 Προσφωνεῖ
1689 604 1745 657 δὲ
1788 602 1850 656 τὸ

281 711 497 780 βιϐλίον
523 704 837 779 Δομετιανῷ
864 703 941 773 τῷ
972 701 1277 771 Μελιτηνῐκ
1310 698 1570 768 ἀρχιερεῖ.

376 800 435 853 '0
484 800 583 869 μὲν
617 794 710 851 οὖν
744 802 793 849 α’
830 794 986 862 λόγος
1031 794 1089 845 ἐν
1134 790 1446 860 κεφαλαίοις
1492 784 1850 856 ἀπαρτίζεται

275 895 349 957 δ’,
384 898 438 957 ς’
465 892 520 944 δὲ
552 888 868 957 κεφαλαίοις
897 886 991 940 καὶ
1028 882 1058 935 ι’
1083 885 1112 936 ὁ
1144 883 1207 951 β’.
1230 883 1503 951 Διηγείται
1526 878 1581 930 δὲ
1607 875 1733 947 [595
1759 872 1846 944 H.)

282 982 432 1053 μετά
461 982 528 1033 τά
566 978 827 1049 προοίμια
850 976 910 1029 τὸ
957 972 1007 1028 α’
1053 970 1254 1041 βιϐλίον
1282 971 1380 1039 τὴν
1414 968 1590 1020 αίτίαν
1621 964 1687 1019 δι’
1720 964 1788 1033 ἢν
1816 965 1850 1033 ἡ

278 1073 482 1144 γραφὴ
527 1069 789 1141 προῆλθε,
831 1067 926 1121 καὶ
952 1066 1027 1127 ὼς
1056 1061 1263 1133 ἀνδρῶν
1301 1059 1541 1113 εὐλαϐῶν
1569 1057 1848 1125 προτροπῇ

278 1165 493 1231 ταύτην
526 1159 823 1229 ἐπράξατο.
870 1155 985 1223 Ἐφ’
1014 1149 1095 1215 οἷς
1123 1151 1395 1207 ἐκτίθεται
1422 1150 1581 1217 νόμον
1610 1147 1705 1199 καὶ
1750 1161 1851 1197 κα-

279 1255 415 1305 νόνα
437 1293 454 1317 ,
491 1249 566 1320 μὴ
592 1250 703 1301 δεῖν
731 1250 795 1299 ὲκ
831 1246 1030 1316 μέρους
1057 1244 1126 1295 τὰ
1173 1240 1576 1309 συγγράμματα
1623 1235 1847 1305 κρίνειν,

285 1342 417 1411 μηδ’
445 1337 930 1407 άποσπαράγματά
952 1352 1074 1387 τινα
1116 1330 1490 1401 λαμϐάνοντας
1523 1328 1609 1380 διὰ
1648 1324 1853 1378 τούτων

278 1433 385 1502 τὴν
415 1431 544 1499 ὃλην
566 1429 658 1481 τοῦ
703 1428 1005 1497 γράφοντος
1044 1421 1405 1477 ἐνδιαϐάλλειν
1446 1419 1701 1471 διάνοιαν·
1742 1417 1853 1477 τοῖς

280 1520 398 1588 γὰρ
433 1518 693 1578 τοιούτοις
723 1516 817 1567 καὶ
863 1515 890 1566 ό
936 1514 1220 1582 προφήτης
1252 1506 1516 1576 ὲπαφίησι
1563 1509 1660 1575 τὴν
1690 1505 1851 1574 ἀρὰν,

285 1608 495 1662 Obesi"
514 1608 635 1672 τοῖς
651 1605 1114 1673 προφητεύουσι,
1130 1601 1321 1667 λέγων,
1343 1599 1461 1652 ἀπὸ
1485 1596 1730 1663 καρδίας
1746 1596 1856 1647 αὐ-

284 1697 434 1763 τῶν,
470 1697 569 1750 καί
602 1698 667 1749 τὸ
701 1696 956 1748 καθόλου
979 1692 1065 1760 μὴ
1088 1690 1413 1755 βλέπουσι.
1453 1688 1650 1739 Τοῦτον
1682 1687 1738 1738 δὲ
1766 1685 1857 1736 τὸν

284 1790 455 1857 νόμον
497 1789 591 1839 καὶ
616 1785 815 1837 κανόνα
850 1784 943 1837 καὶ
972 1783 1080 1834 τῶν
1115 1778 1272 1851 ἱερῶν
1300 1776 1455 1847 ἡμῶν
1495 1776 1752 1845 Πατέρων
1798 1775 1853 1826 αί

1945 597 2221 651 Μείίιειιω
2255 608 2389 664 opus
2416 592 2647 647 dedicat.

2022 772 2234 827 Primus
2260 771 2477 842 quidem
2512 768 2651 824 liber
2696 775 2935 835 quatuor
2961 764 3232 833 capitibus
3268 761 3506 817 absolvi-

1952 867 2058 927 tur,
2093 863 2229 917 alter
2259 877 2384 916 vero
2411 860 2665 916 sedecim.
2697 858 2854 911 Initio
2875 866 3052 910 autent
3082 855 3263 925 operis
3285 870 3504 909 causam

1954 952 2128 1009 reddit
2155 954 2386 1023 suscepti
2418 952 2635 1016 laboris,
2664 964 2769 1019 quo
2800 959 2855 1003 et
2892 948 2965 1017 pii
2997 949 3242 1002 homines
3266 947 3508 1002 scriben-

1955 1056 2060 1099 tem
2092 1045 2407 1099 invitarunt.
2447 1044 2652 1109 Quibus
2698 1040 2867 1109 legem
2919 1041 3199 1093 constituit
3235 1048 3291 1094 et
3338 1054 3506 1094 cano-

1955 1150 2099 1198 nem,
2132 1135 2333 1203 scripta
2376 1134 2668 1200 dijutlicare
2693 1146 2798 1184 non
2821 1141 3068 1199 oportere
3106 1145 3169 1183 ex
3212 1139 3383 1199 parte,
3410 1146 3507 1186 ne-

1955 1242 2062 1295 que
2114 1224 2414 1294 fragmenta
2455 1224 2698 1292 quedam
2757 1221 3036 1285 sumendo,
3077 1236 3142 1274 ex
3178 1222 3261 1275 his
3294 1224 3359 1275 de
3397 1230 3508 1275 tota

1955 1316 2236 1386 scriptoris
2259 1325 2435 1370 mente
2456 1313 2719 1382 judicium
2767 1310 3067 1366 lerendum.
3088 1311 3194 1365 Hos
3219 1314 3361 1365 enim
3382 1311 3513 1367 Pro-

1957 1408 2112 1474 pheta
2135 1415 2473 1458 exsecratur:
2518 1402 2603 1457 Vte
2624 1401 2911 1470 prophetis,
2936 1401 3027 1471 qui
3050 1412 3340 1470 sequuntur
3359 1401 3512 1468 spiri-

1956 1509 2064 1548 tum
2099 1511 2273 1559 suum,
2308 1504 2357 1549 et
2402 1494 2531 1547 nihil
2574 1491 2822 1548 uidenti!
2858 1492 3004 1547 Hanc
3037 1493 3207 1563 legent
3245 1508 3306 1547 ac
3350 1509 3510 1563 regu-

1957 1584 2064 1637 lam
2116 1592 2170 1638 et
2224 1584 2442 1638 Patrum
2501 1594 2811 1638 nostrorum
2870 1584 3089 1638 decreta
3157 1586 3508 1639 conﬁrmant.

1956 1676 2165 1730 Etenim
2198 1676 2511 1732 Eustathius
2556 1676 2922 1729 Antiochenus
2971 1676 3258 1743 episcOpus
3310 1677 3361 1730 in
3419 1691 3514 1729 sex

1957 1770 2203 1822 adversus
2255 1769 2478 1821 Arianos
2538 1765 2691 1820 libris
2737 1766 2821 1820 his
2891 1766 3070 1819 verbis
3109 1767 3295 1820 scribit
3338 1785 3351 1820 :
3412 1764 3513 1821 Sed

283 1856 463 1948 ψῆφοι
500 1876 843 1947 κρατύνουσι.
898 1874 1005 1925 Καὶ
1055 1870 1162 1939 γὰρ
1211 1870 1306 1923 καὶ
1357 1866 1646 1928 Εὑστάθιος
1674 1868 1701 1918 ὁ
1745 1864 1853 1916 τῶν
1886 1871 1925 1925 Β

1852 1888 1853 1901 ι
1886 1871 1925 1925 Β
1954 1862 2165 1913 Ariante
2218 1874 2383 1913 scente
2431 1856 2705 1911 saltatores
2756 1866 3019 1921 peccatum
3039 1856 3219 1920 fecisse
3251 1856 3514 1910 Christum

301 1946 623 2038 Ἃντιοχέων
683 1966 971 2036 ἀρχιερεὺς
1028 1964 1085 2015 ὲν
1142 1961 1201 2027 ἐξ
1253 1961 1430 2027 λόγοις
1483 1958 1528 1990 θ’
1585 1958 1655 2011 τὰ
1718 1958 1857 2010 κατὰ

1853 1976 1857 2009 ι
1966 1954 2193 2021 jactant.
2227 1949 2293 2004 Et
2324 1957 2445 2017 post
2478 1962 2581 2002 non
2627 1949 2783 2016 longe
2814 1948 2979 2001 illud:
3010 1946 3170 1999 Deum
3216 1948 3269 2000 iu
3308 1946 3515 2001 Christo

300 2060 604 2131 Ἀρειανῶν
633 2060 814 2119 αὐτοῖς
836 2058 1075 2126 ῥήμασιν
1092 2054 1231 2108 οὕτω
1258 2053 1444 2123 φησίν·
1484 2050 1634 2106 Ἀλλ’
1660 2053 1712 2104 οὶ
1746 2067 1861 2102 πα-

1850 2077 1861 2089 .
1963 2042 2212 2093 mundum
2247 2040 2346 2093 sibi
2386 2038 2733 2102 conciliasse,
2783 2054 2946 2106 neque
2996 2039 3252 2091 memoria
3320 2048 3512 2099 tenent,

286 2152 539 2221 ράδοξοι
586 2148 692 2215 τῆς
733 2149 951 2215 Ἀρείου
981 2145 1241 2215 θυμέλης
1280 2145 1599 2213 μεσόχοροι
1642 2143 1707 2194 τὸ
1745 2142 1861 2210 μὲν

1855 2158 1861 2172 ι
1967 2150 2055 2186 nec
2079 2134 2267 2201 lingua:
2304 2133 2512 2202 organis
2552 2132 2827 2198 conferunt
2862 2146 2880 2183 :
2920 2132 3009 2184 sed
3037 2132 3189 2184 veluti
3225 2148 3401 2200 graves
3428 2149 3517 2184 ra.

290 2242 590 2311 ἁμαρτίαν
603 2239 687 2307 μὴ
710 2244 725 2269 ⁸
755 2237 1138 2306 πεποιηκέναι
1154 2237 1261 2290 τὸν
1279 2234 1531 2303 Χριστὸν
1556 2227 1862 2301 φράζουσά

1854 2247 1862 2293 ς
1966 2226 2303 2278 lumniatores
2327 2234 2373 2277 et
2400 2233 2731 2277 accusatores
2755 2223 2922 2276 locum
2946 2222 3342 2291 labefactantes,
3365 2242 3516 2278 accu-

294 2334 396 2385 κα)¹
429 2331 548 2401 μετ’
582 2330 736 2396 ὀλίγα
760 2345 776 2360 ·
816 2329 885 2383 Τὸ
913 2328 980 2380 δὲ
1004 2367 1019 2392 ,
1069 2328 1159 2380 ὅτι
1211 2327 1352 2391 Θεὸς
1403 2322 1481 2394 ἦν
1513 2325 1582 2377 ἐν
1627 2322 1859 2390 Χριστῷ

294 2425 532 2491 κόσμον
561 2420 1005 2475 καταλλάσσων
1031 2417 1239 2483 ἐαυτῷ,
1275 2420 1412 2472 οὔτε
1448 2418 1514 2470 ἐν
1534 2417 1737 2486 μνήμη
1759 2417 1861 2484 φέ-

294 2532 515 2581 ρουσιν
540 2514 676 2567 οὔτε
704 2512 825 2578 τοῖς
854 2511 963 2579 τῆς
988 2510 1249 2579 γλώττης
1274 2509 1549 2579 ὀργάνοις
1573 2508 1867 2576 ἐπιφωνοῦ-

296 2620 427 2669 σιν,
461 2606 599 2657 ἀλλ’
628 2603 829 2669 ὥσπερ
860 2601 1039 2655 δεινοὶ
1076 2600 1455 2669 συκοφάνται
1488 2600 1585 2652 καί
1614 2600 1866 2665 κατήγο-

297 2710 393 2759 ροι
439 2690 991 2759 ἀκρωτηριάσαντες
1037 2689 1103 2741 τὸ
1137 2689 1353 2756 χωρίον
1382 2688 1488 2740 τὸν
1516 2684 1714 2753 ἀγῶνα
1757 2685 1867 2751 τῆς

302 2782 661 2848 κατηγορίας
714 2778 1047 2831 ποιοῦνται.
1080 2773 1213 2829 Εἶτα
1258 2776 1353 2829 καὶ
1383 2777 1416 2844 ἡ
1448 2774 1623 2843 ψῆφος
1656 2775 1690 2843 ἡ
1730 2774 1868 2841 ὑπὲρ

303 2870 401 2923 τοῦ
440 2872 625 2939 νόμου’
657 2869 752 2921 Δεῖ
782 2869 849 2921 δὲ
874 2868 1215 2936 φιλαλήθως
1240 2866 1376 2932 τοὺς
1409 2866 1699 2933 ἐννόμους
1730 2865 1868 2932 dru-

304 2963 543 3026 νιστὰς,
575 2960 769 3013 πάντα
806 2960 1361 3028 συμπεριλαδόντας
1393 2959 1867 3023 ἁπαραλείπτως,

305 3050 469 3104 ἀλλὰ
494 3049 577 3116 μὴ
596 3049 744 3115 πρὸς
769 3048 1004 3113 ἀπάτην
1030 3047 1210 3115 μέρος
1223 3046 1339 3113 μὲν
1362 3042 1737 3110 ἀποσιωπᾶν,
1767 3044 1869 3111 μέ-

300 3159 414 3208 ρος
442 3141 511 3192 δὲ
530 3138 932 3203 ἀποσπῶντας
965 3137 1301 3205 προφέρειν.
1340 3134 1609 3197 Ὡσαύτως
1644 3137 1737 3187 καὶ
1766 3135 1871 3185 Βα-

312 3234 510 3293 σίλειος
563 3234 591 3283 ὁ
646 3231 785 3292 θεῖος
847 3230 1048 3281 οὑτωσὶ
1099 3227 1493 3291 Σωζοπολίταις
1550 3212 1943 3278 ἐπιστέλλωνο

311 3322 536 3391 γράφει·
559 3322 639 3372 Οὺ
666 3320 954 3385 νεώτερον
977 3318 1149 3371 τοῦτο
1171 3317 1280 3384 τῆς
1308 3315 1612 3383 δοκήσεως
1638 3317 1703 3366 τὸ
1733 3315 1874 3368 ἀσέ-

316 3414 496 3477 ϐημα,
523 3408 683 3462 ἀλλὰ
704 3408 887 3460 πάλαι
915 3408 1032 3461 ἀπὸ
1050 3408 1153 3461 τοῦ
1164 3409 1600 3476 ματαιόφρονος
1622 3406 1875 3474 ἀρξάμε-

312 3519 428 3554 νον
459 3501 879 3561 Οὐαλεντίνου,
920 3498 987 3563 ὃς
1014 3499 1219 3565 ὀλίγας
1239 3498 1343 3549 τοῦ
1376 3497 1736 3549 Ἀποστόλου
1774 3495 1875 3548 λέ-

315 3592 445 3656 ξεις
495 3588 929 3656 ἀποσπαράξας
992 3588 1057 3640 τὸ
1122 3587 1415 3652 δυσσεϐὲς
1482 3584 1669 3649 ἑαυτῷ
1736 3601 1875 3637 κατ-

315 3682 620 3734 εσκεύασε
647 3680 916 3747 πλάσμα.
946 3678 1106 3729 ’Ὥστε
1138 3678 1233 3746 τῆς
1268 3676 1377 3728 τῶν
1416 3674 1707 3744 αἱρετικῶν
1732 3675 1876 3726 ὲστιν

316 3771 614 3832 ἀπονοίας,
665 3772 825 3838 μέρος
870 3787 922 3821 τι
966 3768 1344 3836 παραλαϐόντα
1387 3768 1486 3836 τῆς
1532 3766 1748 3837 γραφῆς
1784 3766 1877 3819 καὶ

313 3862 479 3913 τοῦτο
516 3862 1007 3930 παραχαράσσοντα
1034 3860 1099 3912 δι’
1126 3858 1290 3911 αὑτοῦ
1338 3876 1397 3911 τε
1430 3861 1782 3923 συκοφαντεῖν
1810 3859 1877 3911 τὰ

313 3953 504 4015 λοιπά,
550 3952 643 4003 καὶ
671 3951 758 4002 διὰ
792 3952 889 4021 τῆς
925 3951 1033 4002 τῶν
1085 3950 1241 4018 ἱερῶν
1282 3948 1488 4015 Λογίων
1519 3949 1877 4015 συκοφαντίας

314 4046 414 4095 καὶ
474 4044 783 4111 κατατομῆς
828 4042 1147 4111 συγκροτεῖν
1202 4042 1413 4101 ἑαυτοῖς
1459 4040 1557 4109 τὴν
1602 4039 1872 4092 ἀσέϐειαν.

313 4132 477 4186 Οὕτω
502 4134 546 4184 δ’
575 4132 642 4184 ἂν
668 4132 1067 4201 κατηγορηθείη
1097 4134 1208 4191 τοῖς
1238 4132 1458 4183 ἀσεϐέσι
1495 4132 1587 4183 καὶ
1625 4131 1824 4199 Πέτρος
1851 4131 1878 4181 ὁ

312 4226 614 4294 κορυφαῖος
666 4224 772 4274 τῶν
809 4223 1138 4285 ἀποστόλων,
1172 4222 1245 4283 ὡς
1288 4220 1503 4288 διαιρῶν
1540 4220 1628 4271 τὸν
1669 4220 1876 4287 Ἐμμα-

312 4316 500 4385 νουήλσ
527 4332 707 4383 φησιν·
726 4314 969 4381 Ἰησοῦν
992 4314 1096 4366 τὸν
1115 4313 1233 4367 ἀπὸ
1256 4310 1520 4378 Ναζαρὲθ
1537 4310 1615 4375 ὠς
1630 4310 1879 4377 ἔχρισεν

312 4404 508 4457 αὐτὸν
523 4408 553 4456 o'
572 4404 713 4468 Θεὸς
738 4404 1033 4469 Πνεύματι
1054 4402 1195 4466 ἁγιῳ
1214 4401 1308 4452 καὶ
1325 4398 1592 4466 δυνάμει,
1622 4398 1691 4456 ὃς
1719 4395 1878 4462 διῆλ-

1967 2318 2189 2370 satiouis
2233 2327 2491 2369 certamen
2517 2316 2820 2369 instituunt.
2860 2315 3060 2369 Deinde
3092 2325 3149 2369 et
3173 2316 3305 2383 legis
3329 2318 3517 2371 decre-

1970 2422 2080 2463 tum
2116 2428 2127 2462 :
2163 2408 2378 2475 Oportet
2421 2424 2540 2462 vero
2585 2409 2818 2462 veritatis
2846 2410 3018 2463 studio
3048 2410 3276 2478 legitime
3301 2410 3462 2481 240
3490 2412 3517 2462 ει

1970 2511 2266 2561 certantes,
2312 2500 2485 2553 omnia
2535 2501 2739 2552 abunde
2784 2500 3109 2569 accipientes,
3165 2504 3253 2555 sed
3301 2520 3403 2555 non
3451 2506 3519 2556 ad

1973 2592 2236 2659 fraudant,
2278 2594 2467 2659 partim
2489 2591 2695 2659 quidem
2722 2590 2891 2655 silere,
2921 2594 3110 2655 partim
3136 2609 3252 2645 vero
3276 2595 3525 2661 arripien-

1973 2697 2046 2736 tes
2084 2683 2295 2751 oﬂ'erre.
2345 2682 2431 2736 Sic
2478 2683 2689 2735 divinus
2728 2682 2964 2737 Basilius
3003 2683 3066 2736 ad
3118 2683 3257 2737 hunc
3307 2685 3520 2739 modum

1975 2775 2297 2843 Sozopolitis
2323 2775 2563 2829 scribens
2597 2793 2609 2827 :
2648 2773 2768 2826 Non
2800 2790 2976 2827 recens
3000 2776 3260 2841 opinionis
3292 2784 3401 2830 haec
3422 2779 3523 2829 im-

1974 2865 2155 2928 pietas,
2182 2862 2335 2916 sedet
2367 2865 2490 2915 olim
2519 2863 2581 2915 ab
2642 2864 2866 2916 absurdo
2899 2864 3083 2917 insano
3136 2864 3407 2921 Valentino
3446 2870 3526 2920 in-

1976 2956 2184 3015 choata,
2212 2955 2300 3022 qui
2321 2970 2490 3019 pauca
2517 2955 2749 3018 Apostoli
2774 2954 2921 3006 verba
2946 2957 3275 3021 contra/rens,
3310 2960 3528 3025 impium

1976 3046 2074 3097 sibi
2111 3045 2415 3113 ﬁgmentum
2443 3052 2779 3113 praeparavit.
2812 3044 2882 3099 Ut
2911 3047 3149 3101 haeretici
3174 3061 3416 3104 amentes
3440 3066 3529 3105 so-

1981 3136 2091 3188 lent
2137 3148 2343 3203 partem
2397 3136 2625 3205 aliquam
2661 3136 2953 3205 Scriptum
3002 3140 3242 3208 arripere
3289 3150 3342 3193 et
3393 3142 3529 3195 hanc

1978 3231 2292 3296 depravare,
2320 3239 2538 3296 propter
2567 3227 2705 3281 hanc
2728 3239 2925 3283 extera
2958 3232 3337 3297 condemnare,
3369 3243 3423 3286 et
3464 3235 3531 3287 ab

1980 3330 2257 3369 sacrarum
2291 3316 2579 3369 lectionum
2612 3316 2898 3372 calumniis
2940 3328 2994 3371 et
3035 3320 3385 3377 divisionibus
3428 3325 3528 3376 int-

1977 3407 2120 3475 pium
2146 3407 2339 3475 dogma
2394 3406 2649 3462 conﬂare.
2682 3409 2774 3462 Sic
2800 3418 2854 3462 et
2876 3411 3239 3478 apostolorum
3280 3414 3530 3482 princeps

1976 3498 2043 3552 ab
2076 3498 2253 3565 impiis
2292 3508 2572 3553 accusatus
2625 3508 2728 3564 est,
2771 3509 2831 3553 ut
2884 3502 3125 3556 dividens
3168 3502 3529 3562 Emmanuel:

1979 3590 2149 3658 inquit
2179 3588 2395 3643 :Jesum
2426 3588 2785 3653 Nazarenam,
2828 3593 3083 3660 quomodo
3122 3598 3332 3648 unxerit
3365 3598 3533 3665 ipsum

1980 3679 2116 3732 Deus
2144 3690 2324 3732 sancto
2363 3678 2564 3747 Spiritu
2597 3690 2655 3743 vet
2698 3682 2910 3745 uirtute,
2953 3685 3042 3752 qui
3074 3687 3204 3737 venit
3232 3687 3529 3755 benefactu—

1977 3787 2065 3822 rus
2092 3780 2140 3823 et
2179 3771 2407 3823 liberans
2462 3787 2635 3826 omnes
2676 3775 2952 3842 tyrannide
2998 3791 3263 3843 oppressos
3310 3780 3527 3843 diaboli,

1976 3864 2095 3930 quia
2110 3862 2247 3915 Deus
2257 3874 2367 3915 erat
2381 3881 2492 3916 cum
2506 3880 2563 3918 eo
2581 3866 2627 3902 δ’
2639 3903 2652 3916 .
2671 3864 2733 3917 Ει
2751 3864 2987 3933 profecto
2999 3866 3218 3921 Paulum
3232 3870 3414 3923 orbem
3431 3883 3529 3925 ter-

1979 3968 2155 4006 rarum
2181 3954 2389 4020 pietatis
2408 3957 2669 4023 praeconio
2688 3971 2848 4023 percu
2859 3960 3376 4025 rrentem,similibus
3397 3962 3529 4028 inju-

1980 4043 2071 4094 riis
2106 4054 2158 4094 et
2195 4044 2474 4097 calumniis
2504 4046 2842 4113 perstringit,
2880 4046 2930 4098 in
2952 4048 3145 4114 quibus
3181 4050 3529 4104 concionatus

1979 4133 2388 4189 Atheniensibus
2414 4136 2620 4190 locutus
2638 4138 2757 4189 esti
2793 4155 2806 4190 :
2838 4138 3124 4192 Annuntiat
3150 4141 3444 4195 hominibus
3474 4157 3529 4195 ut

1978 4242 2158 4280 omnes
2178 4226 2362 4294 ubique
2378 4228 2727 4292 pauitentiam
2750 4238 3000 4296 agant,eo
3014 4232 3149 4297 quod
3171 4233 3350 4283 statuit
3365 4232 3524 4296 diem,

1982 4318 2035 4368 in
2054 4332 2154 4377 quo
2170 4314 2507 4383 judicaturus
2531 4329 2603 4369 est
2622 4319 2793 4371 orbem
2814 4320 2867 4371 in
2885 4324 3126 4387 aequitate
3147 4322 3201 4373 in
3220 4324 3348 4390 viro,
3367 4324 3420 4375 in
3433 4340 3532 4390 que.

1977 4404 2158 4455 statuit
2190 4402 2346 4468 [idem
2370 4403 2601 4470 praebens
2621 4403 2876 4467 omnibus,
2904 4408 3160 4461 suscitans
3188 4424 3305 4461 eum
3336 4426 3367 4461 a
3394 4427 3532 4462 mor-

312 4500 427 4549 θεν
453 4495 777 4563 εὐεργετῶν
808 4496 902 4546 καί
929 4494 1172 4561 ἰώμενος
1191 4492 1421 4556 πάντας
1450 4491 1591 4555 τοὺς
1622 4489 1875 4543 καταδυ-
1904 4529 1954 4588 D

1864 4517 1954 4588 -υ
1980 4494 2101 4545 tuis.
2146 4492 2222 4545 De
2254 4493 2447 4559 quibus
2490 4494 2680 4546 iterum
2726 4492 2792 4546 ad
2836 4494 3087 4551 Hebraeos
3122 4500 3363 4552 scribens
3406 4502 3476 4552 ait
3515 4521 3526 4553 :

311 4585 796 4652 πιστευομένους
825 4584 943 4636 ὑπὸ
986 4582 1092 4635 τοῦ
1121 4582 1419 4642 διαϐόλου,
1451 4581 1538 4633 ὅτι
1560 4585 1592 4633 ὀ
1629 4580 1771 4643 Θεὸς
1800 4576 1877 4647 ἦν
1904 4576 1948 4588 ν

1868 4576 1948 4610 ·“’
1981 4582 2081 4645 Qui
2127 4583 2181 4634 in
2212 4582 2391 4634 diebus
2429 4584 2600 4635 carnis
2658 4600 2766 4636 suae
2808 4602 2981 4651 preces
3018 4589 3530 4658 supplicationesque

309 4675 444 4744 μετ’
472 4673 675 4726 αὑτοῦ.
694 4674 800 4724 Ναὶ
827 4673 891 4742 δὴ
912 4677 1007 4724 καὶ
1030 4671 1258 4732 Παῦλον,
1282 4672 1373 4723 τὸν
1395 4671 1754 4739 περιλαϐόντα
1780 4671 1878 4739 τὴν

312 4765 645 4832 οἰκουμένην
675 4763 751 4832 τῷ
767 4764 863 4831 τῆς
888 4763 1164 4824 εὐσεϐείας
1191 4762 1525 4831 κηρύγματι,
1545 4764 1653 4823 τοῖς
1670 4761 1874 4829 ὁμοίοις

313 4856 773 4926 ἀκρωτηριαστὴς
796 4857 887 4908 καὶ
902 4855 1235 4922 συκοφάντης
1250 4856 1269 4883 ⁸
1287 4853 1609 4915 αἰτιάσεται,
1629 4854 1684 4903 ὲν
1702 4848 1778 4914 οἷς
1795 4853 1879 4921 δη-

320 4948 583 5017 μηγορῶν
607 4950 739 5015 πρὸς
756 4946 1067 5014 Ἀθηναίους
1095 4945 1115 4976 ³
1141 4945 1264 5013 ἔφη’
1294 4943 1695 5011 Παραγγέλλει
1714 4944 1733 4972 ³
1757 4945 1876 5006 τοῖς

315 5037 654 5104 ἀνθρώποις
679 5034 828 5091 πᾶσι
856 5034 1184 5104 μετανοεῖν,
1207 5035 1407 5087 καθότι
1442 5035 1704 5099 ἔστησεν
1738 5033 1877 5100 ἠμέ-

311 5145 435 5196 ραν
455 5128 525 5179 ἐν
546 5127 582 5193 ᾖ
596 5128 805 5195 μέλλει
828 5129 1053 5195 κρίνειν
1074 5127 1186 5193 τὴν
1202 5128 1558 5193 οίκουμένην
1577 5126 1645 5177 ἐν
1659 5124 1880 5177 δικαιο-

314 5219 505 5282 σύνῃ,
536 5218 603 5268 ἐν
625 5218 793 5285 ἀνδρὶ
816 5212 864 5284 ᾧ
884 5216 1080 5285 ὥρισε,
1103 5218 1312 5271 πίστιν
1327 5215 1650 5283 παρασχὼν
1672 5216 1879 5278 πᾶσιν,

315 5308 676 5373 ἀναστήσας
712 5312 897 5362 αὐτὸν
921 5310 989 5361 ἐκ
1027 5309 1272 5376 νεκρῶν.
1322 5309 1410 5360 Ἐν
1435 5303 1516 5371 οἷς
1551 5307 1707 5361 πάλιν
1748 5308 1882 5376 πρὸς

394 5460 422 5499 ιι
452 5459 650 5514 Ezeth.
680 5476 797 5526 χιιι,
834 5462 867 5515 ’5

948 5468 993 5499 σι’
1019 5462 1135 5516 Act.
1168 5479 1219 5527 κ,
1258 5460 1344 5515 58.
1435 5462 1448 5501 ί
1484 5462 1600 5514 Act.
1634 5477 1763 5520 xvtt,
1796 5461 1884 5515 50.

1980 4675 2047 4723 ad
2079 4688 2193 4725 eum
2223 4673 2311 4741 qui
2344 4674 2505 4739 possit
2541 4674 2687 4726 illum
2720 4676 2919 4728 salvum
2947 4678 3117 4743 facere
3140 4696 3172 4731 a
3204 4689 3365 4732 morte
3394 4680 3439 4745 i,
3478 4694 3531 4733 t-t

1982 4762 2256 4829 deinceps.
2299 4762 2669 4816 Calumniator
2712 4764 2876 4833 igitur
2909 4768 3108 4835 pmprii
3146 4770 3273 4822 lurti
3304 4779 3360 4823 et
3388 4770 3528 4824 laee-

1981 4854 2212 4907 rationis
2238 4853 2472 4922 judicent
2505 4855 2739 4923 seipsum
2765 4857 3116 4918 constituens,
3154 4875 3259 4912 non
3296 4869 3353 4912 ut
3392 4863 3530 4914 nutle

1985 4945 2254 4997 hominem
2296 4943 2535 4999 dicentes
2566 4944 2847 5000 Dominum
2884 4959 3123 5002 nostrum
3155 4949 3338 5004 lesutn
3366 4951 3523 5006 Chri-

1987 5045 2146 5098 stum,
2195 5044 2565 5089 contemneret
2617 5052 2893 5105 prazcones
2951 5040 3149 5107 ipsius,
3182 5044 3275 5096 sed
3323 5058 3427 5097 non
3458 5047 3539 5099 sic

1987 5125 2231 5179 veritatis
2270 5124 2497 5179 amicus.
2545 5124 2611 5178 Et
2648 5126 2919 5194 praedictis
2959 5128 3276 5197 adjungens,
3325 5147 3443 5200 quae
3470 5151 3535 5188 ex

1989 5216 2093 5270 alia
2126 5225 2279 5284 parte
2322 5216 2387 5269 de
2434 5215 2716 5271 Salvatore
2738 5232 2767 5270 a
2802 5218 3016 5286 pietatis
3056 5234 3303 5287 praecone
3328 5223 3536 5276 denun-

1990 5309 2119 5363 tiata
2171 5317 2316 5372 sunt,
2367 5315 2521 5362 extra
2557 5323 2772 5364 omnem
2822 5310 3072 5379 injuriam
3118 5313 3333 5381 pietatis
3370 5318 3537 5384 magi-

1968 5461 1982 5511 i
2020 5460 2179 5517 Hebr.
2206 5478 2260 5527 ν,
2295 5463 2341 5519 7.

1625 5576 1857 5631 νΑίὶΙᾹΞ
1904 5577 2302 5634 LECTIONES.

393 5691 442 5723 “
471 5690 617 5761 οὐαί]
654 5691 848 5745 Ezeclt.
881 5710 997 5757 xm,
1029 5694 1082 5746 5.

326 5762 428 5821 καὶ
468 5763 822 5828 συκοφάνταις
845 5766 906 5817 Α.
997 5765 1017 5795 ³
1049 5764 1180 5834 πρὸς
1202 5764 1485 5834 ἁοηναίυυς
1513 5763 1553 5812 Λ
1580 5779 1593 5813 :

1190 5696 1233 5724 ”
1262 5693 1321 5757 ἓξ
1348 5692 1547 5762 λόγοις]
1570 5692 1710 5761 Ξκτιμ
1742 5694 1883 5763 λόγῳ
1920 5695 2218 5749 Fabricius.
2298 5695 2313 5725 ¹
2341 5698 2416 5764 μὴ
2462 5698 2581 5751 adtl.
2646 5712 2785 5753 corr.
2850 5698 2913 5751 Α.

1628 5764 1718 5815 καὶ
1745 5764 2018 5833 άΟηναίοις
2050 5782 2109 5828 ς.
2188 5767 2209 5797 ⁸
2231 5767 2495 5838 παραγγ.]
2528 5770 2645 5823 Act.
2676 5784 2803 5834 xvu,
2832 5770 2919 5823 3U.

3018 5704 3036 5730 ‘
3066 5702 3533 5770 ὰκρωτηριασταῖς
