4208 6448
754 379 856 450 943
1894 367 2153 427 ΡΠΟΤΙΙ
2189 364 2412 424 PATRI

2331 361 2687 421 RlMlClle
2730 360 2838 419 (ΣΡ.
3885 362 3992 423 9“

753 501 894 542 atros
921 482 1173 545 OStcntlil,
1205 487 1262 533 ut
1296 477 1423 530 illud
1465 475 1703 545 .‘ttljttngil
1738 494 1748 528 :
1807 474 1989 528 Patres
2027 491 2090 526 ex
2124 475 2303 541 quibus
2338 480 2378 531 Α

2338 480 2378 531 Α
2417 468 2701 538 Ἐϐραίους
2728 468 2747 496 ⁸
2770 471 2994 535 γράφων
3030 466 3212 535 φησίν
3237 464 3353 537 [761
3380 465 3470 534 Κ]
3499 468 3595 531 Ὃς
3613 467 3683 517 ἐν
3702 468 3832 532 ταῖς
3848 468 3992 535 ἡμε-

751 592 823 631 est
854 576 1090 629 Christus
1138 573 1418 623 secundum
1465 584 1695 631 carnem,
1724 569 1810 633 qui
1851 576 1926 619 est
1958 584 2112 634 super
2140 570 2313 618 omnia
2406 610 2413 623 ,

2406 574 2542 623 ραις
2563 556 2903 623 τῆςσηρκὸς
2921 556 3103 607 αὑτοῦ
3128 555 3366 621 δεήσεις
3396 555 3492 609 καί
3526 556 3828 624 ικετήρίας
3844 557 3994 624 πρὸς

755 666 1047 719 benedictus
1081 664 1132 712 in
1160 660 1375 715 stt'cula.
1409 657 1570 710 Amen
1621 660 1669 710 ιι.
1714 656 1875 711 Certe
1912 666 1966 709 et
2007 657 2132 709 illutl
2163 673 2175 708 :
2211 655 2313 719 Qui
2414 670 2417 678 λ

2414 650 2519 699 τὸν
2534 648 2872 715 δυνάμενον
2890 645 3100 705 σώζειν
3116 648 3300 699 αὐτὸν
3314 647 3383 699 ἐκ
3405 648 3684 709 θανάτου,
3718 650 3813 699 καὶ
3844 649 3991 717 ἑξῆς.

756 772 872 810 cum
916 756 978 808 sit
1036 753 1280 820 splendor
1308 750 1513 819 gloriae,
1552 760 1597 801 et
1635 749 1806 817 ﬁgura
1849 749 2151 801 substantia:
2177 749 2309 814 ejus,
2413 738 2418 749 ’

2413 737 2538 810 'Ap‘
2565 742 2592 791 ὁ
2623 740 2961 807 συκοφάντης
2998 740 3093 790 καὶ
3135 740 3239 790 τῶν
3270 739 3485 791 οἰκείων
3527 740 3863 807 κλεμμάτων
3902 743 3996 791 καὶ

762 858 1072 916 portamque
1132 843 1305 896 omnia
1380 838 1542 893 Verbo
1588 841 1793 893 virtutis
1844 857 1952 893 sua:
1999 837 2038 893 ¹.
2087 837 2316 908 Haecque
2417 856 2424 885 ‹

2417 834 2829 903 σπαραγμάτων
2868 832 3059 902 κριτὴν
3087 832 3281 883 ἑαυτὸν
3323 831 3494 883 ποιῶν
3524 833 3619 900 οὺχ
3661 832 3737 894 ὡς
3784 832 3996 901 ἀνθρω-

754 940 942 1010 primis
992 935 1429 996 accommodans,
1471 943 1525 985 et
1563 930 1871 985 Nestorium
1896 931 2115 1000 impium
2160 932 2210 981 in
2236 930 2317 982 his

2419 945 2515 977 πον
2552 927 2816 991 λεγόντων
2838 925 2990 992 ψιλὸν
3032 924 3122 976 τὸν
3150 925 3354 993 Κύριον
3383 923 3541 992 ἡμῶν
3596 924 3806 991 Ἰησοῦν
3860 926 3997 993 Χρι-

754 1030 1053 1091 accusabit,
1107 1025 1302 1096 251a
1352 1036 1403 1078 et
1462 1025 1717 1093 pietatem
1772 1023 2057 1076 clariorem
2112 1023 2314 1075 reddet.

2422 1020 2562 1081 στὸν,
2590 1020 2689 1071 οὐκ
2717 1017 2783 1070 ἂν
2817 1016 3116 1085 καταγνοίη
3152 1016 3259 1067 τῶν
3290 1016 3547 1083 κηρύκων
3576 1016 3675 1084 τῆς
3705 1014 4002 1085 θεότητος⁶

757 1124 822 1175 Et
852 1123 929 1175 sic
958 1135 1169 1174 rursum
1210 1120 1420 1172 divinus
1451 1116 1679 1169 Basilius
1730 1116 1841 1168 lieri
1882 1118 1945 1169 tle
1983 1116 2318 1167 orationibus
2418 1144 2419 1151 ι

2418 1110 2580 1163 αὐτοῦ
2606 1129 2620 1173 ;
2651 1110 2769 1162 ἀλλ’
2793 1110 2892 1179 οὕχ
2925 1109 3069 1161 οὕτω
3104 1126 3168 1176 γε
3198 1108 3298 1176 τῆς
3327 1106 3587 1175 ἀληθείας
3611 1110 3640 1160 ὁ
3668 1107 3821 1175 φίλος
3843 1147 3859 1167 ,
3887 1108 4000 1160 ἀλλ’

752 1214 1011 1283 judicium
1052 1212 1265 1274 suadet,
1317 1209 1511 1276 quibus
1540 1207 1603 1260 ad
1637 1205 1931 1260 monachos
1972 1204 2220 1274 ambigue
2248 1204 2320 1257 di-

2421 1200 2756 1269 ὲπισυνάψας
2776 1204 2887 1263 τοῖς
2916 1200 3333 1269 προειρημένοις
3359 1199 3486 1270 [396
3511 1197 3638 1268 il.]i
3662 1197 3784 1251 καθ’
3814 1199 4004 1269 ἕτερον

756 1314 841 1360 cta
892 1302 1202 1369 perscribit,
1253 1311 1307 1354 et
1352 1300 1580 1354 obscure
1628 1299 1769 1351 dicta
1810 1296 1864 1350 in
1911 1295 2116 1362 aliquot
2157 1308 2323 1347 εδει-ιε

2426 1293 2584 1362 μέρος
2618 1292 2748 1361 περὶ
2776 1291 2871 1343 τοῦ
2904 1292 3157 1360 Σωτῆρος
3188 1293 3299 1352 τοῖς
3333 1290 3432 1359 τῆς
3462 1288 3743 1352 εὐσεϐείας
3772 1292 4006 1359 κήρυξιν

760 1396 1052 1463 Scriptura:
1087 1393 1219 1447 locis
1251 1392 1385 1458 visa,
1415 1401 1471 1444 ut
1503 1390 1603 1443 alia
1637 1390 1781 1444 clare
1812 1389 1955 1449 dicta
1990 1387 2104 1441 loca
2136 1398 2319 1440 osten-

757 1490 892 1542 tlunt
921 1502 937 1541 :
978 1484 1101 1539 Non
1130 1495 1366 1550 oportere
1398 1498 1489 1549 per
1524 1481 1720 1549 aliquot
1757 1478 2056 1547 fragmenta
2086 1488 2131 1531 et
2154 1478 2323 1529 divul-

757 1578 930 1629 siones
956 1574 1227 1639 scriptoris
1260 1574 1503 1640 pietatem
1529 1569 1792 1637 judicare,
1822 1567 1957 1620 adeo
1996 1565 2202 1619 clarum
2236 1581 2322 1618 ra-

758 1667 906 1721 dium
958 1664 1159 1720 emittit
1212 1663 1432 1724 veritas,
1484 1670 1542 1713 ut
1599 1658 1859 1713 Severum
1920 1658 1973 1711 in
2026 1658 2108 1711 his
2150 1672 2325 1711 caicu-

765 1761 1008 1821 tientem,
1056 1767 1236 1810 tamen
1285 1767 1608 1808 consensum
1641 1752 1903 1805 suasisse.
1948 1751 2151 1805 Scribit
2180 1751 2323 1804 enim

2422 1383 2775 1453 ὲθεοὶογήθη,
2810 1384 2991 1452 πάσης
3025 1382 3236 1451 ὕϐρεως
3290 1382 3595 1449 ἀνωτέρους
3628 1383 3755 1443 τοὺς
3784 1382 3887 1449 τῆς
3922 1382 4007 1433 εὑ-

2425 1475 2636 1538 σεϐείας
2680 1474 2953 1537 ἀποδείξει
3004 1472 3381 1534 διδασκάλους.
3443 1466 3569 1524 Οἷον
3617 1471 3855 1539 συνάψει
3899 1474 4010 1531 τοῖς

2425 1566 2840 1639 προειρημένοις
2891 1567 2971 1629 τὸ,
3002 1561 3149 1619 ’.ον’
3204 1566 3259 1617 οἱ
3289 1562 3541 1631 πατέρες
3564 1604 3578 1625 ,
3609 1564 3705 1615 καί
3744 1563 3815 1627 ἐξ
3860 1557 3952 1616 ὧν
3979 1565 4013 1615 ὁ

2424 1661 2675 1727 Χριστὸς
2704 1660 2771 1712 τὸ
2817 1658 2966 1711 κατὰ
2994 1657 3213 1725 σάρκα,
3249 1661 3281 1711 ό
3314 1658 3398 1710 ὢν
3440 1656 3540 1709 ἐπὶ
3574 1655 3817 1709 πάντων
3867 1657 4013 1719 Θεὸς

2425 1748 2751 1818 εὐλογητὸς
2772 1750 2858 1813 είς
2879 1748 2901 1778 ⁸
2924 1748 3067 1813 τοὺς
3092 1747 3333 1812 αἰῶνας,
3355 1746 3559 1815 Ἀμήν·
3584 1749 3672 1797 ναὶ
3702 1747 3767 1814 δὴ
3797 1747 3897 1798 καὶ
3932 1748 4013 1805 τὸ,

763 1853 827 1904 ad
857 1849 1127 1903 Iulianum
1171 1846 1657 1900 Halicarnassaeum
1689 1860 1703 1895 :
1762 1840 1977 1910 Oportet
2003 1843 2165 1911 igitur
2188 1856 2325 1906 prte-
2353 1830 2398 1888 B

2353 1830 2398 1888 Β
2433 1843 2557 1927 Ὃςῖ
2590 1838 2673 1891 ὢν
2702 1841 3067 1909 ἀπαύγασμα
3097 1837 3204 1907 τῆς
3232 1839 3415 1904 δόξης
3444 1838 3544 1891 καὶ
3563 1837 3870 1905 χαρακτὴρ
3901 1836 4014 1904 τῆς

763 1942 1020 2007 ceptiones
1060 1952 1360 1993 sanctorum
1410 1946 1608 1989 sancta:
1645 1934 1896 1989 Ecclesia:
1936 1935 2208 1986 doctorum
2239 1949 2329 2001 per

760 2034 1083 2086 occasionem
1138 2030 1363 2098 perfecte
1401 2029 1586 2097 legere,
1613 2037 1660 2081 et
1692 2043 1797 2079 non
1826 2028 2126 2094 singulatim
2155 2028 2329 2077 omnia

760 2124 1014 2192 proferre,
1047 2135 1094 2177 et
1123 2125 1184 2175 de
1230 2131 1336 2173 toto
1365 2137 1517 2173 sensu
1543 2120 1837 2188 periculose
1865 2120 2183 2187 conjecture.
2216 2116 2329 2170 Hoc

761 2221 814 2269 in
862 2216 1164 2284 apostolicis
1204 2224 1357 2282 atque
1388 2214 1699 2281 euangelicis
1738 2213 1970 2278 scriptis,
2018 2223 2171 2281 atque
2202 2212 2331 2264 adeo

760 2311 812 2360 in
861 2310 999 2363 omni
1049 2308 1305 2359 divinitus
1359 2307 1621 2373 inspirata
1675 2305 1955 2372 Scriptura
2018 2302 2331 2357 servandum

762 2409 860 2461 est,
886 2399 1096 2467 quando
1129 2414 1231 2450 non
1260 2398 1313 2449 in
1342 2412 1445 2448 una
1474 2412 1593 2449 voce
1619 2398 1815 2449 scilicet
1845 2394 2076 2462 epistola:
2106 2394 2181 2447 vel
2211 2410 2333 2461 ope—

763 2492 833 2543 ris
875 2490 1184 2542 collocanda
1225 2498 1298 2541 est
1348 2490 1613 2554 scriptoris
1654 2492 1840 2556 pietas.
1880 2484 1971 2541 Sic
2012 2496 2066 2540 et
2106 2485 2219 2540 veri
2243 2500 2337 2539 ca-

764 2583 921 2634 nonis
951 2581 1128 2650 fulgur
1163 2580 1423 2634 Severum
1450 2595 1648 2633 caecum
1677 2581 1893 2648 proprio
1922 2577 2127 2649 fulgore
2155 2590 2333 2632 tamen

763 2673 868 2726 l‘rni
905 2673 1054 2737 sinit,
1085 2673 1177 2726 sed
1216 2670 1599 2740 inexplicabile
1629 2672 1762 2742 legis
1799 2671 1965 2725 robur
2007 2684 2337 2741 cognoscere

764 2766 934 2819 licuit.
994 2763 1081 2818 Uti
1132 2777 1259 2818 vero
1314 2773 1573 2817 consueta
1618 2764 1887 2818 sententia
1933 2764 2189 2833 neglexit.
2226 2762 2337 2816 Pisc

764 2854 905 2908 enim
937 2853 1210 2906 memoria:
1242 2852 1386 2906 beati
1419 2849 1616 2906 Leonis
1659 2853 1856 2905 librum
1889 2867 1995 2905 non
2028 2852 2143 2919 lege
2174 2866 2335 2920 quam

766 2945 1100 3012 praedicavit,
1131 2943 1228 2997 sed
1258 2944 1532 2997 contraria
1578 2943 1889 3012 expendens
1923 2943 2127 3011 lingua,
2162 2952 2216 2997 et
2243 2956 2339 3010 per

769 3036 1069 3104 fragmenta
1112 3033 1358 3103 quaedam
1389 3044 1443 3087 et
1474 3035 1791 3102 perniciosis
1821 3035 2163 3087 sermonibus
2200 3049 2339 3103 pras-

771 3129 947 3187 laudo,
1006 3126 1153 3179 visus
1199 3134 1284 3179 est
1329 3126 1397 3178 de
1442 3126 1715 3189 impietate
1760 3126 1843 3193 pie
1893 3124 2173 3178 scribere:
2228 3127 2339 3193 ipse

772 3232 896 3271 reus
920 3232 1046 3270 vero
1088 3219 1355 3271 exsistens
1378 3232 1562 3270 eorum
1600 3232 1717 3284 quae
1754 3218 1872 3271 aliis
1898 3215 2137 3285 obiicere
2178 3231 2343 3270 ausus

770 3320 872 3363 est.
922 3308 1052 3373 Quis
1090 3309 1235 3361 enim
1283 3308 1419 3361 alius
1462 3311 1674 3361 acutius
1726 3311 1888 3361 telum
1938 3311 1989 3360 in
2030 3307 2343 3361 Nestorium

774 3401 995 3468 impium
1034 3400 1211 3461 torsit,
1243 3413 1402 3467 quam
1440 3414 1570 3451 voce
1614 3401 1832 3451 robusta
1880 3398 2023 3451 Leo?
2055 3397 2348 3466 lmpatibi—

774 3493 837 3546 tis
870 3491 1006 3545 Deus
1034 3492 1281 3559 dignatus
1309 3501 1383 3543 est
1413 3490 1564 3541 homo
1595 3491 1731 3557 ﬁeri,
1772 3502 1817 3543 et
1855 3490 2167 3542 immortalis
2209 3506 2350 3542 mor-

774 3585 840 3637 tis
882 3598 1066 3651 parere
1121 3582 1340 3650 legibus.
1380 3579 1503 3634 llzcc
1553 3584 1887 3651 sycophanta
1942 3584 2345 3651 praetermittit:

774 3675 878 3727 alia
911 3688 1039 3727 vero
1080 3673 1327 3740 quaedam
1382 3674 1525 3725 dicta
1576 3687 1826 3725 resecans
1865 3674 1930 3724 ad
1963 3690 2119 3727 suum
2158 3688 2348 3743 dogma

776 3766 939 3833 rapit,
1001 3779 1101 3820 nec
1161 3765 1325 3834 pudet
1384 3766 1537 3818 vocis
1596 3765 1738 3817 illius
1801 3767 2099 3831 praedictae;
2176 3781 2351 3835 neque

779 3872 1078 3927 agnoscere
1111 3860 1178 3911 ab
1219 3857 1335 3925 ipso
1382 3857 1581 3909 cultam
1630 3858 1741 3909 vult
1778 3858 1967 3925 legem.
2003 3857 2057 3912 Si
2095 3860 2237 3912 enim
2270 3860 2351 3911 in-

778 3962 926 4022 tegra
980 3949 1175 4004 Leonis
1222 3949 1448 4018 epistola
1522 3964 1614 4016 per
1670 3951 2047 4017 ambiguitates
2111 3953 2351 4005 ambula-

776 4043 873 4104 vit,
921 4042 1085 4095 etiam
1124 4056 1193 4094 ex
1248 4055 1355 4109 quo
1408 4041 1690 4107 Acepltali,
1731 4041 1889 4093 unius
1926 4056 2169 4109 personae
2217 4042 2349 4095 divi-

781 4134 988 4186 sionem
1020 4134 1303 4196 damnant,
1338 4132 1550 4186 facilem
1587 4134 1653 4186 iis
1686 4131 1956 4201 imperitia
1993 4133 2351 4187 calumniandi

780 4225 1121 4277 occasionem
1166 4221 1446 4277 afferebat.
1479 4222 1767 4291 Postquam
1809 4237 1937 4276 vero
1964 4238 2059 4292 per
2090 4224 2353 4277 innume-

783 4315 968 4368 rabilia
1021 4317 1192 4384 pietas
1242 4324 1458 4370 ostensa
1507 4325 1614 4378 est,
1667 4318 1936 4383 quomodo
1977 4332 2083 4370 non
2136 4316 2293 4387 24],
2325 4318 2353 4368 b

781 4403 1128 4473 syc0phantae
1152 4404 1418 4472 arripiunt
1446 4403 1669 4457 alteram
1708 4420 1735 4457 a
1768 4407 1939 4473 prima
1977 4406 2355 4473 itttpieluletn?

780 4497 875 4548 sed
907 4496 957 4547 in
992 4496 1074 4549 bis
1103 4497 1277 4564 capita
1310 4496 1435 4547 duo.

2429 1932 2826 1998 ὑποστάσεως
2876 1929 3095 1997 αὑτοῦ,
3134 1930 3330 1999 φέρων
3364 1947 3427 1983 τε
3454 1932 3525 1983 τὰ
3562 1930 3758 1981 πάντα
3791 1928 3874 1992 τῷ
3900 1929 4017 1995 ῥή-

2425 2043 2566 2096 ματι
2598 2025 2707 2093 τῆς
2734 2025 3042 2095 δυνάμεως
3091 2024 3298 2079 αὐτοῦ.
3340 2023 3399 2076 Ὀ
3422 2024 3597 2076 ταῦτα
3623 2026 3737 2086 τοῖς
3774 2023 4019 2095 πρώτοις

2434 2120 2785 2191 συναρμόσας
2834 2121 2947 2178 ,καὶ
2999 2119 3296 2187 Νεστόριον
3340 2117 3550 2179 τούτοις
3586 2115 3891 2169 ἀσεϐοῦντα
3936 2115 4022 2167 δι-

2432 2216 2674 2283 ελέγξει,
2710 2216 2801 2268 καὶ
2842 2219 2940 2285 τὴν
2971 2215 3254 2268 εὐσέϐειαν
3281 2214 3669 2285 λαμπροτέραν
3718 2214 4013 2280 ἐπιδείξει.

2434 2308 2590 2360 Οὕτω
2620 2308 2674 2360 δὲ
2708 2308 2803 2360 καὶ
2832 2308 2861 2359 ὁ
2906 2307 3209 2377 θαυμάσιος
3240 2307 3401 2360 πάλιν
3435 2306 3713 2369 Βασίλειος
3751 2306 3853 2375 τὴν
3889 2307 4025 2375 περὶ

2433 2401 2541 2453 τῶν
2593 2401 2767 2467 λόγων
2812 2402 2992 2471 κρίσιν
3038 2400 3283 2468 γίνεσθαι
3332 2400 3606 2469 παραινεῖ,
3656 2401 3712 2451 ὲν
3757 2392 3839 2460 οἷς
3878 2399 4026 2466 πρὸς

2435 2494 2558 2555 τοὺς
2580 2492 2847 2562 μοναχοῦς
2872 2492 3095 2563 γράφει·
3126 2492 3202 2545 Τὰ
3226 2492 3568 2560 ἀμφιϐόλως
3594 2492 3890 2558 λεγόμενα
3915 2488 4025 2541 καὶ

2434 2584 3002 2652 ἐπικεκαλυμμένως
3021 2581 3296 2650 εἰρῆσθαι
3332 2582 3630 2635 δοκοῦντα
3668 2583 3738 2633 ἐν
3765 2596 3883 2633 τισι
3926 2581 4029 2631 to.

2437 2692 2571 2740 ποις
2593 2674 2703 2743 τῆς
2732 2675 3135 2728 θεοπνεύστου
3159 2670 3404 2741 Γραφῆς
3425 2673 3543 2726 ὑπὸ
3566 2670 3683 2724 τῶν
3712 2672 3781 2723 ἐν
3802 2670 4028 2734 ἄλλοις

2437 2770 2642 2832 τόποις
2698 2764 3192 2834 ὁμολογουμένων
3230 2761 3636 2831 σαφηνίζεται.
3673 2764 3791 2814 ’Ὁτι
3830 2760 3897 2813 δὲ
3950 2762 4031 2813 οὐ

2440 2860 2553 2927 χρὴ
2570 2858 2667 2911 διά
2682 2875 2858 2911 τινων
2874 2855 3313 2926 σπαραγμάτων
3329 2856 3425 2909 καὶ
3445 2854 3889 2922 περικομμάτιον
3906 2854 4035 2918 τήν

2438 2952 2544 3005 τοῦ
2568 2950 2956 3020 συγγραφέως
2976 2951 3200 3017 κρίνειν
3230 2947 3563 3009 εὐσέϐειαν,
3585 2945 3725 2998 οὕτω
3762 2946 4033 3014 λαμπράν

2439 3045 2631 3113 ἀφίησι
2658 3042 2755 3112 τὴν
2785 3044 2981 3094 ἀκτῖνα
3007 3042 3039 3108 ή
3062 3038 3295 3108 ἀλήθεια
3317 3038 3393 3099 ὼς
3424 3039 3520 3090 καὶ
3550 3036 3789 3104 Σεϐἧρον
3823 3036 4029 3095 αὑτὸν,

2446 3136 2621 3187 καίτοι
2652 3134 2781 3203 περὶ
2806 3131 2980 3185 ταῦτα
3009 3130 3411 3199 τυφλώττοντα,
3460 3129 3610 3197 ὅμως
3641 3128 3827 3179 πεῖσαι
3860 3126 4035 3178 τοῦτο

2447 3227 2692 3279 συνιδεῖν”
2728 3226 2926 3295 γράφει
2966 3224 3071 3293 γάρ
3122 3223 3257 3292 πρὸς
3298 3219 3582 3272 Ἰουλιανὸν
3632 3220 3725 3270 τὸν
3769 3217 4038 3285 Ἀλικαρ-

2443 3318 2626 3372 ναστοῦ⁹
2667 3317 2767 3369 Δεῖ
2793 3318 3001 3369 τοίνυν
3034 3314 3140 3380 τὰς
3173 3314 3294 3365 τῶν
3340 3313 3529 3365 όσίων
3577 3310 3727 3361 κατὰ
3774 3308 4032 3373 καιροὺς

2445 3409 2555 3476 τῆς
2570 3407 2898 3477 ἁγιωτάτης
2916 3405 3279 3470 Ἐκκλησίας
3302 3400 3713 3471 μυσταγωγῶν
3742 3399 4037 3450 διδασκα-

2443 3499 2581 3563 λίας
2618 3496 2872 3559 ἐντελῶς
2902 3495 3361 3562 ἀναγινώσκειν,
3396 3494 3495 3547 καὶ
3518 3491 3603 3559 μὴ
3635 3492 3703 3543 ἐκ
3733 3489 3955 3555 μέρους
3990 3488 4035 3518 ¹⁶

2446 3588 2518 3639 τὰ
2555 3587 2803 3639 ἐκείνων
2832 3584 3153 3652 προφέρειν
3186 3584 3285 3635 καὶ
3315 3582 3423 3649 τῆς
3470 3583 3620 3647 ὅλης
3665 3578 3865 3632 αὐτῶν
3896 3579 4035 3631 δια-

2447 3681 2615 3743 νοίας
2636 3677 3032 3742 ἐπικινδύνως
3106 3674 3671 3741 καταστοχάζεσθαι.
3717 3672 3898 3725 Τοῦτο
3961 3672 4037 3721 δὲ

2449 3772 2546 3824 καί
2577 3771 2675 3823 ἐπὶ
2708 3770 2823 3822 τῶν
2854 3767 3279 3823 ἀποστολικὼν
3308 3769 3407 3819 καὶ
3443 3764 3853 3834 εὐαγγελικὼν
3884 3780 4040 3830 etv}~

2447 3860 2802 3931 γραμμάτων
2832 3863 2928 3914 καί
2952 3861 3051 3913 ἐπὶ
3083 3859 3287 3925 πάσης
3312 3860 3425 3926 τῆς
3454 3858 3863 3911 θεοπνεύστου
3886 3858 4040 3921 Γρα-

2448 3952 2569 4021 φῆς
2594 3953 2890 4019 προσήκει
2921 3954 3133 4017 ποιεῖν,
3173 3952 3302 4005 ἐπεὶ
3327 3949 3485 4019 μηδὲ
3514 3949 3583 4001 ἐκ
3610 3946 3757 4016 μιᾶς
3784 3947 4036 4013 ρήσεως

2450 4045 2642 4113 ἤγουν
2667 4040 2995 4113 ἐπιστολῆς
3024 4045 3061 4112 ἢ
3096 4043 3516 4111 συντάγματος
3544 4041 3676 4093 ἐστι
3722 4038 4039 4105 παραστῆ-

2449 4154 2553 4189 σαι
2580 4136 2695 4203 τὴν
2722 4137 2876 4201 ὅλην
2916 4135 3022 4189 τοῦ
3059 4136 3451 4204 συγγραφέως
3482 4133 3819 4186 εὐσέϐειαν.
3878 4131 4039 4183 Οὕτω

2454 4232 2549 4300 μὲν
2581 4232 2614 4300 ἡ
2663 4230 2761 4298 τῆς
2800 4228 3061 4299 ἀληθείας
3099 4227 3192 4279 τοῦ
3237 4226 3462 4287 κανόνος
3509 4224 3769 4293 ἀστραπὴ
3820 4224 3918 4274 καὶ
3944 4222 4041 4273 τὸν

2452 4324 2711 4391 Σεὸῆρον,
2772 4322 2948 4375 καίτοι
3000 4319 3201 4387 τυφλὸν
3250 4318 3399 4379 ὄντα,
3458 4316 3557 4384 τῆς
3604 4316 3814 4375 οἰκείας
3862 4314 4040 4381 αὐγῆς

2453 4414 2603 4482 ὅμως
2653 4410 2961 4463 ἀπολαῦσαι
3001 4408 3436 4487 παρεσκεύασεν.
3480 4406 3643 4459 Ἀλλά
3666 4406 3775 4473 γὰρ
3806 4403 3903 4455 τοῦ
3938 4404 4040 4471 μὲν

2379 4498 2433 4557 D
2459 4504 2625 4572 νόμου
2650 4503 2712 4554 τὸ
2733 4502 2946 4571 ἄμαχον
2978 4502 3177 4570 κράτος
3210 4499 3440 4551 συνιδεῖν
3467 4497 3612 4564 ἔσχε,
3642 4495 3953 4565 χρήσασθαι
3981 4495 4040 4546 δὲ

781 4588 856 4658 τῷ
887 4590 1130 4659 ἀσυνέτῳ
1180 4590 1277 4658 τῆς
1325 4587 1550 4658 γνώμης
1598 4589 1697 4641 οὐκ
1735 4590 2052 4659 ἐμελέτησε.
2087 4593 2190 4645 Τὸν
2237 4598 2343 4668 γάρ
2376 4600 2471 4652 τοῦ
2499 4601 2558 4651 ἐν
2591 4598 2714 4667 ὁσία
2760 4600 2825 4666 τῇ
2857 4597 3046 4667 μνήμῃ
3072 4595 3299 4655 Λέοντος
3328 4593 3494 4661 τόμον
3522 4590 3583 4641 οὐ
3632 4587 3711 4657 τῷ
3776 4588 3933 4656 νόμῳ
3980 4586 4040 4636 ὃν

781 4676 1033 4745 ἐκήρυξε,
1070 4677 1225 4747 τῇδὲ
1266 4675 1365 4745 τῆς
1410 4676 1764 4739 ἀντιπαθείας
1822 4677 2045 4750 γλώσσῃ
2078 4679 2449 4752 ζυγοστατῶν,
2504 4688 2597 4740 καὶ
2651 4685 2741 4738 διά
2798 4703 2962 4737 τινων
3014 4684 3425 4752 σπαραγμάτων
3480 4681 3572 4732 καὶ
3630 4677 3901 4745 κιϐδήλων
3956 4675 4041 4725 λό-

781 4789 892 4839 γων
925 4773 1148 4841 προῖὼν,
1186 4771 1362 4836 ἔδοξεν
1408 4772 1494 4824 ἐπ’
1535 4771 1761 4841 ἀσεϐείᾳ
1796 4774 2028 4841 γράφειν
2084 4777 2120 4806 “
2184 4782 2274 4831 τὸν
2321 4783 2540 4850 εὐσεϐῆ,
2583 4782 2745 4841 αὐτὸς
2773 4779 2849 4833 ὢν
2891 4778 3107 4845 ἀληθῶς
3182 4776 3219 4829 ἃ.
3264 4776 3573 4827 διαϐάλλειν
3639 4772 3835 4832 ἄλλους
3883 4772 4036 4823 ἐτόλ-

788 4885 945 4937 μησε.
973 4869 1067 4930 Τίς
1098 4869 1205 4937 γὰρ
1236 4865 1489 4935 ὀξύτερον
1518 4864 1673 4929 ἄλλος
1728 4866 1881 4935 βέλος
1924 4872 2063 4922 κατὰ
2138 4874 2231 4925 τοῦ
2281 4876 2577 4940 δυσσεϐοῦς
2650 4875 2830 4943 ἀφῆκε
2878 4874 3176 4942 Νεστορίω
3225 4873 3322 4940 τῆς
3380 4873 3611 4941 στερρᾶς
3674 4868 3892 4936 ἐκείνης
3950 4867 4040 4919 καὶ

784 4961 1053 5020 λεοντείας
1096 4958 1301 5027 φωνῆς,
1338 4956 1391 5008 '0
1424 4957 1662 5023 ἀπαθὴς
1696 4959 1840 5023 Θεὸς
1891 4962 2002 5012 οὐκ
2052 4964 2357 5029 ἀπηξίωσε
2384 4967 2652 5033 παθητὸς
2683 4964 2965 5035 γενέσθαι
2991 4964 3323 5030 ἄνθρωπος,
3355 4964 3452 5015 καὶ
3504 4966 3536 5014 ὁ
3591 4960 3888 5024 ἀθάνατος
3940 4964 4039 5011 νί-

784 5073 915 5132 μοις
948 5054 1299 5107 ὑποκεῖσθαι
1340 5054 1642 5115 θανάτου;
1688 5054 1821 5105 ἀλλά
1867 5054 2039 5108 ταῦτα
2086 5061 2183 5127 μὲν
2211 5063 2239 5112 ὁ
2272 5064 2613 5131 συκοφάντης
2657 5063 3031 5130 παρατρέχει,
3067 5058 3201 5111 ἄλλα
3258 5058 3316 5110 δέ
3392 5074 3513 5109 τινα
3564 5059 3703 5126 ρητά
3770 5056 3908 5123 πρὸς
3985 5058 4043 5103 τὸ

786 5150 982 5200 οἰκεῖον
1012 5146 1357 5218 περικόπτων
1391 5163 1447 5198 τε
1475 5147 1569 5198 καὶ
1593 5148 1931 5217 διαστρέφων
1958 5149 2204 5221 βούλημα
2229 5153 2354 5206 οὕτε
2378 5157 2475 5223 τὴν
2508 5156 2921 5225 προειρημένην
2952 5154 3133 5223 φωνὴν
3187 5153 3537 5214 δυσωπεῖται,
3587 5149 3707 5202 οὕτε
3764 5148 3856 5199 τὸν
3912 5142 4043 5215 παρ’

788 5238 950 5291 αὑτοῦ
999 5238 1174 5306 λόγοις
1205 5237 1502 5307 τιμηθέντα
1547 5238 1708 5307 νόμον
1736 5239 1814 5289 ἔτι
1847 5239 2095 5307 βούλεται
2136 5243 2356 5296 εἰδέναι.
2391 5246 2451 5296 Εί
2486 5247 2584 5312 μὲν
2614 5245 2723 5313 γὰρ
2755 5245 3002 5313 ᾶπασαὴ
3045 5243 3135 5295 τοῦ
3167 5245 3223 5294 ἐν
3276 5242 3450 5307 ἁγίοις
3503 5240 3731 5299 Λέοντος
3780 5238 4045 5303 ἐπιστολή

786 5336 850 5387 δι’
878 5334 1193 5403 ἀμφιϐόλων
1240 5333 1401 5384 τινῶν
1431 5331 1631 5396 ὥδευε,
1683 5336 1775 5386 καὶ
1816 5334 1873 5400 ἐξ
1906 5334 2032 5405 [597
2070 5334 2160 5407 Η.]
2197 5332 2272 5390 ὧν
2303 5340 2351 5390 οἱ
2380 5340 2645 5408 ἀκέφαλοι
2673 5342 2773 5409 τὴν
2820 5339 2921 5409 τῆς
2973 5340 3101 5409 μιᾶς
3147 5337 3496 5395 ὑποστάσεως
3567 5334 3849 5386 αἰτιῶνται
3902 5332 4046 5383 διαί-

853 5481 873 5515 ι
915 5475 1070 5530 Rom.
1122 5491 1197 5536 ιχ,
1232 5474 1282 5528 5.
1369 5472 1384 5511 ι
1427 5472 1588 5527 llcbr.
1632 5490 1668 5537 ι,
1702 5472 1789 5526 31.

2099 5563 2332 5618 νΛΙίΙιιΕ
2375 5565 2779 5621 LECTIONES.

868 5707 886 5735 ⁸
930 5704 1109 5775 Ἐϐρ.]
1142 5720 1192 5765 ν,
1228 5706 1278 5756 7.
1358 5702 1491 5768 “sine
1531 5702 1779 5767 θεότητος
1803 5712 1853 5748 ct
1884 5699 2109 5775 ya__adtl.
2145 5701 2247 5775 A._
2289 5701 2306 5729 "
2338 5694 2435 5775 ᾧν]
2479 5700 2638 5775 Βοηι.
2672 5717 2746 5763 Ix,
2771 5702 2862 5775 ,δι’
2964 5701 3044 5775 εἰς
3075 5700 3137 5753 Λ.
3173 5720 3183 5752 :

868 5707 886 5735 ⁸
930 5704 1109 5775 Ἐϐρ,]
1142 5720 1192 5765 ν,
1228 5706 1278 5756 7.
1358 5702 1491 5768 ⁶τῆς
1531 5702 1779 5767 θεότητος
1803 5712 1853 5748 ot
1884 5718 1944 5761 γε
1987 5699 2109 5751 add.
2145 5701 2210 5751 A.
2289 5701 2306 5729 ⁷
2338 5696 2435 5769 ὧν]
2479 5700 2638 5753 Rom.
2672 5717 2746 5763 lx,
2779 5702 2832 5753 5.
2911 5701 2931 5730 ⁸
2968 5701 3044 5762 είς
3075 5700 3137 5753 Λ.
3173 5720 3183 5752 :
3222 5696 3270 5750 εί
3296 5699 3374 5759 εἰς
3402 5714 3459 5759 ς,

800 5776 840 5808 ⁸³
879 5778 940 5827 ἐκ
972 5776 1166 5843 μέρους
1220 5790 1323 5842 mg.
1360 5774 1397 5823 Α
1436 5791 1446 5823 :
1485 5775 1774 5841 ἐκατέρου,
1812 5789 1871 5832 τ.
1954 5772 1991 5799 ”
2026 5785 2113 5821 an.
2148 5770 2475 5837 γράφεσθαι,
2526 5773 2647 5822 ιῖοΗ.
2685 5788 2735 5839 p.
2767 5770 2869 5823 949
2901 5770 2983 5821 B?

3540 5698 3558 5725 ⁵⁵
3588 5694 3670 5765 ὃς]
3714 5694 3872 5747 Hebr.
3908 5710 3949 5756 ι,
3983 5698 4036 5749 ὅ.
