4208 6448
190 386 301 451 945

1204 405 1724 471 BIBLIOTHECA.
1766 433 1834 443 -
1870 410 2030 471 COD.
2090 410 2351 473 CCXXV.

3274 408 3386 472 9&6

190 517 370 569 ρεσινο
399 520 538 572 ταχα
560 522 627 574 ην
654 505 832 569 αὐτοῖς
857 507 954 575 τῆς
976 507 1228 581 διαϐολῆς
1252 516 1285 583 ἡ
1328 515 1517 582 ἄγνοια
1542 519 1833 587 πρόφασις·
1856 521 1976 574 ἐπεὶ
1999 521 2054 574 δὲ
2089 521 2177 574 διὰ
2200 523 2409 592 μυρίων
2445 523 2477 590 ἡ
2525 520 2775 575 εὐσέϐεια
2818 520 3099 592 πρόδηλος,
3156 520 3281 592 [γει
3306 522 3397 593 ιιι

188 596 311 659 πῶς
344 598 467 665 οὐχὶ
492 598 748 670 δευτέραν
772 602 864 656 ἐπὶ
886 605 953 674 τῇ
980 605 1169 677 πρώτῃ
1197 607 1479 681 δυσσεϐείᾳ
1548 614 1596 665 οἱ
1626 615 1957 682 συκοφάνται
2002 614 2543 688 προσλαμϐάνουσιν;
2595 616 2734 670 Ἀλλ’
2800 617 2858 670 ὲν
2900 616 3107 679 τούτοις
3177 618 3274 687 μὲν
3335 619 3405 670 τὸ.

188 691 288 743 δύο
314 693 605 761 κεφάλαια.

266 783 461 849 Τρίτον
496 785 539 836 δ’
569 785 633 838 ἂν
662 789 745 855 εἴη
793 789 901 841 τῶν
946 791 1379 862 διαϐαλλομένων
1427 796 1606 865 ῥητῶν
1660 798 1753 851 τοῦ
1783 804 1829 861 Α
1925 800 1928 818 ¹

1741 798 1829 861 ΞΑ
1925 799 2162 855 Tertium
2198 802 2486 857 verborum
2530 802 2991 865 calumniantium,
3037 801 3215 856 sancti
3263 800 3403 854 Leo-

189 874 249 923 ἐν
292 872 471 938 ἁγίοις
500 874 725 935 Λέοντος
754 877 786 945 η
817 878 1115 945 παράθεσις
1149 882 1243 933 καὶ
1270 883 1304 950 ἠ
1340 883 1403 935 ὲκ
1453 884 1543 936 τοῦ
1592 885 1755 938 αὑτοῦ

190 964 364 1032 τόμου
396 965 837 1036 ἁντιπαράθεσις,
865 968 931 1021 δι’
955 964 1022 1039 ἦς
1065 973 1098 1040 ἡ
1130 972 1311 1037 ἄδικος
1349 973 1455 1027 τῶν
1489 992 1757 1044 συκοφαν-

190 1052 300 1106 τῶν
324 1054 517 1124 γνώμη
548 1054 807 1125 λαμπρῶς
832 1060 1219 1128 στηλιτεύεται.

272 1144 430 1197 Ἐστι
475 1146 533 1198 δὲ
564 1147 673 1199 τῶν
704 1153 1223 1220 συκοφαντουμένων
1254 1155 1469 1224 πρῶτον
1492 1170 1505 1183 ·
1530 1156 1759 1210 divide-

191 1250 283 1288 τει
306 1236 351 1267 ¹¹
376 1235 487 1305 τὰρ
516 1238 762 1306 ἑκατέρα
789 1241 979 1309 φύσις.
1008 1245 1346 1311 ἀνελλιπῶς
1384 1247 1497 1314 τὴν
1539 1248 1759 1315 έαυτῆς

197 1329 489 1397 ίδιότητα,
525 1332 625 1385 καί
654 1332 854 1402 ὥσπερ
885 1337 995 1389 οὐκ
1019 1336 1246 1403 ἀναιρεῖ
1270 1337 1385 1405 τὴν
1412 1338 1516 1393 τοῦ
1537 1339 1759 1393 δούλου

190 1419 443 1488 μορφὴν
468 1423 505 1489 ἠ
538 1423 739 1491 μορφὴ
773 1424 881 1479 τοῦ
918 1426 1087 1492 Θεοῦ,
1129 1427 1281 1480 οὕτω
1335 1427 1449 1494 τὴν
1476 1428 1582 1481 τοῦ
1613 1430 1759 1483 Θεοῦ

194 1510 449 1580 μορφὴν
468 1513 506 1577 ἠ
533 1515 639 1568 τοῦ
669 1515 894 1570 δούλου
921 1519 1227 1585 μόρφωσις
1249 1519 1358 1572 οὐκ
1388 1519 1650 1587 ἐμείωσε.
1687 1519 1761 1572 Τὸ

202 1601 305 1668 μὲν
335 1598 431 1655 οὖν
465 1605 625 1674 ῥητὸν
647 1606 743 1658 καὶ
776 1607 898 1660 καθ’
929 1608 1087 1660 ἑαυτὸ
1108 1609 1362 1671 εὐσεϐοῦς
1382 1610 1617 1668 διανοίας
1645 1611 1760 1663 ἐστὶ⁹

201 1694 519 1765 βλάστημα,
551 1696 689 1765 πλὴν
722 1697 838 1749 ἀλλ’
872 1698 1345 1769 ἀντιπαρακείσθω
1370 1701 1541 1769 τούτῳ
1570 1702 1633 1752 ὲκ
1662 1702 1759 1768 τῆς

200 1785 376 1854 αὐτῆς
421 1787 738 1856 ἐπιστολῆς·
780 1786 923 1841 οὕτω
974 1768 1080 1859 γὰρ
1132 1789 1200 1841 ἂν
1251 1789 1448 1857 μᾶλλον
1478 1768 1756 1861 ἐλεγχθείη

198 1878 301 1944 τῆς
334 1878 651 1941 δυσσεϐείας
697 1878 760 1931 τὺ
801 1880 1183 1950 κακούργημα.
1230 1881 1382 1951 Ἔχει
1411 1883 1517 1951 γὰρ
1566 1882 1756 1944 οὓτως·

208 1967 275 2019 '0
301 1967 372 2019 δὲ
398 1968 580 2034 αὐτὸς
616 1970 720 2023 τοῦ
748 1970 943 2024 ἀϊδίου
977 1972 1204 2039 Πατρὸς
1220 1973 1551 2040 μονογενὴς
1572 1973 1759 2040 ἀΐδιος

196 2058 417 2124 ἐτέχθη
479 2059 548 2111 ἐκ
606 2060 947 2127 Πνεύματος
995 2062 1166 2128 ἁγίου
1227 2064 1324 2115 καί
1376 2063 1601 2130 Μαρίας
1650 2062 1756 2129 τῆς

197 2149 528 2215 Παρθένου,
569 2151 701 2217 ἥτις
734 2151 1017 2219 γέννησις
1046 2153 1292 2221 χρονικὴ
1326 2154 1434 2220 τῆς
1466 2156 1624 2220 θείας
1654 2158 1756 2209 αὐ·
1784 2134 1827 2191 Β

196 2240 310 2293 τοῦ
354 2242 455 2295 καὶ
482 2242 678 2297 ἀϊδίου
736 2244 1075 2313 γεννήσεως
1115 2245 1250 2299 οὔτε
1286 2263 1340 2298 τι
1392 2246 1762 2313 ἀπεμείωσεν

198 2332 340 2385 οὔτε
387 2331 515 2401 μήν
550 2350 606 2386 τι
643 2336 829 2401 ταύτῃ
860 2336 1249 2403 προσέθηκεν.
1280 2337 1424 2397 Ἕως
1446 2336 1561 2399 τοῦ,
1609 2341 1760 2390 Συν-

195 2422 437 2489 ελήςρθη
463 2424 577 2490 μὲν
616 2420 729 2479 οὖν
761 2426 954 2492 δῆλον
987 2427 1073 2478 ὅτι
1117 2428 1185 2479 ἐκ
1220 2430 1561 2497 Πνεύματος
1594 2429 1763 2497 ἀγίου

196 2515 270 2567 ἐν
307 2516 518 2583 γαστρί
570 2517 876 2584 Παρθένου
918 2519 1164 2586 μητρὸς,
1204 2518 1336 2585 ἥτις
1380 2520 1532 2572 οὕτω
1573 2523 1765 2587 φυλα-

196 2607 454 2674 χθείσης
479 2608 584 2674 τῆς
610 2611 929 2676 παρθενίας
954 2610 1141 2664 αὑτὸν
1168 2610 1533 2675 ἀπεκύησεν,
1564 2610 1763 2677 ὥσπερ

196 2693 319 2751 οὗν
345 2698 443 2750 καὶ
480 2700 757 2766 ἀκεραίου
777 2702 1067 2769 μεινάσης
1108 2701 1219 2768 τῆς
1256 2703 1580 2768 παρθενίας
1612 2718 1761 2754 συν-

196 2787 442 2841 ἐλαϐεν.
503 2784 625 2858 Ἆρ’
668 2792 915 2860 ἐνενόησε
956 2792 1127 2845 ταῦτά
1164 2809 1293 2844 ποτε
1336 2793 1378 2822 ¹³
1429 2792 1755 2861 Νεστόριοςς

198 2873 293 2946 ἆρ’
342 2880 565 2948 εὑρήσει
615 2897 699 2944 τις
745 2882 887 2934 κατὰ
935 2882 1139 2935 τούτων
1173 2882 1426 2951 διαϐολήν
1470 2899 1611 2946 τινα,
1658 2883 1761 2934 κᾶν

196 2966 371 3020 αὑτὸν
396 2969 724 3037 ἐνεργοῦντα
764 2973 824 3023 ὲν
863 2970 1039 3039 ὲαυτῷ
1067 2972 1157 3023 τὸν
1204 2971 1297 3023 ἀπ’
1338 2971 1512 3041 ἀρχῆς
1555 2972 1765 3040 ἀνθρω-

1858 891 1943 946 nis
1991 892 2336 960 comparatio,
2385 901 2440 947 et
2484 906 2549 945 ex
2587 892 2773 947 eodem
2818 891 2954 945 libro
2993 892 3242 951 redditio,
3295 906 3398 957 Qua

1859 983 2056 1049 iniusta
2120 982 2562 1038 calumniantium
2615 983 2880 1039 sententia
2935 980 3134 1037 clarius
3195 980 3393 1035 refelli-

1861 1084 1962 1127 ιυιι.

1931 1159 2053 1213 Haec
2082 1169 2257 1213 autem
2299 1158 2694 1214 calumniantur
2722 1176 2737 1213 :
2773 1157 3017 1212 Primum
3064 1159 3203 1211 enim
3233 1164 3405 1210 servat

1860 1251 2025 1304 altera
2084 1260 2275 1302 natura
2324 1248 2678 1317 indeﬁcienter
2751 1248 2833 1301 sui
2888 1248 3278 1316 proprietatem.
3335 1249 3407 1300 Et

1857 1341 2291 1411 quemadmodum
2331 1356 2433 1392 non
2470 1339 2604 1392 tollit
2654 1340 2786 1392 servi
2818 1339 3038 1407 formam
3067 1338 3161 1391 Dei
3194 1339 3363 1406 forma
3387 1378 3403 1399 ,

1858 1433 1934 1485 sic
1981 1439 2031 1482 et
2083 1431 2214 1484 servi
2248 1429 2418 1498 farina
2465 1446 2568 1483 non
2612 1430 2802 1483 minuit
2838 1427 2934 1482 Dei
2967 1428 3212 1497 formam.
3253 1429 3405 1494 Quod

1860 1523 2021 1593 igitur
2052 1522 2249 1576 dictum
2298 1529 2379 1576 est
2422 1520 2713 1576 secundum
2762 1534 2820 1575 se
2854 1521 2938 1587 ple
2968 1521 3159 1575 mentis
3191 1534 3407 1589 germen

1856 1625 1969 1681 est;
2018 1614 2115 1668 nisi
2161 1612 2288 1682 quid
2319 1624 2506 1668 contra
2554 1611 2843 1680 objiciatur
2889 1627 2955 1667 ex
2998 1612 3111 1681 ipsa
3161 1612 3403 1681 epistola.

1860 1705 1952 1759 Sic
1988 1706 2128 1759 enim
2172 1703 2361 1757 melius
2406 1702 2697 1770 impietatis
2743 1702 3061 1770 improbitas
3104 1713 3403 1755 accusetur.

1859 1797 1952 1850 Sic
1992 1796 2133 1849 enim
2180 1794 2377 1848 habet:
2412 1793 2529 1859 Ipse
2557 1794 2854 1858 sempiterni
2888 1792 3064 1846 Patris
3112 1794 3409 1860 unigenitus

1855 1887 2217 1953 sempiternus,
2249 1884 2449 1953 genitus
2478 1899 2542 1937 ea:
2572 1881 2773 1949 Spiritu
2809 1893 2988 1937 sancto
3012 1894 3060 1937 et
3088 1883 3259 1936 Maria
3297 1883 3414 1935 Vir-

1856 1976 1992 2045 gine.
2024 1970 2154 2037 Qua:
2192 1973 2456 2041 generatio
2503 1971 2803 2038 temporalis
2843 1972 3074 2024 divinam
3130 1972 3290 2039 ipsius
3322 1982 3412 2024 ‘ac

1857 2062 2221 2130 sempiternam
2274 2061 2652 2130 generationem
2719 2061 2846 2113 nihil
2897 2062 3165 2125 diminuit,
3252 2077 3412 2129 neque

1860 2154 1959 2223 ipsi
1994 2153 2121 2223 quid
2168 2152 2447 2219 postponit,
2493 2167 2663 2221 usque
2695 2152 2759 2205 ad
2809 2151 2933 2205 illud
2968 2170 2980 2206 :
3018 2150 3301 2220 Conceptus
3330 2164 3410 2206 est

1860 2242 2093 2298 uidelicet
2125 2243 2188 2296 de
2220 2241 2422 2309 Spiritu
2449 2251 2631 2294 sancto
2668 2242 2723 2293 in
2760 2253 2902 2295 utero
2937 2241 3165 2310 Virginis
3207 2244 3412 2303 matris,

1864 2345 1919 2389 ut
1953 2350 2067 2402 qua:
2094 2334 2169 2387 sic
2196 2346 2399 2388 servata
2425 2332 2730 2399 integritate
2756 2333 2926 2399 ipsum
2955 2331 3207 2400 genuerit,
3236 2349 3415 2400 quent-

1862 2426 2145 2478 admodum
2186 2434 2232 2477 οι
2267 2434 2503 2476 manente
2532 2424 2829 2491 virginitate
2868 2426 3117 2489 concepit.
3154 2422 3417 2476 Intellexit

1865 2519 1967 2573 hoc
1993 2515 2279 2584 aliquando
2306 2514 2623 2569 Nestorius?
2650 2512 2969 2581 Reperiatne
3012 2515 3190 2581 itaque
3221 2525 3413 2566 contra

1867 2611 1980 2664 haec
2014 2608 2210 2677 aliquis
2249 2608 2388 2676 quod
2423 2608 2547 2677 jure
2578 2605 2953 2667 calumnietur,
2990 2605 3199 2658 etiarnsi
3233 2604 3409 2672 ipsqu

1864 2697 2131 2752 diabolum
2161 2698 2352 2752 habeat
2375 2705 2750 2765 cooperantem
2779 2696 2829 2747 in
2859 2694 2963 2747 hac
2985 2709 3043 2747 re
3067 2696 3132 2746 ab
3152 2694 3298 2745 initio
3322 2695 3417 2745 lto-

1865 2789 2152 2844 micidam?
2196 2788 2372 2855 Quare
2403 2789 2564 2859 igitur
2600 2802 2705 2841 non
2751 2786 2817 2840 ad
2844 2785 2976 2849 haec,
3011 2785 3112 2838 etsi
3149 2786 3276 2852 quid
3309 2799 3415 2837 am-

1866 2881 2079 2950 biguum
2103 2888 2209 2945 est,
2238 2880 2573 2949 adaptamus,
2592 2878 2685 2934 sed
2714 2878 2826 2933 haec
2855 2877 3031 2945 potius
3060 2876 3183 2929 inde
3208 2890 3418 2930 sumere

1869 2972 2143 3026 audemus.

197 3061 468 3114 ποκτόνον
491 3063 603 3132 ἔχει
648 3064 923 3128 διάϐολον;
972 3064 1060 3117 διὰ
1091 3065 1145 3116 τί
1176 3060 1269 3117 οὖν
1300 3065 1374 3134 μὴ
1414 3065 1551 3135 πρὸς
1596 3064 1767 3117 ταῦτα
1793 3065 1884 3117 καὶ
1940 3064 1993 3117 εῐ
2039 3082 2091 3118 τι
2152 3063 2447 3134 ἀμφίϐολον
2517 3061 2961 3133 μεθαρμόζομεν,
3038 3058 3172 3112 ἀλλὰ
3246 3058 3414 3113 ταῦτα

200 3156 411 3226 μᾶλλον
441 3158 647 3210 ἐκεῖθεν
677 3159 1076 3211 συνδιαϐάλλειν
1113 3159 1525 3229 θρασυνόμεθα,

274 3246 422 3314 Ὅρα
451 3246 515 3315 δὴ
552 3248 644 3298 τὸν
687 3248 977 3315 Ἀκέφαλον
1002 3248 1117 3309 πῶς
1144 3247 1308 3301 πάλιν
1341 3248 1530 3317 ἑτέρας
1561 3248 1660 3300 οὐκ
1685 3249 1769 3300 αἱ·

201 3335 467 3403 σχύνεται
490 3338 839 3406 κατατρέχων
864 3339 1072 3407 ρήσεως
1097 3339 1159 3403 ¹⁸,
1193 3339 1227 3407 ἥ
1252 3356 1412 3407 φησιν
1442 3338 1543 3391 Ἐν
1579 3338 1702 3401 ὅσῳ
1726 3338 1768 3368 ⁸⁸

1955 3244 2127 3298 Cerne
2152 3239 2477 3311 Acepbalum
2508 3238 2774 3309 quomodo
2817 3252 2919 3292 non
2968 3236 3155 3290 iterum
3196 3238 3418 3287 alterum

1873 3335 2071 3388 dictum
2108 3333 2360 3386 omittens
2390 3330 2659 3383 erubescit
2692 3347 2704 3381 :
2752 3328 2901 3392 Quas,
2953 3327 3144 3395 inquit,
3190 3327 3243 3377 in
3275 3325 3418 3396 [uni-

200 3421 278 3473 τὰ
310 3422 737 3515 συναμφότερα
771 3425 898 3491 μετ’
923 3426 1210 3491 ἀλλήλων
1243 3426 1382 3488 eici,
1404 3427 1497 3477 καί
1530 3427 1635 3479 τοῦ
1662 3426 1766 3479 ἁν-
1795 3461 1837 3516 C

1754 3455 1766 3465 -
1795 3461 1837 3516 ο
1870 3423 2041 3495 versa]
2086 3426 2375 3492 quantitate
2420 3424 2590 3475 relata
2638 3423 2879 3487 utrinque
2918 3428 3062 3483 sunt,
3109 3427 3156 3471 et
3196 3420 3416 3470 hominis

202 3510 450 3578 θρώκοῦ
492 3512 559 3564 τὸ
592 3513 875 3566 ταπεινὸν
911 3514 1011 3566 καί
1060 3515 1127 3567 τὸ
1152 3516 1399 3584 μέγεθος
1436 3516 1545 3584 τῆς
1574 3519 1770 3583 θεότη-

202 3619 344 3666 τος·
370 3600 572 3668 ὥσπερ
616 3602 726 3671 τὰρ
755 3603 827 3656 ἐν
867 3602 947 3667 τῷ
984 3604 1177 3656 ἐλεεῖν
1203 3605 1245 3635 ¹⁶
1283 3608 1315 3658 ό
1359 3607 1502 3671 Θεὸς
1545 3605 1772 3673 τροπὴν

203 3695 327 3759 οὺχ
382 3694 721 3759 ὑφίσταται,
758 3695 944 3759 οὕτως
987 3698 1020 3749 ἀ
1070 3696 1379 3761 ἄνθρωπος
1428 3696 1506 3760 τῷ
1543 3698 1773 3765 μεγέθει

204 3780 328 3847 τῆς
360 3780 535 3845 ἀξίας
559 3780 669 3847 τῆς
704 3782 865 3847 θείας
895 3785 1003 3836 οὐκ
1047 3783 1454 3838 ἀναλίσκεται.
1498 3784 1620 3847 Πῶς
1668 3787 1773 3855 γὰρ

203 3871 317 3923 οὐκ
362 3870 682 3939 ὲδυσωπήθη
736 3871 834 3939 τὴν
881 3870 1143 3936 λέγουσαν
1172 3871 1558 3940 ἀντιπαραθεὶς
1591 3873 1774 3942 φωνὴν

206 3961 313 4012 καὶ
344 3959 481 4029 πρὸς
528 3960 590 4012 τὸ
633 3962 1075 4030 χρεωστούμενον
1106 3961 1324 4030 ὄφλημα
1362 3963 1457 4030 τῆς
1506 3964 1775 4032 ἡμετέρας

206 4050 439 4118 φύσεως
476 4050 810 4117 ὲκτισθῆναι,
852 4051 921 4104 Ἡ
954 4053 1081 4105 θειά
1113 4053 1300 4119 φύσις
1331 4052 1526 4119 ήνώθη
1560 4052 1633 4119 τῇ
1663 4054 1775 4121 φύ-

206 4154 313 4193 σει
362 4138 437 4206 τῇ
464 4140 719 4206 εταθητῇ,
753 4141 853 4193 ἵνα
882 4142 1058 4195 τοῦτο
1095 4142 1170 4208 δὴ
1199 4143 1262 4195 τὸ
1304 4143 1435 4208 ταῖς
1470 4144 1778 4212 ἡμετέραις

208 4229 463 4283 ίάσεσιν
488 4228 761 4296 ὑπάρχον
800 4231 1104 4299 ἁρμόδιον,
1143 4226 1231 4297 εἷς
1276 4232 1373 4285 καί
1407 4235 1439 4286 ό
1484 4233 1665 4299 αὐτὸς
1696 4233 1779 4285 ὢν

200 4321 473 4389 μεσίτης
507 4321 653 4373 Θεοῦ
685 4321 781 4375 καὶ
813 4322 1158 4389 ἀνθρώπων,
1199 4323 1505 4392 ἄνθρωπος
1544 4326 1780 4391 Ἰησοῦς

207 4411 493 4478 Χριστὸς,
542 4413 639 4463 καί
682 4412 1097 4479 ἀποθνήσκειν
1128 4413 1196 4465 ἐκ
1238 4414 1341 4467 τοῦ
1380 4414 1515 4479 ἐνὸς
1547 4414 1778 4483 δυνηθῇ

209 4504 315 4555 καὶ
356 4500 643 4569 τελευτᾷν
667 4502 734 4555 ἐκ
762 4503 866 4557 τοῦ
892 4503 1097 4570 ἑτέρου
1125 4505 1210 4573 μὴ
1241 4505 1492 4574 δυνηθῇ.

286 4591 467 4643 Πάλιν
511 4592 694 4660 τρίτον
738 4593 777 4622 ¹⁷
836 4594 914 4655 εἰς
978 4594 1307 4663 κατηγορίαν
1370 4595 1776 4664 προτείνουσιν·

224 4680 499 4749 Ἑνερτεῖ
524 4680 633 4748 γὰρ
680 4681 928 4749 ἑκατέρᾳ
961 4682 1163 4751 μορφῇ
1188 4683 1336 4751 μετὰ
1381 4683 1489 4751 τῆς
1531 4684 1778 4751 θατέρου

1870 3518 2042 3572 vilitas
2091 3526 2138 3569 et
2198 3514 2295 3567 Dei
2353 3523 2532 3567 contra
2585 3513 2910 3581 magnitudo.
2970 3511 3421 3574 Quemadmodum

1870 3608 2006 3661 enim
2037 3621 2148 3658 cum
2183 3606 2349 3657 dicit:
2386 3604 2524 3657 Deus
2553 3605 2889 3655 mutationem
2922 3619 3023 3655 non
3051 3603 3263 3669 suscipit
3289 3618 3306 3663 ;
3346 3604 3420 3653 sic

1871 3699 2023 3750 homo
2068 3698 2257 3750 divina:
2311 3696 2582 3764 dignitatis
2627 3711 2729 3747 non
2758 3698 3103 3747 consumitur.
3144 3692 3421 3757 Quomodo

1871 3789 2011 3842 enim
2058 3790 2259 3857 pudore
2290 3801 2394 3839 non
2426 3793 2508 3839 est
2548 3784 2769 3839 affectus
2800 3787 2997 3838 dictam
3042 3798 3226 3837 vocem
3258 3797 3422 3850 oppo-

1876 3894 2030 3941 nens,
2056 3889 2111 3931 et
2142 3879 2205 3931 ad
2237 3877 2469 3931 debitum
2494 3885 2693 3929 nostra:
2720 3884 2922 3928 natura:
2951 3876 3220 3928 conditum
3256 3888 3374 3927 esse
3404 3889 3418 3926 :

1877 3971 2064 4023 Divina
2093 3980 2280 4021 natura
2310 3969 2457 4019 unita
2496 3975 2572 4019 est
2607 3966 2813 4033 patibili
2842 3978 3066 4025 naturis,
3102 3978 3151 4017 nt
3192 3968 3284 4016 hoc
3311 3982 3420 4015 cer-

1877 4073 1923 4115 te
1960 4062 2146 4113 nostris
2199 4059 2465 4111 medicinis
2517 4067 2693 4121 aptum
2740 4057 3009 4115 exsistens,
3062 4072 3193 4107 unus
3234 4064 3277 4106 et
3315 4056 3423 4119 ipse

1877 4153 2132 4204 mediator
2188 4148 2279 4201 Dei
2326 4159 2372 4201 et
2447 4148 2715 4199 hominum
2766 4148 3015 4198 exsistens
3066 4148 3213 4197 homo
3269 4144 3422 4196 Iesus

1878 4242 2114 4297 Christus
2168 4250 2227 4299 ω.
2274 4250 2319 4293 et
2352 4240 2481 4292 mori
2514 4254 2603 4304 per
2646 4254 2802 4289 unam
2848 4239 3038 4303 potuit,
3075 4248 3118 4288 et
3167 4237 3306 4303 ﬁniri
3335 4253 3424 4298 per

1877 4334 2099 4387 alteram
2130 4348 2230 4385 non
2258 4332 2449 4396 potuit.

1947 4594 2137 4665 252a
2198 4592 2427 4646 Rursum
2497 4593 2713 4643 tertium
2769 4590 2832 4641 ad
2883 4589 3279 4642 accusationem
3318 4599 3429 4639 trao

1883 4688 2053 4739 Itunt:
2107 4683 2366 4751 Operatur
2412 4684 2546 4735 enim
2592 4692 2810 4749 utraque
2851 4681 3023 4749 forma
3072 4697 3162 4748 per
3216 4680 3428 4731 alterius

211 4773 563 4838 κοινωνίας,
593 4773 701 4839 ἕως
743 4775 925 4827 καὶτὸ
952 4776 1067 4843 μὲν
1084 4774 1279 4829 αὐτῶν
1313 4776 1629 4844 διαλάμπει
1658 4778 1779 4842 τοῖς
1812 4780 1853 4834 D

1766 4797 1779 4839 π
1812 4780 1853 4834 D
1881 4777 2417 4836 communicationem,
2450 4776 2609 4825 donec
2651 4772 2895 4824 divinitas
2919 4773 3126 4839 quidem
3158 4771 3428 4823 miraculis

212 4865 545 4931 θαύμασιν,
592 4865 657 4916 τὸ
704 4865 771 4916 δὲ
819 4865 944 4931 ταῖς
993 4867 1033 4897 ¹⁸
1077 4867 1321 4933 ὕϐρεσιν
1364 4868 1775 4920 ὺποπέπτωκε.

212 4952 326 5005 Δύο
394 4951 501 5023 γὰρ
567 4948 705 5004 εἶναι
751 4955 875 5015 τοὺς
932 4956 1283 5023 ἐνεργοῦντας
1339 4956 1670 5009 ἐκδιδάσκειν
1721 4958 1781 5007 τὸ

215 5041 391 5111 ῥητὸν
442 5040 566 5112 [598
607 5042 701 5113 IL]
753 5045 801 5095 οἱ
850 5046 1137 5116 κατήγοροι
1169 5045 1599 5114 ψευδολογοῦσιν.
1643 5048 1778 5098 Ἀλλ’

212 5135 431 5195 ἐκεῖνος
481 5133 643 5189 πάλιν
683 5135 749 5186 δι’
784 5136 971 5188 ἑαυτοῦ
1004 5138 1440 5207 ἀντιπαρατιθεὶς
1481 5142 1523 5171 ¹⁹
1561 5138 1657 5208 τὴν
1701 5143 1776 5191 οἰ·-

214 5224 383 5277 κείαν
410 5224 591 5292 φωνὴν
624 5224 922 5295 ἐμφράττει
957 5226 1157 5278 τούτων
1189 5227 1254 5280 τὰ
1282 5228 1542 5296 στόματα,
1581 5229 1773 5295 λέγων·

1878 4869 2150 4929 clarescat,
2197 4863 2494 4915 humanitas
2543 4878 2662 4914 vero
2702 4860 2911 4927 injuriis
2951 4861 3259 4927 excipiatur.
3289 4859 3432 4912 Duos

1876 4958 2017 5008 enim
2048 4970 2164 5007 esse
2210 4961 2509 5020 operaules,
2550 4951 2743 5003 docere
2769 4950 3114 5009 sententiam,
3148 4960 3401 5001 accusato

1883 5062 1967 5099 res
2020 5045 2367 5096 utentiuntur.
2411 5040 2513 5093 Sed
2572 5040 2656 5093 ille
2702 5056 2910 5093 rursum
2947 5054 3043 5108 per
3068 5039 3299 5105 seipsum
3333 5053 3431 5105 op-

1888 5150 2085 5203 ponens
2117 5148 2297 5185 vocem
2329 5132 2616 5198 propriam,
2642 5131 2868 5183 obstruit
2908 5146 2967 5181 os
2996 5144 3177 5180 eorum
3212 5128 3429 5179 (licens:

1880 5225 2026 5278 Unus
2056 5226 2162 5290 ipse
2196 5230 2241 5275 et
2284 5219 2456 5273 Filius
2492 5219 2586 5271 Dei
2630 5238 2758 5278 vere,
2796 5232 2839 5272 et
2874 5237 2983 5272 vere
3020 5218 3431 5271 Filius/romims

208 5310 317 5379 Εἷς
348 5314 450 5366 καὶ
482 5316 515 5367 ό
556 5316 738 5379 αὐτὸς
778 5318 905 5381 Υἱός
938 5335 1000 5369 τε
1046 5319 1151 5372 τοῦ
1208 5319 1354 5373 Θεοῦ
1406 5321 1641 5387 άληθῶς
1688 5321 1784 5372 καὶ

1767 5321 1784 5371 ὶ
1894 5325 1992 5369 est.
2047 5314 2183 5367 Deus
2234 5313 2437 5380 quidem
2496 5324 2747 5378 quatenus
2841 5332 2855 5361 ι
2922 5311 2986 5362 lu
3026 5313 3281 5378 principio
3320 5320 3429 5361 erat

292 5438 336 5466 In
374 5425 391 5479 Ι
424 5424 568 5479 Tim.
602 5441 664 5490 ιι,
692 5427 744 5482 5.
789 5446 801 5457 ·

1504 5518 1735 5575 νΑΙὶΙίΕ
1777 5516 2177 5572 LECTIONES.

287 5618 337 5647 ¹¹
364 5616 474 5685 γὰρ
504 5616 760 5684 φυλάττει
801 5636 860 5680 ς.
938 5619 980 5650 ¹³
1016 5634 1143 5670 ποτε
1175 5616 1344 5669 ταῦτα
1389 5634 1447 5679 ς.

215 5686 292 5738 ι-ι.
326 5704 385 5754 ι).
416 5686 513 5740 961
550 5686 588 5739 Β
619 5698 671 5741 ct
704 5688 747 5741 ιι
775 5687 897 5751 vos,
946 5688 1032 5741 sv.

218 5757 334 5817 υεῖς
369 5773 429 5818 ς.

1146 5689 1183 5718 ¹⁷
1219 5688 1419 5755 τρίτονι
1449 5688 1543 5755 τὴν
1579 5690 1638 5739 Δ.
1675 5688 1767 5754 τὴν
1806 5687 2013 5755 μορφὴν
2050 5700 2152 5749 Iug.
2206 5688 2262 5735 Λ.

1558 5620 1599 5646 ’⁸
1627 5617 1689 5685 δὴ
1731 5617 1938 5685 ρἡεως
1977 5616 2063 5666 τὸν
2096 5631 2155 5676 ς.
2238 5614 2277 5643 ¹⁵
2318 5616 2374 5666 ἐν
2412 5615 2514 5679 ὅλῳ
2544 5615 2651 5685 ὅσῳ
2679 5632 2735 5676 ς,
2816 5612 2856 5641 ¹⁶
2878 5613 3048 5665 ἐλεεῖν
3084 5613 3201 5665 libri
3231 5611 3426 5665 λέγειν.

2385 5686 2420 5711 ,..,
2460 5682 2596 5753 ταῖςι
2635 5685 2723 5735 καὶ
2754 5685 2865 5743 ταῖς
2898 5701 2953 5745 ς.
3066 5687 3106 5713 τ’
3133 5693 3425 5749 ἀντιπαρα-
