4208 6448
789 414 894 480 94⁸1

1928 414 2186 475 PlIOTIl
2224 413 2723 475 RATRIARCHE
2760 415 2863 474 (ΣΡ.

3904 406 4015 477 918

804 525 1046 587 Verbum,
1080 532 1128 578 et
1161 521 1386 577 Verbum
1418 531 1528 578 erat
1560 538 1699 591 apua
1744 522 1927 587 Deum,
1982 534 2031 577 et
2058 522 2195 577 Dens
2232 533 2341 577 erat
2368 525 2417 583 Λ
2440 524 2466 576 d

2368 525 2417 583 Λ
2440 522 2675 588 άληθῶς
2716 523 2847 587 Υίὸς
2875 521 3187 589 ἀνθρώπου
3212 524 3515 589 τυγχάνει,
3542 523 3685 587 Θεὸς
3716 524 3833 592 μὲν
3851 524 4006 577 κατὰ

805 616 1024 673 Verbum
1064 626 1130 670 δε
1192 632 1211 667 ι
1268 613 1437 668 Homo
1477 629 1592 669 vero
1629 614 1911 667 secundum
1960 614 2116 677 illud,
2148 632 2167 665 s
2211 612 2339 667 Ver-

792 710 915 761 bunt
968 723 1094 761 caro
1146 706 1343 774 factum
1396 714 1494 770 est,
1546 714 1597 758 et
1648 704 1892 757 habitavit
1932 706 1986 757 in
2038 705 2184 757 nobis
2226 712 2273 766 ο,
2317 722 2336 755 s

792 816 952 867 usque
980 800 1047 852 ad
1073 800 1202 852 illud
1225 814 1244 851 :
1282 816 1302 848 ι
1340 796 1505 861 Quem
1534 806 1601 849 ‘ut
1636 797 1914 849 hominem.
1952 815 1969 846 ι
2013 795 2158 849 Certe
2196 795 2342 847 audit

790 891 1043 943 daemonis
1101 892 1323 949 astutia,
1364 888 1485 940 Ituic
1538 889 1688 955 quasi
1732 886 1870 940 Deus
1936 888 2003 939 sit
2043 885 2343 956 angelorum

793 981 919 1031 ordo
960 980 1240 1033 ministrat.
1283 978 1405 1033 llaec
1450 979 1592 1033 enim
1643 988 1773 1031 tunc
1803 978 1943 1032 dicta
1984 976 2220 1030 dilucide
2248 988 2344 1028 ex-

791 1071 975 1140 plicat,
1018 1080 1074 1125 et
1115 1083 1446 1139 quaecunque
1493 1068 1714 1123 hazresis
1743 1067 2060 1121 calumniari
2102 1065 2347 1137 aggredi-

796 1173 903 1228 tur,
932 1170 988 1217 et
1019 1163 1167 1217 omni
1191 1161 1459 1217 calumnia
1490 1159 1726 1215 ostendit
1768 1159 2065 1227 superiora.

857 1434 1060 1501 Quarto
1088 1444 1316 1505 carpunt
1340 1436 1475 1491 hanc
1504 1435 1825 1491 sententiam
1850 1452 1864 1489 :
1899 1435 2121 1499 Quando
2153 1451 2183 1487 a
2211 1450 2349 1501 prte-

789 1542 1001 1579 cursore
1037 1525 1246 1581 Joanne
1295 1529 1444 1594 coepit
1485 1526 1796 1595 baptismus,
1832 1542 1895 1579 ne
1926 1527 2201 1594 ignoretur
2229 1527 2353 1593 quia

791 1613 1010 1668 obscuro
1057 1618 1233 1669 carnis
1265 1618 1549 1669 uelamento
1577 1618 1767 1685 tegitur
1799 1616 2067 1671 divinitas.
2116 1613 2228 1667 Vox
2262 1615 2356 1667 Dei

789 1705 967 1758 Patris
991 1706 1188 1758 caelitus
1218 1707 1445 1759 demissa
1491 1709 1564 1759 ait
1588 1723 1607 1761 :
1642 1725 1661 1758 ι
1695 1705 1794 1759 llic
1820 1715 1893 1760 est
1922 1704 2092 1758 Filius
2113 1722 2255 1759 meus
2269 1707 2355 1758 di-

786 1796 946 1848 lectus
994 1796 1047 1845 in
1107 1809 1207 1861 quo
1248 1794 1376 1845 mihi
1437 1794 1558 1845 bene
1609 1793 1897 1859 complacui
1933 1802 1980 1845 Ρ.
2025 1811 2044 1844 ι
2079 1791 2183 1846 Sed
2232 1806 2352 1845 mox

2441 616 2635 679 τοῦτο,
2654 614 2850 677 καθὸ,ι
2874 614 2975 667 Ἐν
2993 613 3148 681 ἀρχῇ
3174 611 3248 682 ἦν
3276 617 3308 668 ό
3327 614 3515 683 Λόγος
3538 615 3633 667 καὶ
3652 619 3685 668 ό
3708 617 3895 682 Λόγος
3929 613 4013 681 ἦν

2442 706 2589 772 πρὸς
2631 707 2735 757 τὸν
2773 704 2922 759 Θεὸν
2958 706 3053 758 καὶ
3089 706 3232 770 Θεὸς
3261 702 3336 771 ἦν
3360 708 3392 759 ὁ
3426 706 3670 773 Λόγος,›
3698 705 4014 771 ἄνθρωπος

2440 794 2509 847 δὲ
2542 796 2689 847 κατὰ
2718 796 2912 859 τοῦτο,
2932 796 3076 848 καθὸ
3110 813 3128 845 ι
3169 796 3231 847 '0
3259 797 3448 864 Λόγος
3468 796 3624 862 σὰρξ
3644 795 3882 863 ἐγένετο
3916 795 4015 848 καὶ

2442 886 2795 953 ἐσκήνωσεν
2817 889 2886 941 ἐν
2913 887 3108 956 ἡμῖν.»
3136 888 3279 949 Ἕως
3303 887 3420 949 τοῦ,
3444 890 3553 940 Ὀν
3588 887 3669 952 ὠς
3700 886 4018 953 ἄνθρωπον

2442 978 2753 1044 τοιγαροῦν
2790 977 3039 1046 πειράζει
3078 979 3112 1043 ἠ
3160 977 3270 1031 τοῦ
3319 978 3604 1032 διαϐόλου
3654 977 4014 1044 πανουργία,

2444 1069 2631 1133 τούτῳ
2678 1068 2780 1122 ᾶτε
2818 1069 2894 1132 δὴ
2953 1068 3075 1132 Θεῷ
3106 1070 3230 1120 ὄντι
3268 1068 3306 1134 ἡ
3366 1068 3483 1121 τῶν
3529 1067 3803 1137 ἀγγέλων
3843 1066 4016 1133 τάξις

2445 1158 2717 1211 διακονεῖ.
2761 1160 2842 1211 Τὰ
2868 1160 2976 1231 γὰρ
3022 1160 3254 1212 ἐνταῦθα
3307 1159 3537 1229 ρηθέντα
3594 1158 3781 1226 σαφῶς
3830 1158 4015 1226 ἑρμη-

2449 1248 2591 1299 νεύει
2616 1250 2709 1300 καὶ
2747 1250 2889 1317 ἆπερ
2922 1252 2955 1318 ἡ
3002 1250 3209 1319 αἵρεσις
3250 1251 3607 1318 συκοφαντεῖν
3648 1246 3889 1318 ἐπήρθη,
3922 1246 4017 1299 καὶ

2449 1339 2698 1408 διαϐολῆς
2727 1341 2945 1411 ἁπάσης
2966 1341 3197 1394 δεικνύει
3231 1340 3498 1411 ἀνώτερα.

2520 1432 2791 1501 Τέταρτον
2819 1432 3165 1485 διαϐάλλουσι
3191 1433 3290 1502 τὴν
3315 1433 3544 1503 ἔχουσαν
3578 1432 3735 1503 ῥῆσιν
3766 1430 3898 1503 [765
3922 1428 4015 1501 IL]

2454 1524 2591 1576 Ὀτε
2613 1523 2683 1577 δὲ
2704 1526 2852 1591 πρὸς
2881 1524 2949 1577 τὸ
2972 1524 3078 1579 τοῦ
3112 1525 3451 1593 προδρόμου
3486 1523 3705 1577 ἑαυτοῦ
3732 1522 4018 1577 Ἰωάννου

2452 1616 2685 1686 ἔρχεται
2713 1618 3050 1686 βάπτισμα,
3084 1619 3187 1671 ἵνα
3218 1618 3302 1686 μὴ
3339 1616 3493 1685 λάθῃ
3522 1616 3725 1683 ὅτιπερ
3761 1612 3842 1678 τῷ
3876 1630 4021 1681 προσ

2454 1710 2791 1776 καλύμματι
2837 1706 2946 1774 τῆς
2986 1707 3302 1779 σαρκὸςςή
3354 1708 3563 1772 θεότης
3599 1707 3950 1773 ἐκρύπτετο,
3977 1703 4017 1770 ἠ

2454 1796 2562 1851 τοῦ
2600 1797 2827 1863 Πατρός
2850 1798 3018 1864 φωνή
3078 1798 3405 1864 οὐρανόθεν
3450 1794 3749 1849 ἐπιόοὼσά
3800 1810 4016 1862 φησιν·

787 1884 950 1951 pudet
993 1884 1111 1937 illos
1162 1883 1381 1937 Romani
1419 1882 1684 1937 Pontiﬁcii
1743 1882 2038 1952 dignitatis.
2074 1883 2165 1937 Sic
2203 1883 2344 1935 enim
2374 1878 2420 1936 B

2374 1878 2420 1936 B
2454 1905 2472 1938 ι
2511 1882 2697 1951 οὗτός
2739 1887 2909 1939 ἐστιν
2932 1889 2966 1939 ό
2991 1888 3119 1951 Υιός
3142 1904 3261 1954 μου
3279 1889 3311 1939 ό
3335 1885 3743 1954 ἀγαπητὸς,ὲν
3768 1878 3816 1949 ᾧ
3833 1886 4015 1950 ηὐδό-

785 1975 863 2027 ait
893 1989 909 2026 :
947 1971 1096 2025 Venit
1128 1974 1287 2041 igitur
1316 1973 1370 2024 in
1400 1972 1534 2024 hanc
1560 1972 1743 2026 mundi
1771 1972 2026 2025 vilitatem
2054 1972 2145 2025 Dei
2173 1970 2345 2025 Filius

783 2081 812 2117 e
843 2064 1036 2117 caelesti
1084 2063 1397 2117 descendens
1438 2062 1643 2127 throno,
1680 2070 1730 2115 et
1771 2078 1802 2113 a
1828 2063 2000 2130 patria
2043 2078 2144 2114 non
2176 2062 2347 2115 disce-

784 2158 910 2208 dens
944 2156 1131 2223 gloria,
1164 2172 1292 2208 novo
1332 2156 1486 2207 modo
1539 2170 1767 2223 novaque
1802 2154 2140 2221 generatione
2168 2162 2343 2207 natus.

790 2244 937 2297 Novo
964 2246 1172 2314 quidem
1215 2246 1390 2307 modo,
1425 2253 1479 2296 ut
1513 2245 1601 2313 qui
1645 2242 1921 2297 invisibilis
1956 2252 2091 2307 erat,
2123 2243 2344 2295 visibilis

786 2336 957 2401 [nctus
1006 2338 1074 2390 sit
1122 2337 1260 2403 apud
1310 2352 1422 2399 nos,
1462 2350 1628 2404 usque
1668 2335 1782 2389 ad:
1820 2334 1953 2387 Deus
1994 2351 2166 2401 verus,
2209 2336 2347 2388 idem

785 2433 944 2481 etiam
966 2446 1111 2482 verus
1128 2429 1297 2481 homo.
1315 2430 1380 2481 Et
1398 2437 1515 2497 post
1532 2428 1644 2481 haec
1663 2444 1678 2482 :
1699 2427 2145 2491 Quemadmodum
2166 2427 2346 2495 igitur,

788 2530 843 2571 ut
876 2520 1036 2571 multa
1072 2510 1409 2586 complectar,
1438 2535 1537 2571 non
1566 2519 1797 2586 ejusdem
1830 2526 1906 2570 est
1936 2527 2137 2571 natura:
2161 2520 2350 2586 deﬂere

785 2628 849 2665 ex
881 2613 1329 2664 commiseratione
1370 2612 1595 2663 amicum
1641 2619 1928 2671 mortuum,
1964 2618 2012 2662 et
2052 2625 2173 2663 mox
2207 2612 2349 2663 redi-

787 2703 975 2766 vivum,
1017 2702 1287 2770 divulgato
1329 2718 1443 2768 1am
1475 2701 1615 2753 obitu
1644 2700 1988 2768 quatriduani
2026 2702 2242 2763 mortui,
2276 2701 2345 2753 ad

787 2795 923 2846 uocis
960 2795 1170 2862 jussum
1220 2808 1509 2860 resurgere,
1535 2801 1589 2846 et
1616 2801 1808 2845 cetera
1863 2806 2032 2859 usque
2062 2793 2129 2845 ad
2162 2792 2289 2845 illud
2321 2807 2337 2843 :

790 2885 1095 2954 Quicunque
1118 2900 1207 2949 per
1241 2883 1603 2935 reuelationem
1639 2878 1818 2934 Patris
1855 2880 2091 2935 eumdem
2124 2881 2218 2935 Dei
2248 2880 2349 2934 Fi-

785 2978 914 3028 lium
947 2977 1212 3040 confessus
1241 2984 1291 3026 et
1328 2970 1615 3025 Christum.

2449 1992 2672 2043 κησα.»
2733 1976 2873 2028 ’Λλλ⁹
2893 1976 3053 2039 εὐθὺς
3086 1976 3281 2038 αὐτοὺς
3318 1975 3667 2044 καταισχύνει
3725 1975 3827 2043 τῆς
3879 1975 4016 2027 Ῥω-

2453 2071 2655 2138 μαῖκῆς
2696 2067 3123 2137 Ἀρχιερωσύνης
3165 2067 3227 2118 τὸ
3275 2066 3638 2135 καλλὼπισμα
3660 2082 3675 2097 ο
3701 2065 3850 2131 λέγει
3872 2064 4015 2134 γὰρ’

2451 2161 2805 2227 Προέρχεται
2841 2159 3049 2212 τοίνυν
3097 2160 3183 2223 είς
3229 2157 3296 2209 τὸ
3349 2156 3634 2209 ταπεινὸν
3688 2154 3868 2207 τοῦτο
3910 2152 4018 2206 τοῦ

2451 2250 2681 2317 κόσμου
2706 2253 2739 2303 ό
2756 2252 2885 2315 Υίὸς
2912 2250 3019 2303 τοῦ
3037 2248 3205 2311 Θεοῦ,
3218 2248 3335 2301 ἀπὸ
3353 2247 3460 2300 τοῦ
3480 2246 3763 2313 οὐρανίου
3797 2248 4019 2311 θρόνου

2452 2343 2823 2394 καταϐαίνων
2842 2339 2938 2392 καὶ
2961 2341 3077 2393 ἀπὸ
3107 2338 3219 2406 τῆς
3239 2339 3529 2405 πατρικῆς
3558 2337 3743 2403 δόξης
3762 2339 3875 2389 οὐκ
3903 2336 4018 2403 ἀφ-

2453 2432 2789 2499 ιστάμενος,
2816 2428 2992 2498 καινῇ
3016 2431 3088 2497 τῇ
3118 2430 3280 2493 τάξει
3311 2430 3409 2482 καὶ
3429 2427 3607 2497 καινῇ
3639 2427 3711 2493 τῇ
3732 2430 4019 2495 γεννήσει

2453 2523 2791 2590 γενόμενος,
2834 2521 3014 2590 καινῇ
3049 2524 3164 2590 μὲν
3210 2520 3282 2589 τῇ
3316 2521 3514 2586 τάξει,
3540 2521 3742 2589 ὅτιπερ
3767 2521 4021 2587 ἀόρατος

2452 2612 2537 2665 ὢν
2562 2613 2632 2665 ἐν
2665 2612 2788 2677 τοῖς
2810 2612 3025 2666 ἑαυτοῦ
3053 2612 3264 2679 ὁρατὸς
3294 2611 3538 2680 γέγονεν
3561 2612 3629 2663 ὲν
3667 2611 3789 2675 τοῖς
3814 2611 3953 2677 παρ’
3975 2612 4021 2639 ’⁸

2454 2703 2641 2769 ἡμῶν.
2664 2703 2840 2769 Μέχρι
2868 2702 2963 2753 τοῦ
2982 2718 2995 2730 ·
3040 2702 3102 2753 '0
3131 2704 3243 2771 γὰρ
3278 2700 3363 2755 ὢν
3387 2703 3531 2767 Θεὸς
3555 2702 3809 2769 ἀληθὴς,
3837 2703 4021 2765 αὐτός

2452 2793 2581 2845 ἐστι
2606 2794 2650 2822 ²¹
2694 2792 2791 2845 καὶ
2842 2792 3149 2859 ἅνθρωπος
3192 2793 3445 2858 ἀληθής.
3488 2794 3595 2845 Καὶ
3636 2792 3772 2861 μετὰ
3821 2791 4020 2843 ταῦτα.-

2455 2885 2685 2951 Ὠσπερ
2713 2878 2847 2945 οὖν,
2879 2883 2978 2933 ἵνα
3016 2882 3087 2933 τὰ
3129 2883 3330 2935 πολλὰ
3372 2884 3718 2949 παραλείψω
3744 2921 3759 2943 ,
3796 2884 3869 2934 οὐ
3913 2882 4030 2949 τῆς

2447 2971 2636 3039 αὐτῆς
2688 2972 2821 3023 ἐστι
2875 2972 3114 3040 φύσεως
3176 2972 3242 3023 τὸ
3287 2975 3523 3024 κλαίειν
3565 2972 3633 3023 ἐκ
3690 2971 4021 3037 διαθέσεως

783 3068 988 3121 οἴκτου
1047 3068 1155 3121 τὸν
1203 3066 1652 3131 τελευτήσαντα
1711 3064 1914 3133 φίλον,
1979 3064 2077 3117 καὶ
2131 3065 2199 3118 τὸ
2243 3066 2350 3118 τὸν
2394 3067 2578 3119 αὑτὸν
2652 3065 2877 3133 άναζῇν
2938 3066 3240 3133 μέλλοντα
3312 3066 3850 3131 διασκεδασθέντος
3917 3068 4032 3119 τοῦ

784 3162 1214 3233 προσχώματος
1250 3159 1362 3229 τῆς
1394 3160 1745 3228 τεταρταίαις
1772 3159 1887 3227 ἤδη
1921 3159 2114 3227 ταφῆς
2141 3160 2557 3228 ἐξαναστῆσαι
2591 3163 2739 3228 πρὸς
2770 3162 2834 3213 τὸ
2887 3162 3195 3228 κέλευσμά
3254 3159 3365 3226 τῆς
3419 3161 3645 3229 φωνῆς,
3695 3162 3803 3212 Καὶ
3899 3160 4032 3229 ἑξῆς

787 3255 947 3325 μέχρι
978 3254 1072 3307 τοῦ
1094 3271 1108 3286 ο
1154 3256 1361 3318 Ὅστις
1401 3252 1476 3305 δι’
1505 3252 1945 3318 ἀποκαλύψεως
1973 3250 2078 3304 τοῦ
2112 3252 2342 3319 Πατρός
2370 3253 2476 3304 τὸν
2504 3253 2691 3304 αὐτὸν
2722 3253 2818 3304 καὶ
2862 3252 2998 3304 Υίὸν
3025 3251 3176 3304 Θεοῦ
3221 3252 3265 3282 ”
3316 3252 3667 3319 ὡμολόγησε
3731 3240 3827 3304 κᾶὶ
3887 3254 4028 3318 Χρι-

784 3352 957 3405 στόν.

856 3442 959 3498 Sed
988 3456 1200 3494 rursum
1245 3438 1467 3494 haaresis
1498 3437 1698 3492 dictum
1730 3438 1953 3491 verbum
2006 3438 2291 3505 discerpsit
2326 3457 2337 3491 :
2370 3440 2416 3501 C

2370 3440 2416 3501 ς
2526 3432 2683 3484 Ἀλλὰ
2715 3430 2873 3483 πάλιν
2920 3432 2953 3497 ἡ
2980 3431 3186 3500 αἵρεσις
3230 3430 3473 3500 δῑασόρει
3514 3431 3575 3481 τὸ
3623 3430 3779 3497 λέγον
3810 3431 3980 3500 ῥητόν
4012 3449 4025 3459 ·

790 3534 903 3587 Etsi
952 3535 1176 3586 maxime
1216 3533 1268 3585 in
1320 3531 1546 3585 Domino
1572 3530 1698 3584 Jesu
1742 3528 1954 3585 Christo
1994 3530 2087 3583 Dei
2120 3528 2259 3583 Filio
2305 3541 2353 3583 et
2447 3553 2452 3573 ι

2447 3525 2512 3575 El
2550 3523 2648 3575 xui
2704 3524 2775 3573 τὰ
2818 3521 3083 3589 μάλιστα
3132 3522 3202 3573 ἐν
3255 3521 3334 3585 τῷ
3366 3523 3638 3588 Δεσπότῃ
3692 3523 3885 3587 Ἰησοῦ
3945 3522 4031 3586 τῷ

785 3626 1009 3677 hominis
1040 3642 1146 3677 una
1174 3632 1249 3678 est
1273 3638 1494 3691 persona
1526 3662 1540 3687 ,
1602 3632 1773 3674 tamen
1806 3622 1950 3673 aliud
1995 3632 2071 3675 est
2101 3622 2254 3685 illud,
2292 3637 2357 3673 ex

783 3733 884 3781 quo
907 3717 961 3770 in
995 3727 1211 3783 utroque
1250 3716 1538 3767 communis
1577 3725 1651 3767 est
1707 3712 1909 3781 injuria
1950 3712 2164 3783 242ὁ,
2193 3722 2241 3764 et
2271 3713 2353 3765 al-

788 3820 973 3871 terum,
1008 3824 1071 3860 ex
1094 3824 1194 3875 quo
1222 3807 1511 3859 communis
1540 3806 1715 3873 opinio
1744 3816 1858 3856 orta
1886 3814 1981 3857 est.
2016 3804 2119 3857 Sed
2140 3811 2359 3857 sanctus

789 3900 869 3951 vir
922 3898 1259 3965 impudentes
1294 3912 1388 3965 per
1451 3896 1554 3951 hoc
1597 3896 1863 3949 convertit
1923 3896 2137 3962 impios.
2205 3893 2354 3948 Dicit

783 3986 928 4042 enim
961 4003 975 4039 :
1008 3985 1135 4038 Post
1164 3985 1374 4037 Domini
1404 3988 1825 4039 resurrectionem
1855 4001 1970 4053 qua:
1998 3984 2228 4037 videlicet
2251 3983 2355 4036 veri

784 4080 1016 4145 corporis
1042 4080 1204 4145 ipsius
1231 4078 1371 4145 facta
1399 4087 1495 4141 est,
1536 4094 1653 4130 cum
1680 4077 1817 4129 alius
1840 4093 1941 4129 non
1965 4085 2222 4143 resurgat,
2254 4075 2355 4128 nisi

783 4170 927 4222 cruci
960 4170 1142 4237 afﬁxus
1195 4181 1241 4223 et
1288 4178 1547 4231 mortuus,
1582 4183 1751 4236 usque
1781 4168 1849 4223 ad
1881 4186 1895 4222 :
1932 4168 2021 4221 sed
2061 4184 2223 4221 unum
2260 4165 2353 4219 Dei

785 4257 983 4313 Filium
1032 4260 1335 4327 conﬁtemur
1359 4270 1407 4312 et
1435 4276 1660 4313 carnem.

2453 3612 2681 3682 Χριστῷ
2721 3612 2827 3665 τοῦ
2883 3613 3030 3666 Θεοῦ
3075 3612 3173 3665 καὶ
3238 3613 3343 3666 τοῦ
3403 3613 3718 3680 ἀνθρώπου
3772 3614 3841 3665 ἓν
3895 3618 4029 3667 ἐστι

2452 3708 2797 3773 πρόσωπον,
2832 3704 2987 3772 ὅμως
3019 3704 3222 3771 ἔτερόν
3269 3705 3441 3758 ἐστιν
3491 3704 3684 3758 ἐκεῖνο
3718 3706 3785 3768 ἐξ
3824 3702 3897 3759 οὗ
3958 3708 4032 3759 ἐν

2453 3794 2710 3861 ἐκατέρῳ
2749 3797 2958 3848 κοινόν
2986 3796 3117 3847 ἐστι
3163 3796 3228 3847 τὸ
3256 3795 3365 3863 τῆς
3396 3796 3635 3863 ὕϐρεως,
3677 3795 3775 3847 καὶ
3819 3795 4032 3862 ἕτερον

2455 3889 2524 3953 ἐξ
2553 3885 2624 3944 οὗ
2661 3887 2867 3940 κοινὸν
2904 3887 2970 3939 τὸ
3012 3886 3122 3953 τῆς
3164 3888 3352 3952 δόξης
3390 3888 3780 3953 καθέστηκεν.
3818 3888 3961 3939 Ἀλλ’
4003 3892 4032 3941 ὁ

2460 3982 2601 4049 ἱερὸς
2628 3980 2770 4050 ἀνὴρ
2814 3979 2910 4032 καὶ
2966 3978 3355 4047 ἀναισχύντους
3381 3979 3538 4042 ὄντας
3576 3979 3642 4030 δι’
3697 3978 3893 4032 ἑαυτοῦ
3936 3980 4028 4030 ὲν-

2456 4073 2646 4140 τρέπει
2696 4073 2822 4133 τοὺς
2858 4070 3172 4132 δυσσεϐεῖς·
3213 4068 3362 4136 λέγει
3392 4069 3527 4138 γάρ·
3588 4070 3749 4121 Μετὰ
3792 4068 3862 4121 δὲ
3912 4069 4030 4134 τὴν

2457 4164 2797 4217 ἀνάστασιν
2845 4162 2949 4215 τοῦ
2980 4161 3221 4228 Kvplov,
3261 4160 3391 4227 ἣτις
3442 4160 3674 4226 δηλαδὴ
3725 4160 3831 4212 τοῦ
3877 4161 4029 4226 άλη-

2461 4252 2629 4307 θινοῦ
2679 4252 2950 4321 σώματος
2990 4251 3175 4306 αὐτοῦ
3248 4249 3590 4320 γεγένηται,
3640 4251 3845 4329 ἐπειδὴ
3910 4253 4024 4303 ούκ

781 4352 972 4415 ἄλλος
1000 4350 1045 4380 ³³
1076 4352 1304 4416 ἀνέστη
1345 4352 1396 4403 ει
1426 4350 1510 4418 μὴ
1575 4353 1609 4405 ό
1659 4348 2026 4417 σταυρωθεὶς
2066 4346 2165 4402 καὶ
2207 4343 2540 4399 ἀποθανών.
2598 4342 2777 4412 Μέχρι
2802 4340 2918 4406 τοῦ,
2975 4342 3129 4395 Ἀλλ’
3186 4340 3294 4393 ἕνα
3364 4341 3497 4393 Υιὸν
3548 4340 3694 4393 Θεοῦ
3754 4343 3853 4394 καί
3920 4347 4028 4397 τὸν

784 4444 976 4514 Λόγον
1006 4447 1463 4515 ὁμολογήσομεν
1487 4445 1584 4498 καὶ
1613 4444 1729 4511 τὴν
1758 4444 1979 4511 σάρκα.

856 4538 1146 4605 POStquam
1206 4552 1330 4590 vero
1384 4539 1580 4592 invasit
1628 4540 1878 4592 haeretica
1919 4538 2124 4605 opinio,
2154 4544 2209 4591 et
2249 4536 2353 4589 hoc

2538 4526 2676 4577 Ἀλλ’
2703 4524 2782 4575 ἔτι
2816 4524 3056 4593 ἒπιπηδᾷ
3086 4523 3145 4576 τὸ
3172 4525 3445 4594 αἱρετικὸν
3463 4526 3739 4596 φρόνημα,
3771 4528 3867 4579 καὶ
3904 4528 4023 4582 δια-

782 4630 1075 4697 depravat:
1108 4627 1211 4681 Per
1233 4628 1367 4679 hanc
1404 4629 1563 4695 igitur
1600 4644 1833 4695 persona:
1852 4628 2105 4679 unitatem
2123 4626 2179 4679 in
2205 4633 2355 4677 utra-

2458 4618 2641 4669 ϐἀλλει
2670 4615 2750 4666 τό·
2774 4615 2875 4666 Διὰ
2904 4616 3125 4681 ταύτην
3140 4615 3346 4667 τοίνυν
3369 4616 3475 4669 τοῦ
3491 4616 3818 4683 προσώπου
3846 4618 3960 4685 τὴν
3980 4622 4024 4650 ’δ

781 4735 878 4785 que
898 4728 1083 4771 natura
1105 4717 1329 4769 debitam
1363 4717 1596 4785 intelligi.
1630 4716 1851 4771 Etiamsi
1872 4732 1999 4770 vero
2017 4717 2102 4769 hic
2126 4714 2357 4784 propriis
2387 4742 2431 4797 ο

2387 4742 2431 4797 D
2458 4710 2674 4761 ἕνωσιν
2712 4707 2783 4757 ἐν
2808 4704 3055 4771 ἑκατέρᾳ
3100 4706 3280 4773 φύσει
3322 4706 3587 4761 νοεῖσθαι
3625 4708 4021 4775 ὀφείλουσαν.

782 4806 946 4860 armis
981 4807 1311 4874 schphanta
1335 4807 1430 4860 hos
1458 4807 1677 4869 invadit,
1714 4807 1899 4859 dicens
1931 4825 1945 4859 :
1983 4805 2049 4859 In
2103 4806 2358 4873 importu-
2396 4796 2405 4797 ί

2396 4796 2405 4797 ί
2472 4798 2628 4851 ’Ἀλλά
2654 4796 2932 4849 κάνταῦθα
2954 4798 3067 4857 τοῖς
3092 4796 3239 4858 ἰδίοις
3260 4796 3445 4855 ὅπλοις
3472 4800 3500 4851 ὀ
3524 4800 4025 4869 συκοφαντούμενος

782 4899 944 4949 nitate
973 4899 1135 4966 igitur
1162 4898 1407 4961 hominis,
1454 4906 1502 4950 et
1530 4898 1711 4949 ultima
1770 4908 1981 4959 natura,
2042 4895 2181 4949 Deus
2222 4910 2365 4947 verat

2360 4911 2365 4945 I
2458 4892 2678 4951 τούτους
2727 4889 3076 4953 καταϐάλλει,
3108 4889 3311 4956 λέγων·
3360 4891 3463 4944 Ἐν
3502 4893 3745 4961 ἀκεραίᾳ
3788 4912 4022 4963 τοιγαρ-

782 4998 935 5039 natus
961 4997 1035 5040 est
1065 4997 1201 5039 totus
1224 4988 1276 5041 in
1302 4988 1389 5052 iis,
1414 5003 1529 5055 qua:
1572 4988 1735 5055 ipsius
1758 5027 1773 5051 ,
1796 5000 1842 5040 et
1868 4997 2003 5039 totus
2025 4987 2077 5038 in
2131 4985 2322 5039 nostris
2343 5022 2359 5046 ,

2357 5026 2359 5038 ν
2454 4984 2565 5036 οῦν
2613 4980 2925 5047 ἀνθρώπου
2973 4982 3070 5033 καὶ
3114 4983 3311 5046 τελείᾳ
3368 4984 3547 5050 φύσει
3597 4984 3740 5049 Θεὸς
3785 4984 4019 5050 άληθῶς

780 5088 835 5133 ει
876 5079 1169 5149 deinceps:
1199 5076 1267 5131 Ut
1308 5094 1521 5131 manens
1576 5080 1733 5146 igitur
1786 5079 1839 5130 in
1890 5078 2060 5144 [arma
2092 5077 2207 5141 Dei,
2233 5077 2359 5145 {erit

2452 5074 2662 5139 ἐτέχθη
2694 5070 2836 5135 ὅλος
2864 5070 2911 5101 ’³
2947 5070 3015 5122 ἐν
3046 5069 3167 5134 τοῖς
3194 5070 3409 5124 ἑαυτοῦ
3447 5071 3545 5123 καὶ
3592 5071 3736 5138 ὅλος
3790 5073 3862 5125 ἐν
3903 5073 4021 5137 τοῖς

780 5173 1033 5227 hominem
1059 5215 1073 5235 ,
1106 5177 1179 5228 sic
1212 5177 1265 5226 in
1291 5174 1420 5226 servi
1449 5172 1618 5241 forma
1644 5173 1815 5240 [actus
1834 5172 1985 5224 homo
2010 5183 2105 5224 est.

2458 5164 2643 5233 ἡμῶν.
2676 5164 2785 5215 Καὶ
2808 5161 2934 5230 ἑξῆς
2952 5175 2967 5189 ·
3003 5160 3325 5229 Τοιγαροῦν
3346 5162 3426 5227 ὠς
3446 5164 3491 5193 ’⁸
3516 5163 3718 5232 μένων
3736 5162 3807 5215 ἐν
3821 5164 4024 5231 μορφῄ

2458 5255 2607 5308 Θεοῦ
2644 5255 2974 5319 πεποίηκεν
2994 5246 3341 5318 ἄνθρωπόν,⁵
3357 5253 3541 5317 οὕτως
3562 5254 3632 5305 ἐν
3652 5252 3858 5323 μορφῇ
3886 5254 4024 5307 δού-

2456 5350 2571 5399 λου
2598 5347 2847 5415 γέγονεν
2874 5344 3201 5413 ἄνθρωπος.

1385 5448 1408 5473 °
1440 5439 1669 5493 ibid.H.
1758 5448 1784 5487 ι’
1812 5437 1997 5492 Matth.
2034 5438 2238 5501 xvu,5.

2060 5554 2290 5610 νΑιιιΑε)
2323 5554 2723 5611 LECTIONES.

841 5440 1037 5495 "loan.
1075 5458 1111 5505 ι,
1149 5442 1199 5505 Ι,
1234 5442 1289 5494 9..

850 5710 1057 5783 "_1:ap'
1100 5712 1357 5781 expungit
1380 5711 1639 5783 Scaliger.
1664 5712 1759 5765 τοῦ
1800 5716 1828 5766 ὁ
1874 5712 2001 5782 γὰρ]
2041 5713 2147 5780 γὰρ
2170 5710 2313 5783 τοῦό
2350 5710 2455 5783 γὰρ
2494 5710 2575 5762 A:
2608 5708 2715 5783 γαρ
2742 5707 2976 5783 rogat.
3010 5776 3028 5783 _
3085 5707 3124 5737 “
3162 5707 3277 5783 ἐστι
3310 5706 3351 5759 Α
3390 5724 3401 5760 :
3435 5704 3509 5758 ἔτι
3542 5722 3598 5769 ς.
3678 5706 3723 5736 ’³
3758 5703 3881 5757 Υἱδν
3919 5703 4012 5757 τοῦ

778 5778 913 5831 σε)εοῦ
943 5774 1019 5843 ς.’
1065 5782 1109 5813 ⁸³
1148 5774 1309 5845 ἄλλοξ
1332 5783 1429 5836 οὐκ
1461 5774 1557 5847 ς.”
1590 5784 1635 5814 ’⁵
1657 5783 1753 5851 τὴν
1786 5774 1905 5838 ειη.
1944 5774 2005 5838 if.
2052 5774 2065 5780 ⁷
2086 5774 2130 5815 ³⁵
2155 5782 2289 5844 ὅλως
2324 5774 2383 5822 -λ
2412 5774 2545 5841 ὅλως
2572 5778 2721 5845 [δι’-Α·
2801 5778 2845 5809 ³⁸
2874 5774 2973 5846 ὡς]
3005 5776 3059 5838 δὲ
3092 5792 3170 5846 [πο
3210 5777 3267 5829 Λ-
