4208 6448
206 384 319 450 969
1226 389 1749 450 BIBLIOTHECA.
1793 416 1858 425 —
1894 392 2059 453 COD.
2090 393 2385 456 CCXXVI.
3345 401 3453 464 950

284 496 456 550 Πάλιν
483 498 517 568 ἡ
538 498 750 569 αἱρεσις
784 498 1067 563 ὁπλίζεται
1095 498 1238 552 κατά
1265 499 1381 562 τοῦ,
1416 501 1564 552 Ποία
1594 501 1780 568 φύσις
1807 549 1814 560 Α

1952 502 2183 559 Rursum
2234 506 2349 561 hinc
2394 506 2612 561 haeresis
2662 515 2967 577 oppugnat:
3017 508 3205 573 Qualis
3262 520 3457 563 natura

199 588 631 659 ἐμπεπαρμένη
653 591 777 658 τοῖς
796 591 969 658 ἥλοις
988 591 1057 643 ἐν
1084 592 1211 664 [⁸599
1238 592 1329 663 IL]
1355 591 1435 657 τῷ
1461 593 1567 646 τοῦ
1597 609 1781 646 σταυ-

1912 592 2056 658 nﬁxa
2091 593 2252 648 clavis
2285 595 2427 664 ligno
2455 594 2626 648 crucis
2648 595 2853 663 pendet.
2888 593 2951 647 Et
2982 610 3195 649 rursum
3238 596 3456 664 pietatis

196 680 318 747 ροῦ
353 680 519 747 ξύλῳ
532 684 836 750 κρέμαται.
855 682 963 735 Καὶ
984 683 1142 736 πάλιν
1159 686 1186 736 6
1202 684 1298 753 τῆς
1314 683 1594 746 εὐσεϐείας
1618 700 1783 751 στρα⁹

1912 686 2043 740 uiles
2081 688 2276 741 evertit
2311 688 2542 751 hostem,
2578 687 2773 742 multos
2822 688 2874 741 in
2901 703 2959 743 se
2987 689 3260 742 adducens
3301 702 3454 741 com-

206 770 379 841 τηγὸς
414 774 607 843 τρέπει
636 773 696 826 τὸ
735 774 1011 843 πολέμιον,
1061 774 1289 834 πολλοὺς
1333 774 1510 844 ἑαυτῷ
1550 791 1785 828 συνεπα-

1912 777 2186 842 nilitones,
2217 779 2318 853 nisi
2345 779 2488 848 quod
2519 790 2573 834 et
2595 780 2674 834 sic
2704 795 2799 848 per
2832 795 2890 835 se
2919 780 3017 834 hos
3046 779 3462 849 complectatur.

206 860 443 930 γὸμενος
476 863 799 932 συμμάχους
818 880 829 895 ο
872 865 1011 934 πλὴν
1033 864 1169 917 ἀλλά
1201 866 1295 918 καὶ
1320 865 1440 917 καθ’
1469 865 1658 918 ἑαυτὸν
1684 857 1785 930 ᾧδε

1912 870 1964 923 )e
2016 868 2255 941 Eutyche
2286 873 2363 925 sic
2402 872 2545 925 enim
2595 871 2869 938 loquitur:
2903 870 3004 936 Qui
3063 882 3309 925 naturam
3370 888 3468 924 no-

206 952 544 1005 καταϐἀλλει
582 953 828 1017 τούτους.
858 955 993 1025 Περὶ
1021 954 1129 1025 γὰρ
1167 954 1437 1025 Εὐτυχοῧς
1473 954 1648 1022 λέγων
1679 972 1784 1023 φη-

1912 971 2060 1013 :tram
2088 963 2145 1015 in
2180 964 2447 1030 unigenito
2480 962 2577 1016 Dei
2602 960 2783 1029 .Filio,
2824 980 2983 1032 neque
3008 964 3323 1024 humilitate,
3379 980 3469 1014 ne-

209 1039 299 1091 σίν
320 1059 333 1071 ·
366 1044 472 1107 Ὃς
508 1042 623 1109 τὴν
649 1045 842 1111 φύσιν
862 1046 977 1113 τὴν
1010 1045 1306 1115 ἡμετέραν
1326 1046 1396 1099 ἐν
1430 1044 1509 1109 τῷ
1534 1061 1788 1113 μονογε-

1912 1068 1989 1119 μιε
2012 1053 2178 1121 gloria
2219 1056 2424 1122 agnovit
2461 1055 2875 1121 resurrectionis,
2905 1063 2959 1108 et
3016 1069 3136 1124 qua).
3168 1065 3469 1122 sequuntur

206 1131 311 1184 νεῖ
338 1134 449 1199 Υἱῷ
483 1135 589 1189 τοῦ
607 1136 755 1190 Θεοῦ
780 1137 926 1190 οὔτε
947 1138 1043 1191 διὰ
1057 1136 1165 1204 τῆς
1195 1136 1615 1204 ταπεινότητος
1649 1138 1790 1191 οὔτε

1912 1158 2064 1209 isque
2086 1146 2151 1197 ad
2185 1144 2310 1198 illud
2343 1163 2358 1199 :
2397 1145 2535 1211 Quid
2569 1155 2777 1213 separat
2804 1146 3004 1210 Iesum,
3044 1146 3143 1198 nisi
3169 1144 3470 1214 mysterium

208 1222 310 1277 διὰ
342 1224 456 1294 τῆς
479 1226 665 1294 δόξης
688 1229 921 1298 ἐπέγνω
951 1229 1060 1297 τῆς
1089 1229 1500 1294 ἀναστάσεως.
1529 1229 1640 1282 Καὶ
1661 1229 1789 1299 ἑξῆς

1912 1234 2179 1287 humanam
2225 1236 2288 1288 ab
2325 1236 2435 1305 ipso
2462 1244 2710 1289 naturam
2738 1238 3025 1305 sejungere,
3056 1252 3147 1303 per
3179 1251 3330 1303 quem
3382 1249 3470 1286 so-

215 1316 381 1387 μέχρι
422 1318 549 1371 τοῦ·
594 1320 655 1373 Τί
681 1319 749 1373 δέ
789 1321 921 1374 ἐστι
976 1321 1044 1374 τὸ
1079 1320 1347 1389 διαιροῦν
1376 1321 1479 1373 τὸν
1526 1320 1783 1387 Ἰησοῦν,

212 1409 271 1459 εί
295 1408 380 1477 μὴ
414 1410 529 1477 τὴν
554 1411 942 1478 ἀνθρωπίνην
964 1412 1066 1468 ἀπ’
1101 1413 1287 1467 αὑτοῦ
1322 1412 1511 1482 φύσιν
1550 1411 1775 1481 ἁποχω·

1892 1324 2001 1377 lum
2045 1326 2233 1379 saluati
2276 1344 2478 1392 sumus,
2530 1329 2710 1382 conari
2747 1328 2967 1382 stultum
3008 1343 3100 1394 per
3149 1328 3471 1396 impudentes

1896 1412 2128 1478 ﬁctiones
2164 1417 2392 1481 operari.

208 1496 397 1562 ρίζειν
423 1500 468 1531 ⁸⁷
507 1499 573 1551 τὸ
605 1500 965 1567 μυστήριον,
1004 1501 1077 1553 δι’
1140 1498 1328 1569 οὗπερ
1370 1500 1679 1568 ἐσώθημεν
1718 1501 1932 1569 μόνου,
2000 1504 2315 1572 πειρᾶσθαι
2348 1503 2603 1575 μάταιον
2659 1505 2758 1560 διὰ
2806 1504 3176 1576 πλασμάτων
3217 1505 3476 1562 ἀναιδῶν

214 1590 663 1659 ἀπεργάζεσθαι.

289 1687 372 1738 Τὰ
416 1687 515 1756 μὲν
542 1682 635 1739 οὖν
682 1687 824 1758 ρητὰ
868 1688 963 1740 τοῦ
995 1690 1052 1740 ὲν
1100 1687 1275 1753 ἁγίοις
1324 1687 1575 1752 Λέοντος,
1622 1687 1691 1740 τά
1729 1703 1787 1737 τε

217 1779 639 1847 ἐπηρεαζόμενα
671 1780 850 1847 μάτην
871 1780 964 1831 καὶ
997 1779 1033 1832 ἃ
1068 1781 1192 1840 τοὺς
1223 1778 1635 1848 ἐπηρεάζοντας
1656 1795 1791 1830 κατ-

217 1870 576 1938 αισχύνουσι,
629 1869 804 1923 ταῦτα
837 1884 849 1897 '
920 1868 955 1922 ἃ.
1003 1869 1257 1921 τοσοῦτον
1334 1868 1627 1936 συσφίγγει
1700 1866 1797 1936 τὴν

1971 1687 2036 1742 Et
2058 1688 2273 1757 quidem
2303 1688 2443 1742 beati
2472 1687 2667 1743 Leonis
2694 1688 2837 1742 dicta
2873 1689 3117 1757 quaedam
3156 1698 3360 1744 temere
3388 1705 3476 1745 re-

1903 1778 2191 1844 prehensa,
2237 1787 2292 1831 et
2336 1793 2563 1846 quorum
2610 1777 2812 1847 pudeat
2852 1777 2997 1847 ipsos
3056 1779 3472 1859 calumniantes,

1906 1875 2021 1929 haec
2042 1883 2167 1928 sunt
2194 1891 2207 1928 :
2235 1889 2355 1944 quae
2386 1874 2546 1927 talem
2574 1874 2953 1944 constringunt
2984 1876 3267 1941 unitatem,
3301 1887 3358 1931 ut
3385 1879 3480 1931 ad-

220 1959 440 2022 ἓνωσιν,
464 1958 604 2012 ὥστε
625 1959 928 2030 θαυμάζειν
960 1959 1076 2022 πῶς
1108 1960 1174 2012 ὲκ
1199 1958 1404 2011 τούτων
1444 1960 1493 2011 οί
1529 1957 1798 2027 συκοφάν-

1912 1969 2176 2021 mirentur
2208 1965 2478 2035 quomodo
2509 1968 2561 2019 in
2589 1965 2673 2021 his
2691 1967 3038 2036 sycophantae
3067 1983 3173 2021 non
3208 1968 3480 2024 confusio-

219 2069 310 2103 ται
354 2052 476 2121 οὐχὶ⁵
515 2052 778 2121 σύγχυσιν
816 2051 911 2104 τοῦ
964 2050 1156 2120 ἀνδρὸς
1204 2052 1485 2113 κατεῖπον,
1512 2046 1701 2118 ὥσπερ
1736 2049 1800 2101 ὲκ

1912 2073 2027 2113 nem
2059 2058 2158 2112 viri
2186 2057 2655 2128 reprehenderint,
2678 2060 3126 2126 quemadmodum
3150 2074 3181 2114 e
3212 2062 3480 2117 calumnia

221 2141 332 2193 τῶν
364 2140 814 2210 ὲπηρεασθέντων
845 2141 944 2208 τὴν
978 2140 1244 2209 διαίρεσιν
1279 2138 1702 2191 συνεπλάσαντο.
1729 2137 1801 2189 Τὸ

223 2234 336 2303 γὰρ
370 2233 548 2300 λέγειν
578 2233 653 2294 ὡς
676 2234 704 2284 6
731 2232 948 2303 ἀπαθὴς
972 2232 1104 2295 Θεὸς
1125 2231 1224 2284 οὐκ
1249 2228 1529 2299 ἀπηξίωσε
1561 2229 1803 2298 παθητὸς

222 2327 480 2393 γενέσθαι
509 2325 815 2396 ἄνθρωπος,
841 2326 936 2379 καὶ
984 2326 1012 2378 6
1049 2325 1316 2387 ἀθάνατος
1350 2326 1532 2393 νόμοις
1581 2324 1801 2375 ὑποκεῖ-

226 2420 354 2472 σθαι
382 2419 630 2481 Θανάτου,
660 2419 755 2471 καὶ
778 2421 807 2471 6
827 2418 1052 2487 ἄχρονος
1071 2414 1211 2470 είναι
1233 2418 1434 2488 ἦρξα-ιο
1462 2415 1566 2469 ἀπὸ
1586 2415 1800 2486 χρόνου,

218 2511 349 2572 πῶς
375 2509 532 2562 ἔλαθε
573 2510 700 2572 τοὺς
748 2510 980 2576 πικροὺς
1013 2509 1353 2577 συκοφάντας
1387 2508 1460 2576 μὴ
1488 2506 1804 2576 συγχύσεως

217 2604 322 2654 τὸν
385 2601 553 2671 ἄνδρα
602 2600 918 2669 γράψασθαι
948 2600 1036 2652 διὰ
1065 2600 1305 2663 τούτων;
1354 2600 1484 2671 [768
1519 2598 1613 2669 IL]
1666 2599 1805 2665 πλὴν

219 2693 371 2759 ἀλλ’,
398 2692 587 2763 ὥσπερ
618 2694 717 2762 τὴν
743 2693 1007 2762 διαίρεσιν
1051 2690 1404 2762 ἐπιρραπίζει
1439 2692 1633 2757 ταῦτα,
1666 2690 1806 2743 οὕτω

222 2786 466 2839 κάκεῖνα
503 2784 601 2855 τὴν
632 2784 893 2853 σύγχυσιν
924 2784 1387 2847 ἀποσκευάζεται.

300 2874 369 2926 Τί
406 2875 606 2944 δήποτε
648 2876 705 2929 δὲ
743 2877 772 2928 6
817 2878 1166 2946 συγγραφεὺς
1197 2875 1284 2928 διὰ
1319 2875 1574 2928 τοιούτων
1604 2874 1807 2927 ὥδευσε

225 2967 537 3036 ρημάτων;
592 2968 771 3031 διττὸς
803 2967 1105 3038 τηνικαῦτα
1152 2969 1293 3021 κατά
1337 2969 1438 3035 τῆς
1482 2968 1809 3037 Ἑκκλησίας

227 3059 527 3111 συνίστατο
557 3059 816 3129 πόλεμος,
852 3059 1086 3112 ἐνταῦθα
1115 3060 1211 3127 μὲν
1237 3059 1325 3110 τὸν
1352 3059 1593 3127 Εὐτυχέα
1626 3058 1810 3126 φέρων

225 3150 649 3218 πρωτοστάτην,
700 3149 911 3202 ἐκεῖθεν
954 3150 1009 3202 δὲ
1044 3150 1137 3200 τὸν
1184 3148 1500 3218 Νεστόριον,
1548 3149 1640 3200 καὶ
1675 3148 1813 3217 μετὰ

222 3239 333 3308 τὴν
362 3240 580 3309 πληγὴν
607 3240 702 3293 καὶ
738 3240 800 3293 τὸ
838 3240 1037 3310 πτῶμα
1069 3242 1374 3310 μαχόμενον
1398 3239 1496 3293 ἔτι.
1542 3238 1685 3308 Πρὸς
1719 3233 1811 3291 οὖν

1903 2151 2180 2220 oppressis
2222 2151 2540 2205 divisionem
2596 2150 2927 2221 contingunt.
2980 2149 3169 2205 Dicere
3202 2154 3366 2216 enim,
3421 2163 3481 2207 ut

1904 2241 2217 2309 impatibilis
2250 2240 2389 2297 Deus
2413 2257 2517 2296 non
2548 2241 2867 2309 dedignatus
2888 2252 2972 2298 est
3010 2242 3124 2299 fieri
3151 2247 3309 2298 homo
3332 2260 3480 2299 mor-

1905 2334 2047 2397 talis,
2076 2343 2130 2387 et
2158 2334 2345 2390 mortis
2368 2349 2476 2389 non
2508 2334 2719 2388 horruit
2752 2334 3093 2405 obsequium,
3127 2347 3183 2391 et
3209 2338 3327 2391 sine
3351 2348 3480 2392 tem-

1904 2440 2035 2494 pore
2071 2426 2245 2479 factus
2279 2434 2362 2480 est
2401 2440 2523 2479 cum
2555 2434 2816 2496 tempore.
2853 2426 3131 2492 Quomodo
3163 2429 3480 2498 ignorarunt

1906 2518 2032 2572 mali
2085 2517 2523 2583 calumniatores,
2559 2533 2664 2572 non
2711 2519 2993 2587 scripsisse
3016 2521 3189 2573 virum
3247 2537 3339 2589 per
3379 2523 3482 2578 hoc

1906 2608 2182 2672 confundi,
2229 2609 2330 2663 nisi
2355 2609 2498 2677 quod
2541 2619 2599 2661 ut
2630 2608 2948 2664 divisionem
2982 2609 3311 2679 redarguunt
3347 2612 3478 2673 haec.

1908 2702 1987 2756 sic
2012 2710 2068 2755 et
2098 2701 2185 2754 illa
2214 2698 2591 2755 confusionem
2626 2701 2911 2755 adornant.

1979 2858 2097 2925 Quo
2125 2861 2335 2913 tandem
2366 2861 2599 2927 scriptor
2646 2859 2732 2914 hic
2760 2859 2955 2932 2&3a
2986 2863 3191 2926 tendat,
3214 2864 3482 2933 geminum

1908 2951 2035 3004 hinc
2067 2952 2322 3007 adversus
2346 2951 2643 3006 Ecelesiam
2670 2955 2915 3007 nascitur
2942 2953 3159 3009 bellum.
3187 2954 3323 3010 Hinc
3340 2958 3482 3010 enim

1910 3044 2209 3115 Entychem
2266 3046 2507 3100 referens
2553 3046 2879 3115 principem,
2937 3048 3085 3103 illinc
3120 3064 3249 3104 vero
3297 3046 3489 3103 Nesto«

1911 3138 2071 3201 rium,
2105 3146 2159 3193 et
2188 3148 2307 3205 post
2326 3146 2602 3207 acceptam
2652 3138 2885 3209 plagam,
2914 3140 3231 3210 lapsumque
3257 3156 3487 3210 pugnam

1913 3232 2341 3294 instaurantem,
2364 3246 2484 3287 cum
2510 3242 2742 3303 utroque
2760 3248 3001 3303 pugnans
3021 3233 3235 3298 pietatis
3258 3235 3345 3286 hic
3362 3235 3488 3296 dux,

227 3330 534 3401 ἑκατέρους
558 3331 586 3381 6
614 3331 715 3400 τῆς
748 3330 1030 3393 εὐσεϐείας
1057 3331 1363 3401 στρατηγὸς
1402 3330 1807 3399 διαμαχόμενος

1914 3326 2029 3379 suis
2061 3323 2205 3391 ipsos
2235 3338 2300 3377 ac
2327 3326 2527 3379 mutuis
2558 3324 2680 3379 telis
2706 3325 2969 3380 vulnerat.
3006 3324 3213 3379 Etcum
3243 3324 3492 3380 Nestorio

224 3421 459 3483 οἰκείοις
485 3424 579 3473 καὶ
606 3422 964 3492 καταλλήλοις
984 3422 1160 3492 βέλεσι
1190 3424 1316 3485 τοὺς
1344 3422 1671 3484 ἀντιπάλους
1700 3421 1811 3473 ὲτί-

224 3526 477 3578 τρωσκε,
510 3510 606 3561 καὶ
657 3510 937 3581 Νεστορίῳ
969 3511 1066 3580 μὲν
1120 3511 1376 3580 πολεμῶν
1425 3511 1689 3578 σύγχυσιν
1726 3510 1815 3564 διὰ

226 3601 340 3670 τὴν
385 3599 682 3667 ὁμολογίαν
731 3599 831 3668 τῆς
875 3600 1049 3669 ἄκρας
1094 3600 1340 3662 ὲνώσεως
1384 3601 1495 3663 τοῖς
1536 3598 1817 3661 ἀσυνέτοις

225 3692 390 3743 δοκεῖ
434 3690 822 3759 παρεισάγειν,
852 3691 1085 3759 Εὐτυχεῖ
1120 3691 1176 3743 δὲ
1223 3690 1668 3759 συμπλεκόμενος
1726 3691 1818 3741 καὶ

223 3784 338 3851 τὴν
364 3781 475 3835 τῶν
513 3781 729 3849 φύσεων
773 3782 1036 3851 διαφορὰν
1066 3781 1591 3851 ἀκριϐολογούμενος
1632 3780 1817 3849 διαφο-

229 3874 343 3944 ρὰν
423 3874 776 3927 ὐποστάσεων
852 3876 1242 3944 κατηγορεῖται
1320 3873 1651 3943 προτείνειν.
1728 3874 1823 3923 Δεῖ

223 3965 290 4016 δὲ
349 3962 443 4014 τὸν
498 3963 794 4017 ἀδέκαστον
853 3964 1128 4034 ἀκροατὴν
1169 3963 1260 4017 τὸν
1312 3963 1405 4017 τοῦ
1457 3962 1819 4031 συγγραφέως

230 4056 449 4108 σκοπὸν
518 4056 795 4119 ἐξετάζειν
861 4058 955 4108 καὶ
1012 4057 1101 4107 τὸν
1135 4055 1326 4126 εἱρμὸν
1360 4055 1479 4108 ὅλον
1531 4056 1629 4123 τῆς
1696 4071 1824 4120 συγ-

229 4148 463 4217 γραφῆς
493 4148 537 4178 ’⁸
563 4149 907 4202 ἐπισκοπεῖν.
942 4149 1065 4200 Ὀτι
1113 4149 1170 4201 δὲ
1213 4147 1605 4217 διχόθεν.αὐτῷ
1654 4164 1823 4217 προσ-

228 4239 405 4292 έϐαλε
438 4238 499 4291 τὸ
539 4238 828 4308 πολέμιον,
876 4238 1037 4302 αὐτὸς
1082 4241 1309 4309 γράφων
1362 4238 1500 4309 πρὸς
1532 4240 1625 4291 τὸν
1674 4239 1819 4289 εὐσε-

228 4332 504 4382 ϐέστατον
558 4330 802 4400 εβασιλέα
848 4331 1072 4397 Λέοντα,
1128 4332 1223 4384 καί
1273 4331 1573 4399 Νεστὸριον
1631 4329 1825 4382 ἀναθεο

1917 3414 2135 3482 quidem
2200 3413 2487 3479 dimicans,
2529 3415 2899 3469 confusionem
2942 3430 3037 3484 per
3095 3417 3489 3471 confessionem

1916 3519 2140 3559 summa:
2164 3505 2387 3559 unitatis
2416 3505 2594 3561 stultis
2626 3507 2877 3560 invehere
2908 3506 3135 3560 videtur.
3167 3505 3300 3561 Cum
3326 3507 3493 3576 Euty-

1920 3597 2021 3650 che
2053 3611 2180 3649 vero
2208 3606 2446 3659 certans,
2478 3608 2903 3664 naturarumque
2933 3597 3305 3652 diversitatem
3340 3614 3494 3652 accu-

1923 3696 2040 3739 rate
2061 3684 2376 3750 defendens,
2410 3684 2769 3741 differentiam
2793 3701 3143 3754 personarum
3168 3688 3221 3740 in
3256 3688 3487 3740 medium

1935 3777 2195 3831 attulisse
2219 3788 2527 3831 accusatur.
2565 3777 2792 3847 Oportet
2814 3792 2941 3833 vero
2989 3778 3254 3848 integrum
3285 3780 3493 3833 audito-

1924 3883 2037 3921 rem
2090 3868 2375 3935 seriptoris
2408 3882 2628 3936 sc0pum
2687 3869 3033 3939 investigare,
3065 3878 3119 3922 et
3166 3869 3326 3923 totius
3360 3872 3495 3922 scri-

1924 3958 2124 4027 ptionis
2142 3959 2336 4013 seriem
2371 3958 2735 4013 considerare.
2777 3958 2916 4012 Duos
2948 3969 3126 4012 autem
3168 3973 3287 4013 sese
3318 3959 3499 4015 hostes

1927 4065 2172 4119 nactum,
2199 4053 2440 4108 scribens
2467 4052 2583 4123 ipse
2611 4053 2676 4106 ad
2708 4052 3097 4122 pientissimum
3130 4050 3364 4106 Leonem
3394 4054 3497 4105 im-

1926 4154 2236 4215 peratorem
2261 4154 2315 4199 et
2356 4143 2668 4199 Nestorium
2696 4146 3039 4198 anathemate
3067 4142 3267 4199 feriens
3291 4153 3345 4197 et
3393 4145 3500 4197 Eu-

1932 4235 2171 4306 tycltem,
2199 4235 2343 4290 clare
2368 4236 2545 4290 docet.
2599 4233 2891 4305 Oportebat
2912 4245 3089 4288 autem
3116 4233 3332 4289 Patrum
3364 4236 3503 4305 vigi-

1930 4326 2032 4380 lias
2061 4326 2453 4394 circumspecte
2484 4325 2699 4389 legisse,
2720 4334 2775 4379 et
2814 4326 3262 4393 quemadmodum
3285 4326 3503 4380 Arianis

232 4419 492 4491 ματίζων
544 4422 641 4473 καὶ
693 4421 977 4491 Εὐτυχέα,
1027 4422 1211 4491 σαφῶς
1256 4419 1582 4474 ἐκδιδάσκει.
1632 4419 1814 4489 Ἑχρῆκι

1932 4416 2093 4471 exilia
2146 4417 2330 4481 verba,
2354 4417 2771 4486 passionemque
2798 4417 2849 4469 in
2880 4415 3000 4470 Filii
3043 4416 3305 4471 Deitatem
3359 4416 3500 4471 refe-

229 4513 340 4566 οὖν
384 4511 629 4576 εὐλαϐῶς
676 4516 786 4577 τοῖς
819 4514 927 4565 τῶν
978 4516 1236 4586 Πατὲρων
1280 4514 1463 4576 πόνοις
1518 4512 1825 4583 προσέχειν,

237 4606 390 4660 ἀλλᾶ
424 4605 499 4679 μὴ
546 4606 683 4675 πρὸς
704 4607 956 4674 διαϐολὴν
982 4609 1102 4661 ἀντὶ
1144 4608 1239 4660 τοῦ
1286 4608 1651 4677 εὐγνωμονεῖν
1686 4604 1825 4657 ὲτοί-

1935 4511 2198 4576 rentibus,
2232 4518 2291 4563 ut
2325 4509 2500 4578 ipsum
2544 4510 2807 4565 minorem
2837 4508 3039 4563 faciant
3080 4509 3258 4574 Patre,
3312 4509 3504 4564 Patres

1940 4602 2122 4655 dicitis
2144 4600 2502 4656 crassioribus
2524 4602 2599 4654 uti
2625 4601 2827 4663 verbis,
2862 4600 3204 4656 Dominicum
3233 4602 3507 4671 appellan—

238 4713 388 4767 μους
416 4688 585 4748 εἶναι·
621 4698 715 4749 καὶ
745 4698 997 4766 καθάπερ
1022 4697 1132 4750 τῶν
1166 4698 1461 4766 Ἀρειανῶν
1491 4697 1561 4749 τὰ
1589 4695 1814 4750 ταπεινὰ

1934 4704 2015 4748 tes
2048 4694 2346 4759 hominem,
2384 4693 2469 4748 vel
2491 4703 2851 4762 assumptum.

239 4793 477 4862 ῥήματα
510 4790 605 4841 καὶ
654 4790 714 4842 τὸ
747 4790 923 4853 πάθος
950 4792 1030 4855 εἰς
1060 4793 1159 4864 τὴν
1192 4794 1284 4846 τοῦ
1316 4793 1447 4846 Υἱοῦ
1482 4792 1713 4862 θεότητα
1742 4788 2182 4861 μεταφερόντων,
2204 4788 2279 4851 ὠς
2305 4787 2372 4841 ἂν
2398 4786 2561 4842 αὐτὸν
2608 4790 2686 4851 είς
2747 4788 2808 4841 τὸ
2868 4788 3089 4841 ἔλαττον
3153 4788 3506 4856 καταγάγωσι

230 4884 339 4936 τοῦ
386 4883 618 4952 Πατρὸς,
643 4885 769 4945 τοὺς
814 4885 1062 4951 Πατέρας
1094 4888 1231 4956 φατὲ
1259 4887 1615 4957 βιαζομένους
1678 4882 2011 4956 παχυτέραις
2076 4881 2383 4953 χρήσασθαι
2454 4880 2649 4949 λέξεσι,
2710 4881 2799 4934 τὸν
2841 4882 3121 4953 Κυριακὸν
3145 4883 3507 4953 ὀνομάζοντας

232 4977 536 5046 ἄνθρωπον
568 4977 662 5031 καὶ
691 4977 783 5031 τὸν
809 4978 1185 5048 ἀναληφθέντα
1208 4983 1275 5035 ’⁸.
1309 5022 1322 5035 .
1360 5020 1373 5033 .
1411 5021 1422 5032 .
1461 5020 1473 5033 .

953 5073 1139 5139 Σκςν.

243 5162 365 5217 Τοῦ
421 5160 608 5216 αὑτοῦ
643 5164 939 5232 Εὑλοτίου
986 5166 1146 5231 ἄλλη
1172 5165 1389 5230 βίϐλος
1444 5166 1596 5219 κατὰ
1629 5163 1837 5219 Θεοδο-

743 5237 887 5289 σίου
917 5236 1013 5289 real
1038 5238 1327 5303 Σευήρου.

335 5324 677 5397 ’Λνεγνώσθη
716 5327 979 5395 Εὐλογίου
1004 5328 1095 5380 τοῦ
1118 5327 1421 5394 ἀγιωτάτου
1451 5328 1607 5381 πάπα
1651 5327 1832 5392 Ἀλεξ-

241 5415 509 5487 ανδρείας
552 5416 732 5485 βίϐλος
754 5457 769 5482 ,
809 5415 927 5493 ὲνῇ
968 5419 1219 5487 φαίνεται
1266 5420 1363 5489 μὲν
1390 5421 1500 5472 τῶν
1527 5420 1571 5451 ³⁰
1605 5419 1705 5489 τῆς
1737 5420 1827 5472 εὑ-

243 5505 472 5569 σεϐείας
506 5507 843 5580 ὑπερμαχῶν
871 5510 1176 5581 δογμάτων,
1204 5511 1330 5573 τοὺς
1356 5512 1413 5563 δὲ
1438 5513 1537 5582 τῆς
1569 5512 1820 5575 ἀσεϐείας

2595 5064 2873 5121 CCXXVI.

1943 5161 2153 5229 Eulogii
2194 5161 2425 5229 ejusdem
2474 5161 2602 5215 liber
2645 5173 2827 5215 contra
2868 5161 3214 5215 Theodosium
3250 5172 3299 5215 et
3363 5159 3512 5217 Seve-

2656 5249 2791 5285 rum.

2005 5326 2199 5380 Lectus
2245 5326 2380 5380 liber
2426 5324 2634 5394 Eulogii
2697 5323 3046 5379 Alexandrini
3096 5324 3354 5392 episcopi,
3405 5339 3511 5393 quo

1928 5420 2031 5487 pim
2088 5418 2345 5471 doctrinae
2376 5433 2591 5472 causam
2636 5418 2941 5486 suscepisse
2985 5417 3221 5480 videtur,
3254 5416 3509 5485 pudorem

1930 5508 2419 5579 propugnatoribus
2445 5508 2739 5578 impietatis
2766 5508 3050 5562 incutiens.
3096 5506 3351 5562 lnscribit
3382 5522 3513 5562 vero

1574 5627 1806 5683 νΑιιιιΕ
1840 5627 2246 5683 LECTIONES.

408 5725 588 5805 malim
608 5727 1088 5811 artozm'piCovrfs;.‘
1151 5725 1549 5811 “conpazpﬁ‘q
1584 5728 1623 5778 Α
1652 5744 1673 5811 τ’
1691 5728 1908 5796 γραφῆς
1928 5743 1985 5790 τ.
2066 5727 2107 5755 ¹⁹
2134 5735 2274 5794 post.
2292 5724 2667 5795 ἀναληφθέντα
2685 5726 2737 5779 tn
2759 5724 2799 5780 A
2821 5721 3083 5779 columnis
3105 5732 3293 5777 vacant
3323 5723 3357 5778 5
3392 5721 3520 5788 ίί2ι

247 5798 309 5851 in
344 5794 385 5849 C
417 5799 623 5866 pagina:
655 5796 676 5849 l
715 5788 838 5865 3/1.

954 5798 997 5829 ³⁸
1033 5797 1131 5867 μὲν
1159 5796 1291 5869 τῶν]
1321 5799 1428 5851 luto
1469 5798 1577 5849 τῶν
1610 5796 1729 5865 μέν.
