4208 6448
680 374 783 447 951

1836 390 2063 452 ΡΗΟΤΙ
2072 391 2095 451 Ι
2125 386 2625 451 PATRIARCHIE
2659 386 2768 447 CP.

3832 373 3941 439 952

688 490 883 543 librum
907 490 1138 558 primum
1166 492 1403 561 pontifici
1431 494 1616 560 Leoni,
1656 505 1939 551 accusatus
1978 510 2042 551 ac
2070 510 2258 564 repre-
2290 546 2292 552 λ

2400 492 2735 563 θροασπιστὰς
2770 489 2898 562 [400
2929 486 3022 561 8.]
3064 484 3458 556 καταισχύνων.
3506 481 3832 552 Προτίθεται
3881 484 3941 538 δέ

690 583 889 636 hensus
916 598 944 635 a
971 581 1297 648 Theodosio,
1330 585 1524 641 alicubi
1557 602 1684 643 vero
1715 602 1743 641 a
1770 587 1992 651 Severo,
2017 588 2266 656 Acepha-

691 673 778 726 lis.
812 673 1135 743 Perstringit
1164 691 1292 731 vero
1324 677 1532 733 illorum
1568 680 1894 735 dementiam
1943 681 2265 749 improbita-

692 776 908 832 temque
964 766 1097 819 nihil
1155 768 1449 823 ostendens
1488 785 1675 825 verum
1722 787 1895 839 neque
1945 773 2269 827 concludere

697 857 1030 919 necessario,
1060 856 1288 911 conficta
1316 867 1371 912 et
1406 858 1536 914 falsa
1580 862 1883 924 mendacia,
1920 871 1972 916 et
2004 878 2106 916 non
2138 879 2270 916 con-

694 954 773 999 tra
818 946 962 999 illum
994 948 1163 1017 magis
1202 959 1459 1015 armatos,
1501 954 1723 1021 quicum
1762 964 2020 1025 pugnent,
2069 956 2268 1009 nihilo-

693 1036 873 1089 minus
924 1047 1100 1091 tamen
1158 1038 1417 1094 adversus
1485 1052 1700 1097 sanctos
1759 1059 1989 1109 omnes,
2038 1060 2269 1113 quorum

695 1127 912 1180 nomina
939 1140 1233 1197 respuunt:
1266 1144 1370 1183 non
1394 1131 1557 1200 igitur
1589 1132 1918 1198 inficiantur,
1951 1144 2004 1189 et
2036 1150 2132 1203 pro
2161 1151 2277 1189 om-

694 1218 855 1273 nibus
901 1221 1159 1274 audacter
1189 1220 1308 1275 illos
1334 1225 1606 1290 opposuit,
1641 1225 1837 1293 quibus
1868 1237 2111 1280 sanctum
2144 1226 2277 1281 Leo-

696 1325 820 1365 nem
844 1320 1175 1380 oppugnant,
1226 1321 1281 1367 et
1305 1325 1490 1368 contra
1527 1316 1743 1369 beatum
1774 1318 2057 1387 Cyrillum,
2104 1322 2278 1387 quod-

694 1416 800 1470 que
826 1402 1125 1458 mirandum
1145 1405 1333 1474 magis,
1363 1407 1617 1461 adversus
1636 1423 1747 1473 eos,
1770 1411 1856 1477 qui
1882 1410 2097 1464 decreta
2115 1425 2282 1480 Oppo-

696 1505 852 1551 nunt.
892 1493 997 1549 Has
1029 1496 1172 1549 enim
1209 1511 1369 1551 voces
1420 1513 1556 1567 quas
1591 1500 1863 1566 allatrant,
1899 1502 2155 1573 Cyrillum
2181 1519 2281 1557 sa:-

699 1588 817 1653 pius
831 1588 1087 1657 objiciunt
1107 1589 1299 1660 2536
1318 1602 1672 1657 asserentem,
1699 1594 2035 1662 aliorumque
2065 1606 2283 1650 sancto-

702 1694 819 1733 rum
851 1679 1069 1734 Patrum
1104 1691 1397 1735 catervam.
1426 1682 1542 1749 Quo
1586 1684 1637 1737 in
1675 1699 1897 1738 numero
1922 1686 2283 1753 Athanasius,

703 1770 972 1840 Gregorii,
1025 1772 1274 1832 Basilius,
1343 1774 1663 1829 Ambrosius
1739 1785 1793 1830 et
1852 1776 2280 1843 Amphilochius.

706 1861 941 1930 Denique
972 1863 1223 1917 amentia:
1274 1864 1596 1931 confutatio,
1647 1866 1904 1921 Severum
1949 1868 2123 1937 ipsum
2157 1869 2279 1923 ubi-

704 1968 815 2021 que
862 1953 1133 2024 dogmatis
1172 1964 1447 2011 auctorem
1480 1957 1719 2012 adducit.
1754 1957 1964 2025 Quibus
2016 1975 2148 2015 usus
2201 1971 2283 2014 est

701 2045 891 2099 beatus
916 2044 1023 2099 Leo
1047 2044 1065 2117 [
1098 2046 1149 2100 in
1170 2046 1411 2101 numeris
1434 2047 1700 2104 haereseos
1729 2049 1749 2121 ]
1781 2051 2030 2105 convitiis
2050 2068 2077 2104 a
2109 2049 2282 2105 Theo-

704 2136 857 2191 dosio
886 2148 942 2193 et
990 2138 1191 2192 Severo
1230 2139 1523 2208 excipitur.
1573 2140 1663 2195 Sic
1698 2141 1910 2195 illorum
1953 2143 2282 2196 dementiam

706 2229 959 2294 ostendit,
978 2238 1032 2282 et
1049 2231 1269 2285 adversa
1282 2232 1415 2285 riam
1458 2242 1673 2287 tuentes
1693 2242 1899 2301 partem
1923 2234 2089 2288 armis
2116 2235 2283 2297 exuit,

706 2329 767 2375 ut
800 2320 851 2375 in
878 2336 938 2376 se
966 2323 1104 2376 ictus
1124 2323 1375 2377 assiduos
1402 2324 1697 2379 inferentes
1727 2325 1859 2379 nihil
1888 2324 2165 2380 laederent.
2189 2325 2287 2381 Est

707 2420 885 2467 autem
931 2413 1016 2468 hic
1043 2414 1277 2483 scriptor
1316 2429 1481 2483 purus
1502 2431 1568 2472 ac
1608 2417 1814 2481 suavis,
1843 2427 1897 2470 et
1921 2416 2164 2471 breviter
2224 2432 2287 2471 ac

709 2504 902 2559 leviter
955 2507 1333 2560 accusationes
1362 2507 1675 2571 instituens,
1703 2520 1758 2563 et
1788 2511 1909 2565 sine
1954 2527 2116 2567 causa
2155 2511 2289 2565 nihil

709 2594 763 2648 in
797 2594 1033 2647 medium
1066 2593 1367 2662 proferens.
1415 2594 1472 2650 In
1518 2598 1926 2667 quatuordecim
1967 2601 2142 2670 capita
2178 2600 2288 2653 ha:-

707 2682 891 2737 reticis
922 2683 1118 2738 librum
1168 2684 1308 2738 beati
1362 2686 1559 2742 Leonis
1600 2689 1987 2756 dividentibus,
2041 2708 2146 2746 non
2196 2707 2289 2746 Ca-

714 2775 927 2843 ptiones
976 2778 1439 2842 accusationesve,
1494 2780 2024 2852 vituperationesque
2084 2785 2292 2853 ineptas

714 2862 965 2927 aﬂ'eruut,
1003 2875 1056 2917 et
1104 2866 1215 2933 ipse
1249 2867 1471 2921 totidem
1506 2868 1697 2922 dividit
1725 2870 2064 2927 refutatiouis
2092 2875 2289 2941 capita,

712 2956 905 3009 fortem
938 2971 1000 3008 ac
1029 2955 1256 3009 validam
1315 2960 1789 3027 reprehensionem
1821 2964 2103 3017 calumnia:
2157 2966 2293 3019 Ace-

714 3047 883 3115 phali.
938 3049 1169 3100 Additur
1229 3062 1352 3103 vero
1421 3050 1504 3104 his
1571 3052 1838 3106 absolutio
1904 3069 1933 3106 a
1996 3055 2293 3109 Chalcedo-

719 3138 869 3191 nensi
906 3139 1132 3207 synodo,
1167 3153 1327 3206 quam
1360 3140 1738 3196 haereticorum
1771 3144 1907 3197 mala
1954 3146 2133 3214 lingua
2164 3162 2291 3216 pro-

717 3230 935 3295 scindit,
972 3230 1234 3285 unitatem
1270 3247 1513 3301 persona:
1569 3235 1703 3302 ipsis
1732 3238 1910 3290 verbis
1939 3254 2045 3291 non
2071 3254 2294 3307 expres-

715 3335 850 3374 satn.
883 3322 1152 3375 Plurimos
1172 3323 1315 3376 enim
1336 3322 1525 3379 Patres
1551 3326 1811 3393 ostendit,
1847 3344 1952 3381 non
1983 3332 2138 3382 modo
2170 3342 2295 3384 ante

721 3415 980 3484 synodum
1048 3416 1399 3481 Ephesinatn,
1460 3418 1552 3471 sed
1623 3428 1677 3472 et
1707 3433 2020 3488 sequentes,
2056 3424 2153 3475 hac
2184 3424 2295 3490 ipsa

718 3519 851 3558 voce
882 3520 985 3559 non
1020 3522 1146 3561 usos
1171 3504 1186 3575 [
1212 3522 1307 3575 per
1331 3508 1435 3561 alia
1462 3511 1624 3563 verba
1656 3510 1912 3577 pietatem
1932 3529 2083 3565 suam
2110 3526 2296 3566 05ten-

718 3596 865 3649 disse
898 3595 914 3667 ]
947 3599 1089 3664 quod
1119 3608 1171 3650 et
1197 3599 1434 3666 synodus
1485 3600 1735 3667 perfecit.
1778 3600 1893 3655 Non
1928 3603 2099 3657 solum
2143 3620 2296 3668 vero,

719 3685 812 3737 sed
848 3695 903 3737 et
936 3688 1150 3739 beatum
1182 3687 1445 3757 Cyrillum
1496 3689 1548 3742 in
1606 3691 1811 3744 unione
1868 3706 1989 3743 cum
2031 3692 2297 3746 Occiden-

716 3777 919 3833 talibus
944 3779 1245 3844 hujusmodi
1275 3782 1451 3835 verbis
1485 3796 1590 3835 non
1626 3798 1779 3836 usum
1812 3784 2066 3838 ostendit.
2092 3784 2300 3839 Asserit.

722 3879 901 3923 autem
951 3872 1208 3940 Cyrillum
1245 3875 1531 3928 ostendere
1571 3875 1835 3929 unitatem
1874 3878 2131 3942 voluisse,
2179 3888 2302 3932 tanu

719 3974 884 4029 quam
918 3958 1076 4015 Verbi
1129 3962 1439 4031 hypostasis
1478 3965 1726 4019 humana:
1753 3966 1960 4035 absque
2000 3969 2301 4023 mutatione

719 4052 942 4105 uniatur
976 4062 1201 4105 naturae.
1249 4052 1538 4108 Enimvero
1584 4057 1705 4124 quia
1753 4069 1942 4124 quarta
1984 4070 2173 4113 sancta
2208 4074 2300 4130 sy-

723 4146 897 4198 nodus
938 4147 1139 4213 scripta
1185 4145 1377 4215 Cyrilli
1418 4149 1482 4201 ad
1519 4147 1827 4203 NeStorium
1880 4153 2205 4218 verecunde,
2249 4161 2302 4206 et

724 4234 1065 4289 laudabiliter
1128 4235 1268 4289 facta
1315 4238 1393 4304 (in
1443 4238 1638 4305 quibus
1708 4257 1814 4293 non
1874 4243 2062 4303 semel,
2114 4242 2208 4296 sed
2249 4253 2302 4297 et

725 4324 832 4388 his,
869 4334 923 4377 et
955 4335 1147 4391 quater
1181 4340 1427 4393 persona:
1462 4329 1641 4383 unitas
1680 4329 1837 4383 Verbi
1864 4330 2007 4385 clare
2056 4332 2300 4386 declara-

723 4423 831 4485 tur)
864 4417 1240 4471 hereticorum
1288 4420 1523 4475 obstruit
1564 4437 1656 4475 ora
1694 4440 1708 4477 :
1747 4424 1943 4490 quibus
1972 4425 2143 4493 ipsam
2195 4441 2299 4478 non

2368 584 2516 653 αὐτῷ
2545 582 2638 635 τοῦ
2669 584 2725 635 ἐν
2759 581 2935 649 ἁγίοις
2970 580 3129 633 πάπα
3164 578 3388 641 Λέοντος
3431 577 3459 629 6
3484 575 3670 644 τόμος,
3698 576 3940 642 ἐπηρεα-

2370 678 2593 746 ζόμενος
2646 675 2744 744 μέν
2812 674 2907 726 καὶ
2950 671 3453 741 συκοφαντούμενος
3499 668 3603 721 ὑπὸ
3638 668 3939 730 Θεοδοσίου,

2370 768 2584 839 ἐνιαχοῦ
2618 768 2674 820 δὲ
2706 768 2799 820 καὶ
2832 766 3089 837 Σεὸἠρου,
3117 764 3225 817 τῶν
3262 763 3572 833 Ἀκεφάλων
3592 777 3605 789 '
3639 761 3943 829 πηλιτεύει

2371 862 2426 915 δὲ
2463 861 2561 931 τὴν
2587 860 2773 913 ἄνοιαν
2795 858 2974 912 αὐτῶν
2997 857 3090 910 καὶ
3114 856 3477 926 κακουργίαν,
3510 854 3665 907 οὐδὲν
3698 853 3796 919 μὲν
3821 854 3943 904 ἐπι-

2372 954 2585 1015 δεικνὺς
2629 950 2825 1022 ἀληθὲς
2856 950 2889 1017 ἢ
2921 949 3217 1015 ἀναγκαῖον
3262 944 3543 1015 λέγοντας,
3580 940 3945 1011 διεψευσμένα

2374 1045 2431 1097 δέ
2471 1044 2567 1097 καὶ
2597 1040 3091 1112 συμπεπλασμένα,
3112 1039 3207 1091 καὶ
3238 1037 3301 1090 οὑ
3344 1036 3469 1089 κατ’
3509 1034 3722 1087 ἐκείνου
3747 1031 3946 1101 μᾶλλον

2376 1134 2770 1205 ὁπλιζομένους
2796 1126 2839 1201 ᾧ
2866 1130 3370 1201 διαπληκτίζονται,
3404 1128 3518 1181 ἀλλ’
3554 1127 3705 1180 οὐδὲν
3730 1125 3949 1178 ἔλαττον

2380 1228 2521 1281 κατὰ
2553 1228 2769 1279 πάντων
2799 1224 2935 1294 ὁμοῦ
2967 1224 3075 1277 τῶν
3114 1222 3311 1290 ἁγίων,
3344 1214 3419 1274 ὧν
3447 1220 3569 1274 οὐδὲ
3608 1220 3705 1281 τὰς
3729 1216 3946 1287 κλήσεις

2380 1319 2453 1383 ὡς
2509 1319 2630 1389 οὐχὶ
2669 1316 2899 1388 τιμῶσιν
2948 1315 3213 1386 οὐμενοῦν
3243 1315 3343 1368 οὐκ
3373 1314 3512 1366 είσὶν
3574 1309 3807 1381 ἔξαρνοι.
3844 1308 3950 1362 Καὶ

2382 1412 2489 1483 πρό
2534 1428 2597 1479 γε
2633 1411 2675 1442 ³⁸
2717 1412 2934 1465 πάντων
2975 1408 3307 1479 παρίστησιν
3350 1406 3546 1468 αὐτοὺς
3574 1402 3841 1471 ἐναργῶς,
3876 1394 3952 1460 εἷς

2382 1504 2473 1555 τὸν
2501 1501 2698 1571 εὐσεϐῆ
2727 1499 3279 1571 διασύρουσιΛέοντα,
3307 1498 3447 1551 κατά
3471 1515 3530 1549 τε
3551 1494 3645 1549 τοῦ
3669 1492 3951 1547 Θεσπεσίου

2385 1594 2655 1663 Κυρίλλου
2691 1595 2785 1647 καὶ
2824 1593 2908 1662 (τὸ
2941 1589 3411 1661 θαυμασιώτερον)
3456 1590 3579 1643 καθ’
3618 1589 3826 1641 ἑαυτῶν
3859 1588 3953 1653 τὴν

2384 1686 2565 1756 ψῆφον
2594 1685 2885 1757 φέρονταςο
2911 1682 3128 1747 ἐκείνας
3164 1683 3275 1752 γὰρ
3319 1683 3418 1745 τὰς
3469 1681 3674 1751 φωνὰς,
3705 1674 3781 1734 ὧν
3824 1679 3954 1731 καθ-

2390 1779 2700 1846 υλακτοῦσι,
2749 1777 3015 1849 Κύριλλόν
3057 1794 3116 1829 τε
3165 1775 3489 1845 προκομίζει
3529 1775 3621 1827 τὸν
3672 1774 3949 1826 θεσπέσιον

2384 1870 2644 1933 πολλάκις
2672 1869 2897 1923 εἰπόντα
2921 1870 2985 1933 ³³,
3008 1869 3102 1922 καὶ
3125 1869 3232 1921 τῶν
3255 1868 3429 1921 ἄλλων
3466 1868 3636 1933 ἁγίων
3662 1867 3753 1918 τὸν
3775 1866 3946 1935 χορὸν

2384 1966 2441 2018 ὃν
2480 1962 2797 2026 Ἀθανάσιός
2829 1978 2888 2015 τε
2934 1962 3029 2014 καὶ
3077 1960 3369 2031 Γρηγόριοι
3418 1961 3511 2012 καὶ
3551 1957 3829 2019 Βασίλειος
3869 1962 3959 2009 καὶ

2397 2054 2720 2125 Ἀμδρὸσιος
2742 2052 2837 2105 καὶ
2863 2050 3208 2120 Ἀμφιλόχιος
3238 2049 3526 2118 πληροῦσι.
3580 2050 3689 2101 Καὶ
3717 2050 3746 2100 ὃ
3775 2046 3955 2099 τελευ-

2384 2148 2537 2207 ταῖος
2581 2145 2683 2214 τῆς
2740 2142 2917 2196 αὑτῶν
2947 2143 3143 2212 μανίας
3198 2142 3442 2211 ἐλεγχος,
3494 2142 3656 2193 αὐτὸν
3694 2137 3957 2208 πολλαχοῦ

2387 2237 2627 2308 παράγει
2666 2235 2905 2307 Σεὸἧρον
2944 2235 3313 2305 δογματιστὴν
3348 2233 3596 2298 ἐκείνων,
3638 2229 3719 2294 οἷς
3763 2249 3962 2301 κεχρη-

2392 2329 2551 2400 μένος
2587 2329 2615 2381 ὁ
2646 2329 2702 2381 ἐν
2737 2328 2913 2395 ἁγίοις
2940 2327 3090 2379 Λέων
3124 2326 3344 2397 μυρίαις
3387 2325 3649 2396 αἱρέσεως
3677 2323 3966 2393 λοιδορίαις

2390 2422 2542 2492 παρὰ
2566 2439 2623 2473 τε
2661 2420 2941 2473 Θεοδοσίου
2996 2420 3091 2472 καὶ
3132 2418 3297 2472 αὑτοῦ
3328 2418 3568 2490 Σεὸήρου
3610 2416 3862 2486 βάλλεται
3887 2417 3931 2447 ³³
3952 2433 3964 2445 ·

2389 2512 2532 2565 οὓτω
2563 2510 2659 2581 τὴν
2702 2509 2900 2579 μανίαν
2956 2508 3272 2573 ἐπεδείξατο
3304 2507 3431 2570 τοὺς
3460 2506 3549 2560 ὑπ’
3580 2507 3746 2575 αὐτῆς
3774 2522 3969 2573 στρατ⁶

2394 2623 2528 2675 ηγου
2539 2604 2732 2675 μένους
2758 2603 3039 2668 ἐξοπλίσαι
3062 2602 3127 2666 ³⁸,
3160 2602 3299 2655 ὥστε
3320 2600 3441 2654 καθ’
3477 2599 3683 2651 ἐαυτῶν
3707 2597 3803 2659 τὰς
3834 2596 3971 2664 πλη-

2392 2699 2493 2768 γὰς
2548 2697 2768 2767 καιρίας
2818 2697 3083 2768 φέροντας
3128 2694 3399 2764 μηδεμίαν
3446 2692 3491 2723 ³⁵
3541 2689 3841 2759 λαμϐάνειν
3876 2688 3968 2741 τοῦ

2395 2791 2597 2855 πάθους
2630 2789 3004 2861 συναίσθησιν.
3038 2789 3192 2840 Ἐστι
3233 2787 3331 2857 μὲν
3358 2780 3451 2838 οὖν
3478 2778 3633 2846 οὗτος
3655 2787 3682 2836 6
3722 2798 3968 2850 συγγρα-

2396 2885 2528 2953 φεὺς
2556 2882 2796 2953 καθαρός
2823 2899 2882 2935 τε
2917 2881 3011 2933 καὶ
3068 2881 3219 2949 ἡδὺς,
3277 2879 3372 2931 καὶ
3419 2877 3505 2929 διὰ
3572 2876 3834 2943 συντόμου
3880 2873 3973 2925 καὶ

2395 2978 2544 3039 λείας
2562 2976 2683 3029 ὁδοῦ
2714 2976 2842 3037 τούς
2865 2956 3124 3043 ⁴ἐλέγχους
3146 2970 3487 3039 ποιούμενος,
3515 2970 3607 3021 καὶ
3641 2968 3774 3035 πρὸς
3808 2966 3973 3035 μηδὲν

2399 3068 2506 3120 τῶν
2538 3068 2643 3133 ’ἐξω
2669 3065 2761 3118 τοῦ
2794 3065 3094 3132 ἀναγκαίου
3120 3063 3443 3131 φερόμενος.
3487 3059 3581 3121 El;
3613 3058 3675 3111 ιδ’
3709 3058 3765 3109 δέ
3806 3058 3976 3123 κεφά-

2396 3161 2523 3212 λαια
2557 3158 2664 3210 τῶν
2708 3156 3095 3227 αίρετιζόντων
3125 3154 3253 3225 1769
3279 3152 3371 3224 R.]
3404 3150 3858 3221 κατατεμνόντων
3884 3150 3977 3201 τὸν

2397 3250 2563 3318 τόμον
2586 3246 2678 3299 τοῦ
2706 3248 2763 3299 ἐν
2796 3246 2973 3313 ἁγίοις
2998 3244 3247 3308 Λέοντος,
3276 3238 3338 3297 οὗ
3370 3242 3540 3303 λαϐὰς
3576 3241 3670 3293 καὶ
3710 3240 3975 3302 αίτιάσεις

2400 3340 2493 3392 καὶ
2543 3337 2781 3408 μέμψεις
2833 3336 3064 3404 ἀλόγους
3125 3334 3483 3403 καταχέουσι,
3535 3332 3630 3384 καὶ
3685 3330 3856 3393 αὐτὸς
3898 3331 3979 3392 είς

2396 3429 2633 3482 τοσαῦτα
2660 3427 2993 3481 καταδιεῖλεν
3031 3424 3343 3493 ἀνατροπῆς
3379 3422 3516 3492 μέρη
3557 3422 3648 3473 τὸν
3678 3420 3777 3489 τῆς
3820 3420 3975 3473 ’Δκε-

2400 3522 2569 3590 φάλου
2602 3519 2965 3586 συκοφαντίας
2993 3518 3211 3588 ίσχυρὸν
3250 3534 3311 3567 τε
3352 3516 3445 3567 καὶ
3466 3516 3704 3580 ἄφυκτον
3733 3513 3978 3581 ἔλεγχον.

2413 3614 2802 3667 Ἐπισυνάπτει
2846 3611 2904 3663 δὲ
2960 3609 3172 3671 τούτοις
3221 3609 3315 3661 καὶ
3358 3606 3456 3675 τὴν
3488 3604 3738 3659 ἀθώωσιν
3780 3605 3879 3674 τῆς
3923 3605 3980 3655 ἐν

2402 3705 2709 3775 Καλχηδόνι
2741 3704 2784 3735 ³⁸
2824 3701 3043 3755 συνόδου
3087 3693 3161 3755 ὧν
3191 3698 3361 3767 αὐτὴν
3390 3699 3434 3729 ³⁷
3475 3699 3507 3767 ἠ
3554 3696 3807 3766 αίρετικὴ
3846 3712 3981 3749 κατ-

2400 3801 2594 3868 ηγορεῖ
2623 3795 2997 3864 γλωσσαλγία,
3024 3793 3122 3862 τὴν
3161 3792 3285 3845 καθ’
3316 3792 3613 3844 ὑπόστασιν
3647 3790 3844 3841 ’ένωσιν
3880 3788 3982 3841 αὐ-

2403 3891 2525 3951 ταῖς
2555 3888 2766 3952 λέξεσιν
2794 3886 2855 3938 οὑ
2893 3885 3145 3955 φαμένην
3188 3885 3391 3951 φωνήν.
3432 3880 3680 3935 Δείκνυσι
3714 3880 3823 3949 γὰρ
3851 3878 3982 3931 πολ-

2402 3981 2528 4042 λοὺς
2551 3979 2660 4032 τῶν
2690 3979 2862 4046 ἁγίων
2909 3976 3192 4046 Πατὲρων,
3219 3976 3280 4028 οὐ
3314 3974 3473 4045 μόνον
3509 3974 3616 4026 τῶν
3653 3972 3759 4041 πρὸ
3784 3972 3886 4041 τῆς
3925 3972 3985 4022 ἐν

2416 4072 2626 4139 Ἐφέσῳ
2660 4070 2877 4123 συνόδου
2900 4068 3035 4121 ἁλλὰ
3061 4068 3155 4120 καὶ
3183 4066 3290 4119 τῶν
3316 4068 3431 4136 μετ’
3452 4065 3641 4134 αὑτὴν.
3662 4066 3727 4134 τῇ
3758 4060 3983 4132 τοιαύτῃ

2407 4165 2505 4232 μὲν
2545 4162 2607 4213 οὐ
2658 4158 3033 4230 κεχρημένους
3071 4159 3245 4227 φωνῇ,
3276 4156 3343 4208 δι’
3387 4155 3587 4224 ἐτέρων
3624 4153 3681 4205 δὲ
3719 4153 3986 4222 ῥημάτων

2403 4249 2500 4319 τὴν
2542 4245 2714 4315 αὐτὴν
2744 4244 3183 4314 δογματίσαντας
3231 4242 3551 4295 εὐσέϐειαν·
3585 4240 3612 4293 ὃ
3648 4242 3741 4293 καὶ
3787 4241 3820 4309 ἡ
3855 4240 3983 4292 σύν·-

2404 4341 2522 4401 060;
2566 4337 2911 4407 διεπράξατο.
2945 4337 3020 4389 Οὐ
3056 4336 3215 4405 μόνον
3245 4335 3322 4398 δέ,
3366 4334 3499 4387 ἀλλὰ
3546 4334 3639 4385 καὶ
3684 4333 3846 4384 αὐτὸν
3891 4332 3985 4384 τὸν

2407 4430 2709 4497 ἁγιώτατον
2738 4426 3006 4498 Κύριλλον
3037 4427 3095 4478 ἐν
3116 4430 3180 4495 τῇ
3216 4428 3353 4496 πρὸς
3390 4426 3516 4487 τοὺς
3545 4424 3590 4455 ³⁸
3628 4423 3982 4485 ἁνατολικούς

723 4520 938 4573 sapere,
966 4522 1138 4575 neque
1173 4508 1225 4561 in
1261 4524 1489 4575 persona
1526 4513 1791 4565 unitatem
1819 4516 2219 4579 conﬁnxerunt,
2251 4527 2292 4569 et

2411 4522 2601 4574 ἐνώσει
2648 4522 2766 4581 ταῖς
2810 4519 3090 4581 τοιαύταις
3125 4519 3389 4588 προφέρει
3421 4517 3495 4585 μὴ
3524 4516 3864 4585 κεχρημένον
3898 4516 3982 4565 λέ-

722 4598 946 4651 omnino
989 4598 1056 4652 de
1117 4600 1529 4670 quibuscunque
1588 4600 1843 4669 Acephali
1873 4603 2053 4657 divum
2072 4605 2305 4660 Leonem

722 4704 983 4746 accusare
1041 4704 1167 4745 sunt
1206 4692 1322 4746 ausi
1357 4731 1372 4756 ,
1417 4704 1472 4747 et
1526 4693 2026 4751 Chalcedonensem
2065 4710 2306 4753 sanctam

724 4784 1011 4855 synodum,
1041 4785 1187 4838 brevi
1242 4800 1495 4840 sermone
1520 4789 1900 4842 accusationes
1942 4789 2214 4857 refellens,
2254 4803 2307 4847 et

725 4874 1106 4929 insolubilibus
1153 4876 1485 4942 argumentis
1545 4878 1877 4931 adversariis
1910 4881 2167 4945 pudorem
2217 4883 2305 4936 in-

722 4966 956 5029 cutiens,
986 4968 1221 5019 ostendit
1264 4968 1409 5037 ipsos
1443 4982 1625 5021 secum
1657 4969 1852 5036 potius,
1882 4970 2044 5042 2M
2080 4990 2111 5025 a
2141 4990 2301 5043 quam

724 5072 848 5109 eum
880 5056 947 5110 iis
988 5071 1127 5125 quos
1161 5071 1493 5126 Oppuguaut,
1522 5068 1615 5111 aut
1649 5075 1770 5112 cum
1803 5066 2003 5117 sanctis
2029 5062 2299 5131 Patrihus,

725 5157 820 5200 aut
853 5148 1137 5203 nobiscum
1161 5158 1438 5203 certamen
1474 5151 1701 5204 habere.

2407 4616 2543 4681 ξεσι.
2570 4614 2709 4683 Φησὶ
2738 4612 2796 4665 δὲ
2836 4614 2929 4665 καὶ
2968 4613 3050 4665 ὅτι
3096 4613 3129 4680 ἡ
3166 4611 3287 4663 καθ’
3330 4610 3629 4662 ὑπόστασιν
3660 4610 3854 4670 ἐνωσις
3906 4607 3984 4676 τῷ

2405 4704 2678 4774 Θεσπεσίῳ
2705 4704 2955 4773 Κυρίλλῳ
2984 4703 3234 4773 βούλεται
3256 4702 3470 4770 δηλοῦν,
3497 4701 3573 4763 ὡς
3606 4703 3637 4771 ἡ
3674 4700 3768 4752 τοῦ
3806 4700 3983 4767 Λόγου

2403 4797 2702 4861 ὑπόστασις
2739 4797 2799 4849 ἁεν
2826 4797 3053 4865 ,ρωπείᾳ
3100 4795 3259 4862 φύσει
3304 4794 3487 4862 ὴνώΘη
3536 4794 3846 4863 ἀτρέπτως.
3905 4794 3982 4844 Οὑ

2408 4885 2516 4953 μὴν
2545 4884 2659 4935 ἀλλ’
2700 4885 2784 4936 ὄτι
2831 4885 2983 4954 καὶὴ
3017 4884 3250 4953 τετάρτη
3289 4885 3418 4951 ἁγία
3457 4882 3673 4945 σύνοδος
3722 4882 3791 4933 τὰ
3830 4899 3984 4952 παρα

2404 4977 2672 5046 Κυρίλίου
2722 4978 2859 5047 πρὸς
2903 4978 3199 5048 Νεστόριον
3246 4977 3520 5048 γραφέντα
3557 4976 3625 5029 δι’
3666 4974 3850 5038 αἰδοῦς
3889 4977 3983 5049 καὶ

2402 5068 2677 5139 ἀποδοχῆς
2709 5069 3075 5141 ποιησαμένη,
3105 5072 3161 5121 έν
3188 5064 3269 5132 οἷς
3300 5071 3396 5139 οὐχ
3435 5068 3582 5134 ἅπαξ
3614 5068 3751 5122 ἀλλὰ
3778 5068 3874 5119 καὶ
3900 5068 3980 5127 δὶς

2404 5164 2498 5215 καὶ
2532 5164 2788 5234 τετράκις
2829 5168 2862 5234 ή
2912 5164 3035 5216 καθ’
3068 5165 3364 5217 ὑπόστασιν
3412 5164 3608 5225 ἐνωσις
3658 5161 3753 5213 τοῦ
3803 5161 3980 5226 Λόγου

726 5240 1042 5307 περιφανῶς
1068 5244 1421 5312 ἐκηρύττετο,
1444 5243 1513 5296 τὰ
1542 5243 1650 5296 τῶν
1673 5245 1967 5314 αίρετικῶν
1995 5250 2296 5320 ἐμφράττει
2337 5256 2601 5325 στόματα,
2639 5254 2720 5319 οἷς
2753 5257 2923 5327 αὐτὴν
2971 5258 3030 5309 οὑ
3077 5258 3292 5327 φρονεῖν
3338 5255 3459 5307 οὐδὲ
3489 5256 3590 5326 τὴν
3664 5252 3785 5308 καθ’
3850 5252 3971 5303 ὑπό-

727 5351 919 5388 στασιν
977 5334 1171 5387 ἐνωσιν
1246 5336 1669 5389 συνεπλάσαντο.
1718 5338 1826 5389 Καὶ
1892 5339 2080 5405 ἁπλῶς
2129 5343 2230 5396 ὃσα
2263 5344 2329 5397 ἂν
2367 5349 2644 5403 αἰτιᾶσθαι
2695 5351 2744 5402 οί
2804 5348 3091 5417 Ἀκέφαλοι
3152 5349 3245 5402 τὸν
3299 5347 3603 5418 θαυμάσιον
3660 5343 3982 5416 ἐπήρθησαν

726 5429 931 5483 Λέοντα
958 5431 1050 5483 καὶ
1070 5430 1172 5501 τὴν
1212 5432 1271 5485 ἐν
1302 5430 1606 5503 Καλχηδόνι
1636 5430 1889 5507 [401,Η.]
1924 5435 2087 5504 ἁγίαν
2158 5438 2424 5509 τετάρτην
2493 5442 2734 5507 σύνοδον,
2812 5444 3065 5515 συντόμῳ
3116 5442 3261 5513 λόγῳ
3305 5440 3400 5494 τοῦ
3460 5439 3785 5510 αίτιάματος
3842 5440 3979 5489 ἁπο-

2024 5580 2251 5636 νΑιιιλΕ
2308 5584 2713 5644 LECTIONES.

816 5731 861 5814 ³)
879 5748 939 5786 τε
970 5750 1031 5814 So
1109 5734 1154 5814 δ’
1183 5734 1389 5814 ὖτῖἀγτίξ
1420 5753 1478 5799 ς·
1561 5737 1603 5771 ³³
1640 5742 1996 5813 προϐάλλεται
2040 5761 2097 5808 ς’.
2176 5743 2217 5775 ⁸³
2247 5742 2541 5807 ἐξοπλίζων
2580 5762 2640 5809 ς.
2717 5744 2759 5777 ³⁸
2790 5743 3046 5814 οὐδεμίαν
3096 5760 3157 5808 ς’.
3232 5742 3277 5774 ³⁸
3305 5740 3605 5811 Χαλκηδόνι
3637 5756 3695 5804 ς’.
3794 5738 3836 5769 δ⁷
3878 5737 3978 5789 αὑ-

726 5800 796 5875 τὴ
823 5800 888 5857 Δ.
968 5802 1014 5836 ³⁸
1043 5805 1169 5868 τούς
1196 5806 1320 5861 add.
1354 5808 1418 5859 Λ.
