4208 6448
238 401 350 466 953

1246 413 1771 481 BIBLIOTHECA.
1802 446 1873 457 —
1897 422 2060 486 COD.
2100 426 2427 490 CCXXVII.

3367 440 3472 503 954

237 509 438 621 λύω-,νη
466 511 874 621 ἀναντίρρητοις
918 514 1160 621 έλέγχοις
1192 522 1343 621 ,τοὺς
1379 526 1726 621 ἐπηρεαστὰς
1753 530 2100 599 καταισχύνει
2130 535 2223 587 καὶ
2249 536 2486 591 δείκνυσι
2532 539 2733 608 μᾶλλον
2787 541 2982 606 αὐτοὺς
3015 545 3137 597 καθ’
3167 548 3374 603 ἑαυτῶν
3438 554 3471 620 ἢ

237 602 384 704 καθ’..
401 602 478 657 ὧν
514 607 881 676 παρετάξαντο
930 612 1023 664 καί
1078 615 1218 666 κατά
1266 616 1373 669 τῶν
1416 618 1586 685 ἁγίων
1638 621 1794 690 ἡμῶν
1842 622 2099 694 Πατέρων
2154 628 2185 698 ἢ
2225 630 2347 684 καθ’
2388 602 2544 701 ἡμῶν
2576 634 2810 704 πόλεμον
2843 602 3085 704 ἔχοντας.

309 695 477 801 (ibeo;
500 705 545 757 δ’
564 707 592 757 ὁ
614 707 671 757 ἐν
701 706 879 773 ἁγίοις
911 707 1165 775 Εὐλόγιος
1193 711 1565 782 πρεσϐυτέρου
1596 715 1804 785 βαθμὸν
1834 721 1881 776 Α

1834 721 1881 776 Α
1976 695 2239 779 Caeterum
2285 726 2374 780 hic
2409 695 2677 798 iﬁnlogins
2714 695 3192 783 ‘olimnsacerdotii
3250 737 3471 801 gradum

235 792 297 845 ὲν
332 792 630 866 Ἀντιοχείᾳ
667 797 791 866 ἔσχε
818 798 878 850 τὸ
906 799 1184 870 πρότερον,
1234 802 1327 855 καὶ
1355 804 1523 875 μονῆς
1557 807 1803 876 ἡγήσατο

235 888 338 957 τῆς
373 889 642 957 παναγίας
668 891 929 944 Θεοτόκου
964 892 1063 962 τῆς
1108 894 1407 967 λεγομένης
1435 897 1544 951 τῶν
1587 900 1811 953 Ἰουστι-

235 979 447 1035 νιανοῦ.
480 983 824 1036 Κατεϐάλετο
855 985 912 1037 δὲ
942 986 1033 1037 καὶ
1055 986 1249 1055 ἑτέρας
1282 989 1382 1042 οὐκ
1419 991 1631 1059 ἀγενεῖς
1662 1009 1807 1063 πρα-

235 1073 531 1141 γματείας.
582 1074 849 1145 Ὕστερον
903 1076 1085 1146 μέντοι
1138 1080 1233 1134 καὶ
1271 1082 1368 1151 τῆς
1400 1082 1810 1154 Ἀλεξανδρείας

236 1165 533 1237 ἀρχιερεὺς
566 1167 956 1238 ἐχρημάτισεν.

948 1264 1115 1318 ΣΚΖ’.

493 1353 605 1407 Τοῦ
648 1356 837 1411 αὐτοῦ
874 1360 1325 1426 στηλιτευτικὸς
1356 1364 1562 1431 λόγος.

313 1442 658 1516 Ἀνεγνώσθη
723 1446 879 1517 λόγος
937 1452 1341 1519 στηλιτευτικὺς
1385 1454 1479 1506 τοῦ
1538 1454 1701 1508 αὐτοῦ
1752 1458 1814 1509 ὲν

239 1535 421 1601 ἁγίοις
448 1536 639 1607 ἀνδρὸς
664 1539 808 1591 κατά
844 1540 942 1609 τῆς
970 1543 1345 1613 γεγενημένης
1381 1548 1494 1608 τοῖς
1528 1546 1813 1601 Θεοδοσία-

240 1631 357 1689 νοῖς
381 1644 441 1680 τε
466 1631 560 1682 καὶ
602 1629 643 1681 Γ
645 1631 874 1692 α’ίνίταις
921 1635 1037 1696 τοῖς
1087 1634 1269 1698 αὐτοῖς
1310 1636 1603 1705 ἀκεφάλοις
1646 1656 1815 1711 προσ-

242 1720 443 1787 καίρου
489 1720 750 1785 ἑνώσεως.
777 1716 935 1775 Οὗτοι
963 1723 1071 1793 γὰρ
1117 1725 1447 1796 διιστάμενοι
1483 1730 1619 1801 πρὸς
1655 1731 1814 1803 ἀλλή-

242 1810 373 1873 λους
413 1812 698 1883 πρότερον,
727 1814 952 1886 ὕστερον
974 1810 1048 1869 ὧν
1078 1818 1482 1890 ὐπερέθνησκον
1504 1822 1811 1891 δογμάτων,

243 1901 424 1955 ταῦτα
476 1904 763 1975 προδόντες
804 1905 1049 1975 ἀλλήλοις
1084 1910 1163 1970 είς
1202 1909 1467 1977 ἑνωτικήν
1502 1929 1625 1964 τινα
1680 1914 1816 1983 πρὸς

1908 811 2211 869 Antiochiae
2243 816 2434 870 habuit
2484 819 2739 884 primum.
2784 819 3058 887 aedemque
3115 821 3291 875 solum
3336 827 3468 876 rexit

1911 904 2261 959 sanctissima:
2299 907 2538 976 Deiparae
2592 923 2710 977 qua:
2753 907 3055 964 Justiniana
3107 926 3471 983 nuncupatur.

1910 998 2207 1066 Aggressus
2237 1008 2319 1053 est
2353 1010 2408 1053 et
2436 1000 2541 1052 alia
2571 1014 2677 1053 non
2725 1000 2977 1064 ignobilia
3015 1019 3221 1071 opera:
3258 1010 3477 1062 tandem

1909 1092 2070 1146 etiam
2102 1091 2443 1147 Alexandria:
2472 1092 2666 1162 praesul
2700 1096 3042 1149 renuntiatus
3076 1100 3200 1161 est.|

2541 1266 2842 1323 CCXXVII.

2190 1359 2401 1431 Eulogii
2436 1361 2672 1430 ejusdem
2701 1362 2951 1417 invectiva
2993 1365 3184 1415 oratio.

1986 1455 2147 1511 Lecta
2180 1466 2261 1511 est
2293 1457 2557 1511 invectiva
2586 1457 2828 1524 ejusdem
2865 1469 3057 1513 contra
3095 1458 3356 1512 unitatem
3386 1475 3477 1514 su-

1912 1550 2022 1603 bito
2046 1561 2285 1604 exortam
2323 1550 2464 1605 inter
2496 1549 2923 1615 Theodosianos,
2968 1543 3023 1604 et
3077 1549 3321 1605 Cainitas
3359 1566 3478 1605 ace-

1913 1642 2118 1710 phalos.
2150 1642 2212 1695 Hi
2236 1642 2378 1696 enim
2411 1642 2641 1707 primum
2684 1641 2824 1695 inter
2860 1656 2918 1694 se
2948 1656 3070 1694 cum
3108 1642 3476 1703 dissedissent,

1912 1737 2250 1804 postmodum
2274 1748 2336 1787 ea
2389 1748 2500 1800 quae
2529 1735 2595 1786 ad
2631 1747 2815 1785 necem
2842 1732 3200 1786 defendebant
3232 1733 3477 1800 dogmata

1914 1827 2144 1878 invicem
2176 1825 2469 1885 tradentes,
2506 1823 2559 1876 in
2606 1838 2785 1883 unam,
2820 1823 2910 1875 sed
2943 1824 3157 1874 brevem
3194 1821 3478 1888 quamdam

1916 1914 2292 1980 conspirarunt
2350 1912 2700 1979 impietatem.
2769 1910 2892 1963 Inde
2951 1912 3143 1964 iterum
3199 1908 3377 1963 refusa
3427 1912 3477 1961 in

242 1992 431 2060 ὀλίγον
460 1994 505 2027 ³⁸
562 1995 821 2050 ἀσέϐειαν
857 1997 1248 2067 συνεχύθησαν,
1294 2000 1505 2054 ἐκεῖθεν
1550 2002 1609 2055 δὲ
1653 2004 1815 2056 πάλιν
1844 2042 1887 2099 Β

1844 2042 1887 2099 Β
1916 2002 2148 2068 priorem
2208 2000 2532 2069 impietatem
2576 2015 2701 2068 pars
2738 2010 2995 2067 utraque,
3028 2000 3480 2053 discesseruntad

242 2086 612 2155 ἀναχυθέντες
643 2090 724 2149 εἰς
757 2088 857 2159 τὴν
890 2090 1159 2160 προτέραν
1196 2092 1453 2146 ἀσέϐειαν
1492 2095 1652 2166 μερὶς
1681 2096 1813 2150 ἑκασ-

244 2177 406 2243 τέρα.
468 2175 526 2240 ἐξ
567 2170 641 2230 ὧν
692 2178 1070 2250 συνεφύρησαν
1100 2221 1114 2244 ,
1158 2183 1508 2255 διῃρέθησαν.
1572 2186 1815 2258 Ἐλέγχει

244 2272 431 2322 τοίνυν
455 2271 514 2322 ἐν
543 2271 681 2341 τῷδε
706 2272 784 2343 τῷ
814 2274 1125 2345 βιϐλιδαρίῳ
1155 2277 1253 2347 τὴν
1278 2279 1593 2335 δυσσέϐειαν
1616 2284 1814 2349 αὐτῶν,

246 2363 346 2413 καὶ
382 2360 651 2416 δείκνυσιν
708 2365 899 2434 ὅτιπερ
936 2366 1033 2437 οὐχ
1069 2366 1143 2431 ὡς
1187 2370 1415 2435 ἐκείνοις
1451 2372 1628 2440 ἔδοξεν
1672 2376 1816 2429 οἰκο-

247 2452 447 2518 νομίαν
487 2452 533 2483 ⁸⁸
577 2453 760 2516 αὐτοῖς
793 2457 826 2525 ή
872 2454 1064 2518 ἓνωσις
1110 2458 1483 2528 ἐξειργάσατο,
1532 2462 1647 2516 ἀλλ’
1686 2464 1817 2534 ὅλης

248 2542 435 2593 αὐτῶν
481 2544 580 2611 τῆς
632 2544 865 2609 πίστεως
906 2548 1193 2617 προδοσίαν
1229 2551 1819 2626 ἑμεθώδευσε.Διαιρεϊ

246 2635 309 2687 δὲ
354 2635 448 2687 καὶ
493 2636 552 2688 τὸ
588 2637 690 2705 τῆς
743 2640 1049 2709 οἰκονομίας
1098 2637 1257 2705 εἶδος,
1298 2644 1434 2713 ὅπερ
1488 2648 1521 2716 ή
1557 2646 1648 2699 τοῦ
1681 2647 1817 2703 Θεοῦ

247 2724 393 2779 οἶδεν
433 2727 746 2797 Ἐκκλησία,
772 2731 922 2799 τρισὶ
964 2731 1264 2801 διαφοραῖς,
1300 2736 1391 2788 καὶ
1418 2736 1499 2799 ὡς
1545 2739 1686 2791 κατά
1714 2758 1818 2810 μη-

245 2819 449 2888 δεμίαν
486 2821 597 2873 τῶν
625 2821 793 2890 τριῶν
854 2823 1117 2893 προῆλθον
1156 2827 1341 2889 αὐτοῖς
1372 2828 1450 2890 εἰς
1478 2828 1578 2899 τὴν
1610 2847 1819 2900 συμπε-

249 2912 540 2984 φυρμένην
588 2914 865 2977 ἀσέϐειαν,
905 2918 1135 2968 ποιεῖται
1168 2917 1259 2969 τὸν
1308 2918 1550 2989 ἔλεγχον,
1604 2925 1660 2974 αἰ
1710 2922 1819 2975 τῶν

248 3001 513 3070 ἀκράτων
574 3004 755 3064 αὐτοῖς
803 3002 1224 3074 δυσσεϐημάτων
1300 3009 1521 3062 σπονδαί
1556 3009 1639 3075 ⁸⁸,
1703 3013 1819 3066 ἀλλ’

250 3090 358 3158 (ὡς
401 3090 633 3158 ἔφημεν)
685 3094 784 3161 τῆς
838 3091 970 3161 ὅλης
1020 3093 1197 3145 αὐτῶν
1238 3093 1534 3165 θρησκείας
1586 3098 1822 3169 ἑκατέρα

253 3180 419 3250 μερὶς
438 3181 524 3232 ἐπ’
547 3180 773 3249 ὀνόματι
801 3181 901 3249 τῆς
930 3181 1174 3245 ένώσεως
1222 3184 1510 3252 προδοσίαν
1539 3187 1633 3239 καὶ
1660 3186 1820 3258 ἐξάρ-

252 3288 417 3340 νησιν
436 3272 786 3341 διεπράξατο.
820 3272 932 3325 Καὶ
973 3273 1188 3341 πρῶτον
1232 3274 1330 3343 μέν
1359 3292 1524 3344 φησιν
1564 3276 1639 3339 ὡς
1666 3279 1695 3329 ὁ
1723 3280 1823 3348 τῆς

1914 2108 2008 2147 eas
2040 2107 2102 2146 ex
2134 2092 2330 2160 quibus
2374 2093 2425 2145 in
2459 2108 2621 2145 unum
2653 2092 2991 2156 coaluerant,
3030 2093 3332 2159 Opiniones.
3374 2092 3476 2146 Os-

1916 2184 2084 2237 tendit
2114 2183 2276 2252 igitur
2312 2184 2454 2253 quod
2484 2199 2588 2237 non
2620 2193 2678 2236 ut
2702 2183 2808 2237 illis
2840 2183 3015 2236 visum
3047 2192 3153 2247 est,
3178 2183 3305 2251 ipsis
3335 2197 3480 2236 (eco-

1916 2276 2150 2330 nomiam
2188 2275 2300 2344 (66)
2347 2290 2444 2330 sua
2496 2277 2673 2330 unitas
2714 2284 2932 2342 operata
2968 2284 3053 2329 est
3092 2292 3106 2329 :
3162 2275 3253 2328 sed
3304 2275 3480 2342 potius

1918 2364 2039 2418 fidei
2069 2365 2275 2419 illorum
2319 2366 2676 2432 proditionem
2722 2367 2987 2435 integram
3029 2366 3355 2434 propalavit.
3391 2365 3478 2418 Di-

1917 2456 2048 2509 vidit
2097 2466 2274 2509 autem
2320 2458 2635 2511 oeconomiae
2666 2458 2942 2525 speciem,
2980 2471 3140 2525 quam
3194 2456 3283 2509 Dei
3334 2458 3482 2510 novit

1920 2546 2153 2602 Ecclesia
2186 2547 2322 2619 (67),
2360 2548 2529 2602 tribus
2574 2547 2892 2601 dilferentiis
2940 2565 2953 2601 :
3007 2550 3285 2618 argnitque
3348 2563 3477 2601 cono

1919 2648 1999 2692 tra
2037 2640 2468 2707 conduplicatam
2499 2655 2685 2693 eorum
2716 2640 3073 2707 impietatem,
3106 2642 3250 2707 quod
3289 2654 3483 2693 secun-

1920 2733 2043 2783 dum
2068 2731 2261 2783 nullam
2294 2731 2452 2783 trium
2484 2731 2691 2783 illarum
2719 2736 3071 2799 procederent
3104 2732 3235 2783 inita
3264 2730 3331 2783 ab
3354 2730 3482 2798 ipsis

1922 2821 2243 2874 innnortalia
2302 2821 2592 2891 impietatis
2644 2821 2849 2875 fosdera
2898 2842 2910 2876 :
2970 2824 3063 2876 sed
3113 2832 3168 2876 nt
3218 2823 3477 2883 diximus,

1923 2910 2184 2962 universa:
2237 2924 2424 2963 eorum
2476 2911 2751 2979 religionis
2784 2923 3011 2979 utraque
3063 2928 3234 2979 pars;
3268 2912 3484 2964 nomine

1923 2999 2143 3052 unitatis
2200 3000 2555 3068 proditionem
2612 3002 3063 3071 negationemque
3127 3004 3479 3072 perpetravit.

1922 3091 1987 3145 Et
2034 3094 2209 3160 primo
2256 3094 2471 3161 quidem
2526 3094 2603 3147 ait
2637 3097 2778 3162 quod
2815 3098 3133 3152 oeconomia:
3184 3098 3321 3149 ratio
3378 3112 3483 3150 non

1922 3182 2111 3237 obvios
2132 3198 2374 3253 quosque
2398 3185 2471 3238 rei
2496 3185 2865 3253 speculatores
2893 3197 2946 3238 et
2968 3187 3201 3241 arbitros
3223 3188 3481 3249 admittit,

1924 3276 2017 3327 sed
2050 3274 2254 3329 Christi
2282 3277 2559 3330 ministros
2589 3286 2749 3345 atque
2782 3278 3187 3345 dispensatores
3212 3281 3487 3347 mysterio-

251 3362 574 3432 οἰκονομίας
622 3363 779 3430 λόγος
843 3364 904 3414 οὐ
953 3364 1021 3415 τὰ
1066 3364 1300 3432 τυχόντα
1355 3366 1464 3417 τῶν
1514 3366 1822 3436 προσώπων
1850 3384 1893 3442 c

1850 3384 1893 3442 (ς
1926 3381 2043 3420 rum
2087 3365 2179 3419 Dei
2227 3381 2281 3420 et
2321 3367 2515 3433 quibus
2567 3368 2951 3436 pontiﬁcalium
2995 3370 3309 3422 thronorum
3344 3368 3487 3437 leges

254 3455 507 3516 ἐπόπτας
536 3454 629 3507 καὶ
657 3453 937 3524 διαιτητάς
981 3453 1193 3517 καθίζει
1237 3456 1335 3523 τῆς
1367 3456 1636 3526 πράξεως,
1688 3459 1826 3512 ἀλλά

1823 3500 1826 3509 .
1926 3457 2293 3510 crediderunt.
2331 3458 2405 3510 De
2442 3457 2634 3526 quibus
2660 3459 2772 3526 jam
2802 3459 2942 3510 dicta
2970 3455 3197 3513 Cainitis
3222 3473 3283 3510 ac
3310 3455 3485 3509 Then-

253 3548 390 3609 τοὺς
441 3546 722 3617 ὑπηρέτας
782 3546 1019 3617 Χριστοῦ
1057 3549 1151 3600 καὶ
1203 3550 1522 3618 οἰκονόμους
1572 3550 1684 3603 τῶν
1731 3551 1826 3604 τοῦ

1824 3577 1826 3594 ι
1927 3550 2165 3604 dosianis
2194 3550 2373 3603 unitas
2407 3550 2675 3602 neminem
2712 3551 2947 3617 agnovit.
2975 3548 3119 3603 Sane
3143 3564 3209 3602 ex
3242 3558 3367 3603 tunc
3406 3549 3486 3601 di-

254 3639 401 3693 Θεοῦ
437 3639 772 3708 μυστηρίων,
803 3641 897 3691 καί
933 3635 1015 3702 οἷς
1044 3639 1152 3691 τῶν
1196 3640 1596 3709 ἀρχιερατικῶν
1624 3641 1828 3711 θρόνων

1822 3660 1828 3686 ν
1928 3647 2074 3693 recta
2114 3638 2178 3692 de
2232 3638 2345 3706 ipsa
2408 3638 2784 3690 incarnatione
2824 3638 2998 3689 oratio
3053 3637 3354 3701 inchoatur,
3397 3638 3484 3691 ubi

254 3733 313 3785 οἰ
359 3731 513 3801 νόμοι
546 3730 1068 3799 κατεπιστεύθησαν,
1102 3728 1229 3800 [772
1262 3729 1353 3800 R.]
1384 3724 1457 3782 ὧν
1487 3733 1520 3799 ἡ
1562 3731 1826 3802 λεγομένη

1822 3754 1826 3801 ι
1922 3728 2033 3797 jam
2069 3730 2259 3797 dogma
2298 3730 2513 3796 pietatis
2567 3743 2673 3781 non
2710 3728 2942 3782 laiditur.
2990 3727 3084 3779 Illo
3123 3729 3267 3781 enim
3308 3729 3484 3781 int-or-

253 3824 374 3877 τῶν
401 3822 664 3876 Γαῖνιτῶν
697 3822 794 3874 καί⁵
821 3821 1182 3874 Θεοδοσιανῶν
1208 3822 1400 3884 ἓνωσις
1423 3823 1613 3875 οὐδένα
1642 3824 1831 3890 ἐγίνω-

259 3932 419 3969 σκεν.
448 3915 677 3967 Ἔπειτα
708 3913 764 3966 δὲ
812 3914 931 3966 τότε
958 3914 1057 3976 τὰς
1087 3912 1396 3982 οἰκονομίας
1419 3916 1447 3967 ὁ
1481 3914 1637 3983 ὀρθὸς
1675 3914 1831 3983 λόγος

262 4007 731 4080 μεταχειρίζεται,
757 4006 843 4058 ὅτε
882 4004 944 4057 τὸ
994 4006 1170 4075 δόγμα
1203 4005 1305 4074 τῆς
1351 4006 1631 4069 εὐσεϐείας
1679 4007 1831 4060 οὐδὲν

258 4096 717 4166 παραϐλάπτεται
740 4110 754 4124 ’
795 4095 1001 4148 ἐκείνου
1034 4096 1143 4164 γὰρ
1184 4096 1459 4167 ἀκηράτου
1494 4099 1589 4150 καὶ
1616 4098 1835 4168 ἁκαπη-

260 4189 460 4242 λεύτου
507 4187 778 4256 μένοντος,
815 4188 847 4256 ἡ
894 4186 1175 4255 οἰκονομία
1213 4186 1341 4256 περί
1389 4204 1443 4238 τι
1475 4188 1584 4240 τῶν
1630 4188 1831 4255 ἔξωθεν

259 4279 436 4334 αὐτοῦ
479 4278 661 4347 χώραν
701 4278 945 4347 εὑρίσκει
971 4276 1016 4308 δ’
1049 4277 1422 4331 συνίστασθαι.
1467 4278 1733 4342 Πολλάκις
1772 4280 1832 4331 δέ

260 4389 350 4431 τις
372 4371 467 4421 κα)⁵
486 4370 818 4439 πρόσκαιρος
842 4369 1121 4437 οἰκονομία
1140 4368 1474 4438 προελήλυθε
1494 4371 1628 4439 πρὸς
1658 4369 1831 4440 βραχύ

261 4482 319 4515 τι
348 4463 457 4514 τῶν
502 4463 603 4514 οὐκ
640 4462 963 4529 ὀφειλόντων
998 4459 1341 4530 ἀνασχομένη
1382 4462 1477 4513 καὶ
1524 4460 1760 4527 στέξασα
1784 4461 1833 4491 ⁸³

262 4555 363 4609 ἐπὶ
395 4553 474 4622 τῷ
502 4554 547 4584 ⁸⁸
582 4553 827 4622 διηνεκὲς
858 4553 957 4621 μὲν
990 4553 1082 4603 καὶ
1108 4553 1406 4619 ἀκλόνητον
1427 4553 1523 4622 τὴν
1551 4553 1834 4607 εὐσέϐειαν

261 4642 566 4697 ἀπολαϐεῖν
614 4642 676 4695 τὸ
727 4643 963 4713 κράτος,
995 4642 1298 4696 ὐπεκλῦσαι
1335 4642 1392 4695 δὲ
1441 4645 1536 4697 καὶ
1589 4645 1689 4705 τὰς
1724 4644 1832 4696 τῶν

1928 3830 2089 3889 rupto
2110 3834 2174 3873 ac
2207 3821 2417 3875 sincero
2450 3830 2817 3889 permanente,
2845 3820 3149 3873 incarnatio
3184 3834 3286 3872 non
3315 3830 3491 3887 potest

1931 3914 2073 3967 circa
2108 3912 2309 3981 aliquid
2344 3923 2647 3978 externum,
2680 3912 2853 3965 eidem
2888 3912 2938 3965 in
2974 3926 3083 3980 quo
3123 3912 3275 3965 sistat
3304 3910 3482 3964 locun

1934 4007 2189 4076 reperire.
2216 4006 2596 4076 Saepenumero
2626 4003 2770 4058 enim
2796 4004 2971 4071 aliqua
2999 4003 3318 4071 temporaria
3344 4016 3491 4056 (nco-

1933 4101 2112 4156 nomia
2158 4100 2223 4153 ad
2255 4100 2416 4153 breve
2450 4107 2660 4166 tempus
2708 4096 2904 4164 prodiit
2949 4094 3147 4164 aliquid
3195 4095 3487 4147 indebitum

1936 4193 2172 4245 tolerans
2202 4199 2255 4243 et
2278 4188 2625 4254 amplectens,
2655 4196 2712 4239 ut
2755 4186 3068 4240 continuum
3116 4194 3169 4236 et
3213 4184 3492 4236 inconcus~

1933 4296 2051 4334 snm
2100 4282 2261 4334 robur
2322 4279 2489 4347 pietas
2547 4277 2838 4343 acciperet,
2888 4284 2941 4329 et
2994 4274 3059 4327 ad
3124 4273 3493 4327 dissolvendos

1934 4370 2128 4442 2w
2174 4386 2358 4425 eorum
2393 4370 2484 4440 qni
2540 4368 2752 4423 veritati
2790 4368 3188 4422 insidiabantur
3232 4366 3459 4419 insnltus

1934 4467 2024 4531 qui
2060 4462 2276 4529 quidem
2308 4474 2556 4527 magnam
2599 4458 2795 4511 illaturi
2834 4458 3129 4526 perniciem
3163 4458 3267 4509 lata
3299 4472 3492 4510 omnes

1935 4555 2019 4605 via
2060 4562 2471 4622 prorumpentes
2504 4550 2652 4619 (dum
2712 4550 2927 4602 interim
2976 4548 3228 4601 Ecclesia:
3256 4556 3493 4600 rectores

1936 4645 2005 4698 de
2063 4653 2314 4697 accurata
2366 4641 2593 4695 veritate
2648 4639 2782 4693 nihil
2845 4639 3133 4707 quidquam
3193 4638 3495 4692 remittuntt

266 4737 691 4806 σκευωρούντων
714 4736 856 4788 κατὰ
884 4738 983 4800 τῆς
1020 4736 1277 4804 ἀληθείας
1316 4736 1513 4805 ὁρμάς,
1552 4736 1607 4789 αἶ
1643 4736 1833 4789 πολλαὶ
1858 4714 1911 4774 D

1831 4777 1833 4787 ι
1858 4714 1911 4774 Ῑ)
1940 4749 2051 4789 rem
2082 4743 2245 4788 totam
2271 4735 2473 4801 absque
2505 4732 2871 4787 controversia
2896 4730 3215 4784 effecerunt.
3242 4728 3331 4781 Sic
3362 4727 3493 4780 Pan-

267 4832 572 4902 φερόμεναι
600 4834 665 4900 τῇ
710 4830 857 4900 ῥύμῃ
890 4830 1032 4899 μέγα
1057 4830 1103 4861 ⁸⁵
1150 4847 1202 4881 τι
1260 4829 1429 4881 κακὸν
1468 4829 1827 4899 ἐργάσασθαι,

274 4921 355 4990 μὴ
385 4921 523 4990 πρὸς
554 4919 725 4989 βραχύ
771 4936 823 4971 τι
860 4919 968 4971 τῶν
993 4919 1090 4989 τὴν
1128 4919 1453 4988 Ἐκκλησίαν
1485 4920 1830 4987 οἰκονομοῦν-

270 5030 386 5068 των
421 5013 826 5077 ὐπενδιδόντων,
857 5016 1115 5083 παρεῖχον
1138 5014 1198 5066 τὸ
1226 5013 1614 5082 ἀναμφίϐολον.
1647 5014 1833 5079 Οὕτως

351 5125 531 5179 'Psal.
570 5138 715 5188 τινι,
745 5123 797 5177 1.
872 5125 894 5154 ⁸
925 5124 1086 5179 Eccli.
1123 5140 1231 5189 xu,
1258 5125 1338 5178 l3.

1939 4826 2020 4879 lus
2053 4837 2269 4893 propter
2296 4822 2630 4877 inevitabiles
2661 4819 2966 4873 Judaeorum
3020 4820 3242 4873 insidias
3291 4830 3343 4872 et
3374 4834 3496 4885 pro-

1940 4930 2060 4988 pter
2092 4918 2406 4973 del'ectionis
2433 4917 2747 4970 occasiones
2766 4915 3106 4969 Timotheum
3138 4915 3492 4967 circumcidit.

1940 5011 2214 5067 Tondetur
2241 5020 2295 5065 et
2325 5011 2439 5077 ipse
2469 5016 2649 5077 caput,
2686 5018 2740 5062 et
2778 5006 3109 5076 puriﬁcatur,
3143 5006 3235 5075 qui
3279 5006 3344 5058 ad
3390 5005 3497 5057 Ga-

1538 5233 1771 5288 VARUE
1813 5231 2211 5289 LECTIONES.

350 5332 394 5401 ’ξ
427 5329 565 5398 πρὸς
589 5330 769 5401 ὀλίγον
797 5344 937 5401 corr.
966 5331 1009 5382 A
1043 5348 1057 5383 :
1093 5330 1196 5399 πρὸ
1234 5330 1433 5401 ὀλίγων
1466 5348 1525 5394 ς.
1600 5330 1646 5361 ⁸ο
1677 5329 2007 5401 οἰκονομίαν]
2038 5330 2109 5382 cf.
2138 5328 2278 5401 Elias
2310 5323 2545 5401 Veielius
2582 5322 2650 5377 de
2680 5322 2842 5401 variis
2871 5321 3183 5401 (econoinire
3210 5334 3376 5401 sacrm
3413 5336 3489 5401 ςι-

272 5396 519 5456 neribns.
580 5400 636 5471 ξι
656 5400 877 5471 σπονδαὶ
910 5416 1050 5453 corr.
1084 5396 1168 5452 Δὶ
1211 5396 1435 5452 σπουδαὶ
1470 5418 1529 5471 ς,
1589 5400 1632 5471 ⁸)
1671 5396 1934 5471 εὑρίσκει]
1973 5396 2070 5470 οὐχ
2097 5398 2338 5467 εὑρίσκει
2379 5410 2435 5449 rc
2462 5396 2505 5446 Α
2534 5400 2588 5447 et
2616 5410 2675 5457 ς.

576 5469 624 5501 ⁸⁸
643 5470 718 5539 τῷ
743 5470 980 5538 Scaliger
1012 5487 1025 5523 :
1062 5470 1179 5524 libri
1220 5471 1303 5524 τό.
1382 5471 1427 5501 ⁸⁵
1461 5468 1624 5539 μέγα]
1666 5472 1758 5523 κοιλ⁵
1790 5468 1933 5538 μέγα
1965 5473 2028 5523 Α.

268 5473 415 5539 ξασα
438 5487 500 5535 ς.

2769 5392 2815 5423 ’θ
2846 5393 2937 5445 καί
2964 5391 3193 5453 στέξασα
3225 5391 3269 5441 Α
3302 5406 3314 5441 :
3349 5396 3457 5452 στες
3479 5420 3501 5429 -

1744 5560 1973 5615 NOTAE.

350 5653 461 5733 ((ζίξ)
496 5652 920 5713 incarnationem
939 5669 1015 5709 sc.
1039 5656 1139 5708 hoc
1170 5653 1306 5717 loco,
1330 5653 1715 5707 incarnationis
1739 5667 1836 5705 es-

273 5734 627 5798 ροεμρριεειιι-

354 5792 465 5854 (ις-ι)
489 5792 659 5854 Quam
685 5791 827 5847 novit
852 5807 970 5847 esse
990 5791 1155 5847 divini
1176 5789 1331 5847 Verbi
1355 5790 1834 5860 dispcnsationcm,

1945 5667 2047 5719 qua
2082 5666 2185 5704 una
2223 5664 2352 5704 voce
2402 5646 2876 5719 comprehenditur
2905 5644 3150 5719 ejusdem
3184 5642 3347 5719 verbi
3384 5657 3501 5719 per»

1944 5712 2145 5775 sonalis
2189 5721 2374 5773 missio
2415 5712 2861 5773 seu‘incarnatio.
2897 5726 2951 5770 ct
2982 5713 3294 5771 doctrinalls
3338 5712 3503 5767 iusius

1944 5791 2248 5846 distributio
2273 5797 2434 5855 atque
2462 5783 2881 5840 administratio.
