4208 6448
746 397 852 457 955

1891 398 2150 456 ΙῚΙΟΤΙΙ
2182 398 2688 457 PATRIARCIL'E
2719 398 2829 458 (ΣΡ.

3880 396 3993 461 956

747 503 883 556 latas
919 502 1197 557 scribens:
1228 499 1360 554 Ecce
1381 517 1473 570 ego
1502 501 1699 555 Paulus
1731 504 1849 555 dico
1880 506 2329 569 vobis,quoniam.
2359 512 2400 565 Α

2430 507 2456 556 ό
2501 504 2710 564 Παῦλος
2739 503 2827 555 διά
2874 502 2971 566 τὰς
3024 502 3131 555 τῶν
3182 501 3446 555 Ἰουδαίων
3480 502 3818 565 ἀκαθέκτους
3866 504 3993 557 ἑπι-

746 596 791 646 si
834 594 1301 657 circumridamini,
1346 593 1584 646 Christus
1638 597 1776 647 vobis
1834 598 1960 647 nihil
2009 599 2238 663 proderit
2268 606 2315 648 τι.

749 684 856 735 Sed
923 682 1059 735 hanc
1113 684 1523 750 przeceptionem
1585 687 1649 737 ad
1702 690 1863 739 breve
1934 695 2145 752 tempus
2192 702 2319 739 con-

751 772 955 835 stituit,
988 772 1438 840 quemadmodum
1465 777 1963 841 etexperimentum
2000 776 2179 829 docet.
2218 775 2320 829 Per

752 862 930 915 Omnia
966 863 1109 916 enim
1161 874 1214 917 et
1264 874 1524 931 perpetuo
1563 866 1801 919 Ecolesia
1833 866 2125 920 seditiones
2157 866 2306 931 vitat,

752 970 808 1014 et
843 961 1204 1026 integritatem
1236 971 1415 1015 curat.

753 1055 953 1124 ταύτην
982 1056 1079 1123 μὲν
1118 1056 1216 1124 τὴν
1249 1056 1558 1124 οἰκονομίαν
1610 1056 1814 1126 βραχύς
1879 1074 1963 1119 τις
2006 1059 2194 1127 χρόνος

2427 595 2620 657 ϐουλὰς
2670 596 2764 647 καὶ
2819 596 2915 656 τὰς
2964 594 3099 663 πρὸς
3161 596 3261 664 τὴν
3307 596 3643 649 ἀποστασίαν
3696 596 3999 663 «paedoch

2426 688 2744 755 περιτέμνει
2780 687 2877 755 μὲν
2905 686 2995 737 τὸν
3018 687 3300 756 Τιμόθεον,
3332 688 3558 756 ξυρᾶται
3607 688 3663 739 δὲ
3713 689 3808 746 καὶ
3833 688 4000 749 αὐτὸς

2428 775 2524 844 τὴν
2569 775 2811 843 κεφαλὴν
2850 776 2943 827 καὶ
2992 776 3293 843 ἀγνίζεται,
3332 779 3360 828 ὁ
3392 779 3526 847 πρὸς
3583 777 3829 837 Γαλάτας
3856 778 3996 846 γρά-

2418 882 2552 930 φωψ
2606 863 2727 917 ἰδε
2764 866 2877 932 ἐγὼ
2920 867 3161 931 Παῦλος
3197 867 3351 936 λέγω
3386 868 3527 937 ὑμῖν
3565 868 3673 929 ὅτι,
3710 867 3788 920 ἂν
3818 884 3980 932 περι-

2412 962 2732 1028 τέμνησθε,
2759 962 3012 1029 Χριστὸς
3048 960 3203 1029 ὑμᾶς
3238 962 3418 1015 οὐδὲν
3449 962 3772 1030 ὠφελήσει.
3818 961 3978 1013 Ἀλλά

2275 1056 2583 1120 ἐπίσταται,
2658 1056 2803 1108 καθὰ
2822 1055 2868 1086 ⁸⁸
2929 1055 3055 1125 [402
3104 1054 3192 1125 IL]
3224 1056 3461 1108 διδάσκει
3499 1056 3593 1108 καὶ
3636 1055 3697 1107 τὸ
3732 1054 3995 1123 παράδει-

753 1164 871 1214 γμα
893 1165 905 1176 '
956 1147 1042 1199 διὰ
1084 1148 1283 1209 παντὸς
1335 1148 1391 1199 δὲ
1424 1151 1516 1200 καὶ
1552 1150 1726 1202 εἰσαεὶ
1763 1152 1796 1217 ὴ
1842 1149 2136 1219 Ἐκκλησία
2176 1149 2236 1201 τὸ
2282 1148 2645 1200 ἀστασίαστον
2682 1146 2977 1216 μεθοδεύει,
3007 1147 3102 1199 καὶ
3130 1148 3441 1215 ὁλόκληρον.

830 1243 1010 1293 Altera
1044 1256 1175 1293 vero
1206 1242 1611 1307 gubernationis
1661 1241 1835 1295 forma
1870 1242 1923 1293 in
1956 1244 2137 1295 verbis
2179 1241 2325 1308 capit

759 1330 1088 1383 ﬁrmitatem.
1110 1330 1334 1395 Quando
1352 1331 1491 1383 enim
1527 1331 1777 1385 Ecclesia:
1819 1332 2155 1400 dogmatibus
2183 1340 2326 1384 recte

760 1421 941 1485 lat-tis,
984 1432 1038 1475 et
1077 1437 1171 1487 per
1206 1423 1340 1475 alias
1379 1436 1537 1475 voces
1574 1423 1810 1476 scandali
1858 1422 2169 1491 expertibus
2202 1438 2326 1491 pro-

760 1512 1046 1581 mulgatas,
1080 1512 1291 1565 tametsi
1339 1528 1441 1567 non
1487 1513 1620 1568 bene
1667 1514 1793 1567 dicti
1840 1515 1974 1567 ﬁunt
2009 1525 2323 1582 przetextus,

761 1606 923 1655 taceri
967 1604 1077 1657 hzcc
1110 1606 1391 1671 contingit.
1425 1606 1523 1669 Qui
1560 1621 1688 1659 vero
1714 1622 1991 1660 sermones
2032 1623 2161 1661 suos
2210 1608 2323 1661 dis-

760 1696 911 1761 ponit
948 1696 997 1746 in
1024 1695 1230 1763 judicio
1261 1705 1313 1746 et
1350 1696 1583 1760 silentio,
1608 1712 1797 1750 somnn
1827 1700 2065 1766 priorum
2100 1700 2326 1768 dogma—

761 1793 873 1836 tum
902 1801 997 1853 per
1018 1801 1230 1839 omnem
1266 1797 1463 1839 terram
1495 1789 1671 1841 audiri
1700 1789 1847 1842 facit.
1874 1789 2117 1855 Qualiter
2139 1792 2328 1844 iecisse

762 1892 1012 1943 magnum
1038 1877 1386 1929 Athanasium
1410 1878 1701 1948 Gregorius
1726 1892 2082 1947 cognomento
2105 1882 2330 1935 Theolo-

760 1981 857 2034 gus
882 1975 1140 2019 testatur:
1170 1966 1478 2035 Postquam,
1500 1970 1691 2036 inquit,
1715 1972 2083 2022 consentientes
2110 1972 2322 2034 reperit,

757 2069 805 2109 et
834 2058 980 2108 verbo
1004 2057 1136 2108 nihil
1159 2058 1510 2125 discrepantes
1533 2075 1549 2109 :
1572 2062 1783 2112 nomina
1812 2063 1961 2113 rebus
1988 2063 2325 2113 commiscens
2354 2094 2400 2152 B

760 2148 993 2216 colligat.
1028 2148 1093 2201 Et
1113 2151 1356 2202 oratione
1390 2150 1439 2203 in
1467 2151 1805 2213 Pentecoste,
1836 2152 2145 2220 Magistrum
2172 2168 2326 2205 οιιιιι-

762 2240 882 2291 dem
940 2240 1129 2293 videas
1180 2242 1351 2308 ipsum
1408 2244 1743 2309 gubernandi
1798 2242 2023 2294 formam
2070 2245 2323 2296 vincere:

763 2328 865 2383 Sed
899 2332 1132 2400 syllabis,
1166 2332 1357 2399 inquit,
1404 2335 1730 2399 oﬂ'endimini
1764 2378 1777 2397 ,
1811 2348 1855 2386 et
1888 2351 2005 2387 voce
2030 2352 2047 2395 ;
2072 2335 2194 2388 date
2223 2338 2325 2388 vim

762 2420 1073 2485 divinitatis,
1097 2433 1145 2475 et
1172 2423 1411 2477 dabimus
1438 2427 1575 2477 vobis
1604 2429 1804 2479 reniant
1830 2429 1987 2479 vocis.

2494 1240 2567 1289 Τὸ
2600 1239 2656 1289 δὲ
2686 1239 2875 1309 ἓτερον
2900 1233 3037 1301 εἶδος
3076 1239 3174 1308 τῆς
3197 1238 3509 1307 οἰκονομίας
3535 1239 3661 1307 περὶ
3700 1238 3800 1299 τάς
3823 1238 4000 1301 λέξεις

2422 1329 2692 1398 λαμϐάνει
2717 1332 2817 1397 τὴν
2854 1330 3137 1383 σύστασιν.
3170 1330 3297 1381 Ὀτε
3330 1330 3457 1398 γὰρ,
3486 1329 3593 1381 τῶν
3624 1329 3722 1396 τῆς
3766 1329 3999 1397 Ἐκκλη-

2424 1423 2545 1483 σὶας
2570 1420 2856 1489 δογμάτων
2891 1420 3063 1491 ὀρθῶς
3095 1421 3327 1489 ἑχόντων
3367 1421 3461 1473 καὶ
3482 1420 3549 1472 δι’
3576 1420 3776 1490 ἑτέρων
3802 1420 4004 1486 φωνῶν

2422 1511 2968 1580 ἀνακηρυττομένων,
3017 1510 3238 1580 ῥήματά
3266 1527 3387 1562 τινα
3426 1513 3537 1573 τοῖς
3583 1512 4000 1581 ἀκεραιοτέροις

2431 1604 2730 1656 σκανδάλου
2787 1604 2891 1656 κᾶν
2950 1604 3049 1655 οὐκ
3103 1602 3316 1669 εὕλογοι
3376 1603 3629 1671 γίνωνται
3680 1606 4002 1671 προφάσεις,

2430 1693 2851 1747 ἀποσιωπᾶσθαι
2902 1693 3321 1761 συγκαταϐαίνει
3367 1692 3560 1748 ταῦτα.
3607 1695 3666 1745 '0
3694 1695 3751 1749 δὲ
3782 1696 3825 1725 ⁸⁷
3875 1696 4003 1755 τοὺς

2432 1787 2623 1853 λόγους
2665 1786 2829 1838 αὐτοῦ
2875 1785 3175 1851 οἰκονομῶν
3217 1786 3273 1836 ὲν
3316 1786 3491 1854 κρίσει
3525 1786 3619 1839 καὶ
3666 1789 3868 1855 σιωπῇ,
3895 1787 4006 1838 τῶν

2435 1877 2674 1929 εὐσεϐῶν
2708 1877 2995 1944 δογμάτων
3028 1877 3119 1928 τὸν
3160 1876 3397 1944 φθόγγον
3447 1878 3526 1938 εἰς
3563 1879 3745 1929 πᾶσαν
3788 1878 3887 1947 τὴν
3927 1879 4005 1928 οἰ-

2437 1968 2709 2037 κουμένην
2764 1967 3167 2039 περιηχηθῆναι
3222 1969 3841 2038 καταπραγματεύεται.
3901 1962 4006 2019 Οἷα

2431 2059 2496 2128 δὴ
2514 2059 2561 2089 ⁸⁸
2592 2059 2799 2112 καὶτὸν
2826 2060 2999 2128 μέγαν
3029 2058 3344 2113 Ἀθανάσιον
3372 2060 3399 2111 δ
3428 2060 3675 2127 θεολόγος
3705 2060 4009 2130 Γρηγόριος

2434 2150 2772 2217 πεποιηκότα
2806 2150 3198 2202 ἐπιδείκνυσινο
3241 2148 3481 2215 Ἐπειδὴ
3510 2151 3641 2217 γὰρ,
3680 2152 4008 2217 φησὶ,συμο

2432 2242 2803 2311 φρονοῦντας
2833 2238 2971 2309 εὗρε
3010 2241 3109 2294 καί
3140 2241 3319 2294 οὐδὲν
3346 2241 3667 2304 διεστῶτας
3710 2240 3863 2293 κατὰ
3903 2241 4011 2292 τὸν

2430 2338 2647 2403 λόγον,
2713 2337 2786 2389 τὰ
2843 2336 3104 2403 ὀνόματα
3152 2337 3562 2406 συγχωρήσας
3616 2333 3834 2387 συνδεῖ
3885 2334 4012 2397 τοῖς

2432 2426 2753 2493 πράγμασι.
2792 2427 2902 2479 Καὶ
2938 2428 2996 2478 ὲν
3028 2429 3094 2495 τῇ
3131 2427 3478 2494 Πεντηκοστῇ
3504 2426 3562 2477 δὲ
3607 2426 3768 2476 πάλιν
3798 2424 3892 2475 τὸν
3920 2425 4013 2475 αὐ-

762 2516 854 2569 τὸν
897 2518 1211 2570 διδάσκαλον
1262 2520 1392 2581 ἴδοις
1441 2522 1506 2573 ἂν
1545 2524 1642 2591 τῆς
1690 2523 1861 2590 αὐτῆς
1908 2522 2219 2589 οἰκονομίας
2299 2521 2360 2572 τὸ
2396 2516 2533 2583 εἶδος
2582 2521 2913 2589 κρατύνοντα
2932 2521 3008 2553 ⁸⁸·
3061 2520 3238 2575 Ἀλλὰ
3288 2522 3415 2585 ταῖς
3456 2520 3811 2585 συλλαϐαῖς,
3856 2524 4013 2587 φησὶ,

763 2613 1210 2679 δυσχεραίνετε,
1256 2613 1355 2664 καί
1406 2618 1802 2678 προσπταίετε
1844 2615 1918 2680 τῇ
1966 2614 2154 2683 φωνῇ.
2197 2615 2336 2667 Δότε
2373 2612 2489 2679 τὴν
2541 2613 2797 2682 δύναμιν
2830 2614 2940 2683 τῆς
2985 2617 3263 2680 θεότητος
3288 2653 3303 2676 ,

763 2704 875 2771 τῆς
907 2704 1112 2771 φωνῆς
1146 2705 1259 2770 τὴν
1289 2707 1696 2773 συγχώρησιν.

838 2799 899 2851 Et
930 2800 1143 2852 tertiam
1183 2800 1256 2852 ait
1289 2815 1411 2853 esse
1456 2802 1788 2867 gubernandi
1834 2804 2087 2864 formam,
2116 2804 2334 2870 quando

762 2906 907 2958 saepe
950 2906 1195 2958 persona:
1238 2891 1563 2956 despiciunt,
1615 2893 2008 2960 promulgatum
2055 2894 2331 2946 decretum

766 2990 1013 3033 accurate
1054 2990 1239 3033 contra
1297 2980 1417 3033 illos
1484 2982 1930 3046 pronuntiatum,
1977 2983 2334 3035 nihilominus

771 3082 919 3122 recta
972 3072 1295 3136 prmvalente
1336 3071 1599 3123 doctrina.
1650 3072 1956 3124 Secundum
2005 3088 2192 3139 quam,
2233 3074 2331 3136 ait,

765 3162 1120 3213 (economiam
1157 3160 1491 3230 Theophilus
1528 3180 1650 3216 cum
1684 3163 1902 3216 Gelasio
1943 3164 2329 3227 communicat,

766 3252 819 3304 in
850 3253 1041 3305 tabulis
1073 3254 1302 3306 habente
1351 3254 1607 3323 scriptum
1644 3253 1927 3307 Eusebium
1968 3252 2330 3306 Palaestinum.

763 3343 999 3410 Cyrillus
1032 3360 1157 3395 vero
1187 3362 1213 3395 a
1246 3343 1518 3397 Theodori
1556 3345 1894 3411 Mopsuestia:
1940 3345 2207 3412 episcopi,
2235 3359 2331 3410 per

3377 2614 3475 2666 καί
3547 2613 3815 2681 δώσομεν
3869 2611 4014 2682 ὑμῖν

2515 2799 2625 2849 Καὶ
2655 2796 2841 2865 τρίτον
2877 2796 2932 2847 δέ
2962 2812 3095 2863 φησι
3135 2797 3335 2863 τρόπον
3364 2794 3697 2863 οἰκονομίας,
3730 2794 3820 2846 ὅτε
3865 2811 4011 2863 παρ-

2438 2889 2674 2958 ορῶνται
2721 2887 2986 2955 πρόσωπα
3031 2884 3291 2946 πολλάκις
3332 2886 3671 2953 έκκήρυκτον
3701 2886 3885 2953 ψῆφον
3913 2888 4014 2955 τῆς

2441 2976 2731 3046 ἀκριϐείας
2752 2976 2873 3027 κατ’
2897 2974 3074 3027 αὐτῶν
3096 2975 3596 3045 ἁνακηρυττούσης,
3616 2975 3767 3027 οὐδὲν
3791 2977 4017 3031 ἔλαττον

2437 3070 2546 3121 τῶν
2577 3067 2754 3138 ὀρθῶν
2776 3065 3193 3135 κρατυνομένων
3220 3066 3525 3134 δογμάτων.
3544 3067 3679 3119 Καθ’
3707 3069 3794 3135 ἢν,
3820 3070 4012 3135 φησὶν,

2438 3158 2755 3227 οἰκονομίαν
2786 3157 3045 3223 Θεόφιλος
3081 3156 3179 3223 μὲν
3211 3156 3286 3223 τῷ
3317 3156 3355 3207 Γ
3359 3156 3555 3225 ελασίῳ
3589 3158 3890 3219 ἐκοινώνει,
3919 3162 4013 3227 έγ-

2440 3250 2828 3319 γεγραμμένον
2855 3248 3033 3315 έχοντι
3058 3250 3172 3308 τοῖς
3200 3248 3365 3316 ἱεροῖς
3389 3248 3667 3317 διπτύχοις
3692 3250 3781 3300 τὸν
3809 3252 4019 3305 Παλαιο

2442 3345 2618 3393 στῖνον
2652 3342 2699 3371 ⁸⁸
2756 3340 3048 3402 Εὐσέϐιον,
3096 3340 3362 3408 Κύριλλος
3391 3341 3446 3391 δὲ
3492 3340 3586 3392 τοῦ
3636 3342 4016 3409 Μοψουεστίας

766 3434 1042 3487 Orientem
1076 3436 1263 3489 eodem
1288 3437 1449 3489 modo
1478 3438 1670 3489 iterum
1696 3438 2037 3490 anathemate
2062 3438 2325 3504 percussi,
2357 3420 2399 3477 (ἶ

2432 3433 2737 3502 Θεοδώρου,
2770 3432 2913 3485 κατὰ
2944 3433 3042 3501 τὴν
3079 3432 3219 3501 ἑῴαν
3270 3433 3530 3496 ὡσαύτως
3564 3438 4015 3504 ἀνακηρυττομέ-

763 3526 1145 3579 comnunione
1186 3542 1289 3580 non
1324 3528 1601 3579 abstinuit.
1656 3528 1881 3580 Videbat
1918 3528 2061 3579 enim
2089 3527 2326 3581 sinceris

765 3616 1109 3682 dogmatibus
1140 3618 1341 3670 servari
1394 3618 1692 3685 prtecipuos
1738 3617 2016 3683 religionis
2047 3616 2325 3669 articulos.

765 3709 843 3759 Ad
869 3707 995 3759 illud
1024 3709 1167 3759 enim
1201 3722 1370 3775 usque
1396 3717 1606 3773 tempus
1635 3723 1765 3760 sana
1801 3709 2041 3760 doctrina
2071 3708 2325 3766 obtinuit,

766 3814 939 3866 neque
968 3799 1231 3853 hactenus
1253 3800 1525 3868 quidpiam
1551 3800 1808 3854 Ecclesia:
1831 3801 2143 3868 dogmatum
2175 3801 2331 3853 inno-

764 3900 972 3943 vatum.

836 3978 1029 4049 245a
1085 3979 1217 4034 Tres
1268 3980 1428 4049 igitur
1474 3981 1524 4034 in
1564 3993 1747 4049 partes
1794 3986 2151 4037 mconomiam
2188 3985 2327 4038 divi-

764 4068 918 4131 dens,
950 4078 1003 4122 et
1030 4071 1323 4123 secundum
1354 4073 1550 4124 nullam
1584 4072 2081 4128 Theodosianorum
2119 4086 2173 4128 et
2205 4076 2331 4129 Cai-

764 4161 997 4213 nitarum
1034 4163 1290 4217 unitatem
1314 4167 1604 4231 procedere
1636 4166 2033 4231 demonstrans,
2066 4169 2118 4220 in
2150 4168 2331 4235 prodi-

766 4248 963 4301 tionem
998 4252 1303 4313 conclusos,
1324 4254 1559 4322 singulas
1579 4267 1763 4323 partes
1790 4257 2019 4323 pr0pri:e
2045 4257 2323 4325 religionis

765 4339 1063 4403 constituit,
1111 4350 1164 4392 et
1198 4341 1385 4395 nullibi
1423 4345 1655 4409 stetisse,
1693 4347 1786 4399 sed
1826 4345 2108 4408 confusos,
2140 4362 2327 4400 rursus

767 4426 834 4477 ab
864 4428 1089 4481 invicem
1120 4429 1357 4484 divulsos
1386 4447 1527 4497 esse,
1563 4445 1619 4488 et
1662 4445 1900 4488 mutuum
1934 4438 2169 4503 gessisse
2212 4436 2325 4487 bel-

765 4515 895 4569 lum.
931 4517 1053 4571 Haec
1070 4528 1121 4573 et
1145 4521 1225 4574 his
1255 4522 1453 4575 similia
1484 4526 1907 4592 reprehendens,
1930 4527 2325 4594 Acephalormn

764 4624 923 4675 quam
964 4611 1144 4663 dicunt
1183 4612 1440 4666 unitatem
1472 4615 1738 4679 referens,
1772 4631 1867 4684 per
1910 4617 2015 4668 alia
2054 4618 2217 4669 multa
2246 4617 2327 4669 di-

766 4698 941 4750 lucide
969 4701 1221 4754 ostendit.
1254 4702 1465 4756 Nullum
1501 4705 1569 4757 ab
1606 4706 1671 4759 iis
1726 4707 2110 4760 incarnationis
2160 4708 2325 4761 vesti-

766 4791 908 4857 gium
947 4790 1211 4863 relictum,
1256 4796 1350 4848 sed
1383 4798 1663 4851 manifesta
1714 4798 1950 4866 proditio
1996 4808 2051 4853 et
2094 4801 2327 4867 negatio,

764 4896 863 4949 pro
886 4882 1078 4948 quibus
1100 4885 1292 4939 millies
1313 4902 1371 4940 se
1394 4898 1619 4941 mortem
1641 4898 1894 4957 oppetere
1915 4890 2046 4943 velle
2062 4890 2321 4957 jactabat.

764 4968 855 5022 Sic
885 4970 997 5025 lere
1023 4974 1088 5028 de
1126 4976 1407 5044 Acepbalis
1438 4978 1538 5032 hoc
1569 4981 1684 5047 ipso
1713 4979 1895 5033 libello
1924 4991 2239 5049 pertractat.

829 5146 1218 5220 Complectitur
1238 5164 1417 5208 autem
1476 5172 1608 5224 opus
1637 5158 1923 5223 epistolam
1952 5174 2167 5230 quoque
2191 5162 2326 5215 scri-

759 5254 905 5307 piam
960 5240 1227 5311 Eutychio
1276 5245 1684 5314 archiepiscopo
1710 5247 2322 5319 Constantinopolitano,

760 5345 923 5396 quam
969 5334 1263 5387 etiamnum
1318 5338 1598 5406 presbyter
1641 5340 1882 5407 scripsit,
1938 5342 2320 5396 certitudinem

762 5420 1130 5477 continentem
1172 5426 1389 5493 pietatis
1422 5437 1477 5481 et
1513 5428 1633 5483 lidei
1668 5432 1982 5484 orthodoxae
2027 5445 2090 5485 ac
2137 5432 2325 5486 catho-

762 5509 902 5565 licaa.

826 5631 853 5671 ς
880 5624 1051 5681 Galat.
1085 5645 1136 5691 v,
1168 5629 1223 5682 Ξ.

2438 3542 2554 3587 νου,
2586 3526 2685 3591 τῆς
2714 3524 2997 3585 κοινωνίας
3026 3524 3125 3575 οὐκ
3161 3524 3426 3592 ἀφίστατο
3446 3541 3459 3555 ο
3489 3525 3634 3593 ἐώρα
3666 3527 3776 3595 γάρ
3801 3528 4015 3596 ἀχηρά-

2436 3632 2548 3677 τοις
2594 3614 2879 3681 σωζόμενα
2932 3616 3167 3683 δόγμασι
3200 3616 3269 3667 τὰ
3310 3616 3407 3682 τῆς
3450 3617 3731 3679 εὐσεϐείας
3783 3618 4013 3686 καιριώ-

2432 3723 2570 3758 τατα
2590 3706 2657 3757 ³³.
2692 3707 2871 3775 Μέχρι
2905 3706 3013 3776 γὰρ
3038 3705 3230 3757 τούτου
3262 3705 3327 3757 τά
3347 3706 3447 3774 τῆς
3474 3708 3785 3776 οἰκονομίας
3807 3710 3835 3759 ὁ
3856 3709 4017 3777 ὀρθὸς

2431 3796 2597 3865 λόγος
2638 3799 2909 3867 ἀνέχεται,
2945 3798 3136 3866 μέχρις
3168 3798 3234 3849 ἂν
3261 3797 3413 3851 οὐδὲν
3470 3802 3871 3867 καινοτομεῖται
3906 3802 4018 3851 τῶν

2433 3890 2532 3957 τῆς
2573 3888 2901 3957 Ἐκκλησίας
2934 3889 3239 3957 δογμάτων.

2502 3979 2674 4048 Τριχῆ
2698 3979 2875 4030 τοίνυν
2895 3978 2992 4048 τὴν
3013 3980 3323 4047 οἰκονομίαν
3348 3979 3559 4041 διελὼν,
3588 3981 3681 4031 καὶ
3712 3980 3835 4031 κατ’
3861 3981 4017 4032 οὐδε-

2435 4070 2562 4138 μίαν
2587 4069 2767 4120 αὐτῶν
2792 4069 2890 4139 τὴν
2910 4069 3015 4121 τῶν
3041 4070 3405 4122 Θεοδοσιανῶν
3428 4072 3522 4122 καί
3543 4071 3797 4122 Γαῐνιτῶν
3821 4073 4020 4137 προελ-

2431 4162 2542 4213 θεῖν
2560 4159 2964 4229 ἐπιδειξάμενος
2988 4160 3200 4225 ἓνωσιν,
3222 4163 3300 4222 εἰς
3322 4161 3608 4231 προδοσίαν
3630 4161 4016 4227 συγκλεισθέν-

2429 4271 2526 4314 τας
2547 4252 2804 4321 ἑκάτερον
2830 4252 2995 4321 μέρος
3016 4253 3114 4321 τῆς
3135 4252 3339 4312 οἰκείας
3362 4251 3654 4321 θρησκείας
3677 4252 4014 4321 παρέστησε,

2430 4345 2523 4395 καὶ
2567 4343 2761 4411 στῆναι
2808 4342 2908 4411 μὲν
2940 4342 3177 4411 οὐδαμοῦ
3203 4382 3217 4406 ,
3263 4343 3397 4395 ἀλλά
3440 4342 3808 4410 συγχυθέντας
3850 4345 4016 4395 πάλιν

2428 4434 2522 4486 ἀπ’
2564 4434 2811 4502 ἀλλήλων
2846 4434 3209 4503 διαρραγῆναι
3259 4436 3352 4486 καὶ
3392 4436 3511 4487 κατ’
3545 4433 3790 4503 ἀλλήλων
3827 4435 4016 4502 φέρειν

2428 4526 2519 4577 τὸν
2552 4526 2809 4594 πόλεμον.
2860 4524 3044 4577 Ταῦτα
3076 4526 3171 4577 καὶ
3198 4526 3422 4578 τοιαῦτα
3454 4527 3636 4595 ἕτερα,
3678 4526 4013 4592 στηλιτεύων

2427 4618 2528 4686 τὴν
2552 4615 2660 4667 τῶν
2690 4616 3000 4683 Ἀκεφάλων
3026 4617 3555 4685 λεγομέηνιὲνωσιν,
3590 4616 3897 4681 διεξελθὼν,
3929 4619 4018 4670 διὰ

2352 4748 2405 4807 D
2434 4707 2692 4759 πλειόνων
2744 4706 2918 4759 ἄλλων
2965 4708 3213 4779 ἐναργῶς
3266 4707 3576 4772 ἐπεδείξατο
3620 4706 3747 4778 [7⁸15
3796 4707 3889 4777 IL]
3940 4710 4016 4771 ὡς

2431 4798 2581 4851 οὐδὲν
2618 4798 2801 4861 αὐτοῖς
2834 4798 2977 4867 ῐχνος
3008 4799 3318 4867 οἰκονομίας
3369 4799 3816 4868 διαπέπρακται,
3879 4801 4017 4852 ἀλλὰ

2434 4890 2610 4959 σαφὴς
2639 4890 2898 4959 προδοσία
2916 4890 3006 4943 καὶ
3022 4891 3329 4960 έξάρνησις,
3352 4890 3491 4960 ὑπὲρ
3529 4884 3604 4943 ὧν
3624 4892 3888 4961 πρότερον
3920 4912 4015 4961 μυ-

2431 4983 2614 5052 ριάκις
2640 4981 2888 5033 ὑπελθεῖν
2917 4981 3006 5033 τὸν
3030 4981 3254 5034 θάνατον
3279 4981 3612 5035 διετείνοντο.
3641 4982 3797 5035 Οὕτω
3827 4984 3928 5050 μὲν
3950 4990 4017 5035 τά

2434 5072 2561 5139 περὶ
2587 5071 2695 5124 τῶν
2728 5073 3037 5140 ’Λκεφάλων
3058 5073 3115 5123 ἐν
3137 5072 3213 5141 τῷ
3231 5072 3540 5141 βιϐλιδαρίῳ
3569 5073 3743 5142 τούτῳ
3775 5073 4015 5136 διέξεισι.

2503 5165 2750 5232 Περιεῖχε
2798 5164 2853 5215 δὲ
2896 5164 2956 5214 τὺ
3002 5163 3190 5233 τεῦχος
3235 5165 3329 5215 καὶ
3368 5162 3657 5233 ἐπιστολὴν
3707 5164 3873 5215 αὐτοῦ
3924 5182 4017 5231 γε-

2430 5257 2756 5326 γραμμένην
2801 5256 3047 5327 Εὐτυχίῳ
3083 5256 3160 5325 τῷ
3200 5256 3616 5326 ἀρχιεπισκόπῳ
3664 5256 4018 5307 Κωνσταντιο

2432 5346 2766 5410 νουπόλεως,
2811 5347 2878 5417 ἢν
2919 5347 3157 5419 ἔγραψεν
3188 5350 3245 5399 έν
3284 5349 3668 5419 πρεσϐυτέροις
3704 5346 3782 5398 ἔτι
3824 5346 4017 5408 τελῶν,

2437 5438 2809 5510 πληροφορίαν
2848 5440 3209 5509 περιέχουσαν
3253 5440 3350 5507 τῆς
3390 5440 3668 5510 ὀρθοδόξου
3715 5439 3810 5492 καὶ
3853 5437 4014 5491 καθο-

2439 5526 2593 5597 λικῆς
2626 5529 2909 5593 εὐσεϐείας
2947 5533 3039 5585 καὶ
3065 5531 3318 5593 πίστεως.

2066 5731 2292 5786 VARI/li
2333 5732 2731 5789 LECTIONES.

837 5811 881 5843 "‘
916 5814 1047 5867 καθὸ
1074 5832 1129 5878 ς.
1222 5820 1257 5849 δ’
1300 5819 1351 5870 δὲ
1386 5835 1490 5874 om.
1515 5822 1573 5874 Δ.
1660 5823 1695 5853 δ*
1728 5822 1789 5893 δη
1814 5826 1855 5877 .\
1902 5868 1905 5871 ,
1949 5826 1999 5877 ὁ;
2030 5843 2085 5889 ς.

2168 5828 2209 5860 ⁸³
2242 5829 2568 5897 κρατύνοντσ
2598 5830 2657 5884 τὸ
2702 5830 2835 5893 εἶδος
2858 5848 2915 5895 ς.

2994 5834 3037 5865 ⁸⁰
3075 5833 3370 5887 [Isthmi-Iov
3400 5851 3454 5899 ς.
3537 5836 3577 5866 δι
3607 5836 3909 5904 κυριώτατα.
3940 5854 3998 5901 ς,
