4208 6448
734 407 839 470 959

1877 401 2134 461 ΡΙΙΟΤΙΙ
2170 398 2672 458 ΡΛΤΒΙΛΒΟΙΗΕ
2703 399 2812 459 CP.

3862 408 3972 471 960

732 517 946 585 quando
983 512 1287 568 Cherubma
1323 513 1503 566 cantio
1542 514 1594 565 in
1623 512 1818 579 triplici
1848 528 1982 566 sono
2011 510 2287 565 sanctitati
2320 518 2362 571 Α

2396 509 2600 577 μεγάλη
2654 510 2859 575 γίνεται
2926 512 3065 564 κατά
3132 512 3233 582 τῆς
3286 511 3567 576 εὐσεϐείας
3631 517 3974 586 καταδρομὴ,

731 610 998 660 accedens
1048 607 1115 657 ab
1162 606 1335 665 initio,
1385 621 1542 672 super
1580 622 1793 658 onmem
1850 608 2195 661 sanctitatem
2237 614 2291 657 et

732 701 1024 753 bonitatem
1070 698 1350 749 Trinitatis
1380 706 1571 750 cantus
1617 713 1737 751 esse
1768 699 2137 765 cognoscitur.
2185 696 2289 749 Sed

738 793 852 843 sive
883 792 1017 843 bene
1053 805 1147 841 seu
1178 803 1335 840 secus
1364 790 1430 840 de
1462 786 1706 855 'l'risagio
1735 789 1819 839 hic
1851 789 1925 839 sic
1953 789 2181 855 judicat,
2217 786 2294 837 fa-

729 883 832 935 cile
899 884 1042 936 enim
1073 881 1289 934 occasio
1352 880 1451 948 ipsi
1510 882 1579 932 ita
1637 880 1914 945 judicandi
1969 888 2291 947 praatcxtum

729 975 899 1037 dedit,
932 990 1034 1027 non
1070 989 1283 1041 possum
1311 974 1558 1040 equidem
1585 987 1728 1024 nunc
1766 973 1831 1026 ile
1870 972 2035 1024 altera
2068 981 2290 1023 senten-

731 1064 801 1115 tia
852 1075 1058 1117 certum
1111 1062 1249 1115 ferre
1280 1064 1547 1130 judicium
1591 1082 1603 1115 :
1643 1064 1743 1116 nisi
1793 1065 1933 1130 quod
1986 1077 2090 1115 non
2141 1061 2290 1123 sinit,

729 1153 1129 1209 Scholasticnm
1159 1156 1477 1218 admonens,
1524 1154 1593 1209 ab
1634 1155 1885 1209 Ecclesia:
1915 1169 2140 1221 corpore
2187 1168 2290 1204 non

729 1245 995 1311 separari.

2388 601 2607 661 εἰκότως
2638 602 2686 651 οί
2726 600 2874 652 ἄλλοι
2922 603 3165 673 Πατέρες
3195 604 3352 673 ἡμῶν
3380 604 3659 667 παντελῶς
3701 609 3978 675 περιεῖλον

2391 694 2451 743 τὸ
2490 694 2617 761 [77b
2660 692 2752 761 IL]
2796 695 2868 762 μὴ
2923 695 3033 745 δεῖν
3081 697 3418 764 προσάπτειν
3470 699 3528 748 tv
3573 701 3638 765 τῇ
3696 698 3980 767 Τρισαγίῳ

2388 784 2664 853 δοξολογίᾳ
2710 787 2769 837 τὸ
2814 786 2867 836 Ὀ
2917 790 3282 854 σταυρωθεὶς
3324 790 3413 842 δι’
3465 789 3657 855 ἡμᾶς·
3723 792 3825 858 τῆς
3870 794 3982 859 γὰρ

2391 875 2674 942 τριαδικῆς
2729 877 3008 943 θεολογίας
3068 877 3235 946 ῦμνον
3288 876 3427 933 εἶναι
3479 881 3539 933 τὺ
3589 881 3929 951 δοξολόγημα
3963 924 3979 946 ,

2396 967 2519 1018 ἐπεὶ
2559 970 2650 1018 καὶ
2688 970 2716 1020 ό
2750 970 3081 1037 Χερουϐικδς
3124 969 3295 1039 ὕμνος
3327 974 3384 1023 ἑν
3423 975 3489 1043 τῇ
3530 974 3790 1043 Τριαδικῇ
3826 979 3981 1043 φωνῇ

2396 1060 2494 1125 τῆς
2547 1059 2829 1126 ἁγιότητος
2873 1062 3276 1130 προερχόμενος
3321 1063 3415 1115 ἀπ’
3461 1064 3637 1131 ἀρχῆς
3686 1066 3785 1131 τῆς
3838 1065 3981 1134 ὑπὲρ

2401 1152 2579 1204 πᾶσαν
2621 1154 2882 1222 ἀγιότητα
2926 1157 3019 1207 καὶ
3058 1156 3369 1223 ἀγαθότητα
3412 1156 3641 1225 Τριάδος
3682 1155 3984 1226 μελῲδῆμα

2400 1244 2741 1312 ὲγνωρίζετο.
2778 1247 2917 1299 ’Λλλ“
2969 1247 3078 1299 είτε
3114 1247 3174 1300 εῦ
3208 1250 3318 1301 εἴτε
3349 1249 3444 1300 καὶ
3484 1249 3686 1315 ἑτέρως
3716 1248 3846 1315 περὶ⁵
3885 1246 3981 1299 τοῦ

728 1340 1023 1409 Τρισαγίου
1056 1342 1305 1412 διῄτησεν
1332 1344 1361 1393 6
1391 1342 1527 1411 ἀνὴρ
1557 1342 1718 1411 (τάχα
1752 1344 1859 1410 γάρ
1891 1340 2016 1411 [404
2041 1339 2135 1410 IL]
2170 1356 2291 1390 τινα
2328 1343 2587 1409 παρεῖχεν
2625 1342 2774 1411 αὺτῷ
2846 1345 3116 1413 πρόφασιν
3143 1344 3173 1394 6
3208 1346 3396 1413 καιρὸς
3453 1341 3675 1395 τοιαῦτα
3726 1344 3981 1411 διαιτᾷν».

727 1433 826 1485 οὐκ
875 1434 980 1503 ἔχω
1036 1436 1131 1489 νῦν
1184 1437 1302 1487 οὐδὲ
1349 1435 1507 1505 ἑτέρᾳ
1558 1437 1749 1506 γνώμῃ
1802 1436 1982 1506 κρίσιν
2030 1435 2297 1487 ἐπιθεῖναι
2330 1432 2671 1488 ἀδίστακτον.
2703 1435 2847 1508 Πλὴν
2874 1437 2974 1490 οὑκ
2998 1437 3185 1507 ἀνίησι
3210 1436 3301 1488 τὸν
3359 1434 3709 1505 σχολαστικὸν
3770 1451 3981 1505 παραι-

729 1528 835 1579 νῶν
862 1530 935 1599 τῷ
962 1532 1058 1597 τῆς
1095 1530 1415 1599 Ἐκκλησίας
1450 1531 1783 1598 συναφθῆναι
1816 1530 2047 1600 σώματι.

802 1623 856 1675 lu
906 1625 1003 1677 hac
1044 1624 1268 1692 epistola
1318 1639 1578 1677 canonem
1614 1638 1828 1691 quoque
1876 1623 1967 1691 qui
2019 1620 2290 1675 secundus

2478 1620 2566 1673 Ἐν
2598 1620 2771 1691 ταύτῃ
2796 1619 2854 1673 δὲ
2880 1621 2946 1690 τῇ
2978 1619 3234 1688 ἐπιστολῇ
3267 1617 3476 1671 καὶτὸν
3503 1618 3727 1679 κανόνα,
3761 1615 3821 1677 ὃς
3852 1615 3979 1669 δεύ-

727 1722 811 1768 est
844 1716 892 1767 in
922 1719 1153 1770 secunda
1182 1717 1385 1785 synodo
1418 1715 2015 1782 Constantinopolitana
2050 1712 2151 1768 I50
2181 1712 2283 1766 Pa—
2315 1723 2360 1781 Β

2396 1730 2540 1785 τερος
2568 1710 2877 1780 ἀριθμεῖται
2910 1712 2967 1762 tv
3006 1713 3073 1780 τῇ
3101 1709 3330 1779 δευτέρᾳ
3359 1708 3468 1759 τῶν
3513 1710 3570 1760 tv
3616 1708 3977 1759 Κωνσταντι-

731 1815 894 1869 trum,
922 1808 1032 1874 ipse
1064 1806 1166 1861 166
1197 1822 1337 1868 esse,
1360 1808 1539 1861 nescio
1567 1823 1674 1874 quo
1703 1817 1944 1867 auctore,
1971 1819 2143 1873 neque
2170 1817 2289 1855 cum

733 1898 853 1949 aliis
880 1898 1222 1951 consentiens
1251 1909 1529 1951 numerat:
1558 1914 1733 1963 neque
1773 1898 1825 1949 in
1850 1898 1948 1949 hac
1973 1897 2082 1964 ipsa
2112 1895 2289 1955 modo,

732 1992 824 2037 sed
856 1999 907 2039 et
938 1987 988 2040 in
1021 1986 1139 2041 aliis
1171 1988 1285 2055 ejus
1324 1988 1495 2048 libris,
1550 1988 1793 2040 eamdem
1838 1989 1948 2053 ipse
1976 1984 2293 2055 quantitatis

732 2080 991 2131 rationem
1032 2080 1149 2131 init.

801 2254 1125 2322 AuSpicatus
1157 2268 1286 2307 vero
1317 2256 1547 2307 stadimu
1573 2255 1885 2307 orthodoxa:
1921 2254 2068 2316 liilei,
2092 2252 2289 2322 prasta-

732 2354 841 2405 tur,
871 2345 1196 2396 conferenda
1240 2360 1342 2396 non
1384 2360 1501 2397 esse
1533 2360 1648 2411 qua:
1679 2346 1745 2397 de
1777 2344 2089 2413 theologicis
2120 2360 2148 2397 a
2190 2344 2294 2397 Pa-

734 2433 906 2485 tribus
958 2434 1162 2487 nostris
1212 2437 1425 2485 decreta
1473 2442 1620 2495 sunt,
1668 2449 1789 2485 eum
1839 2434 1995 2487 dictis
2038 2450 2067 2485 a
2114 2434 2294 2487 Leone

734 2525 985 2591 pontiﬁce
1014 2526 1079 2577 de
1112 2524 1502 2579 incarnatione.
1530 2526 1638 2580 Sed
1665 2526 1821 2594 hujus
1851 2526 2145 2594 theologica
2171 2540 2292 2579 cum

737 2614 1071 2681 theologieis,
1103 2628 1221 2679 quae
1253 2629 1379 2667 vero
1407 2613 1471 2665 de
1504 2616 1897 2677 incarnatione,
1927 2630 2045 2667 cum
2080 2615 2147 2667 iis
2176 2629 2295 2682 quae

732 2702 1029 2771 analogiam
1106 2704 1323 2756 habent.
1376 2703 1571 2774 246a
1638 2704 1912 2770 Quotquot
1975 2705 2295 2773 theologiam

730 2803 1006 2860 opponunt
1038 2794 1425 2858 incarnationi,
1464 2797 1514 2847 hi
1573 2797 2047 2862 reprehensionem
2086 2797 2296 2863 injustze

733 2883 972 2948 pratbent
1018 2883 1322 2948 sententiae,
1358 2885 1409 2936 in
1455 2900 1573 2951 qua:
1606 2886 1839 2953 linguam
1885 2895 2177 2947 exacuunt,
2213 2885 2296 2938 his

732 2988 865 3025 \cro
898 2973 1250 3027 nihilominus
1280 2974 1383 3026 nisi
1419 2983 1759 3036 moveantur,
1790 2974 2294 3043 irreprehensibiles

730 3078 878 3121 sunt.
929 3068 1024 3120 His
1084 3068 1394 3133 praemissis,
1444 3069 1584 3122 dicta
1643 3070 1887 3136 quaedam
1946 3084 2009 3123 ex
2070 3056 2364 3138 epistolaC

732 3156 928 3212 Leonis
963 3160 1172 3225 recitat,
1203 3174 1364 3228 quam
1396 3161 1461 3212 ad
1509 3169 1754 3214 sanctum
1788 3159 2097 3213 Flavianum
2127 3162 2297 3224 dedit,

741 3266 805 3302 ex
833 3266 894 3304 ca
942 3251 1066 3304 item
1101 3266 1260 3318 quam
1298 3252 1361 3303 ad
1415 3250 1646 3304 Leonem
1693 3251 2077 3318 imperatorem
2130 3254 2295 3317 misit,

730 3343 926 3409 quibus
956 3342 1163 3395 claram
1195 3340 1434 3394 ostendit
1467 3342 1565 3394 viri
1587 3341 1941 3409 theologicam
1971 3342 2292 3402 doctrinam,

731 3434 1091 3500 eamdemque
1120 3448 1241 3486 esse
1278 3432 1366 3484 Dei
1404 3430 1623 3495 Filium,
1648 3441 1703 3484 et
1738 3432 1995 3494 hominis,
2020 3432 2299 3495 magniﬁce

734 3525 1015 3595 prmdicat,
1047 3524 1326 3591 patibilem
1367 3532 1422 3575 et
1448 3523 1826 3591 impatibilem,
1862 3523 2217 3577 immortalem
2246 3536 2300 3576 et

733 3618 891 3671 morti
957 3616 1277 3669 obnoxium.
1338 3615 1402 3667 Et
1462 3630 1568 3667 uno
1621 3616 1808 3678 verbo,
1854 3630 2117 3669 summam
2182 3630 2302 3670 esse

736 3702 902 3755 Verbi
928 3713 978 3756 et
1014 3702 1249 3755 hominis
1282 3703 1735 3765 unitatem,certo
1757 3713 1811 3756 et
1842 3704 2099 3758 divinitus
2121 3706 2303 3768 expla-

734 3794 900 3845 navit.
960 3792 1101 3857 Quin
1148 3800 1202 3845 et
1252 3793 1436 3845 iisdem
1492 3794 1690 3846 litteris
1742 3792 2057 3848 Nestorium
2116 3807 2303 3862 aperte

732 3888 1115 3940 communione
1143 3886 1570 3939 interdicendum
1601 3886 1832 3950 censuit,
1871 3888 1961 3955 qui
1996 3889 2205 3942 beatam
2241 3903 2302 3941 ac

734 3979 1016 4045 Deiparam
1059 3977 1332 4047 Virginem
1388 3994 1492 4031 non
1544 3978 1660 4040 Dei,
1708 3980 1801 4032 sed
1856 3980 2089 4032 hominis
2127 3980 2301 4033 solum

737 4081 962 4124 matrem
994 4071 1263 4138 appellare
1297 4081 1378 4123 est
1410 4086 1593 4124 ausus.
1643 4070 1878 4124 Primum
1928 4087 2143 4140 quoque
2179 4074 2303 4126 bea-

739 4175 848 4215 tum
884 4163 1117 4217 Leooem
1167 4165 1449 4232 perspicue
1486 4164 1613 4231 ipsis
1654 4164 1875 4217 vocibus
1905 4165 2301 4233 pronuntiasse,

736 4255 827 4308 Dei
884 4268 1110 4309 matrem
1167 4271 1288 4309 esse
1343 4256 1556 4309 beatam
1614 4257 1861 4319 Mariam,
1901 4273 2023 4311 cum
2074 4258 2303 4312 alierum

734 4352 859 4398 ante
886 4346 1060 4411 ipsum
1094 4344 1311 4398 Patrum
1345 4362 1504 4399 nemo
1538 4347 1589 4399 id
1621 4357 1727 4399 tam
1760 4346 1905 4400 clare
1935 4347 2214 4409 extulerit.
2250 4358 2305 4401 et

736 4439 847 4491 lucc
873 4438 1087 4503 quidem
1120 4439 1294 4504 capite
1320 4437 1494 4505 primo
1529 4437 1890 4506 persequitur.

2393 1803 2643 1859 νουπόλει
2675 1806 2749 1869 ρν¹
2780 1798 3049 1869 ἱερωτάτῃ
3098 1798 3334 1866 συνόδῳ,
3371 1797 3533 1859 αὐτὸς
3590 1796 3711 1865 ρξς¹
3742 1791 3885 1847 εἶναι
3911 1798 3982 1848 ⁵⁵.

2392 1896 2491 1947 οὐκ
2532 1888 2629 1944 οἷδ’
2668 1890 2790 1942 ὅθεν
2836 1889 3014 1941 λαϐὼν
3066 1889 3185 1941 οὐδὲ
3232 1889 3374 1940 τίσιν
3426 1887 3605 1949 ἄλλοις
3641 1886 3981 1948 συντάττων,

2392 1985 2636 2056 ἀριθμεῖ.
2675 1982 2788 2034 Οὐκ
2821 1983 2878 2032 ἑν
2912 1979 3086 2050 ταύτῃ
3114 1980 3171 2032 δὲ
3203 1979 3382 2046 μόνον,
3418 1978 3552 2030 ἀλλά
3582 1978 3673 2030 καὶ
3703 1978 3761 2028 ἑν
3796 1978 3981 2038 ἄλλοις

2392 2076 2552 2131 αὑτοῦ
2580 2075 2757 2142 λόγοις
2780 2072 2880 2143 τὴν
2904 2071 3072 2141 αὐτὴν
3096 2071 3243 2141 αὑτῷ
3265 2070 3363 2138 τῆς
3387 2071 3686 2138 ποσότητος
3710 2068 3980 2135 ἀπονέμει

2394 2168 2599 2241 χώραν.

2476 2259 2798 2330 Ἀρχόμενος
2845 2257 2902 2310 δὲ
2954 2256 3054 2326 τῆς
3112 2255 3253 2324 ὑπὲρ
3306 2254 3416 2306 τῶν
3462 2253 3637 2322 ὀρθῶν
3694 2252 3983 2321 δογμάτων

2396 2353 2652 2420 σπουδῆς,
2690 2349 3103 2421 προοιμιάζεται
3139 2347 3214 2416 μὴ
3259 2346 3371 2398 δεῖν
3416 2345 3729 2416 συγκρίνειν
3768 2344 3803 2397 ὃ.
3852 2346 3983 2415 περὶ

2396 2443 2669 2510 θεολογίας
2715 2442 2930 2510 εἴρηται
2974 2440 3086 2501 τοῖς
3134 2437 3411 2507 Πατράσιν
3454 2437 3644 2504 ἡμῶν,
3693 2438 3805 2498 τοῖς
3850 2439 3983 2504 περὶ

2394 2531 2705 2599 οίκονομίας
2750 2530 3059 2601 εἰρημένοις
3098 2528 3285 2581 Λέοντι
3328 2526 3407 2595 τῷ
3446 2524 3689 2594 Ῥώμης,
3734 2524 3870 2576 ἀλλὰ
3912 2524 3983 2575 τά

2399 2626 2497 2693 μὲν
2530 2624 2812 2689 θεολογικά
2845 2621 3034 2674 τούτου
3080 2622 3192 2682 τοῖς
3247 2618 3601 2685 θεολογικοῖς,
3634 2617 3702 2668 τὰ
3744 2616 3799 2667 δὲ
3850 2616 3983 2685 περὶ

2396 2714 2490 2782 τῆς
2525 2713 2832 2779 οἰκονομίας
2863 2713 2975 2773 τοῖς
3004 2710 3217 2778 ἔχουσιν
3254 2708 3548 2774 ἀναλόγως.
3594 2707 3748 2757 Ὅσοι
3785 2706 3841 2758 δὲ
3883 2706 3983 2774 τὴν

2398 2803 2671 2870 θεολογίαν
2698 2800 3181 2871 άντιπαρατιθέασι
3210 2800 3276 2867 τῇ
3308 2796 3609 2865 οίκονομία.
3641 2788 3803 2847 Οῦτοι
3835 2794 3979 2860 γνώ-

2401 2912 2508 2964 μης
2540 2895 2638 2962 μὲν
2659 2893 2844 2947 ἀδίκου
2870 2893 2968 2960 τῆς
2999 2889 3209 2943 ἑαυτῶν
3234 2888 3563 2957 παρέχονται
3596 2887 3817 2953 στήλην,
3854 2885 3979 2937 καθ’

2395 2979 2469 3038 ὧν
2496 2985 2555 3036 δὲ
2586 2985 2682 3053 τὴν
2710 2984 2961 3049 γλῶσσαν
2992 2980 3232 3043 κινοῦσι,
3261 2978 3468 3040 τούτοις
3496 2978 3646 3029 οὐδὲν
3674 2974 3835 3047 ἦττον
3867 2978 3900 3042 ἢ
3929 2976 3976 3007 ⁸⁸

2398 3078 2445 3129 εί
2501 3076 2574 3144 μὴ
2624 3074 2937 3142 ἑκεκίνηντο
2984 3072 3045 3123 τὸ
3097 3070 3329 3139 ἄμωμον
3386 3066 3735 3137 συντηροῦσι.
3791 3066 3980 3117 Ταῦτα

2398 3166 2865 3236 προδιασκευάσας
2899 3164 3037 3232 ῥητά
3068 3162 3301 3233 προάγει
3333 3160 3453 3212 τινὰ
3482 3161 3584 3227 τῆς
3614 3159 3902 3227 ἐπιστολῆς
3934 3159 3981 3191 ⁸⁸

2398 3257 2489 3310 τοῦ
2520 3256 2825 3322 ἁγιωτάτου
2855 3255 3113 3315 Λέοντος,
3144 3252 3212 3322 ἣν
3244 3252 3447 3313 ἐκεῖνος
3479 3250 3683 3320 ἔγραψε
3724 3249 3860 3314 πρὸς
3890 3250 3983 3299 τὸν

2398 3352 2457 3401 ἑν
2494 3349 2668 3415 ἁγίοις
2696 3346 3013 3404 Φλαὸιανὸν,
3043 3346 3135 3395 καὶ
3181 3342 3287 3413 μὴν
3324 3346 3418 3395 καὶ
3461 3342 3557 3409 τῆς
3595 3340 3729 3407 πρὸς
3777 3340 3986 3391 Λέοντα

2398 3444 2488 3494 τὸν
2519 3441 2759 3509 βασιλέα,
2794 3442 2851 3491 tv
2878 3436 2963 3499 αἷς
2995 3435 3270 3501 θεολογίαν
3297 3450 3355 3484 τε
3380 3431 3639 3501 λαμπράν
3666 3432 3756 3481 τοῦ
3784 3430 3979 3498 ἀνδρὸς

2400 3531 2743 3591 ἐπιδεικνύει.
2809 3530 2904 3582 καὶ
2944 3529 3026 3581 ὅτι
3067 3528 3157 3579 τὸν
3200 3526 3359 3579 αὑτὸν
3406 3525 3531 3576 Υίὸν
3570 3522 3663 3575 τοῦ
3708 3522 3843 3575 Θεοῦ
3890 3524 3985 3573 καὶ

2400 3623 2613 3691 ἀληθῶς
2690 3621 2805 3674 υἱὸν
2879 3618 3169 3689 ἀνθρώπου
3248 3617 3504 3685 γενέσθαι
3583 3615 3987 3681 μεγαλοφώνως

2404 3712 2789 3780 ἁνακηρύττει,
2826 3710 3071 3779 παθητόν
3106 3725 3165 3760 τε
3200 3708 3289 3760 τὸν
3329 3708 3491 3759 αὑτὸν
3526 3706 3618 3757 καὶ
3652 3704 3856 3771 ἀπαθῆ,
3893 3708 3990 3754 καὶ

2402 3808 2492 3856 τὸν
2524 3806 2792 3857 ἀθάνατον
2823 3806 3009 3873 νόμοις
3039 3802 3314 3868 ὐποκύψαι
3360 3800 3591 3852 θανάτου
3620 3838 3634 3861 ,
3676 3798 3772 3849 καὶ
3799 3797 3993 3859 ἁπλῶς

2400 3899 2499 3967 τὴν
2533 3898 2707 3967 ἄκραν
2739 3898 2931 3951 ’ἐνωσιν
2956 3895 3049 3949 τοῦ
3079 3894 3252 3960 Λόγου
3280 3893 3373 3945 καὶ
3402 3893 3499 3961 τῆς
3529 3890 3726 3959 σαρκὸς
3753 3890 3995 3959 ἀμωμής

2402 4009 2508 4053 τως
2556 4008 2617 4043 τε
2658 3994 2751 4043 καὶ
2799 3987 3118 4058 θεοπρεπῶς
3168 3987 3554 4054 διετράνωσεν.
3585 3984 3658 4036 Οὐ
3710 3982 3818 4051 μὴν
3853 3981 3993 4033 άλλά

2404 4084 2498 4135 καὶ
2544 4082 2837 4151 Νεστόριον
2887 4080 3117 4148 λαμπρᾷ
3136 4080 3200 4147 τῇ
3243 4080 3394 4145 φωνῇ
3438 4077 3497 4126 tv
3538 4076 3657 4135 ταῖς
3708 4072 3994 4134 τοιαύταις

2404 4173 2711 4235 ἐπιστολαῖς
2766 4171 3162 4240 ἀναθεματίσαι
3192 4208 3206 4231 ,
3264 4167 3339 4229 ὼς
3395 4166 3494 4235 τὴν
3549 4164 3824 4233 μακαρίαν
3894 4165 3990 4215 καὶ

2405 4264 2652 4316 θεοτόκον
2684 4263 2903 4331 Μαρίαν
2933 4262 3055 4329 οὐχὶ
3089 4258 3184 4311 τοῦ
3218 4256 3377 4322 Θεοῦ,
3410 4255 3698 4323 ἀνθρώπου
3728 4256 3785 4306 δὲ
3829 4255 3993 4321 μόνον

2407 4355 2753 4423 τολμήσαντα
2786 4353 2963 4405 εἰπεῖν
3012 4350 3223 4419 μητέρα
3252 4365 3265 4379 ο
3304 4349 3398 4400 καὶ
3435 4349 3514 4399 ὅτι
3554 4346 3768 4415 πρῶτος
3798 4346 3827 4396 6
3856 4346 3899 4374 "
3936 4347 3993 4395 tv

2334 4415 2379 4468 Β
2408 4415 2580 4513 ἁγίοις
2624 4444 2773 4496 Λέων
2812 4415 3185 4503 ίδικῶςνείπεν
3216 4439 3405 4499 αὑταῖς
3447 4437 3653 4499 λέξεσιν
3687 4436 3763 4498 ὠς
3801 4438 3990 4503 μήτηρ

732 4535 863 4585 (θεοῦ
900 4525 1059 4585 ἐστιν
1111 4534 1141 4602 ἠ
1200 4532 1327 4598 ἁγία
1370 4534 1650 4595 Θεοτόκος,
1702 4534 1810 4585 τῶν
1844 4534 1950 4602 πρὸ
1982 4533 2146 4587 αὑτοῦ
2192 4537 2453 4605 Πατέρων
2489 4540 2631 4591 οὕτω
2685 4537 3023 4606 διαπρυσίοις
3065 4535 3273 4606 ῥήμασι
3341 4532 3415 4601 μὴ
3484 4531 3639 4583 τοῦτο
3706 4530 3987 4598 φαμένων.

732 4623 805 4674 Τὸ
851 4621 949 4690 μὲν
1002 4618 1095 4674 οῦν
1138 4623 1352 4693 πρῶτον
1411 4623 1557 4693 αὐτῷ
1614 4624 1908 4690 κεφάλαιον
1960 4624 2132 4677 ταῦτα
2186 4626 2479 4681 διατάττει.

808 4718 1015 4787 Excipit
1050 4720 1150 4773 hoc
1191 4720 1517 4787 proximum,
1561 4736 1667 4789 quo
1713 4721 2019 4773 ostenditur
2053 4732 2301 4774 sanctum

736 4812 967 4865 Leonem
1002 4812 1223 4879 reliquis
1257 4812 1502 4865 Patribus
1523 4811 1972 4877 consentientem,
2010 4828 2174 4864 unum
2212 4812 2302 4864 Fi~

735 4904 861 4957 lium
916 4920 1036 4958 esse
1087 4902 1375 4956 confiteri:
1412 4913 1576 4970 atque
1630 4903 1790 4956 unius
1846 4911 1901 4956 et
1950 4904 2193 4971 ejusdem
2246 4912 2304 4955 ut

735 4997 894 5049 aliam
946 4996 1195 5057 formam,
1226 4997 1303 5047 sic
1333 5005 1386 5047 et
1425 4996 1692 5048 diversam
1746 5004 1953 5047 natura:
2002 4996 2299 5056 actionem,

736 5103 1000 5155 nusquam
1044 5086 1363 5139 divisionem
1407 5088 1611 5137 unitate
1660 5086 1951 5147 adducens,
2000 5086 2094 5139 sed
2137 5102 2299 5138 unum

736 5183 1007 5235 hominem
1045 5180 1243 5232 factum
1304 5180 1465 5231 Deum
1506 5178 1736 5231 Verbum
1798 5179 2077 5246 praedicat.
2107 5177 2303 5244 Adjicit

734 5286 859 5322 vero
907 5270 1101 5323 Leonis
1128 5271 1407 5323 sententia:
1455 5282 1508 5322 et
1537 5269 1725 5337 Cyrilli
1782 5270 2053 5336 dogmata,
2087 5270 2302 5335 conspi-

740 5376 859 5413 rarc
900 5362 1037 5415 inter
1086 5377 1143 5417 se
1196 5367 1507 5425 ostemleus,
1544 5373 1598 5415 et
1645 5362 1887 5428 Gregorii
1944 5361 2189 5430 hysseni,
2248 5370 2303 5413 et

736 5448 860 5503 Julii
894 5451 1143 5506 Romani.
1185 5456 1384 5507 Adhtnc
1413 5466 1467 5508 et
1503 5456 1663 5508 verba
1702 5454 1871 5522 ponit,
1899 5453 2097 5521 quibus
2147 5463 2300 5505 utens

2472 4724 2733 4794 Δεύτερον
2757 4725 2813 4777 δὲ
2845 4724 2994 4794 αὐτῷ
3028 4723 3351 4794 προάγεται,
3380 4721 3446 4773 δι’
3476 4716 3534 4773 οὗ
3562 4718 3836 4771 δείκνυται
3866 4717 3941 4778 ὡς
3964 4720 3992 4769 6

2401 4816 2691 4879 ὁσιώτατος
2741 4818 2891 4869 Λέων
2938 4818 3048 4878 τοῖς
3100 4814 3347 4883 Πατράσι
3406 4812 3715 4881 συμφωνῶν
3750 4811 3848 4862 ἕνα
3900 4812 3989 4861 τὸν

2401 4908 2562 4959 αὑτὸν
2591 4906 2844 4976 ὁμολογεῖ
2875 4907 3023 4969 Υίον,
3060 4907 3153 4957 καὶ
3182 4904 3275 4956 τοῦ
3322 4903 3488 4956 αὐτοῦ
3524 4903 3615 4953 καὶ
3650 4901 3769 4963 ἑνὸς
3800 4900 3989 4969 ὥσπερ

2402 5001 2669 5068 ἑκατέραν
2725 5000 2959 5069 μορφὴν,
3005 4998 3147 5051 οὕτω
3177 4998 3271 5050 καὶ
3319 4998 3418 5064 τὴν
3460 4996 3714 5063 διάφορον
3749 4994 3988 5061 φυσικὴν

2402 5089 2701 5157 ἐνέργειαν,
2736 5090 2973 5157 οὐδαμοῦ
2998 5088 3261 5155 διαίρεσιν
3290 5088 3353 5154 τῇ
3387 5084 3576 5136 ὲνὼσει
3612 5084 3983 5151 παρεισάγων,

2401 5183 2514 5234 ἀλλ’
2567 5182 2662 5232 ἕνα
2716 5183 2806 5233 τὸν
2862 5180 3281 5248 σεσαρκωμένον
3326 5178 3553 5245 ἀνυμνεῖ
3602 5176 3735 5227 Θεὸν
3789 5176 3981 5242 Λόγον.

2402 5272 2740 5340 Παρατίθησι
2786 5272 2844 5323 δὲ
2890 5274 3012 5331 ταῖς
3058 5272 3263 5336 φωναῖς
3312 5268 3404 5320 τοῦ
3452 5266 3599 5320 ὁσίου
3646 5266 3874 5328 Λέοντος
3919 5268 3986 5318 1‘1

2402 5365 2667 5432 Κυρίλλου
2687 5364 2949 5431 δόγματα,
2968 5363 3181 5423 δεικνὺς
3210 5361 3346 5413 κατά
3368 5360 3542 5411 πάντα
3564 5358 3985 5426 συμφωνοῦντα,

2400 5458 2495 5507 καὶ
2519 5456 2585 5519 δὴ
2610 5457 2700 5508 καὶ
2729 5457 3029 5525 ι’ρηγορίου
3058 5454 3149 5505 τοῦ
3184 5454 3425 5522 Νύσσης,
3462 5452 3598 5504 ἀλλά
3630 5451 3724 5501 καὶ
3766 5450 3987 5502 Ἰουλίου

1984 5568 2215 5621 VARle
2252 5567 2654 5622 LECTIONES.

814 5661 823 5686 ι

825 5671 856 5688 ’θ
886 5656 1046 5729 εἶναι]
1081 5662 1169 5712 καί
1219 5658 1356 5713 εἶναι
1382 5682 1440 5725 ς.
1520 5663 1563 5699 δδ
1596 5664 1627 5731 ἢ
1668 5663 1785 5715 liltrt
1823 5680 1929 5714 0|"-

2010 5666 2054 5695 °"'
2087 5664 2350 5731 προσάγει
2386 5664 2504 5714 τινὰ
2531 5667 2593 5729 τῇ
2645 5665 2899 5733 ἐπιστολῇ
2932 5682 2991 5728 ς.

3088 5666 3126 5693 ⁸⁷
3155 5667 3182 5716 ο
3231 5665 3351 5715 add.
3390 5666 3452 5716 A.
3485 5663 3574 5728 qui
3610 5662 3661 5713 in
3696 5675 3781 5724 mg
3817 5677 3827 5708 :
3870 5659 3983 5718 πῶς

738 5728 894 5803 (0ῦῇνά
932 5721 1094 5799 φησὶν
1117 5748 1131 5795 ἱ
1159 5721 1421 5801 Manna;
1460 5734 1565 5803 γὰρ
1595 5721 1681 5786 ὶέαὶ
1716 5734 1859 5787 ἄλλοι
1905 5721 2178 5803 προεῖπον.
2222 5721 2288 5787 "ll
2317 5735 2396 5785 ὅτι
2415 5721 2661 5786 θεοτόκον
2689 5735 2784 5801 μὲν
2807 5721 3073 5801 λέγοῦσιν,
3107 5735 3315 5803 μητέρα
3335 5734 3388 5785 δὲ
3414 5721 3537 5785 θεοῦ
3565 5732 3664 5783 οὐκ
3687 5721 3859 5786 εἶπον,
3882 5730 3982 5778 κάν

744 5801 909 5870 μηὸὲν
938 5802 1263 5872 διενήνοχεν.
