4208 6448
263 445 367 511 961
1288 431 1806 495 BIBLIOTHECA.
1846 426 2096 486 ~COD.
2135 420 2497 485 CCXXVIII.
3404 408 3509 473 962

253 558 351 609 τοῦ
391 553 625 622 Ῥώμης.
682 552 799 603 Ἔτι
848 550 951 619 μὴν
996 548 1290 617 παρίστησι
1328 547 1425 613 τὴν
1467 545 1609 608 λέξιν
1637 583 1651 605 ,
1695 537 1837 613 ᾗπερ
1868 544 1910 598 Α

1868 544 1910 598 Α
1941 537 2131 589 beatus
2162 532 2293 597 Leo,
2324 532 2541 600 impiam
2573 527 2987 580 Severianorum
3016 520 3343 576 calumniam
3375 524 3502 574 sub-

255 610 607 715 χρησάμενος
661 644 689 695 ὁ
740 644 797 693 ὲν
848 610 1030 706 ὁγίοις
1074 610 1230 691 Λέων
1278 610 1524 703 διαϐολὴν
1587 610 1841 694 ἀσεϐείας

1839 652 1841 660 ν
1940 630 2080 699 jicit,
2116 644 2219 681 non
2260 627 2423 681 semel
2475 636 2636 693 atque
2672 624 2863 675 iterum
2895 618 2987 671 sed
3024 615 3311 684 quinquies
3344 628 3371 663 a
3403 610 3501 681 Cy-

260 742 475 806 ὑπέστη
508 738 656 803 παρὰ
682 736 790 787 τῶν
823 734 928 785 ἀπὺ
959 733 1216 799 Σεὸήρου,
1246 730 1416 796 αὐτὴν
1437 727 1638 793 ταύτην
1672 726 1716 755 ⁵⁸
1747 725 1843 792 οὐχ

262 829 419 890 ’ἅπαξ
446 829 565 880 οὐδὲ
586 830 666 888 δὶς
689 824 824 877 ἀλλὰ
850 825 944 875 καὶ
966 823 1222 880 πεντάκις
1250 818 1544 887 εἰρημένην
1572 814 1842 882 Κυρίλλῳ,

264 922 413 987 φημὶ
452 920 516 989 δὴ
571 919 630 970 τὺ
675 916 959 985 ἑκατέρας.
1012 913 1085 965 Οὐ
1135 911 1399 981 Κύριλλον
1446 908 1501 961 δὲ
1554 909 1712 975 μόνον
1756 907 1845 957 τὸν

264 1009 562 1078 νικηφόρον
596 1006 828 1076 χρῆσθαι
861 1007 928 1075 τῇ
973 1005 1146 1072 φωνῇ,
1178 1003 1296 1053 καθ’
1354 996 1420 1070 ἧς
1452 999 1579 1069 [405
1606 995 1699 1067 Η.]
1748 1013 1845 1064 με-

272 1102 511 1171 μηνότες
541 1101 588 1151 ol
623 1099 731 1151 ἀπὸ
754 1097 992 1167 Σεεήρου
1013 1095 1326 1149 δυσσέϐειαν
1357 1094 1433 1162 τῷ
1455 1091 1697 1161 θεοφὸρῳ
1727 1092 1845 1141 επι-

266 1191 543 1260 γράφουσι
574 1190 780 1252 Λέοντι,
813 1189 949 1242 ἀλλὰ
972 1188 1065 1240 καὶ
1090 1188 1180 1239 τὸν
1208 1186 1516 1254 θαυμαστὸν
1548 1183 1843 1236 Βασίλειον.

271 1283 393 1333 Οὐκ
427 1282 484 1331 ὲν
518 1280 689 1350 ταύτῃ
721 1279 777 1331 δὲ
808 1280 943 1350 μὸνῃ
975 1280 1038 1348 τῇ
1082 1280 1231 1346 φωνῇ
1267 1277 1576 1344 συμφωνεῖν
1604 1277 1713 1335 τοῖς
1742 1274 1851 1325 τῶν

269 1372 534 1441 Πατέρων
576 1370 764 1437 λογάσι
798 1370 888 1421 τὸν
926 1372 982 1422 ὲν
1030 1369 1197 1429 ὁσίοις
1230 1366 1573 1420 ἀποδείκνυσι
1611 1366 1811 1417 Λέοντα
1834 1404 1847 1426 ,

276 1452 410 1518 (777
451 1461 542 1533 IL]
575 1463 710 1515 ἀλλὰ
740 1463 833 1514 κα.)⁸
868 1462 925 1512 ἐν
954 1462 1064 1523 τοῖς
1102 1460 1280 1521 ἄλλοις
1314 1461 1483 1511 ἅπασι
1521 1458 1751 1526 δόγμασί
1792 1474 1850 1509 τε

276 1554 377 1603 καὶ
402 1554 632 1621 ῥήμασι,
657 1552 777 1604 καθ’
799 1544 872 1601 ῶν
897 1551 1143 1602 ὑλακτεῖν
1166 1550 1215 1602 οἱ
1236 1550 1551 1617 αἱρεσιῶται
1576 1550 1635 1600 οὐ
1659 1548 1852 1617 πεφρί-

274 1656 429 1692 κασι·
466 1639 592 1700 τούς
634 1655 691 1689 τε
734 1639 844 1706 γὰρ
884 1638 1201 1707 εἰρημένους
1236 1637 1479 1703 Πατέρας
1508 1633 1777 1702 ὁμοδοξεῖν
1808 1635 1850 1664 ⁸³

275 1747 337 1781 τε
374 1730 468 1779 καὶ
513 1728 793 1796 ὁμολογεῖν
821 1726 899 1797 τῷ
926 1728 1107 1796 ἀνδρὶ,
1146 1726 1239 1778 καὶ
1280 1725 1384 1795 μὴν
1414 1726 1508 1777 καὶ
1541 1723 1854 1778 Ἀθανάσιον

274 1819 372 1868 τὸν
426 1817 765 1881 πολύαθλον,
824 1818 918 1869 καὶ
973 1816 1061 1868 τὸν
1116 1817 1175 1867 ὲν
1231 1815 1479 1886 θεολογίᾳ
1535 1816 1854 1886 περιόόητον

1947 722 2068 775 rillo
2137 722 2454 788 irrogatam,
2513 717 2723 777 ambas,
2790 714 3027 778 inquam,
3086 717 3324 760 naturas.
3390 701 3507 755 Non

1945 812 2203 884 Cyrillum
2251 812 2408 863 modo
2434 809 2693 861 victorem
2751 806 2848 855 hac
2898 803 2973 854 uti
3007 814 3159 861 voce,
3198 796 3351 860 cujus
3394 809 3507 845 me-

1948 918 2126 958 mores
2160 901 2343 955 cheri
2386 898 2628 959 asserlaz,
2659 894 2981 960 impietatem
3030 886 3197 940 Leoni
3246 888 3514 951 imputant

1948 997 2039 1049 sed
2092 1004 2146 1046 et
2204 995 2417 1046 beatum
2452 987 2731 1046 Basilittnt,
2771 999 2871 1034 non
2922 984 2969 1033 iu
3015 986 3113 1033 hac
3154 980 3326 1031 solum
3383 988 3511 1024 voce

1950 1100 2070 1139 cum
2100 1083 2303 1137 sanctis
2344 1080 2597 1134 Patribus
2641 1075 2945 1128 consentire
2999 1079 3243 1122 sanetum
3275 1066 3510 1120 Leonem

1950 1174 2206 1233 ostendit,
2255 1187 2437 1223 verum
2490 1169 2650 1221 etiam
2700 1166 2750 1216 in
2794 1162 3043 1214 omnibus
3076 1161 3209 1211 adeo
3234 1168 3286 1210 et
3343 1158 3518 1209 verbis

1950 1285 2003 1327 et
2039 1272 2232 1343 2461)
2305 1268 2665 1336 dogmatibus,
2727 1261 2920 1330 quibus
2966 1258 3236 1310 oblatrare
3282 1255 3515 1306 luerettcn

1956 1381 2059 1418 non
2092 1366 2447 1416 erubuerunt.
2485 1357 2780 1412 Przedictos
2825 1355 2965 1406 enim
2995 1350 3185 1403 Patres
3215 1356 3357 1399 recte
3396 1359 3518 1396 cum

1960 1456 2048 1509 illo
2075 1455 2299 1515 sentire,
2325 1461 2383 1505 ut
2416 1459 2470 1505 et
2505 1449 2777 1501 laboribus
2801 1444 3096 1497 exercitum
3132 1437 3514 1494 Athanasium,

1953 1555 2007 1598 et
2055 1543 2285 1610 theologi
2324 1539 2640 1609 cognomine
2689 1537 2966 1603 pra‘ditum
3007 1529 3348 1598 Gregorium,
3390 1525 3519 1578 Pro-

1954 1638 2090 1690 elum
2123 1649 2335 1703 quoque
2385 1628 2945 1693 Constantinopoleos,
2987 1634 3040 1677 et
3084 1619 3517 1689 Amphilochium

1955 1726 2117 1781 lconii
2187 1725 2480 1794 praesules,
2518 1732 2573 1775 et
2628 1719 2996 1773 admirandum
3049 1714 3196 1766 illutn
3260 1710 3520 1763 Joannem

1955 1820 2422 1887 Chrysostomum.
2461 1814 2524 1867 Et
2562 1815 2673 1865 haec
2696 1811 2910 1877 quidem
2946 1808 3121 1872 capite
3149 1803 3405 1857 secundo.

273 1908 600 1975 Γρηγόριον,
653 1907 896 1977 Πρόκλον
917 1924 975 1959 τε
998 1907 1088 1960 τὸν
1114 1908 1734 1971 Κωνσταντινουπὸλεως
1762 1911 1852 1961 καὶ
1902 1910 2245 1980 ’Λμφιλὸχιον
2269 1909 2358 1960 τὸν
2394 1905 2612 1959 Ἰκονίου
2636 1906 2729 1956 καὶ
2790 1901 2878 1953 τὸν
2940 1898 3236 1967 θαυμάσιον
3272 1893 3523 1958 Ἰωάννην

286 2002 384 2054 τὸν
409 2002 808 2071 Χρυσόστομον.
838 2001 998 2055 Ἀλλὰ
1022 2001 1190 2054 ταῦτα
1214 2002 1313 2072 μὲν
1342 2002 1436 2055 καὶ
1464 2002 1524 2054 τὸ
1543 2003 1790 2073 δεύτερον
1810 2004 1854 2035 ⁶⁶
1893 2003 2036 2073 αὐτῷ
2065 2001 2597 2073 διαπραγματεύεται
2627 1998 2935 2065 κεφάλαιον.

350 2092 427 2144 Τὸ
456 2092 511 2144 δὲ
559 2092 758 2163 τρίτον,
800 2092 882 2144 ὅτι
912 2091 981 2144 τὰ
1014 2090 1192 2162 ἄρθρα
1222 2095 1631 2163 προταττόμενα
1670 2095 1775 2147 τῶν
1808 2097 1865 2147 ὲν
1898 2106 1937 2158 Β

1858 2115 1865 2141 ν
1898 2106 1937 2158 Β
2036 2096 2300 2158 Tertium,
2326 2093 2582 2148 articulos
2613 2092 2858 2161 praeﬁxos
2879 2098 3187 2140 naturarum
3209 2086 3258 2137 in
3283 2084 3520 2147 Christo,

274 2184 357 2253 τῷ
407 2182 630 2253 Χριστῷ
682 2182 895 2250 φύσεων
942 2183 1188 2253 οὐδαμῶς
1238 2185 1367 2237 υἱῶν
1412 2184 1573 2238 δυάδα
1626 2188 1857 2240 ἐπινοεῖν

273 2276 545 2345 οὐμενοῦν
592 2276 689 2343 οὐχ
741 2275 1092 2338 ὑποτίθεται,
1148 2278 1262 2330 ἀλλ’
1308 2277 1453 2330 ἐστιν
1508 2279 1702 2347 ἰδίωμα
1759 2280 1856 2348 τῆς

278 2366 433 2428 Θείας
465 2367 505 2397 ⁸⁸
540 2365 758 2435 Γραφῆς
788 2406 801 2429 ,
856 2366 919 2418 ού
974 2365 1278 2435 προσώπων
1328 2368 1425 2436 μὲν
1463 2368 1565 2438 (ὡς
1612 2369 1855 2438 εἴρηται)

277 2458 448 2509 δυάδι
476 2458 827 2526 παρεισάγον,
852 2459 948 2521 τὰς
976 2459 1263 2522 ἑνωθείσας
1286 2460 1341 2512 δὲ
1372 2459 1559 2527 φύσεις
1586 2462 1860 2531 ἁτμὴτους

278 2563 340 2597 τε
373 2546 465 2597 καὶ
492 2546 834 2613 ἁδιαιρέτους
864 2547 1236 2615 διαφυλάττον.
1272 2548 1380 2599 Καὶ
1411 2548 1516 2617 γὰρ
1542 2550 1634 2601 καὶ
1659 2548 1861 2618 ταύτην

280 2641 383 2707 τὴν
433 2640 693 2707 ἐπήρειαν
745 2639 886 2691 κατὰ
933 2644 1030 2709 τῆς
1082 2639 1173 2691 τοῦ
1225 2638 1451 2700 Λέοντος
1498 2638 1784 2709 ἐπιστολῆς
1826 2641 1859 2709 ἡ

282 2730 533 2797 αἱρετικὴ
563 2726 735 2781 λύσσα
757 2729 1292 2797 κατέχεεν,εἰπόντος
1321 2728 1508 2780 αὑτοῦ·
1542 2731 1765 2798 Ὠσπερ
1795 2731 1863 2783 ἐν·

282 2817 367 2881 τῷ
400 2816 595 2869 ἐλεεῖν
636 2820 668 2870 ό
701 2818 844 2882 Θεὸς
897 2820 1125 2885 τροπὴν
1158 2822 1270 2886 οὐχ
1306 2820 1642 2887 ὑφίσταται.
1676 2821 1863 2885 οὓτως

284 2910 317 2960 0'
359 2908 665 2972 ἄνθρωπος
696 2906 774 2971 τῷ
801 2907 1033 2975 μεγέθει
1072 2906 1179 2973 τῆς
1206 2908 1381 2973 ἀξίας
1408 2910 1517 2961 οὐκ
1549 2909 1863 2962 ἀναλίσκε-

286 3017 404 3052 ται.
442 2998 621 3065 Ὅπερ
648 2995 739 3050 οὖν
765 2999 999 3068 εἴρηται,
1027 3000 1165 3051 κατὰ
1194 2999 1256 3051 τὸ
1283 2999 1461 3069 τρίτον
1489 2999 1777 3065 κεφάλαιον
1801 3000 1864 3051 ἐκ

284 3107 343 3141 τε
376 3090 485 3142 τῶν
508 3089 887 3155 Εὑαγγελικῶν
914 3089 1106 3157 φωνῶν
1132 3091 1222 3142 καὶ
1249 3093 1310 3142 ὲκ
1335 3089 1443 3141 τῶν
1470 3090 1859 3151 ἀποστολικῶν,

286 3183 385 3232 καὶ
409 3182 472 3249 δὴ
487 3182 579 3232 καὶ
603 3184 665 3232 ὲκ
693 3180 796 3231 τῶν
825 3181 1109 3249 μακαρίων
1133 3180 1389 3248 Πατέρων
1409 3180 1585 3249 ήμῶν,
1605 3180 1862 3246 Ἰγνατίου

284 3271 383 3323 τοῦ
427 3271 684 3339 θεοφόρου
732 3273 824 3322 καὶ
864 3271 1080 3322 Ἰουλίου
1115 3271 1207 3322 καὶ
1250 3270 1566 3323 Ἀθανασίου
1598 3274 1688 3322 καὶ
1722 3272 1761 3323 Γ
1768 3288 1863 3341 ρη-

286 3362 493 3430 γορίων
520 3362 612 3412 καὶ
644 3359 941 3423 Βασιλείου,
974 3358 1236 3427 διελέγχει
1270 3359 1396 3420 τοὺς
1427 3358 1703 3420 δυσσεϐεῖς
1730 3358 1802 3419 ὡς
1831 3359 1862 3427 ἡ

1965 2202 2299 2257 nequaquam
2353 2186 2490 2240 ﬁlios
2534 2186 2667 2237 duos
2699 2181 2973 2240 exhibere,
3023 2194 3126 2231 non
3164 2177 3325 2245 igitur
3354 2175 3528 2243 subji-

1964 2281 2124 2346 citur,
2169 2278 2261 2332 sed
2293 2290 2375 2333 est
2413 2278 2659 2347 proprius
2707 2272 2957 2342 loquendi
3004 2285 3173 2325 saera:
3227 2268 3524 2333 Scriptum

1967 2371 2191 2433 modus;
2240 2385 2343 2423 non
2397 2371 2529 2421 duas
2568 2370 2785 2435 quidem
2845 2377 3126 2433 personas,
3168 2371 3225 2414 ut
3270 2361 3524 2417 diximus.

1967 2463 2296 2532 signiﬁcans,
2330 2462 2424 2516 sed
2462 2460 2641 2513 unitas
2678 2468 2897 2510 naturas
2929 2455 3315 2522 inseparabiles
3344 2464 3394 2505 et
3447 2454 3529 2503 in-

1970 2554 2213 2608 dividuas
2237 2567 2587 2606 conservans.
2616 2550 2822 2602 Elottittt
2859 2547 3109 2600 Itatretica
3143 2546 3320 2599 rabies
3342 2544 3528 2598 elfudit

1970 2645 2218 2711 injuriam
2273 2654 2461 2697 contra
2518 2641 2713 2694 Leonis
2764 2641 3042 2707 epistolam
3103 2638 3184 2691 sic
3245 2637 3469 2689 dicentis
3514 2654 3526 2688 :

1972 2735 2419 2801 Quemadmodum
2483 2734 2778 2787 miserando
2837 2732 3177 2783 mulationem
3236 2728 3373 2782 Deus
3430 2746 3531 2780 non

1969 2827 2177 2895 suscipit
2206 2866 2220 2888 ,
2254 2829 2327 2879 sic
2358 2828 2507 2878 homo
2561 2825 2829 2893 dignitatis
2858 2824 3217 2893 magnitudine
3246 2838 3344 2872 non
3377 2822 3529 2887 perit.

1969 2918 2119 2983 Quod
2162 2919 2321 2985 igitur
2358 2919 2517 2971 tertio
2578 2918 2755 2982 capite
2787 2916 2986 2967 dictum
3019 2924 3193 2967 estex
3245 2912 3524 2978 Evangelii

1969 3018 2023 3057 et
2075 3007 2436 3073 apostolorum
2491 3022 2673 3065 sensu,
2706 3016 2867 3072 atque
2901 3004 3035 3057 adeo
3094 3018 3159 3055 ex
3220 3011 3530 3055 sanctorum

1972 3094 2189 3147 Patrum
2245 3098 2532 3161 sententia,
2566 3096 2733 3149 divini
2784 3092 3175 3164 lguatii,Ju|ii,
3226 3092 3528 3151 Athanasii,

1970 3186 2373 3255 Gregoriorum,
2414 3200 2465 3241 et
2518 3187 2725 3249 Basilii,
2760 3186 3105 3251 reprehendit
3142 3184 3356 3252 impios,
3390 3182 3533 3250 quod

1971 3280 2325 3332 articulorum
2381 3296 2507 3333 usus
2545 3280 2753 3344 (omnes
2804 3280 2944 3330 enim
2997 3278 3046 3329 lii
3086 3276 3191 3328 illis
3251 3276 3330 3327 usi
3388 3279 3533 3341 sunt)

1975 3371 2176 3422 nullam
2202 3372 2497 3425 sectionem
2536 3381 2629 3422 aut
2658 3370 2970 3422 divisionem
3002 3368 3223 3421 unitatis
3245 3366 3530 3434 significat,

286 3454 401 3505 τῶν
429 3453 645 3522 ἄρθρων
679 3453 873 3522 χρῆσις
900 3452 1119 3522 (πάντες
1156 3452 1261 3519 γὰρ
1292 3448 1435 3504 οὗτοι
1464 3450 1671 3513 τούτοις
1697 3453 1863 3521 em-
1890 3466 1932 3521 α

1856 3466 1932 3521 ια
1965 3462 2159 3527 quibus
2200 3462 2383 3513 addit:
2421 3460 2549 3524 Quin
2584 3472 2628 3513 et
2665 3472 2878 3527 utroque
2915 3474 3117 3512 versum
3170 3456 3333 3508 relata
3379 3466 3518 3507 sunt.

291 3554 478 3609 σαντο)
522 3546 773 3614 οὐδεμίαν
815 3546 1043 3616 τομὴνῆ
1074 3545 1334 3613 διαίρεσιν
1375 3548 1577 3597 ἐπινοεῖ
1633 3549 1727 3614 τῆς
1783 3547 1869 3597 ἐν·

287 3636 502 3698 ώσεως.
540 3638 626 3689 Ἑν
660 3632 739 3699 οἷς
787 3637 1047 3705 ὑποφέρει
1112 3638 1192 3689 ὅτι
1233 3638 1325 3688 καὶ
1358 3637 1438 3697 τὸ,
1506 3638 1607 3690 Ἐν
1632 3637 1757 3699 ὅσῳ
1801 3637 1868 3689 τὰ

1982 3548 2089 3601 lloc
2138 3565 2167 3601 a
2218 3549 2395 3603 Leone
2425 3565 2763 3617 expressum,
2827 3564 2927 3600 non
2985 3547 3241 3612 temporis
3291 3546 3530 3597 declara-

1977 3642 2198 3703 tionetu,
2229 3644 2319 3695 sed
2348 3658 2441 3710 pro
2474 3643 2589 3705 illo,
2616 3658 2710 3709 per
2736 3641 2934 3700 omnia,
2972 3639 3250 3704 accipitur.

290 3731 719 3797 συναμφότερα
736 3732 883 3797 μετὰ
910 3730 1198 3797 ἀλλήλων
1218 3730 1385 3782 ἐστὶν
1414 3730 1719 3799 (εἰρημένον
1747 3730 1801 3782 δέ
1826 3734 1939 3783 ἐστι
1976 3732 2135 3785 τοῦτο
2170 3735 2247 3805 τῷ
2289 3736 2561 3803 ὁσιωτάτῳ
2604 3734 2822 3796 Λέοντι)
2867 3732 2927 3783 ού
2968 3732 3011 3761 ⁸³
3053 3729 3240 3799 χρόνου
3284 3728 3530 3801 δήλωσιν,

288 3821 412 3872 ἀλλ’
437 3823 558 3872 ἀντὶ
599 3819 691 3872 τοῦ
719 3820 806 3871 διὰ
837 3822 1036 3879 παντὸς
1071 3818 1575 3887 παραλαμϐάνεται.

362 3908 635 3977 Τέταρτον
670 3908 723 3957 δὲ
772 3908 1062 3973 κεφάλαιον
1095 3910 1170 3967 εἰς
1205 3907 1408 3975 μέμψιν
1455 3909 1603 3977 παρὰ
1632 3908 1741 3959 τῶν
1793 3910 1874 3960 αἱ-

295 3997 531 4065 ρετικῶν
590 3996 856 4065 προταθὲν
914 3996 1205 4049 ἀνεύθυνον
1258 3996 1535 4058 παντελῶς
1586 3998 1875 4064 ἀποφαίνει

288 4087 383 4139 διὰ
438 4087 534 4152 τῆς
586 4087 773 4154 ὁμοίας
830 4086 1075 4154 μεθόδου,
1131 4087 1312 4153 φωνὰς
1362 4087 1762 4153 ωμῦαινούσας
1799 4087 1874 4155 τῷ

291 4176 597 4229 αἰτιαθέντι
629 4176 967 4243 παρατιθεὶς,
999 4171 1086 4239 αἷς
1123 4178 1151 4228 ὁ
1192 4177 1349 4244 χορὸς
1376 4176 1485 4228 τῶν
1531 4179 1698 4243 ἁγίων
1719 4178 1875 4247 ἡμῶν

290 4269 559 4337 ιιατέρων
599 4268 830 4337 χρῆσθαι
877 4266 1116 4321 εἰώθασι.
1164 4268 1236 4319 Τὸ
1272 4268 1328 4319 δὲ
1374 4268 1664 4334 κεφάλαιον
1701 4268 1875 4333 φωναὶ

296 4362 400 4429 μέν
433 4362 538 4410 εἱσι
570 4359 662 4409 τού
694 4359 751 4408 ὲν
794 4359 971 4423 ἁγίοις
1014 4358 1238 4419 Λέοντος
1260 4397 1275 4420 ,
1323 4357 1537 4424 λέγουσι
1576 4358 1629 4408 δὲ
1661 4358 1832 4408 ταῦτα
1858 4374 1871 4391 ·

298 4447 388 4503 Τῶ
424 4447 541 4516 μὲν
572 4449 804 4500 κλαίειν
836 4448 951 4513 τὴν
976 4448 1334 4513 βεϐαιότητα
1370 4447 1478 4515 τῆς
1508 4449 1693 4502 αὐτοῦ
1726 4464 1871 4515 σαρ-

291 4542 406 4604 κὸς
470 4539 849 4592 ἐπεδείκνυτο
876 4581 890 4602 ,
950 4538 1027 4603 τῷ
1083 4540 1152 4592 δὲ
1200 4539 1540 4606 ἀναστῆσαι
1602 4540 1748 4607 πρὸς
1804 4542 1869 4593 τὸ

292 4628 604 4694 κέλευσμα
634 4625 741 4693 τῆς
768 4627 954 4681 αὺτοῦ
992 4628 1194 4695 φωνῆς
1220 4628 1333 4694 τὴν
1358 4629 1658 4695 ἄχραντον
1682 4630 1868 4683 αὐτοῦ

292 4721 545 4782 θεότητα
570 4716 809 4779 ἐδήλου.
847 4718 1017 4781 Ἐνὸς
1045 4718 1088 4747 ⁸³
1116 4717 1184 4769 δὲ
1207 4719 1304 4770 καὶ
1332 4719 1437 4771 τοῦ
1466 4719 1648 4772 αὑτοῦ
1677 4720 1865 4788 ἀμφό-

291 4824 438 4874 τερα
474 4809 801 4873 πέπρακταί
833 4824 895 4860 τε
924 4808 1022 4861 καὶ
1049 4809 1347 4863 λέλεκται.

370 4899 623 4968 Πέμπτον
664 4900 719 4951 δὲ
752 4900 919 4969 λαϐὴν
959 4902 1317 4970 προταθεῖσαν
1358 4903 1506 4969 παρὰ
1548 4903 1655 4954 τῶν
1687 4903 1863 4955 αὐτῶν

292 4991 590 5059 αἱρετικῶν
649 4992 786 5043 κατὰ
852 4992 1041 5059 φωνῶν
1095 4994 1294 5062 ὁμοίων
1347 4994 1440 5046 τοῦ
1500 4994 1661 5047 αὑτοῦ
1718 4994 1861 5063 ἱεροῦ

294 5078 492 5146 ανδρὸς
516 5079 604 5131 διὰ
631 5081 727 5147 τῆς
752 5083 943 5149 ὁμοίας
971 5085 1319 5153 ἐπιρραπίζει
1347 5084 1588 5152 μεθόδου.
1626 5085 1779 5135 Ἐστι
1807 5084 1861 5135 δὲ

294 5168 699 5237 ὴ,φωνὴ’Ποία
727 5174 912 5237 φύσις
941 5172 1330 5241 διαπέπαρται
1362 5174 1482 5238 τοῖς
1508 5174 1676 5239 ἣλοις
1703 5175 1769 5226 ἐν
1786 5173 1863 5237 τῷ

293 5256 405 5311 τοῦ
481 5258 747 5326 σταιφοῦ
818 5260 985 5324 ξύλῳ
1054 5262 1157 5313 τοῦ
1224 5265 1718 5332 προσπεπητότος
1787 5262 1865 5326 τῷ

1891 4790 1940 4849 D

2055 3910 2316 3975 Quartum
2354 3923 2479 3961 vero
2509 3917 2670 3976 caput
2702 3915 2892 3961 contra
2931 3905 3399 3973 reprehensionem
3435 3907 3534 3956 Ita-

1979 4003 2295 4054 reticorutn.
2332 4000 2676 4053 lunocentem
2729 4011 3112 4067 usquequaque
3158 3997 3393 4050 ostendit
3440 4014 3533 4064 per

1980 4090 2213 4144 similem
2248 4090 2577 4151 metltodum,
2606 4102 2764 4141 voces
2796 4102 2922 4141 vero
2949 4087 3343 4141 consentientes
3377 4101 3532 4139 accu-

1978 4190 2095 4233 sato
2123 4180 2406 4246 adjiciens,
2438 4179 2635 4245 quibus
2684 4186 2741 4229 ut
2776 4178 2914 4230 solet
2958 4186 3267 4229 sanctorum
3315 4174 3529 4227 Patrum

1978 4279 2149 4323 enatus
2206 4270 2390 4323 utitur.
2446 4269 2554 4322 lloc
2600 4278 2775 4320 autem
2828 4278 2983 4335 caput
3038 4268 3199 4320 verba
3255 4268 3365 4333 ipsa
3407 4276 3533 4320 sunt

1978 4358 2175 4412 Leonis
2198 4360 2334 4428 (69),
2369 4375 2486 4427 qua:
2518 4360 2595 4413 sic
2626 4358 2740 4413 fere
2782 4359 3016 4412 habent:
3062 4356 3217 4410 Fletu
3246 4362 3417 4410 carnis
3454 4375 3533 4410 ve-

1975 4452 2184 4503 ritatem
2225 4451 2468 4508 ostendit.
2502 4452 2848 4503 resurrexisse
2878 4466 2991 4503 vero
3006 4452 3072 4502 ad
3104 4450 3238 4502 vocis
3260 4451 3531 4516 imperium

1975 4539 2260 4604 Lazarum,
2312 4540 2701 4592 immaculatum
2756 4542 2870 4607 ejus
2910 4540 3231 4591 divinitatem
3275 4539 3526 4591 declarat.

1979 4632 2053 4683 Ab
2085 4647 2189 4684 uno
2222 4634 2357 4685 enim
2384 4643 2603 4699 utraque
2633 4644 2679 4683 et
2707 4634 2848 4683 dicm
2871 4640 2919 4683 et
2951 4630 3112 4697 facta.

2040 4894 2297 4959 Quintum
2332 4909 2457 4947 vero
2493 4894 2865 4947 hereticorum
2912 4902 3223 4963 praetextum
3275 4893 3527 4961 aﬂ'erens,

1970 4997 2158 5040 eontra
2216 5001 2405 5039 vocum
2456 4986 2861 5039 similitudinem
2901 4986 3137 5053 ejusdem
3172 4987 3271 5039 viri
3330 4992 3525 5043 sancti.

1971 5096 2066 5147 per
2096 5081 2324 5132 similem
2367 5080 2683 5132 methodum
2730 5078 2939 5131 refellit.
2979 5078 3147 5131 Verba
3180 5078 3321 5131 illius
3354 5090 3478 5130 sunt

1973 5173 2160 5235 Qualis
2209 5183 2400 5224 natura
2432 5175 2587 5225 clavis
2636 5174 2788 5241 afﬁxa
2838 5174 2889 5223 in
2928 5172 3121 5243 247a
3177 5172 3318 5241 ligno
3361 5188 3522 5223 crucn

1972 5275 2241 5329 compacta
2274 5266 2465 5316 cruce?
2513 5263 2621 5317 Hoc
2657 5265 2869 5331 quidem
2901 5268 3076 5332 Capite
3101 5273 3154 5317 et
3194 5263 3382 5317 lsidori
3413 5282 3521 5315 tuo-

1577 5398 1810 5453 VARIIE
1845 5399 2241 5455 LECTIONES.

379 5556 425 5587 ⁵⁸
453 5554 657 5625 ταύτην
685 5554 808 5607 add.
836 5556 899 5608 Α.
976 5557 1019 5587 ⁵⁸
1046 5555 1345 5625 ῥρθοδοξείν
1381 5577 1435 5623 ς.

292 5627 561 5694 Scaliger.
616 5624 619 5625 ⁷
650 5625 693 5656 ⁸³
725 5626 863 5695 ἑνὸς]
901 5627 1028 5695 παρ’
1048 5624 1164 5689 ἑνὸς
1196 5627 1443 5683 Ιιυιιιοιιι.

1534 5560 1576 5589 ⁸ο
1595 5560 1743 5629 αὐτῷ
1773 5562 1864 5613 καὶ
1923 5562 1972 5614 τὸ
2006 5564 2254 5632 δεύτερον
2291 5568 2350 5619 Λ.

2485 5573 2518 5586 “
2561 5569 2731 5638 Osiacf
2768 5572 2911 5638 ὲερὶς
2947 5588 2978 5630 Τ
3096 5571 3138 5598 ’³
3170 5570 3254 5629 out
3300 5570 3356 5618 si:
3392 5584 3518 5628 πιλς

1801 5720 2029 5777 ΝΟΤΑΞ.

368 5811 481 5880 (69)
515 5809 692 5879 Supra
714 5811 825 5867 hac
848 5810 1044 5867 Leonis
1072 5814 1232 5867 verba
1265 5814 1331 5867 ab
1364 5811 1584 5881 Eulogio
1634 5814 1946 5866 all'ct'uutur.
