4208 6448
811 393 925 460 963

1962 390 2223 451 PHOTII
2251 390 2754 450 PATRIARCHE
2786 391 2893 451 ΟΡ.

3942 394 4048 457 εει

819 505 977 559 nachi
1013 502 1166 566 clari,
1207 501 1550 555 Alexandrini
1608 501 1765 555 domo
1823 508 1877 555 et
1929 502 2070 556 inter
2114 503 2371 571 praesules

2481 500 2751 568 σταυρῷ;
2793 504 2849 553 ὲν
2880 500 3055 569 τούτῳ
3082 501 3160 571 τῷ
3193 501 3471 572 κεφαλαίῳ
3514 502 3608 555 καὶ
3632 501 3759 573 [406
3797 501 3889 573 ΙΙ.]
3922 505 4051 555 Ἰσισ

814 594 1064 657 illustris,
1094 593 1349 662 epistolas
1394 593 1595 661 aliquot
1640 594 1707 645 de
1753 593 1936 647 multis
1987 595 2225 657 adducit,
2254 610 2372 662 qua:

813 698 909 753 per
937 685 1114 737 omnia
1142 684 1470 736 conveniunt
1500 698 1620 737 cum
1654 685 1746 748 iis,
1775 698 1892 753 qua:
1918 692 1975 738 ut
2016 683 2179 753 impia
2212 686 2375 739 luere-

814 774 904 829 tici
934 773 1253 828 calumniari
1286 773 1485 827 solent.

880 1051 1057 1119 Atque
1098 1051 1149 1103 in
1199 1051 1282 1104 his
1310 1050 1525 1119 quidem
1564 1051 1794 1121 epistola
1838 1054 1903 1107 ad
1935 1052 2227 1108 Zenobium
2256 1068 2377 1107 ver-

812 1156 981 1198 satur.
1038 1145 1167 1197 Aliae
1224 1145 1288 1197 ad
1343 1144 1700 1198 Justinianum
1766 1146 2146 1214 imperatorem
2200 1147 2377 1199 missa:

814 1237 1006 1290 litterae
1040 1254 1052 1288 :
1093 1236 1205 1287 hanc
1245 1236 1458 1302 quidem
1500 1236 1639 1290 illius
1678 1239 1928 1304 pietatem
1970 1237 2375 1301 commendans,

815 1325 903 1377 illa
942 1340 1069 1378 vero
1108 1327 1171 1377 de
1202 1323 1480 1376 monachis
1507 1323 1774 1393 religiosis
1812 1337 2051 1377 eremum
2086 1321 2373 1375 incolenti-

818 1419 917 1471 bus
968 1417 1181 1484 pietatis
1226 1415 1594 1470 testimonium
1646 1415 1975 1469 luculentum
2031 1417 2143 1467 dat.
2198 1412 2380 1467 Tertia

815 1521 942 1559 vero
972 1506 1221 1558 Anthimi
1279 1505 1556 1574 synodalia
1588 1516 1842 1559 accurate
1870 1507 1935 1559 de
1972 1505 2091 1559 lidei
2124 1504 2384 1574 dogmati-

813 1600 934 1658 bus,
962 1606 1015 1649 et
1055 1598 1214 1648 missa
1254 1605 1307 1647 et
1349 1597 1549 1661 scripta
1582 1612 1699 1648 esse
1741 1595 2009 1659 ostendit;
2047 1594 2211 1646 altera
2254 1609 2382 1647 vero

813 1690 881 1741 ad
923 1690 1093 1756 ipsum
1149 1688 1381 1739 mittitur
1427 1688 1738 1740 Anthimum
1778 1697 1898 1753 post
1945 1686 2247 1755 synodalia,
2287 1701 2381 1740 eo-

814 1797 930 1833 rum
960 1780 1317 1832 laudationem
1355 1794 1457 1831 non
1498 1793 1785 1839 excusans,
1828 1778 1981 1846 quasi
2033 1778 2164 1829 nihil
2194 1778 2383 1831 Anthi-

812 1871 885 1923 mi
915 1869 1201 1935 impietatis
1248 1868 1298 1919 in
1338 1867 1402 1920 iis
1441 1874 1714 1935 appareat,
1766 1863 1869 1917 nisi
1913 1864 2053 1930 quod
2090 1863 2386 1917 minutissi-

814 1972 925 2021 me,
966 1966 1021 2009 et
1088 1954 1495 2009 accuratissime
1533 1954 1844 2006 Anthimum
1905 1953 2139 2019 postulet
2189 1953 2382 2021 recipi;

814 2049 1091 2119 Eutychen
1124 2058 1174 2100 et
1209 2048 1466 2116 Eutychis
1497 2047 1749 2115 dogmata
1785 2045 2265 2097 exconimuuicari.

2471 593 2641 661 δώρου
2671 592 2763 645 τοῦ
2808 594 2865 644 έν
2903 593 3190 661 μονάζουσι
3237 594 3599 662 περιϐλέπτου
3636 594 4051 663 (Ἀλεξανδρεὺς

2471 683 2526 735 δὲ
2552 683 2613 733 τὸ
2641 682 2797 749 γένος
2821 674 2975 743 οὗτος
2994 677 3081 750 ἦν,
3112 680 3207 733 καὶ
3232 684 3342 742 τοῖς
3372 680 3723 752 ἀρχιερεῦσιν
3750 681 4049 747 αἰδέσιμος)

2471 773 2759 841 διαφόρους
2789 773 2847 836 ἐξ
2876 772 3177 825 ἐπιστολῶν
3211 773 3481 842 διαφόρων
3519 775 3741 843 χρήσεις
3779 773 4050 839 ἐπιφέρει,

2473 865 2527 917 αἳ
2553 866 2689 917 κατά
2722 866 2897 918 πάντα
2921 866 3281 935 συμϐαίνουσι
3304 870 3422 929 ταῖς
3449 868 3600 937 παρὰ
3620 867 3730 919 τῶν
3758 866 4053 935 αίρετικῶν

2473 959 2547 1021 ὼς
2576 960 2673 1010 οὐκ
2702 959 2949 1010 εὐσεϐέσι
2980 961 3530 1029 συκοφαντουμέναις.

2559 1050 2700 1100 Ἀλλ’
2735 1048 2908 1101 ταῦτα
2940 1050 3039 1119 μὲν
3098 1051 3131 1119 ὴ
3187 1051 3323 1119 πρὸς
3379 1050 3635 1119 Ζηνόϐιον
3684 1050 3951 1118 ἐπιστολὴ
3991 1051 4057 1101 τὰ

2478 1139 2743 1206 κεφάλαια
2776 1141 2933 1191 πόνον
2957 1143 3211 1193 ἐποιεῖτο.
3248 1142 3473 1211 Ἐτεραι
3520 1143 3577 1194 δὲ
3615 1142 3767 1211 αὐτῷ
3800 1144 3942 1211 πρὸς
3967 1144 4059 1195 τὸν

2480 1232 2701 1299 βασιλέα
2743 1227 3119 1284 Ἰούστινια⁹νὸν
3178 1233 3482 1301 γράφονται
3542 1234 3850 1293 ἐπιστολαὶ,
3891 1235 3927 1302 ἠ
3962 1235 4063 1302 μὲν

2479 1323 2642 1375 αὐτοῦ
2693 1323 2790 1393 τὴν
2842 1324 3126 1375 εὐσέϐειαν
3186 1323 3584 1393 ἀποδεχομένη,
3638 1326 3671 1393 ή
3704 1324 3761 1375 δὲ
3795 1324 4063 1392 ἀσκητῶν

2479 1430 2641 1464 τινων
2676 1414 2915 1465 εὐσεϐῶν
2964 1414 3062 1483 τὴν
3085 1414 3288 1482 ἔρημον
3324 1414 3618 1467 οἰκούντων
3651 1415 4065 1483 διαμαρτυρίαν

2483 1503 2621 1572 ὑπὲρ
2678 1504 2956 1565 εὐσεϐείας
3026 1506 3458 1574 προτεινομένη,
3520 1507 3682 1575 έτέρα
3734 1506 3789 1557 δὲ
3846 1505 3919 1556 τά
3968 1506 4062 1556 τοῦ

2495 1594 2747 1661 ’Λνθίμου
2816 1596 3067 1647 συνοδικά
3127 1595 3267 1648 κατά
3321 1596 3420 1665 τὴν
3476 1596 3764 1665 ἀκρίϐειαν
3819 1595 3935 1647 τῶν
3967 1597 4067 1662 τῆς

2498 1686 2823 1754 Ἐκκλησίας
2852 1688 3137 1755 δογμάτων
3186 1686 3409 1750 ἀξιοῦσα
3435 1687 3841 1756 διατυπωθῆναί
3878 1704 3943 1738 τε
3975 1688 4066 1739 καὶ

2486 1776 2877 1846 ἀποσταλῆναι.
2930 1778 3101 1845 Ἀλλη
3169 1778 3224 1829 δὲ
3278 1778 3412 1845 πρὸς
3436 1778 3598 1828 αὐτὸν
3651 1777 3742 1827 τὸν
3796 1777 4066 1842 Ἀνθιμον

2494 1870 2632 1935 μετά
2684 1869 2751 1919 τὰ
2801 1868 3053 1920 συνοδικά
3104 1868 3383 1920 στέλλεται
3425 1869 3491 1929 ⁸⁵,
3526 1866 3665 1938 [καὶ]
3718 1867 3818 1936 τὴν
3840 1868 4067 1918 ἐκείνων

2491 1958 2761 2029 ἀποδοχὴν
2793 1960 2851 2011 οὐ
2882 1961 3316 2030 παραιτουμένη,
3348 1961 3442 2013 ἀτε
3481 1961 3643 2029 μηδὲν
3676 1962 3733 2011 ὲν
3756 1962 3947 2021 αὐτοῖς
3972 1960 4065 2011 τοῦ

2503 2050 2753 2117 Ἀνθίμου
2786 2051 3185 2120 ἐμφανίσαντος
3222 2053 3319 2121 τῆς
3357 2052 3696 2113 δυσσεϐείας,
3730 2051 3871 2119 πλὴν
3894 2068 4066 2120 προσ-

813 2146 981 2197 θεῖναι
1001 2144 1090 2197 τὸν
1120 2144 1380 2211 ’Δνθιμον
1440 2142 1639 2205 ἐξαιτεῖ
1670 2140 2164 2210 λεπτομερέστερόν
2196 2157 2255 2192 τε
2288 2145 2380 2194 καὶ
2418 2145 2809 2217 ἀκριϐέστερον
2869 2148 3086 2218 Εὐτυχῆ
3109 2165 3164 2199 τε
3200 2152 3292 2201 καὶ
3341 2150 3410 2201 τὰ
3484 2148 3752 2217 Εὐτυχοῦς
3819 2150 4067 2217 δόγματα

811 2236 893 2300 εἰς
911 2237 1154 2306 ἀνάθεμα
1185 2236 1401 2287 θέεσθαι
1414 2276 1425 2288 .

884 2328 1113 2381 Mittitur
1144 2336 1198 2380 et
1234 2327 1297 2379 ad
1327 2324 1685 2377 Domitianum
1718 2323 1965 2393 epistola,
1996 2323 2088 2391 qui
2121 2322 2383 2387 incidens,

814 2420 1093 2480 utscribit,
1122 2420 1171 2470 in
1194 2417 1311 2483 ejus
1331 2418 1572 2483 quaedam
1600 2417 1784 2479 verba,
1806 2414 2048 2467 turbatus
2076 2423 2158 2467 est
2187 2424 2386 2477 mente,

816 2518 869 2562 ιιι
908 2512 1039 2563 solvi
1061 2510 1445 2561 dubitationem
1468 2509 1760 2574 exoptavit.
1791 2504 1959 2559 Verba
1994 2516 2170 2559 autem
2204 2514 2331 2557 sunt
2367 2522 2379 2557 :

824 2597 946 2650 Non
976 2608 1141 2665 potest
1178 2614 1398 2662 persona
1430 2613 1686 2663 personte,
1716 2614 1817 2663 qna
1852 2612 2070 2659 persona
2105 2596 2386 2661 est,uniri,

816 2699 869 2737 nt
918 2686 1101 2738 Petrus
1127 2698 1173 2736 et
1212 2684 1412 2737 Paulus
1445 2702 1599 2737 unam
1629 2689 1960 2754 eamdemque
1978 2702 2250 2753 personam
2274 2702 2396 2737 con-

815 2778 1049 2841 stituere,
1088 2778 1174 2829 sed
1204 2794 1361 2845 neque
1392 2779 1682 2829 substantia
1728 2795 1843 2830 cum
1886 2780 2052 2829 altera
2080 2779 2394 2832 substantia,

818 2880 873 2920 ut
899 2886 990 2935 per
1040 2886 1153 2921 eam
1190 2870 1297 2919 alia
1327 2870 1581 2932 subsistit,
1634 2870 1688 2920 in
1738 2870 2060 2921 identitatem
2086 2869 2394 2921 substantia:

815 2960 1089 3010 convenire
1121 2975 1136 3010 :
1176 2972 1251 3022 ut,
1307 2961 1469 3009 animi
1503 2969 1549 3009 et
1589 2962 1819 3024 corporis
1850 2970 2064 3022 natura,
2103 2975 2261 3009 unam
2295 2973 2395 3009 non

814 3059 981 3116 potest
1012 3050 1258 3115 per/icere
1290 3063 1556 3113 naturam,
1599 3051 1699 3101 nisi
1731 3051 1845 3116 quis
1877 3050 2010 3117 forte
2041 3052 2094 3101 in
2126 3063 2393 3100 commune

820 3140 949 3207 quid
977 3140 1115 3206 quod
1165 3141 1374 3205 a/I'erat,
1406 3142 1688 3191 secundum
1720 3140 1837 3189 illas
1881 3148 1929 3190 et
1963 3139 2105 3204 prius
2142 3139 2279 3188 uniri
2312 3138 2390 3186 in-

2562 2321 2690 2391 [780
2720 2320 2812 2391 Κ]
2832 2322 3036 2391 Γράφει
3060 2322 3228 2374 δὲκαὶ
3251 2322 3385 2391 πρὸς
3408 2320 3729 2390 Δομετιανὸν
3747 2318 4055 2389 ἐπιστολὴν,

2492 2410 2549 2471 ὃς
2583 2412 2817 2478 ἐντυχὼν
2834 2412 2929 2480 (ὠς
2950 2412 3010 2463 τὸ
3032 2412 3267 2481 γράμμα
3292 2412 3462 2481 λέγει)
3490 2412 3697 2481 ῥήμασί
3722 2428 3836 2462 τισι
3862 2410 3959 2461 τοῦ
3975 2414 4069 2461 ἀν-

2492 2500 2615 2566 δρὸς
2649 2501 2972 2569 διεταράχθη
3030 2518 3090 2552 τε
3122 2502 3247 2562 τοὺς
3281 2501 3575 2569 λογισμοὺς
3619 2500 3713 2552 καὶ
3740 2498 4066 2567 ὲπιλυθῆναι

2496 2592 2591 2660 τὴν
2620 2593 2855 2661 ἀπορίαν
2883 2594 3139 2662 ἐζήτησε.
3198 2594 3278 2645 Τὰ
3323 2594 3379 2645 δὲ
3425 2595 3646 2662 ῥήματα
3678 2592 3834 2658 ἔλεγε
3852 2591 4028 2643 ταῦτα
4048 2606 4061 2618 ·

2504 2688 2622 2736 Οὐκ
2652 2686 2821 2737 ἐστιν
2856 2687 3199 2738 ὑπόστασιν
3227 2685 3561 2739 ὑποστάσει
3613 2684 3907 2748 ἑνωθῆναι
3936 2682 4067 2736 καθ’

2496 2779 2856 2837 ὑπόστασιν,
2880 2773 3009 2829 οἷον
3058 2778 3302 2829 Παῦλον
3336 2779 3435 2830 καὶ
3472 2778 3696 2843 Πέτρον
3727 2778 3877 2843 μίαν
3911 2778 4065 2829 ὑπό-

2492 2884 2712 2918 trramr
2728 2868 3090 2920 ἀποτελέσαι
3135 2868 3453 2921 ἀδύνατον.
3498 2868 3660 2921 Ἀλλ’
3676 2867 3817 2920 οὐδὲ
3844 2868 4068 2919 οὐσίαν

2492 2958 2657 3022 ἑτέρᾳ
2693 2959 2873 3023 οὐσίᾳ
2904 2959 2967 3021 ⁸⁸,
3000 2958 3147 3010 καθὸ
3178 2959 3551 3024 ἑτεροούσια,
3589 2960 3675 3022 εις
3732 2958 4067 3023 ταυτότητα

2491 3046 2810 3097 συνελθεῖν
2833 3048 3069 3111 οὐσίας,
3104 3043 3233 3100 οἷον
3272 3048 3481 3115 ψυχῆς
3529 3051 3625 3100 καὶ
3658 3050 3932 3115 σώματος
3961 3052 4066 3101 οὐ·

2499 3138 2644 3188 σίαν
2668 3138 2816 3204 μίαν
2874 3140 3093 3191 οὐσίαν
3153 3140 3517 3193 ἀποτελέσαι
3560 3141 3605 3171 ⁸⁸
3644 3141 3983 3208 ἀμήχανον,
4013 3142 4065 3192 εί

814 3232 972 3282 vicem
1016 3232 1225 3282 minime
1250 3234 1589 3292 conducebat,
1624 3231 1838 3296 utquod
1872 3231 1927 3281 in
1975 3238 2266 3280 creaturam
2289 3230 2386 3293 [er-

2487 3226 2662 3292 μήπω
2690 3227 2803 3292 ἄρα
2827 3245 2917 3291 τις
2948 3232 3033 3293 εις
3052 3230 3371 3294 κοινότητά
3410 3248 3543 3283 τινα
3571 3204 3802 3297 ταύταξ-⁷
3844 3233 4064 3300 ἀνάγῃ,

816 3338 922 3381 tur,
956 3324 1028 3372 rel
1054 3325 1168 3382 hoc,
1204 3325 1254 3371 in
1303 3334 1551 3387 tempore,
1578 3323 1652 3373 rel
1680 3323 1895 3373 similia.
1939 3321 2087 3375 Tunc
2110 3322 2243 3372 enim
2283 3336 2383 3370 non

813 3413 1033 3474 amplius
1067 3416 1283 3465 diversa:
1338 3424 1539 3465 natura:
1578 3415 1629 3464 in
1662 3430 1817 3465 unam
1869 3423 2111 3464 naturam
2136 3427 2382 3463 convene-

813 3513 955 3553 runt.
994 3503 1097 3555 Sed
1125 3520 1242 3572 qua:
1280 3504 1467 3557 habent
1513 3504 1819 3557 substantiw
1862 3504 1925 3555 ab
1958 3505 2106 3554 initio
2159 3506 2383 3555 consub-

810 3596 1226 3648 stantialttatem
1298 3598 1672 3648 communitate
1753 3597 1979 3664 quadam
2056 3596 2383 3663 longinima,

811 3683 949 3735 idem
994 3684 1083 3750 jus
1133 3695 1301 3739 tenere
1342 3689 1602 3739 videntur.
1659 3686 1786 3752 Qua:
1836 3688 1976 3740 enim
2024 3686 2382 3738 Domitianum

814 3776 1055 3837 turbant,
1093 3787 1146 3829 et
1206 3792 1436 3841 quorum
1483 3780 1771 3846 exoptabat
1816 3778 2157 3838 solutionem,
2197 3785 2249 3829 et
2290 3790 2384 3827 na-

809 3880 929 3921 ctus
962 3877 1098 3931 erat,
1135 3870 1248 3921 hinc
1279 3877 1454 3921 erant.
1492 3866 1730 3921 Primum
1762 3869 1975 3936 quidem
2008 3884 2110 3920 non
2148 3867 2382 3919 incredi-

812 3958 902 4011 bili
947 3974 1195 4012 sermone
1256 3959 1649 4013 dubitationem
1690 3962 2018 4028 aggreditur.
2080 3959 2283 4012 Deinde
2332 3968 2387 4011 ct

811 4061 907 4115 per
964 4059 1276 4099 sanctorum
1324 4048 1545 4099 Patrum
1603 4063 1763 4102 voces
1794 4052 2008 4117 propria
2039 4064 2100 4103 ac
2142 4048 2381 4115 subjecta

810 4138 971 4190 verba
1022 4147 1166 4189 recte
1213 4137 1629 4192 concluduntur.
1678 4139 1745 4193 Et
1791 4140 1904 4193 hac
1931 4139 2144 4208 quidem
2193 4148 2386 4193 tractat

816 4225 1047 4295 epistola
1082 4226 1148 4278 ad
1193 4226 1578 4283 Domitianum.

884 4486 1066 4539 Altera
1124 4500 1253 4538 vero
1298 4485 1365 4538 ad
1413 4485 1698 4553 quemdam
1742 4488 2127 4557 Syuclctieum,
2167 4490 2382 4542 nomine

812 4577 1176 4648 (Tarsensem)
1236 4576 1525 4641 scribitur,
1579 4579 1858 4647 proferens
1920 4591 1973 4633 et
2030 4580 2219 4650 25712
2274 4582 2374 4633 ista

813 4667 1231 4735 disputationem
1290 4684 1409 4720 cum
1453 4670 1757 4736 Aeephalis.
1800 4670 1914 4736 Qua
1964 4683 2080 4737 post
2125 4673 2373 4723 unionem

815 4770 1168 4829 agnoscentes
1218 4771 1464 4812 naturam
1516 4758 1704 4814 Patres
1738 4761 1978 4824 adducit,
2025 4771 2078 4813 et
2111 4778 2374 4828 nusquam

814 4866 909 4919 per
939 4852 1059 4904 illos
1100 4850 1263 4902 ullam
1308 4864 1659 4916 personarum
1712 4853 1986 4915 unionem,
2027 4867 2197 4919 neque
2239 4853 2375 4904 divi-

813 4956 951 5005 sam,
994 4956 1166 5009 neque
1196 4952 1527 5009 separatam.
1562 4942 1626 4995 Et
1661 4943 1966 4995 testimonia
2004 4943 2139 4994 idem
2172 4954 2377 4995 testan-

814 5035 885 5084 tia
921 5030 1288 5098 proferuntur,
1323 5033 1527 5101 Cyrilli,
1564 5033 1804 5101 inquam,
1830 5033 2073 5101 Gregorii
2102 5033 2377 5101 Thenlugi,

812 5132 867 5174 et
928 5120 1178 5183 aliorum,
1210 5121 1413 5189 Deique
1446 5122 1708 5184 Ecclesia,
1736 5138 2029 5191 onmesque
2054 5125 2183 5176 adeo
2214 5124 2376 5176 Chal-

812 5214 1133 5267 cedonensis
1178 5216 1369 5283 synodi
1421 5214 1629 5277 Patres,
1682 5232 1842 5267 unum
1887 5214 2165 5269 Trinitatis
2212 5216 2374 5269 Deum

815 5297 1047 5353 Verbum
1098 5302 1437 5355 incarnatum
1483 5312 1537 5356 et
1572 5304 1843 5357 hominem
1878 5318 1996 5357 esse
2022 5306 2243 5367 factum,
2277 5321 2373 5358 cu-

810 5390 897 5457 jus
922 5401 974 5443 et
1004 5394 1296 5446 secundum
1331 5394 1637 5463 hypustasin
1668 5396 1923 5448 unitatem
1952 5406 2006 5448 et
2054 5409 2338 5449 senserunt
2359 5436 2372 5458 ,

814 5481 1341 5547 etptazdicaverunt,
1394 5485 1734 5553 primumque
1786 5484 1878 5539 Dei
1940 5495 2167 5538 matrem
2226 5500 2371 5538 com-

2410 4545 2460 4602 D

2493 3318 2616 3369 καθ’
2650 3317 2727 3381 ἢν
2756 3320 2853 3371 καὶ
2884 3321 3025 3385 πρὶν
3043 3320 3335 3387 ὲνωθῆναι
3360 3324 3650 3390 ἀλλήλων
3668 3327 3738 3377 οὺ
3762 3324 4062 3392 διέφερω·,

2491 3400 2621 3456 οἷον
2652 3407 2715 3457 τὸ
2750 3409 2791 3436 ⁸⁷
2821 3410 2906 3471 εἱς
2935 3408 2999 3459 τὸ
3021 3410 3265 3462 κτιστὸν
3304 3412 3589 3479 ἀναφέροι
3618 3415 3655 3479 ἢ
3684 3414 3748 3464 τὸ
3778 3417 3897 3467 ὑπὸ
3926 3418 4064 3483 χρό-

2497 3512 2603 3547 νον
2632 3498 2665 3561 ἧ
2694 3498 2764 3548 τὰ
2800 3498 2987 3565 ὅμοια.
3045 3503 3179 3553 Τότε
3227 3503 3334 3569 γὰρ
3386 3506 3585 3556 οὐκέτι
3622 3505 3993 3572 ἐτεροούσιαι
4017 3507 4060 3537 ⁸⁸

2491 3588 2690 3637 οὐσίαι
2726 3590 2811 3651 εἰς
2850 3589 2892 3618 δν
2917 3591 3065 3656 μίαν
3094 3593 3311 3643 οὐσίαν
3341 3582 3673 3660 συνῆλθον,
3701 3598 3839 3649 ἀλλ’
3870 3600 3931 3652 al
3960 3600 4062 3651 ἀπ’

2490 3674 2681 3741 ἀρχῆς
2731 3678 2983 3744 ἔχουσαι
3034 3682 3233 3732 οὐσίαι
3265 3682 3333 3734 τὸ
3382 3686 3706 3750 όμοούσιον
3755 3686 3910 3738 κατὰ
3949 3688 4065 3751 τὴν

2492 3769 2843 3835 πορῤωτάτω
2895 3774 3207 3847 κοινότητα
3242 3774 3306 3824 τὸ
3349 3775 3494 3827 αὐτὸ
3521 3777 3937 3843 φυλάττουσαι
3963 3781 4066 3831 έπ-

2490 3858 2941 3925 εδείχθησαν.“Α
2970 3862 3065 3929 μὲν
3080 3859 3170 3914 οὖν
3198 3863 3288 3915 τὸν
3312 3868 3638 3933 Δομετιανὸν
3666 3868 3937 3937 ἐθορύϐει,
3973 3872 4068 3922 καὶ

2490 3943 2564 4001 ὧν
2597 3954 2692 4019 τὴν
2722 3951 2875 4003 λύσιν
2934 3954 3188 4020 ἐπεζήτει
3219 3943 3312 4006 καὶ
3356 3956 3513 4024 ἔτυχε
3534 3995 3549 4019 ,
3602 3957 3776 4010 ταῦτα
3816 3956 3884 4029 ἦν
3905 3977 3919 3989 '
3950 3965 3979 4012 ὁ
4011 3963 4066 4013 δὲ

2491 4038 2706 4103 πρῶτον
2740 4040 2839 4107 μὲν
2866 4042 2965 4091 οὐκ
2982 4042 3226 4111 ἀπιθάνῳ
3249 4044 3491 4113 λογισμῷ
3521 4047 3617 4114 τὴν
3651 4048 4065 4119 ἀμφισϐήτησιν

2490 4132 2863 4198 περιέρχεται,
2924 4129 3039 4183 εἶτα
3091 4134 3146 4185 δὲ
3186 4135 3277 4187 καὶ
3304 4135 3392 4187 διά
3418 4136 3527 4187 τῶν
3555 4138 3844 4205 [ἰατρικῶν
3870 4143 4065 4205 φωνῶν

2490 4220 2556 4269 τά
2588 4221 2761 4270 οἰκεῖα
2816 4222 2910 4272 καὶ
2966 4223 3302 4292 προκείμενα
3355 4225 3533 4288 καλῶς
3561 4228 3704 4295 ἔχειν
3732 4228 3944 4295 βεϐαιοῖ
3966 4234 4065 4299 ῥή-

2494 4328 2657 4378 ματα.
2691 4312 2856 4381 Καὶή
2897 4314 2996 4382 μὲν
3046 4316 3179 4383 πρὸς
3230 4317 3558 4385 Δομετιανὸν
3592 4320 3853 4389 ἐπιστολὴ
3890 4323 4065 4374 ταῦτα

2491 4400 2773 4467 ἔπραττεν.

2570 4490 2734 4557 Ἄλλη
2785 4491 2841 4541 δὲ
2886 4491 3020 4561 πρὸς
3066 4492 3439 4561 Συγκλητικὸν
3479 4495 3715 4567 τοῦνομα
3738 4499 3985 4569 (Ταρσοῦ
4012 4503 4065 4554 δὲ

2490 4582 2893 4651 μητροπολίτην
2925 4584 3085 4636 αὐτὸν
3132 4586 3190 4636 τὸ
3232 4588 3467 4655 γράμμα
3507 4585 3636 4656 οἶδε)
3662 4590 4062 4659 διαπέμπεται,

2486 4671 2573 4721 τὸν
2601 4672 2785 4737 ἀγῶνα
2817 4675 2909 4725 καὶ
2940 4674 3076 4743 αὐτὴ
3098 4675 3187 4727 τὸν
3208 4677 3253 4707 ⁷⁸
3278 4678 3419 4729 κατά
3438 4679 3545 4731 τῶν
3579 4681 3898 4747 Ἀκεφάλων
3928 4686 4066 4753 ripa-

2485 4762 2707 4826 ἀγουσα.
2730 4763 2814 4814 Ἐν
2900 4764 3036 4832 μετά
3056 4767 3151 4834 τὴν
3180 4766 3372 4819 ἕνωσιν
3397 4771 3492 4831 τάς
3523 4770 3711 4836 φύσεις
3735 4776 3861 4835 τοὺς
3889 4776 4063 4826 Πατέ-

2488 4868 2587 4919 ρας
2620 4854 2856 4921 παράγει
2883 4855 3265 4923 γνωρίζοντας,
3326 4860 3420 4910 καὶ
3464 4859 3700 4929 οὐδαμοῦ
3737 4862 3826 4915 διά
3860 4866 4064 4926 ταύτας

2486 4942 2609 4994 οὐτε
2663 4945 2761 5012 τὴν
2815 4944 2935 4996 καθ’
2997 4947 3294 5000 ὑπόστασιν
3324 4949 3516 5002 ’ένωσιν
3554 4952 3677 5004 οὐτε
3716 4958 4064 5026 τεμνομένην

2485 5030 2604 5083 οὔτε
2627 5032 2890 5101 διαίρεσιν
2923 5036 3014 5087 καὶ
3038 5035 3303 5104 διχασμὸν
3329 5038 3730 5107 ὑπομένουσαν.
3766 5044 3881 5095 Καὶ
3917 5064 4063 5116 μαρο

2484 5123 2667 5191 τυρίαι
2703 5124 2865 5175 πάλιν
2884 5126 3242 5195 προέρχονται
3263 5127 3581 5196 βεϐαιοῦσαι
3604 5132 3663 5184 τὸ
3695 5136 4065 5204 προκείμενον

2486 5216 2753 5284 Κυρίλλου
2784 5234 2839 5268 τε
2865 5218 2960 5269 καὶ
3010 5220 3101 5270 τοῦ
3131 5220 3378 5288 θεολόγου
3423 5224 3461 5273 Γ
3466 5227 3724 5295 ρηγορίου
3757 5230 3853 5280 καί
3886 5230 4065 5282 ἄλλων

2485 5307 2765 5375 Πατέρων.
2825 5310 2933 5360 Καὶ
2987 5311 3066 5361 ὅτι
3103 5312 3133 5379 ἡ
3181 5313 3471 5382 Ἐκκλησία
3514 5316 3609 5367 τοῦ
3652 5317 3787 5370 Θεοῦ
3821 5322 4064 5392 καὶήὲν

2484 5396 2791 5464 Καλχηδόνι
2852 5400 2891 5428 ⁷¹
2940 5399 3154 5464 σύνοδος
3201 5403 3292 5454 τὸν
3335 5405 3429 5455 ἕνα
3458 5403 3588 5475 [407
3624 5407 3710 5479 ΙΙ.]
3751 5412 3851 5479 τῆς
3894 5414 4061 5481 ἀχίεις

2485 5488 2709 5556 Τριάδυς
2750 5489 2883 5541 Θεὸν
2918 5492 3087 5558 Λόγον
3121 5493 3374 5562 ὁμολογεῖ
3404 5498 3750 5569 σαρκωοῆναι
3781 5506 3875 5555 καὶ
3909 5506 4063 5577 ἐναεί-

2120 5600 2345 5654 VARI/13
2392 5602 2798 5658 LI‘JC'I‘IONES.

886 5691 929 5719 “
955 5690 1157 5743 στέλλει
1187 5694 1249 5745 Α.

897 5694 929 5770 ξδ
955 5694 1157 5743 στέλλει
1187 5694 1249 5745 Α.
1356 5694 1398 5770 ξδ
1428 5696 1709 5764 έτερούσια
1741 5714 1797 5759 ς.

820 5776 1117 5827 ρουσιαις.

1880 5697 1923 5726 ⁶⁶
1958 5696 2277 5747 ἀποτελέσαι
2315 5699 2350 5748 Λ
2388 5714 2398 5746 :
2431 5697 2857 5767 ἀποτελεσθῆναι
2890 5718 2948 5763 τ.

1195 5764 1237 5794 ⁸³
1276 5762 1376 5832 εἰς]
1417 5767 1463 5816 εἰ
1492 5762 1567 5827 εἷς
1600 5770 1662 5820 Λ.
1698 5769 1737 5796 ⁷⁰
1779 5768 1869 5819 τὸν
1898 5768 1934 5817 Λ
1979 5787 1986 5813 '.
2025 5769 2127 5817 τῶν
2161 5784 2215 5824 τ’.
2284 5768 2321 5795 ⁷¹
2366 5767 2650 5833 χαλκηδόνι
2687 5784 2738 5825 ς’.

3128 5699 3153 5715 ν

3027 5704 3067 5733 ⁸⁷
3100 5702 3208 5755 οἷον
3248 5703 3328 5774 τὸ]
3359 5720 3536 5764 nonne
3569 5702 3679 5761 οἷον
3700 5711 3749 5761 εἰ
3776 5710 3799 5762 ?
3870 5711 3917 5741 ⁸⁸
3939 5712 4061 5763 tte-
