4208 6448
185 426 300 490 965

1207 418 1726 482 BIBLIOTHECA-
1756 443 1814 459 -
1853 419 2016 481 COD.
2050 418 2406 482 CCXXVIII.

3312 419 3417 483 966

192 534 511 605 θρωπῆσαι,
531 525 591 587 οὑ
610 531 703 585 καὶ
722 531 823 603 τὴν
838 529 962 585 καθ’
981 529 1280 584 ὑπόστασιν
1300 526 1408 583 οἶδε
1432 531 1527 583 καὶ
1549 547 1618 599 κη
1628 528 1725 598 ρύτ
1739 558 1753 569 -
1783 536 1825 590 Α

1783 536 1825 590 Α
1858 531 2086 597 pellasse
2138 530 2430 596 Elisabetb,
2473 543 2595 583 cum
2639 528 2716 583 ait
2746 543 2760 583 :
2792 526 2860 581 Et
2896 543 3033 581 unae
3064 528 3161 583 Itoc
3182 531 3331 597 mihi,
3360 544 3419 586 ut

193 645 281 680 τει
310 626 506 678 ἕνωσιν
526 640 541 655 ·
570 623 665 677 καὶ
690 623 771 675 ὅτι
800 621 1008 691 μητέρα
1030 620 1164 673 Θεοῦ
1188 621 1399 691 πρῶτον
1424 620 1520 690 μὲν
1554 622 1588 689 ἡ
1630 619 1766 671 Ἐλι-

192 713 370 767 σάϐετ
397 713 639 776 ἀνεῖπεν,
672 711 729 762 ὲν
758 705 841 771 οἷς
862 708 1046 784 λέγει’.
1061 708 1173 763 Kal
1203 709 1387 761 ,πόθεν
1412 725 1514 775 μοι
1566 707 1763 771 τοῦτο,

190 806 299 856 ἵνα
336 805 377 870 ἠ
406 802 614 869 Μήτηρ
642 802 749 855 τοῦ
782 801 1001 869 Κυρίου
1016 818 1149 869 μου.
1172 800 1319 866 ἔλθῃ
1342 800 1489 866 πρός
1520 814 1637 867 ys;
1670 814 1765 850 σα-

193 896 464 965 φέστερον
494 893 552 946 δὲ
571 891 679 945 τῶν
708 892 882 946 ἄλλων
914 890 1051 960 μετὰ
1066 889 1239 943 ταῦτα
1260 891 1357 957 τὴν
1381 888 1524 952 λέξιν
1551 888 1764 957 πρῶτος

192 988 222 1039 ὁ
251 988 402 1048 ὅσιος
428 984 580 1038 Λέων
610 986 639 1037 ὁ
670 983 858 1046 πάπας
898 983 1257 1052 προήνεγκεν.
1291 981 1377 1033 Ἐν
1400 981 1507 1049 γὰρ
1528 982 1591 1048 τῇ
1624 979 1761 1046 πρὸς

1867 634 2033 677 mater
2054 624 2264 677 Domini
2286 624 2387 677 mei
2403 624 2573 677 ueniat
2595 622 2664 676 ad
2682 638 2761 675 me
2778 632 2799 659 ³
2824 620 2848 673 2
2874 620 3084 676 Clarius
3106 638 3232 677 vero
3257 639 3418 693 quam

1868 715 1956 767 alii
2004 723 2188 782 postea
2226 712 2389 777 hanc,
2414 728 2601 765 vocem
2635 712 2855 779 protulit
2900 710 3009 765 Leo
3040 713 3299 781 pontifex.
3339 716 3419 770 Ad

1861 802 2094 857 Leonem
2128 802 2269 856 enim
2307 802 2685 867 imperatorem
2729 800 2808 854 sic
2840 800 3065 855 scribit:
3102 798 3421 854 Excommu-

1864 894 2065 946 nicetur
2117 891 2396 946 Nestorius
2456 890 2669 943 credent
2714 889 2940 942 Mariam
3001 906 3101 944 non
3155 891 3272 956 Dei,
3329 893 3420 945 sed

1870 981 2093 1033 hominis
2131 980 2384 1033 duntaxat
2403 995 2511 1033 esse
2552 978 2952 1042 Genilricem,et
2984 980 3097 1034 base
3125 982 3341 1049 quidem
3370 982 3421 1034 iu

191 1076 289 1128 τὸν
330 1076 538 1129 Λέοντα
583 1074 676 1127 τὸν
727 1073 949 1143 βασιλέα
995 1072 1253 1140 ἐπιστολῇ
1303 1072 1539 1139 ῥήμασιν
1586 1071 1769 1132 αὐτοῖς

727 1073 949 1143 βασιλέα
995 1072 1253 1140 ἐπιστολῇ
1303 1072 1539 1139 ῥήμασιν
1586 1071 1769 1132 αὐτοῖς
1866 1070 2104 1138 subjecta
2126 1070 2371 1136 epistola.

192 1170 375 1232 οὑτως
400 1168 629 1237 γράφει⁶
672 1164 1199 1233 Ἀναθεματιζέσθω
1242 1165 1559 1229 Νεστόριος
1586 1167 1618 1217 ὀ
1642 1164 1756 1228 τὴν
1799 1165 2097 1233 μακαρίαν
2160 1163 2259 1216 καί
2332 1166 2615 1219 θεοτόκον
2690 1166 2921 1233 Μαρίαν
2955 1166 3091 1234 οὐχὶ
3128 1167 3234 1220 τοῦ
3278 1171 3424 1225 Θεοῦ

193 1259 517 1326 ἀνθρώπου
533 1258 599 1309 δὲ
617 1259 807 1325 μόνον
835 1257 1132 1309 πιστεύων
1153 1251 1304 1308 εἶναι
1330 1254 1569 1322 μητέρα.
1605 1254 1761 1307 Ἀλλὰ
1796 1254 1968 1307 ταῦτα
2006 1255 2103 1323 μὲν
2137 1255 2234 1308 καὶ
2264 1256 2298 1325 ἠ
2332 1256 2667 1326 προκειμένη
2699 1257 2975 1326 ἐπιστολή.

266 1354 478 1423 Γράφει
516 1353 570 1404 δὲ
597 1354 626 1404 ὁ
657 1351 817 1412 αὑτὸς
876 1350 1128 1418 καὶπρὸς
1163 1349 1443 1418 Ἀνθιμιον
1474 1349 1769 1401 ἐπίσκοπον

197 1439 639 1511 Τραπεζοῦντος,
666 1442 722 1491 ὲν
797 1441 888 1491 τόν
924 1455 981 1490 τε
1022 1438 1243 1508 βασιλέα
1289 1439 1655 1491 Ἰουστινιανδν
1673 1438 1771 1505 τῆς

197 1531 491 1594 εὐσεϐείας
512 1531 859 1600 ἀποδέχεται,
890 1530 982 1583 καὶ
1010 1529 1101 1582 τὸν
1158 1529 1392 1598 δυστυχῆ
1424 1528 1635 1597 Εὐτυχῆ
1673 1530 1770 1595 τὴν

196 1626 529 1695 καθαίρεσιν
558 1624 1021 1692 ὑποστῆναι,διότι
1046 1625 1120 1692 μὴ
1152 1624 1408 1691 ἠνέσχετο
1432 1623 1525 1675 δύο
1557 1624 1771 1691 φύσεων

198 1716 403 1767 ’ένωσιν
437 1714 615 1781 λέγειν
638 1716 695 1766 ὲν
737 1716 833 1783 μιᾷ
871 1714 1188 1778 ὑποστάσει,
1221 1713 1558 1777 διατείνεται,
1595 1714 1773 1765 καίτοι

197 1823 268 1873 γε
295 1805 510 1871 τρανῶς
536 1804 644 1856 τῶν
688 1805 964 1875 θεοφόρων
1008 1804 1269 1873 Πατέρων
1300 1804 1453 1873 ἡμῶν
1497 1804 1651 1855 τοῦτο
1687 1805 1769 1855 δο-

1941 1349 2140 1403 Scribit
2175 1364 2305 1401 vero
2335 1350 2400 1401 ad
2430 1350 2742 1402 Antbimum
2779 1351 3085 1417 episcopum
3119 1351 3424 1419 Trapezun—

1872 1443 1960 1503 tis.
2011 1442 2062 1495 in
2091 1455 2192 1509 qua
2225 1440 2582 1494 Justinianum
2618 1450 2674 1492 ut
2712 1442 2854 1507 pium
2886 1442 3129 1508 suscipit,
3164 1451 3217 1495 et
3244 1442 3429 1495 infeli-

1870 1548 1987 1587 cem
2035 1531 2336 1602 Eutychem
2369 1530 2614 1583 haeresim
2657 1530 3004 1591 cunslilucre,
3042 1530 3165 1597 quia
3199 1545 3303 1584 non
3338 1548 3429 1585 su-

1873 1624 2058 1679 stinuit
2112 1627 2244 1676 duas
2294 1631 2514 1675 naturas
2549 1622 2601 1673 in
2633 1636 2735 1672 una
2791 1621 3063 1689 hypostasi
3099 1622 3417 1684 subsistere,

1874 1725 2088 1780 narrat;
2119 1724 2173 1768 et
2196 1712 2322 1767 illud
2354 1728 2448 1780 per
2480 1713 2609 1765 illud
2640 1714 2921 1781 perspicue
2950 1713 3137 1767 Patres
3169 1716 3233 1767 ad
3261 1731 3426 1768 unum

1872 1821 2081 1869 omnes,
2139 1814 2191 1857 et
2227 1805 2420 1858 docent
2469 1813 2524 1856 et
2572 1804 2882 1871 praedicant,
2932 1806 3023 1858 sed
3072 1806 3213 1859 illius
3261 1806 3428 1862 animi

198 1896 581 1966 γματιζόντων
630 1912 689 1946 τε
742 1895 836 1947 καὶ
867 1896 1379 1963 ἀνακηρυττόντων·
1415 1894 1530 1946 ἀλλ’
1565 1896 1768 1946 ἐκεῖνον
1803 1892 1842 1916 ³³

1766 1892 1842 1935 ι³³
1873 1895 2241 1963 impotentiam
2295 1892 2572 1946 ferendam
2631 1908 2735 1946 non
2787 1908 2923 1959 esse,
2972 1896 3063 1947 sed
3120 1910 3185 1949 ex
3226 1896 3428 1949 duabus

196 1986 293 2039 τὸν
316 1985 639 2055 παράφορον
668 1983 741 2052 μὴ
760 1984 1067 2053 ἀνέχεσθαι,
1088 1984 1222 2037 ἀλλὰ
1245 1987 1307 2036 ἐκ
1327 1983 1419 2035 δύο
1443 1985 1539 2051 μὲν
1559 1983 1773 2051 φύσεων

197 2075 528 2144 γεγενῆσθαι
582 2076 671 2126 τὸν
722 2074 942 2143 Κύριον,
996 2075 1133 2144 μετὰ
1164 2076 1221 2126 δὲ
1254 2074 1352 2144 τὴν
1373 2074 1563 2127 ἕνωσιν
1590 2076 1772 2127 οὐκέτι

197 2167 296 2219 δύο
317 2166 440 2218 οὑδὲ
474 2166 530 2217 ὲν
552 2165 643 2216 δύο
667 2163 1048 2235 γνωρίζεσθαι,
1085 2166 1212 2235 μίαν
1239 2166 1295 2220 δὲ
1332 2166 1491 2233 φύσιν
1522 2169 1657 2234 μετὰ
1676 2166 1773 2234 τὴν

199 2260 405 2312 ἕνωσιν
431 2256 844 2329 τερατεύεσθαι.
894 2253 987 2320 Οἷς
1039 2260 1348 2326 συμφωνεῖν
1392 2258 1653 2326 διελέγχει
1682 2258 1773 2309 καὶ

198 2354 305 2417 τὴν
327 2351 635 2419 λῃστρικὴν
696 2349 754 2400 ὲν
793 2348 1005 2417 Ἐφέσῳ
1033 2349 1269 2411 σύνοδον,
1302 2349 1484 2410 αὐτοῖς
1516 2348 1774 2400 εἰποῦσαν

202 2444 420 2510 ῥήμασι
454 2455 471 2471 ’
519 2441 756 2503 Τούτοις
795 2438 893 2492 καί
915 2437 1083 2507 ἡμεῖς
1112 2438 1335 2504 πάντες
1360 2441 1771 2506 συντιθέμεθα.

204 2538 320 2588 Καὶ
354 2534 429 2596 ὡς
460 2536 494 2602 ἡ
548 2534 603 2583 ὲν
654 2532 954 2600 Καλχηδόνι
1005 2532 1220 2595 σύνοδος
1258 2532 1346 2583 τόν
1380 2544 1440 2582 τε
1485 2531 1774 2599 Νεστόριον

202 2628 425 2679 καὶτὸν
458 2624 672 2693 Εὐτυχῆ
723 2624 827 2675 ὑπ’)
870 2624 981 2691 ῖσῳρ
1000 2622 1094 2675 καὶ
1142 2622 1309 2691 ὁμοίῳ
1362 2621 1437 2690 τῷ
1477 2621 1775 2690 ἀναθέματι

201 2718 385 2769 ἔθετο.
418 2716 525 2767 Καὶ
554 2716 635 2766 ὅτι
671 2714 731 2765 τὸ
749 2713 945 2765 εἰδέναι
967 2712 1064 2774 τὰς
1083 2711 1270 2779 φύσεις
1300 2712 1436 2780 μετὰ
1459 2711 1555 2779 τὴν
1586 2710 1777 2763 ἕνωσιν

203 2808 268 2857 έν
303 2807 400 2873 μιᾷ
432 2803 725 2855 ὑποστάσει
755 2804 932 2871 πάσης
955 2803 1100 2853 ἐστὶν
1130 2800 1405 2870 ἀλλότριον
1437 2800 1773 2869 διαιρέσεως,

203 2900 303 2949 καὶ
338 2895 495 2947 τοῦτο
516 2896 678 2957 αὑτός
724 2912 783 2946 τε
842 2893 1105 2961 Κύριλλος
1136 2894 1227 2943 xa‘t
1260 2893 1289 2942 ὁ
1320 2892 1505 2953 λοιπὸς
1528 2892 1635 2943 τῶν
1655 2891 1773 2943 θεο-

208 2988 395 3055 φόρων
436 2985 641 3052 ἀνδρῶν
676 2986 835 3053 χορὸς
863 2985 1140 3053 λαμπραῖς
1190 2982 1628 3051 ἀνακηρύττουσι
1655 2983 1775 3044 ταῖς

204 3080 442 3144 φωναῖς,
473 3076 591 3145 Πὸί
635 3075 726 3145 IL]
757 3076 997 3144 Εὑτυχὴς
1039 3076 1095 3126 δὲ
1139 3077 1232 3129 καὶ
1268 3077 1319 3128 oi.
1352 3074 1515 3128 αὑτοῦ
1547 3076 1653 3145 πρὸ
1677 3076 1777 3145 τῆς

1876 1987 2079 2039 naturis
2119 1993 2374 2039 constare
2417 1983 2718 2045 Christum,
2747 1995 2865 2052 post
2889 1988 3139 2039 unionem
3176 2003 3278 2040 non
3317 2004 3430 2040 am-

1874 2075 2011 2144 plius
2040 2076 2193 2139 duas,
2243 2088 2421 2143 neque
2461 2074 2511 2125 in
2564 2074 2769 2127 duabus
2803 2077 3075 2141 cognosci,
3107 2093 3265 2129 unam
3302 2092 3428 2130 vero

1875 2175 2119 2221 naturam
2167 2174 2287 2234 post
2340 2165 2596 2219 unitatem
2653 2164 2956 2232 prodigiose
2995 2168 3189 2221 asseri.
3227 2168 3430 2232 Quibus

1874 2270 2175 2309 consonare
2219 2257 2293 2309 ait
2338 2256 2710 2323 pradatoriam
2765 2256 2904 2308 illam
2951 2258 3001 2309 in
3029 2257 3242 2326 Epheso
3270 2274 3428 2328 syno-

1875 2348 2000 2401 dum
2029 2347 2141 2401 hzec
2168 2357 2495 2402 asserentem
2527 2365 2540 2400 :
2584 2346 2681 2399 His
2717 2357 2763 2399 et
2794 2363 2885 2400 nos
2913 2364 3085 2401 omnes
3114 2352 3307 2402 conditi
3338 2368 3430 2403 su-

1876 2457 2011 2500 mus,
2050 2449 2214 2507 utque
2254 2440 2444 2493 iisdem
2472 2439 2535 2491 de
2570 2439 2748 2492 causis
2773 2439 3229 2495 Chalcedonensis
3267 2458 3430 2513 syno-

1876 2532 1975 2584 dus
2005 2530 2305 2583 Nestorium
2342 2539 2393 2582 et
2425 2529 2719 2597 Eulycbem
2748 2532 3120 2584 condemnarit
3153 2550 3166 2587 :
3193 2544 3243 2585 et
3275 2550 3432 2589 nosse

1880 2632 2096 2673 naturas
2123 2628 2246 2689 post
2288 2619 2544 2672 unitatem
2579 2621 2630 2671 in
2666 2633 2770 2671 una
2797 2635 3042 2687 persona,
3072 2619 3139 2673 ab
3168 2624 3313 2674 omni
3348 2632 3434 2676 est

1876 2712 2137 2765 divisione
2168 2711 2421 2764 alienum.
2459 2708 2710 2777 Idemque
2744 2711 2932 2764 beatus
2974 2712 3206 2780 Cyrillus
3230 2712 3434 2766 omnis-

1876 2816 1980 2870 que
2012 2804 2146 2856 adeo
2175 2810 2483 2857 sanctorum
2522 2801 2738 2854 Patrum
2788 2812 2960 2855 cmtus
2992 2803 3150 2857 claris
3182 2805 3433 2871 praedicat

1878 2893 2119 2945 vocibus.
2152 2893 2423 2961 Eutyches
2453 2892 2676 2959 ejusque
2697 2894 2935 2954 assecla,
2969 2910 3064 2959 pro
3094 2896 3296 2948 unitate
3316 2898 3435 2964 qui-

1877 2987 2018 3046 dem,
2066 2984 2168 3038 hoc
2208 2994 2310 3049 est,
2348 2984 2542 3051 duplici
2593 2984 2800 3037 unitate
2831 2984 2883 3052 (0
2912 2989 3178 3054 ingentem
3216 2991 3436 3040 demen-

1879 3079 2008 3131 tiam
2056 3090 2218 3144 atque
2261 3076 2650 3145 impietatem!)
2684 3080 2819 3132 duas
2864 3080 3159 3147 praedicant
3189 3092 3429 3138 naturas.

203 3170 457 3229 ὲνώσεως
492 3169 611 3235 μὲν,
662 3168 903 3219 τουτέστι
935 3167 1054 3235 δίχα
1100 3168 1345 3229 ὲνὼσεως
1391 3170 1458 3234 (ὢ
1490 3168 1656 3237 λήρου
1682 3169 1776 3221 καὶ
1804 3186 1848 3246 c

1772 3186 1848 3246 ,ο
1882 3182 1985 3219 non
2036 3167 2263 3233 amplius
2307 3177 2427 3233 post
2474 3167 2748 3231 unionem,
2799 3178 2852 3219 et
2881 3169 2970 3235 qui
3014 3168 3301 3236 Eutychen]
3347 3186 3434 3223 sa-

202 3260 527 3320 δυσσεϐείας
560 3258 833 3326 ὑπερϐολή
862 3260 900 3323 l)
936 3260 1032 3319 τὰς
1060 3257 1151 3309 δύο
1193 3258 1519 3325 κηρύττουσι
1554 3260 1766 3326 φύσεις,

203 3352 395 3402 οὐκέτι
432 3350 490 3401 δὲ
531 3351 667 3416 μετὰ
722 3353 820 3417 τὴν
846 3350 1057 3402 ἕνωσιν.
1103 3350 1213 3403 Καὶ
1250 3352 1330 3402 ὃτι
1364 3353 1413 3402 οί
1440 3352 1528 3403 τὸν
1556 3350 1773 3420 Εὐτυχῆ

204 3438 704 3507 ἁναθεματίζοντες
728 3442 820 3492 καὶ
858 3440 926 3491 τὰ
967 3441 1131 3493 αὑτοῦ
1166 3441 1404 3509 δόγματα
1435 3443 1775 3511 παραχρῆμα

204 3533 304 3581 καὶ
338 3532 564 3590 ἄκοντες
592 3534 689 3597 τὴν
722 3532 1100 3599 οἰκουμενικὴν
1147 3532 1409 3601 τετάρτην
1451 3533 1775 3601 κηρύττουσι

208 3621 432 3672 σύνοδον
458 3639 469 3651 ·
502 3622 600 3672 οὑκ
622 3622 753 3689 ἄλλη
772 3622 878 3689 γὰρ
894 3624 1038 3673 οίκου
1048 3623 1238 3691 μενικὴ
1263 3622 1495 3684 σύνοδος.
1510 3624 1621 3675 ἀλλ’
1640 3623 1777 3692 αῦτη

210 3714 352 3782 μόνη
381 3712 636 3779 δεχθέντα
670 3712 807 3777 μετὰ
836 3712 944 3765 τῶν
978 3713 1278 3781 βδελυκτῶν
1301 3714 1464 3766 αὑτοῦ
1493 3714 1774 3783 δογμάτων

205 3802 380 3871 (καθὰ
395 3805 487 3853 καὶ
518 3803 861 3871 προείρηται)
893 3804 1037 3869 παρὰ
1053 3806 1149 3872 τῆς
1171 3803 1464 3873 λῃστρικῆς
1483 3806 1538 3855 ὲν
1568 3804 1775 3874 Ἐφέσῳ

204 3895 473 3962 δευτέρας
530 3895 747 3946 συνόδου
802 3894 991 3945 τοῦτον
1037 3896 1081 3925 ⁷¹
1112 3896 1392 3957 παντελῶς
1446 3896 1670 3966 ἐξέτεμέ
1719 3914 1778 3948 τε

206 3986 307 4037 καὶ
339 3985 709 4053 ἀπεκήρυξεν.
752 3987 935 4037 Ἔοικε
971 3986 1027 4038 δὲ
1060 3987 1231 4038 ταῦτα
1262 3988 1495 4054 γράφειν
1540 3988 1777 4057 Ἀνθίμῳ

204 4078 636 4142 παρουσιέιζοντι
680 4077 777 4146 μὲν
806 4080 871 4146 τῇ
908 4077 1135 4145 βασιλίδι
1167 4076 1341 4141 πόλει,
1377 4077 1530 4130 οῦπω
1562 4079 1619 4129 δὲ
1653 4081 1777 4141 τοὺς

203 4175 631 4241 ἀρχιερατικοὺς
692 4173 861 4240 αὑτῆς

1880 3258 1985 3311 cris
2020 3257 2371 3319 interdicunt,
2412 3256 2606 3325 258a
2644 3267 2704 3310 et
2748 3256 2861 3324 ejus
2889 3259 3189 3325 opiniones,
3219 3262 3281 3311 de
3316 3261 3433 3329 pla-

1880 3363 1970 3409 no,
2006 3356 2165 3415 atque
2218 3348 2371 3399 inviti
2430 3350 2817 3401 mcumenicam
2842 3358 3086 3416 quartam
3146 3352 3437 3418 praedicant

1880 3441 2140 3507 synodum
2187 3452 2202 3491 :
2248 3453 2354 3491 non
2394 3438 2496 3491 alia
2528 3441 2670 3492 enim
2697 3442 3022 3493 (Beuntenica
3054 3445 3285 3510 synodus
3315 3442 3433 3503 l‘nit,

1882 3530 1976 3583 sed
2018 3545 2079 3583 ea
2108 3530 2244 3596 sola,
2279 3541 2587 3599 susceptum
2621 3545 2742 3585 cum
2776 3531 3042 3598 pestiferis
3070 3532 3183 3598 ejus
3224 3535 3433 3599 opinio-

1885 3620 2065 3682 nibus,
2104 3630 2160 3674 ut
2215 3621 2467 3684 diximus,
2518 3622 2571 3675 in
2627 3621 2827 3689 perﬁda
2889 3622 2973 3674 illa
3019 3624 3223 3692 synodo
3257 3624 3434 3690 Ephe-

1883 3712 2021 3774 sina,
2054 3714 2152 3766 hoe
2184 3713 2404 3767 omnino
2430 3714 2616 3780 rejecit
2645 3725 2699 3767 et
2721 3715 3015 3767 damnavit.
3045 3716 3274 3783 Apparet
3311 3732 3436 3771 vero

1882 3807 2133 3861 Anthimo
2178 3807 2288 3859 haec
2336 3806 2621 3873 scripsisse
2671 3808 2721 3858 in
2756 3808 2897 3876 regia
2934 3808 3065 3861 urbe
3096 3811 3349 3872 versanti,
3381 3821 3436 3863 et

1887 3911 2157 3963 nunquam
2211 3910 2397 3949 sacras
2436 3895 2576 3948 illius
2607 3895 2751 3964 leges
2791 3897 3034 3958 violasse,
3063 3912 3220 3963 quem
3259 3910 3312 3949 ct
3342 3902 3435 3950 ad-

1883 4000 2072 4038 versus
2106 3985 2459 4039 Nestorianos
2504 3993 2558 4039 et
2587 3986 2951 4055 Eutychiattos
2985 3997 3194 4040 certare
3223 3990 3431 4041 suadet.

1887 4078 2005 4131 Haec
2036 4080 2249 4145 quidem
2278 4078 2499 4146 epistola
2534 4078 2622 4130 illa
2657 4078 3048 4143 complectitur.

940 4172 1221 4224 ὑπελθόντι
1280 4172 1510 4241 νόμους’
1573 4173 1631 4225 ὃν
1682 4172 1774 4224 καὶ
1815 4177 2071 4238 παραινεῖ
2132 4174 2272 4225 κατά
2317 4190 2375 4225 τε
2431 4173 2536 4224 τῶν
2564 4174 2937 4240 Νεστοριανῶν
2984 4173 3075 4225 καὶ
3136 4174 3243 4225 τῶν
3304 4193 3435 4245 φρο-

204 4268 446 4321 νούντων
468 4268 536 4318 τὰ
576 4267 845 4335 Εὐτυχοῦς
868 4266 1247 4332 ἀγωνίζεσθαι.
1287 4267 1445 4318 Ἀλλὰ
1473 4267 1642 4319 ταῦτα
1676 4270 1773 4336 μὲν
1814 4271 1907 4322 καὶ
1941 4270 2239 4338 ἡπαροῦσα
2267 4270 2411 4335 λέγει
2442 4268 2718 4337 ἐπιστολή.

291 4358 359 4409 Ἦ
382 4358 437 4408 δὲ
460 4356 594 4425 πρὸς
619 4348 830 4423 Βράζην
867 4358 957 4407 τὸν
990 4358 1222 4425 Πέρσην,
1256 4359 1377 4408 ἐπεὶ
1396 4358 1552 4409 τοῦτο
1582 4360 1781 4427 ᾔτησεν

1957 4365 2085 4426 Quae
2129 4376 2257 4414 vero
2298 4360 2362 4413 ad
2406 4359 2602 4412 Brasen
2634 4358 2849 4412 Persam
2899 4362 3016 4411 data
3049 4371 3150 4422 est,
3189 4378 3306 4415 cum
3339 4367 3436 4418 hoc

201 4452 438 4509 ἐκεῖνος,
475 4450 539 4499 ὲκ
569 4450 677 4500 τῶν
703 4449 862 4500 θείων
887 4449 1115 4517 Γραφῶν
1131 4449 1242 4500 ἀλλ’
1274 4451 1370 4500 οὑκ
1400 4452 1462 4501 ἐκ
1496 4451 1781 4520 Πατρικῶν

1770 4470 1781 4501 ρ
1888 4452 2208 4518 postulasset
2239 4466 2268 4504 e
2302 4466 2454 4515 sacra
2500 4450 2797 4515 Scriptura,
2831 4451 2919 4502 sed
2950 4466 3051 4502 non
3093 4466 3123 4504 e
3167 4452 3432 4518 Patribus,

206 4537 533 4607 μαρτυριῶν
561 4538 686 4605 περί
716 4555 773 4587 τε
798 4537 891 4603 τῆς
916 4536 1075 4598 ἁγίας
1103 4537 1198 4588 καὶ
1233 4537 1515 4605 ὁμοουσίου
1546 4537 1772 4607 Τριάδος
1802 4522 1853 4579 D

1802 4522 1853 4579 D
1882 4542 1946 4594 de
1976 4553 2161 4594 sancta
2210 4550 2261 4593 et
2306 4539 2750 4593 consubstantiali
2803 4537 3066 4593 Trinitate
3094 4545 3352 4605 continet,
3383 4555 3434 4598 et

200 4628 563 4698 διαλαμϐάνει
589 4645 606 4661 ο
659 4630 753 4680 καὶ
786 4627 909 4697 [408
949 4627 1038 4698 [1.]
1066 4630 1191 4697 περὶ
1228 4632 1324 4696 τῆς
1363 4632 1418 4679 ὲν
1449 4631 1608 4697 σαρκὶ
1644 4649 1779 4699 παρ-

201 4720 398 4779 ουσίας
422 4719 517 4770 τοῦ
550 4720 745 4787 Λόγου,
775 4722 867 4771 καὶ
897 4720 1026 4789 περὶ
1054 4720 1151 4788 τῆς
1190 4720 1349 4785 ἁγίας
1374 4721 1464 4771 καὶ
1496 4722 1593 4771 ὑπε
1606 4723 1777 4789 ρενδό-

201 4814 296 4875 ξου
342 4810 620 4879 Παρθένου
661 4812 754 4863 καὶ
791 4813 1053 4863 Θεοτὸκου
1104 4813 1338 4880 Μαρίας.
1377 4815 1438 4864 Ai
1479 4813 1533 4864 δὲ
1565 4815 1777 4883 Γραφαι

200 4906 347 4954 εἰσιν
370 4902 516 4969 αὑτῷ
549 4902 593 4931 ⁷³
615 4903 648 4970 ἦ
679 4920 737 4954 τε
765 4903 968 4955 παλαιὰ
994 4903 1232 4972 Διαθήκη
1262 4904 1356 4955 καὶ
1400 4904 1468 4955 τὰ
1520 4906 1773 4973 Κυριακά

200 4992 365 5057 λόγια
393 4992 487 5043 καὶ
513 4992 582 5043 τὰ
615 4992 948 5046 ἁποστολικὰ
1002 4995 1352 5064 κηρύγματα,
1374 4997 1440 5048 δι’
1463 4991 1536 5049 ὧν
1558 5001 1611 5049 αἱ
1641 5016 1775 5067 προ-

204 5084 462 5150 κείμεναι
488 5082 596 5133 τῶν
626 5083 934 5136 ὑποθέσεων
968 5085 1027 5135 τὸ
1051 5085 1247 5153 ἀληθὲς
1265 5087 1359 5139 καὶ
1387 5088 1604 5156 βέϐαιον
1663 5092 1775 5141 ἁπ-

202 5170 533 5236 ηνέγκαντο.
559 5170 725 5223 Πλέον
743 5170 800 5222 δὲ
825 5171 930 5223 τῶν
955 5172 1128 5226 ἄλλων
1160 5174 1522 5246 ἐμφιλοχωρεῖ
1541 5180 1603 5247 τῇ
1641 5179 1773 5230 ὑπο-

206 5260 380 5322 θέσει,
424 5262 481 5311 ὲν
598 5261 750 5331 ἡτοῦ
798 5263 972 5328 Λόγου
1025 5265 1301 5333 σάρκωσις
1337 5269 1773 5335 ἁναδιδάσκεται,

212 5351 315 5402 an
336 5348 402 5420 δὴ
430 5351 522 5401 καὶ
550 5352 644 5404 τοῦ
698 5351 889 5422 καιροῦ
936 5353 1153 5406 πλείονα
1201 5353 1297 5426 τὴν
1335 5358 1463 5426 περὶ
1488 5359 1657 5427 αὐτῆς
1688 5360 1775 5425 ἐξ-

1881 4633 1946 4686 de
2003 4634 2369 4685 incarnatione
2428 4629 2605 4694 Verbi,
2666 4631 2835 4697 deque
2888 4631 3116 4695 gloriosa
3165 4644 3219 4687 et
3251 4647 3433 4689 sancta

1882 4721 2123 4786 Virgine,
2152 4731 2204 4775 et
2222 4721 2325 4779 ,Dei
2354 4721 2626 4775 Geuitrice
2660 4720 2844 4773 Maria.
2876 4722 3013 4773 Sunt
3042 4735 3220 4776 autem
3246 4741 3433 4781 eorum

1880 4813 2190 4880 Scriptum,
2220 4823 2273 4866 et
2323 4811 2491 4865 Vetus
2520 4811 2944 4876 Testamentum,
2979 4822 3031 4865 et
3076 4814 3279 4868 Domini
3317 4834 3436 4870 ver-

1880 4906 1967 4969 ba,
2009 4904 2419 4973 apostolicazque
2466 4904 2891 4971 praedicationes,
2928 4904 3123 4973 quibus
3174 4910 3432 4975 ψιιιξδιίοοΔ

1880 5011 2003 5049 num
2057 4997 2253 5051 verilas
2299 5008 2351 5049 et
2389 4997 2726 5049 conﬁrmatio
2763 4995 2919 5048 allata
2944 5003 3050 5055 est.
3083 5012 3190 5065 pra:
3224 5004 3434 5056 caztcris

1880 5087 2002 5139 huic
2046 5086 2135 5139 uni
2167 5086 2446 5155 quaestioni
2486 5086 2733 5148 inliceret,
2779 5085 2830 5137 in
2865 5100 2967 5154 qua
3002 5086 3068 5140 de
3102 5090 3431 5145 incarnatio-

1878 5194 1943 5233 ne
1978 5180 2134 5234 Verbi
2182 5180 2531 5247 disceptatur,
2568 5178 2854 5233 occasione
2888 5178 3095 5232 scilicet
3138 5180 3429 5250 longiorem

1881 5270 2037 5337 lmjus
2087 5270 2506 5339 disputationem
2557 5270 2825 5340 exigente.
2872 5265 2985 5323 Hoc
3025 5282 3201 5325 autem
3248 5274 3297 5327 in
3332 5275 3431 5329 bac

1879 5362 2100 5429 epistola
2133 5370 2376 5415 conatur.

203 5444 475 5513 εργασίαν
522 5446 895 5509 ἀπαιτοῦντος.
948 5447 1200 5501 Τοιοῦτον
1231 5450 1334 5519 μὲν
1375 5451 1468 5503 καὶ
1511 5453 1571 5505 τὸ
1604 5454 1921 5523 σπούδασμα
1942 5460 2168 5527 ταυτησὶ
2198 5460 2295 5530 τῆς
2319 5461 2625 5532 ἐπιστολῆς.

273 5582 298 5610 ³
329 5574 459 5629 Luc.
496 5592 534 5640 ι,
564 5577 653 5630 43.

1512 5703 1739 5761 νΑιιιίε
1771 5704 2172 5767 LECTIONES.

275 5805 324 5836 ⁷³
352 5804 537 5858 τοῦτον
558 5807 601 5859 Α
637 5823 647 5859 :
675 5810 791 5863 τότε
822 5828 876 5873 ς’.
956 5812 999 5843 ⁷³
1022 5812 1196 5864 αὐτῶν
1231 5830 1290 5875 ς’.
