4208 6448
828 394 929 459 961

1984 394 2247 454 ΡΠΟΊῚΙ
2290 393 2788 454 PATRIARClI/E
2822 394 2927 453 CP.

3955 389 4075 458 968

902 505 1105 559 Scribit
1139 512 1316 557 autem
1353 503 1420 557 ad
1458 503 1668 573 aliquos
1713 505 2008 561 monachos
2036 506 2289 559 Ecclesia:
2310 508 2397 558 dc-
2429 509 2467 564 Α

2429 509 2467 564 Α
2568 505 2771 574 Γράφει
2823 506 2880 557 δὲ
2936 506 3029 557 καὶ
3081 504 3218 574 πρὸς
3251 506 3516 574 μοναχούς
3546 522 3715 567 τινας,
3747 504 3796 557 οἳ
3829 508 3924 575 τῆς
3967 506 4074 559 τοῦ

831 600 1129 653 leusionem
1176 597 1457 649 catholicae
1499 607 1551 649 et
1579 599 1887 664 apostolicae
1917 598 2220 660 molientes,
2257 612 2392 665 (plus

835 702 1150 743 sanctorum
1192 688 1413 741 Patrum
1466 690 1852 743 monitionibus
1884 690 2205 758 conjungere
2238 689 2392 742 moli-

832 793 938 842 tur,
997 785 1288 834 ostendens
1341 795 1526 833 eorum
1582 783 1903 835 sententiam
1954 798 2058 835 non
2102 781 2286 850 procul
2327 783 2395 834 ab

833 872 1203 923 haereticorum
1229 871 1574 939 opinionibus
1609 873 1827 934 distare,
1865 873 2173 941 nullumque
2199 888 2260 925 ex
2295 888 2383 937 ea,

831 965 1275 1029 quemadmodum
1305 964 1536 1015 haeretici
1562 964 1754 1025 solent,
1773 967 2108 1018 commodum
2129 967 2391 1032 accipere,

832 1054 931 1106 huc
963 1055 1124 1105 variis
1150 1054 1467 1107 testimoniis
1498 1065 1801 1108 sanctorum
1836 1055 2052 1109 Patrum
2086 1056 2391 1110 conﬁrmat.

833 1150 890 1199 In
921 1164 1022 1200 una
1053 1151 1350 1216 eademque
1378 1164 1605 1215 persona
1643 1150 1846 1200 variam
1885 1158 2089 1199 natura:
2124 1148 2392 1199 actionem

840 1240 1087 1306 perspici,
1126 1250 1180 1291 et
1203 1241 1266 1291 ad
1312 1256 1524 1291 onmem
1568 1240 1787 1307 pietatis
1836 1239 2217 1307 plenitudinem
2252 1238 2396 1290 solli-

832 1345 977 1391 ecre,
1025 1330 1304 1397 Deiparam
1345 1333 1567 1383 credere
1612 1342 1660 1383 et
1691 1330 1964 1398 appellare
1992 1329 2394 1383 sanctissimam

838 1423 1130 1485 Virginem.
1166 1422 1449 1488 Postquam
1482 1423 1621 1473 enim
1650 1424 1772 1491 quis
1798 1422 1993 1475 dixerit
2022 1420 2185 1474 Deum
2223 1421 2397 1474 incar-

834 1522 1014 1562 uatum
1066 1510 1339 1578 Virginem
1380 1511 1677 1579 peperisse,
1722 1512 2031 1579 angelorum
2083 1511 2156 1563 uti
2188 1510 2399 1563 videtur

834 1603 1119 1671 theologia.

902 1693 1098 1744 Scribit
1134 1694 1269 1744 idem
1334 1701 1388 1744 et
1434 1693 1653 1745 alteram
1702 1692 1982 1761 epistolam
2037 1692 2101 1743 ad
2147 1691 2394 1745 Callinici

831 1783 1176 1847 desertores;
1217 1785 1441 1849 cupiens
1480 1799 1609 1837 vero
1656 1800 1749 1837 eos
1798 1784 2050 1837 Ecclesia:
2079 1783 2168 1835 Dei
2213 1785 2395 1835 conci-

834 1875 986 1934 liare,
1012 1876 1078 1927 ab
1102 1876 1248 1927 omni
1290 1890 1409 1927 eam
1460 1874 1682 1928 liberam
1714 1876 1966 1927 heretica
1997 1874 2114 1927 labe
2136 1876 2391 1936 ostendit,

831 1977 884 2019 et
915 1967 1002 2031 qui
1034 1966 1097 2017 ad
1125 1981 1241 2019 eam
1275 1965 1449 2018 labem
1479 1976 1775 2019 conventus
1799 1967 1953 2030 linnt,
1982 1966 2245 2019 latronum
2279 1982 2397 2020 esse

832 2058 1188 2124 Speluncam:
1254 2057 1478 2110 affertur
1528 2057 1724 2109 imitari
1766 2069 2017 2124 oportere
2063 2056 2395 2119 Simeonem,

830 2158 883 2199 et
941 2147 1283 2213 Baradatum,
1323 2159 1377 2202 et
1427 2147 1706 2212 Jacobum,
1757 2149 1901 2202 viros
1928 2150 2143 2203 virtutis
2183 2151 2398 2202 nomine

832 2248 941 2291 toto
1002 2248 1267 2293 terrarum
1321 2241 1451 2293 orbe
1498 2240 1766 2300 celebres.
1839 2240 1929 2308 qui
1987 2239 2181 2311 2481)
2231 2242 2395 2293 vitam

830 2328 1135 2383 universam
1175 2330 1226 2381 in
1259 2330 1630 2382 ecclesiastica
1684 2331 1967 2397 disciplina
2001 2340 2395 2397 transegerunt.

831 2422 1006 2488 Atque
1044 2423 1157 2475 lucc
1188 2423 1402 2489 quidem
1436 2423 1660 2489 epistola
1698 2423 1964 2475 continet.

901 2610 1150 2663 Proxima
1181 2626 1308 2664 vero
1340 2612 1513 2665 oratio
1551 2611 1840 2680 Ephraamii
1871 2613 2179 2681 synodicam
2231 2615 2399 2666 actio-

831 2717 951 2753 nem
986 2703 1237 2768 explicat,
1290 2703 1338 2752 iu
1372 2718 1474 2769 qua
1504 2702 1839 2769 Syncleticus
1881 2703 2189 2755 nominatur
2215 2708 2395 2771 (quem

831 2792 984 2843 Tarsi
1024 2793 1336 2859 episcopum
1377 2793 1542 2843 fuisse
1564 2792 1721 2857 paulo
1750 2801 1874 2844 ante
1912 2794 2226 2861 memoravi)
2258 2795 2397 2857 quod

832 2883 1040 2935 libellos
1067 2898 1169 2935 non
1197 2883 1498 2935 catholicos
1526 2885 1591 2935 ab
1619 2884 1884 2937 haereticis
1912 2887 2226 2951 accepisset,
2260 2889 2401 2940 unde

832 2977 1118 3029 haereticas
1156 2974 1397 3026 hauserit
1445 2975 1746 3041 opiniones,
1789 2984 1840 3026 et
1872 2974 2174 3042 Stephanus
2209 2990 2390 3028 mona-

830 3069 965 3119 chus
997 3066 1288 3134 Syucletici
1319 3065 1589 3134 syncellus
1625 3065 1948 3134 appellatus,
1981 3075 2035 3118 et
2068 3080 2203 3133 pene
2240 3081 2399 3119 accu-

828 3168 982 3210 satur
1014 3166 1241 3222 uterque
1290 3155 1608 3221 praecedenti
1638 3156 1901 3220 oratione,
1944 3167 2223 3224 propterea
2254 3157 2394 3223 quod

830 3246 1189 3299 orthodoxam
1236 3261 1340 3296 non
1384 3245 1819 3310 amplexarentur
1870 3246 2050 3311 ﬁdem,
2100 3248 2193 3300 sed
2234 3247 2394 3317 Euty-

828 3339 947 3390 chis
1003 3336 1118 3388 labe
1174 3333 1354 3387 infecti
1413 3344 1613 3387 essent.
1654 3334 1856 3389 Tamen
1904 3351 2022 3389 cum
2062 3336 2395 3405 Syncleticus

831 3430 1144 3496 religionem
1179 3426 1416 3494 proﬁteri
1467 3427 1678 3480 tandem
1711 3436 1931 3480 coactus
1962 3438 2127 3493 esset,
2160 3430 2395 3499 synodus

830 3520 1073 3571 solvitur.
1134 3515 1378 3586 [Tamen,
1414 3514 1609 3582 inquit,
1672 3517 1923 3583 pietatem
1967 3518 2179 3569 tandem
2221 3520 2393 3571 susci-

833 3610 1035 3673 piente,
1077 3608 1302 3657 solvuur
1337 3602 1621 3674 synodus.]
1676 3604 1730 3655 In
1784 3605 1885 3656 hac
1920 3605 2127 3657 actione
2174 3605 2388 3658 beatum

835 3700 1090 3767 Cyrillum
1116 3698 1305 3750 alicubi
1334 3707 1525 3748 natura
1549 3711 1644 3763 pro
1668 3711 1885 3761 persona
1903 3710 2054 3747 usum
2083 3710 2202 3749 esse
2227 3706 2401 3749 osten-

832 3793 932 3851 dit,
976 3806 1096 3842 cum
1140 3791 1431 3841 dicitunam
1458 3789 1691 3839 maxime
1724 3786 1880 3839 Verbi
1908 3795 2153 3838 naturam
2178 3801 2397 3839 carnem

833 3880 1073 3933 induisse
1100 3897 1114 3932 :
1151 3895 1255 3933 non
1293 3880 1463 3945 ipsum
1487 3878 1666 3930 dicere
1694 3891 1836 3945 sazpe
1864 3892 1987 3929 eum
2013 3877 2150 3930 duas
2186 3877 2399 3931 confes-

832 3988 954 4025 sum
986 3980 1231 4030 naturas,
1263 3969 1713 4033 quemadmodum
1749 3976 1955 4020 mutato
1976 3968 2203 4019 consilio
2235 3982 2392 4019 unam

837 4076 1110 4128 naturam,
1149 4063 1249 4115 nisi
1282 4062 1420 4114 forte
1454 4076 1599 4113 nunc
1639 4070 1842 4112 natura?
1878 4074 2061 4113 vocem
2100 4074 2197 4125 pro
2220 4076 2397 4127 perso-

836 4172 915 4207 mr
967 4155 1329 4222 usurpaverit,
1376 4164 1430 4205 et
1458 4153 1804 4204 conlirmatur
1840 4151 1892 4203 id
1930 4165 1997 4203 ex
2043 4151 2164 4203 aliis
2208 4150 2395 4219 Cyrilli

834 4248 986 4307 locis,
1039 4261 1265 4309 eamque
1320 4257 1442 4295 esse
1493 4242 1749 4295 Ecclesiae
1793 4250 2050 4302 mentem,
2098 4242 2310 4310 aliaque
2346 4244 2395 4293 id

825 4350 995 4400 genus
1030 4334 1179 4385 utilia
1211 4333 1469 4384 adversus
1514 4330 1821 4383 hzereticam
1879 4328 2051 4381 labem
2084 4329 2197 4381 lucc
2254 4329 2394 4382 actio

826 4424 1126 4479 certamina
1152 4424 1411 4474 continet.

2491 599 2625 650 θεοῦ
2691 599 2981 666 καοολικῆς
3036 600 3127 649 καὶ
3184 599 3547 667 ἀποπολικῆς
3604 598 3927 662 Ἑκκλησίας
3966 598 4077 667 τὴν

2492 692 2773 743 διάστασιν
2812 692 3027 743 ἐνόσουν
3048 707 3059 719 ·
3092 690 3310 752 οὓς.διὰ
3365 691 3652 759 ιῐατρικῶν
3684 691 4075 759 παραινέσεων

2494 785 2750 850 πειρᾶται
2781 783 3033 851 συνάψαι,
3068 783 3282 844 δεικνὺς
3310 784 3406 843 τὰς
3440 783 3662 834 ἐκείνων
3696 781 3877 849 φωνάς
3905 782 4074 832 οὐδὲν

2491 875 2598 926 τῶν
2626 876 2800 927 ἄλλων
2823 875 3117 944 αἱρετικῶν
3141 875 3523 943 διαφερούσας,
3564 876 3657 926 καὶ
3700 874 3978 943 μηδεμίαν
4010 872 4075 936 ἐξ

2494 966 2689 1028 αὐτῶν,
2716 966 2903 1037 ὥσπερ
2940 967 3045 1019 οὐδ’
3073 966 3333 1028 ἐκείνους,
3364 967 3548 1034 ὄνησιν
3580 967 3899 1033 κερδαίνειν.
3932 967 4073 1016 Συν-

2497 1059 2673 1125 ίστησι
2697 1057 2753 1109 δὲ
2775 1057 3051 1127 διαφόροις
3082 1057 3339 1125 Πατέρων
3364 1057 3685 1126 μαρτυρίαις
3719 1058 3802 1123 ἐφ’
3821 1057 3939 1117 ἐνὸς
3972 1058 4073 1107 καὶ

2494 1149 2587 1199 τοῦ
2636 1147 2799 1201 αὑτοῦ
2861 1147 3151 1216 προσώπου
3207 1146 3458 1215 διάφορον
3499 1148 3731 1215 φυσικὴν
3777 1146 4070 1213 ἐνέργειαν

2495 1237 2837 1306 θεωρεῖσθαι,
2869 1236 2965 1290 καὶ
2992 1238 3182 1306 ἀρκεῖν
3227 1238 3362 1305 πρὸς
3399 1238 3578 1288 πᾶσαν
3612 1235 3811 1303 εὐσεϐῆ
3858 1236 4071 1304 πληρο-

2497 1329 2693 1395 φορίαν
2722 1328 2983 1379 Θεοτόκον
3042 1329 3257 1398 φρονεῖν
3289 1329 3383 1379 καὶ
3434 1327 3616 1394 λέγειν
3656 1326 3754 1395 τὴν
3788 1326 4071 1390 παναγίαν

2498 1420 2798 1488 Παρθένον·
2849 1420 3069 1472 ἐπειδὰν
3110 1420 3216 1489 γάρ
3256 1437 3339 1480 τις
3381 1420 3510 1488 εἴπῃ
3538 1420 3669 1473 Θεὸν
3704 1420 4069 1488 ἐνανθρωπή-

2498 1527 2665 1561 σαντα
2691 1512 2869 1562 τεκεῖν
2887 1511 2982 1580 τὴν
3000 1510 3272 1576 παναγίαν
3294 1511 3586 1581 Παρθένον,
3617 1514 3683 1581 τῇ
3715 1510 3826 1563 τῶν
3847 1512 4068 1580 ἀρχαγ-

2497 1601 2671 1667 γέλων
2696 1602 2741 1633 ⁷³
2768 1599 2922 1665 οὗτος
2956 1602 3202 1671 θεολογίᾳ
3234 1603 3483 1669 φαίνεται
3512 1604 3875 1671 κεχρημένος.

2573 1690 2777 1760 Γράφει
2800 1693 2858 1744 δὲ
2882 1693 2976 1746 καὶ
3004 1694 3196 1761 ἑτέραν
3223 1693 3510 1763 ἐπιστολὴν
3528 1696 3555 1746 ὁ
3587 1695 3752 1756 αὐτὸς
3776 1695 3916 1763 πρὸς
3940 1698 4067 1757 τοὺς

2499 1782 2835 1849 ἀποσχιστὰς
2862 1782 3209 1844 Καλλινίκου,
3241 1785 3506 1836 νουθετῶν
3563 1784 3661 1853 μὲν
3686 1788 3751 1853 τῇ
3781 1785 3877 1835 τοῦ
3930 1785 4065 1836 Θεοῦ

2499 1872 2719 1934 τούτους
2766 1873 3029 1942 ένωθῆναι
3076 1873 3395 1944 Ἐκκλησία,
3450 1875 3697 1945 καθαράν
3744 1876 4069 1943 ἀποφαίνων

2495 1964 2697 2032 ταύτην
2720 1966 2903 2034 πάσης
2931 1966 3212 2035 αἱρετικῆς
3263 1968 3498 2036 κηλῖδος,
3563 1967 3656 2020 καὶ
3702 1966 3783 2018 ὅτι
3815 1967 3886 2018 τά
3919 1970 4068 2038 παρὰ

2494 2056 2696 2124 ταύτην
2730 2059 3064 2126 συνακτήρια
3106 2057 3317 2128 λῃστῶν
3363 2060 3477 2110 ἐστι
3529 2058 3788 2129 σπήλαια.
3830 2061 3944 2111 Καὶ
3982 2078 4068 2128 μι-

2499 2150 2714 2216 μεῖσθαι
2743 2150 2851 2201 δεῖν
2882 2150 3185 2217 εἰσηγεῖται
3221 2151 3481 2217 Συμεῶνα
3512 2153 3606 2203 καὶ
3638 2148 3955 2218 Βαραδάτον
3978 2152 4066 2201 καὶ

2509 2238 2780 2303 Ἰάκωϐον,
2812 2238 3009 2309 ἄνδρας
3043 2242 3129 2292 ἐπ’
3183 2242 3352 2310 ἁρετῇ
3386 2240 3489 2292 ἀνὰ
3517 2241 3698 2293 πᾶσαν
3721 2240 3820 2309 τὴν
3846 2242 3955 2309 γῆν
3982 2241 4065 2307 βε-

2497 2326 2817 2395 ϐοημένους,
2870 2329 2921 2380 οἶ
2979 2330 3076 2398 τὴν
3129 2329 3590 2399 ἐκκλησιαστικὴν
3626 2329 3713 2380 διὰ
3745 2329 3861 2397 βίου
3887 2332 4066 2399 ἠσπά-

2500 2418 2659 2469 σαντό
2688 2435 2747 2469 τε
2778 2420 2873 2472 καὶ
2899 2418 3217 2483 ἐξεθείασαν
3240 2422 3541 2475 κοινωνίαν.
3591 2421 3729 2475 Ἀλλ’
3759 2424 3818 2474 ἐν
3854 2425 4065 2489 τούτοις

2501 2509 2598 2576 μὲν
2622 2509 2720 2560 καὶ
2751 2512 2784 2579 ἠ
2820 2510 3071 2579 παροῦσα
3092 2511 3371 2581 ἐπιστολή.

2579 2600 2639 2650 '0
2667 2599 2723 2650 δὲ
2755 2600 2951 2667 ἐφεξῆς
2988 2601 3143 2666 λόγος
3174 2602 3459 2671 συνοδικὴν
3497 2603 3835 2656 ἀναπτύσσει
3867 2609 4069 2674 πρᾶξιν

2497 2690 2590 2740 τοῦ
2621 2690 2786 2742 αὐτοῦ
2816 2693 3123 2757 ἁγιωτάτου
3186 2694 3524 2762 πατριάρχου
3571 2695 3932 2765 Ἐφραιμίου,
3959 2695 4068 2769 ἐνῇ

2498 2783 2527 2832 ὅ
2566 2799 2625 2832 τε
2658 2782 3025 2850 Συγκλητικὺς
3057 2784 3177 2851 (τῆς
3224 2784 3437 2852 Ταρσοῦ
3488 2784 3546 2836 δὲ
3575 2786 3763 2838 τοῦτον
3804 2788 3835 2838 ὁ
3865 2790 4070 2858 προλα-

2499 2871 2609 2923 ϐὼν
2643 2873 2798 2939 λόγος
2825 2873 3118 2925 ἐπίσκοπον
3140 2872 3281 2943 εἷπε)
3316 2876 3677 2942 λογοθετείται
3707 2879 3753 2915 ⁷⁵
3781 2879 3883 2932 οὐκ
3913 2882 4068 2951 ὀρθο-

2499 2960 2685 3025 δόξους
2706 2962 2983 3024 λιδέλλους
3013 2966 3164 3033 παρά
3215 2981 3379 3017 τινων
3413 2967 3728 3035 δεξάμενος,
3768 2969 3826 3033 ἐξ
3871 2964 3948 3023 ὧν
3976 2975 4069 3025 καὶ

2496 3053 2778 3121 αἱρετικὴν
2825 3054 3098 3122 παρέσχεν
3155 3057 3449 3117 ὑπόνοιαν,
3504 3061 3596 3111 καὶ
3653 3061 3925 3130 Στέφανός
3987 3085 4069 3128 τις

2502 3147 2770 3214 μονάζων,
2812 3146 3103 3213 σύγκελλος
3136 3148 3200 3217 δὴ
3250 3149 3342 3200 τοῦ
3380 3151 3754 3220 Συγκλητικοῦ
3784 3156 4065 3225 καλούμε-

2502 3254 2611 3299 νος.
2646 3239 2754 3288 Καὶ
2800 3238 3132 3307 διελέγχεται
3176 3242 3272 3307 μὲν
3314 3242 3455 3294 κατὰ
3508 3244 3703 3313 μικρὸν
3758 3246 3853 3297 τοῦ
3907 3247 4068 3312 λόγου

2503 3327 2784 3393 προϊόντος
2834 3327 3091 3397 ἑκάτερος
3151 3330 3225 3397 μὴ
3277 3333 3343 3381 τὰ
3395 3331 3529 3398 ὀρθὰ
3575 3334 3672 3401 τῆς
3737 3334 4068 3407 Ἐκκλησίας

2501 3417 2748 3485 στέργων
2801 3418 3066 3487 δόγματα,
3097 3421 3234 3472 ἀλλὰ
3282 3425 3419 3491 πρὸς
3452 3424 3549 3493 τὴν
3604 3426 3879 3495 Εὑτυχοῦς
3916 3432 4068 3482 νόσον

2505 3508 2944 3577 ὑποσυρόμενος·
2969 3512 3118 3579 ὅμως
3162 3509 3255 3564 οὖν
3302 3513 3396 3565 τοῦ
3434 3515 3809 3583 Συγκλητικυύ
3852 3520 3955 3589 τὴν
3989 3525 4068 3572 eo-

2500 3600 2718 3652 σέϐειαν
2739 3602 2831 3653 ἐπὶ
2853 3601 2998 3653 τέλει
3030 3604 3409 3667 συνελαθέντος
3439 3609 3611 3658 εἰπεῖν
3635 3611 3667 3675 ἡ
3692 3610 3920 3673 Σύνοδος
3948 3615 4068 3666 δια-

2498 3692 2702 3746 λύεται.
2739 3694 2869 3765 [784
2900 3695 2994 3767 IL]
3036 3696 3124 3748 Ἐν
3145 3697 3314 3767 ταύτῃ
3346 3702 3411 3767 τῇ
3436 3700 3741 3767 πράξειτὸν
3772 3701 4063 3757 Θεσπέσιον

2496 3787 2763 3856 Κύριλλον
2817 3788 2891 3857 τῇ
2943 3790 3126 3857 φύσει
3176 3790 3291 3842 ἀνθ’
3329 3792 3721 3856 ὑποστάσεως
3747 3795 3984 3864 ἀλλαχοῦ
4009 3816 4059 3849 τε

2494 3877 2822 3944 παρεισάγει
2874 3878 3203 3946 χρήσασθαι,
3250 3880 3345 3930 καὶ
3402 3880 3563 3947 ἡνίκα
3623 3881 3770 3948 λέγει
3829 3886 4067 3951 μάλιστα

2494 3968 2625 4034 μίαν
2666 3967 2827 4034 φύσιν
2852 3970 2946 4020 τοῦ
2997 3970 3167 4035 Λόγου
3221 3973 3679 4043 σεσαρκωμένην·
3719 3974 3780 4025 ού
3831 3978 3943 4045 γὰρ
4003 3980 4067 4031 ᾰν

2498 4058 2676 4107 εἰπεῖν
2702 4058 2885 4121 αὐτὸν,
2912 4059 3169 4122 πολλάκις
3190 4062 3287 4123 τάς
3306 4062 3398 4114 δύο
3425 4064 3617 4131 φύσεις
3645 4066 4061 4137 ὡμολογηκότα,

2498 4146 2686 4217 ὥσπερ
2739 4152 2804 4200 ἐκ
2855 4152 3215 4221 μεταμελείας
3254 4154 3382 4220 μίαν
3432 4155 3616 4222 φύσιν,
3644 4159 3691 4209 εί
3718 4160 3794 4226 μὴ
3821 4159 3882 4210 τὸ
3912 4163 4063 4231 ῥῆμα

2497 4238 2613 4288 νυνὶ
2644 4237 2753 4303 τῆς
2777 4241 3014 4306 φύσεως
3045 4242 3165 4292 ἀντὶ
3199 4242 3307 4309 τῆς
3347 4246 3741 4311 ὑποστάσεως
3796 4254 4061 4319 παρειλη-

2497 4346 2609 4394 φει.
2652 4330 2760 4379 Καὶ
2808 4334 3099 4399 συγκροτεῖ
3135 4334 3291 4384 τοῦτο
3320 4335 3378 4397 ἐξ
3408 4336 3607 4405 ἐτέρων
3654 4354 3713 4389 τε
3741 4340 3937 4405 φωνῶν
3968 4344 4059 4393 τοῦ

2500 4421 2663 4471 αὑτοῦ
2688 4421 2978 4489 Κυρίλλου,
3011 4424 3105 4473 καὶ
3142 4425 3225 4475 ὄτι
3261 4424 3389 4493 [409
3417 4427 3766 4497 ΙΙ.]τοιοῦτον
3796 4432 3859 4484 τὸ
3886 4434 3932 4464 ⁷⁸
3957 4436 4057 4503 τῆς

831 4516 1158 4582 Ἐκκλησίας
1193 4515 1469 4583 φρόνημα.
1522 4514 1631 4565 Καὶ
1700 4511 1836 4565 ἄλλα
1886 4510 1943 4563 δέ
2001 4528 2123 4562 τινα
2181 4512 2429 4579 χρήσιμα
2467 4515 2607 4564 κατὰ
2660 4514 2758 4580 τῆς
2808 4515 3140 4583 συγχυτικῆς
3188 4518 3454 4585 αἱρέσεως
3502 4524 3533 4585 ἡ
3595 4524 3795 4590 πρᾶξις
3864 4528 4060 4593 ἀγωνί.

827 4610 1008 4675 sputa
1032 4607 1292 4674 περιέχει.

904 4690 1031 4749 Post
1080 4698 1195 4748 haec
1258 4696 1513 4761 inscripta
1568 4694 1704 4747 libro
1751 4692 1977 4761 epistola
2026 4693 2091 4745 ad
2142 4691 2471 4761 MagnumD

2418 4698 2471 4756 D
2566 4690 2720 4743 Μετὰ
2745 4692 2915 4743 ταῦτα
2934 4692 2988 4743 δὲ
3020 4692 3390 4759 ἐνεγέγραπτο
3417 4696 3482 4762 τῇ
3504 4694 3669 4763 βίϐλῳ
3706 4699 3840 4763 πρὸς
3870 4702 4060 4767 Μέγαν

822 4791 1133 4858 episcopum
1172 4786 1423 4843 Burro-ie,
1454 4787 1574 4847 hoc,
1612 4786 1663 4835 in
1696 4784 1905 4835 duabus
1944 4782 2149 4833 naturis
2172 4781 2390 4833 Emma-

828 4881 1035 4935 nuelcm
1080 4878 1294 4945 agnosci
1342 4877 1423 4945 (ut
1477 4877 1528 4926 in
1565 4886 1757 4942 quarta
1806 4883 1860 4925 et
1896 4872 2133 4941 generali
2184 4872 2390 4939 synodo

824 4973 1131 5040 asseritur),
1155 4972 1352 5023 docens
1379 4978 1537 5036 atque
1569 4969 1885 5035 explanatis,
1909 4975 1963 5018 et
1995 4980 2146 5017 usum
2170 4978 2290 5017 esse
2313 4964 2390 5015 lo-

824 5064 1043 5131 quendi,
1102 5076 1263 5113 unam
1318 5056 1474 5110 Verbi
1536 5066 1782 5108 naturam
1836 5056 2107 5108 hominem
2157 5069 2275 5107 esse
2321 5052 2391 5104 fa-

822 5168 989 5216 ctam,
1044 5163 1234 5207 contra
1271 5165 1387 5211 eos,
1444 5151 1533 5216 qui
1590 5149 1723 5200 duas
1774 5148 1840 5199 ab
1886 5148 2115 5199 invicem
2170 5156 2390 5199 naturas

824 5254 1075 5315 separant
1117 5244 1376 5313 probandi
1428 5244 1589 5295 robur
1647 5242 1865 5292 habere.
1905 5238 2008 5291 Sed
2044 5253 2149 5291 non
2196 5248 2382 5290 contra

827 5350 1087 5405 negantes
1120 5348 1433 5389 naturarum
1460 5334 1818 5388 differentiam
1852 5342 2068 5400 propter
2108 5332 2381 5383 unionem.

827 5433 1283 5494 Quemadmodum
1338 5446 1439 5481 uua
1498 5427 1654 5480 Verbi
1703 5438 1893 5479 natura
1946 5427 2221 5476 incarnata
2263 5439 2384 5475 cum

829 5523 1202 5587 separantibus
1254 5522 1319 5574 ab
1375 5521 1600 5573 invicem
1652 5530 1890 5578 naturas,
1946 5526 2188 5585 pugnat:
2228 5516 2390 5567 sicel.

2490 4784 2579 4835 τὸν
2607 4784 2903 4833 ἐπίσκοπον
2933 4783 3156 4851 Βεροίας
3188 4783 3233 4812 ⁷⁷
3268 4783 3543 4852 ἐπιστολὴ,
3572 4786 3631 4835 τὸ
3654 4787 3712 4837 ἐν
3733 4786 3826 4837 δύο
3856 4790 4053 4854 φύσεσι

2489 4877 2685 4944 χρῆναι
2715 4875 2761 4905 ⁷⁸
2790 4874 3075 4943 γνωρίζειν
3107 4874 3197 4926 τὸν
3229 4874 3548 4943 Ἐμανουὴλ,
3596 4877 3672 4936 ὡς
3706 4879 3798 4929 καὶ
3826 4882 3891 4949 τῇ
3927 4882 4054 4951 ἁγίᾳ

2492 4968 2585 5017 καὶ
2619 4968 2970 5034 οἰκουμενικῇ
3010 4965 3240 5035 τετάρτῃ
3272 4966 3475 5034 συνόδῳ
3518 4968 3755 5036 εἴρηται,
3790 4969 4052 5039 δογματί-

2491 5058 2660 5119 ζουσά
2688 5074 2746 5107 τε
2783 5058 2875 5108 καὶ¹
2906 5057 3263 5125 ἐπικυροῦσα,
3297 5059 3389 5109 καὶ
3417 5060 3499 5110 ὅτι
3521 5062 3554 5128 ἡ
3593 5059 3829 5126 λέγουσα
3860 5063 4053 5130 χρῆσις

2496 5148 2625 5216 μίαν
2677 5147 2839 5215 φύσιν
2902 5147 2996 5199 τοῦ
3044 5149 3217 5214 Λόγου
3274 5150 3703 5219 σεσαρκωμένην
3759 5154 3905 5204 κατὰ
3950 5154 4055 5204 τῶν

2488 5240 2839 5308 διαιρούντων
2864 5240 2957 5291 ἀπ’
2990 5238 3234 5307 ἀλλήλων
3264 5240 3359 5302 τὰς
3400 5241 3588 5306 φύσεις
3615 5242 3727 5309 ἕχει
3755 5243 3816 5293 τὸ
3851 5245 4050 5311 κράτος

2490 5330 2910 5401 προϐάλλεσθαι,
2939 5331 3055 5384 ἀλλ’
3105 5333 3165 5383 ού
3219 5333 3362 5383 κατὰ
3409 5333 3516 5383 τῶν
3556 5333 3931 5401 ἀναιρούντων
3959 5340 4053 5403 τὴν

2490 5423 2596 5475 τῶν
2629 5424 2841 5490 φύσεων
2868 5423 3128 5491 διαφορὰν
3162 5424 3250 5476 διὰ
3287 5425 3385 5493 τὴν
3425 5426 3637 5479 ἕνωσιν.
3668 5428 3884 5496 Ὠσπερ
3913 5430 3969 5481 δὲ
3998 5431 4052 5480 τὸ

2496 5516 2591 5584 μία
2618 5515 2778 5581 φύσις
2805 5514 2897 5566 τοῦ
2954 5517 3127 5583 Λόγου
3186 5518 3576 5587 σεσαρκωμένη
3610 5519 3720 5581 τοῖς
3750 5519 4050 5589 διαιροῦσμν

2113 5687 2343 5741 VARI/1‘;
2378 5687 2779 5742 LEC'l'NlNES.

903 5793 944 5823 “
977 5794 1219 5861 ἀγγέλων
1254 5808 1310 5852 τ.
1393 5791 1433 5818 ⁷³·
1472 5789 1741 5856 λογοῠετεῖ
1769 5804 1827 5849 ς.

1906 5786 2030 5835 me
2058 5785 2147 5836 A:
2194 5781 2365 5833 καὶτὸ
2398 5798 2459 5843 ς.

2559 5785 2602 5814 ⁷⁷
2636 5784 2893 5852 Βερίιοιας
2923 5799 2978 5844 ς.

3079 5782 3123 5813 ⁷⁸
3164 5783 3356 5852 χρῆναι
3404 5783 3523 5837 add.
3560 5783 3625 5835 Λ.
