4208 6448
735 415 834 481 971

1893 399 2149 461 ΙἾΙΟΤιῐ
2195 394 2700 456 l’ATRlARCH/E
2731 394 2835 453 Cl’.

3876 385 3992 449 912

800 524 968 579 Al'l'ert
1000 534 1177 578 autem
1209 519 1347 575 libro
1380 518 1552 587 primo
1584 516 1864 571 calumnia:
1894 517 2038 569 illam
2088 511 2298 584 2491)

2476 503 2801 573 Προτίοησιν
2835 498 2930 553 οὖν
2978 501 3033 550 ἐν
3068 498 3145 567 τῷ
3194 504 3240 550 α’
3280 497 3421 566 λόγῳ
3463 498 3561 566 τὴν
3597 495 3991 564 ἐπηρεαζομέ-

726 630 944 677 vocem,
991 619 1046 663 ut
1084 611 1283 662 dictum
1329 616 1412 661 est
1451 621 1517 659 ex
1570 606 1805 659 secunda
1858 608 1921 659 ad
1967 604 2295 657 Succensum

726 703 976 774 cpistola,
1008 702 1089 753 his
1123 699 1304 751 verbis
1339 715 1353 749 :
1388 696 1466 750 Sit
1497 699 1643 749 nobis
1670 697 1859 748 iterum
1884 695 2115 761 exemplo
2146 694 2299 745 homo

730 802 863 850 inter
894 810 983 847 nos
1011 801 1265 845 t-ersatus.
1302 789 1443 841 Duas
1472 790 1609 841 enim
1650 790 1705 841 in
1745 787 1837 839 illo
1868 795 2094 838 naturas
2144 800 2301 852 agno-

728 892 921 942 scimus
958 902 974 937 :
1008 901 1161 935 unum
1184 882 1387 948 quidem
1420 880 1677 948 corporis,
1700 879 1919 930 alteram
1949 892 2064 929 vero
2090 876 2299 937 animw,

729 982 816 1031 sed
849 979 901 1028 in
925 990 1083 1043 puras
1113 974 1344 1024 notiones
1382 971 1600 1031 divisas,
1634 981 1679 1021 et
1706 981 1757 1020 ut
1789 970 1840 1019 in
1866 968 2107 1020 tenuibus
2133 967 2303 1017 simu-

729 1065 910 1124 lacris,
970 1063 1064 1115 hoc
1103 1072 1175 1115 est
1227 1061 1413 1112 utentis
1474 1060 1903 1126 cogitationibus,
1953 1056 2305 1124 (li/Terentiam

730 1156 1088 1222 suscipientes,
1111 1168 1212 1204 non
1235 1167 1327 1219 per
1346 1159 1522 1217 partes
1548 1159 1763 1202 naturas
1788 1148 2128 1210 collocamus,
2146 1161 2307 1214 neque

731 1248 974 1312 utrinque
1020 1244 1260 1296 sectionis
1291 1243 1390 1293 i-im
1435 1242 1560 1310 ipsis
1605 1240 1956 1302 concedimus,
2006 1239 2095 1290 sed
2152 1238 2307 1289 unius

732 1354 889 1389 unam
916 1352 1023 1388 esse
1056 1334 1416 1402 intelligimus,
1449 1348 1609 1401 quare
1638 1332 1759 1383 bina
1788 1346 1889 1382 non
1928 1330 2156 1397 amplius
2184 1329 2311 1380 bina

732 1439 874 1490 sunt,
924 1429 1010 1481 sed
1066 1437 1287 1495 utroque
1336 1435 1539 1477 tantum
1575 1439 1736 1477 unum
1783 1423 2050 1491 perficitur
2087 1421 2308 1475 animal.

734 1520 861 1573 llzec
896 1528 1018 1572 sunt
1043 1532 1163 1585 qum
1192 1518 1245 1569 in
1278 1516 1602 1569 calumniam
1635 1524 1818 1567 vocata
1849 1523 1974 1567 sunt
1995 1513 2175 1565 verba.
2206 1511 2312 1581 Cy-

734 1611 887 1664 rillus
918 1611 1057 1663 enim
1097 1608 1262 1660 animi
1305 1616 1357 1659 et
1390 1607 1656 1673 corporis,
1682 1619 1710 1658 e
1738 1606 1932 1672 quibus
1974 1604 2132 1657 homo
2162 1616 2309 1655 com-

734 1704 970 1768 ponitur,
999 1702 1219 1755 vocibus
1251 1700 1607 1752 dilTerentiam
1646 1698 1978 1751 constituere
2006 1696 2309 1749 recusabat.

734 1792 1090 1858 Quamobrem
1119 1790 1196 1844 sic
1223 1790 1297 1841 ait
1325 1803 1339 1840 :
1368 1787 1487 1841 Non
1507 1804 1597 1854 per
1617 1799 1791 1856 partes
1810 1795 2027 1838 naturas
2051 1785 2310 1852 ponim‘us,

2403 613 2499 663 νην
2551 594 2757 663 φωνὴν,
2807 592 2994 659 ὥσπερ
3036 590 3245 657 ἔφημεν
3293 591 3355 639 ἐκ
3396 590 3491 655 τῆς
3542 588 3797 661 δευτέρας
3848 585 3995 653 πρὸς

2405 686 2710 753 Σούκηνσον
2759 682 3069 748 ἐπιστολῆς,
3125 680 3352 748 ἔχουσαν
3385 678 3555 739 οὕτως
3589 693 3603 708 ⁸
3665 679 3865 729 Ἔστω
3925 674 3998 725 δὲ

2405 774 2547 839 ἡμῖν
2596 775 2683 837 είς
2732 771 3099 839 παράδειγμα
3132 768 3319 819 πάλιν
3349 771 3380 819 ό
3415 769 3542 819 καθ’
3575 765 3732 832 ἡμᾶς
3762 765 4000 830 ἀνθρω-

2406 880 2559 929 ποςν
2595 865 2710 915 Δύο
2758 862 2873 929 μὲν
2914 862 3022 928 γὰρ
3051 860 3148 911 καὶ
3182 859 3273 911 ἐπ’
3307 858 3492 911 αὑτοῦ
3522 859 3565 887 ⁸³
3594 874 3691 908 νο(
3706 857 3853 923 ῡμεν
3884 858 3999 919 τὰς

2408 956 2647 1023 φύσεις,
2690 955 2831 1016 μίαν
2853 951 2971 1017 μὲν
3002 950 3111 1015 τῆς
3136 948 3366 1016 ψυχῆς,
3400 947 3609 1014 ἐτέμιν
3637 947 3704 998 δὲ
3733 947 3849 1013 τὴν
3882 945 3998 999 τοῦ

2406 1046 2703 1114 σώματος.
2769 1043 2923 1095 Ἀλλ’
2974 1042 3043 1093 ἐν
3082 1040 3294 1108 ψιλαῖς
3329 1039 3633 1103 διελόντες
3699 1039 3994 1102 ἐννοίαις,

2408 1136 2504 1187 καὶ
2538 1135 2619 1198 ὠς
2642 1134 2711 1185 ἐν
2750 1130 2991 1199 ἰσχνοῖς
3032 1129 3298 1195 θεωρίαις
3324 1128 3452 1195 ἤτοι
3476 1128 3587 1180 νοῦ
3621 1128 3995 1194 φαντασίαις

2409 1226 2525 1293 τὴν
2554 1224 2848 1292 διαφορὰν
2872 1220 3208 1290 δεξάμενοι,
3245 1222 3355 1273 οὐκ
3385 1220 3501 1272 ἀνὰ
3536 1219 3717 1286 μέρος
3756 1220 4001 1285 τίθεμεν

2408 1318 2516 1382 τὰς
2546 1317 2783 1384 φύσεις,
2823 1315 2961 1366 οὔτε
2985 1313 3113 1381 μὴν
3151 1312 3247 1365 καὶ
3278 1310 3540 1378 διαμπὰξ
3572 1309 3851 1376 διατομῆς
3891 1309 4003 1360 δύ-

2410 1426 2589 1476 ναμιν
2639 1407 2879 1473 ἐφίεμεν
2904 1403 3134 1468 αὑταῖς,
3179 1404 3338 1455 ἀλλὰ
3368 1404 3514 1469 μίαν
3544 1402 3681 1463 ἑνὸς
3707 1398 3861 1454 εἶναι
3896 1416 4004 1452 νο-

2415 1497 2623 1564 οῦμεν,
2655 1496 2809 1546 ὥστε
2828 1495 2899 1546 τὰ
2928 1494 3037 1545 δύο
3063 1492 3279 1559 μηκέτι
3304 1493 3420 1559 μὲν
3443 1490 3594 1544 εἶναι
3626 1490 3755 1551 δύο,
3786 1490 3859 1541 δι’
3894 1490 4006 1556 ἀμ-

2414 1588 2553 1657 φοῖν
2594 1588 2662 1639 δὲ
2710 1587 2776 1638 τὸ
2819 1585 2888 1637 ἐν
2939 1584 3366 1638 ἀποτελεῖσθαι
3421 1582 3584 1642 ζῶον.
3636 1584 3701 1633 Ai.
3751 1583 3851 1649 μὲν
3909 1576 4006 1633 οὖν

2417 1676 2862 1748 ἐπηρεαζόμενοι
2896 1677 3071 1742 φωναὶ
3111 1668 3294 1728 αὗται.
3340 1674 3398 1725 '0
3438 1674 3537 1741 μὲν
3566 1672 3675 1739 γὰρ
3709 1672 3855 1741 ἱερὸς
3898 1672 4008 1723 Κύο

2421 1770 2599 1839 ριλλος
2652 1769 2833 1838 ψυχῆς
2864 1769 2957 1819 καὶ
2993 1766 3266 1836 σώματος,
3305 1765 3365 1828 ὲξ
3394 1758 3467 1817 ὧν
3511 1767 3538 1817 ὁ
3585 1765 3664 1825 el;
3710 1762 4005 1831 ἄνθρωπος

734 1852 822 1935 :ed
871 1881 1075 1943 divisio,
1100 1880 1295 1946 inquit.
1332 1852 1531 1931 Verum
1552 1852 1756 1931 addidit
1794 1893 1807 1929 :
1843 1874 2013 1928 Unam
2038 1891 2145 1927 esse
2161 1876 2316 1926 unius

2423 1862 2787 1922 ἀποτελεῖται,
2842 1860 2940 1927 τὴν
2973 1859 3239 1927 διαφορὰν
3294 1856 3568 1925 ὴῦουλήθη
3616 1856 3705 1907 διὰ
3742 1855 3853 1905 τῶν
3913 1854 4003 1905 λέ-

736 1971 1099 2039 intelligimus.
1120 1969 1329 2037 thuid
1349 1968 1483 2021 hoc?
1510 1984 1669 2021 unam
1696 1968 1839 2022 enim
1870 1967 1957 2021 hic
1982 1966 2314 2037 liypostasin,

736 2064 830 2115 scd
864 2076 971 2115 n0n
1010 2071 1257 2114 naturam
1296 2060 1510 2123 asserit,
1548 2060 1707 2127 idque
1760 2057 2099 2111 manifestius
2142 2056 2317 2111 reddit

736 2154 1050 2217 ostendens,
1087 2150 1317 2218 Utroque
1350 2167 1511 2202 unum
1556 2148 1755 2202 animal
1784 2149 2137 2201 constituitur.
2175 2146 2318 2212 Quo-

741 2243 897 2296 modo
936 2242 1094 2310 igitur
1126 2240 1239 2294 ﬁeri
1267 2248 1444 2307 potest
1478 2254 1639 2291 uuam
1673 2252 1792 2291 esse
1827 2238 2013 2300 animi,
2050 2236 2318 2304 corporis-

739 2346 842 2396 que
889 2329 1175 2384 naturam?
1220 2329 1325 2381 Sed
1373 2329 1492 2381 vide
1528 2329 1718 2381 iterum
1768 2327 1991 2380 alteram
2052 2325 2320 2379 haereseos

739 2423 1048 2481 amentiam,
1084 2419 1386 2489 Intelligere
1442 2427 1676 2486 Oportet,
1736 2418 1932 2485 inquit,
1979 2434 2082 2469 non
2126 2418 2318 2469 dicere.

740 2518 1057 2580 Quanquam
1087 2512 1209 2579 quis
1232 2511 1403 2562 nescit
1430 2520 1577 2561 recte
1606 2507 1960 2566 intellectum,
1986 2514 2133 2559 recte
2156 2505 2318 2556 etiam

741 2604 869 2666 dici,
901 2609 1090 2656 eontra
1119 2614 1250 2653 vero
1284 2598 1422 2651 male
1448 2597 1807 2657 intellectum,
1836 2593 1973 2648 male
2003 2594 2163 2647 etiam
2194 2591 2320 2644 diei.

743 2693 801 2747 Si
836 2705 962 2745 vero
992 2690 1115 2758 quia
1147 2689 1277 2742 dicit
1314 2706 1327 2741 :
1362 2685 1532 2739 Unam
1566 2686 1719 2737 unius
1754 2682 2153 2752 intelligimus?
2183 2680 2317 2734 Illud

743 2798 895 2847 vero,
932 2798 1092 2834 unam
1142 2779 1427 2833 secundum
1463 2794 1553 2830 nos
1598 2788 1864 2840 naturam,
1920 2775 2057 2827 dixit
2099 2791 2111 2825 :
2165 2772 2322 2825 unius

744 2888 957 2944 quoque
986 2873 1247 2927 duntaxat
1283 2870 1530 2922 animalis
1575 2884 1694 2923 esse
1729 2867 2026 2934 intelligere
2064 2879 2159 2932 par
2201 2872 2283 2916 est
2306 2901 2320 2924 ,

746 2966 927 3016 dicere
960 2976 1086 3015 vero
1117 2974 1221 3013 non
1254 2959 1404 3011 item.
1438 2956 1550 3010 Non
1588 2958 1751 3025 igitur
1784 2955 2135 3008 asserendum
2162 2962 2217 3004 et
2243 2952 2322 3002 in-

752 3053 1122 3120 telligendum,
1156 3064 1315 3102 uuam
1346 3063 1468 3101 esse
1499 3056 1767 3111 naturam,
1797 3045 1989 3112 quibus
2018 3044 2117 3096 hoc
2148 3054 2324 3095 acces-

746 3147 833 3198 sit.
869 3150 935 3195 .-\t
958 3142 1226 3210 quomodo
1251 3140 1392 3194 idem
1419 3141 1625 3207 integre
1655 3138 1811 3199 dixit,
1840 3152 1959 3204 quae
1985 3135 2185 3187 dixisse
2214 3148 2317 3186 non

747 3231 1018 3302 oportuit?
1071 3229 1175 3283 Sed
1220 3228 1433 3280 Valeant
1466 3229 1545 3280 lue
1586 3241 1757 3293 nngzc.
1810 3225 2005 3277 lterum
2034 3223 2202 3283 aiunt,
2246 3222 2326 3272 in-

747 3319 906 3388 quit:
947 3315 1012 3370 Ut
1058 3318 1179 3369 bina
1222 3331 1325 3368 non
1370 3314 1596 3383 amplius
1633 3329 1741 3366 esse
1775 3312 1919 3372 bina,
1968 3314 2054 3364 sezl
2110 3320 2328 3375 utroque

749 3420 954 3464 tantum
988 3424 1147 3460 unum
1173 3407 1442 3474 perﬁcitur
1466 3406 1683 3458 animal.
1716 3406 1881 3473 Igitur
1908 3404 2041 3455 duas
2086 3416 2330 3455 asserere

752 3514 993 3562 naturas,
1027 3517 1131 3553 non
1163 3501 1294 3553 duas
1336 3498 1562 3565 amplius
1584 3512 1822 3550 manere.
1853 3494 1908 3549 Si
1935 3510 2061 3548 vero
2083 3494 2331 3561 exemplo

750 3598 1063 3662 loquuntur,
1099 3594 1231 3645 duas
1274 3600 1496 3643 naturas
1528 3604 1633 3643 nou
1670 3588 1906 3657 amplius
1938 3589 2069 3641 dicit
2114 3600 2333 3641 manere

751 3687 907 3747 duas,
951 3681 1201 3735 videlicet
1251 3680 1317 3733 de
1362 3678 1580 3732 Christo
1644 3679 1782 3731 idem
1832 3690 1897 3729 ex
1951 3676 2335 3730 consecutione

750 3774 1146 3828 tonsidcratur.
1168 3768 1233 3822 Et
1266 3770 1481 3838 quidem
1522 3782 1629 3822 non
1660 3766 2016 3835 intelligentes
2040 3765 2333 3827 allirmaul,

758 3865 986 3933 ιιιὶιιιιιιιι
1025 3862 1264 3931 quidem,
1297 3869 1355 3914 ut
1398 3876 1503 3913 non
1536 3860 1715 3913 omnia
1759 3859 1809 3911 in
1842 3858 2089 3925 exemplo
2120 3859 2333 3921 debent,

754 3967 807 4009 et
841 3970 934 4022 per
959 3953 1266 4022 exemplum
1301 3953 1574 4005 declarato
1607 3949 1963 4003 considerari.
2004 3949 2204 4002 Deinde
2231 3962 2333 3999 non

754 4044 985 4112 amplius
1028 4057 1149 4096 esse
1198 4043 1351 4105 duos,
1386 4041 1463 4092 ait
1500 4058 1512 4095 :
1546 4041 1645 4093 hoc
1689 4048 1792 4103 est,
1834 4053 1938 4091 non
1971 4053 2034 4090 ex
2081 4045 2254 4105 parte,
2286 4045 2340 4089 et

756 4150 850 4203 per
885 4148 943 4186 se
983 4134 1300 4192 subsistere,
1334 4130 1427 4183 sed
1452 4172 1465 4195 ,
1510 4139 1568 4181 ut
1614 4138 1769 4182 antea
1815 4128 2070 4191 diximus,
2111 4138 2339 4193 utroque

756 4242 918 4279 unum
947 4223 1143 4277 animal
1173 4222 1457 4275 constitui.
1490 4222 1555 4274 Et
1586 4220 1892 4284 considera,
1930 4221 2201 4287 quomodo
2234 4232 2337 4271 non

752 4335 818 4371 ex
850 4327 1101 4384 utroque,
1152 4317 1243 4369 sed
1294 4330 1387 4382 per
1437 4325 1667 4382 utraque
1708 4313 1800 4366 liat
1837 4311 2058 4364 animal.
2118 4308 2342 4379 Signiﬁ-

756 4422 885 4461 cans
956 4417 1239 4473 utramque
1324 4413 1570 4458 naturam
1622 4406 1673 4456 in
1738 4403 2066 4457 absolvenda
2119 4400 2340 4466 animali

2423 1954 2557 2017 ξεων
2590 1952 2942 2021 παραστῆσαι
2974 1966 2987 1977 ·
3018 1950 3097 2001 διὸ
3127 1949 3223 2000 καὶ
3270 1943 3447 2000 εἶπεν·
3489 1950 3611 1999 Οὐκ
3658 1946 3773 1999 ἀνὰ
3817 1945 4004 2013 μέρος

2429 2048 2666 2113 τίθεμεν
2704 2042 2811 2107 τὰς
2848 2042 3086 2110 φύσεις,
3127 2041 3164 2106 η
3206 2040 3273 2091 δὲ
3310 2041 3560 2106 αἵρεσις,
3613 2039 3779 2106 φησίν
3810 2056 3823 2067 ·
3887 2037 4006 2089 ἀλλ’

2426 2137 2696 2203 ἐπήγαγε,
2740 2133 2895 2185 Μίαν
2930 2131 3066 2195 ἐνὸς
3095 2126 3247 2182 εἶναι
3277 2128 3555 2196 νοοῦμεν.
3592 2128 3700 2179 Kal.
3727 2128 3777 2179 τί
3809 2126 4006 2192 tofi-co;

2424 2226 2553 2294 μίαν
2588 2224 2697 2291 γὰρ
2724 2221 2960 2274 ἐνταῦθα
2986 2220 3084 2289 τὴν
3119 2220 3417 2272 ὑπόστασιν
3455 2218 3569 2271 ἀλλ’
3610 2218 3668 2269 οὑ
3695 2218 3793 2286 τὴν
3838 2217 4005 2285 φύσιν

2421 2315 2563 2371 εἷπε.
2611 2315 2722 2367 Kal
2771 2314 2929 2367 τοῦτο
2966 2313 3296 2380 σαφέστερον
3346 2310 3632 2380 ἐδήλωσεν,
3679 2310 4003 2377 ἐπαγαγὼν

2422 2409 2502 2462 Δι’
2534 2406 2758 2476 ἀμφοῖν
2782 2406 2850 2458 δὲ
2890 2407 2958 2457 τὸ
2990 2404 3060 2457 ἐν
3086 2403 3512 2458 ἀποτελεῖσθαι
3542 2402 3706 2462 ζῶον.
3742 2402 3869 2465 Πῶς
3898 2402 4009 2473 γὰρ

2431 2500 2541 2558 οἶόν
2570 2506 2629 2556 τέ
2660 2505 2776 2556 ἐστι
2804 2504 2944 2555 νοεῖν
2978 2500 3229 2570 σώματος
3263 2502 3356 2552 καὶ
3381 2500 3560 2569 ψυχῆς
3602 2499 3730 2570 μίαν
3764 2500 3960 2552 οὐσίαν
3993 2515 4007 2561 ;

2422 2598 2532 2651 ἀλλ’
2574 2598 2675 2664 ὅρα
2708 2593 2869 2646 πάλιν
2894 2593 3089 2661 ἑτέραν
3118 2591 3303 2644 ἄνοιαν
3341 2592 3440 2659 τῆς
3488 2592 3753 2659 αἱρέσεως
3786 2608 3802 2623 ·
3830 2592 4013 2643 Νοεῖν

2423 2686 2576 2748 εἷπε,
2618 2687 2804 2755 φησὶν,
2846 2685 3156 2753 οῠλέτειν.
3190 2683 3386 2735 Καίτοι
3426 2700 3490 2749 γε
3518 2683 3599 2745 τίς
3625 2683 3724 2734 οὐχ
3756 2677 3896 2733 οἶδεν
3931 2684 4009 2744 ὡς

2422 2782 2483 2833 τὸ
2514 2780 2695 2839 καλῶς
2718 2764 3011 2846 νοούμενον
3041 2777 3132 2829 καὶ
3165 2775 3344 2837 καλῶς
3368 2774 3610 2841 λέγεται,
3640 2775 3701 2826 τὸ
3730 2775 3786 2826 δὲ
3817 2774 4010 2836 κακῶς

2430 2870 2723 2939 νοούμενον
2748 2868 2869 2920 οὐδὲ
2903 2867 3158 2932 λέγεσθαι
3188 2866 3434 2930 δίκαιον;
3468 2867 3527 2917 Εἰ
3555 2866 3608 2917 δὲ
3637 2865 3768 2917 διότι
3805 2865 3960 2931 λέγει
3995 2880 4011 2895 ·

2424 2962 2583 3013 Μίαν
2614 2960 2753 3022 ἐνὸς
2800 2957 3078 3023 νοοῦμεν,
3136 2957 3194 3007 τὸ
3242 2956 3298 3007 δὲ
3345 2958 3493 3023 μίαν
3539 2956 3669 3010 καθ’
3706 2954 3864 3022 ἡμᾶς
3894 2954 4015 3020 τὴν

2425 3054 2615 3119 φύσιν
2640 3044 2813 3109 εἶπεν,
2868 3049 2959 3099 καὶ
3016 3047 3132 3107 ἑνὸς
3168 3046 3265 3113 μὲν
3319 3042 3461 3097 εἷναι
3511 3046 3649 3109 gum
3713 3047 3875 3114 μόνον
3930 3044 4015 3096 δεῖ

2378 3186 2393 3201 ,
2428 3144 2589 3203 νοεῖν,
2626 3140 2805 3207 λέγειν
2831 3138 2887 3190 δὲ
2912 3137 3120 3197 οὐκέτι,
3172 3136 3368 3189 οὐκοῦν
3420 3138 3479 3188 οὐ
3529 3136 3634 3206 χρὴ
3663 3136 3842 3203 λέγειν
3880 3136 4016 3204 μίαν

2430 3232 2613 3299 φύσιν,
2671 3232 2719 3282 εἰ
2756 3229 2801 3260 ⁸³
2843 3229 2937 3281 καὶ
2972 3229 3112 3279 νοεῖν
3156 3243 3299 3278 τισιν
3330 3227 3534 3295 ἐπῆλθε
3568 3227 3748 3279 τοῦτο.
3796 3226 3918 3286 Πῶς
3956 3225 4014 3276 δὲ

2430 3322 2525 3374 καὶ
2549 3321 2709 3381 αὐτὸς
2733 3320 2868 3381 ὅλως
2899 3315 3051 3371 εἷπεν
3081 3317 3117 3371 ἃ
3146 3317 3329 3384 λέγειν
3352 3318 3450 3369 οὐκ
3483 3318 3625 3381 ἔδεις
3658 3316 3773 3371 ἀλλ’
3800 3319 3829 3368 ὁ
3856 3318 4017 3378 κενὸς

2430 3406 2587 3473 οὗτος
2612 3411 2822 3481 sepem
2842 3411 3026 3480 λῆρος.
3051 3409 3221 3462 Πάλιν
3237 3409 3317 3471 δὲ,
3341 3410 3524 3477 φασὶν,
3545 3410 3768 3478 εἴρηκεν
3789 3426 3803 3440 ·
3834 3411 4017 3461 Ὥστε

2431 3504 2505 3557 τὰ
2537 3503 2646 3556 δύο
2667 3503 2881 3571 μηκέτι
2904 3502 3020 3569 μὲν
3048 3502 3203 3555 εἶναι
3230 3502 3354 3566 δύο,
3396 3501 3472 3555 δι’
3502 3501 3726 3570 ἀμφοῖν
3754 3500 3824 3553 δὲ
3852 3502 3915 3554 τὸ
3948 3501 4020 3553 ἐν

2434 3594 2860 3648 ἀποτελεῖσθαι
2890 3591 3057 3651 ζῶον.
3097 3591 3309 3645 Οὐκοῦν
3339 3593 3437 3655 τὰς
3470 3592 3562 3645 δύο
3584 3592 3774 3661 φύσεις
3793 3592 3939 3660 λέγει
3972 3594 4017 3621 ’⁸⁸

2440 3686 2513 3757 μὴ
2555 3688 2734 3754 μένειν
2764 3686 2843 3737 ἔτι
2878 3686 2971 3737 δύο
3002 3685 3211 3752 φύσεις.
3260 3687 3320 3737 ΕΞ
3356 3685 3413 3737 δὲ
3447 3687 3541 3738 ἐπὶ
3589 3685 3685 3738 τοῦ
3758 3688 4018 3756 παραδεί-

2440 3792 2673 3844 γματος,
2697 3778 2850 3843 φασὶ,
2874 3775 2971 3838 τὰς
2997 3775 3089 3827 δύο
3119 3776 3309 3843 φύσεις
3342 3776 3404 3828 οὐ
3436 3775 3583 3843 λέγει
3601 3776 3877 3844 διαμένειν
3900 3777 4018 3840 δύο,

2436 3868 2683 3938 δηλονότι
2713 3870 2811 3920 καὶ
2844 3869 2938 3920 ἐπὶ
2960 3868 3196 3937 Χριστοῦ
3240 3868 3402 3922 τοῦτο
3452 3868 3763 3931 ἀκολοΰοως
3808 3869 4018 3938 θεωρη-

2439 3958 2687 4028 θήσεται.
2736 3958 2845 4011 Kal
2894 3960 3067 4012 ταῦτά
3096 3977 3228 4027 φασι
3281 3960 3355 4030 μὴ
3383 3961 3652 4022 συνιέντες
3675 3960 3891 4030 πρῶτον
3918 3962 4020 4029 μὲν

2440 4050 2517 4111 ὼς
2548 4049 2669 4117 οὐχὶ
2718 4048 2896 4101 πάντα
2945 4052 3014 4101 τὰ
3061 4054 3118 4102 ἐν
3158 4053 3237 4120 τῷ
3285 4052 3690 4121 παραδείγματι
3740 4051 3861 4122 [411
3924 4053 4020 4123 IL]

2441 4139 2642 4207 ὀφείλει
2679 4140 2771 4191 καὶ
2813 4143 2869 4191 ὲν
2911 4139 2987 4209 τῷ
3017 4142 3642 4212 παραδειγματιζομὲνῳ
3672 4143 4021 4213 θεωρεῖσθαι,

2442 4229 2694 4299 δεύτερον
2725 4230 2780 4281 δὲ
2817 4229 2900 4281 ὅτι
2933 4230 2995 4281 τὸ
3026 4232 3222 4298 μηκέτι
3252 4232 3351 4300 μὲν
3383 4229 3521 4284 εἷναι
3556 4233 3648 4284 δύο
3681 4228 3823 4293 εἷπε,
3864 4251 4023 4286 τουτ-

2447 4321 2561 4372 έστι
2589 4322 2661 4389 μὴ
2686 4321 2790 4372 ἀνὰ
2825 4320 2990 4388 μέρος
3021 4321 3116 4373 καὶ
3146 4321 3528 4385 ἱδιοσυστάτως
3563 4324 3853 4391 ὑπάρχειν,
3882 4325 4021 4389 ἀλλ’,

2446 4410 2521 4472 ὡς
2572 4412 2818 4479 προεῖπε,
2870 4409 2939 4461 δι’
2985 4411 3187 4478 ἀμφοῖν
3230 4412 3290 4463 τὸ
3339 4411 3396 4463 ἓν
3430 4412 3814 4464 ἀποτελεῖσθαι
3860 4413 4017 4475 ζῶον.

758 4498 1091 4550 conservari.
1120 4495 1346 4560 Quando
1372 4495 1500 4563 quid
1527 4494 1803 4560 prohibuit
1827 4510 1919 4562 per
1946 4494 2033 4545 illo
2061 4509 2153 4560 per
2185 4502 2328 4543 utra-

2448 4501 2557 4553 Kal
2592 4502 2781 4551 σκόπει
2813 4500 2888 4562 ὼς
2919 4500 3019 4551 οὐκ
3059 4502 3116 4565 ἐξ
3144 4502 3349 4569 ἀμφοῖν
3382 4503 3517 4555 ἀλλά
3546 4504 3612 4555 δι’
3644 4505 3849 4573 ἀμφοῖν
3879 4505 4017 4555 ἀπο-

755 4605 853 4641 aue
894 4589 1091 4647 dicere,
1120 4602 1216 4654 prn
1256 4601 1413 4638 unam
1445 4601 1604 4636 umun
1638 4584 1820 4653 perlici
1853 4585 2070 4635 animal.
2098 4583 2153 4635 Si
2188 4582 2333 4636 enim

760 4682 881 4732 bina
920 4681 1042 4731 bina
1078 4695 1181 4731 non
1228 4688 1503 4741 maneant,
1534 4679 1585 4730 in
1629 4693 1789 4729 unam
1842 4685 2210 4728 convenerunt
2240 4689 2335 4725 ua-

762 4785 959 4833 turam,
992 4787 1086 4837 per
1128 4787 1289 4821 uuam
1324 4770 1426 4822 dici
1455 4771 1738 4837 oportebat
1790 4770 1901 4819 lieri
1930 4807 1942 4829 ,
1975 4767 2169 4835 250a
2222 4766 2336 4816 ani—

760 4863 865 4915 naal
908 4877 1092 4923 unum,
1128 4873 1177 4911 ιιι
1212 4875 1385 4927 neque
1430 4862 1620 4912 iterum
1661 4860 1817 4919 dixit,
1855 4874 1918 4910 ea:
1982 4868 2200 4925 utroque
2229 4873 2334 4909 una

761 4965 949 5007 natura
1007 4953 1238 5020 perfecta
1293 4962 1391 5013 est,
1460 4953 1551 5004 sed
1605 4967 1769 5002 unum
1819 4950 2016 5002 animal
2084 4952 2182 5002 line
2234 4957 2333 5012 ρει,

760 5058 1010 5112 persona.
1049 5042 1113 5094 Et
1154 5051 1299 5095 recte
1347 5057 1448 5094 non
1488 5039 1621 5093 dixit
1661 5056 1673 5091 :
1710 5038 1825 5091 Una
1869 5050 2055 5091 natura
2113 5040 2341 5106 perfecta

759 5144 851 5187 est.
886 5132 995 5185 lloc
1028 5133 1169 5184 enim
1231 5144 1477 5184 asserere
1509 5129 1822 5198 Apollinarii
1873 5130 2093 5181 lizeresis
2118 5138 2219 5187 est,
2247 5127 2340 5195 qui

761 5224 896 5275 dixit
934 5238 947 5275 :
993 5220 1174 5274 Mistio
1202 5223 1381 5274 divina
1412 5220 1547 5273 Deus
1578 5230 1626 5273 et
1652 5221 1805 5273 homo
1828 5236 1986 5271 unum
2018 5230 2063 5271 et
2091 5222 2327 5271 ramilem

760 5325 1029 5377 naturam,
1064 5321 1116 5367 et
1144 5312 1391 5382 quamvis
1424 5312 1474 5363 in
1517 5312 1686 5379 prima
1724 5310 1786 5362 ad
1836 5309 2166 5362 Succensum
2229 5308 2340 5375 epi-

763 5405 897 5459 stola
932 5407 995 5457 de
1026 5407 1212 5457 eodem
1242 5404 1489 5471 exemplo
1516 5402 1624 5471 agit
1652 5418 1666 5454 :
1700 5398 1789 5464 Et,
1835 5404 1878 5453 si
1907 5400 2125 5462 videtur,
2157 5399 2336 5467 capia-

764 5507 879 5547 mus
923 5493 1141 5560 exempli
1177 5492 1350 5561 gratia
1403 5492 1569 5544 nostri
1602 5491 2046 5557 compositionem,
2096 5504 2201 5555 qua
2242 5489 2336 5539 lio-

2443 4594 2715 4643 τελεῖσθαι
2746 4593 2902 4655 ζῶον,
2944 4594 3223 4661 σημαίνων
3248 4596 3322 4655 ὠς
3350 4596 3586 4664 ἑκατέρα
3630 4596 3793 4663 φύσις
3843 4600 3903 4650 ὲν
3948 4600 4021 4665 τῷ

2446 4685 2864 4736 ἀποτελεσοέντι
2910 4684 3143 4747 σώζεται
3189 4685 3335 4754 ζώῳ.
3379 4688 3602 4739 Ἐπεὶτί
3637 4688 3873 4740 ἐκώλυεν
3905 4690 4021 4740 ἀντὶ

2441 4772 2532 4822 τοῦ
2556 4771 2630 4822 δι’
2659 4771 2882 4838 ἀμφοῖν
2918 4775 3090 4825 εἰπεῖν
3111 4774 3191 4825 ὅτι
3224 4773 3307 4825 διὰ
3343 4777 3468 4841 μιᾶς
3504 4775 3564 4826 τὸ
3594 4775 3650 4825 ἒν
3683 4777 4019 4843 ἀπετελέσῡη

2442 4858 2586 4921 ζιῗ›ν;
2631 4860 2687 4909 El
2722 4859 2832 4929 γὰρ
2866 4862 2922 4912 αἱ
2951 4860 3043 4912 δύο
3075 4862 3257 4913 οὐκέτι
3290 4863 3511 4930 μένουσι
3548 4863 3662 4925 δύο,
3693 4866 3773 4925 εἰς
3812 4868 3943 4934 μίαν
3967 4868 4021 4919 δὲ

2449 4951 2711 5016 συνῆλθον
2750 4951 2930 5019 φύσιν,
2968 4952 3094 5022 [788
3138 4952 3229 5025 3.]
3259 4954 3344 5006 διὰ
3379 4958 3507 5024 μιᾶς
3539 4955 3643 5008 ἔδει
3674 4958 3835 5024 φάναι
3869 4959 3931 5010 τὸ
3968 4960 4021 5009 ἓν

2442 5039 2668 5090 ἁποτελι
2692 5038 2825 5091 ’σθαι
2849 5040 3004 5103 ζῶον.
3040 5042 3150 5092 Kal.
3175 5042 3295 5094 οὐδὲ
3328 5045 3489 5096 πάλιν
3515 5041 3661 5109 εἷπε,
3685 5046 3763 5098 Δι’
3798 5047 4021 5114 ἀμφοῖν

2442 5131 2480 5195 ἠ
2523 5131 2631 5197 μία
2665 5131 2851 5196 φύσις
2890 5132 3291 5200 ἀπετελέσθη,
3322 5134 3457 5187 ἀλλὰ
3491 5138 3550 5188 τὸ
3578 5135 3635 5189 ἒν
3668 5136 3829 5201 ζῶον,
3864 5154 4019 5189 τουτ-

2441 5218 2591 5269 έστιν
2618 5220 2648 5288 ἡ
2686 5219 3003 5281 ὑπόστασις.
3038 5221 3142 5271 Kal
3169 5222 3350 5285 καλῶς
3385 5224 3485 5276 οὐκ
3513 5221 3659 5287 εἷπε,
3685 5226 3803 5277 Mla
3836 5229 4021 5292 φύσις

2442 5308 2822 5376 ἀπετελέσθη
2851 5326 2865 5339 ο
2909 5310 2969 5361 τὸ
2992 5310 3099 5381 γὰρ
3131 5312 3309 5380 λέγειν
3332 5314 3489 5366 τοῦτο
3513 5316 3611 5384 τῆς
3640 5317 4019 5388 Ἀπολιναρίου

2443 5399 2627 5470 lii;ch
2652 5398 2697 5430 ⁸³⁵
2732 5401 2901 5465 ἐστὶν,
2928 5400 2986 5463 ὃς
3016 5401 3145 5471 ἔφη’
3178 5404 3353 5466 Μιεις
3376 5406 3673 5460 θεσπεσία
3720 5408 3866 5471 Θεὸς
3925 5410 4017 5460 καὶ

2444 5490 2755 5556 ἄνθρωπος
2783 5492 2931 5558 μίαν
2962 5492 3060 5546 καὶ
3103 5494 3218 5559 τὴν
3244 5496 3438 5563 αὐτὴν
3473 5496 3806 5551 ἀπετέλεσε
3836 5500 3884 5531 ⁸⁸
3910 5503 4020 5566 5:1}-

2061 5602 2297 5656 VARIA‘I
2333 5604 2735 5661 [.ECTIONES.

864 5701 903 5734 ⁸³
936 5701 1023 5753 ἐπ’
1069 5702 1106 5753 Α
1148 5720 1158 5753 :
1202 5701 1291 5751 ὑπ’
1324 5719 1383 5764 ς.
1458 5699 1505 5731 ⁸³
1539 5701 1585 5752 εί
1644 5698 1762 5751 add.
1808 5698 1868 5751 Α.

765 5771 928 5826 λεσαν
955 5779 1016 5823 Α.

1963 5699 2008 5727 ⁸³
2037 5697 2183 5749 λέγει
2237 5710 2374 5749 corr.
2405 5698 2445 5747 Λ
2475 5717 2485 5751 :
2513 5698 2687 5766 λέγειν
2730 5718 2790 5763 ς.

2892 5699 2939 5733 ⁸⁵
2969 5703 3149 5773 λώϐης
3175 5705 3215 5755 Δ
3272 5723 3281 5755 :
3354 5706 3521 5774 λάδης
3553 5724 3610 5767 ς.
3746 5706 3794 5739 ³⁸
3820 5709 4018 5763 ἀπετέ-
