4208 6448
706 393 818 458 975
1853 390 2115 450 PIIOTlI
2159 388 2663 449 PATRIARCll/E
2702 390 2808 448 cr.
3862 396 3987 459 975

704 513 848 565 clare
872 512 1033 564 etiam
1070 518 1185 577 post
1214 507 1638 561 incarnationem
1670 506 1950 576 utriusque
1982 507 2279 569 unitorum,

2401 508 2611 559 310x52:
2635 505 2829 557 ἰέπτίιι
2860 524 2863 527 ν
2919 502 3144 556 οὐκοῦν
3178 503 3517 571 ἀναγκαίως
3549 508 3823 565 σωζεται.“
3856 510 3978 562 Καὶ

704 614 831 657 ante
861 602 994 655 dixit
1019 613 1237 653 manere
1276 599 1327 652 in
1359 599 1445 663 iis,
1476 614 1594 667 qua:
1626 600 1920 653 secundum
1960 608 2229 651 naturam.

2401 593 2664 663 ithépto'
2688 595 2812 645 Κάν
2843 591 2967 657 τοῖς
3008 591 3119 658 τῆς
3148 593 3495 657 συνθέσεως
3538 598 3740 662 λόγοις
3784 597 3979 650 tbi-v.1-

704 696 871 762 ἄρχει
902 693 969 745 τὸ
1003 692 1294 760 διάφορον
1323 692 1471 744 κατὰ
1497 693 1688 754 φύσιν
1712 690 1831 744 τῶν
1852 693 1932 756 εις
1971 692 2224 757 ἑνότητα
2243 686 2829 756 συγκεκομισμένων.
2857 685 2981 755 [789
3014 685 3107 755 IL]
3142 687 3248 738 Kal.
3278 687 3534 755 ἀλλαχοῦ·
3563 690 3643 741 Οὐ
3674 688 3976 757 πέρινρται

699 790 852 842 κατὰ
879 786 1077 849 τοῦτο,
1102 784 1252 837 κατὰ
1277 785 1343 837 τό
1365 785 1619 852 ἐκείνοις
1636 786 1858 840 δοκοῦν
1878 803 1890 816 ⁸
1915 788 2053 839 οὔτε
2065 786 2191 853 μὴν
2211 782 2425 849 ειςτὴν
2452 782 2560 849 τῆς
2579 782 2802 850 σαρκός
2820 782 3536 850 φύσινμεταπεςςοίτηκεν
3561 782 3597 848 ἡ
3629 784 3732 837 τοῦ
3758 788 3975 853 λόγου·

696 880 832 933 ἀλλ’
894 878 1036 931 οὐδὲ
1094 878 1131 943 ἡ
1168 875 1278 944 τῆς
1341 879 1569 945 σαρκὸς
1636 877 1838 945 ειςτὴν
1886 876 2072 930 αὑτοῦ
2097 892 2110 905 ⁸
2141 876 2282 929 ἀλλ’
2316 874 2385 927 ἐν
2416 874 2657 940 ἰδιότητι
2688 873 2837 926 κατὰ
2888 875 3078 941 φύσιν
3111 874 3396 941 ἐκατέρου
3454 875 3747 941 μένοι-τός
3774 893 3835 928 τε
3872 879 3975 929 καὶ

696 985 716 1018 τ
736 968 1052 1035 οουμένου,
1081 969 1119 1036 ἠ
1142 968 1399 1036 ἇρῤητος
1422 968 1521 1021 καὶ
1542 969 1847 1035 ἄφραστος
1875 967 2095 1031 ἓνωσις
2123 968 2272 1035 μίαν
2299 965 2444 1033 ἡμῖν
2478 966 2709 1028 ἔδειξεν
2739 966 2872 1019 Υιοῦ
2911 966 3316 1033 φύσινβλὴν,
3352 966 3430 1029 ὡς
3455 967 3629 1033 (igitr,
3662 982 3977 1035 aeo'upxw-

690 1064 909 1133 μένην.
958 1064 1087 1118 Ἰδοὺ
1109 1064 1361 1134 φανερῶς
1378 1065 1472 1117 καὶ
1508 1065 1647 1135 μετὰ
1672 1065 1770 1133 τὴν
1808 1066 2080 1134 σάρκωσιν
2110 1063 2367 1131 ἑκάτερον
2396 1064 2441 1092 ⁸⁸⁵
2468 1061 2575 1114 τῶν
2607 1062 2915 1115 ἑνωθέντων
2946 1064 3002 1114 ἐν
3026 1065 3137 1124 τοῖς
3163 1062 3303 1114 κατὰ
3336 1061 3495 1129 φύσιν
3532 1061 3713 1129 μένειν
3739 1057 3862 1113 εἷπε
3903 1064 3975 1117 ⁸⁸.

770 1177 1015 1248 Scriptor
1038 1179 1151 1233 haec
1186 1194 1450 1234 cuarrans
1484 1181 1696 1245 scribit,
1726 1192 1782 1233 ut
1817 1179 2280 1235 consubstantialc

698 1269 1158 1323 consubstantiali
1211 1269 1508 1323 secundum
1563 1271 1876 1339 hypostasin
1925 1288 2027 1323 nou
2074 1271 2278 1331 uuitur,

700 1374 875 1427 neque
899 1361 1044 1413 cnim
1081 1361 1262 1413 anima
1291 1360 1487 1413 animae
1517 1362 1571 1413 in
1603 1376 1834 1429 persona
1866 1360 2074 1423 uuitur,
2110 1373 2282 1427 neque

700 1465 897 1516 corpus
920 1451 1153 1519 corpori.
1186 1451 1318 1513 Qua:
1346 1467 1473 1505 vero
1512 1453 1724 1505 diversa
1758 1451 2056 1505 substantia
2083 1451 2279 1502 uniun-

703 1550 812 1603 tur,
864 1556 1106 1608 persona:
1160 1540 1424 1594 unitatem
1467 1542 1770 1603 absolvunt,
1828 1542 1882 1593 in
1925 1556 2088 1595 unam
2137 1539 2283 1593 enim

700 1632 1022 1685 substantia:
1060 1634 1472 1700 proprietatem,
1510 1648 1630 1700 qua:
1656 1648 1718 1685 ex
1761 1632 1970 1686 unitate
2008 1641 2137 1685 sunt
2178 1646 2283 1684 non

699 1732 1111 1776 convertuntur.
1140 1723 1341 1788 Quare,
1377 1724 1421 1778 si
1449 1726 1718 1789 volumus,
1747 1739 1907 1777 unam
1948 1724 2283 1777 incantatam

701 1814 862 1867 Verbi
905 1822 1177 1877 naturam,
1219 1814 1270 1868 id
1295 1824 1397 1878 est,
1433 1830 1594 1868 unam
1621 1830 1930 1879 personant,
1958 1814 2010 1865 in
2043 1815 2282 1881 seipsam

701 1907 1056 1969 ixivalescere,
1092 1906 1439 1975 agnoscimus
1485 1909 1760 1960 unitorum
1798 1907 1852 1959 in
1891 1914 2086 1959 natura
2129 1905 2283 1959 dilic-

702 1999 954 2061 rcntiatn,
1001 2012 1165 2051 unam
1216 1997 1379 2067 igitur
1412 1996 1574 2052 Verbi
1623 1999 1963 2052 incarnatam
2008 2008 2280 2062 naturam,
2315 1979 2361 2038 Β

707 2105 865 2141 unam
916 2088 1270 2158 intelligimus
1306 2104 1612 2157 personam.
1650 2089 1706 2143 Si
1740 2091 1883 2144 enim
1928 2106 2089 2144 unam
2128 2099 2290 2144 natu-

704 2191 818 2228 ram
853 2177 1192 2229 iucarnatam
1220 2183 1548 2241 asserentes,
1577 2178 1794 2247 proprie
1831 2186 2083 2231 naturam
2111 2178 2292 2232 incar-

705 2275 887 2319 natam
927 2265 1300 2335 intelligimus,
1338 2264 1549 2319 Patrem
1585 2278 1639 2320 et
1666 2268 1931 2336 Spiritum
1964 2268 2292 2334 .incarnatos

705 2360 1022 2412 asserint-us.
1073 2357 1187 2411 Una
1234 2358 1380 2411 enim
1422 2365 1506 2411 est
1549 2358 1852 2427 eademque
1901 2367 2094 2413 natura
2147 2358 2289 2423 Filii,

706 2450 881 2503 Patris
905 2464 969 2502 ac
1025 2449 1261 2517 Spiritus
1328 2450 1550 2503 sancti:
1592 2464 1781 2502 verum
1835 2449 2292 2503 considerandum

707 2538 837 2590 illud
868 2538 1197 2591 accuratius.
1236 2537 1342 2592 Sed
1378 2538 1599 2592 haeresis
1628 2537 1759 2606 quid
1783 2538 2020 2592 astruit?
2054 2538 2294 2590 Duarum

709 2646 1023 2682 naturarum
1067 2629 1322 2681 unitatem
1361 2631 1647 2683 asserimus
1677 2641 1789 2697 post
1822 2647 1985 2683 unam
2022 2631 2291 2683 unionem.

710 2720 911 2775 Verum
964 2723 1011 2775 si
1037 2732 1285 2775 naturam
1328 2730 1383 2775 et
1432 2724 1728 2776 essentiam
1769 2722 1977 2787 dicunt,
2022 2722 2296 2787 quomodo

713 2830 818 2867 non
852 2812 1224 2867 confusionem
1254 2821 1307 2866 et
1336 2812 1966 2869 consubstantialitatcm
2002 2813 2296 2867 sentientes

712 2905 1023 2973 capiuntur.
1059 2902 1117 2956 Si
1161 2917 1291 2957 vero
1328 2918 1494 2957 unam
1545 2918 1852 2973 personam,
1886 2904 1969 2958 vel
2011 2919 2172 2957 uuam
2204 2905 2299 2971 hy-

713 2996 956 3064 postasin
1000 3004 1146 3048 recte
1186 3003 1462 3058 astruunt,
1507 3004 1843 3063 cognoscant
1889 2992 2085 3063 251a
2144 3010 2296 3047 suun-

713 3069 858 3142 mam
892 3097 945 3140 et
976 3086 1263 3140 indirisam
1296 3087 1582 3149 nuitatem,
1612 3102 1783 3155 neque
1815 3088 2086 3153 suscipere
2110 3087 2298 3139 sectio-

718 3193 841 3228 nent
904 3176 1196 3239 unitatum,
1254 3190 1431 3243 neque
1484 3175 1883 3235 confusionem,
1939 3190 2112 3243 neque
2172 3192 2299 3228 cou-

2457 1181 2641 1234 Ταῦτα
2675 1182 2899 1234 διελθὼν
2927 1184 2954 1235 ὁ
2998 1180 3347 1250 συγγραφεύς
3388 1197 3520 1249 φησι
3574 1180 3673 1249 μὲν
3716 1180 3792 1240 ὡς
3839 1181 3978 1248 ὁμο-

2385 1273 2565 1325 οὑσιον
2597 1274 2695 1342 μὲν
2733 1274 3004 1343 ὀμοουσίῳ
3060 1272 3182 1324 καθ’
3240 1272 3543 1324 ὑπόστασιν
3602 1272 3700 1339 οὑχ
3756 1271 3979 1323 ἑνοῦται

2387 1364 2528 1429 (οὐδὲ
2562 1364 2672 1433 γὰρ
2704 1366 2852 1433 ψυχὴ
2881 1364 3025 1432 ψυχῇ
3070 1363 3191 1415 καθ’
3249 1364 3548 1414 ὑπόστασιν
3579 1361 3817 1423 ἑνοῦται,
3850 1362 3978 1412 οὔτε

2390 1455 2549 1522 σῶμα
2572 1453 2831 1523 σώματι),
2859 1455 2926 1506 τὰ
2947 1454 3003 1505 δὲ
3035 1454 3352 1523 ἑτεροοὺσια
3374 1454 3417 1483 ’⁷
3448 1453 3710 1521 ἑνούμενα
3727 1453 3824 1520 τὴν
3852 1452 3979 1503 καθ’

2390 1546 2692 1597 ὑπόστασιν
2732 1544 2923 1596 ἕνωσιν
2952 1545 3208 1596 ἀποτελεῖ
3242 1561 3253 1571 ”
3291 1545 3371 1607 εἰς
3399 1543 3527 1612 μίαν
3552 1544 3607 1595 δὲ
3642 1542 3828 1601 οὑσίας
3850 1557 3982 1593 ταυ-

2384 1637 2587 1705 τότητα
2623 1636 2692 1687 τὰ
2746 1637 2809 1686 ἐκ
2852 1638 2950 1703 τῆς
2981 1633 3229 1697 ἑνὼσεως
3263 1635 3325 1687 οὑ
3378 1633 3663 1702 τρέπεται.
3714 1632 3879 1683 Ὥστε
3929 1632 3982 1683 εἰ

2388 1726 2719 1796 βουλοίμεθα
2760 1727 2858 1795 τὴν
2911 1727 3040 1794 μίαν
3074 1727 3238 1793 φύσιν
3275 1725 3371 1777 τοῦ
3404 1724 3540 1777 Θεοῦ
3573 1726 3747 1791 Λόγου
3781 1741 3984 1792 σεσαρ-

2386 1819 2675 1888 κωμένην,
2720 1818 2967 1871 τουτέστι
3022 1826 3119 1887 τὴν
3177 1818 3307 1887 μίαν
3355 1818 3687 1880 ὑπόστασιν,
3748 1834 3982 1883 κρατυν-

2387 1908 2570 1977 Οῆναι,
2606 1909 2663 1959 ὲν
2687 1908 2826 1977 αὑτῇ
2866 1906 3209 1976 γνωρίζομεν
3239 1906 3347 1959 τῶν
3378 1906 3688 1958 ἑνωθέντων
3718 1906 3818 1974 τὴν
3851 1904 3983 1957 κατ’

2390 1998 2581 2050 οὐσίαν
2611 1998 2901 2066 διαφοράν.
2936 1997 3045 2065 Τὴν
3080 1992 3174 2048 οὖν
3225 1998 3271 2027 ⁸⁸
3318 1996 3447 2064 μίαν
3488 1994 3648 2063 φύσιν
3693 1995 3789 2045 τοῦ
3844 1992 3983 2045 Θεοῦ

2393 2089 2566 2157 Λόγου
2606 2089 3038 2159 σεσαρκωμένην
3080 2088 3209 2157 μίαν
3267 2086 3568 2139 ὑπόστασιν
3614 2084 3867 2153 νοοῦμεν.
3920 2085 3984 2136 Εἰ

2393 2180 2502 2250 γὰρ
2540 2180 2669 2249 μίαν
2712 2178 2874 2246 φύσιν
2906 2178 3336 2249 σεσαρκωμένην
3367 2178 3609 2238 εἰπόντες
3643 2174 3741 2245 τὴν
3778 2175 3986 2243 κυρίως

2393 2272 2555 2341 φύσιν
2601 2272 3030 2341 σεσαρκωμένην
3066 2271 3357 2340 νοήσομεν,
3401 2269 3493 2321 τὸν
3533 2269 3751 2337 Πατέρα
3797 2267 3892 2319 καὶ
3926 2265 3988 2319 τὸ

2398 2363 2668 2428 πανὰγιον
2725 2361 2948 2431 Πνεῦμα
3016 2360 3439 2430 σεσαρκωμένον
3511 2358 3887 2427 εἰσφέρομεν·
3951 2358 3985 2424 ὴ

2396 2453 2534 2523 αὑτὴ
2568 2454 2673 2522 γὰρ
2714 2453 2875 2521 φύσις
2913 2450 3045 2505 Υἱοῦ
3086 2454 3180 2505 καὶ
3212 2452 3428 2520 Πατρός
3475 2451 3567 2503 καὶ
3618 2452 3775 2516 ἁγίου
3817 2450 3987 2501 Ilva-3-

2400 2558 2589 2607 ματος.
2636 2539 2795 2592 Ἀλλὰ
2844 2541 3003 2592 τοῦτο
3042 2540 3140 2608 μὲν
3176 2538 3571 2609 ἀκριϐέστερον
3601 2537 3983 2590 ἐπισκεπτέον.

2410 2632 2473 2683 ’Π
2520 2632 2575 2683 δὲ
2623 2632 2834 2701 αἵρεσις
2875 2633 2926 2685 τί
2969 2648 3137 2701 (pust;
3177 2632 3293 2684 Δύο
3334 2632 3450 2700 μὲν
3486 2632 3731 2698 φύσεων
3762 2629 3989 2681 ἕνωσιν

2396 2722 2678 2789 λέγομεν,
2717 2722 2870 2789 μετὰ
2917 2721 2982 2773 δὲ
3021 2720 3138 2788 τὴν
3177 2722 3396 2774 ἕνωσιν
3420 2722 3587 2790 μίαν.
3646 2720 3771 2772 Αλλ“
3804 2721 3852 2771 εἰ
3887 2720 4001 2788 μὲν.

2399 2813 2560 2881 φύσιν
2615 2815 2713 2865 καὶ
2756 2814 2944 2867 οὑσὶαν
2993 2813 3235 2879 λέγουσι,
3291 2812 3405 2875 πῶς
3458 2814 3517 2865 οὑ
3572 2810 3849 2879 σύμφυσιν
3894 2809 3990 2860 καὶ

2402 2905 2757 2954 συνουσίωσιν
2811 2901 3141 2971 φρονοῦντες
3189 2902 3535 2965 ἁλίσκονται;
3592 2900 3652 2951 Εἰ
3707 2900 3763 2949 δὲ
3818 2898 3990 2965 πρόσ-

2398 3010 2546 3046 ωπον
2576 2992 2634 3046 ἒν
2666 2993 2699 3063 ἢ
2733 2992 3031 3045 ὑπόστασιν
3066 2992 3217 3061 μίαν,
3276 2991 3459 3052 καλῶς
3510 3007 3664 3057 φασι.
3719 2986 3991 3039 Γινωσκὲ-

2399 3101 2579 3136 τωσαν
2612 3083 2668 3136 δὲ
2696 3084 2771 3145 ὼς
2816 3085 2849 3153 ἡ
2900 3083 3046 3155 ἄκρα
3097 3084 3189 3135 καὶ
3245 3083 3565 3143 ἀδιάστατος
3614 3082 3805 3141 ’ἐνωσις
3862 3078 3988 3131 οὔτε

2400 3174 2571 3244 τομὴν
2627 3172 2935 3241 ἐπιδέχεται
2983 3173 3089 3224 τῶν
3119 3171 3428 3225 ἑνωθέντων
3462 3170 3585 3223 οὔτε
3639 3171 3905 3237 σύγχυσιν
3952 3166 3988 3236 ἢ

716 3262 1256 3317 substantialitatem.
1292 3261 1384 3315 Sic
1411 3262 1554 3315 enim
1584 3261 1815 3315 allirmat
1848 3262 2033 3316 beatus
2063 3261 2295 3332 Cyrillus

2407 3264 2783 3318 συνουσιώσιν.
2821 3264 2978 3317 Οὑτω
3006 3265 3114 3333 γάρ
3151 3280 3284 3332 φησι
3332 3264 3427 3315 καὶ
3466 3263 3493 3313 ὁ
3539 3264 3595 3313 ἐν
3644 3260 3818 3327 ἁγίοις
3870 3257 3989 3310 Κύ-

716 3353 1105 3406 Commentario
1152 3354 1208 3404 in
1238 3350 1498 3405 Joannem
1529 3368 1547 3405 :
1583 3351 1731 3405 Unus
1758 3362 1830 3404 est
1870 3350 2040 3404 Filius
2068 3362 2115 3404 et
2146 3352 2297 3405 Citri-

716 3456 851 3510 stus,
884 3445 1189 3498 divisionem
1225 3459 1329 3495 non
1357 3443 1636 3496 admittens
1669 3444 1720 3495 in
1752 3444 2157 3505 humanitatem,
2203 3445 2303 3496 nisi

716 3537 854 3605 quod
891 3536 1061 3588 dicere
1109 3535 1177 3586 ad
1225 3534 1566 3586 dividendum
1615 3534 1785 3587 solum
1829 3532 1982 3587 Verbi
2031 3545 2079 3588 et
2126 3537 2301 3589 carnis

722 3642 991 3691 naturam,
1039 3644 1140 3680 non
1178 3627 1417 3680 eamdem
1463 3641 1573 3678 esse
1623 3626 1908 3692 cognitam.
1955 3624 2303 3694 Rursumque

720 3720 785 3772 ad
823 3720 1103 3787 Eulogium
1156 3720 1401 3773 scribens
1451 3733 1464 3767 :
1499 3718 1564 3770 Et
1600 3719 1732 3771 illud
1770 3734 1871 3771 non
1913 3718 2175 3786 ignorent,
2217 3718 2304 3771 ubi

721 3811 861 3863 enim
891 3810 1017 3862 unio
1047 3811 1373 3873 nominatur,
1412 3826 1515 3862 non
1546 3810 1702 3862 unius
1749 3810 1823 3861 rei
1872 3809 2110 3861 collectio
2143 3809 2308 3877 signi-

725 3905 939 3965 ﬁcatur,
974 3900 1063 3951 sed
1113 3899 1362 3963 duarum,
1394 3900 1469 3952 vel
1497 3900 1755 3967 plurium,
1787 3910 1834 3952 et
1883 3899 1947 3951 ab
1974 3900 2191 3951 invicem
2218 3900 2304 3951 di-

725 4006 1017 4043 rersarum.
1056 3989 1329 4057 Siquidem
1362 3991 1618 4043 unitatem
1658 3990 1879 4041 dicimus
1910 4005 1926 4041 :
1962 3989 2305 4056 (Jouﬁtemttr,

725 4083 903 4135 carnis
937 4083 1186 4135 animutte
1223 4083 1491 4149 perspicue
1534 4092 1579 4134 et
1622 4079 1774 4133 Verbi
1806 4080 1951 4149 facta
1980 4091 2054 4133 est
2078 4082 2220 4136 unio.
2246 4082 2308 4135 Et

722 4190 940 4229 rursum
970 4190 1035 4227 ex
1063 4174 1251 4226 eadem
1279 4172 1426 4225 verbi
1456 4173 1669 4225 actione
1694 4189 1707 4226 :
1738 4171 1876 4236 Quid
1901 4189 2047 4242 agas,
2074 4175 2306 4241 quando,

722 4263 810 4331 qui
866 4273 1057 4312 natura
1102 4258 1266 4320 nobis,
1311 4274 1427 4310 cum
1467 4258 1685 4325 simplex
1721 4270 1816 4322 est,
1868 4260 2036 4310 evadit
2073 4259 2310 4327 duplex?

724 4355 789 4406 Et
842 4352 1039 4405 millies
1089 4351 1397 4403 invenietur
1444 4361 1665 4404 sanctus
1714 4352 1795 4402 vir
1844 4350 2092 4404 conliteri
2140 4366 2307 4403 untttu

726 4439 1003 4492 Christum
1034 4452 1063 4489 a
1098 4435 1665 4489 cousubstantialitatc
1705 4435 1883 4490 Putris
1907 4447 1960 4489 et
1992 4439 2161 4490 nostri
2201 4452 2309 4491 non

724 4525 1053 4590 discrepare.
1078 4521 1491 4591 Amphilochius
1526 4538 1763 4591 quoque,
1800 4522 1963 4576 lcouii
1998 4526 2307 4603 episcopus,

728 4615 798 4667 ita
836 4614 908 4665 nil.
953 4630 964 4663 :

726 4704 1123 4756 substantialem
1157 4716 1387 4753 asserere
1417 4701 1569 4753 Patri
1608 4700 1808 4753 Filium
1841 4704 2123 4754 secundum
2169 4703 2301 4755 divi-

728 4798 963 4860 nitatem,
998 4805 1045 4848 et
1080 4792 1576 4847 consubstantialem
1610 4791 1773 4845 Matri
1804 4792 2304 4848 secundum/ruma-

728 4885 968 4944 nitatem,
998 4881 1258 4947 duplicem
1286 4880 1458 4948 quoad
1486 4882 1759 4932 essentiam
1786 4882 1890 4933 sive
1910 4890 2178 4944 naturam,
2206 4898 2304 4935 non

725 4976 987 5044 duplicem
1034 4975 1207 5040 quoad
1258 4988 1552 5039 personam.
1604 4970 1671 5024 Et
1722 4986 1849 5025 vero
1891 4972 2307 5041 Amphilochius

729 5070 867 5122 inter
903 5066 1005 5120 lide
1054 5064 1405 5132 dignissimos
1447 5076 1550 5117 est.
1596 5062 1832 5133 Cyrillus
1869 5064 2012 5117 enim
2056 5080 2121 5118 eo
2171 5075 2307 5117 teste

729 5160 900 5211 utitur
924 5165 1109 5210 contra
1140 5154 1362 5223 impium
1384 5152 1721 5219 Nestorium;
1747 5156 2069 5209 Ambrosius
2093 5170 2307 5225 quoque

730 5250 1010 5303 confessor
1058 5247 1144 5299 ille
1189 5244 1526 5299 admirabilis
1583 5246 1661 5298 sic
1711 5245 1973 5315 scriptum
2023 5248 2239 5315 reliquit
2291 5268 2301 5300 :

731 5340 946 5406 Appone
984 5338 1205 5389 uniones
1237 5336 1527 5389 divinitatis
1564 5345 1611 5387 et
1644 5337 1839 5400 carnis,
1883 5353 2017 5389 unus
2052 5340 2105 5391 in
2141 5340 2305 5393 altera

734 5438 946 5482 vocatur
976 5426 1118 5481 Deus
1153 5425 1323 5480 Filius
1348 5427 1485 5494 quod
1517 5427 1569 5479 in
1596 5428 1705 5496 ipso
1738 5436 1958 5497 utraque
1991 5442 2180 5481 natura
2216 5434 2303 5484 sit.

2406 3357 2579 3425 ριλλος
2604 3358 2659 3408 ὲν
2682 3356 2759 3424 τῷ
2786 3356 2935 3408 κατὰ
2950 3352 3229 3422 Ἰωάννην
3244 3352 3666 3423 Ὑπομνήματι·
3689 3346 3793 3415 Εἲς
3811 3351 3992 3403 ἐστιν

2404 3451 2437 3501 ό
2479 3447 2610 3511 Υἱὸς
2644 3446 2743 3499 καὶ
2770 3446 3044 3513 Χριστὸς,
3074 3444 3267 3514 τομὴν
3300 3446 3411 3498 οὐκ
3436 3444 3593 3511 ἔχων
3623 3443 3719 3496 διὰ
3753 3441 3872 3509 τὴν
3900 3442 3993 3494 ὲνο

2403 3536 2812 3604 ανθρώπησιν,
2868 3535 3037 3602 πλὴν
3074 3534 3225 3588 ὅσον
3266 3534 3457 3589 εἰπεῖν
3505 3537 3591 3597 εὶς
3630 3534 3696 3586 τὸ
3733 3531 3996 3585 διαστεῖ-

2403 3631 2506 3680 λαι
2534 3628 2731 3694 μόνον
2764 3627 2960 3693 Λόγου
2995 3641 3058 3677 τε
3099 3624 3199 3677 καὶ
3228 3625 3457 3692 σαρκὸς
3497 3624 3711 3692 φύσιν,
3760 3625 3833 3676 οὐ
3874 3622 3994 3688 τὴν

2405 3718 2602 3783 αὐτὴν
2630 3711 2829 3771 οὖσαν
2878 3717 2965 3780 εις
3012 3714 3262 3783 γνῶσιν.
3308 3716 3417 3766 Καὶ
3458 3714 3616 3767 πάλιν
3647 3712 3786 3783 πρὸς
3822 3714 3994 3764 Εὑλό-

2407 3826 2524 3876 γιον
2572 3808 2822 3875 γράφων,
2846 3806 3102 3860 Κάκεῖνο
3152 3804 3281 3875 [M5
3320 3805 3415 3876 H.]
3456 3805 3523 3858 δὲ
3552 3804 3638 3874 μὴ
3676 3806 3994 3872 ἀγνοείτω-

2411 3916 2534 3953 σαν
2575 3918 2586 3930 ·
2641 3898 2794 3951 ὅπου
2846 3898 2955 3967 γὰρ
3013 3898 3230 3962 ἕνωσις
3273 3897 3639 3965 ὀνομάζεται,
3694 3898 3808 3950 οὐκ
3851 3896 3995 3962 ἐνὸς

2408 3992 2753 4059 πράγματος
2778 3992 3132 4057 σημαίνεται
3173 3989 3456 4054 σύνοδος,
3481 3990 3559 4042 ἀλ
3574 3990 3641 4041 λὰ
3675 3988 3786 4041 δύο
3822 3989 3861 4055 ἢ
3894 3988 3994 4040 καὶ

2410 4084 2727 4146 πλειόνων,
2766 4084 2863 4134 καὶ
2909 4082 3313 4150 διαφερόντων
3350 4081 3650 4148 ἀλλήλοις
3687 4080 3839 4133 κατὰ
3883 4080 3998 4147 τὴν

2409 4175 2617 4242 φύσιν.
2662 4174 2732 4225 Ei
2766 4175 2974 4225 τοίνυν
3002 4171 3261 4240 λέγομεν
3296 4171 3538 4237 ἕνωσιν,
3580 4172 4000 4240 ὁμολογοῦμεν

2412 4264 2499 4315 ὅτι
2538 4263 2764 4329 σαρκὸς
2803 4262 3198 4332 ἐψυχωμένης
3223 4262 3502 4330 ⁹⁹νοερὼς
3539 4263 3639 4315 καὶ
3666 4264 3865 4329 Λόγου
3900 4262 3998 4331 γέ-

2413 4372 2591 4422 γονεν
2611 4355 2846 4419 ἓνωσις.
2876 4356 2983 4406 Καὶ
3008 4353 3169 4406 πάλιν
3199 4354 3261 4406 ὲκ
3283 4354 3383 4423 τῆς
3410 4354 3579 4422 αὑτῆς
3608 4356 3997 4424 πραγματείας

2410 4446 2506 4499 τοῦ
2542 4447 2702 4513 λόγου
2744 4444 2906 4497 Ἐπεὶ
2943 4445 3000 4497 τί
3022 4444 3318 4511 ποιήσεις,
3345 4445 3492 4497 ὅταν
3520 4444 3664 4512 ἡμῖν
3691 4448 3723 4496 ό
3755 4445 3998 4509 ἁπλοῦς

2414 4537 2527 4602 τὴν
2568 4539 2756 4604 φύσιν
2780 4535 3067 4587 εἰσϐαίνει
3097 4534 3390 4599 διπλοῦς;
3440 4536 3549 4587 Καὶ
3596 4536 3859 4602 μυριάκις
3909 4536 4000 4586 εὖ·

1015 4614 1239 4680 Appnret
1276 4623 1412 4663 certe
1452 4621 1661 4663 sanctos
1696 4611 1884 4663 Patres
1939 4622 2143 4665 nostros
2182 4628 2298 4665 con-

2416 4625 2703 4697 ρεθήσεται
2741 4628 2768 4677 ὁ
2812 4624 2953 4696 ἱερὸς
2995 4616 3151 4686 οὗτος
3184 4624 3324 4693 ἀνὴρ
3356 4623 3453 4693 τῆς
3496 4641 3554 4676 τε
3592 4625 3607 4655 ¹
3642 4623 3739 4675 τοῦ
3782 4624 4001 4694 Πατρρς

2411 4718 2831 4787 ὀμοουσιότητος
2882 4718 2975 4768 καὶ
3017 4715 3117 4784 τῆς
3149 4716 3425 4784 ἡμετέρας
3474 4716 3564 4767 τὸν
3610 4716 3706 4767 ἕνα
3753 4717 3999 4785 Χρςστὸν

2413 4808 2690 4877 ὁμολογῶν
2745 4806 2819 4876 μὴ
2865 4806 3183 4873 ἀφεστάναι.
3234 4806 3343 4857 Καὶ
3388 4808 3416 4858 ὁ
3465 4806 3523 4857 ἐν
3556 4805 3731 4873 ἁγίοις
3788 4806 3844 4857 δὲ
3903 4805 3999 4858 τοῦ

2428 4898 2649 4953 Ἰκονίου
2681 4896 2941 4965 πρόεδρος
2960 4894 3305 4963 ’Λμφιλόχιος
3330 4894 3473 4947 οὑτω
3506 4898 3701 4965 φησιν·
3739 4894 3949 4964 Ὁρᾶτε
3978 4900 3999 4929 ³

2406 4990 2725 5060 τοιγαροῦν
2750 4989 2908 5052 ὅπως
2940 4986 3036 5039 καὶ
3069 4990 3123 5039 οὶ
3154 4986 3465 5040 θεσπέσιοι
3499 4986 3756 5052 Πατέρες
3789 4987 4001 5054 όμοοιτο

2405 5099 2545 5137 σιον
2572 5081 2847 5148 εἰρήκασι
2874 5078 2981 5131 τὸν
3020 5078 3157 5130 Υιὸν
3203 5077 3282 5141 τῷ
3312 5078 3500 5144 Πατρὶ
3542 5081 3691 5129 κατὰ
3739 5078 3854 5144 τὴν
3881 5080 3999 5130 θειέ

2408 5189 2572 5237 τητα,
2625 5170 2722 5223 καὶ
2764 5170 3091 5238 ὀμοούσιον
3136 5168 3207 5237 τῇ
3239 5170 3429 5237 Μητρὶ
3457 5170 3611 5223 κατὰ
3640 5170 3752 5236 τὴν
3773 5171 3999 5238 ἀνθρω-

2407 5261 2658 5325 πότητα,
2708 5258 2970 5312 διπλοῦν
3021 5257 3135 5325 τὴν
3166 5260 3388 5312 οὐσίαν
3426 5262 3557 5327 ἢτοι
3588 5260 3701 5326 τὴν
3737 5260 3757 5291 ⁸
3782 5262 3997 5327 φύσιν,

2416 5354 2487 5405 οὺ
2519 5351 2778 5403 διπλοῦν
2811 5350 2877 5403 δὲ
2908 5349 3021 5417 τὴν
3051 5352 3413 5405 ὑπόστασιν.
3457 5350 3577 5404 Τῶν
3632 5350 3986 5418 ἀξιολογωτά-

2416 5460 2521 5493 των
2553 5442 2607 5494 δὲ
2642 5443 2669 5492 ὁ
2713 5440 3093 5510 {Appi/oper
3126 5442 3391 5510 Κύριλλος
3418 5442 3526 5512 γὰρ
3565 5443 3793 5513 χρήσεις
3834 5444 3995 5494 αὑτοῦ

2015 5592 2250 5650 ῩΑΒΙᾺΕ
2286 5599 2697 5658 LECTIONES.

808 5709 853 5741 "
887 5706 1150 5777 ἐκατέρου
1177 5727 1235 5772 ς.

738 5779 859 5835 add.
895 5783 954 5832 A.

1312 5710 1360 5741 οδ
1402 5701 1521 5759 εἶπε
1553 5708 1594 5759 Α
1621 5724 1633 5760 :
1664 5708 1891 5777 προεῖπε
1920 5726 1979 5771 ς.

1035 5780 1053 5808 ⁹
1076 5780 1194 5834 libri
1232 5780 1444 5847 ὁρᾶται.
1506 5778 1525 5807 ³
1548 5779 1664 5847 ἤτοι
1696 5778 1835 5829 κατὰ
1873 5779 1968 5847 τὴν
1999 5797 2057 5841 ς.

2079 5714 2121 5744 ⁸⁷
2148 5714 2432 5784 ἐτεροὺσια
2470 5738 2530 5782 ς.

2635 5722 2678 5749 (³⁸³
2707 5721 2802 5787 τὴν
2833 5721 2931 5788 μὲν
2964 5716 3057 5773 οὖν
3094 5737 3153 5782 ς.

3231 5720 3277 5751 ⁸³
3310 5719 3711 5787 ἑμψυχωμένης
3743 5734 3807 5785 ς.
3888 5722 3900 5750 ¹
3938 5736 3995 5772 τε
