4208 6448
246 422 354 485 977

1293 432 1813 493 BIBLIOTHECA.
1857 459 1923 469 -·-
1961 434 2125 494 COD.
2160 438 2461 500 CCXXIX.

3388 437 3495 500 978

243 535 391 587 κατα
425 540 514 588 τοῦ
540 536 828 601 δυσσεϐοῦς
854 540 1149 609 Νεστορίω
1178 542 1484 612 προήγαγε.
1524 545 1631 597 Καὶ
1686 545 1789 612 Ἀμ

1928 545 2066 597 Idem
2088 543 2200 599 fere
2224 546 2589 601 testimonium
2612 548 2829 600 adhibet
2848 556 3036 601 contra
3054 546 3363 601 Nestorium
3388 548 3494 619 Cy-

242 627 464 695 ϐρόσιος
509 628 566 679 δὲ
617 629 647 680 ὁ
700 628 1005 698 Θαυμάσιος
1051 634 1260 696 ἐκεῖνος
1294 632 1630 703 ὁμολογητὴς
1684 635 1804 687 οὕτω

1927 635 2084 690 rillus
2104 635 2157 689 in
2173 638 2434 702 oratione,
2453 654 2571 707 qua:
2591 638 2909 692 inscribitur
2930 638 3001 691 De
3019 639 3494 706 expositioneﬁdei.

240 715 378 781 φησί
409 732 420 742 ·
461 718 731 782 Πρόσχες
812 720 929 785 τὴν
972 719 1193 773 ἕνωσιν
1246 718 1355 787 τῆς
1400 725 1680 788 θεότητος
1727 726 1823 775 καὶ

237 803 354 871 τῆς
375 808 604 874 σαρκὸς
623 804 709 873 εἷς
740 809 810 861 ἐν
835 810 1013 878 ἑτέρῳ
1032 813 1207 866 καλεῖ
1238 812 1260 843 ⁸
1291 816 1326 866 ό
1348 814 1454 867 τοῦ
1483 813 1627 868 Θεοῦ
1669 815 1820 878 Υίὸς,

236 898 334 951 ὅτι
385 899 457 951 ἐν
499 898 659 963 αὐτῷ
705 902 743 967 η
795 901 1048 969 ἑκατέρα
1079 904 1265 971 φύσις
1296 903 1449 958 ἐστί.
1504 904 1717 974 Ταύτης
1765 905 1821 958 δὲ

233 990 340 1058 τῆς
367 991 615 1059 χρήσεως
638 993 732 1043 καὶ
760 993 903 1046 κατὰ
934 993 1232 1063 Νεστορίου
1264 995 1533 1065 κέχρηται
1564 996 1585 1027 ⁸
1614 997 1643 1048 ὀ
1679 996 1821 1065 ἱερὸς

236 1079 529 1151 Κύριλλος.
590 1083 678 1136 Ἕν
732 1084 790 1137 δὲ
836 1085 915 1155 τῷ
961 1086 1103 1156 λόγῳ
1153 1088 1210 1149 ὃς
1264 1088 1631 1157 ἐπιγράφεται
1681 1088 1821 1156 Περὶ

236 1170 371 1240 [792
422 1172 514 1243 IL]
550 1174 868 1242 ἑρμηνείας
903 1177 1013 1245 τῆς
1058 1179 1338 1245 πίστεως,
1384 1179 1527 1232 οὕτω
1574 1182 1741 1249 φησὶν
1792 1183 1821 1234 ὁ

234 1264 404 1325 αὐτὸς
430 1266 663 1335 ὁμολογη
676 1268 786 1335 τής·
821 1267 965 1333 Τοὺς
988 1268 1055 1320 δὲ
1082 1269 1373 1336 λέγοντας
1388 1272 1573 1340 ψιλὸν
1594 1272 1813 1340 ἅνθρω-

235 1373 361 1409 πον
411 1359 514 1409 τὸν
562 1359 838 1424 Χριστὸν,
895 1359 930 1426 ἢ
974 1361 1243 1426 παθητὸν
1290 1362 1395 1415 τὸν
1431 1361 1597 1424 Θεὸν,
1652 1364 1691 1430 ἢ
1732 1365 1819 1427 είς

235 1445 444 1513 σάρκα
497 1446 813 1514 τραπέντα,
868 1449 906 1515 ἢ
959 1448 1452 1518 συνουσιωμένον
1494 1451 1817 1521 ἐσχηκέναι

236 1538 306 1589 τὸ
333 1537 525 1606 σῶμα,
550 1540 878 1607 οὐρανόθεν
897 1541 1074 1594 τοῦτο
1095 1542 1492 1610 κεκομικέναι,
1527 1544 1563 1611 ἢ
1592 1560 1814 1612 φαντα-

233 1629 385 1680 σίαν
409 1624 581 1692 εἶναι,
615 1629 651 1695 ἣ
677 1631 899 1694 θνητὸν
931 1630 1219 1697 λέγοντας
1268 1631 1374 1683 τὸν
1406 1632 1555 1684 Θεὸν
1600 1634 1812 1700 Λόγον,

230 1719 554 1786 δεδεῆσθαι
583 1722 650 1773 δὲ
690 1723 794 1790 τῆς
827 1723 986 1791 παρὰ
1011 1724 1114 1777 τοῦ
1139 1726 1366 1791 Πατρύς
1400 1722 1810 1789 ἀναστάσεως,

232 1811 269 1875 ἢ
296 1811 429 1877 ᾶψυ
437 1828 548 1877 χον
570 1811 761 1879 σῶμα,
790 1814 825 1879 ἢ
852 1812 1043 1866 ἄνουν
1061 1813 1376 1880 ἄνθρωπον
1394 1813 1808 1880 ἀνειληφέναι,

1929 724 2017 781 Sic
2049 727 2191 780 enim
2227 726 2507 781 confessor
2539 728 2628 782 ille
2656 728 2879 783 scribit:
2902 730 3193 783 Auct-entes
3231 730 3497 784 Christum

1924 833 2112 883 purum
2159 819 2440 883 hominem,
2476 818 2552 871 rel
2584 820 2851 887 patibilem
2902 819 3084 882 Deum,
3106 822 3183 873 vel
3206 822 3257 873 in
3287 838 3496 874 carnem

1922 909 2350 962 conversum:vel
2378 910 2824 962 consubstantiale
2848 925 3039 977 corpus
3054 910 3264 973 habere,
3289 912 3365 963 vel
3392 926 3495 964 rae-

1921 998 2046 1052 litus
2069 998 2322 1063 delatum,
2346 1014 2446 1051 non
2464 999 2892 1066 imaginationem
2910 1015 3039 1061 esse,
3066 1018 3092 1053 v
3108 1002 3142 1052 ιι
3160 1000 3383 1054 mortale
3399 1000 3497 1053 Dei

1934 1082 2177 1150 Verbum,
2205 1085 2491 1153 indiguisse
2516 1101 2633 1139 vero
2655 1086 2709 1139 in
2734 1090 3104 1140 resurrectione
3122 1105 3279 1155 opera
3298 1090 3495 1142 Patris.

1920 1176 2021 1226 Aut
2053 1174 2399 1226 inanimatam
2436 1188 2545 1227 esse
2564 1189 2773 1241 corpus,
2809 1174 2883 1228 vel
2908 1175 3018 1227 sine
3040 1186 3204 1227 mente
3232 1177 3497 1228 hominem

1920 1263 2276 1329 resumpsisse,
2295 1263 2529 1318 autduas
2543 1262 2705 1319 Chisti
2724 1266 2970 1319 essentias
2990 1266 3230 1319 mislione
3248 1267 3496 1332 confusas

1918 1370 2075 1408 unam
2095 1354 2292 1423 factam
2307 1372 2417 1409 esse
2431 1357 2773 1409 substantiam
2790 1372 2807 1408 :
2821 1366 2865 1409 et
2887 1372 2987 1409 non
3008 1358 3300 1425 conﬁtentes
3318 1356 3499 1411 Jesttm

1917 1444 2180 1499 Christum
2198 1447 2331 1500 duas
2351 1465 2459 1501 esse
2472 1447 2796 1501 substantias
2812 1448 3189 1506 incommistas.
3206 1465 3365 1501 unam
3383 1465 3497 1501 vero

1913 1552 2211 1605 personam,
2238 1554 2339 1607 qua
2363 1540 2562 1592 ratione
2584 1555 2716 1591 unus
2741 1538 3003 1603 Christus,
3029 1555 3162 1591 unus
3191 1538 3383 1602 Filius,
3404 1540 3496 1591 hos

1914 1639 2096 1683 sancta
2115 1636 2162 1679 et
2191 1628 2451 1681 catholica
2473 1631 2885 1681 excommunicat
2919 1627 3177 1684 Ecclesia.
3209 1628 3323 1682 Non
3352 1630 3495 1682 cnim

1917 1720 2073 1773 Verbi
2100 1721 2353 1774 etcarnis
2378 1719 3020 1783 consubstantialitatem,
3070 1720 3121 1772 id
3172 1730 3277 1783 est,
3303 1719 3495 1788 25ιὸ

1914 1828 2077 1867 unam
2096 1823 2344 1867 naturam
2360 1810 2813 1867 dixeruntPatres
2832 1811 2968 1875 ﬁeri,
2987 1826 3092 1863 non
3115 1820 3257 1864 certe
3279 1820 3497 1864 sanctus

228 1901 267 1967 ἡ
310 1900 419 1966 τὰς
457 1900 566 1953 δυο
608 1902 821 1966 οὐσίας
850 1902 955 1955 τοῦ
986 1902 1241 1970 Χριστοῦ
1285 1904 1433 1957 κατὰ
1469 1904 1804 1972 ἀνάκρασιν

1913 1904 2222 1958 Ambrosius
2232 1912 2418 1959 contra
2431 1902 2815 1972 Apollinarium
2834 1901 3073 1957 scribens
3089 1903 3189 1957 ait:
3208 1900 3311 1955 Sed
3331 1902 3380 1952 in
3396 1919 3495 1970 quo

226 1993 649 2058 συγχυθείσης
671 1994 818 2061 μίαν
846 1993 1200 2063 γεγενῆσθαι
1233 1994 1451 2047 οὐσίαν
1477 1996 1518 2053 ⁸.
1571 1994 1668 2045 καὶ
1718 1993 1803 2061 μὴ

225 2081 677 2148 ὁμολογοῦντας
708 2084 812 2134 τὸν
837 2086 1057 2150 Κύριον
1079 2082 1248 2151 ἡμῶν
1282 2084 1525 2149 Ἰησοῦν
1548 2083 1806 2150 Χριστὸν

221 2171 338 2223 δύο
368 2168 521 2224 εἶναι
557 2173 770 2236 οὐσίας
809 2174 1210 2241 ἀσυγχύτους,
1242 2174 1312 2226 ἐν
1354 2174 1420 2225 δὲ
1457 2176 1801 2241 πρόσωπον,

1912 1992 2035 2044 illos
2066 1994 2334 2062 arguimus
2351 1991 2704 2061 pullularunt,
2730 1994 2823 2045 alii
2848 1994 3071 2046 dicentes
3104 2010 3119 2045 .'
3150 1991 3360 2045 Domini
3381 2008 3495 2044 cor-

1910 2099 2007 2150 pus
2039 2100 2099 2135 ae
2118 2083 2446 2137 divinitatem
2468 2085 2623 2137 unius
2645 2094 2847 2137 natura:
2868 2100 2997 2137 esse.
3033 2085 3164 2149 Quis
3194 2099 3343 2135 orcus
3362 2084 3495 2138 hanc

1909 2174 2130 2226 evomuit
2152 2172 2527 2240 blasphemiam
2546 2174 2571 2225 Ρ
2601 2174 2782 2227 Ariani
2806 2190 2940 2237 vero,
2964 2190 3185 2243 quarunt
3208 2190 3353 2226 error
3378 2190 3493 2224 mtt-

221 2262 374 2315 λυαθό
399 2259 485 2327 εἷς
519 2265 769 2332 Χριστὸς
805 2260 891 2328 είς
933 2265 1081 2329 Υἱὸς,
1121 2265 1370 2328 τούτους
1397 2262 1801 2332 ἀναθεματίζει

1913 2265 2009 2328 iori
2036 2264 2365 2319 contentione
2390 2266 2649 2332 pervadit,
2674 2263 2908 2329 Patrem,
2936 2263 3132 2318 Ftliunt
3161 2278 3205 2317 et
3233 2263 3490 2331 Spiritum

218 2356 258 2422 ἡ
302 2357 597 2425 παθολικὴ
640 2358 737 2410 καὶ
772 2359 911 2427 ἁγία
943 2360 960 2389 ⁷
1012 2359 1355 2425 Ἐκκλησία.
1395 2356 1531 2411 Οὔτε
1568 2358 1677 2429 γὰρ
1706 2358 1798 2410 τοῦ

216 2447 401 2514 Λόγου
436 2448 654 2517 καὶτῆς
706 2448 909 2519 σαρκὸς
936 2448 1352 2519 ὁμοουσιότητα,
1392 2449 1634 2502 τουτέστι
1674 2449 1800 2515 μίαν

218 2538 389 2604 φύσιν
431 2536 584 2591 εἷπον
613 2541 661 2591 οἱ
698 2540 937 2607 Πατέρες
962 2555 975 2568 ⁸
1018 2540 1090 2609 μὴ
1126 2541 1372 2607 γένοιτο·
1421 2539 1497 2603 ὡς
1528 2543 1622 2593 καὶ
1668 2543 1696 2593 ὁ
1744 2542 1799 2593 ἐν

1908 2367 2146 2410 sanctunt
2164 2375 2267 2412 non
2288 2359 2441 2412 unius
2465 2368 2672 2413 natura:
2688 2371 3004 2414 asserentes:
3027 2359 3223 2414 Christi
3244 2361 3488 2413 divinita-

1907 2457 2032 2512 tem,
2050 2458 2095 2501 et
2112 2464 2320 2502 carnem
2335 2449 2491 2502 unius
2506 2460 2709 2503 natura:
2725 2466 2833 2503 esse
2845 2451 3014 2503 dicere
3032 2452 3209 2504 conati
3228 2459 3368 2504 sunt.
3387 2450 3479 2503 Ea-

1907 2540 2052 2605 dem,
2068 2540 2159 2594 sed
2174 2540 2397 2607 clarius,
2411 2540 2741 2596 Athanasius
2763 2541 2817 2595 in
2832 2542 3056 2611 epistola
3075 2543 3139 2595 ad
3161 2543 3483 2611 Epictetum.

217 2636 403 2702 ἁγίοις
444 2635 767 2705 Ἀμϐρόσιος
797 2638 938 2691 κατὰ
988 2638 1360 2709 Ἀπολιναρίου
1388 2640 1613 2710 γράφων
1640 2640 1805 2709 φησὶν
1839 2657 1853 2671 ο
1886 2641 2047 2694 Ἀλλ’
2072 2641 2142 2693 ὲν
2171 2640 2293 2705 ὅσῳ
2312 2641 2564 2705 τούτους
2585 2637 2932 2707 ἐλέγχομεν,
2974 2638 3331 2705 ἁνεφύησαν
3395 2638 3489 2689 ἐτ-

213 2745 346 2794 εροι
394 2728 674 2796 λέῖοντες
720 2730 789 2782 τό
838 2746 900 2782 τε
937 2728 1109 2798 σῶμα
1181 2732 1286 2784 τοῦ
1326 2733 1547 2799 Κυρίου
1596 2732 1695 2785 καὶ
1733 2732 1846 2801 τὴν
1884 2734 2135 2801 θεότητα
2170 2732 2312 2801 μιᾶς
2358 2733 2599 2801 φύσεως
2647 2726 2817 2784 εἶναι.
2868 2729 3042 2794 Ποῖος
3092 2728 3296 2795 Ἀιδης
3374 2728 3489 2793 τὴν

214 2810 533 2886 τοσὰύτην
567 2820 861 2887 ήρεύξατο
889 2822 1335 2889 βλασφημιάνς
1382 2823 1667 2891 Ἀρειανοὶ
1688 2824 1797 2891 γὰρ
1835 2824 1952 2892 ἤδη
1975 2824 2383 2893 τυγχάνουσιν
2410 2824 2803 2889 ἁνεκτότεροι,
2848 2815 2936 2875 ὧν
2998 2822 3032 2888 ἡ
3065 2821 3315 2873 ἀπιστία
3388 2820 3485 2873 διὰ

215 2917 477 2982 τούτους
532 2918 883 2984 κρατύνεται
938 2920 1160 2987 μείζονι
1208 2920 1546 2988 φιλονεικίᾳ
1592 2920 1823 2991 Πατέρα
1894 2923 1994 2975 καὶ
2043 2921 2177 2975 Υίὸν
2220 2921 2317 2975 καὶ
2361 2920 2531 2989 ἅγιον
2564 2918 2807 2987 Πνεῦμα
2832 2916 2972 2986 μιᾶς
3006 2918 3218 2981 οὐσίας
3251 2917 3336 2985 μὴ
3381 2918 3482 2970 λέ-

214 3028 372 3081 γειν,
427 3011 745 3079 ἐπειδήπερ
786 3008 951 3067 οὗτοι
982 3017 1095 3080 τὴν
1128 3016 1377 3080 θεότητα
1423 3016 1528 3069 τοῦ
1581 3017 1801 3083 Κυρίου
1841 3018 1938 3070 καὶ
1976 3016 2088 3084 τὴν
2116 3015 2314 3083 σάρκα
2345 3014 2483 3085 μιᾶς
2508 3015 2746 3082 φύσεως
2812 3010 2999 3067 εἰπεῖν
3058 3011 3474 3080 ἐπεχείρησαν.

216 3105 302 3156 Τά
332 3105 475 3156 αὐτὰ
500 3105 556 3157 δὲ
587 3106 680 3159 καὶ
733 3106 1065 3175 σαφέστερον
1111 3108 1426 3170 Ἀοανάσιος
1467 3110 1524 3161 ὲν
1554 3111 1619 3178 τῇ
1658 3110 1795 3176 πρὸς
1846 3110 2169 3179 Ἐπίκτητον
2202 3108 2350 3175 λέγει
2386 3107 2667 3175 ἐπιστολῇ.

290 3196 485 3249 Ταῦτα
511 3198 679 3250 εἰπὼν
713 3200 1107 3268 ὁσυγγραφεὺς
1151 3199 1350 3269 ἐφεξῆς
1390 3202 1519 3270 περὶ
1580 3202 1792 3269 φύσεως

1975 3200 2219 3272 Scriptor
2246 3201 2501 3269 deinceps
2524 3212 2714 3252 natura
2738 3198 2849 3253 sive
2872 3196 3193 3257 substantia,
3217 3204 3271 3248 et
3296 3195 3359 3247 de
3378 3195 3477 3262 hy-

214 3289 339 3356 ἢτοι
372 3288 563 3349 οὐσίας
600 3289 693 3340 καὶ
735 3292 863 3357 περὶ
921 3291 1274 3352 ὑποστάσεως
1324 3292 1446 3362 ἦτοι
1505 3296 1799 3362 προσώπου

215 3380 499 3447 πατρικάς
543 3378 668 3437 [414
690 3378 784 3449 H.]
860 3381 1187 3450 προκομίζει
1218 3384 1545 3451 μαρτυρίας,
1614 3384 1689 3446 ὡς
1743 3385 1803 3437 τὸ

217 3472 400 3519 κοινὸν
435 3471 532 3537 μὲν
564 3471 807 3523 καλεῖται
839 3474 932 3524 καὶ
971 3473 1133 3539 φύσις
1165 3476 1259 3527 καὶ
1288 3475 1441 3542 γένος
1466 3479 1558 3529 καὶ
1617 3477 1799 3541 οὐσία,

215 3557 522 3621 ὑπόστασις
549 3560 604 3612 δὲ
647 3562 742 3613 καὶ
770 3563 1058 3631 πρόσωπον
1089 3564 1149 3617 τὸ
1205 3565 1391 3618 ἱδικόν.
1455 3569 1562 3619 Καὶ
1612 3586 1800 3637 κυριο-

214 3649 406 3701 λεκτεῖ
437 3650 535 3718 μὲν
558 3654 584 3703 ὁ
618 3652 791 3717 λέγων
817 3655 915 3724 τὴν
968 3654 1133 3722 φύσιν
1199 3656 1386 3708 οὐσίαν
1422 3659 1515 3711 καὶ
1563 3660 1621 3710 τὸ
1676 3660 1804 3712 ανά-

215 3740 409 3805 παλιν,
446 3744 900 3811 καταχρηστικῶς
922 3744 978 3797 δὲ
999 3744 1223 3799 δύναταί
1258 3764 1341 3809 τις
1366 3748 1671 3817 λαμϐάνειν
1705 3751 1798 3803 καὶ

212 3831 278 3881 τὸ
304 3830 411 3899 τῆς
433 3832 648 3897 φύσεως
673 3834 842 3902 ὄνομα
871 3836 994 3889 ἀντὶ
1037 3838 1412 3901 ὑποστάσεως.
1471 3842 1562 3892 Δεῖ
1618 3842 1800 3911 μέντοι

214 3938 282 3985 γε
315 3922 419 3983 τας
434 3921 606 3987 λέξεις
635 3922 696 3975 οὐ
724 3925 857 3995 πρὸς
873 3927 972 3997 τὴν
988 3928 1096 3980 τῶν
1122 3928 1459 3982 ἀσεϐούντων
1487 3930 1741 3999 βούλησιν
1755 3934 1797 3997 ⁸,

214 4012 359 4081 πρὸς
382 4011 441 4065 δὲ
479 4012 575 4083 τὴν
605 4014 701 4083 τῆς
730 4016 1014 4079 εὐσεϐείας
1039 4018 1339 4087 λαμϐάνειν
1386 4021 1644 4075 διάνοιαν.
1696 4025 1801 4075 Καὶ

213 4104 267 4153 εἰ
302 4102 408 4170 μὲν
440 4104 534 4155 ἐπὶ
561 4105 854 4173 προσώπου
876 4108 1093 4173 λέγεται
1120 4112 1152 4178 ἡ
1187 4111 1337 4181 φωνὴ
1360 4114 1450 4163 καὶ
1478 4113 1572 4163 τοῦ
1599 4114 1796 4167 ἀποτε-

212 4193 505 4255 λεσθέντυς
536 4195 679 4264 ἑνὸς,
716 4198 838 4250 ἀντὶ
869 4198 1223 4262 ὑποστάσεως
1270 4200 1351 4252 δεῖ
1397 4203 1799 4273 παραδέχεσθαι

208 4284 276 4336 τὸ
300 4287 407 4354 τῆς
435 4286 652 4351 φύσεως
681 4286 854 4356 ὄνομα
882 4304 893 4317 ·
928 4290 976 4342 εἰ
1006 4289 1063 4342 δὲ
1090 4292 1219 4359 περὶ
1244 4291 1353 4344 τῶν
1379 4292 1436 4356 ἐξ
1494 4288 1567 4346 ὧν
1606 4280 1800 4349 ἀπετε-

210 4372 385 4442 λέσθη
419 4373 636 4441 φύσεων
666 4378 693 4428 ὁ
730 4374 807 4438 εἷς
844 4379 1101 4446 Χριστὸς,
1154 4381 1274 4433 τότε
1309 4383 1406 4452 τὴν
1462 4386 1647 4453 φωνὴν
1700 4388 1800 4456 τῆς

210 4466 442 4532 φύσεως
488 4468 610 4519 ἀντὶ
666 4469 765 4537 τῆς
800 4471 996 4539 κυρίας
1047 4472 1261 4540 φύσεως
1319 4476 1415 4529 καὶ
1464 4477 1561 4546 τῆς
1610 4478 1797 4543 οὐσίας

1904 3292 2112 3361 postasi
2145 3292 2261 3346 sive
2302 3304 2553 3360 persona,
2589 3287 2807 3341 Patrum
2848 3287 3111 3340 adhibens
3147 3285 3473 3347 testimonia,

1906 3393 1966 3437 ut
1987 3382 2130 3453 quod
2162 3396 2447 3438 commune
2472 3390 2556 3435 est
2580 3387 2804 3433 vocetur
2834 3387 3044 3439 natura,
3079 3391 3269 3446 genus,
3289 3392 3473 3430 essen-

1907 3474 2172 3543 tia;quod
2206 3488 2331 3527 vero
2369 3472 2644 3541 proprium
2681 3477 2785 3533 est,
2824 3468 3134 3537 hypostasis
3157 3476 3210 3520 et
3246 3482 3470 3536 persona

1908 3578 2127 3619 vocetur
2159 3573 2211 3618 et
2238 3564 2454 3633 proprie
2483 3561 2702 3630 quidem
2753 3560 3008 3628 loquitur,
3054 3575 3176 3612 eum
3220 3560 3469 3611 substan'

1905 3659 2035 3711 tiam
2058 3656 2190 3710 dicit
2222 3654 2535 3715 essentiam,
2570 3662 2622 3706 et
2664 3653 2779 3705 vice
2819 3666 2992 3705 versa.
3024 3651 3260 3704 Ahusive
3292 3658 3470 3701 autem

1907 3761 2098 3813 capere
2149 3746 2269 3812 quis
2316 3752 2491 3813 potest
2550 3753 2756 3795 naturai
2786 3755 2980 3795 nomen
3036 3756 3129 3808 pro
3177 3739 3471 3809 hypostasi,

1904 3849 2111 3906 oportet
2152 3850 2323 3890 tamen
2372 3852 2476 3888 non
2526 3834 2593 3887 ad
2628 3835 2911 3901 impiorum
2948 3832 3246 3892 libidinem,
3280 3833 3370 3884 sed
3406 3830 3472 3883 ad

1904 3946 2121 3985 sensum
2150 3930 2358 3999 piorum
2390 3926 2706 3994 intelligere,
2740 3927 2803 3978 de
2832 3938 3058 3992 persona
3090 3924 3306 3992 quidem
3332 3921 3473 3974 allir-

1906 4031 2083 4077 utatur
2118 4023 2217 4077 hoc
2245 4020 2589 4082 vocabulum,
2626 4018 2766 4073 etde
2792 4015 3029 4086 perfecto
3055 4031 3159 4069 Uno
3183 4030 3279 4082 pro
3308 4016 3471 4082 hypo-

1903 4116 2056 4178 stasi,
2091 4123 2303 4183 oportet
2331 4127 2523 4183 capere
2550 4122 2753 4164 natura:
2784 4125 2998 4163 nomen.
3038 4109 3093 4161 Si
3132 4122 3255 4161 vero
3283 4107 3346 4160 de
3387 4108 3470 4167 llS.

1902 4222 1969 4261 ex
2014 4207 2212 4274 quibus
2265 4220 2402 4259 unus
2448 4204 2726 4273 perﬁcitur
2766 4202 3061 4255 Christus:
3098 4208 3224 4251 tunc
3271 4205 3475 4250 natura:

1905 4298 2249 4361 vocabulum,
2288 4310 2386 4365 pro
2414 4294 2630 4364 propria
2676 4302 2867 4347 natura
2898 4303 2952 4345 et
2997 4291 3232 4345 essentia
3280 4290 3475 4342 intelli-

1905 4406 2051 4459 gere.
2092 4390 2213 4443 llaec
2251 4388 2395 4441 enim
2444 4386 2823 4450 observantes,
2855 4400 3118 4453 nusquam
3156 4393 3377 4435 sanctos
3415 4396 3477 4435 ac

1903 4482 2138 4536 disertos
2173 4480 2358 4533 Patres
2388 4487 2600 4532 nostros
2630 4478 2771 4530 inter
2794 4489 2851 4530 se
2880 4490 3119 4544 pugnare
3147 4474 3471 4535 videbimus,

208 4558 381 4609 νοεῖν.
419 4557 606 4609 Ταῦτα
663 4560 771 4627 γὰρ
814 4561 1326 4629 παραφυλάττοντες
1385 4568 1621 4637 οὐδαμοῦ
1670 4573 1793 4634 τοὺς

1913 4573 2173 4640 talemque
2220 4585 2340 4624 esse
2370 4568 2589 4621 Patrum
2614 4575 2848 4621 tuentem
2880 4580 3146 4634 cognosce
3194 4581 3223 4617 e
3251 4575 3475 4618 strenuo

212 4649 401 4716 {Spe-bc
432 4648 527 4701 καὶ
557 4650 786 4717 λογάδας
818 4652 978 4722 ἡμῶν
1014 4654 1267 4725 Πατέρας
1321 4658 1630 4729 εὑρήσομεν
1682 4663 1797 4715 δια·

211 4740 565 4807 μαχομένους
581 4741 851 4809 ἀλλήλοις.
882 4744 992 4797 Καὶ
1035 4746 1115 4798 ὅτι
1148 4746 1390 4801 τοιοῦτον
1429 4750 1491 4803 τὸ
1539 4753 1796 4824 φρόνημα

206 4830 318 4880 τῶν
349 4830 633 4897 ιΙατέρων,
664 4833 825 4886 ἄκουε
847 4834 941 4887 τοῦ
971 4838 1268 4907 νικηφόρου
1300 4842 1572 4911 Κυρίλλου
1601 4846 1665 4898 ἐκ
1694 4847 1795 4913 τῆς

205 4920 350 4988 πρὸς
374 4920 680 4989 Σούκηνσον
730 4923 953 4995 πρώτης
996 4928 1288 4998 ἐπιστολῆς
1317 4948 1330 4962 ·
1387 4936 1468 4986 Οὐ
1500 4933 1608 5002 γάρ
1660 4937 1794 4990 ἐστι

208 5005 333 5059 τῶν
364 5006 626 5075 ἐφικτῶν
661 5012 748 5075 εἰς
779 5014 1064 5080 θεότητος
1111 5019 1333 5070 οὐσίαν
1380 5019 1513 5088 ἤτοι
1562 5024 1754 5090 φύσιν
1778 5027 1798 5058 ⁸

197 5097 635 5165 μεταχωρῆσαί
662 5118 714 5152 τι
753 5101 1049 5157 δύνασθαι
1090 5106 1209 5160 τῶν
1251 5110 1594 5178 κτισμάτων
1623 5129 1637 5143 ·
1677 5118 1798 5170 κτί-

202 5204 333 5257 σμα
364 5188 437 5241 δὲ
457 5191 554 5242 καὶ
588 5193 617 5259 ἡ
644 5192 803 5261 σάρξ
824 5209 837 5222 ·
868 5196 1037 5263 Δῆλον
1064 5200 1171 5269 γὰρ
1212 5199 1289 5263 ὡς
1344 5202 1443 5273 τὴν
1484 5204 1649 5275 φύσιν
1706 5211 1792 5261 ὲν-

1905 4662 2109 4732 Cyrillo
2132 4662 2302 4732 prima
2334 4663 2399 4714 ad
2433 4660 2763 4714 Succensuut
2786 4658 3006 4726 epistola
3038 4676 3051 4711 :
3089 4655 3210 4710 Non
3235 4668 3306 4710 est
3334 4658 3470 4709 enim

1903 4752 2103 4822 aliquid
2138 4751 2243 4804 ullo
2277 4750 2428 4803 modo
2450 4748 2697 4818 possibile
2721 4760 2772 4800 ut
2797 4749 2852 4802 in
2873 4747 3166 4801 divinitatis
3195 4750 3471 4801 essentiam

1897 4848 2005 4898 sive
2036 4854 2280 4897 naturam
2313 4844 2538 4897 transire
2590 4842 2787 4911 aliquid
2839 4853 3074 4894 creatum
3118 4850 3292 4907 queat.
3336 4839 3470 4891 Cum

1899 4938 2038 4989 enim
2069 4943 2314 4988 creatura
2354 4943 2709 4988 est:constat
2737 4933 2919 5000 itaque
2961 4940 3209 4983 naturam
3246 4929 3331 4981 hic
3376 4943 3471 4995 pro

1900 5028 2203 5083 substantia
2224 5026 2365 5094 capi.
2394 5024 2629 5079 Rursum
2663 5024 2715 5077 in
2752 5023 2974 5092 epistola
3012 5022 3076 5075 ad
3110 5019 3415 5073 Nestorium
3453 5036 3465 5069 :

1897 5118 2101 5171 Asserit
2128 5118 2265 5170 enim
2294 5116 2458 5169 Deum
2483 5132 2635 5168 suum
2667 5111 2902 5176 Patrem,
2936 5126 2988 5165 ut
3022 5121 3155 5164 certe
3185 5110 3325 5164 Deus
3348 5126 3465 5160 cum

1892 5210 1962 5263 sit
1990 5218 2174 5275 suapte
2202 5219 2395 5261 natura
2426 5217 2577 5274 atque
2597 5207 2845 5265 essentia,
2877 5204 2973 5256 etsi
3006 5211 3201 5254 natura
3226 5210 3464 5252 essentia:

200 5279 390 5372 ταῦοα
416 5282 539 5372 avri.
564 5284 659 5353 τῆς
688 5285 877 5348 οὐσίας
915 5288 1212 5357 παρέλαϐε.
1266 5294 1374 5346 Καὶ
1408 5296 1569 5350 πάλιν
1600 5301 1665 5353 ἐκ
1694 5301 1789 5372 τῆς

1913 5300 2456 5365 'oncursum_accepit.
2489 5296 2552 5351 Et
2575 5312 2791 5350 rursum
2825 5310 2837 5347 :
2874 5294 3096 5358 Quando
3138 5290 3275 5343 enim
3332 5289 3463 5339 ιίιυι-

204 5372 348 5441 πρὸς
379 5371 675 5443 Νεστὸριον
701 5377 1012 5449 ἐπιστολῆς·
1040 5382 1189 5450 Ἔφη
1214 5383 1332 5451 μὲν
1352 5387 1462 5455 γὰρ
1482 5391 1629 5443 Θεὸν
1646 5371 1786 5446 ἐαυ-

1913 5395 2031 5447 Iitus
2077 5395 2140 5447 de
2210 5410 2265 5448 se
2330 5394 2437 5460 ipse
2483 5401 2707 5445 testatur
2750 5404 2765 5439 .'

2820 5387 2919 5452 Qui
2966 5386 3100 5439 videt
3167 5400 3279 5446 me,
3330 5382 3463 5434 videt

202 5464 314 5519 τοῦ
344 5463 454 5518 τὸν
471 5467 723 5535 Πατέρα,
772 5472 962 5526 καίτοι
1013 5474 1157 5539 Θεὸς
1186 5475 1273 5527 ὢν
1321 5479 1500 5545 φύσει
1532 5481 1631 5535 καὶ
1676 5482 1784 5552 τῆς

1917 5483 2173 5539 tPatrent
2207 5488 2248 5537 ί.
2299 5484 2363 5539 Ει
2407 5502 2423 5539 :
2483 5482 2594 5552 Ego
2646 5489 2695 5534 et
2752 5478 2909 5532 Pater
2976 5493 3134 5529 unum
3191 5490 3368 5527 sumus
3413 5480 3462 5523 υ.

278 5559 297 5596 ί
342 5557 505 5613 Joan.
540 5575 650 5627 xiv,
685 5563 739 5618 9.
814 5575 841 5603 ιι
880 5563 1035 5621 Joan.
1079 5568 1244 5635 3,50.

1520 5665 1756 5721 νΔιιιΑς
1798 5665 2194 5721 LECTIONES.

270 5746 475 5798 δὶαλεί
506 5748 569 5802 Α.

202 5816 479 5886 ὑπόληψιν
514 5834 573 5882 ς.
654 5819 673 5849 ⁹
699 5816 888 5888 φύσἰ”θ’
920 5816 1137 5879 θοὴ-,ιΛ
1179 5816 1440 5894 ε’φῦσεὶυς
1473 5845 1527 5890 ς.

670 5750 691 5830 ξ
718 5750 1004 5830 κεχρῆται]
1031 5755 1153 5830 'im_o
1199 5757 1490 5830 μέμνηται.
1570 5759 1594 5789 ⁸
1618 5760 1807 5813 οὐσίαν
1834 5758 2160 5830 γεγενῆσθαι
2192 5776 2249 5821 ς.

2364 5760 2389 5785 τ
2410 5760 2501 5810 καὶ
2531 5759 2662 5825 ἁγία
2688 5759 2806 5811 add.
2841 5762 2880 5811 Λ
2996 5760 3014 5787 ⁸
3059 5758 3309 5829 βούλησιν
3368 5764 3411 5808 .‘.
3443 5774 3456 5808 :
