4208 6448
224 472 327 537 981
1303 468 1829 532 BlBLlOTHECA.
1849 492 1915 509 ο·-
1937 467 2103 529 COD.
2132 468 2429 530 CCXXIX.
3386 463 3491 526 982

225 582 528 636 ὑπόστασιν
577 580 773 634 ’ἐνωσιν
806 582 905 635 οὐκ
940 582 1183 650 ἠρνεῖτο,
1224 580 1333 633 οὐδ’
1384 581 1466 632 ὅτι
1514 577 1798 648 ἐσαρκὼοη

1910 577 2392 633 communicationi
2433 576 2718 646 subjectus
2760 583 2863 630 est.
2914 572 3071 629 llum:
3108 573 3328 645 quidem
3371 587 3491 628 sco-

222 677 290 727 ὲκ
315 676 413 743 τῆς
438 675 701 727 Θεοτόκου
748 672 1019 741 παρθένου
1053 674 1080 725 ὁ
1117 671 1319 742 Κύριος
1378 671 1535 741 ήμῶν
1596 669 1798 739 Ἰησοῦς

1919 685 2050 740 pum
2085 679 2333 724 assecuta
2370 669 2542 738 prima
2570 666 2747 721 oratio
2777 708 2792 733 ,
2822 665 3028 721 linitur.

223 765 461 836 Χριστὸς
486 766 551 829 η,
578 767 640 817 ἐκ
673 763 1030 834 μεταμελείας
1069 761 1253 833 μαθὼν
1324 761 1503 829 λέγειν
1568 760 1597 813 ὃ
1660 761 1760 813 οὐκ
1819 760 2049 830 ἤθελεν⁸
2106 759 2242 813 ἀλλὰ
2295 758 2390 812 καὶ
2438 757 2848 828 ἀνεθεμάτισεν,
2906 758 2935 811 δ
2990 758 3258 828 πρότερον
3328 756 3491 818 αὐτὸς

224 861 479 928 ἔστεργε,
498 859 623 919 τοὺς
645 856 901 922 λέγοντας
930 856 994 908 ἐκ
1013 854 1107 907 τοῦ
1134 854 1365 925 οὐρανοῦ
1390 856 1805 922 κατενηνοχέναι
1844 854 1942 923 τὴν
1967 855 2165 925 σάρκα.
2198 853 2270 905 Τὸ
2301 851 2357 906 δὲ
2383 852 2513 923 πρὸς
2533 854 2677 921 ἡμᾶς
2701 852 3003 922 δμοούσιον,
3071 852 3249 905 καίτοι
3322 852 3493 905 πολλὰ

226 954 328 1005 καὶ
380 950 640 1010 πολλάκις
712 947 979 1017 βιασθεὶς,
1024 947 1273 1018 οὐδαμῶς
1333 947 1667 1016 ὁμολογῆσαι
1710 948 1994 1017 ἠνέσχετο,
2063 948 2198 1000 ἀλλὰ
2271 948 2399 1016 μίαν
2465 946 2652 999 οὐσίαν
2710 946 2993 1015 κηρύττων
3042 946 3163 999 ἀντὶ
3201 944 3295 998 τοῦ
3357 948 3490 1015 ⁴ἡμῖν

224 1049 562 1113 όμοούσιον
605 1042 1060 1113 ὁμολογῆσαιτὴν
1086 1042 1284 1111 σάρκα,
1314 1040 1390 1110 τῷ
1410 1041 1716 1109 άναθὲματι
1745 1042 2128 1112 ὐπενήνεκται.
2184 1041 2241 1094 'O
2272 1040 2370 1110 μὲν
2440 1038 2534 1092 οὖν
2599 1044 2647 1091 α’
2694 1038 2851 1106 λόγος
2902 1038 3076 1092 ταῦτα
3128 1037 3349 1091 διελθὼν
3399 1040 3489 1089 τὸν

227 1140 436 1193 σκοπὸν
460 1138 785 1207 ἐπεράνατο.

312 1230 405 1282 Ἐν
426 1229 482 1281 δὲ
508 1229 586 1298 τῷ
616 1229 659 1299 β’
688 1230 832 1300 λόγῳ
854 1237 893 1283 ε’
922 1229 1085 1283 τινῶν
1110 1228 1443 1297 κεφαλαίων,
1474 1224 1549 1282 ῶν
1570 1229 1598 1280 6
1622 1228 1813 1297 σχολα-

229 1323 422 1383 στικὸς
460 1322 772 1385 Ἀνατόλιος
808 1322 908 1393 τὴν
953 1321 1189 1392 μάθησιν
1228 1320 1589 1390 ἐπεζήτησεν,
1622 1320 1809 1373 ἀποδί-

224 1413 361 1464 δωσι
382 1411 563 1479 λόγον,
605 1413 720 1475 ἑνὸς
788 1413 910 1482 μὲν,
938 1414 987 1465 εί
1038 1414 1132 1465 καὶ
1190 1412 1284 1465 νῦν
1318 1412 1554 1481 Χριστὸς
1596 1412 1625 1463 6
1680 1411 1810 1473 Θεὸς

226 1503 390 1571 ἡμῶν
420 1507 585 1573 σαρκὶ
611 1506 650 1536 ί⁹
685 1506 1011 1575 γνωρίζεται
1040 1522 1053 1536 '
1085 1506 1274 1573 ἑτέρου
1314 1505 1389 1568 δὲ,
1415 1506 1463 1555 εἰ
1492 1504 1747 1567 σύνθετος
1782 1506 1809 1557 6

224 1594 404 1665 Ἀδὰμ
426 1595 691 1663 ἱπλάσθη,
724 1596 1121 1658 πῶςὰθάνατος
1152 1595 1375 1665 ἐκτίσθη
1398 1611 1411 1625 ⁸
1446 1598 1629 1666 τρίτου
1654 1597 1697 1627 ¹⁰
1729 1596 1808 1658 δὲ,

224 1685 395 1737 πόθεν
408 1684 683 1755 δυνάμεθα
704 1687 1085 1755 τεκμήρασθαι
1104 1687 1192 1738 τὸν
1212 1686 1601 1757 εὐαγγελιστὴν
1633 1687 1809 1740 Ἰωάν-

221 1797 325 1847 νην
356 1778 438 1830 ἐτι
475 1778 656 1847 μένειν
681 1796 695 1809 ’
729 1778 811 1831 ἔτι
840 1779 916 1844 δὲ,
941 1779 987 1830 εἰ
1010 1777 1277 1839 ἀθάνατος
1304 1780 1331 1830 ὀ
1356 1780 1398 1809 ’ί
1445 1778 1615 1845 Ἀδὰμ
1640 1777 1810 1830 ἐπλά-

223 1871 356 1939 σθη,
395 1870 513 1933 πῶς
557 1870 616 1921 τὸ
666 1870 942 1939 συμφέρον
1004 1870 1238 1939 ἠγνόησε
1265 1887 1277 1898 ·
1350 1869 1441 1922 καὶ
1478 1869 1806 1932 τελευταίον,

1994 1228 2157 1279 Atera
2190 1238 2319 1280 vero
2364 1223 2629 1293 capitibus
2667 1222 2923 1292 quinque,
2957 1238 3183 1291 qaorum
3213 1224 3489 1277 scieiuiam

1921 1319 2210 1373 Anatolius
2236 1316 2591 1372 scholasticus
2620 1316 2934 1386 exquisivit,
2980 1318 3240 1370 rationem
3276 1317 3447 1370 reddit
3475 1334 3487 1367 :

1920 1427 2026 1466 uno
2050 1411 2284 1479 quidem,
2312 1426 2375 1461 au
2414 1424 2551 1462 nunc
2574 1409 2735 1461 etiam
2764 1408 3017 1462 Dominus
3048 1422 3234 1462 noeter
3249 1408 3493 1462 Christus

1922 1505 1971 1557 in
2006 1517 2171 1557 carne
2216 1499 2597 1570 cognoscitur?
2654 1498 2839 1553 Altero
2887 1514 3035 1564 vero,
3060 1499 3102 1552 si
3154 1500 3488 1567 compositus

1918 1597 2089 1650 Auam
2122 1594 2385 1648 formatus
2435 1603 2538 1657 eat,
2572 1593 2841 1659 quomodo
2892 1591 3209 1647 immortalis
3247 1602 3329 1646 est
3359 1608 3492 1645 con-

1919 1688 2082 1739 ditus.
2143 1683 2327 1738 Tertio
2374 1685 2643 1753 quomodo
2698 1683 3007 1751 persuaderi
3068 1692 3251 1750 posset
3298 1682 3491 1735 etiam-

1919 1795 2045 1831 nutn
2076 1776 2340 1830 Joannem
2386 1778 2771 1845 evangelistam
2814 1775 3154 1843 superstitem
3184 1774 3346 1828 esse?
3381 1772 3487 1827 Ad-

1920 1872 2020 1924 huc
2052 1886 2175 1924 vero
2200 1872 2243 1924 si
2286 1869 2601 1923 immortalis
2638 1867 2807 1921 Adam
2841 1878 2922 1920 est
2958 1866 3227 1930 conditus,
3265 1882 3487 1933 quomo-

217 1963 271 2012 τί
294 1965 445 2014 ἐστιν
474 1962 554 2027 τὸ,
599 1961 755 2016 ἰδοὺ
796 1961 969 2030 Ἀδὰμ
1002 1961 1247 2031 γέγονεν
1275 1962 1355 2026 ὡς
1388 1955 1475 2026 εἷς
1505 1960 1575 2025 ἐξ
1604 1958 1798 2029 ήμῶνι

1919 1965 1984 2017 d0
2034 1964 2161 2030 quid
2210 1962 2345 2015 utile
2386 1970 2505 2014 erat
2567 1959 2870 2029 ignoravit?
2921 1958 3143 2024 Quinto,
3192 1957 3317 2026 quid
3369 1966 3483 2009 est:

292 2140 423 2212 [796
445 2140 533 2212 R.]
557 2141 629 2193 Τὸ
660 2142 759 2210 μὲν
792 2140 885 2195 οὖν
916 2145 967 2195 a'
986 2140 1280 2209 κεφάλαιον
1308 2141 1395 2193 διὰ
1421 2140 1636 2195 πολλῶν
1667 2141 1803 2210 Γρα-

215 2234 400 2299 φικῶν
430 2250 489 2285 τε
525 2234 618 2285 καὶ
641 2234 931 2303 Πατρικῶν
964 2234 1157 2302 φωνῶν
1189 2235 1471 2302 συνίστησι
1527 2233 1621 2285 καὶ
1662 2233 1798 2285 ἀπο·

212 2322 476 2376 δεικνύει.
514 2325 621 2375 Kal
640 2324 858 2395 πρῶτον
892 2325 992 2391 μὲν
1022 2327 1077 2389 ἐξ
1102 2319 1176 2377 ὧν
1214 2325 1441 2387 Ἡσαΐας
1466 2326 1510 2354 ⁸⁸
1544 2325 1672 2395 περὶ
1702 2323 1801 2392 τῆς

212 2415 488 2482 ὲνσάρκου
517 2414 753 2484 Χριστοῦ
784 2414 876 2467 τοῦ
909 2416 1045 2467 Θεοῦ
1080 2414 1235 2485 ἡμῶν
1278 2415 1599 2476 ἀναϐάσεως
1642 2412 1797 2467 εἶπε·

222 2506 324 2568 Τίς
355 2506 528 2557 ἐστιν
581 2501 761 2569 οὗτος
815 2510 847 2558 ό
907 2506 1393 2574 παραγενόμενος
1447 2506 1515 2568 ἐξ
1589 2504 1800 2574 Ἐδὼμ,

212 2598 501 2648 τουτέστιν
533 2598 559 2648 6
580 2600 785 2662 γήϊνος.
831 2598 937 2649 Kal
963 2598 991 2649 ὁ
1014 2598 1177 2659 αὐτὸς
1210 2598 1404 2662 πάλιν,
1435 2596 1672 2666 Ιμάτιον
1696 2598 1804 2654 αὑ-

218 2688 331 2741 τοῦ
363 2690 430 2741 ἐκ
462 2690 653 2755 Βοσόρ
680 2704 693 2719 ⁸
746 2688 986 2758 Ἑϐραῖοι
1016 2690 1072 2740 δὲ
1117 2690 1175 2740 τὸ
1212 2691 1387 2758 Βοσὸρ
1420 2691 1671 2758 σάρκινον
1705 2706 1802 2741 κα-

211 2780 390 2832 λοῦσι.
424 2781 529 2831 Καὶ
558 2780 721 2831 πάλιν
749 2795 761 2808 ·
798 2781 901 2833 Διά
940 2780 996 2831 τί
1050 2779 1269 2847 ἐρυθρά
1314 2796 1431 2833 σου
1465 2782 1533 2833 τὰ
1580 2780 1797 2849 ἱμάτια,

214 2874 314 2924 καὶ
348 2872 421 2923 τὰ
458 2870 760 2939 ἐνδύματα
783 2872 861 2936 ὡς
888 2871 1005 2923 ἀπὸ
1044 2871 1311 2937 πατητοῦ
1342 2872 1536 2937 ληνοῦ
1564 2890 1581 2936 ;
1620 2873 1800 2942 Ὅπερ

210 2963 310 3015 τοῦ
350 2963 556 3025 πάθους
587 2962 725 3030 μετᾶ
747 2963 806 3014 τὸ
850 2962 1019 3025 πάθος
1039 2962 1132 3015 καὶ
1164 2964 1221 3014 ὲν
1283 2964 1345 3032 τῇ
1384 2962 1554 3031 ἀνόδῳ
1606 2962 1802 3033 μηνύει

210 3054 276 3105 τὸ
321 3054 642 3123 μυστήριον.
684 3054 789 3106 Ka't
830 3054 992 3105 πάλιν
1044 3053 1231 3123 ἕτερος
1286 3055 1574 3123 προφήτης
1602 3054 1709 3117 ιηὼς
1742 3056 1804 3106 ἐκ

212 3145 512 3216 προσώπου
542 3146 635 3198 τοῦ
672 3147 945 3199 Δεσπότου
992 3148 1175 3215 φησὶν,
1228 3148 1303 3209 ὡς
1339 3147 1501 3215 δῆθεν
1542 3147 1648 3199 ὑπὸ
1696 3147 1803 3199 τῶν

207 3236 420 3306 νοερῶν
453 3236 579 3307 [Ηϐ
612 3237 705 3309 Η.]
739 3238 1094 3308 ἐρωτωμένου
1118 3238 1421 3306 δυνάμεων,
1456 3238 1626 3303 Τίνες
1669 3239 1715 3270 ’³
1744 3240 1804 3291 al

1909 2053 2060 2118 Quod
2098 2053 2263 2104 Adam
2294 2049 2464 2119 factus
2492 2058 2568 2103 est
2599 2049 2731 2102 sicut
2764 2062 2897 2099 unus
2931 2061 2959 2100 ε
2988 2046 3170 2098 nobis?

1977 2144 2211 2198 Priuimn
2245 2142 2461 2213 quidem
2496 2140 2679 2195 multis
2710 2138 3005 2208 Scripturis
3036 2148 3088 2190 et
3115 2136 3333 2189 Patrum
3367 2151 3486 2188 sca-

1908 2239 2087 2293 tentiis
2103 2238 2407 2292 conﬁrmat.
2441 2234 2622 2288 Primo
2660 2233 2834 2287 Isaias
2858 2232 2920 2285 dc
2950 2230 3168 2284 Christo
3197 2229 3449 2282 incarnau
3474 2258 3485 2266 -

1904 2336 1972 2385 do
2001 2333 2081 2385 sic
2124 2332 2317 2385 habet:
2357 2329 2485 2395 Quis
2540 2337 2615 2381 est
2647 2327 2742 2380 iste
2766 2326 2855 2394 qui
2895 2325 3027 2378 venit
3059 2324 3123 2375 de
3177 2322 3344 2374 Edam
3380 2330 3395 2353 ‘
3437 2330 3456 2354 ι

1906 2424 2018 2477 [Ine
2059 2432 2164 2486 est,
2207 2432 2485 2475 terrenus:
2551 2431 2604 2474 et
2641 2419 2864 2472 statim:
2910 2414 3105 2468 Tinctis
3167 2412 3382 2467 vestibus
3426 2417 3487 2465 de

1905 2513 2073 2568 Bosra
2105 2523 2176 2570 I:
2217 2512 2422 2567 [Iebrmi
2488 2527 2611 2566 vero
2665 2510 2831 2563 Bosor
2882 2523 3137 2561 carncum
3189 2505 3484 2576 appellant.

1906 2607 1971 2660 Et
2000 2621 2157 2661 mox:
2195 2606 2368 2670 Quare
2400 2621 2519 2673 ergo
2550 2604 2768 2655 rubrum
2798 2610 2873 2653 est
2921 2598 3285 2652 indumentum
3316 2609 3479 2659 luunt,

1904 2707 1952 2753 et
1984 2698 2287 2751 vestimenta
2338 2706 2428 2748 tua
2489 2696 2620 2747 sicut
2663 2692 2981 2746 culcaatinm
3020 2691 3071 2743 in
3135 2689 3387 2742 torculari
3425 2696 3484 2739 1'!

1908 2789 2017 2844 lloc
2048 2788 2274 2844 all'ectus
2318 2794 2437 2855 post
2470 2784 2745 2850 allectum,
2796 2794 2850 2837 et
2906 2784 2955 2835 in
3026 2782 3170 2836 invio
3213 2780 3479 2848 signitict

1908 2880 2248 2949 mysterium.
2286 2879 2349 2932 Et
2383 2893 2595 2931 rursum
2630 2878 2767 2930 alius
2800 2875 3081 2945 propheta,
3118 2883 3171 2928 et
3215 2875 3267 2927 in
3301 2889 3481 2940 persia-

1910 2986 1973 3022 na
2004 2972 2120 3033 Dei,
2164 2970 2358 3038 inquit,
2422 2978 2672 3037 tanquam
2724 2966 3184 3036 interrogantibus
3232 2963 3477 3033 angelis:

1908 3061 2049 3125 Quid
2078 3071 2195 3114 sunt
2222 3061 2390 3130 plaga:
2423 3060 2533 3114 ista:
2570 3062 2623 3113 in
2658 3060 2823 3112 ntedio
2866 3074 3113 3111 manuum
3180 3066 3386 3107 ltturttm
3418 3056 3484 3106 v?

1906 3153 1969 3207 Et
2000 3154 2217 3222 subjicit
2254 3153 2501 3207 Salvator
2536 3170 2549 3205 :
2589 3150 2845 3222 Plagatus
2874 3168 2988 3204 sum
3025 3152 3075 3201 in
3104 3149 3259 3202 domo
3298 3165 3475 3202 eorum

1905 3244 1993 3312 qui
2027 3242 2312 3311 diligebant
2365 3260 2442 3296 me
2494 3242 2543 3295 δ.
2604 3240 2710 3295 Sed
2744 3251 2793 3294 ει
2841 3241 3013 3311 angeli
3045 3240 3095 3292 in
3150 3240 3481 3293 aSt-eusionTs

208 3328 443 3395 πληγαί
468 3322 643 3383 αὗται
672 3330 730 3379 al
777 3328 897 3380 ἀνὰ
946 3328 1142 3394 μέσον
1171 3328 1215 3357 ³⁵
1245 3324 1365 3379 τῶν
1418 3326 1591 3394 ὤμων
1626 3344 1743 3381 σου
1776 3344 1795 3390 ;

1905 3346 2141 3403 tempore
2179 3343 2454 3389 astantes:
2501 3331 2705 3396 Veniet,
2748 3332 3017 3401 inquiunt,
3046 3332 3480 3401 quemadmodum

206 3419 571 3487 ἀποκρίνεται
588 3419 696 3488 γὰρ
718 3420 745 3471 6
769 3419 958 3487 Σωτὴρ
994 3419 1188 3484 λέγων·
1214 3421 1318 3483 “Ac
1346 3418 1625 3486 ἐπλήγην
1638 3420 1707 3471 ἐν
1723 3418 1802 3483 τῷ

207 3513 359 3577 οῖκῳ
388 3510 493 3564 τοῦ
528 3510 841 3577 ἀγαπητοῦ
865 3528 1003 3579 μου.
1044 3510 1205 3563 Ἀλλὰ
1253 3512 1345 3563 καὶ
1400 3512 1459 3562 ὲν
1500 3509 1576 3580 τῷ
1613 3510 1792 3581 καιρῷ

206 3603 311 3668 τῆς
342 3602 661 3668 ἀναλήψεως
683 3602 732 3654 oi
760 3601 1109 3672 παρεστῶτες
1139 3601 1364 3668 ἄγγελοι
1429 3601 1575 3655 οὓτω
1608 3602 1793 3669 φασίν,

221 3694 646 3757 Eis-ticum",
668 3694 741 3747 δν
756 3696 976 3761 τρόπον
994 3694 1326 3749 ἐθεάσασθε
1349 3696 1536 3747 αὐτὸν
1556 3697 1801 3762 πορευό-

200 3805 401 3856 μενον
438 3790 525 3852 εις
549 3787 657 3841 τὸν
685 3788 963 3856 οὐρανόν.
1002 3786 1113 3842 Kal
1142 3790 1169 3840 6
1222 3787 1621 3857 πρωτομάρτυς
1659 3788 1791 3841 Στέ-

204 3896 382 3947 φανος
406 3880 463 3930 ὲν
488 3878 565 3948 τῷ
609 3879 785 3948 καιρῷ
854 3879 954 3947 τῆς
1008 3880 1333 3949 μαρτυρίας,
1396 3878 1653 3944 ἐπιγνοὺς
1708 3879 1799 3931 τὸν

205 3974 493 4042 Δεσπότην
522 3973 754 4044 Χριστὸν
784 3973 995 4026 ἑστῶτα
1019 3974 1083 4025 ἐκ
1112 3972 1301 4035 δεξιῶν
1332 3971 1424 4025 τοῦ
1457 3971 1693 4040 [ἰατρὸς.
1735 3974 1796 4027 ἐν

207 4065 413 4133 ἐκείνῳ
437 4065 516 4135 τῷ
544 4066 786 4134 σχήματι
821 4067 877 4117 ὲν
908 4058 951 4131 ᾧ
979 4068 1093 4127 τοῖς
1128 4064 1399 4134 μαθηταῖς
1423 4065 1795 4135 συνηυλίζετο,

203 4156 272 4210 τὸ
330 4156 529 4207 σεπτὸν
574 4158 667 4208 καὶ
724 4157 866 4210 θεῖον
898 4156 1078 4225 θέαμα
1118 4156 1400 4227 παρρησίᾳ
1454 4155 1792 4225 ὡμολόγησε.

206 4250 325 4301 Kal
354 4248 415 4300 τὸ
455 4247 647 4306 σκεῦος
696 4248 752 4299 δὲ
804 4250 901 4317 τῆς
954 4248 1204 4317 ἐκλογῆς,
1268 4248 1796 4317 μυσταγωγούμενος

209 4339 355 4408 πρὸς
391 4339 489 4408 τὴν
540 4338 819 4408 ἀλήθειαν,
867 4341 926 4404 ἐξ
968 4340 1196 4409 οὐρανοῦ
1259 4340 1552 4409 κράζοντος
1606 4342 1794 4395 ἀκούει

205 4428 476 4498 Χριστοῦ,
516 4431 733 4487 Σαούλ.
771 4432 969 4484 Σαοὺλ
992 4432 1128 4495 ¹⁶·³⁹,
1166 4432 1223 4484 τί
1274 4449 1350 4501 με
1378 4431 1637 4497 διώκεις
1687 4436 1794 4487 Kal

204 4519 545 4587 πυθομένου,
571 4522 664 4584 Τίς
685 4521 756 4584 εἷ,
782 4523 951 4588 Κύριε
970 4539 988 4586 ;
1005 4523 1150 4590 Ἐγώ
1177 4525 1311 4590 εἰμι,
1330 4525 1514 4591 φησὶν,
1558 4525 1795 4591 Ἰησοῦς

203 4612 240 4662 ὁ
270 4607 622 4675 Ναζωραῖος,
640 4610 711 4664 ὃν
732 4610 813 4664 σὺ
840 4611 1086 4677 διώκεις.
1134 4613 1207 4664 T6
1232 4612 1286 4664 δὲ
1314 4613 1644 4681 Ναζωραῖος
1699 4617 1790 4668 καὶ

214 4702 633 4771 Ἰησοῦς,δῆλον
657 4705 737 4756 ὅτι
757 4703 856 4772 τῆς
885 4704 1085 4772 σαρκὸς
1113 4702 1277 4755 αὑτοῦ
1308 4704 1504 4773 μηνύει
1527 4706 1624 4775 τὴν
1660 4706 1793 4777 ἀλή-

203 4795 385 4846 θειαν.
416 4794 525 4846 Kal
555 4794 855 4863 Γρηγόριος
884 4798 911 4848 6
950 4793 1257 4859 Ναζιανξοῦ
1278 4795 1347 4848 τὰ
1378 4797 1516 4850 αὐτὰ
1553 4798 1788 4869 διαμαρ-

200 4887 457 4954 τύρεται,
488 4885 582 4936 καὶ
620 4886 884 4954 Κύριλλος
924 4888 981 4939 έν
1020 4887 1097 4957 τῷ
1130 4887 1289 4941 Κατὰ
1320 4889 1793 4941 Συνουσιαστῶν

201 4977 374 5045 λόγῳ,
416 4978 507 5030 καὶ
536 4977 814 5040 Βασίλειος
840 4980 898 5031 ὲν
920 4978 997 5049 τῷ
1021 4980 1157 5048 Περὶ
1192 4981 1473 5045 πίστεως.
1507 4980 1664 5033 Ἀλλὰ
1696 4983 1790 5034 καὶ

202 5067 483 5133 Κύριλλος
516 5070 676 5123 πάλιν
730 5070 866 5141 πρὸς
922 5073 1173 5125 Ἀκάκιον
1221 5073 1607 5136 Σκυθοπόλεως
1661 5074 1783 5127 ὲπί-

203 5177 415 5213 σκοπον
445 5160 691 5228 γράφων,
726 5165 819 5217 καὶ
860 5166 916 5217 ὲν
937 5167 1002 5235 τῇ
1029 5167 1293 5235 ἑρμηνείᾳ
1321 5166 1377 5219 δὲ
1401 5166 1493 5219 τοῦ
1530 5169 1783 5235 ἀποπομ-

203 5248 395 5301 παίου.
429 5250 646 5304 Τούτων
672 5252 713 5283 ³¹
768 5253 876 5322 γὰρ
926 5255 1181 5317 ἕκαστος,
1234 5257 1327 5307 καὶ
1368 5257 1551 5325 μυρίοι
1606 5256 1778 5321 ἄλλοι,

205 5336 352 5405 μετὰ
373 5338 475 5405 τῆς
504 5340 702 5409 σαρκὸς
729 5341 823 5395 καὶ
850 5342 1089 5396 ἀνελθεῖν
1114 5346 1205 5396 καὶ
1234 5345 1505 5414 διαμένειν
1545 5347 1641 5399 καὶ
1673 5364 1779 5398 πα·

204 5429 537 5498 ραγενέσθαι
576 5431 716 5485 κατὰ
754 5432 853 5502 τὴν
908 5432 1164 5505 δευτέραν
1212 5435 1377 5489 αὑτοῦ
1430 5437 1790 5508 κηρύττουσιν

1908 3424 2109 3477 vidistis
2168 3442 2284 3478 eum
2329 3436 2533 3477 euntem
2576 3424 2629 3476 in
2687 3423 2872 3476 cazlum
2904 3434 2951 3475 ε.
3015 3420 3226 3475 Primus
3269 3437 3479 3490 quoque

1907 3525 2111 3586 martyr
2152 3516 2455 3583 Stephanus
2518 3515 2760 3585 martyrii
2814 3524 3074 3583 tempore,
3139 3514 3478 3581 conspiciens

1910 3610 2072 3662 Deum
2125 3608 2401 3661 Christum
2446 3618 2678 3662 stantem
2733 3624 2760 3659 a
2802 3607 3005 3661 dextris
3048 3604 3098 3667 ἀ,
3150 3621 3252 3672 qua
3306 3602 3475 3656 forma

1903 3714 2023 3753 cum
2054 3697 2328 3767 discipulis
2356 3709 2602 3753 versatus
2630 3706 2736 3761 est,
2769 3698 2906 3763 piam
2950 3712 3013 3750 ac
3043 3697 3276 3748 divinam
3309 3696 3476 3748 visiu-

1904 3803 2024 3843 nem
2058 3788 2224 3843 libere
2274 3787 2553 3843 confessus
2596 3798 2699 3841 est.
2754 3786 2946 3857 253a
3020 3786 3307 3840 Elt‘CllOlllS
3348 3786 3473 3839 item

1906 3894 1998 3931 vas
2042 3880 2105 3932 ad
2153 3880 2435 3933 veritatem
2485 3880 2620 3933 bene
2664 3877 3005 3941 informatus,
3053 3878 3223 3931 audiit
3285 3879 3476 3932 ecwlo

1902 3970 2226 4026 clamantem
2253 3971 2566 4025 Christum:
2602 3970 2787 4035 Saule,
2821 3970 3000 4036 Saule,
3039 3972 3163 4038 quid
3198 3987 3273 4023 me
3298 3988 3475 4036 persc-

1900 4064 2075 4130 queris
2104 4073 2149 4115 °.
2200 4062 2314 4128 Quo
2364 4062 2567 4127 audito,
2618 4062 2749 4126 Quis
2805 4079 2889 4124 es,
2932 4062 3147 4130 inquit,
3213 4061 3477 4114 Domine?

1907 4154 2017 4222 Ego
2068 4171 2183 4207 sum
2221 4154 2374 4207 Jesus
2414 4152 2729 4207 Nazarcnus
2770 4169 2918 4222 quem
2962 4164 3016 4206 tu
3073 4155 3391 4221 persequeris
3429 4152 3470 4206 ί.

1907 4242 2219 4298 Nazarenus
2258 4258 2385 4297 vero
2436 4254 2490 4298 et
2530 4244 2683 4298 Jesus
2720 4259 2841 4298 cum
2884 4244 3031 4308 dicit,
3072 4244 3251 4296 carnis
3278 4244 3473 4297 verita-

1909 4346 2013 4389 tem
2056 4336 2314 4390 ostendit.
2365 4336 2505 4389 ldem
2560 4344 2791 4390 testatur
2837 4334 3128 4404 Gregorius
3177 4332 3470 4389 Naziauc-

1902 4442 2021 4491 nus,
2064 4434 2119 4480 et
2150 4426 2403 4497 Cyrillus,
2473 4423 2670 4479 Contra
2713 4424 3274 4479 Cousubstantialistas
3314 4426 3467 4479 libro.

1901 4517 2130 4572 Basilius
2164 4533 2376 4586 quoque
2419 4519 2666 4572 oratione
2698 4516 2764 4572 de
2810 4518 2930 4571 lldc.
2971 4518 3108 4583 Quin
3160 4528 3213 4572 et
3241 4518 3469 4586 Cyrillus

1901 4609 1965 4661 ad
1998 4609 2255 4663 Acacium
2302 4609 2801 4679 St-ythopolitanum
2855 4610 3164 4679 (‘plSt'Optltll
3200 4610 3462 4673 scribens,

1901 4704 1951 4755 in
1986 4703 2432 4771 interpretatione
2466 4705 2613 4758 vocis
2641 4703 2978 4772 ἁπομπαίου,
3004 4704 3052 4756 id
3078 4713 3160 4757 est
3196 4704 3456 4756 maloruzn

1896 4794 2219 4861 depulsoris,
2252 4795 2568 4860 Averrnnci,
2624 4804 2678 4848 et
2718 4796 2983 4850 innumeri
3033 4796 3121 4849 alii
3149 4813 3270 4849 cum
3296 4810 3458 4848 carne

1896 4887 2107 4940 venisse
2132 4902 2193 4940 ac
2240 4888 2525 4950 mansisse,
2554 4899 2607 4940 et
2652 4888 2730 4941 sic
2758 4903 2878 4943 esse
2912 4890 2977 4942 ad
3011 4890 3305 4942 secundum
3348 4888 3464 4955 ejus

1896 4992 2066 5043 usque
2102 4978 2387 5030 adventum
2424 4979 2635 5032 docent.
2667 4978 2952 5047 Propterea
2980 4996 3189 5048 quoque
3224 4980 3462 5034 cmlestis

1895 5082 1955 5122 ac
1998 5077 2269 5130 terrenus,
2298 5069 2521 5123 visibilis
2546 5082 2711 5139 atque
2747 5072 3048 5126 invisibilis.
3084 5071 3319 5125 Visihilis
3345 5074 3461 5141 qni-

1889 5164 2007 5217 dem
2062 5178 2181 5216 cum
2236 5162 2535 5227 divinitate,
2592 5182 2699 5219 non
2756 5169 3049 5222 secundum
3101 5168 3381 5221 divinitate
3408 5186 3458 5228 u,

1889 5254 1982 5308 sed
2034 5256 2327 5309 secundum
2366 5270 2599 5323 corpus:
2661 5273 2868 5311 rursum
2925 5275 3138 5329 quoque
3183 5260 3462 5313 invisibilis

1894 5360 2015 5399 cum
2043 5346 2415 5409 immanitate,
2450 5362 2550 5401 nou
2591 5350 2887 5402 secundum
2920 5351 3331 5413 humanitatem,
3362 5355 3455 5405 sed

1894 5436 2252 5505 divinitatem,
2284 5448 2499 5493 creatus
2525 5449 2577 5493 et
2610 5442 2902 5503 increatus,
2928 5443 3137 5511 aliaque
3165 5443 3458 5497 secundum

282 5559 725 5626 "Ilsa.um,1.
766 5564 945 5621 ribitl.
986 5566 1229 5623 'ihid.2.
1268 5566 1753 5635 alach:ir.xut,6.
1793 5567 1962 5624 ltibid.
2007 5570 2317 5637 cAct.t,ll.
2357 5570 2837 5644 dAct.tx,56seq.
2884 5574 3173 5641 eAct.u,l.
3220 5576 3451 5633 fibid.5.

1449 5660 1684 5716 VARUE
1725 5659 2129 5717 LECTIONES.

275 5747 572 5821 'L‘lqao'};
615 5750 643 5801 6
686 5750 921 5821 Χριστὸς
962 5769 1021 5817 ς.

1100 5752 1363 5829 ιβησαρκὶ]
1409 5756 1465 5807 ἐν
1496 5756 1659 5829 σαρκί
1700 5754 2023 5829 Stephanus.
2103 5757 2147 5829 ξ’
2168 5756 2350 5829 τρίτου
2376 5771 2523 5829 eorr.
2582 5760 2668 5813 At
2712 5758 2895 5829 τρίτον
2956 5778 3014 5824 ς.

3093 5762 3134 5791 ¹¹
3174 5764 3201 5813 ὁ
3232 5762 3351 5814 atltl.
3389 5766 3430 5815 Λ

198 5821 243 5850 ’⁸
289 5812 546 5963 Thalete}
576 5812 810 5881 Lxutfl.
888 5812 1311 5903 "€lve';]_Zac'h.
1342 5812 1457 5888 int,
1490 5824 1541 5880 6.
1568 5812 1580 5826 ’
1622 5826 1665 5857 ’⁸
1694 5827 1747 5877 αἱ
1781 5812 1883 5881 ἀνὰ
1913 5826 2076 5895 μέσον
2098 5828 2141 5881 Α
2176 5812 2315 5881 ε’καὶ
2363 5812 2636 5897 ἀνάμεσον
2672 5812 2759 5894 ς·,⁸
2810 5830 2855 5862 ³⁸
2888 5812 3092 5902 ﬁssum]
3124 5812 3423 5899 Acti

198 5887 322 5922 ⁶⁶ο³⁶
350 5888 522 5942 Σαουλ
580 5891 701 5947 Act.
744 5907 819 5958 Ix,
854 5895 908 5948 4.
986 5893 1027 5926 ³⁸
1068 5908 1386 5960 τουτον.,ς·.

197 5887 322 5922 ⁸³⁸³⁸
350 5887 546 5960 Σαοὺλ]
580 5891 701 5947 Act.
744 5907 819 5958 Ix,
854 5895 908 5948 4.
986 5893 1027 5926 ³⁸
1068 5887 1293 5960 τὸῦτον.,
1317 5911 1386 5958 ς’.
