4208 6448
722 392 827 457 983

1847 388 2109 449 PHOTII
2138 386 2782 458 PATRIARCHEICP.

3868 392 3997 457 984

723 503 865 573 piam
917 502 1113 558 dictam
1158 502 1553 557 distinctionem
1599 504 2030 557 ccasiderantur.
2079 504 2289 558 Etenim

2416 508 2739 572 ,mtpavsmv.
2781 506 2871 559 Διὸ
2901 509 2992 559 καὶ
3038 508 3131 560 6"
3185 508 3349 570 αὑτός
3398 509 3546 560 ἔστιν
3587 508 3842 578 οὐράνιος
3884 509 4003 563 καὶ

725 611 850 649 caro
892 606 1075 650 nostra
1121 595 1228 648 Deo
1289 594 1459 649 Verbo
1505 594 1652 646 unita
1704 592 2059 662 hypostatice,
2102 609 2205 647 non
2243 594 2294 647 in

724 686 1082 739 substantiam
1112 685 1275 741 Verbi
1309 692 1511 737 mutata
1550 696 1651 747 est,
1696 685 1795 737 ctsi
1864 684 1954 737 Dei
1990 700 2119 738 caro
2151 687 2294 739 facta

721 786 824 839 est,
854 792 1027 848 neque
1060 777 1292 831 Verbum
1324 776 1375 828 in
1421 789 1663 837 carnem,
1708 776 1808 828 etsi
1851 776 2123 844 propriam
2194 778 2295 831 sibi

724 867 862 922 hanc
901 868 1213 938 sumpserit.
1260 866 1366 921 Sed
1412 882 1552 921 unus
1621 867 1866 933 idemque
1910 866 2105 921 dicitur
2142 869 2297 922 Chri-

723 965 876 1011 stus:
907 966 1153 1011 servatur
1187 971 1315 1012 vero
1344 956 1595 1017 indivise,
1642 964 1695 1009 et
1735 957 1851 1009 sine
1895 957 2209 1023 mutatione,
2245 967 2300 1012 et

724 1049 995 1113 quomodo
1036 1047 1090 1100 in
1123 1047 1206 1100 his
1236 1056 1289 1101 et
1321 1062 1383 1101 ex
1417 1047 1501 1100 his
1543 1047 1887 1114 cognoscitur
1925 1047 2199 1113 Christus,
2232 1065 2295 1102 ex

724 1140 835 1193 alio
877 1139 927 1192 in
964 1140 1126 1191 alium
1162 1154 1263 1191 non
1304 1138 1525 1203 mutari,
1560 1138 1653 1191 scd
1706 1149 1764 1191 ut
1794 1154 2164 1206 smpennmero
2221 1141 2298 1194 di-

725 1240 892 1294 ctum,
924 1247 1060 1285 unus
1090 1231 1336 1298 idemque
1368 1240 1450 1283 est
1478 1232 1521 1280 ε.
1558 1228 1702 1283 ldem
1742 1243 2050 1299 generatur,
2108 1244 2298 1302 estque

725 1320 841 1374 sine
893 1321 1203 1390 genealogia
1253 1324 1547 1376 secundum
1598 1324 1743 1377 aliud
1801 1336 1962 1392 atque
2009 1327 2171 1379 aliud.
2204 1327 2297 1379 Et-

724 1415 868 1467 enim
900 1430 1051 1470 sacra
1089 1415 1369 1485 Scriptura
1397 1417 1508 1470 ait:
1543 1417 1711 1470 Homo
1742 1428 1842 1479 est,
1863 1422 1976 1486 quis
2001 1425 2138 1472 novit
2160 1439 2298 1484 cum,

724 1508 1105 1573 generationem
1152 1508 1267 1577 ejus
1314 1510 1431 1577 quis
1480 1510 1795 1564 cnttrrabit?
1828 1510 1933 1563 Sed
1983 1524 2037 1564 et
2086 1528 2298 1566 rursum

725 1598 941 1662 clamat,
985 1597 1142 1651 Liber
1164 1602 1511 1668 generationis
1546 1599 1673 1653 Jesu
1702 1598 1901 1654 Christi
1926 1602 2026 1668 ﬁlii
2054 1602 2219 1655 David
2246 1604 2297 1655 δ.

727 1687 903 1753 Quare
977 1690 1272 1745 secundum
1336 1692 1675 1747 divinitatem
1748 1694 2130 1762 iugenerabilis
2188 1705 2297 1749 est:

727 1782 1022 1835 secundum
1104 1783 1495 1835 humanitatem
1564 1799 1691 1838 vero
1737 1784 2079 1852 generabilis.
2159 1784 2298 1838 Idem

2405 598 2666 663 ἐπίγειος,
2695 596 2888 664 ὁρατὸς
2908 597 3001 649 ιξαὶ
3024 596 3276 667 ἀόρατος,
3307 597 3495 667 ὁρατὸς
3553 598 3650 665 μὲν
3686 598 3831 666 μετὰ
3877 599 4000 665 τῆς

2405 684 2676 753 θεότητος,
2698 685 2758 737 οὐ
2796 685 2934 736 κατὰ
2964 686 3062 755 τὴν
3094 685 3343 757 θεότητα,
3369 686 3504 740 ἀλλὰ
3527 688 3668 740 κατὰ
3696 688 3757 738 τὸ
3794 688 3998 755 σῶμα,

2404 776 2633 845 ἀόρατος
2671 775 2728 827 δὲ
2763 776 2925 828 πάλιν
2956 778 3093 845 μετὰ
3116 775 3217 844 τῆς
3253 778 3696 847 ἀνθρωπότητος,
3744 779 3808 830 οὗ
3842 778 4001 830 κατὰ

2402 868 2504 937 τὴν
2534 867 2954 936 ἀνθρωπότητα,
2986 868 3122 921 ἀλλὰ
3165 868 3306 921 κατὰ
3324 869 3423 938 τὴν
3458 867 3712 937 θεότητα,
3743 869 4001 928 ικτιστὸς

2405 961 2497 1013 καὶ
2519 960 2795 1025 ἄκτιστος,
2832 962 2928 1013 καὶ
2950 962 3049 1014 ὃσα
3076 962 3209 1015 ἄλλα
3234 960 3458 1014 τοιαῦτα
3498 960 3639 1013 κατὰ
3688 960 3789 1031 τὴν
3825 964 4000 1032 εἰρη-

2408 1054 2574 1122 μένην
2605 1052 2803 1121 εὐσεϐῆ
2834 1052 3116 1122 Θεωρεῐται
3164 1053 3459 1119 διάκρισιν.
3514 1054 3622 1105 Καὶ
3680 1052 3792 1122 γὰρ
3841 1055 3875 1122 ἠ
3931 1054 4002 1117 ἐξ

2404 1144 2561 1214 ἡμῶν
2602 1145 2759 1215 σὰρξ,
2790 1146 3051 1199 ὲνωθεῖσα
3079 1146 3156 1214 τῷ
3184 1145 3303 1214 Θεῷ
3350 1146 3509 1215 Λόγῳ
3561 1146 3682 1197 καθ’
3741 1146 3998 1198 ὑπόστα-

2408 1252 2513 1299 σιν,
2544 1235 2643 1287 οὐκ
2683 1238 2763 1297 εἰς
2792 1237 2892 1303 τὴν
2945 1236 3134 1289 οὐσίαν
3187 1236 3498 1305 μετεϐλήθη
3547 1235 3641 1288 τοῦ
3702 1237 3903 1302 Λόγου,
3942 1241 3998 1288 εἰ

2408 1328 2500 1379 καὶ
2534 1327 2668 1378 Θεοῦ
2710 1328 2900 1393 γέγονε
2933 1328 3068 1396 σάρξ
3100 1345 3112 1357 ⁸
3142 1328 3262 1380 οὐδὲ
3293 1331 3320 1380 6
3352 1330 3525 1395 Λόγος
3563 1330 3643 1389 είς
3693 1330 3895 1396 σάρκα,
3942 1332 4000 1382 εἰ

2409 1420 2501 1468 καὶ
2528 1417 2662 1469 ἰδίαν
2682 1420 3043 1486 οἰκονομικῶς
3099 1420 3396 1486 ἐποιήσατο
3449 1418 3548 1487 τὴν
3600 1420 3814 1487 σάρκα·
3872 1420 3999 1471 ἀλλ’

2409 1501 2488 1568 εἷς
2532 1508 2628 1574 μὲν
2654 1507 2988 1572 λέγεταικαὶ
3017 1507 3134 1559 ἐστι
3167 1506 3421 1576 Χριστὸς,
3443 1506 3676 1571 σώζεται
3724 1509 3784 1561 δὲ
3820 1510 3999 1562 ἀκαι-

2408 1600 2722 1667 νοτομήτως
2757 1598 2848 1650 καὶ
2874 1598 3190 1668 ἁχωρίστως
3228 1599 3322 1649 καὶ
3353 1598 3421 1650 τὰ
3443 1598 3503 1661 ἐξ
3552 1591 3627 1651 ὧν
3671 1600 3765 1651 καὶ
3802 1601 3863 1651 ιν
3910 1595 4001 1661 οἷς

2410 1692 2611 1741 νοεῖται
2644 1690 2897 1757 Χριστὸς,
2927 1690 3026 1741 οὐκ
3064 1688 3221 1750 ἄλλος
3248 1689 3343 1740 stat
3389 1688 3546 1749 ἄλλος
3567 1708 3578 1721 '
3616 1690 3690 1758 μὴ
3732 1689 3946 1755 γένοιτο
3981 1705 3993 1715 ·

2412 1781 2525 1834 ἀλλ’
2549 1780 2737 1850 ὥσπερ
2763 1781 3020 1842 πολλάκις
3050 1782 3288 1850 εἴρηται,
3362 1774 3441 1843 εἷς
3486 1781 3580 1832 καὶ
3632 1782 3660 1831 6
3696 1779 3883 1841 αὑτός.
3932 1781 3999 1829 Ὀ

728 1873 1017 1941 praenoscit
1048 1876 1249 1939 omnia,
1290 1884 1371 1927 est
1406 1877 1549 1928 enim
1576 1886 1769 1929 natura
1810 1878 1967 1939 Deus,
1997 1888 2050 1928 et
2098 1893 2309 1930 rursum

2418 1873 2579 1935 αὐτὸς
2612 1874 3018 1940 γενεαλογείται
3044 1874 3137 1925 καὶ
3166 1872 3312 1925 ἔστιν
3356 1872 3809 1940 ἀγενεαλόγητος,
3871 1872 4001 1923 κατ’

729 1964 977 2033 ignorare
1004 1965 1203 2018 dicitur
1248 1965 1258 1993 ¹
1314 1974 1613 2019 extremum
1660 1967 1799 2020 diem
1844 1982 1936 2034 per
1965 1982 2183 2020 carnem
2212 1982 2309 2021 no-

730 2063 897 2107 stram
955 2073 967 2108 :
1005 2064 1058 2109 et
1104 2054 1284 2123 Neque
1322 2072 1402 2107 me
1448 2058 1626 2109 ridetis
1671 2073 1829 2124 neque
1876 2056 2090 2110 Patrem
2141 2073 2309 2110 meum

730 2146 914 2200 ridetis
958 2144 1017 2213 i;
1065 2156 1119 2199 et
1172 2162 1388 2199 rursum
1456 2147 1673 2216 scilicet;
1699 2150 1928 2201 humana
1996 2149 2302 2203 conditione

731 2238 884 2291 scitis
934 2239 990 2291 λίς
1030 2237 1097 2291 Et
1176 2238 1312 2291 unde
1344 2239 1443 2291 sint
1493 2240 1655 2291 scitis.
1716 2240 1776 2293 Si
1816 2257 1906 2308 ego
1957 2242 2309 2292 testimonium

730 2328 968 2397 perhibeo
999 2329 1061 2381 de
1093 2346 1171 2381 me
1210 2330 1342 2393 ipso,
1384 2331 1736 2381 testimonium
1790 2346 1957 2381 meum
1990 2346 2091 2382 non
2127 2339 2202 2382 est
2232 2346 2315 2382 ve-

734 2434 849 2472 rum
879 2416 923 2483 ι,
958 2418 1085 2473 alibi
1111 2436 1325 2489 quoque
1359 2436 1370 2470 :
1409 2419 1476 2471 Et
1505 2423 1548 2472 si
1572 2437 1664 2487 ego
1694 2420 2049 2472 testimonium
2074 2421 2313 2486 perhibet)

734 2513 797 2563 tle
840 2527 919 2564 me
955 2512 1089 2579 ipso,
1140 2529 1314 2565 verum
1363 2526 1436 2566 est
1482 2514 1833 2565 testimonium
1888 2529 2055 2565 meum
2107 2523 2167 2566 ω.
2204 2512 2317 2565 llnc

735 2604 951 2669 quidem
985 2612 1229 2671 respectu
1266 2604 1604 2658 divinitatis:
1646 2603 1775 2657 illud
1812 2619 1938 2657 vero
1966 2603 2316 2657 humanitatis

738 2704 1009 2761 respectu.
1077 2694 1223 2748 Unus
1266 2695 1459 2763 253i:
1500 2696 1681 2765 itaque
1723 2696 1976 2764 idemque
2026 2706 2108 2749 est
2149 2695 2315 2749 incir-

734 2788 1098 2853 cumscriptus
1141 2795 1195 2839 et
1240 2788 1713 2855 circumscriptus,
1761 2797 2016 2854 tanquam
2064 2788 2199 2840 duas
2228 2801 2319 2854 ge-

737 2874 1049 2931 nerationes
1112 2876 1318 2929 habens
1346 2885 1399 2929 et
1445 2877 1799 2935 substantias,
1840 2892 1980 2928 unus
2025 2884 2223 2928 tamen.
2262 2876 2316 2927 Si

736 2980 867 3019 vero
904 2966 1063 3019 unius
1112 2977 1193 3019 est
1239 2968 1553 3020 substantia:
1606 2970 1899 3020 secundum
1947 2982 2188 3030 caluom,
2218 2967 2318 3018 hoc

737 3064 928 3109 contra
968 3056 1199 3122 Manent,
1252 3072 1412 3109 unam
1468 3059 1608 3112 illius
1645 3058 2042 3111 conﬁtebuntur
2095 3073 2318 3127 genera-

739 3148 960 3214 tionem,
992 3158 1044 3202 et
1075 3152 1275 3203 l‘rustra
1299 3149 1467 3203 Filius
1505 3152 1739 3204 hominis
1780 3151 2084 3205 vocabitur.
2127 3151 2319 3203 llacte-

740 3255 842 3293 nus
873 3242 1047 3307 capite
1079 3243 1252 3309 primo
1288 3244 1385 3295 ista
1419 3244 1753 3310 exsequitur.

2415 1966 2539 2018 ἄλλο
2562 1965 2801 2033 δηλονότι
2833 1968 2925 2017 καὶ
2951 1966 3096 2018 ἄλλο.
3127 1967 3235 2017 Καὶ
3259 1965 3366 2036 γὰρ
3398 1965 3468 2016 τὰ
3500 1964 3618 2030 ἱερὰ
3641 1962 3813 2028 Λόγιά
3836 1977 3997 2031 φησι·

2416 2058 2523 2108 Καὶ
2550 2056 2917 2123 ἀνθρωπός³³
2944 2057 3098 2118 ἐστι,
3148 2056 3248 2109 καὶ
3308 2057 3398 2120 τίς
3442 2054 3732 2123 γνώσεται
3782 2054 3999 2117 αὐτὸν,

2416 2150 2513 2202 καὶ
2553 2149 2665 2213 τὴν·
2689 2151 2903 2216 γενεὰν
2931 2149 3115 2202 αὑτοῦ
3145 2150 3233 2213 τίς
3272 2146 3656 2216 διηγήσεως
3707 2146 3845 2198 ἀλλὰ
3908 2147 4004 2199 καὶ

2416 2240 2578 2291 πάλιν
2606 2238 2723 2308 βοᾷ,
2757 2240 2972 2304 Βίϐλος
2998 2238 3042 2269 ³³
3093 2237 3387 2306 γενέσεως
3461 2236 3671 2302 Ἰησοῦ
3725 2236 3993 2302 Χριστοῦ

2416 2330 2550 2385 υἱοῦ
2580 2329 2778 2383 Δαϐίδ.
2798 2330 2959 2381 Ὥστε
2990 2329 3131 2382 κατὰ
3156 2329 3253 2397 μὲν
3284 2328 3382 2397 τὴν
3416 2328 3649 2396 Θεότητα
3671 2326 3838 2379 αὑτοῦ
3865 2328 3998 2393 ἀγε-

2418 2422 2765 2490 νεαλόγητος,
2797 2422 2935 2473 κατὰ
2968 2420 3023 2472 δὲ
3050 2420 3147 2490 τὴν
3193 2420 3590 2488 ἁνθρωπὸτητα
3642 2416 4005 2485 γενεαλογούο

2422 2531 2601 2582 μενος.
2642 2515 2698 2564 Ὀ
2728 2514 2885 2573 αὐτὸς
2913 2516 3092 2565 παντα
3125 2512 3487 2581 προγινώσκει
3521 2510 3662 2579 (ἐστὶ
3690 2509 3797 2578 γὰρ
3833 2508 4001 2576 φύσει

2418 2606 2570 2671 Θεὸς)
2605 2605 2698 2656 καὶ
2726 2604 2886 2654 πάλιν
2917 2604 3133 2669 ἀγνοεῖν
3157 2601 3255 2671 τὴν
3301 2602 3541 2670 ἐσχάτην
3569 2601 3787 2668 ἡμέραν
3815 2599 3909 2653 διὰ
3946 2599 4009 2651 τὸ

2421 2695 2684 2764 ἡμέτερον
2707 2694 2920 2759 λέγεται
2936 2690 3298 2761 φύραμα.Καί
3322 2707 3334 2720 ·
3355 2691 3501 2742 Οὔτε
3521 2690 3625 2757 ἐμὲ
3645 2688 3848 2741 οἴδατε
3865 2688 4009 2741 οὔτε

2421 2786 2526 2839 τὸν
2550 2786 2781 2852 Πατέρα
2808 2803 2924 2851 μου
2956 2784 3157 2835 οἴδατε
3177 2796 3190 2809 ⁸
3227 2783 3321 2833 καὶ
3340 2782 3522 2843 πάλιν,
3558 2780 3807 2847 δηλονότι
3860 2778 4011 2830 κατὰ

2420 2882 2479 2930 τὸ
2508 2877 2869 2944 ἀνθρώπινον,
2890 2874 3049 2940 Κάμὲ
3079 2872 3276 2925 οἴδατε
3296 2874 3395 2923 καὶ
3430 2872 3618 2925 πόθεν
3640 2872 3753 2937 ειμι
3784 2869 4005 2921 οἴδατε.

2427 2968 2545 3018 Ἔτι
2569 2965 2646 3027 δὲ,
2671 2968 2735 3017 Ei
2752 2963 2865 3030 ἐγὼ
2885 2964 3002 2994 ³⁶·³⁶
3024 2960 3301 3031 μαρτυρῶ
3327 2960 3458 3025 περὶ
3480 2958 3765 3026 ἐμαυτοῦ,
3791 2961 3826 3023 ἡ
3852 2974 4008 3024 μαρ-

2430 3057 2601 3121 τυρία
2620 3072 2735 3121 μου
2773 3056 2883 3105 οὐκ
2906 3053 3079 3105 ἐστιν
3107 3050 3357 3115 ἀληθής·
3397 3049 3529 3119 [797
3564 3047 3657 3117 IL]
3704 3047 3795 3099 καὶ
3843 3048 4010 3097 ἀλλα-

2423 3145 2751 3215 χοῦ,Εἱέγ-ὼ
2768 3143 3047 3213 μαρτυρῶ
3061 3142 3191 3210 περὶ
3215 3142 3497 3207 ἐμαυτοῦ,
3523 3142 3556 3207 ἠ
3574 3142 3871 3208 μαρτυρία
3888 3156 4008 3205 μου

2343 3223 2384 3282 C
2420 3239 2653 3304 ἀληθής
2684 3238 2833 3289 ἐστι·
2856 3237 2913 3288 τὸ
2946 3238 3042 3305 μὲν
3069 3235 3155 3287 διὰ
3186 3234 3314 3305 [417
3356 3233 3445 3302 ιι]
3480 3234 3575 3300 τὴν
3634 3232 3783 3283 θείαν
3820 3230 3862 3259 ³⁷
3898 3230 4005 3281 αὐ-

737 3335 832 3387 τοῦ
862 3335 1041 3402 φύσιν,
1070 3339 1128 3389 τὸ
1154 3337 1209 3388 δὲ
1231 3337 1316 3388 διὰ
1346 3337 1443 3406 τὴν
1503 3338 1915 3406 ἁνθρωπότητα.
1955 3336 2139 3388 Οὕτως
2166 3338 2207 3366 ³³
2248 3332 2341 3387 οὖν
2378 3336 2525 3385 ἐστιν
2564 3336 2591 3384 6
2661 3333 2819 3393 αὐτὸς
2867 3330 3281 3399 ἀπερίγραπτος
3323 3328 3416 3379 καὶ
3489 3326 3888 3396 περίγραπτος,
3937 3322 4012 3381 ὡς

738 3427 833 3482 δύο
855 3429 1095 3495 γενέσεις
1118 3428 1257 3498 ἔχων
1282 3430 1379 3482 καὶ
1422 3429 1514 3482 δύο
1541 3431 1731 3493 οὐσίας
1781 3432 1807 3481 6
1843 3426 1942 3492 εἷς.
1986 3432 2047 3482 Εἰ
2077 3431 2132 3482 δὲ
2185 3431 2313 3499 μιᾶς
2354 3428 2537 3489 οὐσίας
2561 3427 2678 3479 ἐστὶ
2747 3426 2885 3494 μετᾶ
2910 3426 2953 3457 ³9
3024 3425 3122 3493 τὴν
3160 3424 3436 3490 σάρκωσιν
3470 3422 3609 3473 κατὰ
3652 3420 3743 3471 τὸν
3789 3419 4006 3487 Μάνην,

742 3522 872 3590 μίαν
902 3522 1067 3574 αὑτοῦ
1101 3522 1315 3586 πάντως
1342 3526 1738 3595 ὁμολογήσουσι
1775 3529 1868 3578 καὶ
1901 3527 1996 3594 τὴν
2031 3526 2309 3595 γέννησιν,
2386 3526 2481 3577 καὶ
2544 3526 2719 3593 μάτην
2767 3522 2896 3583 Υἱὸς
2967 3520 3257 3590 ἀνθρώπου
3313 3518 3601 3585 κέκληται.
3659 3516 3733 3567 Τὸ
3791 3516 3894 3584 μὲν
3940 3510 4002 3566 οὖ

740 3616 958 3685 πρῶτον
981 3616 1273 3684 κεφάλαιον
1303 3617 1446 3670 οὕτω
1477 3618 1593 3680 πῶς
1612 3618 1864 3686 ἐπῆλθεν.

813 3707 1058 3761 Alterum
1112 3722 1239 3761 vero
1273 3710 1353 3761 sic
1394 3709 1652 3763 disserit:
1705 3710 1762 3761 Si
1804 3708 2047 3761 mortalis
2094 3708 2175 3761 vel
2218 3708 2318 3761 im-

744 3798 988 3852 mortalis
1017 3799 1256 3852 Adamus
1284 3797 1435 3853 initio
1464 3801 1719 3871 conditus
1753 3810 1857 3861 est,
1908 3811 2121 3854 constat
2152 3800 2316 3853 Deum

744 3904 850 3943 non
892 3889 1088 3945 fecisse
1130 3904 1377 3957 mortem,
1426 3906 1600 3959 neque
1630 3893 1906 3944 hominum
1961 3892 2178 3945 interitu
2227 3892 2319 3944 de-

745 3980 969 4034 lectari:
1004 3982 1206 4035 invidia
1241 3982 1501 4036 daamonis
1566 3997 1712 4036 mors
1754 3983 1806 4034 in
1860 3982 2114 4035 mundum
2154 3983 2318 4045 venit,

739 4071 900 4138 jussit
938 4086 1067 4125 vero
1108 4072 1380 4125 hominem
1437 4072 1747 4139 aliquandiu
1797 4087 2016 4125 manere
2077 4072 2323 4124 incorru-

746 4172 919 4228 ptum,
979 4173 1309 4233 praeceptum
1365 4164 1773 4218 custodiendum
1803 4164 1850 4217 ei
1887 4164 2125 4228 tradens,
2179 4164 2320 4232 quod

748 4254 1151 4323 transgrediens
1176 4268 1272 4322 pro
1300 4254 1693 4323 incorruptibili
1730 4253 2101 4321 corruptibilis
2129 4254 2318 4308 evasit.

748 4344 1023 4398 Libertate
1072 4349 1214 4397 enim
1264 4344 1475 4398 arbitrii
1540 4347 1771 4399 donatus
1838 4346 2019 4407 homo,
2087 4346 2325 4413 abripuit

745 4445 938 4505 sponte
970 4438 1111 4505 quod
1162 4438 1401 4491 deterius
1424 4447 1523 4499 est,
1582 4438 1769 4491 relicto
1803 4439 2045 4493 meliore.
2080 4437 2183 4491 Sed
2216 4438 2321 4489 im-

2492 3704 2564 3755 Τὸ
2592 3702 2648 3755 δὲ
2671 3700 2729 3769 ἱβ⁹
2763 3699 2905 3751 οὕτω
2933 3696 3195 3749 διευθετεῖ
3223 3712 3235 3724 ·
3266 3696 3387 3747 Εἴτε
3427 3693 3637 3761 θνητὸς,
3667 3693 3834 3760 φησιν
3853 3729 3871 3755 ,
3902 3693 4012 3743 εἴτε

2422 3796 2687 3854 ἀθάνατος
2721 3789 2965 3857 ἐπλάσθη
2987 3788 3085 3857 τὴν
3123 3787 3295 3856 ἀρχὴν
3332 3787 3361 3837 ὁ
3410 3785 3602 3852 Ἀδὰμ,
3633 3782 3905 3851 πρόδηλον
3934 3783 4015 3834 ὅτι

2423 3890 2449 3939 ὁ
2476 3886 2603 3947 Θεὸς
2636 3884 2864 3935 θάνατον
2890 3881 2989 3931 οὐκ
3018 3880 3272 3946 εποίησεν
3305 3876 3425 3928 οὐδὲ
3475 3875 3740 3942 τέρπεται
3787 3875 3878 3924 ἐπ’
3908 3874 4016 3923 ἀπ-

2424 3980 2589 4046 ωλείᾳ
2615 3976 2854 4038 ζώντων,
2884 3972 3063 4040 φθόνῳ
3113 3971 3169 4023 δὲ
3210 3969 3459 4020 διαϐόλου
3507 3968 3731 4026 Θάνατος
3760 3965 4015 4034 εἰσῆλθεν

2426 4072 2505 4132 εἰς
2533 4070 2621 4122 τὸν
2653 4068 2876 4135 κόσμον.
2924 4062 3060 4115 Ὑπὸ
3098 4061 3152 4113 δέ
3182 4078 3300 4113 τινα
3339 4061 3519 4129 μένειν
3557 4061 3681 4126 ὅρον
3716 4058 3774 4109 ἐν
3801 4058 4014 4123 ἀφθαρ-

2425 4162 2514 4228 σίᾳ
2546 4159 2635 4212 τὸν
2665 4158 2948 4226 ἄνθρωπον
2980 4152 3381 4212 διεκελεύσατο,
3411 4150 3627 4217 ἐντολὴν
3651 4150 3729 4208 εἰς
3762 4147 4016 4214 φυλακὴν

2424 4250 2822 4319 παραθέμενος,
2856 4249 2919 4315 ἣν
2950 4242 3351 4315 παραϐεϐηκὼς
3386 4242 3481 4308 τὴν
3514 4239 3719 4307 φθορὰν
3756 4240 3881 4288 ἀντὶ
3915 4238 4016 4304 τῆς

2423 4342 2731 4409 ἀφθαρσίας
2764 4340 3046 4406 εἰσήγαγε·
3081 4333 3157 4403 τῷ
3193 4333 3291 4401 μὲν
3332 4332 3436 4399 γὰρ
3471 4329 3807 4396 αὐτεξουσίῳ
3843 4345 4013 4396 τιμη-

2426 4436 2537 4496 θεὶς
2573 4435 2600 4485 ὁ
2650 4430 2933 4498 ἄνθρωπος
2976 4428 3146 4478 εἵλετο
3185 4425 3246 4476 τὸ
3290 4424 3470 4491 χεῖρον
3497 4462 3511 4484 ,
3552 4420 3691 4471 ἑκὼν
3734 4419 3929 4485 φυγὼν
3959 4420 4018 4468 τὸ

748 4528 1029 4581 mortalem
1084 4530 1321 4581 animam
1364 4538 1418 4582 et
1469 4529 1860 4597 intelligibilem
1912 4541 2175 4591 creatam,
2204 4540 2315 4595 post

2428 4529 2671 4593 ἄμεινον.
2716 4520 2875 4571 Ἀλλὰ
2907 4518 3000 4569 καί
3041 4516 3210 4583 αὐτὴν
3255 4514 3353 4583 τὴν
3399 4510 3574 4581 ψυχὴν
3614 4510 3883 4561 ἀθάνατον
3926 4510 4018 4560 καὶ

748 4617 954 4685 lapsum
990 4618 1191 4671 scimus
1229 4618 1386 4671 morti
1428 4618 1751 4672 tradidisse:
1802 4618 1962 4685 idque
2001 4635 2105 4670 non
2138 4633 2322 4685 corpo-

751 4707 849 4759 rali
884 4708 1060 4770 modo,
1120 4723 1326 4770 verum,
1359 4711 1499 4776 quod
1532 4719 1613 4763 est
1673 4712 1912 4777 gravius,
1975 4708 2318 4776 intelligibili.

750 4800 1037 4853 Peccatum
1100 4799 1242 4853 enim
1275 4800 1438 4853 animi
1492 4802 1735 4868 quaedam
1791 4814 1937 4852 mors
1986 4810 2091 4863 est,
2155 4799 2317 4853 veluti

751 4904 964 4957 umnam
993 4900 1045 4944 ct
1093 4893 1476 4959 sempiternam
1528 4894 1927 4958 corruptionem
1966 4891 2038 4945 illi
2085 4906 2318 4959 parans:

752 4978 945 5034 Timete
996 4982 1084 5049 qui
1139 4993 1302 5046 potest
1378 4983 1612 5035 animam
1675 4993 1721 5035 et
1769 4998 1955 5049 corpus
2003 4984 2215 5049 perdere
2266 4985 2319 5035 in

747 5072 1036 5139 gehennam
1066 5084 1113 5126 υ.
1173 5074 1417 5143 Simplex
1470 5076 1630 5144 igitur
1684 5074 1828 5127 solus
1858 5084 1941 5127 est
1994 5074 2134 5127 Deus
2163 5084 2322 5141 atque

750 5165 1278 5235 incircumscriptus.
1312 5168 1482 5221 Omne
1517 5168 1823 5235 enituquod
1856 5168 2323 5222 circumscribitur

749 5256 978 5325 simplex
1009 5273 1112 5312 non
1146 5270 1252 5317 est,
1286 5259 1465 5311 omnia
1497 5260 1638 5313 enim
1670 5269 1865 5326 praeter
1893 5260 2061 5312 Deum
2113 5273 2324 5325 compo-

825 5370 1032 5443 8Hebr.
1068 5389 1162 5427 vn.
1194 5375 1245 5428 5.
1309 5374 1338 5412 ιι
1362 5374 1460 5430 lsa.
1488 5392 1604 5439 LIII,
1629 5377 1681 5430 8.
1741 5376 1961 5432 'Matth.
2005 5394 2042 5443 ι,
2070 5378 2121 5429 1.
2184 5376 2386 5430 lMarc.
2421 5390 2538 5437 xm,
2583 5373 2673 5426 32.

756 5440 843 5495 14.
918 5448 947 5478 ³
971 5441 1161 5497 Matth.
1204 5461 1259 5510 Σ,
1281 5445 1372 5499 20.

2428 4614 2627 4682 νοητὴν
2671 4608 3168 4679 δημιουργηθεῖσαν
3202 4607 3264 4656 ὲκ
3313 4604 3675 4672 παραϐάσεως
3717 4600 3880 4667 ῐσμεν
3923 4598 4017 4651 θα·

2428 4706 2570 4773 νάτῳ
2611 4700 3073 4771 παραδεδομένην,
3113 4698 3162 4748 εἰ
3210 4696 3301 4747 καὶ
3348 4694 3420 4762 μὴ
3461 4691 3724 4760 αἰσθητῷ,
3774 4690 3913 4742 ἀλλὰ
3955 4704 4017 4755 γε

2430 4798 2511 4865 (τὸ
2537 4793 2934 4863 χαλεπώτερον)
2958 4788 3153 4863 νοητῷ.
3188 4788 3250 4839 Ἡ
3275 4785 3517 4853 ἁμαρτία
3541 4783 3647 4850 γὰρ
3668 4781 3840 4849 αὐτῆς
3870 4784 4016 4832 ἐστιν

2428 4890 2454 4937 ὀ
2481 4885 2726 4946 θάνατος,
2757 4882 2832 4942 ὡς
2860 4880 3081 4932 κόλασιν
3117 4878 3251 4945 αὐτῇ
3300 4876 3395 4927 καὶ
3428 4873 3645 4941 φθορὰν
3679 4870 4017 4940 προξενοῦσα

2430 4975 2722 5043 ἄφθαρτον
2739 4970 3039 5036 φοϐήθητε
3058 4968 3185 5036 γὰρ,
3202 4965 3333 5033 φησι
3352 4964 3417 5028 ⁸ο,
3437 4962 3541 5014 τὸν
3556 4959 3901 5025 δυνάμενον
3918 4956 4015 5009 καὶ

2430 5070 2544 5133 τὴν
2580 5064 2793 5132 ψυχὴν
2839 5062 2935 5114 καὶ
2968 5059 3033 5111 τὸ
3072 5058 3243 5125 σῶμα
3268 5056 3335 5107 ἐν
3368 5054 3580 5122 γεέννῃ
3616 5049 3918 5105 ἀπολέσαι
3944 5047 4012 5099 δ’.

2445 5159 2673 5219 Ἀπλοῦς
2716 5156 2773 5208 δὲ
2812 5157 2969 5222 μόνος
3016 5151 3161 5204 ἐστὶν
3204 5151 3233 5201 6
3274 5146 3427 5209 Θεὸς,
3472 5145 3883 5213 ἀπερίγραπτος
3915 5138 4007 5191 ὤν’

2432 5256 2539 5307 πᾶν
2569 5253 2676 5321 γὰρ
2704 5250 2763 5301 τὸ
2792 5248 3165 5317 περίγραπτον
3187 5242 3285 5310 οὐχ
3319 5237 3543 5293 ἁπλοῦν.
3578 5237 3657 5290 Τὰ
3690 5235 3745 5287 δὲ
3777 5233 3929 5302 παρὰ
3954 5232 4011 5282 τὸ

2752 5371 2774 5409 ιι
2800 5369 2953 5422 Joan.
2985 5380 3077 5431 vn,
3110 5366 3162 5420 8.
3241 5358 3606 5423 'Joan.v,3l.
3649 5351 3860 5407 InJoan.
3888 5362 4003 5413 vut,

2062 5538 2293 5595 νΑιιιιιΕ
2327 5536 2735 5593 LECTIONES.

822 5632 867 5666 ⁸³
894 5636 925 5687 ό
966 5650 1073 5690 om.
1105 5648 1187 5691 nr.
1212 5636 1275 5691 A.

756 5715 873 5779 _vt_tt,
898 5705 982 5779 14.
1032 5699 1251 5779 "iisiva
1274 5708 1435 5763 αὐτοῦ
1458 5709 1498 5763 Α
1529 5728 1539 5761 ;
1573 5699 1811 5779 ἐμαυτοῦ
1849 5699 1938 5767 ς(
1987 5708 2030 5740 ³³
2065 5699 2217 5767 οὗτός
2253 5724 2310 5767 C-

756 5771 903 5829 λέυι
934 5776 990 5828 ιν
1013 5776 1200 5845 γεέννῃ
1228 5792 1280 5841 ιτ,

1353 5638 1397 5669 ³³
1426 5640 1517 5692 καὶ
1549 5638 1732 5709 ἅνθρ.]
1759 5639 1863 5693 lsa.
1890 5654 1940 5703 ν,
1971 5637 2024 5692 8.
2102 5637 2145 5668 ³⁵
2176 5634 2377 5707 βίϐλος]
2414 5634 2604 5687 Matth.
2640 5652 2678 5697 ι,
2719 5634 2765 5687 ι.
2844 5630 2962 5663 ³⁸⁸³⁸
2995 5630 3041 5681 εἰ
3073 5625 3214 5747 ἑγὼὲ
3235 5624 3391 5677 Joan.
3427 5637 3477 5684 ν,
3507 5620 3595 5675 51.

1353 5708 1435 5747 ηπ.
1464 5709 1493 5747 Α
1530 5728 1539 5738 α
1573 5708 1811 5747 ιηηςη-ηδ
1849 5725 1884 5747 ν-
1987 5708 2030 5740 ις
2065 5699 2217 5747 nam-
2253 5724 2290 5747 ρ-
2392 5705 2434 5735 ι’
2469 5705 2601 5747 μετὰ
2634 5706 2664 5747 .t
2704 5717 2715 5747 :
2749 5698 2963 5747 κφεὰρ.
3044 5700 3086 5731 ³ο
3113 5714 3180 5747 φο
3221 5694 3261 5747 .i
3312 5691 3497 5747 Matth.
3537 5707 3590 5747 ι.

1787 5708 1811 5761 ὖ
1849 5725 1907 5767 νς.
1987 5708 2030 5740 ³³
2065 5705 2217 5767 οὗτος
2253 5724 2310 5767 ς.
2365 5705 2434 5735 “³’
2468 5705 2601 5773 μετὰ
2628 5706 2666 5758 Α
2704 5717 2715 5756 :
2749 5705 2963 5763 κασᾶς.

3674 5618 3718 5648 ³⁸
3751 5611 3827 5682 εης
3849 5609 3996 5682 Jtmn.

3044 5680 3089 5731 δέ
3113 5680 3261 5765 ξροϐ.]
3312 5680 3497 5747 Matth.
3537 5707 3590 5752 ι,
3625 5688 3712 5741 ‘28.
3792 5680 3832 5714 "
3866 5680 3997 5732 ἅτοσ
