4208 6448
242 429 348 493 985

1305 428 1827 493 BIBLIOTHECA.
1849 457 1918 467 --
1937 431 2099 492 COD.
2134 430 2425 491 CCXXIX.

3387 428 3493 497 986

243 540 396 592 Θείον
434 538 611 591 πάντα
660 538 906 592 σύνθετα.
948 538 1071 591 Ὀτι
1111 536 1167 590 δὲ
1194 537 1255 589 τὸ
1299 535 1549 590 σύνθετον
1593 538 1802 591 δύναται

1918 536 2021 592 sita
2042 545 2193 603 sunt,
2212 538 2339 607 quia
2356 533 2713 606 compositum
2735 541 2909 604 potest
2925 531 3293 589 etimmortale
3311 532 3423 591 ﬁeri
3436 547 3489 592 et

245 630 341 682 καὶ
400 629 660 682 ἀθάνατον
715 630 932 697 μεῖναι,
997 626 1332 697 μαρτυροῦσι
1391 627 1489 696 μὲν
1539 628 1605 680 τὰ
1656 628 1818 698 νοερά

242 720 501 787 τάγματα
544 719 638 772 καὶ
677 718 712 785 ἡ
756 718 921 788 ψυχὴ,
974 721 1242 787 μαρτυρεί
1284 718 1342 771 δὲ
1396 718 1595 787 μᾶλλον
1642 720 1733 771 καὶ
1782 722 1816 789 ἡ

242 810 557 876 ἀνάστασις,
589 810 646 862 έν
740 808 995 870 σύνθετος
1029 807 1058 858 ὁ
1090 806 1373 876 ἄνθρωπος
1413 807 1565 860 οὐδὲν
1592 803 1753 878 ἧττον
1781 809 1814 878 ἢ

241 902 544 971 πρότερον.
586 900 942 969 ἀνιστάμενος
987 899 1065 961 είς
1100 898 1431 963 ἀθανασίαν,
1477 899 1612 967 μετὰ
1641 899 1817 968 ψυχῆς

241 993 337 1045 καὶ
371 992 620 1061 σώματος
647 993 956 1045 ἀνίσταται·
980 989 1079 1043 Δεῖ
1102 990 1146 1022 ⁸³
1170 989 1277 1056 γὰρ
1300 990 1365 1042 τὸ
1394 990 1616 1055 θνητὸν
1644 990 1816 1044 τοῦτο

240 1082 611 1136 ἐνδύσασθαι
649 1082 1009 1143 ἀθανασίαν,
1041 1080 1228 1135 καὶτὸ
1251 1079 1510 1147 φθαρτὸν
1534 1081 1707 1134 τοῦτο
1723 1081 1818 1134 έν-

240 1174 542 1227 δύσασθαι
577 1173 939 1241 ἀφθαρσίαν.
959 1172 1067 1224 Καὶ
1088 1171 1187 1223 οὐκ
1208 1170 1273 1222 ἀν
1304 1188 1384 1231 τις
1410 1171 1553 1223 εἴποι
1575 1172 1634 1225 τὸ
1658 1171 1817 1239 σῶμα

241 1267 363 1318 τότε
383 1268 461 1328 είς
500 1268 598 1336 τὴν
634 1267 819 1319 οὐσίαν
852 1265 1172 1334 μεταδαλεῖν
1200 1264 1246 1295 ⁸³
1272 1264 1367 1332 τῆς
1386 1263 1586 1333 ψυχῆς·
1616 1266 1665 1316 εἰ
1710 1265 1817 1334 γὰρ

242 1358 333 1407 καὶ
350 1356 680 1425 λεπτότερον
711 1356 805 1408 καὶ
836 1354 1216 1423 διαυγέστερον
1249 1355 1475 1420 γίνεται,
1499 1355 1613 1413 ἀλλ’
1640 1350 1733 1406 οὖν
1749 1355 1816 1407 τά

241 1446 542 1515 ἰνδάλματα
577 1446 737 1511 σώζει
756 1446 848 1498 τοῦ
870 1444 1138 1514 σώματος,
1168 1446 1264 1497 καὶ
1287 1444 1575 1510 ἄνθρωπός
1594 1446 1732 1507 ὲστι,
1751 1448 1817 1497 τά

236 1532 526 1600 ἀνθρώπου
560 1534 740 1602 φέρων
766 1533 1139 1602 γνωρίσματα.
1165 1533 1514 1601 Μαρτυρεῖδὲ
1539 1536 1648 1595 τοῖς
1669 1534 1817 1602 εἰρη-

237 1622 419 1688 μένοις
456 1623 625 1693 Ἐνὼχ
676 1624 772 1676 καὶ
816 1624 999 1685 Ἠλίας
1056 1626 1148 1675 καὶ
1205 1627 1232 1675 ὀ
1279 1624 1376 1691 τῆς
1422 1623 1647 1692 βροντῆς
1708 1627 1817 1687 uti);

246 1712 518 1783 Ἰωάννης,
549 1714 630 1766 ἔτι
658 1716 937 1785 περιόντες
966 1718 1023 1765 ὲν
1052 1714 1129 1783 τῷ
1164 1714 1395 1782 σώματι·
1435 1715 1524 1765 καὶ
1557 1716 1664 1783 γάρ
1694 1716 1818 1765 τού·

232 1819 356 1864 τους
397 1804 472 1865 ὼς
503 1806 756 1873 ἀπαρχὴν
804 1803 897 1856 τοῦ
943 1803 1063 1855 ὅλου
1099 1805 1416 1873 φυράματος
1450 1804 1607 1871 ἡμῶν
1654 1804 1683 1855 6
1708 1805 1816 1871 Δη-

1918 628 2093 697 angeli
2128 629 2178 683 id
2204 638 2466 683 testantur
2484 626 2750 689 etanima,
2781 624 3152 693 atnpliusvero
3174 625 3494 682 testiﬁcatur

1920 720 1969 772 id
1989 720 2330 779 resurrectio.
2345 734 2446 788 qua
2466 733 2567 772 non
2589 718 2764 772 minus
2784 727 2942 783 atque
2964 717 3136 786 primo
3159 720 3490 785 compositus

1919 811 2078 864 homo
2102 810 2167 863 ad
2194 810 2653 865 immortalitatem
2670 823 2952 877 resurgens
2970 808 3185 864 exsistit
3203 819 3491 877 corporeet

1918 904 2097 958 animo
2128 905 2405 972 praeditus.
2436 901 2648 969 Oportet
2676 902 2809 955 enini
2829 901 3160 967 corruptibile
3189 902 3285 954 hoc
3308 903 3490 954 indue-

1917 1009 1973 1048 re
2000 995 2439 1062 incorruptionem
2464 1009 2483 1047 :
2522 1002 2568 1045 et
2606 991 2822 1045 mortale
2872 989 2966 1043 Ιιοι·
3013 990 3228 1045 induere
3272 992 3489 1044 immor-

1918 1082 2173 1137 talitatem
2204 1098 2245 1134 δ.
2306 1082 2371 1136 Et
2424 1096 2491 1136 ne
2535 1080 2733 1135 dixerit
2783 1080 2998 1147 aliquis,
3047 1094 3243 1148 corpus
3276 1088 3405 1134 tunc
3434 1080 3486 1133 in

1919 1174 2110 1225 anima:
2173 1173 2534 1225 conditionem
2582 1171 2831 1239 migrare.
2871 1167 2925 1223 Si
2979 1170 3122 1223 enim
3181 1172 3394 1225 tenuius
3431 1170 3489 1224 (lt

1920 1275 2083 1333 atque
2133 1265 2437 1332 angustius,
2491 1262 2584 1315 sed
2608 1259 2853 1328 corporis
2902 1260 3135 1328 speciem
3184 1268 3385 1327 servat,
3434 1270 3489 1315 et

1920 1354 2081 1407 homo
2136 1362 2219 1406 est
2276 1352 2509 1406 hominis
2560 1351 2763 1403 habens
2791 1348 3049 1414 insignia.
3120 1346 3376 1402 Testatur
3434 1347 3489 1401 id

1920 1444 2127 1506 Enoch,
2160 1442 2327 1508 Elias,
2387 1450 2439 1495 et
2468 1441 2707 1495 Joannes
2761 1437 2980 1492 tonitrui
3032 1437 3192 1501 ﬁlius,
3224 1438 3397 1491 adhuc
3435 1437 3488 1491 in

1920 1548 2149 1602 corpore
2180 1543 2421 1601 agentes.
2457 1532 2567 1586 llos
2592 1534 2735 1584 enim
2768 1541 2821 1585 et
2852 1530 2999 1583 initia
3032 1530 3194 1583 totius
3225 1529 3489 1583 conditio-

1922 1623 2004 1675 nis
2041 1634 2235 1676 nostra:
2258 1623 2517 1676 Conditor
2548 1622 2847 1690 abripiens,
2869 1619 3119 1674 omnibus
3148 1620 3403 1680 ostendit,
3430 1628 3490 1671 tit

1923 1715 2024 1768 nisi
2055 1716 2223 1768 Adam
2268 1714 2623 1782 peccavisset,
2673 1714 2850 1765 adhuc
2901 1710 3126 1775 viveret,
3191 1709 3293 1763 nisi
3345 1711 3489 1777 quod

1924 1806 2139 1875 longam
2171 1809 2333 1859 vitam
2385 1815 2606 1874 agentes
2630 1812 2847 1871 gustant
2902 1802 3190 1869 aliquando
3236 1809 3487 1862 mortem,

233 1896 496 1963 μιουργὸς
543 1894 722 1946 λαϐὼν
768 1894 937 1958 ἔδειξε
988 1895 1151 1946 πᾶσιν
1190 1895 1265 1956 ὡς
1306 1896 1354 1945 εί
1402 1894 1475 1963 μὴ
1507 1895 1751 1963 ἦμαρτεν
1792 1912 1802 1945 t

1922 1899 2139 1951 etiamsi
2192 1898 2242 1951 in
2278 1906 2553 1950 momento
2580 1894 2745 1951 oeuli.
2786 1893 2916 1947 Vide
2949 1906 3135 1946 eorum
3170 1891 3349 1955 tidem,
3377 1901 3431 1944 et
3458 1906 3489 1944 e

244 1983 435 2053 Ἀδάμ,
468 1983 548 2036 ἐτι
583 1984 648 2037 ἂν
684 1986 873 2054 περιῆν
911 1986 1046 2054 μετά
1089 1984 1183 2035 τοῦ
1222 1985 1492 2052 σώματος.
1540 1984 1681 2053 Πλὴν
1719 1985 1811 2037 καὶ

229 2068 373 2125 οὗτοι
436 2075 786 2144 πολυχρόνιον
853 2075 968 2144 βίον
1027 2075 1279 2135 ἀνύοντες
1336 2074 1619 2142 γεύσονταί
1681 2092 1809 2127 ποτε

230 2167 483 2233 θανάτου,
516 2170 620 2222 κᾶν
654 2172 709 2223 έν
734 2172 865 2241 ῥιπῇ
898 2170 1197 2239 ὀφθαλμοῦ.
1230 2170 1370 2237 Ὅρα
1400 2170 1454 2221 δὲ
1482 2172 1579 2239 τὴν
1606 2171 1671 2223 δι’
1713 2172 1808 2223 αὑ-

226 2256 336 2307 τῶν
368 2259 569 2321 πίςτιν,
612 2261 686 2322 ὠς
722 2262 784 2313 ὲκ
824 2262 929 2314 τῶν
958 2260 1123 2330 τριῶν
1159 2260 1459 2329 προάγεται
1490 2262 1709 2328 γενεῶν,
1744 2263 1808 2314 ὲκ

1921 1988 2094 2042 tribus
2158 1986 2357 2058 255a
2426 1985 2865 2054 generationibus
2931 1983 3286 2044 adducantur,
3364 1995 3489 2037 ante

1921 2082 2090 2151 legem
2116 2081 2278 2133 latam
2323 2080 2421 2131 fuit
2452 2078 2656 2136 Ench.
2696 2089 2811 2145 post
2844 2076 3011 2143 legem
3047 2075 3213 2137 Elius,
3250 2084 3489 2142 tempore

1917 2173 2105 2242 gratia
2135 2174 2297 2226 decus
2329 2170 2732 2240 discipulorum.
2764 2170 2941 2233 Quare
2964 2169 3007 2220 si
3033 2167 3200 2219 Adam
3234 2182 3335 2221 non
3366 2182 3487 2235 prc—

1916 2272 2113 2329 casset,
2150 2279 2269 2316 cum
2306 2265 2385 2316 his
2448 2260 2873 2329 incorruptibilis
2910 2260 3150 2314 vixisset.

228 2355 327 2421 μὲν
352 2356 459 2407 τῶν
482 2356 587 2427 πρὸ
615 2357 778 2427 νόμου
810 2358 1103 2427 ληφθέντος
1138 2357 1232 2409 τοῦ
1277 2356 1468 2427 Ἑνὼχ,
1502 2358 1565 2410 ἑκ
1597 2358 1652 2410 δὲ
1685 2358 1790 2410 τῶν
1824 2360 1961 2429 μετά
1985 2359 2077 2411 τὸν
2100 2359 2259 2430 νόμον
2292 2358 2385 2411 τοῦ
2428 2357 2600 2421 Ἠλία,
2626 2358 2690 2409 ἐκ
2716 2356 2772 2408 δὲ
2797 2354 2901 2407 τῶν
2931 2354 3068 2423 μετὰ
3094 2352 3190 2424 τὴν
3214 2354 3373 2424 χάριν
3392 2351 3484 2406 τοῦ

225 2448 544 2518 ὲπιστηθίου
562 2449 666 2500 τῶν
695 2450 968 2518 μαθητῶν.
994 2452 1199 2504 Οὐκοῦν
1232 2453 1324 2505 καὶ
1348 2452 1375 2502 ὁ
1418 2452 1609 2521 Ἀδάμ,
1646 2455 1693 2505 εί
1722 2452 1818 2522 τὴν
1868 2452 2086 2520 ἐντολὴν
2115 2452 2401 2519 ἐφύλαττε,
2432 2448 2640 2511 τούτοις
2684 2447 2749 2502 ἂν
2779 2446 3114 2509 ἀδιστάκτως
3152 2446 3486 2516 συμπεριῆν.

296 2544 425 2594 Ὀτι
477 2543 533 2595 δὲ
588 2543 863 2610 περίεστιν
914 2547 942 2596 ὁ
998 2544 1262 2614 παρθένος
1329 2544 1578 2612 Ἰωάννης
1613 2586 1626 2608 ,
1674 2545 1808 2612 ὅπερ

224 2634 520 2703 ἑζήτησας,
553 2632 742 2701 ὥσπερ
769 2633 860 2685 τὸν
901 2634 1067 2703 Ἑνὼχ
1101 2634 1226 2705 [418
1254 2634 1343 2704 Η.]
1372 2635 1464 2687 καὶ
1496 2636 1585 2686 τὸν
1629 2634 1808 2687 Ἠλίαν

223 2724 526 2794 παράδοσις
577 2727 863 2793 μαρτυρεῖ,
908 2724 1047 2777 οὕτω
1093 2727 1186 2777 καὶ
1230 2725 1437 2778 τοῦτον.
1492 2726 1601 2777 Καὶ
1648 2726 1707 2776 τὸ
1750 2726 1807 2776 ἐν

220 2818 332 2876 τοῖς
365 2814 720 2881 Εὐαγγελίοις
768 2814 823 2865 δὲ
878 2816 1165 2885 εἰρημένον
1210 2819 1285 2878 είς
1325 2816 1417 2868 τὸν
1455 2816 1617 2869 αὑτὸν
1663 2818 1807 2884 ἡμᾶς

221 2907 347 2958 νοῦν
378 2906 549 2957 ἕλκει.
601 2903 731 2957 Εἷπε
770 2907 867 2974 μὲν
897 2908 1004 2977 γάρ
1033 2909 1062 2960 ὁ
1093 2908 1329 2976 Χριστὸς
1359 2908 1449 2961 τὸν
1475 2909 1678 2977 τρόπον
1710 2909 1802 2959 τοῦ

221 2995 500 3058 θανάτου,
556 2995 614 3047 ὃν
662 2996 884 3062 ἔμελλεν
941 2997 1077 3063 ὑπὲρ
1132 2996 1298 3048 αὑτοῦ
1361 2998 1725 3067 ἀποθνήσκειν
1778 2999 1802 3049 ὀ

1906 2994 2115 3063 gelista.
2166 2994 2320 3047 Patet
2371 2994 2549 3061 itaque

220 3086 451 3156 Πέτρος·
487 3088 517 3138 δ
554 3087 612 3138 δὲ
666 3086 870 3157 Πέτρος
917 3088 1006 3139 τὸν
1048 3091 1243 3141 οἰκεῖον
1299 3088 1526 3141 θάνατον
1567 3088 1806 3149 ἀκούσας

218 3178 385 3239 εὐθὺς
443 3178 695 3246 ἐπερωτᾷ
758 3178 887 3246 περὶ
944 3178 1038 3229 τοῦ
1098 3178 1484 3245 εὐαγγελιστοῦ
1535 3180 1803 3242 Ἰωάννου,

216 3266 378 3332 δῆλον
425 3266 677 3318 κάκείνου
717 3268 815 3318 οὐκ
853 3266 980 3319 ἄλλο
1020 3284 1071 3317 τι
1110 3267 1222 3319 ἀλλ’
1266 3267 1299 3334 ἢ
1338 3269 1429 3319 τὸν
1466 3268 1664 3335 τρόπον
1711 3268 1804 3320 τοῦ

1980 2542 2253 2613 Virginem
2322 2551 2539 2604 autem,
2587 2537 2849 2594 Joannem
2914 2538 2993 2593 sic
3054 2553 3357 2606 superesse,
3429 2547 3487 2592 ut.

1906 2635 2213 2704 postulasti,
2244 2645 2294 2687 et
2332 2634 2511 2688 Enoch
2559 2643 2614 2686 et
2657 2632 2849 2695 Eliam,
2880 2632 3169 2685 traditione
3201 2633 3477 2693 habemus,

1908 2735 1964 2779 et
1997 2725 2138 2792 quod
2172 2725 2223 2778 in
2259 2724 2549 2794 Evangelia
2577 2724 2823 2785 habetur,
2864 2723 2913 2774 in
2957 2723 3099 2775 hunc
3128 2737 3341 2775 sensum
3379 2734 3485 2774 tra-

1908 2817 2071 2869 hitur.
2126 2816 2269 2869 Dixit
2312 2816 2565 2870 ChriStus
2626 2831 2729 2884 qua
2787 2825 2957 2868 morte
3015 2826 3155 2869 esset
3194 2816 3484 2869 moriturus

1906 2901 2125 2969 Petrus,
2158 2914 2212 2958 et
2244 2905 2578 2971 interrogans
2618 2904 2699 2955 his
2730 2904 2927 2956 auditis
2963 2904 3027 2957 de
3061 2902 3264 2956 Joanne
3306 2906 3484 2958 Evan-

2624 2994 2767 3046 liunc
2821 2993 2951 3046 nihil
3009 2993 3149 3045 aliud
3208 3009 3365 3059 quam
3419 2996 3485 3046 de

1906 3095 2075 3138 morte
2135 3085 2275 3139 illius
2313 3089 2589 3153 qumsisse.
2675 3084 2775 3137 llic
2846 3097 3012 3137 autem
3066 3086 3290 3152 quidr?
3345 3084 3485 3141 Nihil

1907 3176 2048 3228 aliud
2074 3179 2139 3231 de
2185 3178 2302 3246 ipso
2325 3194 2390 3232 ex
2444 3177 2723 3231 Salvatore
2777 3177 3001 3241 audivit,
3044 3176 3147 3229 alio
3183 3179 3485 3243 responsio-

1909 3280 2029 3318 nem
2066 3306 2081 3329 ,
2115 3266 2360 3327 detorsit,
2410 3276 2661 3334 tanquam
2706 3266 3009 3334 despiciens
3063 3276 3117 3319 et
3156 3266 3304 3317 nilnli
3366 3280 3481 3317 eam

216 3356 456 3408 θανάτου
488 3356 649 3408 αὑτοῦ
682 3356 873 3425 μαθεῖν
898 3357 1192 3426 ἐπιζητῶν,
1232 3354 1421 3421 Οὗτος
1449 3358 1516 3409 δὲ
1548 3358 1588 3387 ’⁵⁵
1620 3360 1712 3421 τί;
1742 3360 1800 3410 οὐ

1912 3355 2114 3410 faciens
2159 3356 2394 3411 doctoris
2426 3358 2489 3410 de
2519 3332 2641 3425 ipso
2678 3332 3010 3425 prophetiam
3051 3376 3063 3409 :
3107 3368 3161 3410 et
3201 3356 3339 3410 Petri
3395 3356 3469 3409 in-

215 3446 326 3512 γὰρ
358 3445 487 3498 ἄλλο
533 3445 628 3512 μὲν
668 3447 830 3514 ῆκουε
864 3446 1015 3515 παρὰ
1046 3447 1138 3499 τοῦ
1173 3447 1422 3515 Σωτῆρος
1452 3450 1580 3516 περὶ
1615 3448 1801 3509 αὑτοῦ,

213 3539 295 3591 εἰς
340 3536 472 3586 ἄλλο
502 3535 558 3587 δέ
592 3552 643 3586 τι
687 3538 1043 3589 ἀνακόλουθον
1092 3538 1188 3606 τὴν
1234 3537 1501 3607 ἐρώτησιν
1545 3538 1800 3606 μετῆγεν,

216 3623 349 3695 [800
372 3624 467 3696 Π]
492 3625 677 3695 ὥσπερ
703 3629 955 3697 παρορῶν
973 3630 1064 3680 καὶ
1087 3628 1237 3695 παρὰ
1260 3628 1461 3695 φαῦλον
1482 3628 1803 3690 ποιούμενος

212 3715 312 3781 τὴν
347 3714 446 3766 τοῦ
478 3716 797 3767 διδασκάλου
838 3719 965 3784 περὶ
1006 3718 1168 3769 αὑτοῦ
1216 3718 1569 3787 προφητείαν.
1606 3718 1717 3786 Τῆς
1746 3719 1801 3769 δὲ

212 3805 305 3856 τοῦ
340 3806 548 3874 Πέτρου
584 3808 901 3876 ἐρωτήσεως
934 3810 1059 3877 περὶ
1088 3808 1180 3859 τοῦ
1216 3808 1465 3871 θανάτου,
1496 3808 1553 3860 ὃν
1581 3807 1801 3877 ἔμελλεν

211 3897 586 3963 ἀποθνήσκιειν
630 3899 671 3928 ³⁵
716 3902 743 3951 ὁ
784 3899 1055 3969 Ἰωάννης,
1112 3900 1516 3967 ἐπερωτῶντος,
1568 3904 1661 3954 καὶ
1707 3902 1801 3954 τοῦ

211 3988 471 4057 Σωτῆρος
518 3990 761 4051 εἰπόντος
814 3990 956 4043 Ἐὰν
1008 3990 1193 4043 αὑτὸν
1236 3994 1388 4045 θέλω
1438 3992 1643 4060 μένειν
1691 3992 1801 4057 ἕως

208 4078 486 4147 ἔρχομαι,
530 4080 584 4131 τί
625 4080 775 4146 πρὸς
819 4081 928 4143 σέ;
987 4082 1106 4142 Πῶς
1162 4082 1283 4149 οὖχὶ
1334 4083 1431 4151 τὴν
1492 4083 1651 4153 μέχρι
1702 4084 1801 4151 τῆς

209 4170 520 4239 παρουσίας
566 4172 728 4223 αὑτοῦ
763 4173 1025 4241 διαμονὴν
1067 4176 1098 4243 ἡ
1131 4176 1359 4246 ἀλήθεια
1394 4176 1681 4245 προλέγει;
1717 4177 1797 4229 διὸ

208 4259 304 4309 καὶ
335 4259 363 4308 ὁ
394 4259 453 4309 έν
483 4260 657 4327 άγίοις
689 4262 955 4330 Κύριλλος
985 4262 1043 4314 τὸ
1082 4264 1409 4317 Ἀκολούθει
1429 4283 1529 4332 μοι
1555 4268 1681 4335 περὶ
1705 4266 1796 4318 τοῦ

208 4350 449 4402 θανάτου
502 4352 595 4402 τοῦ
656 4353 812 4418 ἁγίου
869 4354 1076 4420 Πέτρου
1134 4353 1385 4421 εἰρῆσθαι
1446 4355 1525 4421 τῷ
1585 4356 1797 4424 Σωτῆρι

205 4438 514 4508 ἐκδέχεται.
558 4441 629 4493 Τὸ
652 4443 729 4506 δὲ,
770 4443 853 4495 ὅτι
894 4443 1188 4512 Ἐξῆλθεν
1220 4446 1251 4496 ό
1283 4445 1463 4511 λόγος
1499 4440 1675 4509 οὗτος
1712 4449 1795 4511 εις

206 4530 355 4593 τοὺς
390 4532 684 4598 μαθητὰς,
732 4533 821 4585 ὅτι
862 4537 894 4587 ό
922 4534 1195 4603 μαθητὴς
1234 4534 1463 4599 ἐκεῖνος
1500 4538 1611 4588 οὐκ
1653 4536 1797 4589 ἀπο-

205 4618 466 4684 θνήσκει
496 4622 589 4672 καὶ
615 4621 683 4674 τὰ
718 4622 844 4691 ἑξῆς
884 4624 943 4675 οὐ
978 4625 1138 4691 μόνον
1177 4624 1329 4677 οὐδὲν
1362 4624 1613 4692 μάχεται,
1659 4625 1795 4677 ἀλλά

1915 3449 2273 3516 terrogationc
2337 3451 2401 3501 dc
2459 3461 2629 3502 morte
2698 3450 3084 3515 interrogantis
3143 3465 3208 3501 an
3250 3448 3484 3503 Joannes

1909 3552 2053 3591 esset
2086 3541 2405 3592 moriturus:
2462 3548 2513 3593 et
2565 3540 2921 3608 respoiideute
2969 3541 3227 3592 Domino:
3264 3538 3321 3593 Si
3367 3556 3483 3591 eum

1915 3629 2023 3680 volo
2051 3645 2257 3682 manere
2285 3630 2447 3683 donec
2477 3631 2675 3683 veniam
2724 3631 2850 3697 quid
2895 3633 2962 3682 ad
2995 3640 3039 3682 te
3066 3630 3137 3679 <1?
3209 3630 3484 3693 Quomodo

1913 3734 2016 3772 non
2057 3722 2202 3772 ιΙΙιιιιι
2260 3736 2572 3774 mansurum
2626 3722 2676 3773 in
2717 3722 2856 3773 hunc
2894 3736 3066 3788 usque
3107 3720 3245 3773 diem
3287 3720 3483 3773 veritas

1910 3812 2170 3880 prardicit.
2207 3811 2567 3877 Quamobrem
2606 3811 2793 3865 beatus
2819 3810 3054 3880 Cyrillus
3087 3810 3211 3864 illud
3243 3826 3255 3860 :
3292 3807 3484 3877 Seque-

1911 3918 1963 3955 re
2002 3918 2102 3962 me,
2172 3902 2237 3955 de
2272 3912 2441 3955 morte
2470 3900 2612 3954 Petri
2672 3902 2871 3955 dixisse
2931 3900 3207 3955 Christum
3258 3902 3477 3968 accipit.

1911 3991 2037 4046 illud
2070 4002 2284 4045 autem:
2351 3991 2521 4045 Exivit
2573 4008 2740 4043 sermo
2806 3992 2893 4044 itle
2933 3994 3067 4043 inter
3123 3992 3311 4057 fratres
3359 3997 3482 4057 quia

1908 4084 2196 4151 discipulus
2223 4085 2329 4150 ipse
2383 4100 2484 4135 non
2526 4085 2750 4134 moritur
2792 4094 2833 4145 τ,
2872 4094 2922 4135 ct
2967 4099 3084 4150 qua:
3146 4092 3479 4151 sequuntur;

1909 4188 2013 4227 non
2043 4174 2200 4227 modo
2228 4172 2358 4225 nihil
2386 4184 2605 4241 pugnat,
2655 4174 2748 4226 scd
2776 4182 2830 4226 et
2864 4182 3129 4227 consonat
3153 4189 3166 4224 :
3202 4187 3306 4225 non
3335 4172 3477 4225 enim

1907 4265 2027 4333 quis
2063 4263 2422 4317 immortalem
2482 4264 2700 4327 dixerit,
2741 4264 2834 4316 sed
2868 4278 3090 4316 manere
3136 4278 3256 4317 cum
3294 4264 3474 4317 Eiwch

1906 4366 1959 4408 ct
2014 4354 2151 4421 Elia,
2194 4370 2373 4422 usque
2445 4356 2508 4406 ad
2558 4356 2852 4406 secundum
2913 4354 3117 4407 Domini
3168 4355 3477 4415 adventum,

1904 4444 2045 4513 quod
2083 4454 2137 4498 et
2181 4444 2475 4513 discipulus
2522 4445 2619 4497 istc
2655 4444 2935 4497 conﬁrmat
2979 4444 3089 4495 :I'It
3135 4460 3235 4496 nou
3260 4446 3394 4497 dixit
3427 4462 3474 4497 et

1902 4534 2077 4599 Jesus,
2103 4533 2227 4589 Non
2274 4538 2520 4598 moritur,
2561 4536 2671 4599 sed,
2696 4535 2741 4589 si
2778 4551 2895 4587 eum
2926 4536 3036 4587 volo
3081 4551 3288 4587 munere
3318 4538 3479 4587 donec

1905 4628 2124 4693 veniam,
2147 4625 2270 4696 quid
2300 4626 2368 4679 ad
2402 4636 2448 4680 te
2484 4637 2504 4663 ⁸
2539 4627 2559 4677 ?
2611 4635 2666 4681 et
2698 4624 3076 4694 apparetquod
3117 4626 3475 4679 immortalem

204 4710 302 4761 καὶ
362 4712 599 4779 συνᾴδει.
656 4714 728 4765 Οὐ
779 4715 886 4781 γάρ
935 4732 1016 4776 τις
1070 4716 1233 4767 αὑτὸν
1281 4715 1546 4769 ἀθάνατον
1583 4718 1625 4746 ⁸⁸
1656 4714 1794 4769 εἷναί

1906 4732 2021 4773 esse
2050 4720 2284 4788 negavit,
2320 4717 2535 4772 Manere
2559 4733 2674 4771 vero
2700 4718 2860 4770 donec
2888 4718 3078 4778 veniat,
3111 4716 3468 4769 conﬁrmavit.

208 4817 399 4870 φησιν,
442 4802 581 4854 ἀλλά
616 4802 893 4872 διαμένειν
928 4808 1063 4873 μετά
1092 4806 1265 4876 Ἑνὼχ
1309 4808 1401 4860 καὶ
1434 4808 1589 4859 Ἠλία
1633 4808 1793 4878 μέχρι

202 4894 301 4962 τῆς
364 4892 628 4962 δευτέρας
689 4896 782 4947 τοῦ
846 4899 1115 4949 Δεσπὸτου
1175 4899 1494 4968 παρουσίας·
1552 4899 1579 4949 ὃ
1632 4902 1725 4952 καὶ
1771 4903 1798 4953 ὁ

207 4982 469 5053 μαθητὴς
499 4985 654 5047 αὐτὸς
683 4986 918 5055 βεϐαιῶν
945 5006 1125 5058 φησιν,
1156 4991 1239 5043 ὅτι
1258 4992 1377 5043 Οὐκ
1405 4986 1534 5042 εἶπε
1558 4990 1625 5043 δὲ
1641 4990 1798 5055 αὐτῷ

202 5075 234 5124 ό
278 5074 517 5140 Ἰησοῦς
563 5075 651 5127 ὅτι
692 5080 803 5131 οὐκ
844 5079 1236 5145 ἀποθνήσκει,
1280 5080 1417 5134 ἀλλ’
1463 5081 1571 5133 ἐὰν
1611 5080 1798 5134 αὑτὸν

203 5162 356 5215 θέλω
386 5166 600 5231 μένειν
630 5164 739 5231 ἕως
764 5168 1031 5235 ἔρχομαι,
1072 5169 1130 5221 τί
1161 5173 1309 5236 πρὸς
1341 5169 1447 5231 σέ;
1477 5170 1586 5222 Καὶ
1627 5187 1792 5236 φανε-

204 5250 296 5317 ρὸν
320 5251 406 5304 ὅτι
434 5252 498 5305 τὸ
530 5253 629 5321 μὲν
661 5255 928 5309 ἀθάνατον
954 5254 1092 5311 εἶναι
1116 5259 1401 5327 ἀνέτρεψε,
1436 5259 1491 5311 τὸ
1525 5260 1580 5311 δὲ
1613 5260 1793 5329 μένειν

204 5338 310 5405 ἕως
356 5343 463 5410 τῆς
510 5348 810 5415 παρουσίας
854 5348 1199 5404 ὲδεϐαίωσεν.
1244 5352 1306 5403 Et
1346 5350 1400 5403 δὲ
1439 5352 1466 5404 ὁ
1512 5352 1799 5423 Παμφίλου

207 5432 490 5501 Εὐσέϐιος,
536 5435 635 5507 τὴν
675 5438 1195 5507 ἐκκλησιαστικὴν
1232 5441 1457 5509 γράφων
1500 5441 1793 5508 Ἱστορίαν

1906 4810 1963 4865 Si
1999 4825 2126 4863 vero
2153 4810 2413 4863 Eusebius
2445 4807 2830 4861 Ecclesiastica:
2875 4808 3105 4875 scriptor
3133 4807 3391 4867 Itistoriw,
3423 4818 3475 4857 ιιι

1907 4909 2145 4969 tempora
2179 4902 2370 4970 quibus
2401 4901 2533 4954 vixit
2579 4899 2900 4960 numeravit,
2950 4898 3011 4950 ad
3058 4914 3224 4965 usque
3258 4898 3474 4964 Trajani

1908 5001 2146 5060 tempora
2195 4993 2462 5060 pervenit,
2515 4990 2646 5043 nihil
2703 4989 2972 5059 prohibet,
3032 4989 3245 5040 etiamsi
3300 4989 3467 5043 dicat.

1909 5080 2019 5136 lloc
2054 5084 2422 5152 unusquisque
2454 5092 2627 5136 mente
2658 5083 2939 5149 percipiat,
2975 5089 3228 5147 tanquam
3264 5088 3469 5147 tempo-

1905 5189 1987 5236 ra,
2016 5176 2196 5230 Enoch
2219 5179 2484 5241 ostendat,
2516 5185 2568 5229 et
2588 5186 2717 5244 quot
2746 5188 2914 5229 annos
2944 5173 3139 5227 vixerit
3163 5189 3329 5228 sacra:
3362 5172 3470 5227 Lit-

1907 5274 2034 5320 tera:
2062 5267 2205 5322 clare
2238 5269 2543 5323 ostendunt.
2582 5266 2687 5321 Sed
2726 5282 2827 5320 non
2884 5274 3165 5334 propterea
3191 5267 3315 5334 quis
3373 5265 3463 5330 ju-

1908 5365 2023 5411 stus
2060 5359 2465 5413 translationem
2497 5374 2619 5413 cum
2649 5372 2872 5424 corpore
2904 5357 3247 5410 inliciabitur.
3273 5355 3467 5426 2541)

1903 5444 2038 5503 Huic
2084 5449 2365 5505 sententiae
2406 5448 2757 5505 consentiunt
2814 5445 3052 5500 actiones
3090 5444 3271 5499 dilecti
3301 5443 3465 5497 Joan-

270 5555 293 5579 ο
330 5541 506 5597 lCor.
541 5559 629 5610 xv,
652 5545 740 5600 55.
819 5554 845 5594 P
872 5546 1025 5601 Joan.
1057 5563 1167 5611 xxi,
1190 5548 1279 5601 21.
1355 5559 1381 5597 σι
1414 5548 1541 5603 ibid.
1576 5550 1665 5604 22.
1746 5562 1766 5590 ι

1906 5556 1933 5609 l.
1973 5556 2063 5613 23.
2143 5566 2164 5593 ⁸
2192 5559 2319 5613 ibid.

1522 5635 1749 5694 VARhE
1783 5639 2180 5700 LECTIONES.

272 5720 321 5752 "
354 5721 460 5794 δεῖ]
500 5721 660 5779 lCor.
690 5742 777 5792 xv,
821 5728 909 5783 55.

367 5728 460 5808 ξεί]
500 5728 660 5779 lCor.
690 5742 777 5792 xv,
821 5728 909 5783 55.
1014 5728 1059 5759 ³³
1096 5728 1451 5808 μεταϐάλλειν
1476 5751 1534 5797 ς’.

206 5794 291 5847 ὺθ.
320 5793 488 5847 αὑτὸν
517 5812 575 5860 ς.
1098 5793 1107 5799 ’
1144 5793 1155 5811 '

1642 5728 2058 5809 “obmglloan.
2106 5755 2214 5803 xxI,
2250 5738 2334 5793 2L

2420 5738 2459 5768 ’⁵
2483 5734 2703 5805 ἔμελλεν
2739 5734 2983 5804 Ἰωάννης
3011 5733 3370 5804 ἀπιθνήσκειν
3400 5751 3460 5798 ς.
