4208 6448
719 417 825 480 987
1916 416 2180 477 PHOTII
2223 416 2322 476 PA‘

2429 412 2733 474 IARCHE
2773 413 2883 475 (ΖΡ.
3908 410 4022 474 988

726 526 830 589 nis,
867 530 922 578 et
984 522 1112 586 vita,
1160 535 1297 589 quas
1342 521 1498 589 pauci
1550 533 1793 579 narrant.
1840 524 1976 579 Cum
2020 526 2079 580 in
2124 523 2307 593 aliquo

2429 523 2511 576 καὶ
2540 524 2667 585 τοὺς
2710 523 2941 592 χρόνους
2982 519 3171 584 αὑτοῦ,
3214 520 3337 575 καθ’
3372 522 3464 585 οὓς
3517 521 3743 576 ὲδίωσεν
3774 522 3842 584 ⁸⁷,
3887 522 4017 591 ἁρι-

727 614 867 679 loco,
906 621 959 667 et
982 613 1160 675 aiunt,
1189 612 1332 666 illius
1367 613 1569 667 monitu
1605 616 1813 683 positus
1844 628 2011 680 esset,
2044 618 2307 685 quaesitus

2429 617 2657 686 ὶμητοὺς
2696 616 2870 679 ἔθετο,
2913 615 3009 669 καὶ
3037 616 3114 679 ὠς
3151 616 3312 685 μέχρι
3347 615 3453 668 τῶν
3488 614 3762 684 Τραῖανού
3799 614 4019 682 χρόνων

730 722 850 760 mox
912 705 1161 758 inventus
1206 720 1311 758 non
1360 712 1462 768 est,
1505 707 1599 761 sed
1655 706 1963 761 diil'undens
2012 708 2310 761 sanctimo-

2429 708 2726 777 Ξιήρκεσεν,
2749 708 2903 760 οὐδὲν
2931 706 3258 775 μαχόμενον,
3286 706 3386 758 κᾶν
3417 707 3569 775 δοκῇ,
3597 705 3766 773 λέγει.
3805 704 4020 756 Ἐκεῖνο

727 792 870 844 uiam
908 806 935 843 a
987 791 1125 856 loco,
1177 806 1286 861 quo
1341 790 1492 847 brevi
1542 803 1783 862 tempore
1825 796 2226 862 continebatur,
2279 811 2309 851 a

725 895 833 947 quo
870 889 1121 949 tanquam
1170 883 1477 940 sanctitatis
1512 882 1661 940 fonte
1726 902 1941 939 sacrum
1974 898 2306 956 unguentum

728 969 1026 1025 hausimus.
1075 969 1208 1025 Illud
1264 988 1393 1027 vero
1444 985 1588 1044 patet
1660 986 1983 1045 praesentem
2053 978 2309 1045 qumstin—

728 1074 872 1124 nem,
906 1062 1154 1130 quamvis
1183 1078 1211 1116 a
1246 1065 1476 1121 veritate
1501 1068 1783 1133 abhorret,
1813 1084 1918 1122 non
1973 1068 2173 1123 afferre
2206 1069 2316 1122 aui-

731 1166 833 1205 ma:
859 1152 1156 1221 periculum
1185 1173 1199 1208 :
1247 1154 1368 1209 lidei
1411 1158 1556 1211 enim
1617 1157 1992 1228 iuvestigatio,'
2019 1159 2306 1214 veritatem

731 1242 1063 1307 transiliens,
1092 1258 1345 1312 magnum
1378 1247 1575 1302 animae
1602 1248 1944 1318 naufragium
1977 1260 2166 1315 creat;
2198 1251 2321 1305 ideo

736 1347 949 1402 quoque
972 1334 1054 1387 vel
1085 1334 1266 1389 brevis
1296 1336 1522 1405 syllaba,
1564 1355 1682 1407 qua:
1709 1341 1773 1392 ad
1806 1341 2089 1395 veritatem
2127 1341 2316 1396 confe-

734 1431 841 1488 rat,
869 1421 1205 1478 defendenda
1267 1434 1388 1491 est;
1432 1429 1660 1495 quarstio
1744 1443 1873 1483 vero
1919 1431 2319 1499 problematum

733 1523 923 1569 contra
960 1516 1242 1584 pietatem,
1278 1515 1560 1586 pulchrum
1586 1520 1841 1588 quiddam
1866 1530 1970 1587 est,
2002 1523 2047 1575 si
2078 1523 2144 1577 ad
2178 1524 2321 1578 veri-

2417 801 2526 870 γὰρ
2582 801 2810 861 ἕκαστος
2863 799 3005 851 κατὰ
3065 798 3190 849 νοῦν
3250 797 3605 865 λαμϐανέτω,
3668 797 3745 857 ὡς
3809 796 3859 846 οἱ
3920 793 4018 845 τοῦ

2429 890 2599 958 Ἐνὼχ
2630 890 2918 959 κατάδηλοι
2959 890 3174 958 χρόνοι,
3208 891 3304 942 καὶ
3348 891 3447 941 ὅσα
3491 888 3585 955 έτη
3627 890 3684 939 ἐν
3712 888 3789 956 τῷ
3824 889 4020 956 κόσμῳ

2418 985 2571 1045 ἐϐίω,
2607 983 2794 1051 σαφῶς
2817 1000 2830 1014 ⁸
2858 984 2889 1053 ὴ
2921 982 3041 1035 θεία
3074 980 3264 1051 Γραφὴ
3301 981 3665 1051 παραδίδωσιν
3688 996 3702 1010 ·
3733 980 3851 1032 ἀλλ’
3882 980 3945 1030 οὐ
3977 979 4019 1008 δ’

2414 1073 2503 1126 διὰ
2556 1072 2721 1125 τοῦτο
2779 1072 2875 1143 τὴν
2933 1070 3071 1141 μετά
3128 1068 3383 1140 σώματος
3433 1069 3729 1140 άρνήσεταξ
3778 1086 3865 1130 τις
3923 1068 4018 1119 τοῦ

2415 1166 2630 1220 δικαίου
2669 1164 2978 1234 μετάθεσιν.
3025 1164 3211 1234 Ταύτῃ
3242 1166 3308 1234 τῇ
3351 1163 3479 1235 δόξῃ
3513 1162 3797 1232 συνᾴδουσι
3835 1161 3929 1212 και⁵
3960 1162 4018 1211 αί

2420 1256 2648 1325 πράξεις
2669 1255 2764 1307 τοῦ
2796 1254 3157 1325 ἠγαπημένον
3202 1254 3452 1307 Ἰωάννου
3484 1254 3578 1304 καὶ
3604 1254 3631 1303 ὁ
3663 1252 3799 1320 βίος,
3829 1251 3895 1313 ἃς
3919 1251 4020 1302 ούκ

2418 1350 2589 1415 ὀλίγοι
2618 1348 2973 1417 προφέρουσι.
3016 1345 3355 1407 Κατατεθεὶς
3392 1346 3519 1415 γάρ,
3564 1344 3716 1411 φασὶ,
3746 1343 3890 1395 κατά
3922 1343 4021 1411 τὴν

2416 1437 2582 1492 αὑτοῦ
2642 1437 2879 1491 ἐκείνουΧ
2908 1438 3223 1508 προτροπὴν
3267 1436 3325 1488 ἓν
3376 1452 3482 1487 τινι
3528 1435 3696 1504 τόπῳ,
3754 1433 4022 1502 ζητηθεὶς

2418 1530 2679 1601 αἰφνίδιον
2729 1532 2828 1600 ούχ
2892 1530 3204 1600 εὑρίσκετο,
3246 1529 3384 1581 ἀλλά
3439 1527 3603 1596 μόνον
3655 1526 3714 1579 τὸ
3768 1527 4021 1594 άγίασμα

736 1611 861 1664 tatis
898 1610 1059 1663 tinem
1112 1611 1417 1680 perveniat,
1466 1614 1510 1667 si
1552 1630 1683 1669 vero
1714 1617 1780 1669 ab
1822 1631 1885 1670 ea
1937 1620 2174 1684 aberret,
2213 1634 2318 1672 non

2429 1621 2585 1690 Bptiov
2621 1618 2680 1682 ἐξ
2707 1619 2871 1672 αὑτοῦ
2902 1618 2998 1672 τοῦ
3032 1619 3199 1671 τόπου
3235 1620 3291 1670 ὲν
3313 1611 3357 1685 ᾧ
3383 1618 3521 1687 πρὸς
3545 1617 3807 1687 βραχεῖαν
3846 1616 4019 1683 ῥοπὴν

738 1699 1023 1766 pulchrum
1072 1703 1314 1771 quidem,
1368 1715 1543 1758 tamen
1603 1706 1899 1775 perniciem
1960 1710 2155 1763 animm
2215 1726 2319 1763 non

2429 1710 2599 1777 ἐτέθη·
2653 1710 2745 1778 ἀφ’
2797 1704 2858 1763 οὗ
2913 1711 3135 1773 πάντες,
3184 1709 3260 1772 ὡς
3318 1710 3501 1777 πηγὴν
3528 1710 3572 1741 δ’
3604 1707 3905 1775 ἀγιασμοῦ,
3961 1706 4021 1757 τδ

737 1790 910 1845 aﬂ‘ert.
963 1792 1057 1847 Sic
1101 1795 1334 1849 secunda
1405 1807 1458 1849 et
1499 1799 1653 1850 tertia
1707 1798 2024 1869 proﬂigatur
2069 1803 2315 1870 quaestio.

2429 1802 2584 1871 ἅγιον
2610 1803 2787 1856 ἐκεῖνο
2816 1801 2987 1871 μύρον
3008 1799 3310 1871 ἀρυόμεθα.
3346 1798 3553 1852 Ἑκεῖνο
3579 1798 3634 1850 δὲ
3654 1799 3835 1867 δῆλον,
3861 1797 3937 1859 ὡς
3963 1798 4021 1847 τὸ

737 1883 911 1955 παρὸν
955 1884 1192 1956 ζήτημα,
1254 1889 1358 1941 κᾶν
1407 1890 1507 1958 τῆς
1558 1891 1813 1961 ἀληθείας
1863 1897 2216 1967 παρασραλῇ,
2258 1898 2317 1949 οὐ
2360 1897 2513 1968 φέρει
2567 1898 2744 1967 ψυχῆς
2804 1896 3072 1957 κίνδυνον.
3107 1896 3172 1947 Ἦ
3227 1896 3325 1963 μὲν
3376 1895 3484 1966 γάρ
3567 1896 3696 1963 περὶ
3782 1893 4019 1953 πίστεως

738 1976 931 2045 ἔρευνα
957 1979 1055 2047 τῆς
1080 1979 1338 2050 ἀληθείας
1398 1987 1817 2052 παρατραπείσα
1876 1988 2134 2055 ναυάγιον
2161 1990 2301 2058 μέγα
2325 1994 2389 2060 τῇ
2429 1991 2573 2060 ψυχῇ
2623 1989 2895 2057 προξενεῖ,
2944 1989 3023 2041 διδ
3064 1989 3128 2057 δὴ
3174 1988 3267 2041 καὶ
3310 1986 3567 2056 βραχείας
3605 1986 3701 2054 τῆς
3732 1986 3812 2047 εἰς
3850 1986 4021 2052 αὐτὴν

737 2073 995 2143 τελούσης
1023 2074 1341 2144 ἀντέχεσθαι
1369 2074 1448 2127 δεῖ
1479 2078 1767 2148 συλλαὸἦς·
1799 2081 1831 2149 ή
1869 2080 1923 2131 δὲ
1954 2080 2182 2150 ζήτησις
2220 2082 2326 2133 τῶν
2368 2084 2520 2153 παρά
2546 2082 2643 2152 τὴν
2670 2082 2953 2135 εὐσέϐειαν
2983 2080 3384 2152 προῦλημάτων
3416 2079 3580 2132 καλὸν
3613 2078 3710 2148 μὲν
3773 2081 3818 2130 εἰ

2227 2175 2282 2225 δέ
2319 2193 2380 2241 γε
2420 2174 2618 2245 ταύτης
2644 2175 2957 2245 ἀστοχήσει,
2992 2174 3052 2226 ού
3085 2172 3246 2225 καλὸν
3272 2172 3392 2243 μὲν,
3429 2173 3578 2242 ὅμως
3598 2171 3818 2242 ὀλεθρον
3840 2173 4020 2241 ψυχῆς

741 2168 867 2239 ["9
904 2166 995 2238 H.]
1024 2168 1084 2220 τὸ
1126 2168 1225 2235 τῆς
1262 2168 1517 2237 ἀληθείας
1548 2172 1848 2238 καταλήγει
1882 2173 2055 2234 τέλος·
2111 2176 2159 2225 εἰ

3888 2080 4020 2147 πρὶς

737 2264 799 2315 ού
844 2266 1017 2334 φέρει.
1068 2263 1227 2316 Ἀλλά
1264 2264 1325 2317 τὸ
1373 2264 1472 2334 μὲν
1513 2265 1767 2336 δεύτερον
1813 2270 1906 2321 καὶ
1952 2270 2135 2339 τρίτον
2179 2271 2322 2324 οὕτω
2360 2272 2639 2325 διελύσατο
2674 2272 2915 2341 ζήτημα.

813 2353 1137 2407 Immortalis
1210 2370 1337 2409 vero
1400 2367 1615 2412 creatus
1669 2360 1839 2413 Adam
1881 2400 1895 2423 ,
1961 2362 2086 2429 quid
2141 2362 2320 2423 utile.

742 2447 1025 2515 ignoravit,
1081 2447 1537 2515 quemadmodum
1592 2460 1646 2503 et
1701 2460 1827 2505 ante
1874 2452 2046 2520 ipsum
2080 2454 2324 2507 diabolus

739 2552 862 2592 cum
898 2539 1140 2593 asseclis.
1176 2539 1308 2593 lllud
1343 2555 1468 2594 vero
1504 2560 1516 2595 :
1547 2541 1679 2596 Ecce
1698 2543 1869 2597 Adam
1902 2555 2151 2615 tanquam
2188 2564 2323 2599 unus

740 2646 768 2684 ε
822 2630 967 2683 nobis
1035 2632 1205 2694 [actus
1230 2641 1305 2684 est
1341 2636 1385 2697 ί,
1437 2634 1534 2688 etsi
1587 2636 1911 2703 quibusdam
1951 2651 2046 2705 per
2094 2638 2322 2692 ironiam

741 2720 943 2775 dictum
977 2722 1203 2785 videtur,
1228 2737 1413 2776 vermn
1442 2738 1547 2777 non
1579 2725 1651 2778 ita
1687 2734 1769 2779 est
1794 2743 1806 2778 :
1836 2741 1939 2779 non
1963 2727 2105 2794 quod
2140 2741 2321 2780 revera

746 2814 922 2867 factus
975 2815 1045 2867 sit
1104 2815 1264 2876 Deus,
1307 2814 1409 2867 hoc
1450 2816 1593 2867 enim
1652 2815 1764 2869 ﬁeri
1818 2832 1923 2869 non
1979 2828 2175 2885 potest,
2219 2818 2327 2872 bla-

740 2907 1133 2974 sphemumque
1162 2915 1266 2957 est.
1329 2905 1463 2970 Quid
1501 2906 1663 2973 igitur
1695 2907 1796 2961 sibi
1818 2908 1954 2959 vult:
1989 2908 2127 2961 Ecce
2152 2908 2322 2960 Adam

740 3012 988 3067 tanquam
1025 3014 1159 3050 unus
1190 3014 1222 3049 α
1261 3000 1407 3050 nobis
1455 2999 1627 3062 factus
1665 3008 1743 3051 est
1770 2999 1794 3051 ?
1823 2998 1960 3053 Ecce
2019 3015 2181 3063 nunc,
2227 3001 2323 3062 ait,

739 3105 960 3144 sensum
995 3090 1221 3157 accepit,
1264 3089 1440 3157 quoad
1469 3088 1750 3157 imaginari
1784 3105 1845 3143 se
1879 3090 2042 3143 Deum
2071 3104 2212 3143 esse.
2244 3091 2322 3143 Ad

740 3181 886 3233 illius
910 3182 1234 3234 sententiam
1267 3180 1377 3232 haec
1406 3179 1824 3246 loquiturDens,
1846 3189 2177 3248 accusatque
2209 3196 2322 3233 ma-

740 3270 928 3323 litiam.
990 3270 1333 3337 Exprobrarc
1387 3284 1511 3321 vero
1562 3271 1728 3323 Deum
1783 3269 1850 3323 ad
1907 3271 2323 3326 instructionem

741 3373 979 3415 nostram
1045 3376 1420 3428 smpenumero
1476 3361 1527 3413 iu
1589 3362 1871 3429 Scriptura
1930 3363 2318 3432 comperimus.

815 3540 878 3593 Et
928 3541 1042 3594 lure
1107 3540 1325 3607 quidem
1360 3541 1593 3593 secunda
1655 3541 1814 3595 ratio.
1873 3540 2060 3596 Potest
2119 3552 2321 3598 autem.

741 3631 907 3685 illud:
950 3630 1079 3684 Ecce
1106 3632 1272 3682 Adam
1316 3640 1568 3697 tanquam
1616 3649 1750 3685 unus
1776 3650 1806 3685 a
1841 3634 1985 3687 nobis
2017 3634 2188 3702 factus
2227 3648 2324 3700 est,

741 3723 945 3775 ironiea
1013 3721 1179 3780 ﬁgura
1229 3719 1484 3788 proferri,
1540 3730 1594 3775 et
1655 3737 1683 3775 a
1746 3721 1943 3788 probro
2016 3738 2325 3779 sermonem

744 3814 1035 3877 abstinere,
1093 3823 1146 3865 ct
1212 3812 1575 3867 miserabilem
1627 3828 1938 3867 sermonem
1993 3814 2044 3869 in
2110 3816 2326 3870 miseris

739 3905 1050 3960 ostendere.
1084 3905 1260 3972 Eligat
1286 3904 1517 3971 quisque
1543 3904 1684 3973 quod
1723 3905 1824 3959 sibi
1854 3906 2083 3975 placeat.

813 3998 995 4051 Tertia
1054 4012 1181 4050 vero
1239 3996 1489 4050 oratione
1541 3998 1607 4049 ad
1655 3998 1919 4051 Domuum
1961 4007 2016 4052 ct
2062 3999 2324 4054 Joannem

742 4093 1022 4153 scribens,
1067 4089 1362 4143 monachos
1424 4089 1474 4140 in
1524 4090 1711 4143 Cicilia
1760 4091 2033 4155 secunda,
2088 4093 2201 4147 hzec
2260 4094 2326 4147 de

742 4181 1169 4234 (Lhalt-etlonemi
1209 4179 1374 4232 rtfert
1420 4182 1647 4248 synodo,
1694 4190 1853 4233 recta:
1904 4182 2022 4234 tidei
2078 4196 2324 4235 nermam

742 4289 899 4332 esse.
949 4280 1001 4324 et
1054 4270 1257 4341 Cyrillo
1309 4270 1521 4338 placere
1576 4287 1733 4322 unam
1789 4270 1951 4325 Verbi
2012 4272 2324 4342 hypostasin

746 4368 1080 4416 incantatam
1119 4362 1435 4429 praatlicare,
1470 4370 1522 4412 ct
1564 4377 1723 4413 uuam
1761 4377 2069 4427 personam,
2104 4372 2157 4417 et
2198 4380 2326 4418 sen-

746 4456 830 4508 tiri
886 4452 1405 4507 consubstantialem
1469 4452 1613 4526 Patri
1670 4452 1862 4505 Filium
1922 4452 2229 4517 divinitate,
2274 4465 2329 4508 et

2511 2362 2799 2425 Ἀθάνατος
2861 2361 2919 2414 δὲ
2986 2360 3247 2423 πλαστεὶς
3299 2358 3329 2410 ὁ
3384 2358 3557 2427 Ἀδὰμ
3623 2357 3684 2411 τὸ
3742 2358 4018 2420 λυσιτελὲς

2427 2453 2715 2521 ἠγνόησεν,
2760 2450 2952 2521 ὥσπερ
2992 2452 3086 2504 καὶ
3128 2451 3236 2521 πρὸ
3276 2449 3444 2503 αὐτοῦ
3475 2452 3504 2502 ὁ
3546 2449 3787 2512 διάϐολος
3834 2451 3931 2502 καὶ
3969 2451 4017 2501 αἱ

2429 2543 2558 2611 περὶ
2588 2542 2753 2595 αὑτὸν
2776 2541 3141 2595 ἀποστατικαὶ
3162 2541 3523 2609 δυνάμεις.Τὸ
3549 2541 3627 2602 δὲ,
3673 2538 3828 2593 Ἰδοῦ
3850 2540 3899 2570 ⁸⁸
3932 2539 4019 2607 τέ-

2429 2649 2607 2702 γονεν
2650 2631 2831 2700 Ἀδὰμ
2862 2632 2944 2695 ὠς
2969 2625 3058 2695 εἷς
3088 2629 3159 2692 ἐξ
3185 2628 3375 2697 ἡμῶν,
3407 2631 3455 2680 εί
3483 2628 3573 2680 καί
3600 2644 3741 2681 τισιν
3772 2625 4020 2695 είρῆσθαι

2430 2725 2559 2794 παρ’
2595 2723 2878 2792 εἰρωνείαν
2917 2720 3199 2791 ἐνομίσθη,
3241 2720 3357 2772 ἀλλ’
3397 2719 3496 2788 οὐχ
3538 2717 3711 2779 οὕτως
3756 2717 3873 2785 ἔχει
3901 2733 3916 2747 ·
3962 2717 4020 2767 οὐ

2433 2818 2538 2885 μὴν
2573 2816 2687 2867 ἀλλ’
2720 2814 2827 2866 οὐδ’
2861 2813 2941 2866 ὅτι
2967 2813 3161 2881 γέγονε
3188 2814 3254 2882 τῇ
3285 2811 3516 2880 ἀληθείᾳ
3543 2810 3697 2871 Θεὸς·
3733 2808 3895 2861 τοῦτο
3918 2811 4022 2875 γὰρ

2431 2905 2712 2967 παντελῶς
2749 2903 2887 2972 μετά
2908 2902 3002 2955 τοῦ
3040 2902 3303 2956 ἀδυνάτου
3340 2901 3435 2954 καὶ
3466 2900 3807 2971 βλάσφημον.
3838 2898 3905 2949 Τί
3934 2894 4023 2949 οἷν

2431 2998 2679 3067 βούλεται
2714 2995 2776 3049 τὸ
2816 2995 2973 3050 Ἰδοὺ
3010 2994 3261 3063 γέγονεν
3300 2992 3473 3061 Ἀδὰμ
3492 2993 3571 3056 ὡς
3604 2986 3690 3055 εἷς
3718 2991 3789 3053 ἐξ
3823 2988 4024 3057 igitur;

2445 3090 2579 3142 Ἰδοὺ
2614 3087 2731 3153 νῦν,
2759 3088 2944 3158 φησὶν,
2971 3086 3226 3155 αἴσθησιν
3265 3085 3481 3150 ἐδέξατο
3506 3078 3618 3135 οἷόν
3650 3084 3762 3134 ἐστι
3796 3082 3857 3133 τδ
3892 3100 4024 3149 φαν-

2432 3179 2693 3242 τάζεσθαι
2718 3176 2973 3245 γενέσθαι
3005 3174 3161 3227 Θεόν.
3188 3175 3330 3244 Πρὸς
3356 3174 3410 3225 δὲ
3434 3173 3531 3239 τὴν
3561 3172 3769 3225 ἐκείνου
3800 3171 4026 3241 γνώμην

2429 3266 2601 3320 ταῦτα
2624 3266 2919 3334 φθέγγεται
2952 3264 3116 3329 Θεὸς,
3150 3264 3243 3316 καὶ
3284 3262 3549 3331 διελέγχει
3581 3262 3680 3331 τὴν
3715 3263 4023 3313 κακόνοιαν.

2443 3358 2752 3419 Ὀνειδίξειν
2812 3358 2869 3409 δὲ
2911 3356 2972 3409 τὸ
3018 3355 3178 3408 Θεῖον
3231 3354 3370 3423 πρὸς
3417 3353 3702 3407 νουθεσίαν
3751 3354 4028 3422 ἡμετέραν

2431 3446 2700 3515 πολλαχοῦ
2738 3446 2839 3516 τῆς
2869 3446 3096 3516 Γραφῆς
3129 3445 3480 3515 εὑρίσκομεν.

2508 3539 2669 3591 Ἀλλά
2698 3538 2871 3591 ταῦτα
2905 3537 3004 3607 μὲν
3034 3537 3130 3588 καὶ
3173 3539 3200 3588 ὁ
3240 3536 3284 3605 β’
3315 3536 3494 3604 λόγος.
3539 3535 3766 3588 Δύναιτο
3803 3538 3846 3568 ⁵¹
3884 3536 3931 3587 δ’
3962 3539 4025 3589 ἓν

2427 3628 2513 3693 τὸ,
2557 3628 2711 3682 Ἰδοὺ
2746 3627 2993 3695 γένονεν
3017 3627 3197 3695 ’Λδὰμ
3234 3628 3314 3693 ὡς
3346 3624 3432 3694 εἷς
3447 3628 3515 3693 ἐξ
3547 3628 3712 3696 ἡμῶν
3741 3629 3837 3681 καὶ
3869 3629 3926 3681 ὲν
3953 3646 3998 3662 ~-

2431 3720 2660 3791 ρωνείας
2700 3721 2947 3789 σχήματι
2980 3719 3285 3791 προελθεῖν,
3314 3721 3409 3774 καὶ
3437 3721 3673 3782 ὀνείδους
3707 3720 3869 3787 λόγον
3930 3721 3997 3771 ὲ·-

2432 3814 2607 3881 έχειν,
2652 3813 2745 3866 καὶ
2786 3812 3176 3879 ὲλεεινολογίαν
3201 3814 3256 3864 ἐν
3286 3815 3590 3883 οίκτιρμοῖς
3628 3812 3972 3865 ἐπιδείκνυσι·

2430 3905 2693 3974 αἱρείσθω
2724 3905 2780 3957 δὲ
2805 3905 2865 3957 τὸ
2894 3904 3086 3957 δοκοῦν
3122 3905 3322 3975 μᾶλλον
3349 3904 3597 3959 ἔκαστο·.

2502 3996 2623 4068 [801
2674 3995 2764 4067 8.]
2817 3996 2906 4048 ’Ev
2946 3994 3005 4049 δὲ
3047 3994 3124 4055 τῶ
3163 4002 3211 4062 γ’
3254 3995 3399 4064 λόγῳ
3439 3996 3532 4048 καὶ¹
3581 3994 3717 4063 πρδς
3747 3996 3794 4026 δ’
3826 3995 4023 4064 Δόμνοι.

2431 4089 2525 4139 καὶ.
2567 4088 2821 4156 Ἰωάννην
2852 4088 3123 4156 γράφων,
3161 4085 3287 4149 τοὺς
3312 4088 3425 4155 ξτὴν
3463 4086 3726 4155 δευτέραν
3766 4087 3957 4139 Κιλικί
3971 4106 4027 4138 1v

2431 4178 2715 4240 οἰκοῦντας
2756 4179 3001 4248 ἀσκητάς
3028 4218 3043 4241 ,
3084 4177 3260 4230 ταῦτα
3306 4178 3450 4247 ὑπὲρ
3486 4177 3586 4247 τῆς
3632 4178 3689 4229 ὲν
3722 4177 4030 4247 Καλχηδόνι

2432 4273 2578 4340 λέγει
2632 4271 2871 4333 συνόδου,
2924 4272 3007 4323 ὅτι
3063 4268 3375 4338 ὀρθοδοξίας
3442 4270 3560 4323 ὲστὶ
3621 4270 3882 4343 φρόνημα
3942 4269 4031 4319 καὶ

2431 4363 2685 4433 Κυρίλλῳ
2712 4362 2865 4428 φίλον
2892 4361 3020 4429 μίαν
3057 4360 3358 4412 ὑπόστασιν
3387 4358 3481 4412 τοῦ
3523 4359 3700 4426 Λόγου
3744 4376 4028 4428 σεσαρκιιι-

2435 4458 2604 4526 μένην
2656 4454 2946 4525 κηρύττειν
2994 4453 3089 4506 καὶ
3128 4453 3186 4505 ἒν
3230 4454 3541 4524 πρόσωπον,
3587 4452 3679 4505 καὶ
3714 4452 3777 4502 τὸ
3812 4455 4031 4521 φρονεῖν

747 4548 1082 4601 humanitate
1118 4546 1273 4599 nobis
1320 4545 1573 4600 similem.
1620 4545 1733 4598 Hoc
1778 4545 2033 4599 nimirum
2073 4556 2155 4600 est
2190 4549 2322 4600 duas

2429 4551 2516 4603 τὸν
2551 4546 2714 4601 αὐτὸν
2743 4530 3023 4614 ὀμοοτῦσιον
3058 4543 3133 4614 τῷ
3163 4544 3338 4614 Πατρὶ
3374 4543 3512 4595 κατά
3546 4543 3642 4612 τὴν
3671 4541 3909 4610 θεότητα
3940 4541 4030 4591 καὶ

744 4636 898 4690 fateri
927 4649 1169 4699 naturas,
1200 4652 1229 4689 c
1255 4637 1451 4703 quibus
1485 4652 1621 4689 unus
1653 4636 1905 4691 Christus
1935 4639 2187 4692 conditus
2218 4648 2323 4692 est.

743 4732 888 4785 Duas
936 4731 1078 4783 enim
1133 4731 1511 4799 generationes
1568 4730 1764 4799 255a
1818 4730 1981 4784 unius
2027 4731 2228 4786 Christi
2277 4741 2331 4785 et

745 4823 836 4875 Dei
876 4822 1044 4876 nostri
1077 4829 1485 4891 cognoscentes,
1520 4838 1694 4889 neque
1724 4821 1925 4884 carnis.
1959 4836 2133 4890 neque
2166 4821 2327 4877 Verbi

744 4915 1103 4969 differentiam
1184 4914 1480 4967 serendum
1554 4915 1919 4967 substantiam
1994 4914 2325 4982 ignoramus.

747 5008 870 5061 llaec
906 5022 1033 5061 vero
1076 5006 1209 5060 lldcs
1242 5006 1698 5072 Chalcedonensis
1741 5005 1957 5060 concilii
1993 5008 2322 5073 praeconium

744 5102 1043 5167 prmsetert,
1082 5097 1276 5151 deinde
1314 5096 1534 5149 trecenti
1583 5105 1635 5149 et
1682 5098 2024 5165 septuaginta
2087 5098 2323 5165 episcopi

748 5190 886 5243 hanc
921 5186 1313 5243 subscribendo
1347 5188 1753 5256 consignarnnt,
1790 5189 1843 5242 in
1878 5202 1982 5257 qua
2020 5188 2325 5242 admirandi

744 5277 855 5329 viri
908 5276 1127 5332 Simeon
1179 5288 1230 5330 et
1282 5275 1516 5331 lat-obus
1571 5289 1624 5329 et
1684 5277 1985 5331 Baradatus
2035 5279 2173 5332 hanc
2216 5280 2327 5332 suis

752 5366 1050 5435 Srripturis
1099 5368 1255 5421 Iidem
1303 5368 1719 5423 conﬁrmarunt.
1767 5368 1895 5434 Quae
1930 5384 2051 5423 cum
2090 5370 2159 5422 ita
2198 5371 2329 5432 sint,

748 5460 995 5527 ellicitur,
1032 5463 1121 5516 ubi
1163 5478 1267 5516 una
1321 5470 1403 5518 est
1455 5464 1748 5518 secundum
1798 5464 2129 5535 hypostasim
2173 5465 2324 5529 unio,

826 5577 848 5613 ι
880 5574 1016 5630 Gen.
1045 5592 1131 5643 ιιι,
1166 5576 1260 5631 ‘22.

2431 4641 2716 4710 ὁμοούσιον
2746 4638 2878 4707 ἡμῖν
2911 4635 3026 4707 [τὸν
3070 4633 3257 4705 αὐτὸν]
3291 4634 3432 4686 κατὰ
3459 4633 3555 4704 τὴν
3602 4631 4026 4701 ἀνθρωττότητα,

2431 4733 2675 4784 τουτέστι
2721 4729 2782 4780 τὸ
2835 4728 2928 4781 δύο
2982 4727 3171 4795 φύσεις
3227 4726 3510 4796 ὁμολογεῖν
3541 4766 3555 4786 ,
3617 4725 3677 4789 ἑξ
3726 4717 3803 4776 ὧν
3871 4727 3901 4777 ὀ
3953 4717 4029 4784 εἷς

2430 4823 2666 4894 Χριστὸς
2711 4820 3070 4889 ἀπετελέσθη,
3125 4818 3229 4871 Δύο
3270 4819 3377 4889 γὰρ
3430 4820 3712 4888 γεννήσεις
3763 4816 3861 4870 τοῦ
3914 4819 4027 4877 ἑνδς

2430 4914 2662 4983 Χριστοῦ
2695 4916 2787 4965 καὶ
2817 4912 2953 4965 Θεοῦ
2975 4911 3134 4981 ἡμῶν
3163 4910 3385 4974 ειδότες,
3419 4910 3540 4962 οὐδὲ
3563 4913 3662 4980 τῆς
3698 4910 3905 4980 σαρκὸς
3934 4910 4025 4961 καὶ

2432 5005 2527 5059 τοῦ
2586 5006 2758 5072 Λόγου
2805 5006 2906 5073 τὴν
2962 5004 3083 5056 κατ’
3142 5002 3329 5055 ούσίαν
3380 5000 3643 5073 διαφορὰν
3697 5001 4021 5070 ἀγνοοῦμεν.

2434 5097 2583 5167 Αὕτη
2606 5098 2661 5149 δὲ
2688 5099 2719 5166 ἡ
2746 5097 2928 5159 πίστις
2954 5097 3053 5163 τῆς
3086 5096 3143 5147 ἐν
3174 5094 3477 5163 Καλχηδόνι
3506 5093 3720 5146 συνόδου
3757 5093 4024 5146 δέδεικται

2436 5191 2721 5260 κήρυγμα.
2766 5184 2899 5241 Εἶτα
2926 5187 3266 5258 τετρακόσιοι
3306 5185 3399 5238 καὶ
3430 5186 3804 5256 ἑϐδομήκοντα
3838 5186 4022 5255 ἀρχιε-

2439 5285 2552 5354 ρεῖς
2587 5281 2791 5352 ταύτην
2835 5282 3127 5349 ἐγγράφως
3168 5280 3588 5342 ὲδεδαιὼσαντο,
3631 5280 3688 5331 ὲν
3725 5272 3808 5341 οἷς
3848 5281 3940 5330 καὶ
3976 5280 4018 5329 οἱ

2441 5357 2743 5443 θαυμαστοὶ
2772 5373 2862 5425 τὸν
2892 5373 3003 5442 βίον
3035 5370 3258 5441 Συμεὼν
3294 5371 3338 5401 ³³
3373 5369 3467 5423 καὶ
3509 5368 3766 5431 Ἰάκωϐος
3797 5367 3895 5421 καὶ
3922 5369 4019 5419 B7.-

2438 5466 2666 5537 ραδάτος
2692 5464 2789 5537 τὴν
2820 5464 2990 5534 αὐτὴν
3017 5461 3242 5532 γνώαην
3274 5463 3427 5531 ἰδίοις
3454 5460 3810 5532 ὲπκύρωσαν
3838 5460 4013 5530 γράμο

2037 5669 2269 5726 VARLE
2306 5667 2707 5725 LECTIONES.

856 5760 899 5792 δ’
931 5760 1161 5815 ἐϐίωσεν
1185 5762 1221 5814 Α
1265 5779 1278 5815 :
1312 5762 1509 5831 ἔζησεν
1538 5782 1597 5828 ς.
1714 5764 1759 5795 ⁸⁸
1790 5765 1851 5817 οὐ
1884 5764 1925 5816 Α
1958 5782 1969 5816 :
2002 5760 2096 5817 οὖν
2120 5765 2170 5817 οἱ
2196 5782 2256 5829 ς.

754 5832 798 5865 ³⁸
827 5832 964 5901 πρὸς
996 5841 1048 5888 et
1081 5833 1168 5888 38.
1196 5832 1349 5902 φ’)ον
1403 5852 1511 5889 υιιι.
1544 5839 1606 5891 Α.
1684 5836 1728 5867 ⁸³
1762 5833 1971 5905 Σεμεὼν
2002 5852 2062 5898 ς.

2359 5764 2403 5797 δ’
2421 5764 2511 5831 ἀγ.
2545 5764 2729 5833 πηγὴν
2759 5780 2819 5827 ς.

2920 5763 2966 5797 ⁸⁸
2996 5762 3130 5834 iub]
3151 5761 3281 5817 Cen.
3324 5775 3407 5826 ιιι,
3433 5759 3524 5813 99..
3628 5758 3671 5791 ⁵⁸
3706 5756 3919 5810 δύναται
3945 5767 4001 5816 ς-
