4208 6448
304 427 421 495 989

1343 432 1869 500 BlBLIOTHECA.
1905 465 1969 475 --
2004 442 2165 506 COD.
2203 445 2504 510 CCXXIX.

3453 454 3560 521 990

308 562 466 617 μασι.
507 544 679 614 Δῆλον
708 545 764 598 δὲ
791 546 887 612 ὡς,
917 546 1043 602 ἔνθα
1066 548 1164 618 μία
1190 549 1312 603 καθ’
1351 551 1646 606 ὑπόστασιν
1674 554 1864 618 ἓνωσις

1959 609 1963 619 _
1994 557 2063 611 ibi
2097 575 2310 616 onmem
2345 562 2627 617 divisionis
2661 562 2969 630 opinionem
2998 578 3343 622 evanescere.
3389 566 3559 625 Nosse

302 638 460 689 πᾶσα
481 636 792 706 διαιρέσεως
820 639 1043 693 ὑπόνοια
1062 639 1109 674 ⁸⁸
1139 641 1493 711 ἀπελήλαται·
1524 644 1581 697 τὸ
1609 647 1717 716 γὰρ
1746 664 1887 714 γνω-

304 727 479 797 ρίζείν
519 730 630 782 τῶν
678 732 875 785 οὐσιῶν
922 734 983 786 τὸ
1038 733 1295 802 διάφορον
1346 737 1447 788 οὐκ
1496 738 1611 789 ἐστι
1663 738 1888 810 διαιρεῖν

297 820 528 883 ταύτας,
564 822 703 876 κατά
740 824 831 877 τὸν
875 825 935 877 ἑν
974 826 1155 893 ἁγίοις
1179 826 1467 896 Κύριλλον.
1506 830 1629 882 Ὀτι
1659 830 1719 883 τὸ
1754 832 1886 901 πρὸς

297 913 452 981 ἡμᾶς
506 915 943 982 ὀμοούσιοντοῦ
972 918 1489 989 ὲνανθρωπήσαντος
1532 920 1664 974 Θεοῦ
1711 924 1885 989 Λόγου

302 1005 494 1071 σαφῶς
546 1007 578 1074 ἠ
626 1007 840 1070 σύνοδος
890 1010 1212 1080 ἀνεκήρυξε,
1263 1012 1724 1082 δογματιζόμενον
1788 1015 1885 1082 μὲν

298 1096 457 1163 παρὰ
497 1096 606 1148 τῶν
647 1098 809 1151 ὁσίων
841 1101 996 1171 ήμῶν
1026 1103 1288 1172 Πατέρων
1312 1145 1325 1167 ,
1366 1104 1518 1158 οὔπω
1554 1104 1610 1157 δὲ
1643 1106 1742 1173 τῆς
1773 1124 1886 1174 φω-

297 1183 400 1251 νῆς
432 1186 817 1257 οίκουμενικῆς
861 1191 1079 1243 συνόδου
1113 1191 1429 1262 ψηφίσμασι
1462 1194 1561 1263 τὴν
1597 1194 1885 1264 βεϐαίωσιν

296 1279 595 1351 λαϐούσης.
648 1285 737 1336 Διὸ
788 1286 1005 1349 πάντως
1052 1285 1118 1339 ἀν
1164 1286 1516 1358 ἐξεϐέϐλητο,
1557 1290 1655 1358 τῆς
1693 1289 1885 1341 δυσσε-

297 1371 431 1433 ϐοῦς
480 1372 579 1440 μὲν
621 1374 776 1445 δόξης
820 1376 1090 1445 Εὑτυχοῦς
1134 1381 1193 1431 ἑν
1243 1383 1309 1449 τῇ
1366 1380 1629 1451 λῃστρικῇ
1683 1381 1884 1451 συνόδῳ

296 1464 851 1533 παρρησιασαμένης,
894 1469 985 1535 ὑφ’
1015 1468 1207 1538 ἑτέρας
1234 1472 1287 1523 δὲ
1327 1471 1401 1541 μὴ
1434 1471 1879 1542 κατακριθείσης,

296 1554 554 1607 κάκείνου
589 1558 686 1625 μὲν
723 1558 818 1626 τῆς
848 1560 1060 1623 δικαίας
1098 1562 1469 1632 καθαιρέσεως
1496 1563 1879 1631 ἀπολυθέντος,

293 1645 393 1723 ἐπ)
440 1647 733 1701 Φλαϐιανδν
775 1651 830 1703 δὲ
866 1652 955 1703 τὸν
997 1653 1258 1720 ἀοίδιμον,
1301 1655 1359 1716 ὃς
1404 1657 1609 1708 ἐκεῖνον
1644 1656 1879 1723 καθεῖλε,

292 1737 397 1804 τῆς
445 1739 601 1807 δίκης
652 1741 851 1805 ἀδίκως
897 1745 1330 1814 μετενεχθείσης,
1387 1748 1562 1798 καίτοι
1611 1747 1882 1818 λαμπρῶς

292 1843 367 1893 κη
378 1826 637 1895 ρύττοντα
663 1832 791 1899 μίαν
813 1833 911 1900 μὲν
931 1834 1021 1885 τοῦ
1048 1835 1220 1901 Λόγου
1245 1834 1404 1903 φύσιν
1429 1836 1876 1905 σεσαρκωμένην,

1988 650 2130 705 enim
2169 653 2591 707 substantiarum
2643 653 3023 721 differentiam,
3060 675 3163 711 non
3204 668 3288 713 est
3323 659 3440 713 illas
3470 661 3556 714 di-

1990 743 2172 796 videre
2204 746 2494 799 secundum
2531 748 2745 801 beatum
2785 746 3071 817 Cyrillum,
3106 752 3229 817 quia
3272 750 3554 805 nobiscum

1987 835 2432 889 comubetantiale
2479 838 2741 891 incarnati
2786 838 2878 892 Dei
2939 836 3098 893 Verbi
3160 840 3303 894 clare
3370 843 3559 895 conci-

1989 924 2117 978 lium
2158 927 2489 995 praedicavit,
2526 929 2665 995 quod
2704 939 2860 983 antea
2892 929 2979 983 alii
3010 932 3335 986 sanctissimi
3370 932 3559 986 Patres

1988 1015 2303 1080 docuerunt,
2350 1033 2613 1087 nusquam
2665 1028 2844 1073 tamen
2892 1035 3024 1075 voce
3062 1024 3412 1077 mcumenicse
3465 1038 3557 1094 sy-

1988 1106 2113 1160 nodi
2148 1107 2382 1163 decretis
2415 1108 2754 1173 conlirmata,
2805 1110 3006 1165 idcirco
3042 1127 3264 1180 prorsus
3295 1114 3553 1182 rejectqu

1985 1206 2089 1251 est.
2141 1196 2305 1266 Impia
2367 1199 2607 1253 doctrina
2666 1200 2923 1269 Eutychis
2980 1204 3031 1255 in
3093 1203 3294 1270 perfida
3352 1208 3557 1275 synodo

1987 1291 2261 1354 damnata,
2299 1290 2365 1344 ab
2391 1290 2491 1343 alia
2544 1306 2647 1344 non
2696 1294 3074 1347 condemnata.
3111 1292 3246 1348 Dum
3284 1295 3371 1348 ille
3397 1298 3557 1365 justae

1986 1381 2453 1435 condemnatiOnis
2493 1383 2791 1436 absolvitur
2822 1386 3063 1438 traducta
3096 1385 3149 1438 in
3188 1388 3551 1443 venerabilem

1986 1467 2299 1524 Flavianum
2348 1474 2436 1539 qui
2476 1474 2646 1541 ipsum
2694 1476 2932 1541 sustulit,
2986 1476 3160 1544 culpa.
3214 1476 3361 1532 Licet
3408 1479 3554 1535 clare

1987 1563 2442 1629 pronuntiantem,
2475 1579 2633 1617 unam
2664 1565 2879 1632 quidem
2914 1564 3069 1619 Verbi
3102 1579 3346 1620 naturam
3376 1568 3554 1623 incar-

1987 1663 2199 1716 natam,
2250 1654 2351 1707 hoc
2403 1665 2485 1707 est
2537 1670 2853 1723 personam,
2906 1657 3172 1725 simulque
3220 1668 3550 1712 asserentem

1983 1742 2491 1797 consubstantialem
2545 1744 2698 1798 nobis
2743 1760 2886 1807 esse,
2926 1746 3075 1808 dicit,
3114 1758 3330 1800 sanctos
3363 1745 3551 1803 Patres

1986 1843 2091 1880 non
2145 1828 2220 1881 uti
2274 1831 2411 1881 nuda
2464 1846 2613 1894 voce,
2662 1841 2717 1885 et
2770 1832 3011 1900 improbe
3059 1834 3403 1903 investigare,
3455 1838 3549 1891 sed

288 1920 574 1970 τουτέστιν
616 1922 942 1987 ὑπόστασιν,
993 1927 1536 1994 συνανακηρύττοντα
1584 1928 1639 1979 δὲ
1687 1930 1779 1980 καὶ
1818 1929 1870 1981 τὸ

1985 1930 2217 1972 mentem
2265 1921 2519 1975 adhibere
2575 1923 2826 1989 scriptori
2884 1924 3006 1991 pio,
3058 1935 3114 1978 et
3165 1902 3548 1981 athuonitiunis

288 2014 427 2081 ἡμῖν
464 2014 765 2081 όμοούσιον.
800 2016 921 2068 ’Ότι
966 2018 1129 2085 φησὶν
1167 2018 1213 2049 ³⁸
1253 2019 1302 2071 οἱ
1348 2018 1492 2086 ἆγιοι
1520 2021 1757 2089 Πατέρες
1801 2021 1876 2091 μὴ

286 2107 492 2175 χρῆναι
540 2107 638 2177 τὴν
680 2108 824 2173 λέξιν
856 2109 1067 2180 γυμνὴν
1106 2109 1233 2181 [420
1281 2109 1374 2182 Η.]
1416 2113 1509 2165 καὶ
1553 2112 1876 2181 κακούργως

284 2198 603 2264 ἐξετάζειν,
653 2199 788 2253 ἀλλά
832 2203 894 2270 τῇ
939 2201 1150 2253 εὐσεϐεῖ
1196 2201 1407 2273 διανοίᾳ
1452 2203 1739 2273 προσέχειν
1782 2203 1873 2256 τοῦ

283 2293 614 2359 γράφοντος.
656 2294 762 2345 Καὶ
804 2293 1137 2364 παρατίθησι
1175 2300 1276 2365 τῆς
1310 2296 1684 2363 παραινέσεως
1735 2313 1875 2366 μαρ-

282 2385 480 2453 τυρίας
514 2386 560 2416 ⁸⁸
598 2385 915 2438 Ἀθανσσίου
952 2387 997 2417 ⁵⁷
1027 2387 1125 2454 μὲν
1147 2388 1210 2440 ὲκ
1237 2386 1330 2439 τοῦ
1373 2385 1417 2419 ⁸⁸
1450 2390 1611 2441 Κατὰ
1652 2390 1871 2455 Ἀρεια-

280 2474 431 2535 νῶν,
458 2476 721 2544 Κυρίλλου
739 2477 793 2528 δὲ
820 2478 883 2529 ἑκ
913 2476 1031 2529 τῶν
1057 2477 1397 2546 θησαυρῶν,
1435 2480 1681 2533 Ἰωάννου
1699 2481 1755 2534 δὲ
1778 2482 1870 2535 τοῦ

281 2570 674 2639 Χρυσοστόμου
751 2572 814 2623 ἐκ
891 2571 1333 2641 ’Υπομνήματος
1389 2571 1498 2641 τῆς
1554 2577 1705 2643 πρὸς
1753 2583 1873 2633 Γα-

278 2659 477 2724 λάτας
493 2658 870 2725 Ἐπιστολῆς.
893 2660 1015 2713 Ὀτι
1039 2678 1110 2731 φη
1121 2662 1191 2724 ot,
1219 2662 1278 2714 τὸ
1299 2662 1478 2730 λέγειν
1503 2666 1665 2736 σαρκὶ
1680 2668 1869 2721 παθεῖν

279 2750 520 2817 τὸνθεόν
533 2752 700 2819 Λόγον
724 2751 974 2822 φρόνημα
990 2752 1089 2820 τῆς
1128 2754 1453 2825 Ἐκκλησίας
1487 2759 1652 2821 ἐστὶν,
1684 2758 1870 2830 ὥσπερ

280 2844 382 2895 καὶ
435 2843 754 2912 βλάσφημον
793 2845 886 2895 καὶ
928 2843 1232 2912 ἀπόϐλητον
1272 2846 1331 2897 τὸ
1374 2846 1664 2916 κηρύττειν
1709 2848 1869 2901 αὐτὸν

282 2935 482 2987 παθεῖν
519 2938 581 3004 τῇ
614 2935 773 3003 φύσει
811 2936 912 3003 τῆς
943 2936 1215 3004 θεότητος.
1244 2938 1355 2990 Καὶ
1386 2940 1622 3008 παράγει
1658 2957 1868 3011 μαρτυ-

283 3025 409 3093 ρίας
438 3024 751 3094 διαφόρους,
789 3025 1058 3094 Κυρίλλου
1092 3027 1136 3056 ⁵⁹
1166 3027 1265 3095 μὲν
1296 3030 1359 3080 ἑκ
1394 3030 1499 3080 τῶν
1528 3030 1773 3098 σχολίων,
1804 3034 1868 3084 ἐκ

276 3116 379 3185 τῆς
436 3115 571 3184 πρὸς
620 3115 916 3168 Ζούκενσον
968 3115 1011 3185 β’
1058 3118 1381 3185 ἐπιστολῆς,
1448 3121 1512 3171 ἑκ
1567 3122 1668 3190 τῆς
1729 3122 1864 3191 πρὸς

277 3206 579 3275 Νεστόριον
609 3204 679 3271 α’,
725 3207 791 3257 ἐκ
830 3206 935 3258 τῶν
979 3206 1285 3276 θησαυρῶν,
1328 3210 1389 3259 ἐκ
1423 3210 1520 3275 τῆς
1563 3210 1857 3280 ἑρμηνείας
1885 3236 1926 3290 c

274 3298 375 3351 τοῦ
428 3298 793 3366 ἀπομπαίου,
849 3302 941 3352 καὶ
991 3300 1053 3351 ἑκ
1104 3302 1201 3369 τῆς
1269 3301 1588 3369 Ἀπολογίας
1638 3306 1733 3357 τοῦ
1787 3307 1854 3360 ιϐ’

275 3389 750 3458 ἀναθεματισμοῦ,
779 3390 871 3441 καὶ
900 3392 963 3441 ἑκ
990 3390 1089 3458 τῆς
1118 3391 1253 3460 πρὸς
1284 3390 1383 3454 τὰς
1423 3391 1699 3461 βασιλίδας
1732 3398 1854 3449 ἑπι-

278 3480 688 3548 στολῆς,κα“ιὲκ
706 3481 803 3549 τῆς
841 3480 1154 3547 ἑρμηνείας
1192 3482 1301 3549 τῆς
1335 3484 1484 3550 πρὸς
1525 3483 1851 3554 Ἐϐραίους,

275 3569 376 3622 καὶ
406 3571 470 3621 ἑκ
498 3569 588 3621 τοῦ
619 3572 697 3632 είς
717 3569 805 3623 τδν
849 3570 1074 3624 Ἡσαΐαν
1096 3572 1505 3643 ὑπομνήματος,
1540 3577 1631 3628 καὶ
1664 3578 1727 3629 ἑκ
1755 3578 1855 3646 τῆς

274 3660 579 3730 ἑρμηνείας
612 3660 703 3713 τοῦ
731 3667 777 3730 η’
790 3661 1026 3729 ψαλμοῦ,
1064 3662 1156 3716 καὶ
1185 3666 1247 3715 ὲκ
1277 3663 1369 3717 τοῦ
1399 3666 1533 3733 Περὶ
1566 3667 1854 3733 ἁπαθειας

272 3753 462 3819 λόγου,
481 3753 574 3804 καὶ
590 3754 650 3804 ὲκ
666 3751 758 3804 τοῦ
780 3754 911 3820 Περὶ
929 3755 1159 3822 πάθους
1175 3755 1356 3825 λόγου,
1376 3758 1470 3809 καὶ
1487 3759 1548 3811 ἑκ
1562 3759 1654 3811 τοῦ
1670 3761 1746 3822 είς
1765 3760 1854 3814 τὸν

272 3842 673 3912 εὐαγγελιστὴν
713 3842 962 3914 Ἰωάννην
997 3846 1387 3916 ὑπομνήματος
1421 3848 1623 3915 βιϐλίου
1668 3849 1733 3912 ζ’,
1759 3854 1852 3903 καὶ

270 3935 339 3986 ἐκ
368 3933 462 3985 τοῦ
487 3933 626 4001 Περὶ
648 3934 1152 4001 ἐνανθρωπήσεως
1190 3935 1306 4007 [καὶ
1328 3937 1391 3988 ἑκ
1414 3935 1520 4003 τῆς
1540 3938 1853 4006 ἑρμηνείας

269 4025 385 4093 τῆς
406 4026 555 4093 πρὸς
587 4026 891 4092 Ἐϐραίους
909 4025 999 4097 ⁸⁰].
1021 4029 1111 4078 καὶ
1130 4030 1192 4079 ὲκ
1220 4027 1312 4079 τοῦ
1344 4028 1555 4097 ύπομνή
1566 4046 1732 4097 ματος
1755 4031 1849 4083 τοῦ

267 4119 352 4179 εἰς
398 4116 491 4167 τὸν
536 4116 921 4186 εὖαγγελιστὴν
965 4116 1219 4185 Ἰωάννην
1248 4118 1288 4147 ⁶¹
1318 4116 1521 4184 βιϐλίου
1555 4117 1618 4186 β’,
1662 4120 1755 4170 καὶ
1789 4121 1850 4171 ὲκ

264 4210 364 4259 τοῦ
401 4208 529 4275 περὶ
560 4209 603 4237 ⁶¹
633 4206 1093 4276 ἑνανθρωπήσεως
1127 4205 1307 4272 λόγου,
1349 4206 1441 4258 καὶ
1479 4207 1543 4259 ἑκ
1581 4207 1675 4261 τοῦ
1718 4209 1852 4261 ὑπο-

268 4300 556 4366 μνήματος
630 4296 722 4348 τοῖ’)
773 4299 851 4359 είς
896 4298 986 4349 τὸν
1039 4297 1429 4366 εὐαγγελιστὴν
1471 4299 1721 4368 Ἰωάννην
1772 4303 1849 4369 βι-

263 4390 421 4440 ϐλίου
448 4390 489 4440 θ’
513 4390 602 4440 καὶ
623 4395 690 4456 η’.
719 4388 1171 4457 Συμπαρατίθησι
1202 4388 1384 4456 μέντοι
1410 4389 1503 4439 καὶ
1528 4390 1849 4459 Γρηγορίου,

261 4483 360 4534 καὶ
406 4482 683 4533 Βασιλείου
822 4481 915 4532 τοῦ
950 4482 1077 4549 περὶ
1123 4481 1470 4550 εὐχαριστίας
1512 4482 1604 4534 καὶ
1636 4484 1698 4533 ἐκ
1745 4484 1841 4551 τῆς
1881 4485 2015 4552 πρὸς
2038 4481 2410 4545 Σωζοπολίτας
2449 4478 2733 4547 ἐπιστολῆς
2771 4480 2865 4531 καὶ
2895 4482 2957 4533 ἑκ
2990 4482 3091 4547 τῆς
3156 4482 3291 4551 πρὸς

1979 2006 2200 2062 adhibet
2242 2018 2403 2062 testes
2438 2027 2451 2063 :
2489 2011 2771 2064 Athanasii
2824 2012 3014 2066 librqu
3052 2012 3253 2067 Contra
3294 2016 3543 2079 Ariunos,

1978 2099 2160 2170 Cyrilli
2213 2100 2554 2166 Thesaurum,
2598 2101 2819 2157 Joannis
2859 2102 3233 2174 Cbrysostomi
3269 2106 3548 2161 Commen-

1979 2190 2173 2241 tarium
2208 2190 2261 2241 in
2298 2188 2589 2257 Epistolam
2640 2193 2708 2243 ad
2755 2190 2970 2245 Galatae
3007 2195 3140 2248 :Ait
3178 2196 3341 2261 enim,
3386 2213 3549 2252 carne

1977 2282 2083 2349 pati
2123 2280 2287 2334 Dcum
2340 2281 2552 2347 Filium,
2594 2285 2918 2337 sententiam
2954 2301 3075 2339 esse
3108 2286 3361 2342 Ecclesiae
3395 2307 3406 2341 :
3442 2290 3547 2355 pati

1977 2390 2103 2428 vero
2142 2376 2442 2439 divinitate,
2481 2376 2853 2430 haereticorum
2895 2392 3015 2431 esse
3056 2390 3110 2432 et
3148 2379 3545 2448 blasphemum.

1975 2468 2142 2520 Λίτειί
2191 2478 2243 2521 et
2291 2468 2434 2521 varia
2495 2470 2800 2523 tes'timonia
2848 2486 2913 2524 ex
2963 2470 3151 2541 Cyrilli
3193 2472 3443 2536 Scholiis,
3480 2490 3547 2528 ex

1975 2559 2201 2627 cpistola
2231 2559 2461 2614 secunda
2493 2561 2557 2612 ad
2586 2561 2943 2623 Sutcensum.
2967 2578 3029 2617 ex
3066 2564 3234 2631 prima
3264 2568 3327 2617 ad
3358 2565 3545 2620 Nesto-

1978 2653 2145 2716 rium,
2192 2667 2256 2705 ex
2306 2653 2603 2715 thesauris,
2650 2670 2716 2706 ex
2772 2657 3214 2723 interpretatione
3270 2659 3547 2729 Ἀποπομ-

1976 2745 2157 2807 παίου,
2190 2758 2256 2797 ex
2298 2744 2551 2814 Apologia
2601 2744 2907 2800 duodecimi
2955 2748 3429 2813 Anathematisuti,
3478 2766 3542 2805 ex

1971 2834 2194 2902 epistola
2246 2851 2457 2904 quoque
2492 2836 2555 2888 ad
2593 2838 2831 2906 reginas,
2866 2846 2918 2891 et
2952 2852 3019 2891 ex
3052 2836 3443 2893 Commentario
3489 2845 3544 2896 in

1972 2923 2267 2991 Epistulam
2302 2928 2370 2978 ad
2405 2925 2674 2990 Hebraeos,
2715 2928 2842 2981 item
2885 2929 2935 2981 in
2970 2928 3184 2995 Isaiam,
3218 2940 3272 2985 et
3307 2932 3357 2984 in
3391 2943 3543 2986 octa-

1970 3032 2092 3070 vum
2148 3019 2431 3087 psalmum,
2482 3027 2534 3072 et
2582 3035 2643 3073 ex
2689 3020 2934 3073 oratione
2992 3019 3071 3074 De
3126 3022 3541 3089 impatibilitate,

1969 3109 2163 3178 255b
2200 3111 2436 3179 itemque
2469 3110 2543 3163 De
2593 3111 3005 3176 perturbatione,
3035 3127 3250 3167 rursum
3283 3130 3347 3169 ex
3382 3114 3542 3170 Com-

1969 3202 2221 3254 mentario
2301 3204 2351 3254 in
2379 3201 2659 3264 Joannem,
2711 3202 2801 3256 lih.
2860 3204 3171 3270 septimum,
3218 3208 3536 3271 secundum,

1959 3305 2207 3350 octavum
2260 3302 2313 3347 et
2383 3309 2580 3347 nonum
2633 3294 2706 3347 Dc
2744 3295 3131 3360 incarnatione,
3174 3297 3289 3351 loco
3330 3315 3436 3354 uno
3486 3312 3539 3354 et

1960 3388 2085 3441 item
2137 3384 2350 3446 altero,
2401 3399 2464 3437 ex
2515 3382 2955 3449 Interpretatione
3020 3383 3267 3453 Epistolw
3312 3388 3379 3440 ad
3436 3389 3544 3443 lle-

1960 3478 2147 3531 brwos.
2189 3476 2469 3530 Adduntur
2516 3487 2570 3529 et
2623 3475 2871 3545 Gregorii
2929 3487 2983 3530 et
3025 3477 3206 3533 Basilii
3241 3481 3309 3533 de
3342 3482 3541 3548 gratia-

1962 3584 2077 3623 rum
2112 3569 2321 3623 actione
2374 3569 2698 3629 testimonia,
2738 3570 2860 3622 item
2902 3584 2968 3622 ex
3014 3571 3240 3639 epistola
3280 3574 3344 3625 ad
3378 3570 3541 3628 Sosa-

1959 3658 2149 3725 politas
2214 3665 2267 3710 et
2330 3656 2395 3710 ad
2456 3656 2863 3725 Apollinatium.
2940 3657 3077 3722 Quin
3137 3670 3192 3712 et
3257 3660 3537 3716 Athanasii

1959 3748 2175 3801 athletae
2233 3748 2412 3816 magni
2466 3764 2496 3801 e
2547 3748 2777 3803 diversis
2830 3751 3192 3812 sermonibus,
3233 3750 3540 3808 Severiauis

1960 3838 2227 3893 haereticis
2254 3837 2630 3903 delirantibus,
2657 3840 3001 3909 intelligendo
3041 3843 3265 3896 alteram
3301 3848 3537 3913 speciem

1959 3945 2021 3983 ac
2066 3930 2331 3984 diversam
2382 3941 2631 3984 naturam
2687 3931 2742 3985 in
2804 3933 3055 3986 unionem
3109 3935 3534 4002 inexplicabilem

1958 4022 2296 4085 convenisse,
2348 4021 2699 4075 asserendum
2764 4038 2866 4075 non
2923 4039 3043 4078 esse
3092 4043 3103 4077 :
3156 4043 3404 4094 magnum
3456 4031 3539 4081 vir

1963 4116 2082 4181 pius
2114 4114 2280 4169 risum
2310 4124 2506 4179 movet,
2535 4125 2587 4169 et
2613 4125 2736 4168 ante
2771 4116 2910 4169 hunc
2942 4117 3115 4169 virum
3148 4117 3259 4183 ipsa
3290 4131 3530 4171 commu-

1963 4206 2046 4258 nis
2073 4204 2277 4272 Opinio,
2311 4213 2364 4257 et
2402 4202 2551 4257 Pauli
2586 4218 2706 4267 vox,
2738 4215 2793 4257 et
2839 4220 2959 4258 cum
3002 4205 3131 4258 dicit
3164 4224 3178 4260 :
3212 4206 3382 4262 Corde
3416 4211 3529 4277 qui-

1960 4296 2075 4349 dem
2112 4296 2345 4348 creditur
2389 4295 2456 4346 ad
2495 4295 2786 4363 justitiam,
2824 4312 2910 4350 ore
2947 4309 3126 4352 autem
3170 4300 3434 4368 confessio
3475 4301 3534 4367 ﬁt

1960 4386 2028 4440 ad
2064 4386 2287 4439 salutem
2318 4394 2367 4439 ιι.

3366 4484 3526 4535 Ἀπο-

260 4572 529 4640 λινάριον,
573 4573 660 4621 ναὶ
706 4571 768 4639 δὴ
837 4571 929 4623 καὶ
970 4570 1288 4623 Ἀθανασίου
1333 4570 1423 4623 τοῦ
1503 4571 1801 4623 πολυάθλου
1847 4576 1910 4625 ἐκ
1947 4574 2218 4643 διαφόρων
2239 4571 2431 4637 λόγων.
2458 4572 2578 4622 Ὀτι
2603 4572 2709 4625 τῶν
2736 4571 2842 4625 ἀπὸ
2863 4572 3101 4641 Σεϐήρου
3126 4573 3433 4643 ληρούντων
3456 4580 3525 4636 ὼς

260 4673 468 4723 ἐννοεῖν
507 4669 603 4736 μὲν
633 4668 735 4735 χρὴ
759 4667 819 4718 τὸ
850 4667 1140 4736 ἑτεροειδὲς
1178 4666 1270 4718 καὶ
1303 4667 1589 4736 ἑτεροφυὲς
1618 4668 1726 4720 τῶν
1796 4671 1873 4730 εἰς
1945 4669 2174 4737 ἑνότητα
2227 4666 2499 4737 ἄφραστον
2558 4669 3019 4736 συνεληλυθότων,
3079 4670 3153 4740 μὴ
3210 4673 3408 4742 χρῆναι
3465 4675 3521 4726 δὲ

258 4764 448 4830 λέγειν
480 4762 670 4824 ταῦτα,
714 4760 918 4813 πλατὺν
952 4761 1046 4828 μὲν
1078 4760 1289 4825 γέλωτα
1352 4762 1449 4828 τῆς
1488 4760 1673 4823 ἀνοίας
1740 4762 1918 4814 αὐτῶν
1957 4765 1984 4813 ὁ
2015 4762 2158 4831 ἱερὸς
2185 4762 2322 4832 ἀνὴρ
2352 4764 2579 4832 καταχεῖ
2607 4761 2735 4832 [804
2757 4760 2869 4831 R.],
2899 4762 2941 4791 ⁸³
2972 4763 3063 4813 καὶ
3089 4764 3194 4832 πρό
3221 4780 3285 4829 γε
3316 4765 3405 4816 τοῦ
3436 4771 3530 4821 ἀν-

255 4857 389 4925 δρὸς
433 4856 568 4923 αὐτή
616 4870 677 4921 γε
725 4856 756 4921 ἠ
802 4853 955 4923 κοινὴ
1000 4852 1175 4906 ἑννοια
1224 4856 1318 4905 καὶ
1356 4854 1388 4922 ὴ
1434 4853 1643 4905 Παύλου
1663 4854 1812 4925 φωνὴ
1852 4854 2105 4921 λέγουσα.
2133 4853 2357 4922 Καρδίᾳ
2379 4853 2423 4885 ⁸⁸
2445 4853 2563 4923 μὲν
2582 4852 2924 4906 πιστεύεται
2978 4855 3066 4917 εις
3106 4853 3523 4922 δικαιοσύνην,

256 4953 515 5019 στόματι
545 4950 612 5002 δὲ
649 4948 1021 5017 ὁμολογεῖται
1050 4950 1137 5012 εις
1168 4933 1493 5015 σωτηρίαν-⁸.
2565 5032 2573 5034 _
2696 5029 2707 5034 Α
3123 5028 3136 5034 _
3364 5026 3406 5034 __
3476 5032 3482 5034 Α
3508 5023 3518 5034 ,

334 5045 461 5094 Ὅτι
490 5043 676 5110 φησὶν,
708 5040 766 5093 ἒν
790 5040 1100 5111 πρόσωπον,
1126 5040 1368 5092 τουτέστι
1395 5040 1523 5108 μίαν
1545 5041 1841 5094 ὑπόστασιν

2020 5037 2231 5093 Asserit
2262 5043 2315 5089 et
2343 5048 2527 5095 unam,
2562 5029 2755 5099 inquit,
2787 5042 3091 5097 personam,
3123 5028 3225 5082 hoc
3251 5043 3333 5083 est
3364 5026 3521 5084 Verbi

253 5136 355 5188 τοῦ
388 5133 565 5198 Λόγου
614 5131 1041 5203 σεσαρκωμένην
1088 5131 1464 5201 κηρύττομεν,
1518 5132 1704 5197 ἐπειδὴ
1750 5133 1843 5183 καὶ

1959 5128 2213 5184 incantati
2274 5124 2606 5195 hypostasim
2670 5122 3115 5191 pronuntiamus,
3180 5122 3519 5191 quandoqui-

255 5223 468 5285 ἁπλοῦς
494 5223 537 5253 ⁸³
569 5221 772 5291 Ἰησοῦς
804 5220 1059 5291 συνετέθη
1088 5219 1229 5273 κατὰ
1254 5220 1345 5273 τὸν
1369 5221 1426 5272 ἑν
1451 5219 1624 5286 ἁγίοις
1656 5220 1843 5290 Ἀρεο-

1959 5221 2073 5276 lem
2119 5218 2418 5288 simplicem
2465 5216 2616 5286 ponit
2650 5212 2832 5268 Jcsum
2863 5214 2921 5265 ι).
2959 5212 3246 5283 Dionysius
3277 5213 3518 5281 Areopa-

256 5316 505 5385 παγίτην
531 5313 825 5368 Διονύσιον.
860 5312 983 5366 Καὶ·
1005 5312 1096 5366 ἐπὶ
1135 5312 1233 5382 μὲν
1259 5312 1359 5381 τῆς
1391 5311 1511 5365 καθ’
1544 5311 1843 5365 ὑπόστασιν

1959 5316 2080 5384 gite,
2108 5323 2162 5367 et
2190 5312 2254 5367 de
2280 5309 2614 5380 hypostatiea
2657 5306 2872 5377 quidem
2918 5307 3135 5364 unione.
3155 5303 3302 5373 juste
3332 5314 3518 5359 contra

364 5429 392 5456 ιι

426 5427 584 5481 Boni.
622 5444 674 5491 Χ,
705 5426 793 5481 10.

1562 5507 1794 5562 νΑΙὶΙᾸΞ
1834 5508 2239 5566 LECTIONES.

2741 5606 2784 5637 ⁸⁷
2832 5606 3144 5659 Ἀθανάσιον
3179 5621 3239 5667 ς,
3315 5604 3361 5636 ⁸⁸
3390 5602 3506 5674 τοῦ]

2744 5677 2783 5708 ⁸⁸
2818 5677 2882 5728 ἐκ
2908 5674 3001 5728 τοῦ
3052 5677 3132 5737 είς
3171 5674 3263 5727 τὸν
3307 5672 3500 5740 εύαγγ.

2741 5748 2768 5798 ηε
2800 5764 2858 5811 ς.
2967 5745 3013 5776 ⁸³
3042 5742 3271 5817 καρδίαν
3295 5772 3364 5784 -
3394 5743 3508 5797 aed.

3042 5761 3271 5799 καροιαν
3295 5772 3364 5784 ⁸-

329 5613 378 5645 ⁸*
405 5611 668 5682 διαίρεσις
697 5609 921 5662 ύπονοία
938 5608 1000 5682 Α..
1060 5609 1121 5682 ,⁸-⁵
1147 5614 1261 5674 post
1280 5602 1459 5682 gnat);
1486 5602 1653 5682 deest
1668 5607 2041 5682 παραινοῦσιν.
2118 5608 2163 5682 ’ξ
2199 5607 2324 5682 |i_h_ri
2360 5607 2663 5682 μάρτυρας.

252 5683 368 5735 τῶν
410 5673 604 5734 τούἈ.
680 5681 725 5712 ⁸⁸
758 5678 877 5732 libri
914 5673 1200 5746 Κύριλλον.
1278 5675 1323 5747 ⁸1³
1356 5676 1460 5747 καὶ.Δ
1505 5674 1569 5725 ἐκ
1594 5673 1691 5747 τῆς
1732 5677 1858 5747 ἑρμ.
1911 5677 2009 5745 τῆς
2050 5676 2185 5746 πρὸς
2230 5673 2383 5747 Ἐϐρ⁸
2418 5673 2639 5747 omfA.

270 5751 527 5817 Ἰωάννην
576 5752 775 5817 ὑπομν.
810 5765 869 5811 ς’.
947 5741 1472 5817 ⁶¹’καὶὲκγτοῦ-περὶ.
1499 5774 1565 5782 -
1592 5741 1772 5817 θ’ίκαϊ
1795 5741 1841 5813 η’
1880 5748 1930 5800 in
1965 5741 2069 5817 ing.
2097 5741 2259 5814 'pouil
2295 5741 2355 5799 Δί
2460 5746 2504 5777 ⁸³
2541 5748 2768 5817 κατηχετ
2800 5764 2858 5811 ς.

272 5840 344 5874 αα
378 5840 435 5885 ς.
482 5812 568 5872 ἰνί.
611 5812 765 5875 Rom.
800 5834 850 5881 Σ,
884 5818 967 5870 ιι).
1050 5817 1093 5843 Η
1129 5816 1217 5868 καὶ
1242 5830 1266 5862 ο
1304 5812 1506 5874 ἁπλοῦς
1538 5828 1673 5866 l'urr.
1714 5814 1774 5866 Α.
