4208 6448
697 347 797 411 991

698 462 953 529 pietatem
1001 460 1358 528 compositum
1415 457 1610 509 dit-itur
1658 474 1671 509 :

700 552 879 605 dicere
930 565 1089 604 nemo
1145 553 1340 605 audeat
1384 559 1589 616 praeter
1638 545 2047 616 Apollinarium.
2096 542 2270 595 Mani-

703 643 837 695 l'este
886 652 940 695 et
988 640 1271 701 Christus,
1324 640 1637 708 hypostasin
1694 637 2045 703 compositam
2116 648 2271 699 esse.

705 743 950 785 naturam
1002 748 1105 786 non
1154 733 1279 785 item
1319 747 1333 783 :
1376 733 1589 783 lntrans
1636 740 1815 783 autem
1868 728 1935 781 ad
1982 727 2277 796 discipulos

704 822 969 876 obturatis
1009 824 1214 877 ostiis:
1270 820 1514 889 Palpate,
1563 822 1754 889 inquit,
1808 830 1859 874 et
1916 820 2098 881 videte,
2151 820 2275 889 quia

706 916 925 983 spiritus
967 932 1173 968 carnem
1205 924 1248 968 et
1285 930 1401 965 ossa
1450 931 1549 966 non
1591 914 1764 976 habet,
1800 913 1933 966 sicut
1970 928 2051 965 me
2089 913 2278 966 videtis

707 1001 894 1053 habere
936 1010 998 1064 V;
1049 1010 1102 1054 et
1154 1001 1277 1053 alibi
1319 1018 1331 1053 :
1379 998 1604 1068 Spiritus
1647 1012 1723 1054 est
1780 1001 1941 1064 Deus,
1975 1012 2021 1054 et
2066 1018 2152 1054 eos
2190 1002 2278 1068 qni

709 1091 931 1143 adorant
989 1108 1142 1157 eum,
1200 1093 1253 1144 iu
1293 1092 1492 1160 spiritu
1533 1102 1581 1145 et
1639 1095 1852 1146 veritate
1900 1102 2098 1159 Oportet
2152 1094 2280 1145 ndo-

712 1199 829 1235 rare
859 1192 905 1236 ι.
940 1183 1217 1250 Quomodo
1252 1184 1364 1237 haec
1410 1197 1539 1253 ergo
1584 1200 1689 1238 non
1729 1185 2003 1252 pugnant?
2037 1185 2119 1237 vel
2155 1184 2283 1253 quia

712 1274 1004 1326 secundum
1042 1276 1333 1326 essentiam
1367 1274 1665 1328 divinitatis
1705 1289 1921 1327 carnem
1960 1289 2063 1327 non
2098 1274 2283 1337 habet,

714 1363 927 1426 quando
957 1363 1189 1416 essentia
1234 1364 1531 1429 composita
1562 1377 1684 1417 esse
1726 1363 1930 1428 nequit,
1968 1360 2060 1415 sed
2093 1375 2287 1416 secun-

715 1452 839 1503 dum
873 1467 1155 1519 personam
1188 1463 1242 1506 et
1276 1454 1585 1522 hypostasiu
1632 1468 1848 1506 carnem
1881 1450 2064 1515 habet,
2096 1462 2155 1505 ut
2188 1453 2286 1505 ha-

716 1543 842 1597 bere
888 1546 1148 1605 cernitur,
1181 1558 1235 1597 et
1284 1545 1423 1612 quod
1473 1562 1577 1599 non
1630 1548 1789 1598 habet
1823 1546 2117 1598 secundum
2162 1545 2290 1598 sub-

718 1635 970 1687 stantiam
1004 1638 1130 1704 (uon
1162 1637 1303 1687 enim
1336 1638 1667 1703 compositus
1708 1642 1845 1703 erat)
1889 1636 1987 1688 hoc
2033 1636 2287 1705 hypusta-

722 1726 825 1778 tice
876 1727 1143 1793 possidet,
1202 1728 1504 1796 hypostasis
1552 1728 1696 1779 enim
1749 1728 2043 1793 composita
2092 1738 2195 1792 est,
2236 1737 2290 1780 et

720 1816 1014 1869 secundum
1071 1833 1231 1870 unam
1285 1816 1501 1885 quidem
1561 1819 1917 1872 substantiam
1975 1836 2076 1873 non
2133 1822 2293 1874 habet

720 1907 965 1972 alteram,
1006 1911 1095 1962 sed
1132 1909 1272 1976 quod
1319 1910 1382 1961 ad
1430 1925 1735 1978 personam,
1776 1920 2056 1980 utramque
2103 1915 2291 1972 habet.

720 2002 1169 2067 quemadmodum
1211 2012 1263 2055 et
1310 2016 1524 2055 carnem
1558 2003 1718 2057 habet
1755 2018 1816 2056 ac
1843 2004 2091 2071 Spiritum
2126 2006 2294 2075 hypo-

722 2094 912 2146 statice
967 2112 978 2143 :
1035 2095 1460 2147 subdantiulilel‘
1512 2110 1638 2149 vero
1686 2111 1859 2163 neque
1922 2098 2144 2163 spiritus
2212 2106 2295 2151 est

723 2196 869 2245 caro,
903 2197 1071 2248 neque
1103 2198 1228 2235 caro
1259 2183 1481 2251 spiritus
1526 2184 1699 2237 induit
1746 2193 2013 2239 naturam.
2057 2186 2169 2240 Hoc
2197 2202 2296 2240 ex-

724 2272 947 2340 planans
995 2273 1189 2342 2561
1239 2274 1429 2327 beatus
1477 2275 1710 2347 Cyrillus
1746 2294 1757 2329 :
1800 2277 1860 2331 Si
1894 2280 2051 2341 enim,
2099 2280 2294 2345 inquit,

724 2379 848 2415 caro
877 2380 997 2416 caro
1034 2376 1106 2417 est
1139 2374 1185 2417 et
1217 2382 1317 2418 non
1363 2367 1553 2429 deitas,
1592 2370 1689 2419 etsi
1739 2367 1832 2420 Dei
1872 2385 1992 2421 caro
2018 2369 2164 2437 facta
2197 2380 2294 2430 est,

724 2456 1009 2506 secundum
1070 2458 1418 2507 substantia»:
1491 2458 1846 2524 (li/ferentium
1907 2460 2145 2523 invenio,
2201 2462 2298 2515 etsi

724 2542 915 2594 Filium
976 2561 1134 2596 unum
1183 2562 1292 2597 esse
1333 2548 1607 2610 conﬁtear.
1646 2548 1844 2601 Adluec
1890 2551 1941 2601 in
1991 2552 2297 2621 Evangeliis

725 2632 973 2687 Christus
1022 2650 1143 2687 cum
1204 2636 1333 2688 dicit
1371 2654 1382 2688 :
1418 2635 1483 2688 Ut
1542 2638 1643 2689 siut
1703 2656 1865 2689 unum
1922 2641 2052 2692 sicut
2102 2654 2149 2695 et
2205 2659 2298 2696 nos

726 2740 887 2777 unum
938 2742 1141 2787 smnus,
1178 2725 1289 2794 Ego
1324 2728 1375 2778 in
1412 2729 1505 2793 eis,
1536 2739 1580 2779 et
1617 2738 1669 2780 tu
1718 2730 1770 2782 in
1814 2746 1890 2782 me
1917 2738 1965 2784 Υ.
2009 2729 2299 2799 Utriusque

727 2817 1243 2870 consubstantialem
1322 2828 1521 2871 natura:
1599 2819 1763 2873 fuisse
1815 2824 2069 2873 ostendit.
2121 2819 2298 2876 Unum

726 2908 868 2958 enim
914 2916 993 2959 est
1028 2909 1201 2959 divina
1251 2918 1439 2960 natura
1485 2925 1606 2962 eum
1640 2910 1795 2963 l’atre
1829 2911 1922 2964 Dei
1964 2911 2217 2977 Verbum,
2246 2924 2301 2966 et

727 3012 890 3048 tnmm
938 3014 1145 3049 rursum
1200 2998 1250 3049 in
1306 2998 1455 3066 ipsis,
1500 3000 1548 3050 id
1595 3010 1675 3051 est
1719 3005 2013 3054 secundum
2057 3018 2297 3057 nosmim

1847 343 2110 403 ΡΗΟΤῙΙ
2148 342 2658 403 ΡΛΤΙὶῐΛῐὶΟΗίΕ
2694 343 2803 403 CP.

1724 455 2082 523 compositum
2140 466 2271 505 vero
2300 456 2336 510 Λ

2398 450 2618 513 ηνώσεως
2666 449 2887 513 δικαίως
2935 451 3083 520 παρὰ
3132 452 3230 521 τῆς
3270 451 3551 515 εὐσεϐείας
3590 453 3653 505 τὸ
3704 452 3969 507 σύνθετον

3854 347 3968 408 992

2375 542 2609 607 λέγεται·
2649 540 2901 591 σύνθετον
2929 539 2985 589 δὲ
3029 538 3216 591 οὐσίαν
3261 540 3436 602 οὐδεὶς
3480 542 3655 594 εἰπεῖν
3691 543 3963 611 ἐτόλμησε

2376 633 2515 703 πλὴν
2550 632 2950 701 ’Δπολιναρίου.
2990 632 3175 700 Δηλῶν
3212 633 3268 685 δὲ
3303 634 3397 685 καὶ
3426 635 3454 685 6
3484 633 3688 703 Κύριος
3722 636 3805 687 ὅτι
3840 636 3967 686 σύν-

2377 726 2527 788 Θετος
2563 727 2659 794 μὲν
2687 725 2850 776 αὑτοῦ
2879 727 2911 793 ἡ
2942 726 3255 787 ὑπόστασις,
3289 726 3469 777 οὐκέτι
3495 725 3551 777 δὲ
3589 726 3680 777 καὶ
3712 728 3743 793 ἡ
3778 727 3963 792 φύσις,

2377 818 2485 870 τῶν
2532 818 2630 887 μὲν
2676 816 2855 885 Θυρῶν
2909 817 3306 885 κεκλεισμένων
3357 818 3490 885 πρὸς
3536 818 3661 878 τοὺς
3713 818 3966 884 μαθητὰς

2380 908 2659 962 εἰσελθὼν·
2698 909 3103 977 Ψηλαρήσατέ
3130 910 3175 940 ⁸⁸
3202 926 3302 977 με,
3326 909 3493 975 λέγει,
3528 909 3627 961 καὶ
3680 908 3839 961 ιδετε
3872 910 3960 961 ὅτι

2381 1000 2616 1067 πνεῦμα
2666 998 2866 1065 σάρκα
2915 999 3015 1051 καὶ
3063 998 3243 1051 ὀστέα
3292 1000 3403 1051 οὐκ
3448 1000 3569 1065 ἔχει
3613 998 3810 1062 καθὼς
3860 996 3966 1063 ἐμὲ

2383 1088 2649 1157 θεωρεῖτε
2680 1088 2918 1155 ἔχοντα·
2944 1087 3177 1155 ἀλλαχοῦ
3207 1088 3283 1139 δέ·
3314 1087 3551 1153 Πνεῦμα
3570 1088 3612 1117 "
3638 1090 3669 1138 ό
3701 1088 3847 1150 Θεὸς
3864 1087 3964 1137 καὶ

2384 1180 2526 1245 τοὺς
2585 1177 3075 1247 προσκυνοῦντας
3150 1179 3339 1232 αὑτὸν
3394 1178 3462 1231 ἐν
3513 1180 3804 1243 πνεύματι
3867 1177 3968 1227 καὶ

2385 1272 2634 1337 ἀληθεία
2692 1270 2789 1323 δεῖ
2835 1270 3227 1336 προσκυνεῖν.
3286 1270 3409 1331 ηὼς
3457 1264 3550 1321 οὖν
3600 1268 3698 1319 οὑκ
3748 1268 3972 1319 ἐναντία.

2387 1364 2591 1426 mira;
2620 1365 2651 1432 ἦ
2682 1364 2764 1415 ὅτι
2802 1361 2941 1415 κατὰ
2974 1362 3072 1431 μὲν
3109 1361 3208 1430 τὴν
3250 1360 3437 1413 οὐσίαν
3463 1360 3560 1428 τῆς
3590 1360 3843 1426 θεότητος
3867 1360 3970 1409 οὐκ

2390 1453 2502 1522 ἔχει
2552 1454 2757 1523 σάρκα,
2806 1454 2994 1521 ἐπειδὴ
3040 1452 3173 1521 μηδὲ
3206 1452 3252 1482 ⁸⁸
3286 1451 3508 1503 δύναται
3569 1450 3818 1510 σύνθετος
3853 1449 3899 1479 ⁸⁸
3936 1451 3969 1515 ἡ

2390 1546 2545 1597 οὐσία
2574 1542 2742 1606 εἶναι,
2776 1544 2854 1612 τῷ
2884 1544 2941 1594 δὲ
2972 1543 3247 1613 προσώπῳ
3279 1544 3371 1593 καὶ
3400 1546 3463 1609 τῇ
3500 1540 3795 1593 ὑποστάσει
3830 1539 3969 1607 ἔχει,

2392 1639 2574 1700 καθὼς
2606 1639 2766 1699 αὐτὸς
2790 1638 2927 1706 ἔχων
2956 1638 3258 1706 ἐθεωρεῖτω
3295 1637 3385 1688 καὶ
3410 1637 3546 1703 ὅπερ
3568 1635 3667 1686 οὑκ
3692 1630 3803 1699 εἶχε
3830 1632 3973 1684 κατὰ.

2393 1732 2490 1801 τὴν
2534 1730 2723 1783 οὐσίαν
2760 1731 2842 1799 (οὐ
2896 1730 3004 1797 γὰρ
3054 1725 3124 1798 ἦν
3176 1727 3469 1794 σύνθετος),
3500 1726 3657 1778 τοῦτο
3701 1726 3843 1777 κατᾶ
3873 1725 3973 1791 τὴν

2394 1823 2689 1875 ὑπόστασιν
2720 1822 2833 1891 ἔχει
2862 1820 3137 1891 (σύνθετος
3170 1818 3287 1886 [421
3328 1817 3420 1889 [1.]
3451 1820 3560 1885 γὰρ
3592 1818 3729 1886 αὕτη
3752 1819 3844 1883 ⁷⁸)·
3879 1816 3974 1867 καὶ

2394 1916 2516 1966 καῦ*
2539 1916 2731 1983 ἑτέραν
2763 1914 2861 1983 μὲν
2889 1912 3080 1966 οὑσεαν
3106 1912 3204 1964 οὑκ
3234 1911 3347 1979 ἔχει
3371 1909 3469 1979 τὴν
3501 1908 3711 1979 ἑτέραν,
3742 1909 3886 1959 κατὰ
3916 1908 3975 1958 δὲ

2393 2009 2491 2078 τὴν
2528 2009 2826 2060 ὑπόστασιν
2864 2007 3134 2075 ἑκατέραν
3165 2005 3297 2074 ἔχει.
3332 2004 3493 2055 Ὥστε
3523 2001 3618 2054 καὶ
3653 2002 3830 2068 σάρκα
3862 2001 3975 2067 ἔχει

2396 2098 2489 2149 καὶ
2526 2098 2746 2164 πνεῦμα
2776 2096 2919 2148 κατὰ
2944 2095 3043 2165 τὴν
3076 2095 3390 2147 ὑπόστασιν
3418 2094 3558 2145 κατὰ
3578 2092 3633 2143 δὲ
3663 2091 3759 2159 τὴν
3785 2090 3977 2141 οὐσίαν

2394 2188 2519 2239 οὔτε
2562 2188 2624 2239 τὸ
2666 2186 2883 2256 πνεῦμά.
2927 2188 3042 2240 ἐστι
3093 2184 3247 2255 σὰρξ,
3296 2183 3420 2237 οὗτε
3464 2186 3496 2253 ἡ
3550 2183 3684 2251 σὰρξ
3731 2182 3830 2249 τὴν
3883 2179 3979 2232 τοῦ

2398 2280 2707 2347 πνεύματος
2738 2279 2898 2346 φύσιν
2926 2278 3153 2346 ὑπῆλθε.
3186 2275 3356 2327 Τοῦτο
3394 2276 3451 2327 δὲ
3480 2273 3796 2344 ἑρμηνεύων
3830 2273 3926 2323 καὶ
3952 2273 3981 2322 6

2399 2368 2541 2437 ἱερὸς
2568 2368 2856 2436 Κύριλλος,
2877 2367 2945 2419 ’11
2968 2366 3076 2435 γὰρ
3104 2366 3280 2431 σὰρξ,
3303 2366 3456 2433 φησι,
3478 2362 3611 2433 σάρξ
3637 2366 3773 2423 ἐστι,
3796 2363 3980 2415 καὶού

2398 2460 2631 2525 θεότης,
2663 2460 2716 2511 εί
2740 2458 2836 2511 καὶ
2856 2458 3005 2512 Θεοῦ
3028 2457 3236 2525 τέτοιέ
3266 2455 3423 2521 σιὶίηξ
3441 2473 3453 2485 ·
3476 2456 3587 2521 τὴν
3604 2454 3729 2506 κατ’
3762 2455 3983 2506 οὐσίαν

2398 2548 2531 2615 γὰρ,
2550 2548 2735 2617 φησὶν,
2754 2550 3013 2614 εὑρίσκω
3028 2547 3340 2614 διαφορὰν,
3364 2547 3477 2597 κᾶν
3502 2547 3564 2596 τὸ
3584 2543 3690 2608 τῆς
3707 2546 3985 2608 υιότητος

2393 2640 2728 2709 μοναδικόν
2754 2638 3043 2706 ὁμολογῶ.
3076 2638 3183 2688 Καὶ
3214 2636 3637 2703 ὲνΕὑαγγελίοις
3669 2637 3723 2688 δὲ
3750 2635 3924 2701 λέγων
3959 2638 3988 2687 6

2406 2733 2633 2799 Κύριος·
2670 2733 2802 2783 Ἵνα
2842 2732 2884 2760 ⁷⁸
2918 2725 3070 2783 ὦσιν
3088 2729 3177 2791 ἐν,
3206 2730 3399 2793 καθὼς
3446 2730 3615 2796 ἡμεῖς
3657 2729 3726 2780 ἓν
3772 2731 3982 2795 ἐσμεν,

2401 2823 2563 2891 κάγὼ
2586 2824 2656 2874 ἐν
2687 2823 2910 2887 αὐτοῖς,
2948 2821 3047 2873 καὶ
3078 2820 3159 2874 σὺ
3192 2820 3261 2871 ἐν
3290 2819 3417 2888 ἐμοὶ
3445 2822 3507 2871 τὸ
3540 2819 3823 2886 όμοούσιον
3854 2821 3986 2870 ἑκα-

2400 2914 2562 2983 τέρας
2594 2912 2829 2981 ἐδήλωσε
2873 2911 3106 2979 φύσεωςο
3144 2911 3201 2962 ἓν
3231 2911 3339 2979 γάρ
3372 2911 3487 2962 ἐστι
3528 2912 3592 2979 τῇ
3634 2909 3791 2977 Οεῐκῇ
3826 2910 3988 2976 οὐσίᾳ

2404 3008 2463 3057 ὲν
2509 3006 2586 3073 τῷ
2637 3004 2812 3073 [lath
2835 3005 2863 3056 6
2892 2999 2970 3065 εἷς
2994 3004 3124 3066 Θεὸς
3171 3006 3367 3069 Λόγος,
3398 3002 3492 3054 καὶ
3522 3003 3580 3053 ἓν
3613 3002 3775 3054 πάλιν
3807 3003 3864 3050 ἐν
3890 3002 3989 3053 αὖ-

725 3087 1035 3139 essentiam.
1104 3088 1271 3139 Dictis
1323 3090 1624 3142 assentiens
1677 3089 1908 3158 Cyrillus
1958 3094 2037 3145 sic
2092 3093 2336 3160 dielumi

2403 3100 2536 3160 τοίς,
2564 3096 2836 3149 τουτέστιν
2866 3098 2930 3164 τῇ
2956 3095 3076 3146 καθ’
3111 3096 3253 3162 ἡμᾶς
3278 3094 3455 3161 οὐσίᾳ.
3492 3093 3764 3160 Ὀμονοῶν
3792 3092 3851 3143 δὲ
3876 3096 3990 3153 τοῖς

728 3176 979 3242 explanat
1012 3194 1022 3227 :
1060 3176 1539 3243 Quemadmodum,
1580 3180 1774 3244 inquit,
1828 3198 1919 3249 ego
1959 3184 2010 3233 in
2044 3184 2141 3246 eis,
2177 3190 2300 3252 quia

730 3284 935 3318 carnem
984 3268 1193 3319 illorum
1242 3279 1431 3334 gestat,
1466 3280 1510 3320 et
1555 3282 1604 3321 ut
1659 3268 1841 3331 Pater,
1879 3282 1933 3323 tu
1966 3276 2016 3325 in
2050 3291 2148 3338 me,
2177 3278 2306 3344 quia

732 3368 835 3410 tua’
872 3376 981 3409 sum
1021 3359 1275 3411 essentiw.
1313 3359 1401 3412 Sic
1437 3363 1546 3411 volo
1581 3374 1631 3413 ul
1669 3364 1721 3414 lii
1747 3380 1947 3432 quoque
1980 3367 2030 3417 in
2061 3370 2303 3421 unionem

730 3453 942 3504 addueti
990 3453 1375 3521 eonjungautur
1424 3456 1677 3519 invicem;
1714 3469 1759 3508 et
1808 3468 1859 3509 ιιι
1907 3476 2065 3511 unum
2114 3478 2305 3531 corpus

730 3544 783 3595 in
816 3560 893 3595 me
929 3561 1103 3596 omnes
1134 3546 1261 3607 sint,
1290 3546 1425 3596 sicut
1462 3563 1561 3596 uno
1590 3550 2054 3613 eompreheudente
2090 3557 2299 3621 templo.

730 3634 874 3686 Hem
924 3638 1081 3686 etiam
1131 3635 1295 3688 Isaias
1344 3637 1424 3688 his
1473 3638 1647 3689 verbis
1694 3640 1889 3691 asserit
1925 3658 1937 3693 :
1973 3640 2114 3695 Puer
2147 3655 2304 3699 natus

729 3732 805 3774 est
835 3725 979 3775 nobis
1006 3737 1051 3776 et
1078 3726 1220 3789 ﬁtius
1255 3728 1408 3777 (Iulus
1438 3736 1511 3778 est
1535 3727 1681 3780 nobis
1710 3738 1753 3795 z;
1786 3739 1833 3781 et
1860 3729 1995 3784 Deus
2021 3744 2095 3785 est
2123 3747 2304 3799 potens

729 3830 789 3865 ac
821 3815 993 3879 fortis.
1031 3815 1145 3880 Qua
1183 3832 1313 3883 puer
1344 3828 1425 3871 est
1458 3819 1611 3871 nobis
1646 3823 2122 3877 eonsubstantialis
2152 3842 2164 3877 :
2198 3841 2306 3892 qua

732 3922 861 3959 vero
893 3904 1051 3969 Deus,
1082 3906 1225 3959 Patri
1256 3920 1309 3959 et
1337 3920 1522 3962 saneto
1555 3908 1781 3977 Spiritui
1806 3914 2304 3969 consubstantialis.

730 3997 1024 4067 Gregorius
1071 4014 1284 4067 quoque
1338 3998 1612 4069 Nyssenus
1664 3988 1859 4057 contra
1911 4005 2309 4073 Apollinarium

732 4094 1017 4147 scribens:
1056 4092 1114 4147 Si
1162 4097 1298 4147 enim
1348 4097 1398 4147 in
1448 4098 1749 4161 contrariis,
1786 4098 1980 4168 inquit,
2016 4102 2311 4167 proprieta-

732 4185 870 4235 tibus
917 4186 1188 4253 utriusque
1228 4187 1458 4238 cernitur
1506 4198 1718 4253 natura,
1755 4190 1954 4253 carnis,
1990 4191 2229 4258 inquam,
2261 4202 2308 4244 et

737 4276 1049 4339 divinitatis,
1078 4279 1335 4344 quomodo
1362 4294 1465 4329 una
1492 4278 1595 4330 duo
1616 4282 1641 4333 ?

2412 3190 2726 3259 εἰρημένοις
2754 3191 2781 3240 6
2806 3188 3072 3256 Κύριλλος
3100 3186 3241 3238 οὖεω
3270 3188 3363 3238 καὶ
3410 3186 3571 3247 αὐτὸς
3599 3188 3897 3256 ἑρμηνεὺει
3929 3186 3992 3235 τὸ

2405 3281 2586 3352 ῥητόν·
2605 3282 2851 3347 Ὥσπερ,
2866 3278 3050 3348 φησὶν,
3075 3279 3187 3346 ἐγὼ
3208 3280 3321 3345 εἰμι
3340 3279 3408 3329 ἐν
3424 3278 3649 3341 αὐτοῖς,
3674 3277 3770 3327 διὰ
3789 3278 3856 3327 τὸ
3878 3276 3995 3339 τὴν

2402 3372 2597 3438 αὐτὴν
2631 3369 2835 3433 αὐτοῖς
2861 3368 3110 3436 φορέσαι
3146 3368 3361 3432 σάρκα,
3387 3367 3481 3418 καὶ
3508 3366 3611 3430 σὺ,
3638 3362 3683 3419 ὦ
3706 3366 3900 3431 Πάτερ
3922 3367 3990 3429 ⁷³,

2404 3463 2473 3513 ἐν
2518 3462 2668 3528 ἐμοὶ,
2715 3460 2813 3513 διὰ
2855 3460 2922 3512 τὸ
2959 3456 3113 3511 εἶναί
3146 3475 3222 3524 με
3256 3457 3365 3523 τῆς
3398 3457 3519 3523 σῆς
3559 3457 3795 3519 οὐσίας,
3839 3458 3997 3509 οὔτω

2408 3554 2700 3620 ϐούλομαι
2736 3553 2837 3604 ἵνα
2880 3552 2977 3603 καὶ
3018 3551 3185 3603 αὐτοὶ
3230 3552 3316 3612 εὶς
3346 3548 3601 3613 ἑνότητά
3648 3564 3783 3601 τινα
3838 3564 3995 3600 συν-

2401 3662 2439 3694 ιι
2442 3643 2686 3711 χθέντες
2705 3642 2999 3706 ἀλλήλοις
3013 3639 3394 3705 ἀνακραθῶσι
3412 3638 3719 3706 καὶῶσπερ
3738 3639 3808 3689 ἓν
3823 3640 3998 3706 σῶμα

2404 3735 2712 3803 γενόμενοι
2733 3733 2779 3763 ⁷³
2802 3732 2872 3783 ἐν
2897 3733 3025 3800 ἐμοὶ
3060 3732 3283 3795 πάντες
3309 3727 3481 3793 ὦσιν,
3512 3731 3591 3795 ὠς
3613 3730 3848 3795 πάντας
3886 3748 3995 3798 φο-

2398 3824 2607 3894 ροῦντι
2644 3825 2743 3877 διὰ
2774 3822 2881 3877 τοῦ
2930 3823 3068 3888 ἑνὸς
3106 3823 3562 3890 ἀναληφθέντος
3590 3822 3760 3875 ναοῦ.
3808 3824 3997 3884 Ταῦτα

2406 3916 2461 3968 δὲ
2491 3916 2582 3969 καὶ⁵
2612 3916 2640 3966 ὁ
2671 3916 2718 3945 ⁷⁸
2746 3915 3031 3984 προψήτης
3064 3915 3293 3977 Ἡσαΐας
3318 3916 3362 3945 ⁷⁵
3395 3915 3557 3983 φησὶν
3586 3916 3644 3966 ἐν
3676 3913 3756 3982 τῷ
3787 3915 3993 3980 λέγειν·

2408 4007 2658 4059 Παιδίον
2684 4006 2977 4074 ἐγεννήθη
3010 4006 3172 4073 ἡμῖν,
3211 4006 3343 4069 Υίὲς
3370 4006 3465 4057 καὶ
3499 4004 3674 4070 ἐδόθη
3706 4006 3874 4073 ἡμῖν,
3898 4007 3996 4057 καὶ

2412 4100 2555 4162 Θεός
2578 4098 2749 4151 ἐστιν
2769 4098 3201 4163 ἐξουσιαστὶις,
3230 4100 3497 4163 ίσχυρόςο
3520 4098 3606 4151 διὰ
3636 4098 3734 4165 μὲν
3763 4100 3875 4165 γὰρ
3906 4097 3997 4149 τοῦ

2410 4189 2620 4241 παιδίον
2662 4190 2723 4241 τὸ
2752 4190 2883 4258 ἡμῖν
2909 4187 3217 4257 όμοούσιον,
3262 4189 3350 4242 διὰ
3385 4189 3439 4239 δὲ
3468 4188 3558 4240 τοῦ
3598 4188 3731 4251 Θεὸς
3763 4190 3825 4240 τὸ
3864 4190 4000 4257 πρὸς

2408 4283 2499 4333 τὸν
2534 4282 2751 4349 Πατέρα
2781 4282 2875 4333 καὶ
2905 4281 2966 4332 τὸ
3002 4280 3226 4348 Πνεῦμα
3255 4281 3519 4347 ἐκήρυξεν
3548 4281 3855 4347 ὁμοούσιον.
3890 4282 4001 4333 Καὶ

737 4366 765 4414 ὸ
810 4364 1026 4431 Νύσσης
1078 4366 1129 4417 δὲ
1180 4364 1479 4434 Γρηγόριος
1524 4368 1580 4417 ἐν
1620 4366 1698 4436 τῷ
1738 4368 1878 4419 κατὰ
1921 4368 2301 4440 Ἀπολιναρίου
2340 4373 2601 4439 γράφων·
2637 4374 2707 4422 Ei
2745 4370 2955 4434 ἐντοῖς
2978 4370 3297 4434 ἐναντίοις,
3346 4374 3534 4439 φησιν,
3574 4371 3893 4440 ὶδιώμασιν
3962 4376 3999 4440 ἡ

734 4453 979 4519 θατέρου
1034 4456 1257 4506 τούτων
1305 4456 1599 4522 θεωρεῖται
1654 4458 1862 4523 φύσις,
1922 4458 2029 4525 τῆς
2074 4460 2305 4527 σαρκὸς
2336 4462 2487 4527 λέγω
2517 4461 2615 4511 καὶ
2648 4458 2756 4523 τῆς
2793 4460 3087 4525 θεότητος,
3117 4458 3245 4523 πῶς
3270 4461 3381 4525 μία
3410 4463 3468 4513 αι
3500 4460 3644 4519 δύος

806 4549 930 4602 “ilic
986 4567 1139 4604 sacer
1191 4552 1531 4616 Ephraemius
1576 4569 1897 4622 congercns,
1930 4555 2091 4621 impie
2143 4556 2312 4609 inter-
2349 4560 2389 4613 υ

735 4640 1068 4704 pretantihus
1119 4638 1329 4693 Domini
1388 4641 1550 4694 sociis
1606 4642 1732 4695 illud
1778 4661 1790 4696 :
1840 4642 1905 4695 Et
1947 4645 2207 4697 habitavit
2256 4649 2310 4697 in

736 4729 879 4781 nobis
914 4732 979 4783 ι’.
1020 4731 1137 4785 Illos
1176 4734 1319 4785 enim
1348 4734 1695 4802 reprehendit
1724 4750 1738 4786 :
1772 4734 1906 4788 Nam
1940 4752 2036 4805 pro
2072 4737 2161 4790 illo
2191 4750 2205 4789 :
2243 4734 2311 4788 lu

736 4830 873 4871 terra
907 4822 1041 4874 visus
1072 4832 1166 4888 est,
1194 4834 1238 4876 et
1280 4840 1398 4876 cum
1431 4826 1726 4878 hominibus
1770 4839 2107 4880 conversatus
2135 4838 2208 4880 est
2237 4839 2261 4866 ι
2292 4843 2306 4879 :

735 4926 920 4963 vocem
975 4926 1227 4979 perverse
1281 4916 1583 4980 intellexit,
1640 4918 1779 4972 hanc
1838 4918 1912 4971 illi
1972 4920 2235 4986 aequando
2295 4940 2309 4977 :

736 5000 828 5053 Lot
868 5004 1121 5077 habitavit
1152 5007 1202 5059 in
1250 5009 1454 5075 oppidis
1496 5011 1637 5061 εἰν-ειη
1682 5010 1994 5077 Jardanem,
2025 5021 2071 5063 et
2104 5013 2313 5065 habita-

734 5096 798 5147 vit
846 5096 896 5147 in
932 5096 1174 5152 Sodomis
1202 5102 1271 5165 δ’,
1310 5111 1498 5156 taxans
1547 5104 1785 5171 ineptam
1840 5105 2306 5168 consecutionem,

736 5188 957 5241 verbum
1009 5190 1133 5243 illud
1183 5191 1473 5257 Habitavit,
1524 5195 1799 5263 explanat,
1855 5194 2313 5264 interpretamen-

827 5334 853 5363 ν
883 5324 1010 5382 Luc.
1042 5343 1187 5391 XXIV,
1224 5330 1311 5384 39.

1390 5338 1413 5365 ι
1449 5329 1604 5386 Joan.
1638 5349 1710 5398 tv,
1738 5334 1829 5387 24.

738 5400 783 5435 ⁸⁸
816 5395 949 5449 Gen.
984 5415 1099 5461 xui,
1134 5398 1215 5451 12.

1944 5344 1971 5384 1
2000 5335 2159 5391 Joan.
2188 5351 2324 5400 xm,
2356 5336 2445 5389 ‘21.

2490 4556 2675 4607 Ταῦτα
2708 4555 2875 4606 εἰπὼν
2910 4556 2937 4605 6
2977 4554 3122 4625 ἱερὸς
3161 4555 3480 4623 Ἐφραίμος,
3512 4555 3787 4618 δυσσεϐῶς
3822 4560 4000 4625 ἑρμη-

2418 4648 2682 4699 νευόντων
2730 4645 2840 4697 τῶν
2887 4648 3014 4715 περὶ
3068 4645 3273 4715 Δόμνον
3319 4649 3380 4698 τὸ
3414 4645 3808 4711 Ἐσκήνωσεν
3845 4650 3892 4678 ⁷⁸
3934 4650 4003 4701 ὲν

2416 4737 2956 4807 ἡμῖν,ὲπιρῤαπίζει
2999 4736 3097 4805 μὲν
3143 4737 3397 4799 τούτους·
3456 4738 3551 4791 καὶ
3591 4739 3699 4807 γὰρ
3743 4740 3865 4792 ἀντὶ
3906 4741 4003 4792 τοῦ

2420 4831 2549 4885 Ἐπὶ
2564 4830 2673 4900 τῆς
2690 4832 2734 4861 ⁷⁷
2756 4832 2922 4898 ὤφθη
2936 4830 3032 4883 καὶ
3048 4830 3171 4895 τοῖς
3186 4830 3516 4898 ἀνθρώποις
3529 4833 4001 4901 συνανεστρὰφη

2421 4920 2766 4990 παρενόησάν
2805 4920 2904 4990 τὴν
2943 4919 3150 4987 φωνὴν,
3188 4922 3245 4970 ἐν
3281 4918 3380 4988 ἴσῳ
3422 4919 3627 4989 ταύτην
3677 4921 4004 4989 νομίσαντες

2426 5012 2526 5082 τῆς
2562 5010 2844 5081 λέγουσης·
2893 5010 3023 5064 Λὼτ
3056 5011 3102 5042 ⁷⁸
3141 5011 3504 5079 ἐσκήνωσεν
3555 5014 3626 5067 ἐν
3680 5015 3858 5068 πόλει
3886 5014 4006 5068 τῶν

2423 5104 2784 5172 περιχώρων
2816 5104 2908 5155 καὶ
2948 5103 3131 5155 πάλιν·
3162 5102 3545 5169 Ἐσκήνωσεν
3582 5105 3653 5157 ἐν
3689 5105 4000 5175 Σοδόμοις.

2424 5194 2818 5264 Επιρραπίζων
2855 5194 2907 5246 δὲ
2939 5194 3033 5246 καὶ
3063 5194 3121 5247 τὸ
3148 5196 3374 5264 ἀνόητον
3420 5196 3518 5266 τῆς
3553 5197 3801 5266 ἐκδοχῆς,
3840 5200 4002 5261 αὐτὸς

2531 5345 2549 5371 ι
2589 5337 2689 5390 lsa.
2725 5351 2799 5401 Ix,
2827 5336 2880 5391 6.
2962 5340 3005 5373 ι·
3035 5334 3189 5390 Joan.
3224 5351 3260 5401 ι,
3293 5336 3377 5390 H.
3460 5348 3485 5375 α
3520 5336 3755 5390 Baruch.
3788 5352 3870 5402 ιιι,
3904 5335 4000 5391 38.

2026 5498 2258 5553 ιτΑιιιΑΞ
2290 5496 2693 5553 LECTIONES.

807 5588 853 5618 “
895 5587 1052 5710 2131.]
1113 5589 1242 5643 Luc.
1297 5606 1445 5656 utr,
1488 5594 1577 5647 39.
1684 5596 1726 5626 ⁸⁷
1759 5595 1998 5667 πνεῦμα]
2035 5595 2106 5649 lo.
2142 5596 2197 5659 ι,
2227 5596 2319 5651 24.

814 5676 825 5709 2
860 5674 894 5710 γ
939 5674 967 5710 ο
996 5660 1140 5710 ἐστιν
1165 5678 1224 5710 C'.
1302 5662 1340 5690 ⁷³
1375 5661 1505 5710 ἴναὶ·
1537 5662 1670 5710 .lnnn
1724 5682 1853 5710 “IL
1887 5667 1974 5710 9|-
2054 5667 2098 5697 ⁷³
2128 5659 2172 5710 ὦ
2204 5667 2319 5710 rei:

739 5659 779 5711 Α
807 5676 827 5731 _:
860 5659 967 5731 γάρ
996 5660 1140 5712 ἐστιν
1165 5678 1224 5723 ς’.
1302 5661 1505 5731 "_i’va\'
1537 5662 1671 5719 Joan
1724 5682 1854 5728 xvn,
1887 5659 1976 5719 9|.

741 5727 896 5781 τοῦτο
923 5729 977 5781 δὲ
1010 5746 1067 5794 ς.
1146 5733 1190 5763 ⁷⁵
1226 5728 1370 5800 111.]
1400 5733 1454 5796 9,
1477 5727 1528 5786 ti.
1611 5738 1652 5764 "'
1683 5727 1849 5791 Juau.
1875 5752 1911 5797 ι,
1954 5738 2034 5790 Η.

2054 5667 2098 5697 ⁷³
2128 5659 2172 5718 ὦ
2204 5667 2379 5718 πάτερ
2418 5666 2454 5717 Λ

2154 5684 2172 5717 ›
2204 5684 2379 5733 πατερ
2418 5684 2454 5717 ιι
2493 5684 2719 5732 ἱωσπερ
2756 5684 2816 5724 ς.

2154 5735 2460 5805 ⁷⁷ὲπίγῆς]
2498 5736 2616 5788 Uar.
2653 5748 2734 5800 ιιι,
2786 5733 2874 5787 58.

2422 5596 2467 5627 ⁸⁸
2496 5594 2631 5665 μηδὲ
2665 5596 2701 5645 .\
2738 5609 2749 5643 :
2784 5590 2859 5661 μὴ
2896 5607 2957 5665 ς.
3055 5590 3099 5665 ⁶ξ⁹
3124 5591 3157 5659 ἠ
3186 5588 3347 5643 οὑσία
3381 5589 3632 5665 σιξνοετος
3662 5609 3745 5665 ςελ
3818 5592 4006 5665 "rep

2493 5657 2719 5732 Ξῶσπερ
2756 5657 2816 5724 ξ.
2848 5657 2857 5661 ⁷
2896 5662 2940 5692 ⁷³
2972 5657 3261 5728 γενόμενον
3291 5677 3353 5723 ς.
3428 5660 3476 5691 ⁷⁶
3506 5659 3679 5714 ταῦτα
3706 5662 3760 5715 δὲ
3793 5663 3885 5716 καὶ
3908 5664 3953 5715 Δ
3974 5657 3999 5715 ἰ

2498 5736 2616 5788 Uar.
2653 5748 2734 5793 ιιι.
2786 5733 2874 5787 58.
2971 5734 3017 5763 ⁷⁵
3084 5708 3224 5783 Cen.
3260 5744 3377 5793 vm,
3408 5730 3495 5785 12.
