4208 6448
182 421 295 487 993

1234 415 1757 477 BIBLIOTIIECA.
1781 439 1849 451 —
1882 415 2045 475 COD.
2076 415 2379 478 CCXXIX.

3343 428 3445 491 994

181 532 265 595 τὺ,
292 529 671 594 ἐσκήνωσεν,
706 524 1043 580 ἀναπτύσσει
1076 528 1374 595 σαφήνειαν
1411 522 1678 589 εἷναιτοῦ,
1718 524 1755 575 ’ί

1877 532 1988 576 tum
2031 538 2151 579 esse
2190 524 2348 591 ejus:
2386 524 2611 581 Verbum
2651 545 2776 581 cato
2806 532 3001 597 factum
3033 540 3129 595 est,
3163 540 3220 586 et
3267 548 3450 602 repre-

184 623 378 689 Λόγος
404 620 561 688 σὰρξ
608 618 866 688 ἐγένετο,
914 615 1007 669 καὶ⁹
1033 616 1251 685 ἔλεγχον
1275 615 1381 668 τῶν
1410 617 1615 687 τροπήν
1645 631 1766 667 τινα

183 714 277 764 καὶ
331 712 617 764 ἀλλοίωσιν
665 709 761 762 τοῦ
818 709 992 777 Λόγου
1052 708 1354 778 μελλόντων
1414 710 1759 777 κατηγορεῖν.

180 804 313 875 [803
367 802 461 873 IL]
488 805 594 855 Καὶ
635 804 743 871 γάρ
782 800 1001 854 εἰπὼνό
1039 800 1455 870 εύαγγελιστής’
1502 798 1567 853 '0
1584 800 1765 864 λόγος

178 894 343 962 σὰρξ
383 893 637 962 ἐγένετο,
669 893 833 956 εὐθὺς
888 893 1111 961 συνῆψε,
1150 892 1258 946 Καὶ
1296 892 1652 958 ἐσκήνωσεν
1695 891 1766 942 ἐν

178 985 350 1053 ἡμῖν,
390 988 488 1054 τήν
522 1002 579 1037 τε
624 986 705 1049 εἰς
759 984 888 1055 μίαν
936 984 1237 1037 ὑπόστασιν
1293 982 1512 1035 σύνοδον
1554 981 1649 1034 καὶ⁵
1706 981 1767 1033 τὸ

180 1076 563 1145 ἀμετάϐλητον
599 1077 697 1145 τῆς
741 1076 789 1107 τ’
845 1076 1110 1145 ἑκατέρας
1151 1074 1367 1143 φύσεως
1395 1075 1460 1125 δι’
1500 1073 1767 1143 ἑκατέρας

181 1168 525 1220 ἐκδιδάσκων
562 1170 764 1238 φωνῆς.
800 1170 957 1222 Οὖτω
999 1168 1061 1221 τὸ
1100 1169 1294 1235 Λόγιον
1329 1168 1639 1237 θεωρήσας,
1674 1165 1766 1217 τόν

1872 617 2185 669 ltensionem
2213 619 2565 673 mutationem
2592 632 2753 689 atque
2777 622 3154 676 alterationem
3181 621 3338 678 Verbi
3368 642 3451 681 ac-

1868 708 2156 761 cusaturis.
2194 709 2332 764 Dicit
2358 712 2500 765 enim
2538 714 2903 783 evangelista:
2945 712 3164 767 Verbum
3206 732 3329 768 caro
3364 716 3449 783 [a-

1868 810 2001 849 ctum
2022 807 2118 861 est,
2140 801 2319 854 statim
2343 805 2546 869 subdit,
2569 803 2633 855 Et
2654 804 2905 858 habitarit
2928 807 2980 859 in
3006 809 3187 872 nobis;
3212 808 3264 861 in
3288 824 3449 861 ttuant

1870 902 2159 957 personam
2192 902 2537 961 conventum,
2572 907 2623 949 et
2669 898 2788 951 inde
2817 901 3127 954 mutabilem
3164 912 3451 971 utramque

1871 990 2120 1037 naturam
2170 994 2400 1057 utraque
2450 990 2729 1058 explicans
2771 1008 2921 1048 voce.
2973 994 3067 1048 Sic
3110 995 3448 1062 Scripturatn

1868 1078 2287 1147 contemplatus,
2307 1079 2754 1150 Cltrysostontum
2778 1095 2966 1138 testem
2989 1087 3228 1149 adhibet,
3245 1096 3298 1140 et
3319 1102 3453 1154 prte-

1872 1178 2019 1222 terea
2040 1168 2323 1239 Cyrillum,
2341 1173 2719 1239 Athanasium,
2739 1173 3060 1245 Gregorium
3092 1175 3448 1247 'l‘lteolngzmt.

177 1279 237 1313 τε
292 1263 685 1332 Χρυσόστομου
738 1264 991 1335 μάρτυρα
1035 1262 1191 1316 καλεῖ
1218 1262 1309 1315 καὶ
1334 1262 1430 1315 σὺν
1471 1260 1627 1330 αὑτῷ
1673 1258 1939 1332 Κύριλλον
2012 1264 2109 1317 καὶ
2174 1266 2495 1321 Ἀθανάσιον
2546 1269 2764 1322 καὶτὸν
2802 1271 3062 1340 Θεολόγον
3130 1274 3447 1345 Γρηγόριον,

181 1356 586 1426 παραπλησίως
603 1357 663 1408 τὸ
698 1356 862 1427 ῥητὸν
893 1357 1276 1426 ὲννοήσαντας.
1486 1410 1487 1413 η

251 1448 527 1500 Κάκεῖθεν
592 1448 751 1499 πάλιν
803 1447 1039 1516 παράγει
1083 1447 1244 1516 ῥητὰ,
1295 1438 1369 1498 ὧν
1421 1444 1625 1514 Δόμνος
1671 1445 1765 1497 καὶ

180 1539 443 1607 Ἰωάννης
470 1538 926 1609 γεννήτορες,-καὶ
946 1538 1219 1590 δείκνυσιν
1244 1536 1439 1599 αὐτοὺς
1464 1538 1530 1589 δι’
1558 1536 1765 1589 ἑαυτῶν

178 1632 277 1680 καὶ
312 1629 548 1690 ἄκοντας
590 1630 874 1696 ὁμολογεῖν
917 1630 975 1680 ὲν
1014 1631 1126 1691 τοῖς
1163 1628 1435 1691 πλείστοις
1468 1628 1503 1681 ἆ
1529 1629 1623 1681 καὶ
1648 1632 1679 1697 ἠ
1707 1631 1764 1680 ἐν

176 1718 491 1789 Καλχηδόνι
518 1718 738 1783 ὲδόξασε
768 1719 1002 1783 συνόδος,
1030 1720 1121 1771 καὶ
1148 1720 1323 1788 μάτην
1347 1720 1542 1781 αὐτοὺς
1564 1719 1764 1788 ταύτην

176 1810 571 1877 ἐκτρέπεσθαι.
626 1811 700 1862 Τὸ
736 1810 919 1881 μέντοι
940 1810 1118 1877 λέγειν
1150 1811 1214 1861 ὲκ
1250 1809 1345 1861 δύο
1373 1809 1586 1879 φύσεων
1626 1804 1763 1861 εἶναι

175 1907 271 1956 τὸν
316 1902 525 1973 Κύριον
557 1901 711 1970 ἡμῶν
747 1900 956 1971 Ἰησοῦν
982 1899 1226 1971 [422114
1259 1900 1491 1971 Χριστὸν
1532 1899 1637 1969 πρὸ
1664 1899 1761 1968 τῆς

1943 1444 2075 1497 llinc
2105 1461 2316 1497 rursum
2356 1447 2500 1499 dicta
2530 1445 2705 1509 aﬁ‘ert,
2740 1463 2968 1516 quorum
3007 1460 3257 1508 auctores
3293 1455 3452 1510 DOllt-

1870 1550 1970 1588 nus
2014 1534 2287 1605 9125θὸ
2328 1535 2582 1599 Joannes,
2639 1546 2693 1592 et
2748 1542 2982 1595 ostendit
3022 1543 3162 1610 ipsos
3223 1560 3318 1615 per
3368 1562 3448 1612 se,

1868 1621 2028 1675 etiarn
2066 1624 2283 1685 invitos,
2326 1623 2483 1677 fulcri
2544 1628 2683 1679 inter
2741 1628 2956 1693 inultos,
3001 1647 3121 1699 quae
3182 1635 3233 1686 in
3293 1650 3447 1692 sacra

1870 1710 2297 1765 Chalcedonensi
2328 1716 2535 1783 synodo
2563 1717 2774 1768 decreta
2818 1727 2961 1781 sunl,
3005 1732 3058 1771 et
3098 1730 3297 1776 temere
3334 1724 3448 1779 haec

1872 1803 2017 1871 ipsos
2050 1803 2339 1859 invertere.
2374 1806 2503 1859 lllud
2538 1809 2759 1876 quidem
2789 1824 3049 1874 asserere,
3079 1810 3262 1867 Jesum
3299 1814 3450 1870 Chri-

1872 1902 2011 1947 stum
2047 1910 2076 1948 e
2104 1897 2304 1951 duabus
2362 1900 2569 1953 naturis
2606 1911 2858 1954 constare
2917 1902 3082 1956 etiam
3138 1915 3261 1960 ante
3296 1909 3449 1962 unio-

181 1966 440 2057 ὲνώσεως
491 1966 772 2056 παντελῶς
812 1966 1024 2063 ελέγχει
1068 1966 1333 2061 μετά-τῆς
1371 1966 1623 2053 ἀσεϐείας
1668 1966 1755 2042 καὶ

1875 2001 2019 2049 nem,
2075 1988 2295 2059 impium
2334 1990 2547 2057 penitus
2602 2000 2657 2044 et
2710 1994 3001 2045 absurdum
3034 2009 3155 2049 esse
3188 1997 3445 2051 declarat.

173 2088 399 2154 ἄλογον.
442 2085 506 2137 Ἠ
535 2086 632 2155 μὲν
663 2084 772 2155 γὰρ
815 2084 911 2136 τοῦ
940 2084 1115 2152 Λόγου
1170 2084 1330 2151 φύσις
1356 2082 1465 2148 ἀεὶ,
1496 2083 1639 2136 καθὰ
1669 2082 1761 2135 καὶ

178 2177 325 2245 μετὰ
350 2176 448 2245 τὴν
477 2174 891 2243 ὲνανθρώπησιν
918 2173 987 2239 ⁸⁸,
1029 2174 1298 2235 ωναῖδιος
1340 2173 1431 2225 καὶ
1478 2172 1761 2239 ὀμοούσιος

176 2268 401 2337 ὑπῆρχε
434 2266 511 2335 τῷ
552 2264 727 2335 Πατρὶ
751 2280 763 2294 ⁸
818 2266 851 2333 ὴ
873 2264 928 2317 δὲ
962 2263 1099 2335 σάρξ
1144 2262 1298 2317 ούπω
1348 2263 1424 2333 τῷ
1456 2264 1613 2332 Λόγῳ
1648 2280 1762 2315 συν-

172 2359 422 2428 αφοείσα
458 2356 579 2409 οὐδὲ
612 2357 718 2408 τῶν
753 2356 1106 2425 ὑπαρχόντων
1135 2354 1271 2418 ὅλως
1297 2350 1385 2424 ἦν.
1420 2354 1545 2415 Πῶς
1564 2353 1677 2416 οὖν,
1713 2355 1760 2406 ει

180 2450 259 2519 μή
288 2466 374 2509 τις
417 2448 590 2498 ἕλοιτο
636 2444 917 2516 Νεστορὶῳ
965 2446 1305 2507 συνασεϐεῐν,
1338 2447 1401 2497 ὲκ
1425 2445 1519 2498 δύο
1546 2444 1761 2513 φύσεων

173 2542 268 2593 τὸν
313 2539 519 2610 Κύριον
564 2539 670 2609 πρὸ
708 2539 806 2607 τῆς
859 2536 1380 2605 ὲνανθρωπήσεωςῆ
1423 2540 1558 2590 νοεῖν
1596 2537 1627 2605 ἦ
1672 2536 1760 2589 λέ-

172 2650 299 2699 γειν
332 2630 594 2695 δυνατόν;
643 2629 702 2682 τὸ
748 2631 932 2699 μέντοι
958 2646 1021 2696 γε
1055 2630 1191 2699 μετά
1224 2630 1321 2697 τὴν
1356 2629 1547 2681 ἕνωσιν
1585 2629 1761 2695 λέγειν

169 2726 240 2780 ἐκ
290 2724 391 2776 δύο
440 2722 675 2790 φύσεων,
744 2720 933 2791 ὥσπερ
982 2722 1075 2773 καὶ
1111 2723 1168 2771 ὲν
1212 2720 1353 2782 δυσὶ,
1390 2720 1480 2771 τὸν
1530 2720 1760 2789 Χριστὸν

172 2816 412 2885 θεωρεῖν
469 2814 690 2875 εύσεὸἐς
724 2829 783 2864 τε
813 2812 908 2864 καὶ
934 2811 1043 2864 τῶν
1082 2811 1377 2881 ὀρθοδόξων
1418 2811 1697 2879 φρόνημα,
1732 2810 1761 2861 ὃ

171 2912 271 2962 καὶ
306 2911 342 2978 ή
374 2909 433 2960 ἐν
472 2904 775 2973 Χαλκηδόνι
803 2903 1137 2974 ἐπρέσϐευσε
1165 2902 1380 2964 σύνοδος
1405 2918 1418 2931 ·
1456 2903 1513 2953 ιν
1547 2901 1758 2971 θεότητι

170 3005 291 3069 γὰρ
322 2999 528 3051 τέλειον
552 2997 640 3050 τὸν
682 2995 916 3066 Χριστὸν
962 2994 1057 3047 καὶ
1090 2994 1221 3046 Θεὸν
1253 2994 1408 3062 ἡμῶν
1447 2994 1537 3046 καὶ
1577 2995 1633 3047 ὲν
1660 2996 1757 3048 άνο

172 3089 499 3158 θρωπότητι
555 3087 769 3158 τρανῶς
827 3085 1186 3155 άνεκήρυξεν.
1227 3085 1287 3135 El
1343 3083 1397 3135 δέ
1427 3100 1509 3146 τις
1561 3084 1758 3155 μέρους

176 3184 293 3237 τῶν
336 3182 447 3235 ἀπὸ
480 3182 719 3251 Σεόήρου
754 3180 888 3249 φαίη
924 3180 998 3241 ὼς
1031 3179 1079 3230 εἰ
1132 3176 1177 3207 ⁸¹
1219 3176 1312 3228 δύο
1352 3176 1541 3244 φύσεις
1587 3178 1644 3229 ἐν
1682 3177 1759 3245 τῷ

171 3272 431 3345 Χριστῷ,
477 3273 570 3324 καὶ
618 3272 884 3338 πρόσωπα
912 3268 1006 3321 δύο
1035 3268 1186 3320 ἔσται
1216 3266 1262 3298 ⁸⁸
1312 3268 1405 3319 καὶ
1435 3267 1758 3329 ὑποστάσεις

172 3369 371 3436 (φύσις
401 3363 510 3433 γὰρ
532 3363 628 3415 οὑκ
656 3362 805 3414 ἔστιν
834 3360 1164 3431 ἀπρόσωπος
1198 3359 1317 3410 οὐδὲ
1341 3358 1755 3425 ἀνυπόστατος),

173 3459 424 3510 ἴστωσαν
456 3455 538 3507 ὅτι
595 3452 690 3506 τοῦ
743 3451 953 3522 Πατρδς
991 3451 1168 3503 αὐτῶν
1216 3451 1318 3519 τὴν
1370 3449 1761 3519 ἀσχημοσύνην

169 3544 659 3605 ἀνακαλύπτοντες
699 3542 799 3595 οὑκ
848 3540 1193 3594 αἰσθάνονται
1221 3555 1235 3568 ⁸
1279 3540 1375 3593 καὶ
1402 3539 1510 3611 γὰρ
1537 3539 1631 3591 καὶ
1661 3540 1758 3591 Σε-

168 3635 351 3704 ϐῆρος
376 3632 459 3701 [τὸ
488 3632 551 3684 ὲκ
594 3630 687 3684 δύο
724 3629 938 3698 φύσεων
981 3627 1175 3695 λέγων·
1202 3629 1266 3679 ὲκ
1312 3627 1404 3681 δύο
1452 3627 1758 3697 προσώπων

168 3728 270 3778 καὶ
312 3724 413 3777 δύο
452 3722 803 3777 ὑποστάσεων
857 3720 949 3772 τὸν
976 3720 1207 3789 Χριστὸν
1246 3721 1345 3772 οὑκ
1373 3720 1600 3790 ἐρυθριᾷ
1632 3736 1757 3770 συν-

164 3815 391 3868 τιθέναι
421 3815 515 3867 καὶ
553 3812 972 3881 ἀποφαίνεσθαι.
1024 3811 1170 3879 Πλὴν
1203 3810 1404 3863 εἰδέναι
1434 3828 1495 3877 γε
1541 3810 1645 3879 χρὴ
1682 3809 1757 3871 ὡς

165 3907 354 3959 πολλὰ
412 3905 521 3957 τῶν
572 3908 631 3958 ὲν
683 3906 793 3967 τοῖς
836 3898 955 3955 οὖσι
1021 3903 1181 3970 φύσις
1233 3905 1329 3972 μὲν
1366 3901 1600 3969 λέγεται,
1656 3901 1756 3953 οὑκ

164 3998 229 4061 ἐξ
294 3997 547 4064 ἀνάγκης
592 3995 648 4047 δὲ
693 3995 1000 4061 συνεισάγει
1038 3994 1135 4047 καὶ
1189 3994 1505 4063 πρόσωπον,
1568 3991 1754 4063 ὥσπερ

164 4090 341 4157 φύσις
389 4087 578 4149 ὓδατος
617 4088 727 4154 ίκαὶ
785 4086 945 4154 φύσις
984 4086 1152 4154 ὀργῆς
1183 4086 1277 4137 καὶ
1307 4086 1466 4153 φύσις
1515 4084 1753 4154 πολέμου

164 4181 268 4232 καὶ
301 4180 488 4247 μάχης
515 4194 527 4208 ·
556 4178 659 4230 ποῦ
684 4178 790 4246 γάρ
816 4194 899 4239 τις
922 4176 1031 4227 τῶν
1052 4176 1359 4245 εἰρημένων
1389 4176 1543 4239 ποτὲ,
1567 4176 1754 4246 ὥσπερ

163 4267 295 4325 εἶπε
344 4269 531 4338 φύσιν,
576 4268 719 4321 οἱτω
757 4273 853 4320 καὶ
896 4266 1205 4337 πρώσωπον
1265 4268 1613 4338 ἀπελήρησε;
1662 4269 1752 4320 καὶ

164 4363 341 4415 πάλιν
371 4361 535 4430 φύσιν
573 4360 672 4430 μὲν
704 4360 883 4429 ψυχῆς
910 4360 1003 4412 καὶ
1038 4359 1197 4427 φύσιν
1241 4357 1488 4427 σώματος
1522 4358 1753 4412 ἕκαστον

160 4454 276 4506 τῶν
300 4450 614 4523 ἀνθρώπων
633 4448 780 4518 ἔχειν
806 4448 1039 4517 λέγομεν
1065 4464 1078 4478 ⁶
1109 4448 1401 4517 πρόσωπον
1431 4446 1487 4500 δὲ
1508 4446 1684 4517 ψυκῆς
1715 4448 1747 4519 ἦ

160 4543 469 4615 πρόσωπον
525 4540 795 4610 σώματος,
837 4538 1102 4610 ἢ.,ψυχῆς
1137 4539 1436 4593 ὑπόστασιν
1487 4540 1521 4610 ἢ
1568 4539 1752 4610 σώμαι

158 4650 253 4696 τος
285 4631 403 4684 οὐδ’
432 4631 481 4684 οἱ
528 4629 686 4699 μῦθοι
718 4631 1117 4683 ἀνεπλάσαντο.

263 4724 371 4776 Οτι
398 4720 457 4773 δὲ
481 4720 573 4772 δύο
595 4720 809 4787 φύσεων
833 4721 1025 4772 ’ἐνωσιν
1050 4721 1142 4773 καὶ
1167 4720 1295 4789 μίαν
1325 4719 1622 4773 ὑπόστασιν
1652 4721 1747 4775 καὶ

158 4812 469 4885 πρόσωπον
486 4809 542 4862 ἓν
562 4810 841 4879 ὁμολογεῖν
858 4809 950 4862 τοῦ
969 4810 1129 4879 ὀρθοῦ
1153 4810 1498 4880 φρονήματός
1515 4813 1629 4863 ἐστι
1653 4811 1746 4863 καὶ⁵

155 4905 271 4957 τῶν
312 4901 584 4971 Πατὲρων
634 4902 896 4972 κήρυγμα
918 4941 933 4967 ,
979 4900 1228 4969 Ἰωάννης
1261 4901 1359 4970 μὲν
1384 4904 1412 4953 ό
1442 4902 1747 4971 Χρυσόστοο

161 5012 264 5069 μσς
286 5036 303 5059 ,
326 4993 390 5045 τὸ
420 4992 559 5045 κατὰ
596 4990 846 5061 Ἰωάννην
888 4990 1244 5045 ἀναπτύσσων
1279 4991 1609 5059 Εὑαγγὲλιον
1628 5032 1643 5055 ,
1687 4994 1744 5045 ἐν

154 5084 439 5155 ἑνδεκάτῃ
467 5083 653 5153 ὁμιλίᾳ
687 5085 981 5152 μαρτύρετ,
1003 5082 1179 5151 λέγων
1200 5099 1213 5113 ⁸
1246 5081 1491 5136 Ἐνώσει
1532 5082 1627 5135 καὶ
1671 5080 1745 5150 τῇ

155 5177 475 5245 avi-ageam
488 5174 737 5228 ἐνέστιν
752 5178 784 5229 d
798 5176 941 5241 Θεὸς
956 5175 1251 5243 Λόγος-καὶ
1264 5175 1301 5242 ἡ
1321 5174 1497 5241 σὰρξ.
1512 5177 1583 5227 οὺ
1598 5188 1745 5243 συγ-

152 5272 405 5340 χύσεως
434 5267 759 5337 γενομένης
802 5266 943 5321 οὐδὲ
968 5267 1308 5337 ἀφανισμοῦ
1333 5266 1450 5320 τῶν
1492 5265 1735 5321 οὐσιῶν.

155 5363 269 5414 Καὶ
302 5358 578 5428 nuptm;
600 5358 655 5410 δὲ
683 5360 740 5410 ὲν
762 5361 827 5428 τῇ
862 5358 995 5429 πρὸς
1040 5359 1409 5421 ’Λνατολικοὺς
1437 5358 1692 5427 ἐπιστολῇ
1718 5373 1734 5388 ·

151 5448 260 5518 Εἷς
272 5452 393 5520 γὰρ
411 5450 625 5518 Κύριος
640 5450 877 5516 Ἰησοῦς
893 5450 1165 5519 Χριστὸς,
1184 5439 1297 5504 κᾶν
1309 5450 1345 5516 ἡ
1366 5448 1483 5503 τῶν
1493 5450 1736 5518 φύσεων

145 5546 234 5613 μὴ
256 5540 561 5611 ἀγνοῆται
581 5541 849 5610 διαφορά.
867 5542 978 5594 Καὶ
1009 5542 1327 5613 ’Δμσρόσιος
1348 5544 1375 5594 ὁ
1392 5540 1734 5595 Μεδιολάνων

150 5636 208 5687 ἐν
241 5634 323 5703 τῷ
352 5634 411 5684 ἐν
438 5631 576 5702 Περὶ⁵
603 5631 1010 5703 ἀνθρωπήσεως
1036 5632 1178 5703 λόγῳ
1195 5650 1207 5663 ·
1237 5632 1385 5698 Τοὺς
1406 5630 1569 5700 δὲμή
1589 5633 1728 5699 ὀμο-

1772 4628 1827 4688 D

1871 2076 2101 2146 Semper
2146 2080 2288 2133 enim
2323 2080 2481 2134 Verbi
2525 2093 2715 2135 natura
2748 2094 2799 2136 ct
2832 2084 2998 2137 veluti
3031 2096 3151 2153 post
3192 2087 3446 2143 incarna-

1871 2168 2067 2222 tionem
2105 2178 2373 2225 comterna
2414 2173 2555 2224 Patri
2587 2182 2641 2226 et
2670 2176 3151 2232 consubstantialis
3187 2178 3309 2233 fuit.
3340 2180 3447 2234 Sed

1871 2274 2146 2328 nunquam
2179 2276 2304 2316 caro
2364 2264 2537 2317 Verbo
2571 2266 2740 2329 unita,
2800 2282 2974 2335 neque
3031 2272 3443 2328 subsistentiutn

1870 2350 2073 2419 integre
2102 2361 2235 2406 erat.
2270 2353 2552 2418 Quomodo
2578 2356 2763 2424 igitur,
2807 2359 2908 2413 nisi
2938 2361 3063 2429 quis
3098 2376 3218 2416 cum
3250 2363 3440 2419 Nesto-

1870 2443 1952 2497 rio
1983 2444 2203 2507 sentiat,
2238 2444 2349 2498 ﬁeri
2374 2456 2550 2509 potest
2580 2462 2611 2501 e
2634 2450 2842 2504 duabus
2870 2453 3099 2517 naturis,
3157 2466 3444 2525 antequam

1869 2531 2263 2598 incarnaretnr,
2317 2533 2599 2587 Dominum
2634 2539 2873 2602 c0gitare
2906 2541 2985 2594 vel
3018 2541 3200 2597 dicere
3248 2561 3261 2597 :
3298 2546 3445 2613 pium

1869 2624 2087 2691 quidem
2121 2637 2204 2679 est
2229 2637 2282 2680 et
2313 2628 2670 2682 ortltodoxum
2700 2642 2817 2699 post
2852 2634 3103 2687 unionem
3125 2636 3234 2704 jam
3263 2651 3293 2690 e
3323 2637 3447 2691 dua-

1869 2715 1972 2769 bus
2010 2716 2222 2770 naturis
2289 2718 2492 2772 factum
2554 2721 2754 2784 dicere,
2815 2727 3269 2791 quemadmodum
3320 2742 3443 2781 eum

1868 2805 2122 2863 vidimus.
2155 2805 2267 2863 Hoc
2300 2821 2351 2863 et
2372 2822 2775 2865 sacrosanctum
2810 2816 3098 2868 concilium
3133 2815 3437 2873 Chalcedo-

1870 2913 2035 2951 nense
2067 2899 2375 2967 conﬁrmat,
2429 2902 2577 2957 clare
2612 2913 2659 2957 et
2709 2905 2985 2961 evidenter
3034 2909 3346 2971 ostendens,
3385 2910 3438 2964 in

1868 2990 2148 3043 divinitate
2176 2991 2469 3059 perfectum
2504 2993 2782 3049 Christum
2815 3005 2869 3050 et
2906 2997 2957 3050 itt
2987 2998 3346 3054 humanitate.
3380 3000 3438 3056 Si

1867 3081 1987 3147 quis
2058 3097 2219 3149 porro
2269 3084 2591 3139 Severianus
2654 3088 2849 3141 dixerit
2906 3090 3040 3143 duas
3098 3100 3318 3145 naturas
3386 3094 3437 3146 itt

1868 3174 2089 3227 Christo
2121 3176 2254 3228 duas
2278 3192 2541 3243 personas
2593 3183 2940 3245 constituere,
2994 3190 3047 3235 et
3098 3184 3437 3252 hypostases,

1870 3274 2060 3316 natura
2093 3266 2233 3319 enim
2260 3268 2375 3319 sine
2431 3284 2661 3336 persenta
2695 3286 2797 3322 non
2828 3282 2930 3335 est,
2964 3288 3138 3342 neque
3168 3290 3271 3327 non
3310 3281 3437 3329 sub-

1862 3356 2061 3411 sistens
2102 3376 2114 3410 :
2167 3359 2343 3411 sciant
2376 3359 2551 3414 Patris
2576 3361 2655 3413 sui
2690 3363 3070 3430 impudentiam
3103 3365 3439 3422 absconden-

1864 3456 1964 3509 tes,
1999 3458 2301 3502 nontamen
2327 3465 2535 3515 sapere.
2571 3452 2779 3505 Etenim
2814 3454 3048 3508 Severus
3082 3472 3183 3509 non
3218 3457 3438 3512 erubuit

1860 3552 2130 3606 exponere
2168 3551 2221 3593 et
2264 3542 2653 3607 demonstrare,
2694 3560 2723 3597 e
2753 3545 2957 3598 duabus
2986 3548 3215 3611 naturis,
3248 3562 3435 3615 perso-

1862 3630 1964 3695 nis,
1991 3631 2474 3700 Itypostasibusque
2500 3635 2706 3688 duabus
2730 3634 3002 3690 Christum
3028 3641 3296 3706 componi.
3323 3640 3433 3694 Nisi

1860 3722 2000 3790 quod
2032 3725 2310 3777 sciendum
2344 3726 2432 3787 sit,
2464 3727 2661 3792 sepius
2693 3727 2743 3780 in
2775 3727 2991 3781 cratibus
3017 3738 3266 3781 naturain
3298 3731 3427 3796 dici,

1860 3828 1962 3865 non
1998 3817 2304 3869 necessario
2344 3825 2519 3871 tamen
2559 3818 2750 3871 adduci
2796 3828 2851 3873 et
2902 3834 3209 3887 personant,
3268 3822 3429 3876 veluti

1858 3923 2009 3976 aqua:
2034 3922 2243 3975 natura,
2269 3912 2380 3976 iraa,
2416 3913 2561 3976 belli,
2595 3929 2907 3983 pugnaeque.
2938 3913 3062 3981 Ubi,
3102 3931 3301 3983 qttteso,
3328 3916 3430 3969 ali-

1858 4000 1979 4066 quis
2021 4014 2048 4051 e
2083 4002 2353 4066 prazdictis
2393 4014 2448 4055 ut
2483 4015 2733 4057 naturain
2786 4008 2856 4058 ita
2914 4022 3195 4072 personant
3231 4016 3431 4060 temere

1857 4090 2187 4158 appellavit?
2237 4101 2288 4145 et
2338 4108 2575 4158 rursum,
2624 4097 2851 4151 dicimus
2890 4097 3128 4165 singulos
3183 4098 3430 4153 homines

1856 4183 2049 4236 anima:
2084 4192 2356 4249 naturam,
2391 4197 2441 4239 ct
2477 4200 2724 4240 naturam
2755 4190 2994 4256 corporis
3019 4189 3221 4244 habere
3258 4208 3270 4243 :
3306 4192 3428 4244 aui-

1857 4287 1956 4325 ma:
2012 4283 2194 4328 autem
2250 4290 2534 4343 personam
2568 4287 2620 4330 et
2660 4281 2926 4347 corporis,
2965 4279 3048 4334 vel
3076 4282 3269 4334 animae
3299 4281 3427 4334 διώ-

1854 4365 2293 4433 sistentiam,vel
2323 4370 2562 4437 corporis
2605 4372 2824 4433 habere,
2858 4387 2922 4425 ne
2970 4371 3162 4427 fabula:
3208 4373 3425 4442 quidem

1855 4454 2148 4513 ﬁnxerunt.

1927 4718 2031 4772 Sed
2062 4717 2288 4771 duarum
2312 4724 2628 4770 naturarum
2667 4728 2941 4781 untonetn,
2980 4730 3140 4771 unant
3173 4717 3415 4787 byposta-

1854 4808 1960 4869 sin,
1995 4822 2267 4877 unamque
2297 4821 2584 4878 personant
2637 4807 2911 4875 conﬁteri,
2942 4807 3103 4878 idque
3137 4813 3278 4878 plum
3314 4820 3417 4873 est,

1851 4913 2001 4968 eque
2033 4910 2342 4954 sanctorum
2370 4898 2590 4954 Patrum
2621 4901 2911 4955 sententia.
2967 4898 3205 4955 Joannes
3248 4900 3421 4971 Cltry-

1850 5000 2119 5045 sostomus
2174 4991 2387 5058 quidem
2439 4987 2663 5044 Joannis
2713 4991 3053 5059 evangelium
3116 5006 3417 5061 exponens,

1849 5080 2129 5134 undecima
2162 5079 2377 5134 ltomilia
2408 5081 2488 5135 sic
2514 5080 2675 5134 habet
2706 5098 2718 5133 :
2757 5078 2957 5133 Unione
2979 5090 3029 5135 et
3051 5083 3414 5150 conjunctione

1850 5170 1989 5224 Deus
2032 5170 2253 5225 Verbum
2285 5184 2330 5225 et
2361 5188 2484 5226 caro
2514 5189 2677 5226 unum
2702 5182 2845 5238 sunt,
2876 5173 3022 5227 nulla
3053 5176 3196 5243 facta
3228 5177 3415 5244 confu-

1848 5264 2014 5328 sione,
2076 5263 2322 5332 uullaque
2386 5264 2803 5317 substantiarum
2858 5267 3188 5332 corrupione.
3252 5266 3415 5337 quue

1856 5365 2085 5409 testatur
2115 5358 2165 5409 in
2218 5356 2441 5425 epistola
2470 5357 2533 5409 ad
2588 5354 2891 5410 Orientales
2946 5356 3179 5427 Cyrillns
3217 5375 3230 5410 :
3274 5359 3411 5423 Etsi,

1844 5447 2035 5515 inquit,
2058 5446 2413 5516 diversitaslsit
2441 5457 2745 5499 naturarum
2768 5452 2962 5514 ignota,
2986 5463 3118 5499 unus
3145 5456 3308 5501 tanien
3335 5460 3411 5501 eu

1842 5538 2102 5592 Christus.
2140 5538 2201 5591 Et
2223 5538 2497 5593 Mediolani
2522 5538 2715 5607 257a
2742 5566 2752 5603 ι
2778 5538 2926 5589 rwsul
2950 5538 3263 5591 Ambrosius
3286 5552 3412 5592 ora-

1845 5628 1987 5681 tione
2017 5626 2090 5681 De
2124 5630 2489 5684 incarnatione
2527 5649 2538 5681 :
2577 5631 2678 5682 Eos
2713 5638 2881 5682 autem
2909 5631 3409 5689 excommunicatio-

1480 5720 1715 5777 VARIAE
1748 5718 2145 5777 LECTIONES.

220 5816 263 5848 ”
300 5814 403 5883 τῆς
467 5826 577 5869 om.
606 5814 670 5865 Δ.

781 5812 828 5844 ⁸⁸
855 5813 1203 5885 άνθρὼπὴσιν
1234 5835 1291 5881 ς.
1370 5818 1410 5850 ⁸¹
1437 5818 1483 5869 εἰ
1506 5816 1545 5869 Λ
1581 5832 1595 5869 :
1626 5814 1681 5869 αῑ
1711 5832 1770 5879 ς.

1847 5814 1893 5846 ⁸³
1928 5812 2081 5867 ἔσται
2106 5828 2166 5875 ς.
