4208 6448
770 390 875 451 995

1922 390 2183 450 PHOTlI
2207 391 2709 456 PATRIARCHIE
2739 399 2851 463 ΕΡ..

3937 412 4047 477 996

773 501 853 551 nis
897 498 1102 551 vinculo
1139 496 1349 565 stringit
1414 495 1653 550 Ecclesia
1713 498 2029 565 apostolica,
2081 502 2171 569 qui
2214 501 2348 554 duas

2457 508 2784 575 ,ιογοῦντας
2809 511 2915 563 τόν
2936 512 3153 579 Κύριον
3176 514 3345 582 ήμῶν
3368 513 3615 582 Ἰησοῦν
3640 520 3904 585 Χριστὸν
3931 521 4048 576 δύο

773 600 987 643 naturas
1020 588 1207 642 habere
1237 587 1536 654 inconfuse,
1560 604 1821 657 unamque
1847 606 2124 657 personam
2171 608 2358 645 secun-

771 684 894 735 dum
921 696 1073 750 quam
1102 696 1235 732 unus
1267 678 1506 732 Christus
1529 690 1575 731 et
1616 696 1750 733 unus
1772 692 1846 733 est
1883 680 2055 735 Filius
2087 686 2207 737 ausi
2240 695 2359 737 sunt

771 773 1018 837 ἱηβτὶιιτὲ.
1076 771 1277 823 Adharc
1307 780 1360 823 et
1389 768 1908 841 llierosolymitauus
1928 770 2180 842 Cyrillus,
2206 772 2361 828 Inco-

774 863 846 914 ιιιὶ
876 860 1309 928 Amphilochius,
1369 859 1595 915 Proclus
1644 860 2195 932 Constantinopoleos
2243 867 2361 936 cpi-

773 952 941 1020 scopi,
969 952 1060 1019 qui
1113 952 1166 1005 in
1238 950 1718 1021 Quadragesimam
1752 954 1832 1007 sic
1867 953 2141 1023 loquitur:
2169 956 2361 1012 Dii-ina

776 1054 962 1095 natura
989 1045 1246 1107 increata,
1280 1054 1325 1096 et
1354 1056 1548 1099 nostra
1580 1048 1754 1099 carnis
1789 1047 2021 1115 legitima
2043 1052 2357 1117 assumptio,

774 1142 821 1184 et
846 1150 977 1185 imus
1006 1144 1078 1186 est
1104 1133 1302 1197 Filius,
1325 1139 1559 1199 personis
1583 1154 1685 1189 non
1710 1141 1985 1205 separatis,
2010 1140 2102 1192 sed
2131 1142 2359 1195 mirabili

773 1226 999 1290 quadam
1026 1226 1413 1290 dispensatione
1439 1228 1572 1279 duas
1597 1237 1814 1281 naturas
1845 1230 1899 1281 in
1933 1246 2087 1282 unam
2116 1230 2358 1299 lii/posta-

774 1316 855 1365 sin
887 1313 1246 1383 conjungente.
1291 1314 1395 1366 Sed
1438 1325 1490 1368 et
1529 1317 1731 1371 Paulus
1783 1317 2100 1374 Emissenus
2142 1325 2355 1391 episco-

776 1419 896 1472 pus,
931 1407 1272 1473 prmsentiam
1313 1406 1524 1460 Domini
1558 1409 1866 1475 declarans,
1900 1412 2353 1483 vehementerque

777 1496 1069 1559 illustrans,
1114 1498 1194 1550 sic
1242 1497 1319 1549 ait
1352 1514 1365 1550 :
1401 1498 1583 1550 statim
1631 1501 1883 1569 princeps
1920 1508 1975 1554 et
2016 1502 2195 1571 lingua
2225 1518 2356 1569 apo-

774 1587 1033 1640 stolorum
1064 1588 1198 1639 dixit
1226 1604 1237 1638 :
1272 1584 1349 1638 Tu
1370 1602 1422 1639 es
1445 1584 1687 1641 Christus
1731 1587 1907 1643 Filius
1941 1590 2033 1643 Dei
2058 1592 2159 1644 vivi
2187 1592 2238 1648 ι’.
2276 1592 2353 1645 Τιι

774 1692 825 1729 es
861 1674 1132 1739 Christus,
1182 1675 1376 1742 duplex
1423 1685 1613 1729 natura
1644 1677 1924 1731 scilicet”.
1974 1679 2052 1732 Tu
2092 1698 2144 1734 es
2183 1681 2346 1734 Chri-

774 1776 909 1828 stus,
952 1776 1005 1819 et
1038 1781 1140 1819 non
1191 1764 1326 1819 dixit
1361 1764 1550 1831 Filius,
1583 1769 1677 1821 sed
1714 1769 1882 1823 Filius
1936 1770 2028 1825 Dei
2079 1774 2208 1837 vivi,
2235 1790 2345 1842 quo

2463 594 2616 653 εἶναι
2643 603 2861 666 οὐσίας
2886 604 3245 673 ἀσυγχύτως
3261 606 3326 671 ³³,
3345 606 3414 660 ἐν
3435 607 3503 660 δὲ
3525 610 3868 676 πρόσωπον,
3890 615 4045 668 καθὸ

2462 685 2549 755 εἷς
2570 694 2824 759 Χριστός
2842 690 2928 759 εἷς
2951 697 3080 761 υίὸς
3100 737 3115 760 ,
3142 699 3389 764 τούτους
3412 700 3815 770 ἁναθεματίζει
3837 707 3874 773 ἡ
3898 710 4047 759 καθ·

2462 781 2640 849 ολικὴ
2667 784 3153 854 καὶάποστολικὴ
3187 790 3535 857 Ἐκκλησία.
3571 794 3692 845 Ἐπὶ
3714 795 3928 860 τούτοις
3951 801 4045 850 καὶ

2462 877 2491 927 6
2521 875 2629 927 τῶν
2671 877 3061 948 Ἱεροσολύμων
3088 882 3353 951 Κύριλλος
3390 887 3484 937 καὶ
3528 886 3872 957 ’Λμφιλόχιος
3895 892 3926 942 6
3948 894 4042 943 τοῦ

2476 966 2694 1019 Ἰκονίου
2734 968 2830 1022 καὶ
2861 972 3099 1041 Πρόκλος
3120 976 3149 1025 6
3181 975 3803 1042 Κωνσταντινουπόλεως
3824 1021 3839 1043 ,
3867 982 3926 1043 ὃς
3951 986 4043 1034 καί

2463 1074 2626 1125 φησιν
2662 1061 2718 1111 ἐν
2740 1063 2802 1130 τῇ
2834 1068 3269 1134 τεσσαρακοστῇ·
3302 1068 3364 1119 Ἡ
3383 1070 3513 1121 θεία
3530 1072 3713 1137 φύσις
3732 1072 4039 1139 ἇκτιστος,

2461 1144 2500 1211 ἠ
2528 1144 2597 1208 ἐξ
2638 1146 2783 1214 ἐμοῦ
2816 1152 3163 1218 πρόσληψις
3196 1155 3522 1221 ἀνόθευτος
3544 1172 3560 1186 ο
3606 1158 3705 1209 καὶ
3742 1160 3916 1212 ἐστιν
3955 1158 4044 1227 εἷς

2460 1235 2591 1299 Υἱὸς
2615 1278 2629 1299 ,
2662 1240 2733 1290 οὐ
2758 1240 2951 1306 μόνον
2983 1240 3101 1293 τῶν
3124 1244 3371 1309 φύσεων
3385 1250 3475 1311 εὶς
3500 1248 3611 1299 δύο
3646 1251 4041 1318 ὑποστάσεις,

2462 1326 2916 1396 διαιρουμένων,
2961 1332 3120 1385 ἀλλὰ
3152 1333 3260 1402 τῆς
3292 1337 3542 1403 φρικτῆς
3566 1342 3908 1408 οἰκονομίας
3935 1346 4042 1409 τὰς

2460 1417 2569 1470 δύο
2638 1419 2855 1485 φύσεις
2912 1424 3000 1487 εἰς
3062 1424 3207 1489 μίαν
3278 1428 3625 1480 ὑπόστασιν
3697 1430 4040 1496 ἐνωσὰσης.

2461 1505 2587 1577 [808
2626 1509 2717 1580 IL]
2746 1511 2852 1561 Καὶ
2884 1511 3093 1575 Παῦλος
3128 1515 3182 1565 δὲ
3208 1516 3236 1566 6
3276 1517 3501 1586 Ἐμίσης
3534 1518 3867 1583 ἐπίσκοπος,
3903 1539 4037 1573 κατ-

2461 1602 2691 1655 ενώπιον
2733 1604 2999 1673 ὁμιλήσας
3034 1606 3302 1676 Κυρίλλου
3321 1608 3367 1638 ⁸⁵
3396 1611 3489 1660 καὶ
3530 1610 3649 1661 λίαν
3679 1613 4005 1682 ἀποδεχθεὶς
4026 1655 4039 1676 ,

2460 1694 2603 1745 οὕτω
2632 1697 2819 1763 φησὶν,
2842 1699 3040 1761 εὐθέως
3063 1701 3089 1751 6
3120 1703 3413 1769 κορυφαῖος
3432 1742 3445 1763 ,
3474 1702 3533 1754 τὸ
3558 1706 3732 1773 στόμα
3766 1706 3876 1757 τῶν
3907 1709 4041 1760 ἀπο-

2465 1786 2689 1849 στόλων,
2707 1788 2831 1859 ἔφη·
2869 1791 2952 1842 Σὺ
2969 1790 3014 1821 ³⁸
3040 1787 3154 1842 si"
3174 1794 3200 1843 6
3227 1793 3481 1858 Χριστὸς
3522 1796 3555 1845 ό
3594 1795 3726 1860 Υἱὸς
3754 1796 3861 1849 τοῦ
3895 1800 4042 1851 Θεοῦ

775 1873 934 1910 unam
965 1872 1251 1925 personam
1299 1860 1766 1913 commonstravit.
1809 1860 1948 1927 Quin
1995 1872 2051 1917 et
2104 1862 2343 1919 Hilarius

2457 1875 2555 1928 τοῦ
2590 1874 2824 1942 ζῶντος.
2876 1880 2960 1931 Σὺ
2990 1882 3038 1932 εί
3093 1881 3121 1931 6
3156 1882 3432 1951 Χριστὸς,
3472 1882 3762 1955 [62511.]
3805 1889 3840 1956 ἡ
3892 1888 4041 1958 διττὴ

772 1948 1143 2004 Gabalitarum
1187 1948 1473 2003 confessor
1527 1960 1584 2004 et
1638 1952 1928 2021 episcopus
1984 1954 2123 2008 libro
2181 1972 2233 2009 tv
2277 1957 2354 2011 De

778 2043 884 2110 ﬁde
905 2051 953 2097 et
983 2044 1208 2108 unitate,
1238 2043 1355 2096 haec
1383 2043 1688 2108 denuntiat,
1716 2044 1980 2113 Cyriacus
2005 2060 2220 2115 quoque
2248 2047 2355 2102 Pa-

773 2135 885 2201 phi,
929 2149 1067 2187 unus
1102 2135 1167 2188 de
1199 2134 1457 2188 trecentis
1510 2134 1617 2188 illis
1653 2144 1709 2188 et
1754 2146 1877 2189 octo
1907 2136 2179 2192 Patribus.
2223 2140 2277 2193 ld
2301 2154 2353 2195 et

774 2226 829 2279 in
856 2224 994 2278 libro
1033 2241 1192 2293 quem
1219 2224 1481 2279 Gratiano
1505 2223 1707 2281 Cresari
1736 2227 2012 2297 inscripsit
2037 2229 2357 2286 Ambrosius

772 2316 1058 2385 episcopus
1112 2315 1558 2380 Mediolanensis,
1592 2327 1647 2372 et
1678 2318 1732 2371 in
1782 2318 1920 2373 libro
1980 2320 2057 2375 De
2089 2321 2360 2389 Apollina-

774 2409 873 2469 rio,
900 2418 946 2461 et
974 2408 1035 2459 de
1065 2409 1447 2462 incarnatione.
1476 2408 1582 2463 Sed
1609 2409 1873 2466 etPetrus
1898 2422 2107 2483 martyr
2131 2413 2359 2469 Alexan-

775 2498 909 2551 dria:
937 2498 1156 2565 presul,
1214 2498 1449 2551 Basilius
1492 2499 1760 2554 Caesarea:
1806 2500 2182 2571 Cappadociae,
2225 2504 2361 2560 Gre—

774 2589 961 2656 gorius
993 2588 1299 2659 Theologus
1355 2590 1407 2643 in
1461 2592 1625 2643 natali
1664 2592 1902 2658 Domini,
1950 2605 2004 2649 et
2032 2595 2170 2651 libro
2201 2612 2237 2650 ιι
2286 2596 2359 2651 De

780 2675 943 2741 Filio,
970 2686 1024 2731 et
1047 2680 1275 2747 epistola
1308 2683 1540 2733 secunda
1568 2683 1634 2735 ad
1663 2681 2003 2748 Cledoninm,
2050 2685 2362 2755 locupletis-

776 2769 914 2821 sime
946 2771 1060 2823 haec
1091 2771 1203 2837 ipsa
1255 2781 1546 2836 testantur,
1580 2784 1634 2827 et
1679 2773 2087 2843 Amphilochius
2134 2779 2359 2844 epistola

778 2859 844 2910 ad
876 2858 1184 2924 Seleucum,
1216 2868 1268 2913 et
1291 2860 1717 2931 Chrysostomus
1739 2863 1793 2917 in
1832 2865 2060 2931 primam
2112 2864 2260 2919 Pauli
2292 2866 2359 2920 ad

778 2944 1149 3014 Timotheum,
1180 2949 1403 3003 Proclus
1431 2966 1648 3021 quoque
1680 2952 2003 3022 Bysantinus
2023 2956 2074 3007 in
2104 2971 2358 3011 sermone

780 3038 848 3092 de
875 3038 1159 3093 nativitate
1191 3039 1426 3095 Domini.
1452 3043 1787 3097 Athanasius
1816 3045 1981 3097 etiam
2016 3045 2361 3101 Alexandria:

779 3129 1064 3197 episcopus
1110 3132 1161 3183 in
1189 3130 1413 3199 epistola
1445 3134 1511 3185 ad
1560 3134 1812 3202 virgines,
1855 3145 1910 3188 et
1962 3133 2196 3203 Cyrillus
2243 3138 2360 3206 epi-

778 3219 913 3272 stola
939 3220 1109 3287 prima
1150 3229 1206 3273 et
1229 3221 1464 3274 secunda
1503 3224 1569 3273 ad
1598 3227 1959 3287 Suec-ensum,
1979 3236 2033 3278 et
2057 3226 2124 3279 ad
2155 3226 2354 3280 Orien-

780 3310 936 3375 tales,
967 3312 1033 3363 ad
1065 3310 1326 3364 Acacium
1379 3313 1691 3380 episcopum
1732 3314 2034 3377 Melitenes,
2083 3316 2220 3370 libro
2280 3317 2355 3370 De

780 3403 1163 3467 incarnatione,
1196 3411 1251 3456 et
1280 3404 1510 3471 epistola
1542 3406 1609 3457 ad
1664 3405 1947 3475 Eulogium
1999 3411 2356 3472 sacerdotem,

781 3501 836 3544 et
864 3492 917 3544 in
944 3494 1240 3557 thesauris,
1267 3493 1498 3562 aliisque
1520 3496 1686 3549 variis
1713 3496 1884 3551 libris.
1907 3497 2015 3551 llas
2042 3510 2354 3551 sanctorum

778 3607 998 3662 Patrum
1054 3609 1352 3663 sententias
1404 3625 1556 3663 sacra
1602 3612 2059 3667 Chalcedonensis
2112 3614 2358 3682 synodus

780 3714 1135 3763 coacervans,
1180 3700 1494 3768 religionem
1519 3703 1875 3755 orthodoxam
1922 3703 2116 3773 2576
2165 3705 2356 3757 contir-

780 3790 967 3843 mavit.
1007 3790 1186 3856 Quare
1229 3801 1415 3843 contra
1443 3791 1583 3844 hanc
1605 3793 1879 3860 disputare
1896 3802 1980 3846 est
2000 3804 2217 3848 sanctos
2248 3793 2351 3847 Pa-

779 3891 889 3935 tres
920 3891 1172 3950 tanquam
1211 3882 1476 3936 invidiose
1502 3897 1835 3951 oppugnare.

2456 1966 2619 2034 φύσις
2642 1983 2656 1997 ·
2690 1971 2753 2022 σὺ
2786 1966 2836 2021 εἷ
2867 1973 2894 2023 6
2926 1974 3194 2044 Χριστός·
3231 1980 3323 2030 καὶ
3357 1980 3456 2033 οὐκ
3486 1977 3660 2045 εἶπεν,
3694 1982 3845 2045 Υἱὸς,
3881 1985 4042 2037 ἀλλ¹ὁ

2457 2060 2583 2125 Υἱὸς
2604 2062 2699 2116 τοῦ
2725 2064 2860 2117 Θεοῦ
2895 2066 2989 2119 τοῦ
3012 2068 3231 2133 ζῶντος.
3268 2072 3513 2140 Ἐπέγνω
3535 2074 3629 2127 καὶ
3658 2074 3717 2127 τὸ
3750 2077 4041 2143 μοναδικόν

2460 2153 2774 2223 πρόσωπον.
2810 2158 2925 2225 Ἐφ’
2965 2157 3048 2222 οἷς
3076 2163 3168 2213 καὶ
3202 2164 3229 2214 6
3263 2162 3494 2234 Ὶλάριος
3525 2168 3552 2218 6
3577 2167 3921 2237 ὁμολογητὴς
3952 2171 4042 2221 καὶ

2457 2243 2754 2307 ἐπίσκοπος
2776 2247 3033 2301 Γαὸἁλων
3063 2252 3121 2303 ἐν
3150 2252 3228 2321 τῷ
3248 2253 3292 2305 δ’
3327 2254 3463 2321 Περὶ
3485 2257 3746 2323 πίστεως
3769 2258 3920 2328 λόγῳ
3952 2260 4043 2311 καὶ

2457 2336 2517 2387 ἐν
2539 2337 2616 2405 τῷ
2666 2340 2803 2405 Περὶ
2833 2342 3102 2409 ἐνώσεως
3126 2344 3296 2398 ταῦτα
3325 2347 3611 2416 κηρύσσει,
3639 2350 3731 2401 καὶ
3762 2352 4041 2419 Κυριακὸς

2458 2425 2757 2489 ἐπίσκοπος
2789 2430 2975 2497 Πάφου
2998 2472 3012 2495 ,
3034 2426 3115 2493 εἷς
3148 2434 3254 2485 τῶν
3280 2433 3385 2504 τιη¹
3414 2437 3585 2501 ἁγίων
3617 2439 3880 2507 Πατέρων
3911 2482 3925 2503 ,
3954 2442 4042 2493 καὶ

2472 2512 2794 2583 Ἀμὸρόσιος
2850 2518 3147 2585 ἐπίσκοπος
3198 2524 3538 2579 Μεδιολάνων
3586 2529 3643 2580 ἐν
3696 2529 3777 2599 τῷ
3805 2531 3955 2600 λόγῳ
3987 2534 4043 2583 ὃν

2462 2604 2739 2675 ἐπέγραψε
2762 2609 3044 2679 Γρατιανῷ
3064 2612 3139 2681 τῷ
3164 2613 3401 2681 βασιλεῖ,
3422 2618 3515 2668 καὶ
3536 2619 3592 2669 ἐν
3621 2618 3698 2687 τῷ
3721 2636 3789 2671 πε
3798 2621 3851 2689 ρὶ
3884 2622 4045 2673 Ἀπο-

2460 2695 2734 2766 λιναρίου,
2770 2702 2865 2753 καὶ
2894 2703 2951 2753 ἐν
3000 2703 3078 2772 τῷ
3124 2704 3253 2774 περ’).
3297 2706 3761 2779 ἐνανθρωπήσεως
3795 2712 3946 2783 λόγῳ
3974 2714 4042 2765 ⁸⁷.

2474 2787 2634 2839 Ἀλλὰ
2661 2790 2756 2841 καὶ
2789 2792 2994 2862 Πέτρος
3022 2797 3049 2846 6
3091 2795 3495 2867 Ἀλεξανδρείας
3524 2802 3619 2851 καὶ
3667 2804 3912 2871 μάρτυς,
3952 2808 4045 2857 καὶ

2466 2878 2744 2945 Βασίλειος
2791 2885 2819 2935 6
2870 2887 3205 2957 Καισαρείας
3254 2890 3352 2959 τῆς
3400 2892 3459 2943 ἐν
3511 2893 3915 2965 Καππαδοκίᾳ,
3957 2902 4048 2951 καὶ

2476 2971 2774 3040 Γρηγόριος
2800 2977 2827 3025 6
2858 2976 3118 3045 Θεολόγος
3145 2980 3203 3030 ἐν
3243 2983 3356 3043 τοῖς
3387 2982 3682 3048 γενεθλίοις
3709 2987 3804 3036 καὶ
3857 2987 3919 3036 ἐν
3968 2988 4046 3054 τῷ

2462 3063 2588 3131 περὶ
2616 3062 2745 3113 Υίοῦ
2769 3061 2813 3131 β’
2843 3064 2982 3135 λόγῳ
3014 3070 3107 3120 καὶ
3140 3071 3197 3119 ἐν
3234 3072 3299 3138 τῇ
3336 3073 3469 3139 πρὶς
3504 3073 3797 3141 Κληδόνων
3832 3075 3879 3142 β’
3922 3079 4045 3128 ἐπι-

2386 3196 2427 3250 C
2464 3152 2624 3221 στολῇ
2659 3152 2727 3204 τὰ
2753 3152 2915 3221 ὃμοια
2948 3160 3247 3225 μαρτυρεῖ,
3283 3160 3375 3209 καὶ
3422 3160 3761 3231 ’Λμφιλόχιος
3795 3163 3852 3215 δέ
3890 3166 3951 3216 ὲν
3980 3169 4042 3234 τῇ

2460 3243 2595 3311 πρὸς
2645 3244 2905 3297 Σέλευκον
2955 3249 3247 3318 ἐπιστολῇ,
3292 3253 3386 3301 καὶ
3426 3255 3454 3303 6
3501 3254 3891 3322 Χρυσόστομος
3946 3258 4046 3318 τὴν

2460 3335 2597 3403 πρὸς
2638 3335 2898 3402 Τιμόθεον
2949 3336 3171 3407 πρώτην
3223 3339 3541 3408 ἑρμηνεύων
3590 3342 3916 3410 ἐπιστολὴν,
3956 3347 4048 3396 καὶ

2462 3424 2704 3491 Πρόκλος
2736 3428 2764 3478 ὁ
2790 3427 3411 3490 Κωνσταντινουπόλεως
3447 3430 3503 3482 ἐν
3533 3447 3591 3481 τε
3632 3432 3710 3495 τῷ
3742 3433 3823 3493 εἰς
3852 3434 3916 3485 τὸ
3962 3451 4049 3501 γε-

2463 3515 2668 3568 νέθλιον
2725 3517 2870 3587 λόγῳ
2918 3520 3012 3571 καὶ
3051 3521 3108 3571 ἐν
3147 3520 3329 3582 ἄλλοις
3366 3522 3678 3591 διαφόροις,
3728 3525 4048 3587 Ἀθανὰσιος

2463 3608 2491 3657 6
2527 3608 2930 3677 Ἀλεξανδρείας
2962 3612 3019 3661 ἐν
3042 3613 3107 3677 τῇ
3136 3611 3270 3679 πρὸς
3305 3615 3403 3673 τὰς
3427 3613 3730 3682 παρθένους
3757 3616 4044 3685 ἐπιστολῇ,

2462 3701 2556 3752 καὶ
2580 3700 2846 3770 Κύριλλος
2875 3704 2931 3753 ἐν
2950 3704 3013 3772 τῇ
3047 3704 3182 3772 πρὸς
3214 3703 3511 3756 Σούκενσον
3534 3705 3578 3736 ⁸⁸
3596 3712 3663 3768 α’,
3692 3708 3786 3758 καὶ
3820 3708 3933 3776 μὴν
3956 3713 4047 3760 καὶ

2459 3795 2518 3845 ἐν
2548 3796 2614 3862 τῇ
2644 3793 2685 3862 β’
2706 3836 2721 3858 ,
2747 3794 2840 3845 καὶ
2868 3796 2926 3845 ἐν
2963 3797 3029 3864 τῇ
3055 3796 3195 3865 πρὸς
3224 3797 3351 3858 τοὺς
3365 3797 3409 3827 ⁸⁸
3429 3796 3827 3859 Ἀνατολικοίες,
3864 3800 3965 3850 καὶ⁵
3985 3803 4039 3851 ἓν

2455 3889 2521 3953 τῇ
2556 3886 2693 3954 προς
2734 3887 2986 3939 Ἀκάκιον
3014 3886 3105 3938 τὸν
3134 3888 3432 3939 ἐπίσκοπον
3458 3888 3553 3956 τῆς
3575 3888 3889 3957 Μελιτηνῆς
3912 3929 3928 3953 ,
3956 3892 4046 3940 καὶ

778 3972 936 4043 ἐντῷ
983 3974 1112 4042 περὶ
1148 3974 1617 4045 ὲνανθρωπήσεως
1664 3975 1809 4045 λόγῳ
1836 4018 1849 4041 ,
1898 3977 1990 4029 καὶ
2024 3980 2081 4029 ἐν
2120 3981 2186 4049 τῇ
2232 3980 2369 4050 πρὸς
2407 3981 2661 4047 Εὐλόγιον
2704 3982 2796 4033 τὸν
2849 3982 3221 4052 πρεσϐύτερον
3273 3983 3563 4051 ἐπιστολῇ,
3634 3985 3727 4035 καὶ
3781 3984 3847 4034 ἐκ
3936 3983 4045 4034 τῶν

778 4068 1070 4139 θησαυρῶν
1101 4109 1114 4129 ,
1172 4071 1265 4122 καὶ
1311 4072 1368 4122 ἐν
1404 4070 1587 4133 ἄλλοις
1636 4071 1800 4123 αὐτοῦ
1839 4072 2116 4140 διαφόροις
2162 4074 2358 4141 λόγοις.
2400 4075 2619 4127 Τούτων
2651 4076 2759 4127 τῶν
2788 4077 3061 4147 θεοφὸρων
3101 4076 3262 4146 ἡμῶν
3290 4077 3553 4146 Πατέρων
3618 4078 3652 4145 ἡ
3698 4078 3756 4127 ἐν
3805 4078 4037 4146 Χαλκη-

777 4162 892 4214 δόνι
924 4164 1053 4230 ἁγία
1081 4164 1292 4226 σύνοδος
1318 4165 1417 4226 τὰς
1444 4165 1668 4233 γνώμας
1700 4166 2122 4234 ἐκμελετήσασα
2144 4168 2243 4239 τὴν
2276 4168 2557 4222 εὐσέϐειαν
2584 4168 2934 4239 ἐπεκύρωσεν
2954 4213 2968 4237 ,
3004 4170 3144 4223 ὥστε
3193 4172 3253 4223 τὸ
3320 4173 3440 4223 κατ’
3507 4172 3725 4241 ἐκείνης
3797 4175 4039 4228 σπουδὰ-

778 4257 890 4319 ζειν
923 4258 1066 4310 κατὰ
1089 4258 1299 4311 τούτων
1334 4260 1479 4311 ἐστὶν
1501 4262 1579 4321 είς
1611 4259 1766 4328 ὓϐριν
1798 4259 2135 4323 ὁπλίζεσθαι.

848 4351 1125 4419 Siquidem
1189 4349 1441 4403 Christus
1492 4364 1652 4403 verus
1713 4351 1854 4403 Deus
1907 4363 2111 4415 noster,
2176 4367 2348 4421 neque

779 4443 1167 4511 proprietatem
1225 4441 1544 4505 divinitatis,
1581 4454 1755 4507 neque
1790 4441 2177 4495 humanitatem
2210 4444 2351 4495 dtvi-

776 4536 866 4596 sit,
886 4533 979 4585 sed
1005 4531 1185 4586 omnia
1212 4529 1412 4583 unione
1433 4544 1785 4597 personarum
1810 4530 1923 4599 ipse
1951 4545 2086 4583 unus
2108 4540 2161 4583 et
2183 4531 2347 4594 idem,

781 4636 885 4677 tam
931 4625 1161 4675 humana
1227 4637 1389 4689 quam
1450 4622 1628 4675 divina
1697 4622 1921 4690 perfecit
1976 4639 1989 4676 :
2046 4624 2351 4691 iterumque

776 4716 995 4768 eosdem
1028 4724 1263 4777 sanctos,
1290 4712 1481 4766 Patres
1527 4715 1580 4767 in
1612 4723 1777 4768 testes
1796 4714 1927 4767 citat
1957 4732 1969 4767 :
2002 4712 2200 4766 Juliuin
2238 4714 2348 4766 lto-

782 4822 996 4859 manum
1034 4805 1353 4867 antistitem,
1386 4819 1415 4858 e
1445 4806 1584 4859 lihro
1622 4805 1695 4858 De
1749 4806 1940 4857 unione
1977 4807 2266 4858 divinitatis
2305 4815 2353 4857 et

778 4898 956 4950 carnis
990 4896 1040 4948 in
1082 4894 1303 4949 Christo
1336 4893 1504 4959 Jesu;
1565 4906 1618 4948 et
1664 4896 2017 4947 Athanasium
2072 4896 2352 4963 primulum

779 4984 1227 5048 Alexandrinum,
1267 4998 1333 5035 ex
1365 4986 1591 5051 cpistola
1646 4986 1709 5036 ad
1772 4983 2064 5037 Maximum
2124 4986 2351 5052 philoso-

778 5080 968 5145 phum,
1018 5076 1244 5143 aiiisque
1302 5077 1595 5144 Opusculis.
1650 5076 1892 5129 Tertium
1944 5078 2106 5129 etiam
2161 5078 2353 5129 librum

780 5168 971 5219 Contra
1007 5166 1347 5227 Eunomium,
1407 5174 1459 5217 et
1503 5166 1576 5219 De
1621 5168 1857 5219 doctrina
1888 5166 2188 5220 Christiana
2223 5166 2351 5220 Gre-

781 5256 910 5323 gorii
944 5255 1187 5325 Nysseni,
1224 5263 1278 5308 et
1310 5254 1591 5321 epistolam
1622 5257 1805 5309 Basilii
1848 5258 2105 5310 Caesarea:
2144 5258 2208 5309 ad
2248 5255 2348 5310 So-

781 5346 1057 5412 sopolitas,
1093 5339 1351 5414 Cyrillum
1384 5361 1594 5413 quoque
1625 5348 1842 5399 doctum
1874 5348 1926 5399 in
1988 5346 2122 5399 libro
2171 5345 2243 5398 De
2278 5348 2349 5397 in-

885 5455 910 5492 δ
942 5455 1123 5508 Matth.
1152 5458 1371 5522 “1,15.

2533 4351 2654 4403 ’Ὁτι
2671 4367 2732 4416 γε
2764 4349 2868 4417 μὴν
2899 4350 3130 4418 Χριστὸς
3150 4390 3163 4411 ,
3194 4352 3222 4402 ὁ
3247 4349 3496 4419 ἀληθινὸς
3525 4351 3653 4415 Θεὸς
3677 4354 3838 4422 ἡμῶν
3864 4395 3880 4418 ,
3914 4356 4039 4408 οὔτε

2457 4440 2525 4492 τὰ
2552 4440 2651 4508 τῆς
2685 4440 2936 4503 θεότητος
2964 4440 3073 4492 ἴδια
3102 4439 3226 4493 οὔτε
3248 4443 3313 4494 τὰ
3344 4442 3450 4495 [δια
3481 4445 3579 4513 τῆς
3612 4445 4038 4516 ἁνθρωπότητος

2459 4534 2803 4604 διῃρημένως
2847 4532 3111 4601 ἔπραττεν
3131 4573 3146 4596 ,
3180 4533 3371 4586 ἐνώσει
3400 4534 3455 4586 δὲ
3473 4538 3543 4605 τῇ
3582 4536 3705 4589 καθ’
3730 4538 4037 4596 ὑπόστασιν

2460 4626 2677 4678 ἅπαντα
2718 4626 2745 4675 6
2779 4619 2858 4684 εἷς
2885 4624 2979 4675 καὶ
3007 4624 3035 4674 6
3065 4623 3225 4685 αὐτὸς
3253 4626 3321 4677 τά
3361 4642 3420 4677 τε
3451 4626 3570 4679 θεῖα
3603 4627 3697 4680 καὶ
3726 4628 3796 4680 τὰ
3824 4632 4038 4702 ἀνθρὼ-

2458 4730 2587 4764 πινα
2612 4711 2853 4763 ἐπετέλει
2877 4751 2891 4774 ,
2919 4712 3044 4773 τοὺς
3074 4711 3369 4781 θεοφόρους
3399 4714 3555 4783 ἡμῶν
3581 4718 3838 4788 Πατέρας
3872 4722 4034 4777 πάλιν

2453 4806 2693 4874 παράγει
2728 4804 3007 4873 μάρτυρας
3031 4843 3045 4865 ,
3085 4804 3301 4857 Ἰούλιον
3341 4806 3433 4857 τὸν
3471 4806 3768 4862 ἐπίσκοπον
3810 4811 4034 4883 Ῥώμης

2456 4898 2517 4948 ἐκ
2544 4896 2637 4947 τοῦ
2669 4896 2804 4961 Περὶ
2824 4894 2932 4961 τῆς
2959 4896 3028 4947 ἐν
3056 4895 3286 4963 Χριστῷ
3314 4896 3582 4965 ἐνώσεως
3611 4900 3718 4953 τοῦ
3754 4903 4033 4971 σώματος

2454 4986 2604 5054 πρὸς
2646 4984 2759 5051 τὴν
2791 4988 3074 5051 θεότητα,
3120 4986 3213 5037 καὶ
3264 4986 3583 5040 Ἀθανάσιον
3630 4988 3722 5042 τὸν
3777 4992 4031 5055 ’Δλεξαν-

2455 5077 2638 5144 δρείας
2667 5076 2731 5127 ἐκ
2770 5075 2865 5145 τῆς
2898 5076 3027 5143 πρὸς
3069 5076 3321 5147 Μάξιμον
3361 5081 3453 5131 τὸν
3491 5079 3781 5147 φιλόσοφον
3809 5084 4029 5137 ἐπιστο-

2458 5169 2551 5236 λῆς
2586 5170 2677 5219 καὶ
2724 5168 2783 5232 ἐξ
2836 5169 3034 5239 ἐτέρων
3081 5169 3355 5239 διαφόρων
3403 5171 3611 5238 λόγων,
3638 5173 3942 5243 Γρηγόριόν
3976 5195 4028 5227 τε

2459 5258 2548 5309 τὸν
2579 5257 2797 5326 Νύσσης
2830 5260 2892 5310 ἐκ
2922 5258 3016 5309 τοῦ
3049 5264 3098 5324 γ’
3130 5258 3289 5325 λόγου
3332 5262 3461 5312 κατ’
3488 5262 3790 5330 Εὐνομιου
3833 5266 3926 5317 καὶ
3967 5268 4029 5316 ἐκ

2458 5351 2546 5400 τοῦ
2582 5351 2975 5422 κατηχητικοῦ,
3012 5353 3104 5402 καὶ
3137 5351 3415 5405 Βασίλειον
3458 5355 3547 5406 τὸν
3597 5356 3931 5424 Καισαρείας
3970 5362 4026 5409 ἐι

2050 5549 2288 5604 γΑιιιιΕ
2329 5550 2735 5607 LECTIONES.

848 5640 893 5668 ⁸³
932 5637 1268 5704 ἀσυγχύτους
1300 5640 1362 5693 A.

1444 5643 1487 5721 ξε
1510 5643 1845 5721 όμολογήσας
1882 5642 2177 5721 κυρίους.
2256 5644 2300 5676 ⁸³
2329 5643 2415 5715 σὺ]
2450 5644 2639 5721 Matth.
2674 5662 2781 5721 xvi,
2994 5648 3041 5679 ⁸⁸
3069 5644 3121 5701 εἷ
3149 5651 3444 5721 secundum
3473 5662 3529 5707 et
3557 5653 3768 5705 tertium
3794 5668 3907 5707 om.
3958 5659 4021 5709 Α.

781 5707 823 5736 ⁸⁷
851 5709 1059 5787 ὲνανιθρ.
1094 5709 1265 5787 λόγου
1300 5726 1395 5787 pr._
1422 5714 1495 5787 ΑΛ.
1524 5707 1624 5787 ,ἑῆς
1657 5707 1874 5781 ιλιάνορ.
1922 5707 2013 5763 τοῦ
2036 5714 2208 5779 Λόγου
2276 5707 2415 5771 σοιΊὶ
2459 5733 2471 5769 :
2501 5715 2599 5785 τῆς
2622 5715 2837 5785 ἐνανθρ.
2878 5717 3023 5787 λόγῳ
3050 5736 3110 5783 ς.
3187 5720 3234 5752 ⁸⁸
3263 5731 3315 5776 et
3344 5722 3372 5773 ὁ
3408 5721 3475 5776 17
3502 5735 3556 5778 et
3578 5721 3685 5777 258
3722 5725 3750 5777 ι
3774 5722 3862 5777 26.
3891 5707 4025 5777 aiax;

780 5792 932 5831 ενσον
955 5778 1019 5833 Α.
1097 5779 1282 5839 "tab;
1331 5782 1454 5832 add.
1509 5786 1569 5834 A.
