4208 6448
161 439 258 501 997

1176 428 1698 489 BIBLiOTHECA.
1741 448 1808 460 ’νο
1841 426 2005 487 COD.
2046 427 2351 488 CCXXIX.

3312 431 3417 494 998

299 537 435 615 πρὸς
468 538 840 603 Σωζοπολίτας
884 535 1172 604 ἐπιστολῆς
1195 576 1209 599 ,
1258 535 1526 605 Κύριλλόν
1549 552 1610 587 τε
1649 533 1738 586 τδν
1766 533 1817 592 Λ

1766 533 2171 598 Acurnatione,
2216 550 2246 589 e
2293 533 2599 598 Thesauris,
2665 534 3006 606 epistolaque
3063 538 3295 593 secunda
3348 542 3414 593 ad

163 634 325 701 σοφὸν
370 634 435 685 ἐκ
479 629 572 681 τοῦ
601 628 739 695 Περὶ
777 626 1288 694 ἐνανθρωπήσεως
1335 625 1495 692 λόγου
1544 626 1637 678 καὶ
1680 624 1743 675 ἐκ

159 723 279 777 τῶν
312 719 633 790 θησαυρῶν
666 720 759 770 καὶ
794 719 857 769 ἐκ
897 717 999 785 τῆς
1040 718 1175 789 πρὸς
1209 716 1508 770 Σούκενσον
1542 714 1590 785 β’
1626 718 1744 766 ἐπι-

160 814 359 882 στολῆς
397 814 489 865 καὶ
512 814 576 864 ἐκ
605 812 699 879 τῆς
733 811 869 879 πρὶς
918 809 1200 879 Ἐὕραίους
1230 807 1525 877 ἑρμηνείας
1560 808 1651 873 καὶ
1680 808 1741 857 ἐκ

163 904 268 955 τῶν
298 904 556 972 Σχολίων.

232 993 420 1046 Ταῦτα
442 994 497 1046 δέ
527 995 753 1047 διελθὼν
775 994 803 1046 6
830 993 1181 1062 συγγραφεὺς
1206 989 1345 1062 ῥητὰ
1368 988 1458 1041 τοῦ
1483 989 1540 1041 ἐν
1568 986 1745 1055 ἁγίοις

166 1082 327 1135 πάπα
385 1082 610 1144 Λέοντος
660 1081 1018 1155 προκομίζει,
1065 1077 1100 1134 ἃ
1152 1080 1243 1132 καί
1296 1096 1426 1148 φησι
1458 1077 1599 1131 κατὰ
1638 1075 1745 1129 τῶν

159 1171 443 1223 δυσσεδῶν
480 1173 840 1224 Οὐαλεντίνου
876 1177 968 1223 καὶ
992 1172 1319 1242 Μαρκίωνος
1352 1172 1442 1220 κα)⁸
1468 1169 1625 1238 Μάνη
1655 1168 1749 1220 καὶ

175 1263 558 1331 ’Λπολιναρὶου
594 1264 684 1314 καὶ
714 1263 994 1331 Εὑτυχὲως
1016 1262 1061 1292 ⁹⁰
1102 1261 1195 1313 καὶ
1226 1260 1332 1312 τῶν
1367 1260 1567 1326 ὁμοίων
1597 1261 1747 1329 αἶρε--

160 1354 335 1404 τικῶν
367 1354 815 1422 παρατάττεσθαι
837 1393 851 1416 ,
890 1354 981 1405 καὶ
1017 1353 1103 1405 διὰ
1133 1351 1290 1405 τοῦτο
1310 1351 1458 1421 παρὰ
1486 1351 1594 1403 τῶν
1621 1352 1748 1419 ὁμο-

162 1444 383 1510 φρόνων
406 1440 833 1511 ἐπηρεάζεσθαι.
866 1444 972 1495 Καὶ
1005 1442 1220 1512 πρῶτον
1255 1442 1353 1510 μὲν
1381 1432 1537 1493 τοῦτο
1564 1456 1576 1469 ⁸
1608 1442 1749 1495 Ὥσ-

164 1547 279 1598 περ
311 1529 437 1601 [424
466 1531 559 1601 1L]
590 1534 658 1585 ἐν
692 1531 769 1597 τῷ
814 1532 1009 1586 ἐλεεῖν
1035 1532 1077 1563 ’⁸
1116 1536 1148 1585 ό
1186 1532 1329 1596 Θεὸς
1375 1530 1605 1597 τροπὴν
1637 1532 1748 1599 οὐχ

163 1625 528 1691 ὑφίσταται,
575 1625 764 1689 οὕτως
792 1627 825 1677 ό
881 1624 1193 1692 ἅνθρωπος
1244 1622 1324 1686 τῷ
1360 1623 1592 1690 μεγέθει
1642 1620 1751 1689 τῆς

165 1716 335 1780 θείας
371 1716 549 1781 ἀξίας
564 1717 608 1747 ⁹¹
632 1718 744 1769 οὐκ
778 1716 1169 1769 ἀναλίσκεται
1190 1756 1205 1779 ,
1232 1715 1485 1785 δεύτερον
1522 1713 1589 1766 τὸ
1629 1713 1749 1765 Ἐν-

162 1803 329 1870 (sp-rei
348 1802 461 1870 τὰρ
494 1803 745 1872 ἑκατέρα
772 1805 975 1873 μορφή
1003 1806 1153 1874 μετὰ
1182 1803 1293 1873 τῆς
1336 1805 1588 1872 θατέρου
1630 1822 1747 1857 κοι-

162 1893 416 1955 νωνίας.
454 1893 615 1959 Λέγει
647 1894 810 1965 γὰρὴ
838 1896 1049 1963 αἵρεσις
1088 1895 1163 1957 ὡς
1192 1897 1260 1947 τὰ
1291 1895 1383 1948 δύο
1407 1896 1511 1947 τῶν
1537 1895 1754 1965 ἄρθρων

164 1985 537 2051 προτακτικὰ,
555 1987 585 2036 ό
611 1987 753 2051 Θεὸς
768 1987 863 2038 καὶ
886 1990 917 2039 ό
933 1987 1260 2054 ἄνθρωπος,
1284 1987 1754 2056 δύονπροσώτ-αυν,⁹³

164 2076 274 2125 εἰσὶ
302 2075 396 2125 καὶ
426 2074 774 2128 ύποστάσεων
801 2094 1182 2147 παραστατικα
1208 2119 1223 2143 ,
1257 2079 1356 2131 καὶ
1397 2079 1577 2147 σχέσει
1620 2079 1752 2147 μονῇ

165 2165 267 2232 τὴν
292 2166 493 2217 ἕνωσιν
519 2168 967 2235 σχηματίζουσιν.
997 2168 1123 2238 [809
1152 2167 1243 2240 IL]
1285 2168 1441 2221 Ἀλλὰ
1469 2170 1525 2221 το
1545 2168 1757 2230 ἀναιδὲς

164 2258 383 2310 τούτων
424 2259 742 2321 ’Λθανάσιὸς
771 2276 831 2311 τε
878 2262 969 2312 καὶ
995 2262 1040 2312 οἱ
1079 2260 1368 2330 Γρηγόριοι
1397 2263 1489 2313 καὶ
1523 2262 1753 2330 Ἐπιφὰ-

166 2366 282 2411 vso;
311 2350 407 2401 καὶ
433 2351 459 2402 6
483 2351 868 2421 Χρυσόστομος
896 2352 989 2403 καὶ
1016 2351 1176 2413 αὐτὸς
1196 2352 1224 2403 6
1246 2352 1452 2423 Κύριος
1473 2353 1758 2422 καταισχύο

167 2457 358 2492 νουσιν
383 2482 397 2504 ,
425 2440 566 2503 ἴσαις
590 2444 793 2509 φωναῖς
825 2442 920 2495 καὶ
942 2441 1156 2511 ὁμοίαις
1187 2442 1281 2495 καὶ
1305 2444 1458 2495 αὐτοὶ
1488 2443 1755 2512 πολλαχοῦ

170 2532 557 2599 χρησάμενοι,
597 2532 689 2583 καὶ
717 2531 1007 2601 δηλοῦντες
1027 2532 1117 2585 διὰ
1144 2533 1241 2603 τῆς
1271 2534 1521 2601 τοιαύτης
1556 2550 1756 2602 προτα-

168 2620 280 2688 γῆς
335 2620 447 2672 τῶν
486 2620 705 2691 ἄρθρων
746 2623 806 2675 οὐ
846 2622 937 2674 τόν
988 2639 1108 2675 τινα
1154 2623 1441 2694 ἄνθρωπον
1494 2622 1629 2675 ἀλλὰ
1670 2622 1758 2677 τὸν

169 2712 360 2763 eum
382 2753 395 2775 ,
431 2712 549 2763 οὐδὲ
577 2713 675 2780 τὴν
701 2711 791 2765 τοῦ
822 2712 1030 2783 Πατρὺς
1056 2714 1089 2783 ἢ
1122 2714 1220 2783 τὴν
1251 2713 1345 2767 τοῦ
1370 2713 1497 2765 Υίοῦ
1524 2713 1760 2766 ὑπόστα-

173 2820 262 2855 σιν
298 2802 440 2854 ἀλλὰ
462 2803 559 2869 τὴν
600 2805 787 2874 κοινὴν
822 2804 1016 2871 φύσιν,
1050 2807 1142 2859 καὶ
1168 2807 1227 2858 οὐ
1264 2807 1383 2857 κατ’
1412 2804 1625 2858 εὐθεῖαν
1661 2805 1758 2873 μοι

171 2916 264 2949 νον
296 2898 367 2948 τὰ
400 2896 583 2967 ἄρθρα
610 2898 744 2949 ἀλλὰ
773 2900 866 2949 καὶ
902 2898 1043 2950 κατὰ
1087 2898 1183 2961 τὰς
1231 2897 1463 2960 πτώσεις
1502 2898 1614 2959 τοῖς
1648 2897 1760 2949 ὀνό-

175 3006 316 3057 μασι
354 2988 858 3051 συνδιαπλέκοντες.
894 2989 1099 3042 Αὐτίκα
1120 2990 1420 3052 Ματθαῖος*
1455 2991 1622 3055 Ὃς⁹⁸
1654 2990 1761 3041 ἐὰν

170 3082 321 3148 εἴπῃ
352 3080 539 3148 λόγον
559 3120 571 3143 ,
606 3080 763 3148 φησὶ,
786 3084 935 3134 κατὰ
960 3081 1065 3135 τοῦ
1110 3082 1247 3136 ΥΙοῦ
1274 3082 1380 3136 τοῦ
1413 3082 1724 3149 ἀνθρώπου
1743 3123 1757 3147 ,

1847 624 2201 691 Suec-ensum,
2229 626 2295 681 de
2330 625 2779 693 interpretatione
2826 628 2892 680 ad
2936 626 3210 694 Hebraeos,
3253 641 3308 684 ct
3352 646 3417 685 ex

1847 714 2101 770 Scholiis.

1920 980 2011 1033 llis
2048 982 2267 1047 allatis,
2325 983 2558 1039 Leonem
2619 1000 2837 1052 quoque
2901 1000 3089 1052 papam
3152 986 3418 1053 producit,

1849 1086 2039 1130 centra
2075 1076 2268 1143 impios
2296 1076 2414 1129 illos
2452 1076 2761 1137 haereticos.
2798 1078 3167 1141 Valentinmn,
3197 1078 3425 1132 Marcio-

1851 1182 1992 1231 nem,
2028 1165 2257 1229 Manent,
2288 1167 2699 1235 Apollinarium,
2738 1168 3028 1237 Eutychen)
3079 1169 3317 1237 aliosque
3358 1170 3424 1222 si-

1852 1257 2007 1312 miles
2034 1258 2440 1326 tligladianlctn,
2466 1270 2520 1311 et
2545 1259 2663 1313 ideo
2686 1260 2751 1314 ab
2782 1262 3078 1327 conjuratis
3108 1262 3209 1315 illis
3248 1276 3422 1329 repre-

1853 1348 2079 1401 hensum
2153 1360 2207 1402 ct
2272 1362 2669 1419 oppugnatum.
2739 1351 2848 1405 Hoc
2894 1353 3109 1419 quidem
3164 1354 3418 1421 primum.

1855 1436 2303 1502 Quemadmodum
2344 1444 2481 1493 enim
2505 1459 2621 1493 cum
2652 1443 2931 1494 miseretur
2970 1444 3108 1495 Deus
3170 1445 3425 1498 mutatio-

1853 1544 1967 1581 nem
2018 1546 2119 1581 non
2172 1531 2307 1583 subit
2364 1532 2475 1602 (7|)
2509 1551 2520 1584 :
2558 1534 2631 1585 sic
2656 1533 2806 1584 homo
2842 1534 3201 1601 magnitudine
3235 1536 3425 1588 divina:

1852 1621 2033 1687 gloria:
2086 1638 2187 1672 non
2228 1624 2577 1674 consumitur.
2644 1622 2892 1675 Secundo
2934 1640 2948 1675 :
2990 1622 3224 1686 Utraque
3254 1624 3426 1692 forma

1854 1724 1970 1759 cum
2008 1721 2227 1776 utraque
2268 1714 2631 1764 communione
2671 1722 3001 1776 coorieratur.
3038 1712 3247 1767 Asserit
3282 1714 3425 1766 enim

1858 1801 2099 1864 haeresis,
2131 1803 2264 1856 duos
2292 1801 2388 1855 hos
2419 1802 2681 1855 articulos
2710 1803 2978 1869 praeﬁxos,
3010 1802 3143 1856 Deus
3179 1815 3224 1856 et
3250 1807 3427 1868 homo,

1862 1891 1993 1943 duas
2025 1906 2284 1958 personas
2310 1907 2450 1955 csse,
2487 1905 2539 1945 et
2575 1895 2895 1963 hypostases
2954 1894 3108 1949 binas
3143 1911 3430 1963 reprmsen-

1862 1992 1998 2046 tare,
2032 1993 2087 2035 et
2121 1986 2234 2037 sola
2264 1987 2599 2037 connexione
2630 1987 2880 2038 unionem
2915 1985 3191 2039 denotare.
3229 1986 3425 2040 Verum

1861 2073 2001 2126 hanc
2032 2074 2417 2141 impudentiam
2452 2076 2799 2141 Athanasius,
2825 2075 3068 2144 Gregorii
3100 2078 3277 2141 ambo,
3311 2077 3430 2144 Epi-

1860 2166 2112 2234 phanius,
2165 2166 2606 2235 Chrysostomus,
2644 2178 2695 2221 ct
2730 2167 2953 2236 ipsemet
3000 2169 3257 2224 Dominus
3295 2185 3427 2225 con-

1860 2258 2054 2323 futanl,
2109 2258 2375 2313 similibus
2430 2274 2565 2327 pene
2626 2271 2680 2313 et
2735 2260 3029 2329 aequalibus
3086 2261 3285 2330 tibique
3346 2262 3426 2317 usi

1861 2349 2102 2401 vocibus.
2159 2347 2270 2402 Hac
2307 2348 2616 2418 prmiixione
2655 2350 3006 2403 articulorum
3070 2359 3427 2417 ostentantes,

1863 2455 1968 2493 non
2018 2439 2249 2508 aliquem
2284 2452 2489 2494 certum
2545 2439 2835 2503 hominem,
2892 2439 2985 2493 sed
3050 2440 3428 2505 nniversalem,

1862 2544 2040 2597 neque
2091 2528 2267 2584 Patris
2309 2538 2403 2583 aut
2456 2530 2575 2583 Filii
2640 2530 2967 2599 hypostasin,
3027 2529 3122 2584 sed
3182 2541 3428 2584 naturam

1864 2635 2204 2675 communem
2232 2622 2522 2691 designari,
2564 2631 2617 2675 et
2661 2637 2763 2673 non
2825 2622 2875 2674 in
2905 2629 3053 2675 recto
3092 2636 3222 2676 casu
3275 2622 3433 2675 modo

1864 2713 2141 2778 articulos,
2185 2715 2278 2768 sed
2314 2724 2369 2767 et
2394 2714 2607 2767 casibus
2633 2713 2752 2767 aliis
2782 2715 2942 2767 verbo
2976 2714 3243 2767 declinato
3266 2714 3429 2768 sumi.

1866 2803 2061 2857 Statim
2096 2805 2384 2858 Mattbazus
2418 2825 2431 2858 :
2467 2806 2773 2873 Quicunque
2801 2806 2991 2858 dixerit
3017 2807 3225 2859 verbum
3243 2816 3430 2860 contra

1868 2893 2067 2947 Filium
2108 2896 2351 2958 hominis,
2380 2898 2664 2948 remittitur
2692 2896 2738 2948 ei
2770 2897 2843 2949 δ’.
2884 2897 2945 2949 Et
2982 2898 3175 2951 iterum
3213 2917 3227 2952 :
3256 2897 3432 2952 Filius

1866 2988 2087 3039 hominis
2124 2987 2318 3056 258a
2351 2998 2594 3039 venturus
2625 2998 2695 3039 cst
2734 2989 2789 3039 in
2838 2988 3005 3055 gloria
3035 2986 3211 3042 Patris
3260 2990 3341 3042 sui
3382 3000 3431 3045 θ.

1869 3077 1930 3130 Et
1958 3077 2137 3129 subdit
2172 3095 2183 3128 :
2218 3075 2430 3128 Nemini
2472 3078 2710 3129 dixeritis
2756 3064 2997 3130 visionem
3058 3080 3217 3142 hanc,
3274 3081 3435 3133 donec

170 3168 547 3237 ἀφεθήσεται
574 3169 871 3237 (ιὺτῷχκαὶ
903 3171 1083 3223 πάλιν·
1115 3172 1339 3225 Μέλλει
1355 3172 1399 3203 ’⁸
1430 3176 1460 3225 ό
1495 3174 1621 3238 Υἱὸς
1657 3171 1760 3224 τοῦ
1791 3205 1832 3260 C

1791 3205 1833 3260 ϐ
1871 3163 2040 3216 Filius
2090 3164 2310 3216 hominis
2333 3182 2361 3215 a
2389 3167 2605 3217 mortuis
2662 3177 2896 3233 resurgat
2925 3164 2969 3218 ἀ.
3011 3166 3072 3219 Et
3100 3166 3157 3219 S.
3201 3168 3433 3221 Paulus:

172 3262 503 3328 ἀνθρώπου
556 3262 837 3329 ἔρχεσθαι
870 3263 939 3314 ἐν
969 3261 1044 3329 τῇ
1073 3263 1222 3330 δόξῃ
1253 3263 1357 3317 τοῦ
1393 3264 1622 3331 Πατρός
1663 3265 1765 3316 αὺ-

174 3351 289 3403 τοῦ
319 3389 334 3411 ,
371 3351 464 3402 καὶ
494 3349 656 3401 πάλιν
680 3390 694 3413 ,
746 3349 969 3417 Μηδενὶ
989 3352 1033 3382 ⁹⁶
1074 3353 1279 3419 εἴπητε
1311 3352 1374 3403 τὸ
1405 3352 1593 3420 ὅραμα
1615 3395 1627 3415 ,
1660 3352 1769 3415 ἓως

173 3442 257 3494 ἂν
288 3445 323 3494 ό
365 3440 499 3506 Υἱὸς
517 3440 624 3495 τοῦ
663 3441 979 3509 ἀνθρώπου
1008 3441 1075 3495 ἐκ
1110 3442 1337 3509 νέκρων
1370 3440 1625 3508 ἀναστῇ.
1664 3440 1770 3492 Καὶ

170 3535 200 3585 ὁ
230 3532 534 3593 θεσπέσιος
570 3532 816 3597 Παῦλος,
851 3535 920 3585 Et
942 3534 985 3565 "
1017 3534 1125 3601 γὰρ
1154 3532 1235 3596 τῷ
1276 3532 1380 3585 τοῦ
1423 3533 1559 3598 ἐνὸς
1592 3548 1771 3599 παρα-

172 3625 457 3693 πτώματι
488 3626 539 3676 οί
567 3625 786 3677 πολλοὶ
825 3624 1129 3679 ἀπέθανον
1153 3665 1166 3687 ,
1204 3624 1411 3688 πολλῷ
1435 3623 1677 3693 μᾶλλον
1699 3622 1771 3691 τῇ

173 3720 392 3784 χάριτι
429 3716 536 3769 τοῦ
571 3715 717 3768 Θεοῦ
750 3716 847 3767 καί
876 3714 949 3782 τῇ
978 3713 1167 3781 δωρεᾷ
1192 3716 1260 3766 ἐν
1292 3714 1481 3781 χάριτι
1508 3715 1613 3766 τοῦ
1635 3714 1772 3776 ἐνὸς

171 3803 509 3872 ἀνθρώπου
556 3803 757 3870 Ἰησοῦ
796 3804 1054 3871 Χριστοῦ
1088 3806 1173 3868 εἰς
1208 3803 1347 3866 τοὺς
1378 3804 1647 3866 πολλοὺς
1670 3819 1772 3855 πε-

160 3896 547 3963 ριέσσευσεν
563 3893 642 3963 θ’..
661 3895 747 3946 Ἐν
773 3895 882 3964 γὰρ
903 3894 1110 3956 τούτοις
1137 3895 1340 3947 ἆπασιν
1367 3897 1398 3964 ἡ
1431 3894 1522 3946 τοῦ
1558 3893 1772 3963 ἀνθρώ-

172 4003 287 4037 που
324 3984 521 4054 μνήμη
550 3983 687 4053 μετὰ
741 3982 835 4035 τοῦ
862 3982 1081 4051 γενικοῦ
1111 3982 1462 4052 προαγομένη
1488 3982 1531 4014 ⁹⁹
1570 3983 1771 4053 ἄρθρου

168 4073 448 4143 οὐδαμῶς
497 4072 655 4124 διεῖλε
686 4073 777 4125 τὸν
801 4073 933 4125 Eva’
968 4072 1174 4143 Κύριον
1198 4073 1356 4143 ἡμῶν
1404 4072 1608 4142 Ἰησοῦν
1642 4074 1773 4140 Χρι-

169 4167 309 4218 στίν
362 4165 442 4226 είς
474 4163 751 4235 ,διαφορὰν
793 4160 1161 4216 ὑποστάσεων.
1214 4164 1323 4217 Καὶ
1355 4165 1382 4216 6
1416 4162 1671 4231 θεοφόρος
1718 4162 1773 4214 δὲ

178 4255 466 4323 Ἰγνάτιος
542 4253 638 4305 καὶ
706 4253 961 4323 μάρτυς,
1022 4254 1352 4324 Σμυρναίοις
1424 4252 1771 4318 ἐπιστέλλων,

1872 3256 1930 3310 Si
1959 3258 2093 3308 enim
2123 3259 2277 3308 unius
2301 3258 2484 3308 delicto
2517 3258 2669 3308 multi
2692 3260 2884 3309 mortui
2908 3271 3049 3321 sunt,
3082 3260 3244 3311 multo
3273 3262 3438 3330 magis

1872 3348 1924 3398 in
1963 3348 2133 3413 gratia
2174 3344 2288 3410 Dei,
2351 3355 2397 3397 et
2446 3347 2639 3396 donum
2682 3348 2733 3397 in
2784 3347 2955 3414 gratia
3005 3348 3156 3400 unius
3214 3348 3438 3404 hominis

1870 3436 1996 3489 λεια
2024 3434 2216 3488 Christi
2250 3438 2299 3485 in
2342 3434 2513 3503 plures
2551 3435 2835 3487 abundavit
2864 3446 2907 3487 ο.
2957 3434 3012 3489 In
3061 3437 3145 3492 bis
3190 3442 3441 3495 omnibus

1875 3532 2075 3583 mentio
2107 3531 2163 3582 iit
2199 3530 2431 3584 hominis
2481 3531 2531 3583 in
2564 3531 2816 3599 gignendi
2874 3546 3025 3595 casu,
3069 3547 3167 3586 nec
3210 3547 3437 3600 usquam

1872 3620 2073 3675 Christi
2132 3620 2256 3675 Jesu
2320 3636 2605 3689 perseiiam
2660 3623 2863 3675 divisit.
2915 3622 3170 3676 Scribcns
3228 3638 3441 3691 quoque

1876 3711 2171 3781 Smyrna‘is
2229 3713 2384 3765 divus
2440 3711 2697 3779 lgnatius,
2758 3714 3005 3767 similiter
3060 3716 3161 3768 hoc
3216 3714 3442 3767 articulo

1875 3804 2070 3857 utitur.
2103 3802 2167 3857 Et
2202 3801 2379 3857 Julius
2417 3804 2660 3873 pontifex
2715 3805 2993 3859 Romanus
3034 3806 3085 3859 in
3120 3805 3343 3873 epistola
3372 3807 3439 3858 ad

1876 3894 2123 3953 Decium,
2160 3893 2305 3946 hunc
2333 3908 2453 3946 esse
2503 3894 2657 3962 jubet
2687 3894 2993 3955 anathema,
3037 3896 3126 3963 qui
3161 3896 3324 3948 Deum
3358 3895 3441 3948 in-

1876 3992 2156 4037 carnatum
2195 3999 2223 4036 c
2255 3981 2420 4035 Maria
2448 3982 2723 4035 hominem
2777 3998 2881 4036 non
2926 3984 3087 4037 fuerit
3138 3983 3440 4039 confessus.

1879 4074 2072 4129 Eadem
2113 4084 2167 4129 et
2200 4084 2453 4127 strenuus
2493 4075 2891 4128 Athanasiusin
2925 4075 3059 4129 libro
3116 4074 3193 4128 De
3219 4075 3345 4141 ﬁde,
3388 4085 3442 4129 et

1876 4167 2167 4237 Gregorius
2206 4166 2515 4235 Theologus
2551 4168 2601 4219 in
2645 4167 2869 4235 epistola
2898 4166 2961 4219 ad
2997 4166 3314 4221 Cledonium
3353 4182 3439 4221 se-

1878 4258 2080 4321 cunda,
2114 4256 2275 4309 etiam
2317 4256 2484 4308 variis
2541 4256 2673 4308 locis
2722 4254 3014 4323 Gregorius
3045 4254 3344 4325 Nyssenus,
3386 4267 3440 4308 et

162 4344 394 4413 ὁμοίως
422 4340 683 4410 κέχρηται
713 4340 791 4410 τῷ
822 4342 1033 4411 ἄρθρῳ.
1063 4341 1187 4409 ιΚαὶ
1217 4342 1246 4392 6
1284 4340 1505 4410 Ῥώμης
1561 4339 1774 4402 Ἰούλιος

1878 4363 2032 4401 sacer
2072 4346 2298 4399 Basilius
2327 4345 2381 4399 in
2406 4346 2653 4399 oratione
2679 4346 2752 4397 De
2795 4346 2917 4412 ﬁde,
2942 4356 2995 4399 et
3044 4346 3095 4398 iti
3140 4346 3229 4399 lib.
3276 4360 3316 4398 ιι
3372 4345 3444 4397 De

163 4437 225 4486 ἑν
258 4435 335 4503 τῇ
384 4431 519 4500 πρὸς
547 4431 736 4484 Δόκιον
767 4434 1023 4503 ἐπιστολῇ
1052 4448 1218 4501 φησιν
1237 4429 1375 4485 ὥστε
1404 4431 1498 4484 καὶ
1527 4431 1775 4499 ἀνάθεμα

1879 4440 2064 4492 Ita'resi
2110 4436 2477 4507 Epiphanius;
2515 4438 2608 4491 sed
2648 4447 2703 4490 et
2729 4439 2941 4489 Atticus
2981 4436 3438 4505 Constantinopo-

163 4525 324 4576 ἔστω
359 4524 472 4581 πᾶς
517 4526 543 4574 ὀ
570 4521 660 4573 τὸν
690 4525 751 4573 ἐκ
780 4524 998 4592 Μαρίας
1032 4521 1317 4592 ἄνθρωπον
1367 4523 1463 4591 οὐχ
1500 4521 1773 4591 ὁμολογῶν
1808 4528 1825 4584 1

1808 4528 1852 4584 D
1882 4531 1995 4584 lcos
2030 4530 2083 4583 in
2116 4530 2341 4597 epistola
2376 4530 2441 4581 aii
2476 4526 2881 4599 Empsychium,
2908 4539 2961 4581 et
3000 4526 3237 4582 Joannes
3265 4528 3442 4598 Chry-

164 4613 323 4667 εἷναι
377 4614 643 4681 ἐνσαρκον
682 4612 834 4665 Θεόν.
884 4613 962 4664 Τὰ
1029 4612 1243 4665 αὐτὰδέ
1297 4613 1446 4667 καὶὸ
1480 4611 1775 4674 πολύαθλος

1874 4629 2153 4674 sostomns
2177 4620 2392 4672 homilia
2433 4621 2466 4674 ὅ
2492 4622 2541 4672 in
2574 4618 2743 4687 Epist.
2781 4619 2931 4671 Pauli
2982 4619 3048 4671 ad
3086 4618 3347 4687 Ephesios
3390 4630 3442 4672 et

175 4704 526 4767 Ἀθανάσιος
557 4708 613 4756 ἐν
659 4704 737 4773 τῷ
766 4705 907 4770 Περί
937 4704 1200 4770 πίστεως
1250 4705 1394 4775 λόγῳ
1418 4744 1431 4770 ,
1464 4706 1557 4758 καὶ
1588 4708 1613 4756 6
1644 4703 1772 4755 Θεο-

1874 4711 1926 4762 in
1964 4708 2249 4762 Thesauris
2306 4708 2561 4778 Cyrillus,
2614 4717 2668 4762 et
2732 4708 3106 4776 Explicatione
3164 4708 3443 4762 Malachim

160 4798 339 4864 λόγος
378 4795 420 4846 Γ
428 4797 682 4865 ρηγὸριος
708 4797 766 4847 ἐν
813 4798 878 4866 τῇ
909 4796 1045 4867 πρὸς
1074 4796 1369 4865 Κληδόνων
1397 4797 1441 4866 β’
1480 4796 1772 4866 ἐπιστολῇ,

1872 4799 2150 4869 prophetae
2182 4810 2238 4853 et
2271 4798 2496 4853 Joannis
2539 4800 2911 4869 evangelista,
2941 4808 2994 4853 et
3024 4800 3077 4853 iu
3116 4800 3252 4854 libro
3284 4816 3334 4853 ιι
3366 4800 3442 4852 De

166 4888 267 4942 ναὶ
301 4886 431 4954 μὴν
453 4886 591 4938 καὶὸ
617 4885 838 4957 Νύσσης
860 4887 1159 4958 Γρηγόριος
1189 4889 1245 4940 ἐν
1275 4887 1548 4956 διαφόροις
1574 4887 1771 4955 λόγοις,

1877 4892 2188 4947 adoratione
2210 4893 2264 4944 in
2314 4891 2511 4960 Spiritu
2568 4904 2613 4945 et
2656 4893 2868 4946 veritate
2923 4892 3056 4961 (72).
3097 4893 3268 4947 Habet
3301 4894 3442 4946 enim

161 4983 266 5036 καὶ
292 4980 589 5045 Βασίλειος
606 4982 634 5035 6
653 4981 939 5047 θεσπέσιος
968 4982 1026 5035 ἐν
1057 4982 1134 5053 τῷ
1156 4982 1295 5051 Περὶ
1324 4984 1581 5047 πίστεως
1605 4981 1768 5051 λόγῳ,

1883 4985 1997 5037 ita:
2049 4982 2276 5038 Natura:
2316 4984 2451 5038 enim
2491 5000 2727 5052 superum
2765 4983 3122 5037 habitaculum
3166 4983 3440 5051 locupletat

245 5124 300 5163 δ’
349 5120 554 5176 Matth.
587 5136 684 5185 xu,
711 5120 802 5175 52.
889 5130 911 5159 ε
944 5118 1132 5173 Matth.
1165 5133 1276 5183 xu,
1304 5116 1395 5171 27.
1470 5117 1497 5157 ιι
1535 5118 1725 5173 Matth.
1756 5121 1907 5175 avni

761 5120 802 5175 ι.
889 5130 911 5159 ε
944 5118 1132 5173 Matth.
1165 5133 1276 5183 1m,
1304 5116 1395 5171 27.
1470 5117 1497 5157 ιι
1535 5118 1725 5173 Matth.
1756 5135 1862 5175 mi
1886 5121 1940 5175 8.
2020 5131 2044 5158 ο
2076 5120 2233 5175 Rom.
2254 5133 2304 5181 ν,
2336 5118 2423 5172 15.

1465 5275 1705 5332 VARIA'I
1729 5276 2131 5335 LECTIONES.

238 5409 290 5441 "
323 5405 596 5473 εὐτυχέος
632 5419 694 5465 ςο
726 5399 1045 5473 κεισίρλϐδ
1087 5400 1115 5453 δ
1174 5397 1270 5473 9.9.-
1378 5396 1425 5473 33
1461 5396 1862 5473 ιλξξῖνιλέγειν
1891 5398 1957 5452 Α·
2014 5394 2257 5473 fidite;
2291 5398 2375 5473 A5
2405 5393 2677 5473 6.6.5119.
2748 5391 2795 5423 "
2824 5385 3438 5473 πρὲσάκῖἳνξίίῐῗεᾏί

238 5409 290 5441 ⁹⁹
323 5405 596 5473 εὐτυχέος
632 5419 694 5465 ς.
747 5401 822 5457 cf.
858 5415 913 5470 p.
939 5399 1045 5455 265
1087 5400 1115 5453 b
1174 5397 1270 5453 29.
1378 5396 1424 5430 ⁹¹
1461 5396 1631 5453 ἐλεεῖν
1684 5396 1862 5466 λέγειν
1891 5398 1957 5452 Α.
2032 5397 2077 5427 ’³
2100 5396 2257 5460 ἀξίας
2291 5398 2326 5447 Α
2363 5413 2375 5447 :
2405 5396 2561 5461 δόξης
2592 5409 2652 5456 ς.
2748 5396 2795 5423 ’³
2824 5396 3114 5459 προσώπον
3160 5401 3301 5439 corr.
3352 5396 3392 5439 Α
3426 5397 3438 5431 ε

162 5479 464 5547 πρόσωπα
509 5490 597 5547 ςη
643 5474 690 5503 ’⁸
712 5470 793 5542 ὃς]
841 5471 1034 5547 Matth.
1064 5482 1164 5534 ιιι,
1190 5466 1282 5522 32.
1313 5536 1325 5547 _
1380 5467 1425 5500 ⁸⁸
1459 5396 1667 5547 pilas}
1699 5467 1830 5547 ibid.
1864 5483 1979 5547 x‘vr,
2012 5466 2101 5519 27.
2179 5467 2222 5496 "
2256 5462 2463 5535 μηδενὶ]
2528 5461 2720 5515 Matth.
2748 5475 2877 5514 nn.
2903 5459 2953 5512 8.
3033 5459 3075 5490 ³⁷
3109 5456 3178 5527 εί]
3208 5457 3361 5509 Rom.
3391 5470 3442 5511 ν.

164 5536 259 5601 l5.
346 5545 400 5577 ’⁸
437 5536 851 5612 ἐπερίσσευσεν.
930 5541 975 5571 ’⁸
1007 5536 1396 5609 προσαγομένη
1419 5536 1480 5601 ς.
1560 5539 1578 5569 ¹
1607 5536 1703 5590 ἕνα
1730 5538 1853 5592 ad'd.
1885 5536 1953 5589 A.

1702 5649 1933 5705 ΝΟΤιΕ.

242 5751 373 5822 (τι)
404 5745 481 5801 lit
511 5746 901 5809 incarnatione,
942 5743 1085 5813 quod
1126 5743 1419 5799 maximum
1453 5752 1536 5799 est
1568 5743 1782 5799 miseri-

1962 5741 2074 5810 (ῖὲ)
2112 5742 2277 5803 [ΙΟιΙῘΩ
2304 5742 2557 5796 tredecim
2588 5750 2803 5797 exstant
2830 5740 3015 5809 (lyr-illi
3046 5739 3117 5792 De
3140 5734 3445 5790 adorationl

163 5820 382 5881 cordia:
416 5830 577 5884 opus.

1886 5813 2063 5865 “0311.1:
2087 5813 2237 5864 editi.
