4208 6448
767 405 874 469 999
1936 399 2198 459 ΡΙΙΟΤΙΙ
2244 399 2743 458 PATRIARCII/E
2782 402 2887 459 CP.
3886 405 4032 471 1000

764 514 1017 583 rirgiuatc
1055 511 1325 577 templum.
1376 508 1498 563 llaec
1526 508 1709 561 omnia
1745 518 1798 563 et
1833 524 1953 563 cum
1999 510 2250 563 articulis
2289 520 2344 562 et

2450 510 2541 561 xui.
2574 510 2602 560 6
2640 508 2952 578 θαυμαστὸς
2992 509 3303 576 Ἐπιφὰνιος
3346 511 3403 561 ἐν
3448 510 3525 577 τῷ
3560 512 3695 577 Περί
3742 511 4031 581 αἱρέσεως

764 607 999 658 divinam
1037 612 1090 653 et
1118 600 1409 653 humanam
1448 606 1697 649 naturam
1726 599 1988 664 designat.
2044 596 2147 649 Sed
2202 610 2335 663 quo-

2450 596 2649 667 πρώτῳ
2706 597 2924 666 βιϐλίῳ,
2978 597 3115 649 ἀλλὰ
3171 598 3262 648 καὶ
3314 600 3340 648 ὀ
3405 600 4031 667 Κωνσταντινονπόλεως

768 696 924 747 modo
978 694 1063 745 hic
1114 701 1359 744 sanctum
1433 687 1668 742 Leonem
1727 689 1778 740 in
1828 688 2182 757 productione
2243 700 2335 738 ar-

2453 691 2693 751 ’Λττικὺς
2722 692 2778 742 ἐν
2802 692 2868 757 τῇ
2898 690 3035 759 πρὸς
3064 688 3332 757 Εὑψύχιον
3355 690 3606 760 ἐπιστολῇ
3637 731 3650 753 ,
3680 693 3773 744 καὶ
3812 696 3841 744 6
3877 696 4031 762 Χρυ-

768 785 1050 836 lit'lllurllllt
1092 791 1335 845 accusat,
1387 789 1440 833 et
1502 792 1727 833 crateres
1782 778 1967 832 Patres
2027 793 2131 831 non
2200 776 2336 829 alla-

2450 782 2708 848 σάστομος
2740 781 2795 831 ὲν
2831 780 3098 851 ὲρμηνείιιι
3128 782 3224 848 τῆς
3257 781 3361 849 πρὸ
3396 781 3677 848 Ἐφεσίους
3710 784 4029 854 ἐπιστολῆς.

770 888 893 929 mu.
2454 870 2645 939 τρίτῆς
2682 868 2895 937 ὁμιλίας
2916 910 2929 931 ,
2956 872 3049 921 καὶ
3082 870 3345 939 Κύριλλος
3368 870 3423 921 δὲ
3463 870 3521 921 ἐν
3548 870 3671 936 τοῖς
3700 874 4032 940 θησαυροῖς

767 968 856 1016 καὶ
882 968 935 1016 ἐν
959 969 1022 1035 τῇ
1050 964 1314 1035 ἑρμηνείᾳ.
1344 962 1437 1015 τοῦ
1467 966 1742 1033 προφήτου
1776 964 2054 1031 Μαλαχίου
2085 964 2178 1016 καὶ
2236 964 2292 1013 ἐν
2319 963 2383 1031 τῇ
2423 961 2688 1031 ἑρμηνείᾳ.
2712 960 2806 1013 τοῦ
2840 961 2979 1013 κατὰ
3018 962 3265 1031 Ἰωάννην
3291 964 3623 1030 Εὑαγγελίου
3698 966 3790 1017 καὶ
3841 968 3898 1016 ὲν
3953 968 4032 1033 τῷ

767 1061 901 1127 ΙΙερί
931 1060 1038 1126 τῆς
1058 1062 1127 1112 ἐν
1162 1060 1447 1126 πνεύματι
1475 1059 1754 1125 λατρείας
1783 1059 1955 1125 ὲνάτῳ
1987 1057 2173 1127 βιϐλίῳ
2196 1072 2209 1087 δ
2240 1056 2385 1123 λέγει
2408 1056 2514 1125 γὰρ
2536 1056 2705 1118 οὕτως
2726 1072 2739 1087 ·
2773 1058 3014 1123 Φύσεως
3046 1060 3154 1125 γὰρ
3184 1057 3290 1123 τῆς
3307 1058 3582 1111 ἀνωτάτω
3630 1061 4035 1113 καταπλοιιτεῖ

765 1155 870 1204 τὸν
928 1154 1299 1221 ἐναυλισμύν
1341 1156 1371 1204 ό
1414 1152 1481 1203 ἐκ
1546 1151 1845 1218 παρθένου
1898 1150 2061 1214 ναός.
2132 1149 2351 1201 Τούτων
2391 1148 2643 1201 ἁπάντων
2692 1148 2830 1217 μετὰ
2871 1148 2981 1200 τῶν
3020 1148 3236 1219 ἄρθρων
3267 1151 3365 1218 τήν
3426 1167 3483 1201 τε
3518 1149 3666 1202 θείαν
3716 1151 3875 1217 φύσιν
3938 1158 4032 1206 καὶ

765 1252 862 1320 τὴν
902 1251 1247 1319 ἀνθρωπίνην
1293 1249 1639 1317 προαγόντων
1663 1288 1676 1311 ,
1710 1247 1825 1309 πῶς
1863 1249 1889 1297 6
1932 1248 2023 1299 τὸν
2075 1248 2130 1299 ἐν
2180 1246 2355 1314 ἁγίοις
2384 1247 2589 1297 Λέοντα
2618 1243 2944 1314 αἰτιώμενος
2974 1244 3060 1297 διὰ
3092 1246 3189 1314 τὴν
3228 1244 3337 1297 τῶν
3413 1245 3627 1314 ἄρθρων
3693 1248 4032 1317 προχομιὸἡν

768 1346 888 1413 οὐχὶ
951 1344 1093 1395 κατὰ
1146 1344 1365 1395 πάντων
1421 1340 1575 1408 ήμῶν
1624 1340 1731 1392 τῶν
1766 1340 2039 1409 θεοφόρων
2098 1338 2355 1407 Πατὲρων
2393 1337 2644 1401 ύλακτεί;

840 1439 943 1488 Sed
975 1436 1098 1486 illml
1123 1437 1281 1487 etiam
1315 1434 1628 1486 videmnus:
1665 1434 1926 1500 Operatur
1960 1436 2095 1485 enim
2136 1446 2351 1501 utraque

768 1534 939 1597 {arma
990 1544 1100 1578 cum
1147 1529 1413 1594 utriusque
1460 1526 1818 1593 conjunctione
1876 1528 2153 1577 sarum/um
2202 1540 2349 1575 suum

768 1624 1156 1687 prolrrietatem.
1234 1616 1343 1668 Hoc
1404 1620 1608 1685 quidem
1661 1632 1905 1684 operante
1971 1616 2153 1682 Verbo,
2212 1619 2349 1684 quod

783 1709 931 1761 Verbi
973 1722 1088 1759 est:
1124 1722 1339 1773 corpore
1365 1722 1484 1757 vero
1532 1722 1592 1758 ea
1629 1707 1896 1775 efﬁciente,
1946 1721 2062 1772 qum
2114 1704 2348 1770 corporis

769 1812 910 1853 sunt.
956 1802 1018 1852 Et
1068 1802 1116 1851 iu
1149 1801 1234 1851 his
1278 1814 1398 1850 cum
1434 1799 1633 1850 sanctis
1672 1796 1922 1850 Patrihus
1954 1798 2261 1849 consentire
2296 1803 2349 1849 et

2535 1433 2674 1484 Ἀλλ’
2735 1434 2930 1502 ἴδωμεν
2977 1432 3073 1485 καὶ
3130 1432 3188 1484 τό
3219 1448 3233 1461 ·
3305 1432 3556 1500 Ἐνεργεῖ
3630 1434 3740 1501 γὰρ
3779 1435 4030 1500 ἑκατέρα

2445 1525 2647 1592 μορφὴ
2695 1527 2845 1592 μετὰ
2892 1525 3001 1589 τῆς
3038 1524 3286 1589 θατέρου
3318 1525 3631 1587 κοινωνιάς
3684 1524 3828 1584 ὅπερ
3874 1525 4032 1575 ἴδιον

2448 1615 2669 1683 ἔσχηκε
2696 1656 2709 1677 ,
2768 1618 2872 1668 τοῦ
2911 1616 3029 1683 μὲν
3075 1618 3263 1683 λόγου
3309 1615 3810 1682 κατεργαζομένου
3854 1616 4030 1667 τοῦτο

2449 1708 2592 1774 ὅπερ
2628 1708 2759 1759 ἐστί
2792 1707 2898 1760 τοῦ
2924 1709 3118 1776 Λόγου
3142 1746 3157 1770 ,
3179 1706 3286 1761 τοῦ
3311 1706 3377 1758 δὲ
3409 1705 3681 1774 σώματος
3713 1706 4030 1759 ἐκτελοῦν-

2451 1818 2541 1865 τος
2586 1800 2712 1869 [iiii
2747 1798 2835 1869 IL]
2877 1799 3025 1866 ἅπερ
3077 1798 3208 1851 ἐστὶ
3260 1798 3367 1851 τοῦ
3417 1798 3711 1866 σώματες.
3758 1799 3869 1848 Καὶ
3921 1798 4030 1865 γὰρ

770 1892 1061 1946 Convenire
1098 1891 1367 1942 videhitnr
1413 1909 1421 1940 :
1466 1904 1652 1943 omnes
1686 1889 1827 1941 enim
1860 1890 2087 1940 humana
2120 1888 2343 1949 homini,

2452 1888 2727 1941 κάνταῦθα
2778 1886 3027 1957 ὁμόδοξός
3081 1904 3137 1940 τε
3193 1890 3285 1939 καὶ
3349 1888 3629 1954 ὁμόφωνος
3685 1889 3794 1947 τοῖς
3861 1887 4030 1955 ἴεροις

769 1986 949 2037 divina
985 1984 1093 2035 Deo
1137 1983 1403 2035 trihuunt.
1472 1980 1941 2047 Quemadmodum
2007 1983 2200 2034 ductus
2259 1980 2347 2035 ille

768 2076 1003 2146 L‘yrillus
1037 2076 1086 2127 in
1127 2075 1529 2139 Commentario
1560 2074 1624 2125 ad
1670 2071 1930 2125 Joannem
1968 2090 1979 2123 :
2020 2070 2103 2135 Si,
2150 2073 2347 2141 inquit,

766 2169 921 2222 Jcsus
953 2169 1203 2235 pro/icere
1230 2166 1503 2219 dicebatur
1526 2168 1785 2227 sapientia
1814 2177 1859 2218 et
1892 2176 2045 2218 a'tate
2080 2164 2122 2228 ί,
2150 2176 2195 2217 et
2230 2182 2349 2233 gra-

769 2264 879 2325 tia,
941 2262 1135 2329 258b
1210 2260 1588 2312 incarnationis
1652 2276 1780 2326 opus
1847 2270 1943 2313 est.
2003 2257 2345 2310 Permittebut

768 2353 905 2404 enim
959 2352 1048 2403 Dei
1099 2350 1319 2403 Verbum
1356 2350 1741 2401 humanitatem
1786 2352 1895 2401 suis
1934 2350 2191 2413 meptibus
2218 2347 2347 2415 ferri

768 2444 895 2495 etin
940 2442 1197 2497 Oratione
1238 2444 1497 2495 adversus
1522 2442 1830 2494 Nestorium
1864 2458 1876 2491 :
1908 2441 2117 2508 Aspice,
2152 2440 2346 2506 inquit,

771 2546 822 2585 ut
860 2537 966 2601 ipse
995 2535 1127 2585 nihil
1160 2536 1423 2585 remittens
1472 2550 1553 2597 ne,
1590 2549 1708 2585 cum
1736 2542 2021 2598 pateretur,
2052 2532 2349 2595 permiserit

769 2626 918 2676 rami
954 2628 1006 2676 in
1037 2625 1299 2689 propriam
1336 2633 1579 2674 naturam
1632 2638 1816 2689 parum
1858 2636 2027 2687 posse,
2090 2621 2185 2671 etsi
2230 2635 2352 2687 pro-

769 2718 885 2783 pria
914 2717 1021 2781 lege
1050 2716 1295 2781 ferretur.
1331 2724 1380 2766 et
1420 2716 1588 2780 ipsius
1625 2729 1703 2766 res
1736 2712 1952 2773 dicitur,
1976 2728 2033 2763 eo
2067 2711 2204 2779 quod
2228 2727 2349 2778 pro-

771 2808 942 2868 prium
998 2809 1063 2859 sit
1116 2813 1229 2874 ejus
1258 2821 1445 2871 corpus
1491 2822 1503 2857 :
1542 2816 1592 2857 et
1648 2806 1699 2856 in
1753 2802 2036 2855 Thesauris
2066 2818 2083 2853 :
2126 2800 2348 2853 Turbari

770 2913 891 2949 vero
942 2898 1209 2963 proprium
1263 2898 1437 2946 cumis
1472 2906 1543 2945 est
1593 2910 1611 2946 :
1639 2904 1945 2960 potestatem
1995 2908 2113 2944 vero
2164 2892 2351 2943 habere

770 2986 1014 3049 ponendi,
1045 2993 1089 3034 et
1115 2986 1303 3034 iterum
1330 2983 1626 3033 resumenda
1668 2983 1918 3042 animant,
1958 2995 2085 3047 opus
2134 2988 2211 3031 est
2254 2994 2349 3043 po-

772 3070 945 3121 tentia:
1006 3068 1176 3119 Verbi.
1216 3067 1281 3119 Et
1334 3078 1588 3120 sexcenta
1650 3068 1753 3119 alia
1810 3068 1854 3119 si
1892 3068 2013 3133 quis
2068 3066 2351 3121 volucrite

772 3172 962 3212 saneto
995 3162 1255 3229 colligere
1289 3160 1617 3226 reliquisque
1650 3161 1898 3212 Patrihus
1927 3162 2185 3212 inveniet.
2211 3159 2347 3213 Gre—

2452 1981 2611 2049 ὴμῶν
2658 1981 3106 2050 ἀναδειχθὴσεται
3141 1980 3419 2049 Πατράσι⁹
3451 1979 3649 2042 πάντες
3691 1978 3799 2046 γὰρ
3829 1980 3897 2028 τὰ
3932 1978 4031 2046 μὲν

2450 2068 2780 2139 ἀνθρώπινα
2806 2070 2883 2140 τῷ
2910 2070 3180 2140 ἀνθρώπῳ
3223 2069 3535 2122 ἀνατιθέασι
3555 2110 3567 2133 ,
3594 2066 3671 2137 τῷ
3717 2068 3834 2136 ΘΞῴ
3862 2068 3919 2118 δὲ
3963 2067 4030 2118 τὰ

2449 2160 2602 2220 θεῖα,
2641 2160 2834 2229 ὥσπερ
2881 2161 2976 2213 καὶ
3004 2162 3032 2212 6
3060 2159 3223 2228 σοφὸς
3264 2159 3533 2229 Κύριλλος
3553 2162 3609 2211 ἐν
3654 2161 3717 2228 τῇ
3760 2158 4029 2226 ἑρμηνείᾳ

2449 2249 2542 2299 τοῦ
2591 2250 2734 2301 κατά
2785 2249 3036 2317 Ἰωάννην
3069 2249 3402 2317 Εὑαγγελίου
3428 2266 3444 2283 ⁶
3497 2248 3566 2301 Εἰ
3606 2247 3675 2300 δὲ
3712 2248 3788 2313 δὴ
3816 2289 3830 2309 ,
3866 2248 4027 2315 φησὶ,

2448 2341 2680 2407 λέγοιτο
2718 2342 3078 2406 προκόπτειν
3120 2344 3150 2391 ό
3189 2341 3430 2407 Ἰησοῦς
3475 2340 3681 2407 ἡλικίᾳ
3709 2340 3807 2391 καὶ
3845 2340 4031 2406 σοφίᾳ

2452 2432 2547 2483 καὶ
2573 2430 2794 2495 χάριτι,
2818 2430 2927 2497 τῆς
2953 2431 3299 2499 οἰκονομίας
3326 2431 3495 2483 ἔσται
3522 2429 3589 2481 τὸ
3620 2429 3818 2496 χρῆμα
3837 2444 3849 2454 ·
3878 2444 4029 2480 συν-

2450 2522 2652 2589 εχώρει
2684 2522 2793 2589 γὰρ
2823 2525 2854 2575 ὀ
2886 2521 2989 2574 τοῦ
3033 2521 3180 2574 Θεοῦ
3225 2520 3407 2588 λόγος
3451 2521 3549 2572 διὰ
3583 2517 3699 2571 τῶν
3732 2518 3841 2585 τῆς
3878 2518 4029 2581 ἱδιάς

2451 2613 2687 2678 φύσεως
2709 2610 2863 2663 ἐθῶν
2893 2611 3037 2663 ἰέναι
3063 2612 3126 2662 τὸ
3148 2611 3544 2675 ἀνθρώπινον.
3567 2608 3675 2660 Καὶ
3703 2611 3759 2659 ἐν
3783 2609 3860 2675 τῷ
3891 2611 4032 2660 κατὰ

2452 2702 2744 2771 Νεστορίου
2795 2703 2935 2772 λόγῳ
2961 2744 2974 2765 ,
3026 2704 3213 2769 Ἀθρει
3249 2700 3325 2768 δὴ
3349 2742 3363 2765 ,
3413 2702 3613 2771 φησὶν,
3650 2702 3810 2765 ὅπως
3850 2701 4035 2753 οὐδὲν

2452 2791 2737 2859 καθυφεὶς
2782 2794 2995 2857 αὐτὸς,
3045 2793 3184 2845 οὔτε
3223 2792 3351 2859 μὴν
3392 2794 3477 2856 εἰς
3526 2790 3683 2843 ἰδίαν
3727 2795 3923 2858 φύσιν
3966 2792 4031 2844 τὸ

2451 2886 2786 2953 ἀσθενῆσαι
2833 2886 3068 2950 παθὼν,
3115 2886 3536 2955 συγκεχώρηκε
3588 2885 3662 2952 τῇ
3715 2886 3899 2952 σαρκί
3934 2885 4034 2939 καί

2451 2979 2547 3032 διὰ
2587 2979 2703 3031 τῶν
2756 2980 2919 3031 ἰδίων
2956 2980 3102 3032 ἰέναι
3135 2982 3359 3048 νόμων⁸
3389 2979 3486 3031 καί
3524 2979 3707 3032 αὐτοῦ
3742 2981 3807 3030 τὸ
3830 2979 4035 3047 χρῆμα

2450 3073 2686 3138 λέγεται
2710 3071 2806 3124 διὰ
2834 3074 2897 3124 τὸ
2930 3072 3085 3123 ἴδιον
3114 3068 3266 3124 εἶναι
3315 3072 3379 3123 τὸ
3408 3071 3578 3139 σῶμα
3601 3072 3808 3123 αὑτοῦ.
3838 3074 3949 3125 Καὶ
3976 3073 4035 3123 ἐν

2451 3166 2563 3224 τοῖς
2592 3163 2947 3229 Θησαυροῖς,
3012 3166 3081 3217 Τὸ
3115 3164 3225 3231 μὲν
3257 3164 3639 3229 ταράττεσθαι
3664 3163 3772 3229 τῆς
3802 3164 4036 3230 σαρκὸς

774 3254 956 3318 gnl'illS
1014 3221 1179 3313 enim,
1238 3221 1587 3314 Athanasius,
1647 3250 2072 3319 Amphilochius,
2109 3252 2348 3319 Chryso-

2457 3252 2611 3303 ῑδιον
2646 3252 2834 3317 πάθος
2857 3293 2870 3316 ,
2907 3255 2971 3305 τὸ
3003 3253 3070 3305 δὲ
3115 3254 3406 3317 ἐξουσίαν
3434 3255 3597 3321 ἔχειν
3622 3254 3810 3306 θεῖναί
3838 3271 3905 3306 τε
3934 3255 4033 3306 καί

773 3354 998 3405 Stemus,
1029 3342 1367 3402 Ambrosius,
1417 3341 1761 3409 reliquusque
1814 3349 2121 3393 sanctorum
2174 3351 2349 3395 cmtus

774 3432 911 3482 idem
947 3431 1374 3499 promulgarunt.

2457 3343 2640 3394 πάλιν
2670 3343 2877 3395 λαϐεῖν
2924 3344 3037 3410 τὴν
3066 3344 3273 3412 ψυχὴν
3303 3344 3415 3410 τὴν
3441 3344 3544 3397 τοῦ
3598 3346 3792 3413 Λόγου
3844 3344 4037 3397 δυνά-

2452 3450 2609 3499 μεως
2640 3434 2837 3501 ἔργον.
2871 3435 2978 3486 Καὶ
3004 3435 3169 3502 μυρία
3197 3434 3263 3487 ἄν
3289 3452 3371 3497 τις
3396 3434 3717 3503 βουλόμενος
3749 3434 4039 3503 συλλέγειν

772 3519 837 3572 ἐκ
875 3537 935 3570 τε
977 3520 1201 3571 τούτων’
1230 3520 1323 3571 τοῦ
1363 3516 1509 3570 θείου
1544 3518 1735 3587 ἀνδρὸς
1781 3518 1875 3570 καὶ
1900 3518 1964 3569 ἐκ
2006 3519 2115 3570 τῶν
2146 3518 2350 3572 λοιπῶν
2372 3520 2529 3589 ἡμῶν
2562 3523 2823 3592 Πατέρων
2847 3524 2947 3575 οὐκ
2970 3525 3035 3575 ἂν
3060 3525 3311 3594 ἀπορήσῃ
3332 3527 3381 3555 ³·
3411 3524 3538 3595 [819.
3560 3525 3650 3596 R.]
3700 3526 3752 3577 οἷ
3804 3544 3864 3577 τε
3928 3529 4038 3598 γὰρ

773 3610 1066 3677 Γρηγὸριοι
1097 3612 1191 3662 καὶ
1230 3609 1548 3669 Ἀθανάσιος
1584 3608 1931 3676 Ἀμφιλόχιός
1955 3625 2011 3659 τε
2038 3608 2128 3660 καὶ
2162 3610 2190 3661 6
2214 3610 2598 3680 Χρυσόστομος
2651 3617 2745 3664 καὶ
2783 3614 3103 3683 Ἀμόρόσιος
3131 3616 3224 3667 καὶ
3250 3617 3279 3667 6
3309 3616 3464 3677 ἄλλος
3530 3617 3637 3667 τῶν
3708 3617 3883 3682 ἁγίων
3946 3636 4038 3688 χο-

777 3706 867 3775 ρὸς
900 3706 965 3756 τὰ
995 3705 1131 3757 αὐτὰ
1172 3702 1591 3770 διακεκράγασι.

849 3799 1140 3864 Postquam
1182 3810 1310 3847 vero
1358 3803 1755 3860 proposuerunt
1787 3793 1878 3859 qui
1932 3802 2249 3861 repugnant,
2290 3800 2349 3846 ut

775 3891 1072 3959 Gregorius
1106 3886 1586 3950 Neormsariensis,
1624 3884 1975 3950 Athanasius,
2016 3885 2207 3949 Julius,
2242 3886 2349 3953 Cy-

776 3983 948 4045 rillus,
993 3981 1339 4041 Erechthius,
1382 3993 1539 4030 uuam
1597 3977 1686 4031 Dei
1724 3986 1969 4029 naturam
2012 3980 2345 4032 incarnatam

774 4072 1034 4123 sentiunt.
1070 4070 1229 4120 Clare
1270 4069 1413 4119 enim
1440 4067 1585 4119 vocis
1616 4082 1831 4120 sensum
1868 4069 2101 4135 explicat
2128 4069 2336 4132 dicens,

775 4161 968 4229 nlipsa
1020 4157 1379 4212 dilTerentiam
1441 4158 1705 4210 unitarum
1739 4169 2055 4211 naturarum
2100 4160 2344 4215 edoceat.

776 4248 884 4301 Nisi
920 4250 1060 4300 enim
1097 4249 1332 4300 humana
1366 4259 1554 4299 natura
1603 4259 1654 4300 et
1711 4248 1890 4301 divina
1934 4249 2204 4311 dilTeraut,
2263 4254 2343 4304 vel

775 4346 993 4397 omnino
1026 4345 1207 4396 carnis
1241 4345 1291 4395 in
1335 4344 1630 4399 divinitatis
1678 4348 1970 4399 essentiam
2022 4349 2341 4415 invertatur,

776 4436 857 4488 vel
892 4436 941 4487 iu
977 4451 1196 4487 carnem
1233 4436 1511 4497 divinitas,
1540 4447 1594 4488 et
1627 4438 1701 4489 sic
1754 4453 1855 4489 una
1890 4438 1982 4490 ﬁat
2017 4453 2031 4490 ε
2080 4440 2224 4506 quod
2262 4451 2346 4495 est

775 4524 1095 4589 Apollittul'ii
1155 4534 1208 4576 et
1267 4523 1523 4575 similimn
1595 4526 1969 4579 hmreticurnm
2034 4528 2191 4595 impia
2228 4530 2345 4583 bla—

2545 3795 2695 3845 Ἐπεὶ
2718 3795 2775 3845 δέ
2806 3798 3123 3864 προέτειναν
3152 3797 3199 3847 οἰ
3237 3795 3303 3846 δι’
3342 3797 3584 3859 ἐναντίας
3615 3797 3689 3859 ὡς
3733 3798 4039 3870 Γρηγόριος

2452 3888 2481 3938 6
2537 3886 2967 3955 Νεοκαισαρείας
3002 3887 3093 3937 καὶ
3144 3886 3461 3949 Ἀθανάσιος
3522 3890 3615 3941 καὶ
3670 3890 3889 3952 Ἰούλιος
3944 3895 4039 3946 καὶ

2456 3976 2719 4045 Κύριλλος
2766 3977 2857 4027 καὶ
2900 3975 3172 4047 Ἐρέχθιος
3211 3978 3342 4046 μίαν
3377 3978 3537 4044 φύσιν
3567 3978 3659 4031 τοῦ
3690 3979 3826 4031 Θεοῦ
3851 3984 4037 4050 Λόγου

2452 4067 2735 4131 δοξάζουσι
2770 4069 3198 4138 σεσαρκωμένην
3221 4112 3236 4135 ,
3278 4068 3531 4137 διασάφει
3570 4071 3666 4139 μὲν
3694 4072 3796 4137 τῆς
3845 4074 4038 4143 φωνῆς

2450 4160 2547 4229 τὴν
2570 4161 2843 4224 διάνοιαν,
2870 4160 3042 4228 λέγων
3085 4163 3160 4222 ὡς
3199 4160 3293 4213 καὶ
3334 4160 3471 4229 αὕτη
3517 4161 3579 4214 τὸ
3621 4162 3878 4231 διάφορον
3923 4166 4035 4217 τῶν

2451 4250 2763 4302 ἑνωθέντων
2792 4251 3096 4304 ἐκδιδάσκει
3120 4250 3357 4318 φύσεων.
3385 4252 3446 4303 Εἰ
3476 4251 3585 4322 γὰρ
3623 4252 3698 4321 μὴ
3743 4254 3770 4321 ἡ
3809 4254 4033 4324 ἀνθρω-

2454 4340 2581 4408 πίνη
2616 4341 2777 4406 φύσις
2818 4344 2909 4394 καὶ
2952 4344 2986 4412 ή
3031 4342 3149 4394 θεία
3191 4343 3477 4411 διάφορος,
3521 4343 3741 4405 πάντως
3770 4361 3835 4409 γε
3872 4346 3906 4413 ἦ
3963 4349 4032 4400 τὰ

2449 4431 2549 4498 τῆς
2572 4429 2590 4459 ⁸
2624 4432 2825 4500 σαρκὸς
2857 4434 2936 4495 εἰς
2964 4432 3062 4501 τήν
3086 4436 3184 4502 τῆς
3215 4434 3465 4502 θεότητος
3497 4432 3681 4487 οὐσίαν
3708 4434 3928 4504 ἐτράπη
3947 4478 3962 4500 ,
3995 4439 4027 4507 ἢ

2449 4522 2528 4582 εἰς
2550 4521 2647 4589 τὴν
2670 4522 2769 4590 τῆς
2801 4523 3003 4591 σαρκὸς
3029 4526 3063 4593 ή
3089 4524 3279 4591 θεότης
3302 4562 3317 4585 ,
3348 4523 3447 4575 καὶ
3485 4522 3629 4575 οὕτω
3658 4524 3849 4589 γέγονε
3883 4527 3986 4593 μία
4010 4542 4025 4557 ο

775 4615 1038 4681 spliemia.
1084 4615 1145 4665 Et
1170 4614 1404 4682 Cyrillus
1438 4614 1491 4666 in
1523 4619 1753 4668 secunda
1783 4616 1847 4667 ad
1881 4615 2207 4671 Succensum
2242 4620 2346 4688 epi-

2450 4612 2584 4680 ὅπερ
2638 4612 3017 4681 ’Δπολιναρίου
3060 4615 3154 4665 καὶ
3203 4612 3313 4664 τῶν
3358 4614 3687 4681 ὁμου-τοίχων
3720 4614 4028 4683 αἱρετικῶν

774 4704 932 4769 stola,
969 4714 1179 4757 natura:
1208 4703 1589 4768 dill'ereutiam,
1615 4714 1668 4758 et
1696 4722 1791 4774 per
1827 4709 1962 4760 hanc
1994 4723 2175 4763 vocem
2217 4710 2342 4763 inli-

775 4796 905 4847 ciari
940 4794 1305 4857 manifestum,
1336 4810 1457 4847 cum
1492 4796 1621 4849 dicit
1660 4813 1821 4849 uuam
1862 4798 1951 4851 Dei
1986 4797 2139 4853 Verbi
2188 4808 2341 4853 natu-

778 4900 889 4934 ram
917 4883 1270 4945 incarnatam,
1300 4883 1496 4937 attulit.
1531 4884 1591 4938 Si
1624 4903 1754 4950 tero,
1788 4896 1843 4940 ut
1867 4887 1997 4951 dixi,
2021 4890 2340 4943 incarnatio-

775 4991 838 5024 ne
874 4974 1020 5023 ittum
1056 4975 1247 5035 dicere,
1277 4974 1423 5024 clara
1461 4988 1533 5025 est
1562 4992 1659 5027 non
1683 4977 1838 5028 dubia
1870 4978 2025 5044 hujus
2058 4980 2338 5048 confessio,

775 5065 973 5129 factum
1003 5078 1110 5113 esse
1140 5063 1419 5125 hominem,
1446 5064 1575 5115 nihil
1616 5076 1748 5117 vetat
1779 5069 1988 5129 sentire,
2037 5072 2175 5136 quod
2206 5086 2339 5123 unus

774 5154 1049 5216 ersistens,
1076 5161 1122 5203 et
1161 5155 1343 5205 unicus
1380 5151 1549 5207 Filius
1580 5155 1841 5221 Christus,
1875 5159 1962 5226 qui
2014 5161 2148 5211 idem
2198 5161 2337 5213 Deus

774 5259 821 5298 et
861 5249 1012 5297 homo
1040 5258 1139 5309 est,
1169 5256 1223 5297 ut
1249 5250 1301 5299 in
1334 5250 1606 5301 divinitate
1645 5252 1923 5316 perfectus,
1959 5254 2035 5303 sic
2056 5263 2103 5304 et
2136 5255 2190 5305 in
2234 5256 2333 5305 hu-

775 5353 929 5388 mana
963 5339 1274 5391 conditione.
1307 5338 1444 5392 Ecce
1476 5344 1753 5408 perspicue
1784 5343 2038 5407 declarat,
2072 5348 2339 5412 quomodo

776 5429 842 5481 ab
877 5444 940 5480 eo
976 5432 1170 5481 dictum
1204 5436 1503 5484 consentiat
1547 5447 1669 5485 cum
1721 5431 1967 5487 Patribus
2017 5436 2141 5488 illml
2174 5454 2186 5489 :
2222 5436 2339 5489 Una

887 5538 901 5573 ί
947 5538 1076 5593 Luc.
1112 5556 1171 5604 ιι,
1207 5540 1291 5593 55.

2443 4702 2600 4755 ἄθεον
2628 4705 2898 4774 φρόνημα.
2935 4705 2993 4756 'U
3018 4705 3201 4773 μέντοι
3225 4721 3288 4771 γε
3315 4705 3581 4774 Κύρελλος
3611 4707 3668 4757 ἐν
3690 4706 3756 4775 τῇ
3788 4706 4025 4778 δευτέρᾳ

2443 4794 2577 4863 πρὸς
2615 4793 2911 4847 Σούκενσον
2940 4794 3195 4863 ἐπιστολῇ
3238 4793 3301 4845 τὸ
3335 4793 3591 4863 διάφορον
3637 4794 3747 4847 τῶν
3797 4795 4022 4862 φύσεων

2442 4887 2537 4938 καὶ
2584 4886 2671 4937 διὰ
2698 4886 2901 4955 ταύτης
2936 4886 3033 4954 τῆς
3074 4886 3256 4955 φωνῆς
3304 4884 3752 4955 ἀνομολογεῖσθαι
3801 4886 4019 4957 δηλῶν,

2449 4976 2585 5045 μετὰ
2626 4977 2687 5028 τὸ
2739 4978 2912 5029 εἰπεῖν
2958 4975 3119 5027 αὑτὸν
3178 4976 3307 5044 μίαν
3339 4975 3501 5042 φύσιν
3528 4974 3621 5027 τοῦ
3651 4974 3787 5028 Θεοῦ
3841 4977 4017 5042 Λόγου

2448 5066 2874 5134 σεσαρκωμένην
2894 5106 2908 5127 ,
2938 5067 3239 5135 ἐπήνεγκεν
3260 5084 3276 5099 ο
3302 5065 3369 5118 Εἰ
3394 5064 3462 5117 δὲ
3486 5106 3500 5131 ,
3533 5064 3609 5128 ὡς
3633 5064 3802 5134 ἔφην,
3843 5066 3916 5119 ἐν
3940 5064 4019 5128 τῷ

2443 5155 2867 5222 σεσαρκώσθαι
2908 5157 3107 5224 λέγειν
3146 5157 3332 5209 αὑτὸν
3361 5157 3565 5224 σαφής
3595 5157 3725 5209 ἐστι
3761 5158 3863 5208 καί
3915 5157 4017 5211 ἀν-

2442 5251 2773 5316 αμφίλογος
2790 5250 3109 5316 ’,ὁμολογία
3124 5250 3247 5312 τοῦ,
3262 5250 3351 5303 ὅτι
3371 5252 3391 5281 ⁸
3414 5252 3659 5318 γέγονεν
3678 5250 4011 5318 ἅνθρωπος,

2443 5342 2641 5395 οὐδέν.
2664 5342 2793 5395 Ἔτι
2832 5344 3045 5395 κωλύει
3086 5343 3250 5396 νοεῖν
3272 5344 3351 5408 ὡς
3371 5341 3458 5409 εἷς
3477 5344 3765 5413 ὑπάρχων
3788 5349 3887 5399 καὶ
3905 5348 4013 5415 μό-

2445 5448 2550 5494 νος
2582 5432 2710 5496 Υἰὸς
2728 5434 2760 5484 ό
2787 5434 2805 5462 ⁷
2825 5434 3077 5499 Χριστὸς
3097 5436 3128 5487 ὀ
3147 5435 3329 5500 αὐτός
3362 5435 3505 5501 Θεός
3526 5435 3657 5489 ἐστι
3674 5436 3773 5487 καί
3785 5436 4010 5503 ἅνθρω-

2076 5612 2307 5667 νΛΒΙᾸΞ
2349 5610 2751 5667 LECTIONES.

849 5700 867 5729 ’
905 5700 1114 5774 satiram
1141 5704 1261 5757 add.
1288 5704 1350 5756 A.
1429 5706 1449 5735 ³
1473 5705 1744 5772 ἀπορήσει
1782 5725 1836 5769 ς.
1916 5710 1937 5739 ⁵
1976 5710 2067 5774 τῆς
2109 5710 2260 5763 libris
2306 5710 2478 5765 deest.

782 5770 881 5837 Χρ.
941 5774 1060 5825 add.
1091 5772 1156 5825 Α.

2582 5706 3000 5777 ’ἀναμφίόολος
3027 5725 3087 5773 ς.
3162 5708 3288 5761 ⁸δτι
3354 5707 3475 5762 libri
3510 5707 3618 5759 ὅτε.
3720 5708 3740 5735 ’
3799 5708 3830 5761 6
3882 5718 4009 5763 autc
