4208 6448
188 474 312 539 1001
1266 474 1787 536 BIBLIOTIIECA.
1822 501 1890 513 -
1929 478 2089 537 COD.
2132 478 2434 536 CCXXIX.
3279 480 3413 544 1002

184 602 326 651 πος,
379 584 579 651 ὥσπερ
632 584 701 637 ἐν
751 586 979 651 θεότητι
1025 584 1285 649 τέλειος,
1317 585 1469 638 οὕτω
1520 585 1621 639 καὶ
1675 586 1744 637 ἐν
1776 590 1816 644 Λ

1776 590 1816 644 Λ
1858 584 2258 638 Verbi‘natura
2317 585 2613 637 incuruata.
2677 582 3001 639 Naturarum
3063 587 3414 647 tliil‘erentiatu

184 678 601 742 ἁνθρωπότητι.
650 675 782 729 Ἰδοὺ
818 677 1063 746 φανερῶς
1100 676 1299 739 ἔδειξεν
1339 679 1485 739 ὅπως
1531 678 1745 745 εἴρηται

1851 678 1964 729 lucc
1994 690 2094 728 vox
2121 676 2350 729 dilucide
2373 675 2627 733 ostendit.
2653 684 2705 727 et
2730 690 2990 729 summam
3017 686 3072 729 et
3108 680 3413 734 continuam

184 764 324 833 αὖτῴ
346 781 404 815 τε
425 766 514 816 καὶ
542 766 653 825 τοῖς
681 765 860 826 ἄλλοις
897 766 1049 833 ἡμῶν
1076 765 1322 833 Πατράσι
1344 767 1425 829 τὸ,
1450 768 1563 818 Μία
1587 766 1748 833 φύσις

1854 766 2104 818 unionem
2128 764 2219 818 Dei
2257 762 2412 818 Verbi
2451 773 2505 819 et
2534 764 2714 818 carnis
2765 765 3022 830 declarat,
3067 777 3229 835 utque
3281 784 3417 823 unus

183 854 269 906 τοῦ
305 853 477 919 Λόγου
514 854 926 921 σεσαρκωμένη.
958 854 1067 920 ἰ’ὴν
1105 852 1206 919 μὲν
1232 854 1336 905 τῶν
1382 856 1597 920 φύσεων
1633 855 1745 906 δια-

1852 852 2249 909 cxsistatJesus
2266 855 2509 909 Christus
2532 857 2859 922 incarnatus,
2882 866 2934 910 et
2960 874 3066 911 non
3094 858 3197 910 duo
3226 859 3339 923 iilii,
3362 874 3418 914 ut

185 945 348 1013 φοράν
381 942 599 1010 σαφῶς³
618 944 651 1011 ἡ
681 944 831 1011 φωνὴ
860 942 1098 994 διδάσκει
1125 983 1139 1005 ,
1174 946 1415 1012 παριστᾷ
1436 944 1490 995 δὲ
1523 945 1619 995 καὶ
1646 944 1745 1013 τὴν

1853 944 2079 998 Nestorii
2113 960 2271 1012 prava
2300 954 2413 999 erat
2445 947 2647 1012 opinio,
2683 935 2969 1000 secundum
3011 950 3150 1015 quod
3204 959 3258 1002 ct
3307 950 3419 1005 haec

182 1037 352 1104 ἄκραν
380 1035 476 1087 καὶ
515 1034 884 1091 ἀδιάσπαστον
927 1034 1119 1085 ἕνωσιν
1150 1034 1244 1085 τοῦ
1288 1034 1422 1085 Θεοῦ
1451 1036 1624 1100 Λόγου
1659 1035 1751 1086 καὶ

1855 1038 1921 1090 ab
1954 1052 2016 1088 eo
2043 1051 2140 1088 vox
2172 1036 2405 1103 profecta
2448 1048 2550 1091 est.
2592 1038 2731 1100 Quid
2774 1039 2915 1090 enim
2946 1038 3085 1091 aliud
3124 1040 3222 1093 hoc
3256 1040 3417 1108 signi-

185 1124 276 1191 τῆς
312 1124 516 1192 σαρκὸς
542 1163 557 1187 ,
596 1124 688 1175 καὶ
732 1123 806 1185 ὡς
851 1119 930 1185 εἷς
973 1125 1207 1193 ὑπάρχει
1245 1125 1339 1178 καὶ
1375 1128 1531 1193 μόνος
1567 1125 1691 1187 Υἱὸς
1724 1127 1752 1176 ό

1858 1128 1986 1179 licat
2017 1143 2029 1177 :
2064 1124 2259 1196 259a
2292 1124 2439 1179 Idem
2469 1138 2543 1179 est
2597 1125 2737 1179 Deus
2782 1136 2831 1179 et
2876 1126 3046 1187 homo,
3079 1144 3237 1195 quam
3286 1132 3417 1183 duas

183 1214 451 1282 Χριστὸςθ
493 1214 936 1283 σεσαρκωμένος,
985 1218 1075 1267 καὶ
1123 1217 1183 1267 ού
1234 1216 1327 1268 δύο
1370 1219 1473 1268 υἱοὶ
1501 1257 1514 1279 ,
1551 1217 1626 1279 ὡς
1652 1218 1757 1269 Νε-

1860 1228 2080 1269 naturas
2120 1218 2297 1269 unitas
2339 1217 2392 1269 in
2423 1232 2525 1268 una
2571 1216 2867 1285 hypostasi,
2924 1226 2978 1271 ut
3027 1230 3077 1267 ι-ι
3132 1219 3420 1285 Gregorius

184 1306 392 1371 στόριος
420 1304 717 1372 ὲδυσφήμει
735 1344 748 1365 ,
771 1306 904 1356 καθὸ
929 1308 1018 1358 καί
1043 1307 1181 1375 αὑτὴ
1207 1306 1580 1376 προϐέϐληται
1607 1310 1756 1377 αύτῷ

1860 1306 2161 1374 Theologus
2192 1308 2375 1361 dicens
2416 1325 2428 1360 :
2468 1306 2615 1359 Duas
2665 1319 2903 1370 naturas,
2969 1307 3129 1359 Deum
3160 1320 3203 1360 et
3253 1310 3420 1361 homi-

183 1396 212 1461 ἡ
249 1395 397 1461 φωνή
430 1410 443 1421 ο
472 1394 521 1443 τί
550 1395 657 1463 γὰρ
684 1394 747 1445 ἂν
775 1394 901 1447 ἄλλο
928 1397 1017 1448 καὶ
1051 1398 1338 1465 σημανεί²⁰
1366 1400 1454 1459 τὸ,
1488 1398 1549 1450 '0
1578 1401 1759 1463 αὑτός

1750 1419 1759 1433 -
1861 1413 2001 1455 nem,
2042 1395 2431 1463 interpretatus
2460 1396 2694 1458 seipsum
2727 1396 2877 1459 dicit,
2931 1400 3069 1464 quod
3103 1400 3189 1465 qui
3225 1402 3412 1451 asserit

183 1486 309 1536 ἐστι
345 1486 490 1548 Θεὸς
528 1485 621 1537 καὶ
651 1486 963 1553 ἅνθρωπος
985 1528 997 1547 ,
1036 1488 1067 1555 ἦ
1123 1488 1215 1539 δύο
1259 1489 1447 1556 φύσεις
1476 1490 1757 1559 ἡνωμένας

1862 1485 2123 1539 Christum
2179 1484 2341 1537 Deum
2372 1495 2417 1536 et
2459 1484 2734 1547 hominem,
2796 1490 2927 1538 duas
2978 1497 3194 1539 naturas
3249 1491 3421 1541 unitas

184 1578 237 1626 ἐν
263 1576 560 1627 ὑποστάσει
596 1577 727 1645 μιᾷ;
762 1576 967 1644 Ὠσπερ
990 1578 1080 1628 καὶ
1108 1580 1134 1628 ὀ
1166 1578 1426 1644 Θεολόγος
1465 1579 1761 1648 Γρηγόριος

1756 1596 1761 1635 ς
1861 1576 2199 1641 personaliter
2223 1574 2547 1642 proﬁteatur.
2592 1574 2658 1627 Et
2686 1586 2904 1629 sanctus
2935 1577 3163 1645 Cyrillus
3191 1580 3418 1633 addens:

186 1665 389 1724 εἰπὼν.
420 1666 537 1717 Δύο
583 1667 799 1733 φύσεις
849 1668 993 1729 Θεὸς
1044 1666 1142 1718 καὶ
1194 1668 1537 1734 ἄνθρωπος,
1588 1670 1761 1737 ἑρμη-

1882 1664 2317 1729 )uemadmodum
2344 1666 2397 1715 in
2430 1664 2704 1717 divinitate
2730 1664 3035 1732 perfectum,
3064 1669 3139 1720 sic
3166 1678 3212 1720 et
3245 1670 3296 1722 in
3328 1672 3422 1723 Itu-

186 1755 351 1807 νεύων
388 1755 576 1806 ἑαυτὸν
605 1751 755 1806 εἶπεν
777 1796 791 1818 ,
833 1756 1015 1809 Ὥστε
1049 1758 1081 1809 ό
1126 1756 1319 1825 λέγων
1368 1758 1474 1810 τὸν
1509 1758 1764 1826 Χριστὸν

1761 1775 1764 1786 ι
1864 1754 2137 1815 manitate,
2198 1753 2249 1805 in
2302 1753 2507 1805 duabus
2564 1753 2771 1805 naturis
2832 1755 3078 1823 cognosci
3142 1757 3423 1812 Dominum

187 1848 333 1900 Θεὸν
358 1847 401 1877 ¹¹
430 1828 526 1897 καί
550 1847 865 1913 ἄνθρωπον
896 1847 1005 1897 δύο
1033 1848 1247 1913 φύσεις
1275 1848 1599 1912 ἑνωθείσας
1635 1847 1765 1901 καθ’

1762 1849 1765 1863 ’
1865 1844 2120 1896 ostendit.
2168 1842 2344 1907 Quare
2397 1843 2575 1896 dicere
2620 1842 2791 1910 ipsum
2840 1858 2999 1895 unam
3057 1855 3301 1897 naturam
3340 1848 3424 1899 in-

184 1940 530 1991 ὑπόστασιν
561 1937 862 2005 ὁμολογεῖ.
897 1938 1059 1989 Καὶὸ
1098 1937 1241 2007 ιερδς
1274 1938 1329 1989 δὲ
1367 1936 1491 2007 [ise
1522 1938 1615 2010 ιι]
1644 1937 1755 1991 Κύ-
1796 1915 1836 1967 Β

1796 1915 1836 1967 Β
1867 1942 2164 1997 carnatatn,
2224 1949 2327 1986 non
2384 1934 2434 1985 in
2480 1933 2750 1985 ablatione
2790 1934 3110 2001 cognitionis
3156 1936 3424 1989 unitorum

186 2028 363 2098 ριλλος
418 2026 740 2093 ἐπαγαγὼν,
794 2028 1023 2096 Ὠσπερ
1072 2029 1141 2080 ἐν
1200 2030 1431 2095 θεότητι
1488 2028 1716 2095 τέλειος
1744 2070 1758 2089 ,

1863 2024 2153 2075 secundum
2183 2036 2468 2090 personam
2522 2021 2721 2073 dictum
2778 2032 2881 2080 est.
2928 2023 3021 2075 sed
3073 2033 3128 2075 ut
3172 2038 3428 2093 appareat

184 2120 334 2172 οὓτω
365 2120 465 2171 καὶ
494 2120 561 2171 ἐν
583 2118 985 2186 ἀνθρωπότητι
1005 2161 1017 2177 .
1044 2121 1103 2172 τὸ
1126 2122 1183 2172 ἐν
1210 2120 1302 2172 δύο
1333 2122 1525 2187 φύσεσι
1556 2122 1758 2189 γνωρί-

1866 2110 2261 2165 indivisibiliter
2289 2111 2558 2164 hominem
2591 2110 2703 2164 fieri
2747 2111 2836 2165 Dei
2871 2110 3124 2180 Verbum,
3156 2123 3213 2166 et
3243 2129 3343 2168 non
3375 2116 3428 2169 in

185 2210 371 2273 ζεσοαι
408 2210 499 2261 τὸν
530 2208 732 2278 Κύριον
764 2209 1068 2262 ἐκδιδάσκει
1091 2251 1103 2272 ,
1130 2210 1271 2263 ὥστε
1310 2212 1367 2262 τὸ
1395 2210 1571 2277 λέγειν
1601 2211 1761 2264 αὑτὸν

1866 2202 2101 2265 homine,
2130 2209 2188 2254 ut
2230 2200 2280 2254 in
2305 2215 2410 2255 uno
2453 2199 2835 2270 prophetarum
2870 2203 3157 2258 habitasse.
3194 2204 3258 2257 Et
3282 2206 3430 2258 sitni-

188 2298 314 2367 μίαν
345 2300 510 2365 φύσιν
536 2298 625 2350 τοῦ
657 2298 831 2365 Λόγου
878 2300 1307 2369 σεσαρκωμένην
1340 2302 1438 2353 ούκ
1484 2304 1572 2353 ἐπ’
1603 2303 1757 2354 ἀναι-

1867 2294 1933 2346 lia
1966 2294 2017 2345 in
2044 2294 2143 2346 hac
2172 2293 2294 2362 quis
2318 2295 2548 2360 reperiat
2578 2294 2826 2359 epistola,
2853 2295 3049 2363 quibus
3078 2296 3194 2349 dua:
3218 2305 3429 2351 natura:

188 2390 331 2458 ρέσει
383 2389 480 2441 τοῦ
516 2389 874 2459 γνωρίζεσθαι
904 2390 973 2441 τὰ
1006 2392 1275 2444 ὲνωθέντα
1320 2392 1442 2446 καθ’
1467 2394 1761 2445 ὑπόστασιν

1867 2382 2065 2436 Christi
2101 2382 2512 2436 conﬁrmantur.
2549 2380 2737 2436 Solum
2789 2398 2917 2437 vero
2969 2385 3177 2439 divisim
3232 2402 3430 2455 ponere

186 2483 401 2551 εἴρηται
422 2524 434 2545 ,
458 2481 572 2533 ἀλλ’
601 2484 679 2543 εἰς
706 2482 1050 2548 παράστασιν
1084 2483 1177 2535 τοῦ
1209 2484 1529 2553 ἀδιαιρέτως
1560 2484 1766 2554 ἄνθρω-

1866 2488 2112 2537 naturas,
2149 2476 2459 2531 hmreticum
2487 2484 2591 2530 est.
2643 2475 2813 2529 Unam
2842 2491 2967 2531 vero
2999 2488 3244 2532 naturam
3273 2480 3430 2535 Verbi

185 2590 285 2625 πον
325 2573 583 2639 γενέσθαι
610 2572 700 2624 τὸν
726 2572 858 2625 Θεὸν
883 2573 1053 2639 Λόγον
1112 2576 1203 2626 καὶ
1246 2576 1346 2627 οὑκ
1384 2579 1439 2627 ὲν
1494 2576 1767 2647 ἀνθρώπῳ

1869 2570 2199 2623 incarnatam
2240 2577 2424 2623 contra
2455 2567 2758 2621 Nestorium
2789 2567 3079 2633 adducens,
3131 2585 3242 2623 non
3296 2571 3433 2624 tollit

186 2664 259 2725 ὼς
302 2664 444 2715 ἐνὶ¹⁹
481 2664 589 2714 τῶν
639 2663 935 2733 προφητῶν
990 2667 1393 2735 κατῳκηκέναι.
1450 2666 1557 2717 Καὶ
1601 2666 1768 2721 πολλά

1869 2660 2186 2713 divisionem
2221 2668 2554 2719 naturarum,
2583 2659 2675 2711 sed
2710 2658 3014 2712 dualitatem
3051 2661 3430 2730 hypostaseou.

184 2769 265 2815 τις
286 2754 331 2783 ⁸³
373 2753 511 2805 ἄλλα
554 2754 609 2804 ἐν
634 2757 697 2821 τῇ
725 2755 861 2823 αύτῇ
892 2752 1042 2822 εὖροι
1074 2755 1361 2824 ἐπιστολῇ,
1386 2754 1451 2808 δι’
1479 2749 1551 2809 ὧν
1583 2757 1615 2825 ἡ
1639 2759 1768 2825 ὀμο-

1871 2748 2155 2803 Nestorius
2183 2750 2323 2802 enim
2354 2763 2457 2801 non
2496 2750 2618 2816 quia
2648 2760 2936 2816 cognoscat
2970 2750 3105 2805 duas
3135 2753 3186 2805 in
3218 2752 3436 2808 Christo

184 2841 342 2909 λογῑα
372 2842 473 2910 μὲν
498 2841 605 2893 τῶν
627 2841 719 2893 δύο
751 2842 963 2910 φύσεων
997 2842 1087 2894 ἐπὶ
1115 2842 1208 2894 τοῦ
1245 2845 1484 2913 Χριστοῦ
1520 2845 1769 2913 βεϐαιοῦ-

1873 2848 2121 2901 naturas,
2149 2839 2239 2891 sed
2264 2838 2552 2892 dividendo
2584 2839 2906 2894 iudivisibile
2935 2843 2985 2892 in
3018 2844 3149 2896 duas
3173 2859 3434 2912 personas

184 2947 309 2996 ται,
353 2931 517 3000 μόνον
546 2930 602 2982 δὲ
631 2930 690 2981 τὸ
717 2931 819 2983 ἀνὰ
857 2932 1020 3001 μέρος
1043 2932 1247 2984 τιθέναι
1276 2934 1374 2996 τὰς
1406 2934 1597 3001 φύσεις
1620 2937 1770 3005 alpe-

1873 2930 1940 2983 ab
1982 2930 2223 2983 Ecclesia
2256 2930 2556 2996 expellitur.
2593 2927 2773 2993 Quare
2800 2945 2901 2983 una
2941 2942 3128 2985 natura
3159 2935 3432 2987 incarnaia

186 3022 343 3073 τικοῦ
401 3023 748 3090 φρονήματος
778 3022 1158 3091 άπελέγχεται.
1221 3021 1293 3074 Τὸ
1337 3023 1393 3075 δὲ
1447 3025 1575 3092 μίαν
1610 3024 1769 3093 φύσιν

1872 3019 2181 3074 Nestorium
2218 3020 2638 3087 reprehendens.
2671 3018 2808 3071 nihil
2834 3019 2975 3073 aliud
2996 3024 3247 3084 ostendit,
3273 3038 3434 3091 quam

186 3111 278 3164 τοῦ
310 3111 493 3178 Λόγου
530 3113 960 3181 σεσαρκωμένην
1000 3112 1141 3164 κατὰ
1170 3113 1466 3184 Νεστορίου
1515 3116 1771 3183 προάγων

1874 3126 2032 3162 nnatn
2086 3124 2369 3178 personam
2426 3107 2517 3162 Dei
2579 3108 2739 3163 Verbi
2798 3118 3047 3178 oportere
3102 3111 3434 3164 incarnatam

184 3202 245 3253 οὑ
286 3202 403 3253 τῶν
446 3202 660 3269 φύσεων
708 3201 807 3270 τὴν
864 3202 1124 3271 διαφοράν
1190 3192 1435 3271 ὰνᾶιρεῖ,
1488 3203 1624 3258 ἀλλὰ
1671 3206 1769 3272 τὴν
1798 3247 1839 3301 C

1798 3247 1838 3301 (η
1877 3194 2188 3262 ρτωᾶίοοτθ.
2232 3193 2360 3259 Quae
2382 3195 2649 3248 sententia
2684 3204 2766 3249 est
2796 3195 2913 3249 ﬁdei
2937 3206 3135 3250 nostrae
3160 3204 3213 3250 et
3247 3203 3434 3267 synodi

184 3292 355 3346 δυάδα
403 3293 513 3344 τῶν
586 3292 931 3344 ὑποστάσεων
987 3291 1281 3359 φανεροϊ¹δ.
1331 3292 1623 3362 Νεστόριος
1661 3296 1769 3361 γάρ
1799 3285 1839 3303 “

1799 3285 1839 3303 “
1872 3286 2345 3340 Chalcedonensis.
2425 3285 2717 3339 Confessor
2767 3287 2907 3339 enim
2963 3287 3296 3341 Athanasius
3366 3292 3439 3341 ait

185 3384 244 3435 οὑ
269 3383 362 3434 διὰ
406 3382 468 3433 τὸ
515 3382 802 3450 γνωρίζειν
828 3384 923 3442 τὰς
961 3382 1053 3433 δύο
1085 3384 1274 3448 φύσεις
1300 3385 1340 3414 ⁸⁸
1380 3386 1471 3435 ἐπὶ
1498 3385 1765 3452 Χριστοῦ,

1873 3392 2033 3430 unam
2076 3385 2278 3430 tantum
2320 3386 2563 3429 naturam
2616 3376 2707 3430 Dei
2745 3377 2899 3431 Verbi
2942 3379 3295 3443 incarnatam,
3330 3396 3434 3433 non

184 3472 324 3526 ἀλλὰ
353 3472 448 3524 διὰ.
468 3472 509 3502 ⁸⁸
533 3471 593 3522 τὸ
617 3471 843 3540 διαιρεῖν
882 3471 971 3522 τὸν
1002 3472 1303 3540 ἀδιαίρετον
1332 3475 1410 3536 εἰς
1445 3474 1768 3536 ὑποστάσεις

1871 3466 1937 3519 ad
1973 3466 2263 3519 tollendam
2296 3476 2608 3519 naturarum
2640 3467 3017 3529 dilTereutiam,
3052 3470 3149 3531 ait,
3184 3470 3432 3539 cognosci

184 3563 278 3615 δύο
303 3564 408 3631 τῆς
445 3562 771 3630 Ἐκκλησίας
798 3563 1229 3630 ἐξωστράκισται
1256 3580 1268 3593 ·
1307 3564 1445 3617 ὥστε
1480 3568 1511 3635 ἡ
1540 3568 1635 3635 μία
1666 3569 1767 3635 φύ-

1872 3567 2187 3609 naturarmn
2220 3556 2531 3615 discrimen,
2581 3571 2700 3622 quae
2755 3556 3150 3625 hypostaticam
3213 3559 3436 3627 implent

188 3668 271 3712 σις
305 3652 406 3703 τοῦ
454 3651 629 3718 Λόγου
675 3652 1068 3719 σεσαρκωμένη
1096 3651 1187 3703 τὸν
1220 3651 1517 3722 Νεστόριον
1560 3655 1765 3721 διελέγ-

1870 3648 2143 3709 unionem,
2179 3646 2270 3699 sed
2306 3654 2361 3699 et
2398 3646 2510 3714 ipse
2551 3646 2735 3698 volens
2765 3646 3047 3700 ostendere
3104 3662 3265 3700 unum
3320 3663 3437 3702 esse

186 3759 360 3811 χουσα
382 3783 400 3806 ,
435 3741 588 3793 οὐδὲν
620 3742 805 3811 ἕτερον
834 3742 981 3807 δηλοί
1007 3742 1037 3811 ἦ
1064 3743 1145 3793 ὅτι
1178 3743 1308 3808 μίαν
1343 3744 1636 3796 ὑπόστασιν
1663 3747 1767 3815 χρὴ

1870 3738 2060 3792 Filium
2090 3739 2448 3801 incarnatum,
2474 3747 2528 3790 et
2560 3752 2683 3791 cum
2718 3735 2882 3790 Paulo
2908 3737 3273 3807 Satnosatensi
3297 3756 3436 3809 prae-

184 3834 278 3886 τοῦ
316 3832 462 3885 Θεοῦ
512 3832 684 3898 Λόγου
725 3831 1010 3900 κηρύττειν
1063 3834 1518 3903 σεσαρκωμένην,
1554 3836 1690 3905 ὅπερ
1726 3836 1767 3869 ¹⁷

1868 3828 2022 3896 cipue
2053 3838 2275 3895 pugnat,
2302 3828 2392 3896 qui
2430 3828 2594 3880 alium
2626 3836 2749 3880 ante
2777 3828 2971 3882 saecula
3024 3828 3241 3893 Filium,
3298 3832 3432 3885 alte-

185 3926 454 3993 φρόνημα
505 3923 602 3990 τῆς
655 3923 933 3984 εὐσεϐείας
965 3925 1079 3975 ἐστὶ
1127 3926 1219 3975 καὶ
1265 3926 1296 3994 ὴ
1357 3927 1414 3977 ὲν
1463 3926 1767 3998 Καλχηδόνι

1872 3933 1987 3970 rum
2019 3931 2148 3969 vero
2183 3925 2367 3984 postea
2404 3930 2611 3967 summa
2658 3916 2925 3970 dementia
2988 3919 3240 3973 asseruit.
3298 3920 3434 3974 San-

187 4014 413 4076 σύνοδος
446 4013 817 4082 ἐδογμάτισεν.
865 4014 1048 4065 Εἰπὼν
1083 4014 1262 4081 μέντοι
1303 4032 1365 4081 γε
1410 4018 1437 4068 ό
1472 4018 1766 4083 πολύαθλος

1872 4019 1954 4061 tus
1995 4022 2209 4077 quoque
2249 4006 2422 4060 Julius
2450 4007 2639 4061 cadent
2692 4008 2933 4075 graditur
2982 4008 3061 4060 via
3130 4021 3434 4079 pugnatque

197 4106 527 4166 Ἀθανάσιος
547 4105 705 4172 φύσιν
734 4104 862 4172 μίαν
880 4105 973 4155 τοῦ
998 4105 1130 4156 Θεοῦ
1152 4107 1325 4173 Λόγου
1348 4110 1767 4179 σεσαρκωμένην

1871 4101 2008 4152 idem
2060 4114 2179 4151 cum
2229 4100 2424 4153 eodem
2478 4097 2645 4153 Paulo
2698 4097 3064 4152 Samosatensi
3105 4111 3159 4153 et
3200 4100 3318 4154 aliis
3368 4103 3433 4155 de

184 4198 289 4249 οὑκ
321 4198 407 4257 είς
438 4195 715 4263 ἀναίρεσιν
746 4194 847 4264 ἔφη
874 4195 965 4246 τοῦ
998 4194 1360 4265 γνωρίζεσθαι
1386 4199 1483 4266 τὴν
1505 4200 1768 4269 διαφορὰν

1872 4192 1969 4243 hac
2021 4204 2169 4243 voce.
2237 4188 2579 4251 Erechthius,
2634 4189 2680 4241 si
2729 4189 2941 4255 quidem
2993 4200 3047 4239 ut
3083 4190 3430 4249 Athanasius,

184 4289 296 4341 τῶν
329 4286 557 4354 φύσεων
580 4325 595 4348 ,
630 4286 685 4338 αἳ
712 4286 813 4355 τὴν
853 4284 975 4337 καθ’
1006 4285 1301 4338 ὑπόστασιν
1331 4287 1600 4356 ἐπλήρουν
1632 4290 1761 4341 ἒνωο

1868 4280 2117 4351 Cyrillus,
2142 4289 2195 4333 et
2221 4278 2414 4343 Julius,
2452 4282 2592 4333 hanc
2620 4294 2805 4333 vocem
2839 4280 3021 4343 sumit,
3048 4282 3148 4333 hoc
3177 4292 3433 4348 prarstan-

188 4396 296 4441 σιν,
331 4376 480 4429 ἀλλὰ
510 4376 603 4427 καὶ
626 4375 785 4436 αὑτὸς
806 4375 973 4438 δεῖξαι
999 4373 1321 4443 βουλόμενος
1348 4376 1475 4447 [815
1500 4378 1593 4449 R.]
1635 4379 1766 4441 dig“

1870 4373 1975 4424 tius
2012 4371 2172 4423 fuerit
2206 4387 2219 4423 :
2254 4370 2296 4423 si
2329 4384 2453 4422 vero
2485 4379 2683 4438 praeter
2714 4384 2898 4422 eorum
2939 4370 3269 4437 opinionem.
3304 4372 3433 4424 nihil

184 4465 264 4531 εἷς
283 4470 327 4500 ¹⁹
368 4470 525 4518 ἐστιν
554 4466 643 4518 ό¹⁶
678 4466 803 4528 Υἱὸς
843 4468 1261 4535 σεσαρκωμένος
1290 4468 1383 4521 καὶ
1414 4470 1763 4541 ἐνανορωπή-

1868 4462 2260 4516 admirandum.
2284 4458 2420 4514 Eum
2451 4462 2591 4515 enim
2635 4461 2887 4531 Eutychis
2946 4465 3134 4515 morbo
3182 4463 3431 4517 amictum

186 4576 319 4622 σας,
388 4558 489 4607 καὶ
529 4556 763 4623 μάλιστα
815 4557 953 4609 κατὰ
999 4560 1210 4610 Παύλου
1259 4560 1353 4611 τοῦ
1394 4561 1765 4629 Σαμωσατὲως
1794 4561 1846 4619 D

1794 4561 1846 4619 D
1876 4559 2023 4609 tnulti
2057 4556 2225 4610 sancti
2257 4554 2355 4608 viri
2407 4555 2895 4623 deprehenderunt,
2942 4555 3136 4625 2591:
3190 4573 3348 4625 quem
3383 4571 3438 4610 et

185 4648 624 4715 ἀγωνιζόμενος,
652 4646 709 4709 ὃς
738 4647 895 4701 ἄλλον
929 4648 1024 4715 μὲν
1057 4648 1146 4700 τὸν
1170 4650 1209 4680 ²¹
1237 4650 1342 4718 πρὸ
1369 4650 1580 4703 αἰώνων
1618 4652 1764 4715 Υἱὸν,

1870 4649 1980 4714 ipse
2008 4646 2205 4711 prodit,
2240 4646 2318 4699 sic
2339 4646 2523 4698 dicens
2548 4662 2561 4696 :
2592 4645 2876 4714 Siquidem
2897 4662 2961 4698 ea:
2983 4646 3212 4699 humano
3242 4650 3438 4701 semine

183 4740 382 4805 ἔτερον
416 4737 476 4788 δὲ
510 4737 601 4787 τὸν
633 4738 718 4788 ἐπ’
750 4735 994 4805 ἐσχάτων
1021 4738 1401 4805 φρενοϐλαϐᾧς
1425 4741 1763 4810 ὲδογμάτιζε.

1870 4740 2107 4791 Christus
2138 4738 2257 4803 fuit.
2290 4737 2569 4789 concedam
2603 4736 2828 4802 fructum
2870 4752 2977 4789 esse
3033 4740 3315 4790 secundum
3352 4755 3437 4789 ra-

185 4829 294 4879 Ka‘t
331 4830 361 4880 ό
403 4830 465 4878 ἐν
499 4826 673 4890 ἁγίοις
704 4826 760 4876 δὲ
799 4826 1011 4886 Ἰούλιος
1065 4826 1153 4879 διὰ
1202 4828 1297 4896 τῆς
1334 4830 1505 4897 αὐτῆς
1560 4832 1766 4893 ἐννοίας

1874 4832 2038 4881 dicent
2088 4845 2105 4880 :
2146 4830 2188 4881 si
2225 4845 2341 4880 vero
2385 4844 2410 4879 e
2441 4837 2618 4879 sancto
2651 4826 2875 4890 Spiritu,
2918 4831 3196 4879 secundum
3221 4830 3437 4881 are/tan-

184 4918 388 4968 ὥδευε·
421 4915 563 4966 κατὰ
591 4914 803 4965 Παύλου
833 4915 941 4983 γὰρ
963 4917 1057 4967 καὶ
1091 4917 1253 4980 αὑτὸς
1279 4918 1371 4970 τοῦ
1396 4920 1769 4987 Σαμωσατέως

1873 4922 1973 4989 geli
2018 4919 2277 4971 Cabrielis
2340 4934 2507 4970 vocem
2572 4918 2712 4970 Deus
2767 4921 2967 4985 genitus
3032 4930 3140 4979 est,
3202 4919 3437 4988 quando-

186 5008 278 5059 καὶ
305 5005 425 5057 τῶν
461 5003 661 5071 ὁμοίων
706 5003 793 5055 διά
843 5004 945 5072 τῆς
993 5005 1164 5074 αὐτῆς
1211 5008 1393 5077 φωνῆς
1424 5010 1767 5074 ἐξωπλίζετο.

1872 5012 2077 5077 quidem
2108 5028 2137 5061 a
2164 5009 2269 5062 Deo
2303 5019 2573 5076 generatus
2623 5010 2710 5063 sit.
2736 5008 2824 5062 Sic
2855 5011 3069 5078 quidem
3097 5009 3434 5075 Erechthius,

196 5098 253 5149 Ὀ
280 5097 475 5165 μέντοι
522 5111 585 5161 γε
624 5094 893 5164 Ἐρέχθιος
922 5098 971 5147 εἰ
1010 5096 1109 5166 μὲν
1133 5096 1209 5159 ὡς
1250 5098 1563 5163 Ἀθανάσιός
1595 5118 1652 5154 τε
1676 5104 1769 5154 καὶ

1875 5118 2032 5171 quem
2085 5101 2373 5154 verisimile
2419 5110 2499 5153 est
2541 5114 2644 5151 non
2682 5099 3007 5151 intellexisse
3059 5099 3221 5152 verba
3267 5099 3438 5153 Elisa-

186 5186 469 5255 Κύριλλος
501 5186 593 5235 καὶ
636 5184 850 5245 Ἰούλιος
878 5185 977 5253 τὴν
1003 5189 1185 5255 φωνὴν
1214 5188 1542 5258 ἐκλαμϐάνει
1576 5231 1591 5255 ,
1614 5191 1768 5244 τοῦτο

1877 5196 2022 5255 beth,
2052 5210 2170 5263 quae
2218 5194 2394 5246 Mariae
2426 5194 2661 5261 Deiparae
2692 5192 3034 5251 benedicens.
3068 5194 3387 5245 exclamavit
3422 5211 3433 5245 :

184 5278 251 5329 ἂν
278 5278 367 5345 εἴη
399 5276 653 5342 ἄμεινον,
688 5276 735 5325 εί
761 5274 818 5327 δὲ
847 5276 997 5345 παρὰ
1020 5276 1117 5345 τὴν
1157 5278 1383 5331 ἐκείνων
1410 5280 1566 5344 δόξαν
1589 5322 1603 5343 ,
1633 5283 1765 5335 θαυ-

1878 5287 2151 5340 Βεησάιεια
2210 5287 2349 5337 tuin
2408 5285 2734 5344 mulieribus,
2780 5296 2825 5337 et
2890 5284 3186 5337 benedictus
3237 5285 3439 5352 fructus

188 5367 402 5436 μαστὸν
431 5364 617 5414 οὐδέν·
647 5366 725 5426 είς
760 5367 805 5395 ¹¹
836 5366 942 5433 γὰρ
969 5365 1063 5435 τὴν
1105 5367 1371 5436 Εὐτυχοῦς
1401 5372 1551 5423 νόσον
1576 5373 1760 5425 πολλοὶ

1864 5377 2053 5428 ventris
2101 5375 2177 5425 tui
2218 5375 2264 5425 ε.
2301 5372 2402 5425 Sed
2454 5388 2625 5439 neque
2678 5374 2866 5427 Isaiam
2918 5373 3284 5427 intellexisse:
3324 5372 3439 5425 Erit

294 5470 319 5506 ες
360 5458 501 5511 Luc.
534 5472 572 5519 ι,
596 5456 685 5508 49..

1563 5530 1791 5586 ῩΑΙζΙᾹΞ
1820 5534 2225 5590 LEGTIONES.

256 5614 537 5697 {estw-{3;}
582 5615 763 5697 σιαίξξῖις
798 5614 1076 5697 ἠφῶξ-Α·
1132 5686 1144 5697 ι
1172 5617 1191 5647 ⁹
1223 5616 1347 5697 Ϊξὸς
1397 5620 1423 5670 ό
1457 5620 1715 5697 ,Κριστὸς
1775 5640 1886 5697 σεσ.
1933 5634 1975 5679 Λ
2020 5646 2033 5682 :
2086 5627 2289 5697 Ἰησοῦς
2353 5626 2583 5696 Χριστὸς
2625 5629 2653 5677 ό
2692 5642 2803 5678 σεσ.
2860 5643 2917 5688 ς.
2998 5626 3331 5697 ’θ-σημαίνει
3380 5649 3436 5693 ς,

190 5696 229 5769 if
264 5684 629 5768 Xptafevt’mi
668 5684 797 5735 θεὸν
819 5700 906 5769 ΞΟ,
941 5686 999 5769 βξ
1129 5686 1185 5769 ἦν
1217 5688 1378 5769 liti-5;
1457 5689 1497 5718 "
1519 5684 1601 5769 τις
1621 5705 1737 5769 post
1764 5694 2087 5769 sbpotpouit
2257 5684 2298 5727 'v‘
2331 5684 2717 5769 φανεροίἒοττ.
2747 5697 2833 5769 A_:
2868 5684 3199 5769 φανερῶν
3248 5697 3321 5769 γε’
3353 5684 3441 5769 ἐπὶ

188 5753 433 5881 Χριστρῦ
461 5756 649 5855 cpiast;
810 5754 858 5836 ,³⁵
880 5753 963 5804 διὰ
981 5753 1101 5805 add.
1127 5756 1191 5806 A.
1273 5757 1312 5786 ”
1341 5757 1481 5827 άπερ
1506 5760 1547 5811 Α
1577 5777 1588 5812 :
1619 5753 1645 5812 ὃ
1671 5778 1721 5812 τι
1750 5780 1777 5824 τε
1798 5803 1807 5815 .
1831 5753 1842 5764 ’
1891 5753 2025 5829 ’θ’ώς
2064 5766 2105 5819 Λ
2126 5753 2147 5818 ἶ
2172 5767 2198 5817 ό
2224 5784 2278 5830 ς-.
2342 5753 2399 5795 ’¹⁹
2432 5753 2508 5825 εἷς
2536 5782 2645 5820 ont.
2681 5782 2760 5833 pr.
2793 5753 2889 5817 A.'
2928 5767 2970 5795 ¹⁰
3000 5753 3168 5817 dadd:
3246 5768 3288 5797 ἰ
3329 5768 3441 5838 τδνξ

188 5833 297 5885 τῶν
343 5862 357 5882 ε
397 5868 409 5879 .
570 5841 676 5885 εις.
730 5839 822 5875 εει
850 5840 907 5885 ς.

199 5852 297 5885 των
343 5852 409 5882 εὶ.
497 5852 539 5855 ’-
570 5852 643 5885 ιιι,
666 5852 700 5874 ἀι
730 5862 741 5875 .
775 5852 822 5874 ει
850 5852 907 5885 λδ.

524 5895 793 5953 ΡΑτῐιυιη
837 5896 950 5951 (ἶιι.
996 5892 1153 5952 Clll.
3003 5906 3076 5961 3-3
