4208 6442
177 334 324 396 1005

1202 345 1727 410 BIBLIOTHECA.
1767 377 1834 387 -·
1865 353 2028 414 COD.
2070 356 2371 418 CCXXIX.

3297 358 3429 421 1006

175 442 387 503 ταύτας
440 444 719 513 ήνωμένας
762 447 819 497 ὲν
864 450 930 517 τῇ
973 449 1092 502 καθ’
1121 451 1413 508 ὑπόστασιν
1439 459 1629 511 ὲνώσει
1657 459 1750 512 τοῦ
1778 461 1951 528 Λόγου
1966 464 2033 526 δ’,
2065 465 2140 525 ὡς
2174 468 2207 533 ῂ
2244 467 2535 535 Ἐκκλησία
2564 485 2621 519 τε
2670 471 2761 521 καὶ
2804 472 2836 538 ἡ
2867 471 2996 536 ἀγία
3051 469 3262 531 σύνοδος
3331 472 3426 521 καὶ

167 536 203 583 ὁ
243 536 435 629 πάπας
465 538 619 629 Λέων
657 539 989 629 ἐπρέσϐευεν
1029 543 1187 597 Ἀ)λά
1210 546 1254 575 ⁸³
1281 549 1372 599 καὶ
1422 551 1591 619 μυρία
1630 551 1762 620 άλλη
1791 552 2020 622 διαφορὰ
2052 558 2256 624 μεταξὺ
2278 559 2379 625 τῆς
2410 560 2665 622 ἀσεϐείας
2700 562 2791 614 καὶ
2822 536 2918 629 τῆς
2980 560 3278 623 εὐσεϐείας,
3333 562 3426 612 καὶ

164 625 278 691 ὅση
309 625 407 677 τοῦ
435 627 611 692 φωτὸς
636 628 773 696 πρὸς
798 628 858 679 τὸ
888 629 1094 690 σκότος.

250 716 376 768 Ὅτι
422 718 639 769 ἐπειδὰν
687 719 736 771 οἱ
779 720 883 771 ἀπὸ
926 721 1165 793 Σεϐήρου
1204 727 1586 796 διελέγχωνται
1629 733 1748 793 ταῖς
1776 740 1825 795 Α

1776 740 1825 795 Α
1934 732 2069 798 Quia
2109 743 2389 803 postquam
2436 736 2710 790 Severiani
2768 738 3069 791 refutantur
3114 751 3420 794 sanctorum

161 806 287 857 τῶν
322 807 601 874 θεοφόρων
631 807 786 876 ήμῶν
820 810 1080 880 Πατέρων
1110 816 1333 879 ᾳωναὶς,
1360 818 1408 868 οἳ
1438 818 1544 887 πρὸ
1568 820 1666 888 τῆς
1692 822 1751 872 ἐν

163 896 485 965 Καλχηδόνι
529 898 746 950 συνόδου
775 899 1076 970 διέλαμψαν
1100 906 1193 956 καὶ
1225 905 1325 968 τὰς
1352 907 1445 960 δύο
1472 910 1662 977 φύσεις
1692 914 1751 963 έν

160 988 239 1053 τῇ
279 986 405 1038 καθ’
434 986 728 1039 ὑπόστασιν
771 988 959 1042 ἑνώσιι
1005 993 1099 1045 τοῦ
1136 996 1310 1062 Λόγου
1346 998 1637 1069 ἐκήρυξαν,
1669 1004 1750 1062 εἱς

160 1074 430 1145 διαϐολὴν
461 1076 702 1130 αὐτῶνδδ
742 1080 903 1142 εὐθὺς
948 1085 1259 1150 τρέπονται,
1291 1091 1475 1157 σχῆμα
1505 1091 1625 1159 μὶν,
1673 1093 1748 1156 ὡς

158 1163 465 1228 δοκοῦσιν,
517 1166 875 1236 εὐπρόσωπον
919 1174 985 1241 τῇ
1033 1172 1250 1245 διαϐολῇ
1295 1179 1663 1246 περιτιθέντες
1679 1182 1744 1245 ⁸⁸,

160 1252 478 1322 βαθύτερον
518 1256 573 1308 δὲ
604 1257 712 1309 τῶν
740 1259 1103 1328 ἀπροσώπους
1132 1265 1330 1328 αὐτοὺς
1349 1267 1393 1297 ⁸⁸
1420 1268 1747 1338 ὑϐριζόντων

155 1344 668 1414 διακωμῳδοῦντες.
698 1349 833 1401 Φασὶ
884 1351 991 1418 γὰρ
1034 1352 1109 1415 ὡς
1158 1354 1373 1426 εἴρηται
1422 1362 1521 1428 μὲν
1564 1363 1748 1426 αὐτοῖς

154 1436 278 1489 τῶν
314 1437 532 1505 φύσεων
562 1439 623 1490 τὺ
654 1441 923 1506 δυαδικδν,
953 1444 1051 1495 οὐκ
1102 1445 1213 1498 ἀπὸ
1261 1448 1484 1520 γνώμης
1524 1452 1581 1505 δι
1614 1456 1746 1509 ὀὐδ’

153 1528 432 1593 ἑκουσίως
464 1530 582 1583 οὐδὲ
616 1532 756 1584 κατὰ
799 1532 1035 1597 πίστεως
1075 1535 1386 1605 ὁμολογίαν,
1420 1542 1533 1594 ἀλλ’
1561 1544 1637 1607 ὼς
1688 1548 1744 1599 ὲν

151 1618 439 1672 ἀντιθέσει
468 1622 567 1689 τῆς
594 1621 945 1691 ψευδωνύμου
975 1625 1228 1691 γνώσεως
1254 1633 1350 1683 καὶ
1389 1635 1510 1684 κατ’
1527 1634 1569 1665 ⁸⁷
1595 1636 1733 1687 οἱκο-

152 1709 359 1777 νομίαν
391 1709 487 1761 καὶ
510 1712 602 1762 ἐπὶ
632 1711 823 1779 καιροῦ
852 1713 944 1764 καὶ
968 1714 1072 1767 ὑπό
1100 1732 1242 1779 τινος
1266 1719 1551 1791 αἱρετικῆς
1575 1722 1741 1787 ἀνάγ-

150 1815 263 1867 κης
295 1798 725 1870 ἑκϐιαζομένοις.
760 1803 867 1855 Καὶ
892 1804 942 1856 τί
969 1804 1033 1857 ἂν
1067 1805 1153 1875 εἴη
1180 1807 1338 1861 τοῦτο
1368 1810 1401 1880 ἢ
1438 1812 1565 1874 τοὺς
1593 1812 1741 1865 διδα-

152 1890 399 1954 σκάλους
432 1892 731 1960 ὑποκριτὰς
760 1895 1135 1963 ἀποφαίνειν⁸³
1166 1900 1372 1966 δειλούς
1409 1903 1536 1974 [428
1567 1905 1659 1977 IL]
1680 1924 1738 1959 τε

149 1984 251 2033 καὶ
300 1982 403 2049 τῆς
447 1983 705 2052 ἀληθείας
760 1987 1043 2057 προδότας,
1080 1990 1173 2043 καὶ
1217 1991 1318 2060 τῆς
1346 1994 1558 2048 οἴκοθεν
1579 1998 1736 2049 εὐσε-

1856 820 2073 874 Patrum
2148 825 2504 886 testimoniis,
2571 828 2660 894 qui
2735 839 2858 879 ante
2932 828 3421 884 Chalcedonensem

1855 914 2114 982 synodum
2152 914 2478 978 ﬂoruerunt,
2521 928 2575 972 et
2602 918 2737 972 duas
2781 929 2999 972 naturas
3022 921 3071 972 in
3102 921 3296 975 unione
3326 923 3423 992 hy-

1855 1007 2118 1071 postatica
2148 1008 2577 1077 promulgarunt,
2610 1010 2676 1063 ad
2724 1012 3196 1080 reprehensionem
3237 1028 3421 1066 eorum

1855 1108 1973 1148 sese
1992 1106 2331 1161 convertunt,
2362 1110 2678 1168 praetextum
2711 1102 2953 1171 quidem,
2984 1113 3041 1155 ut
3075 1114 3313 1172 apparet,
3335 1119 3423 1158 ca-

1854 1183 2068 1240 lumnia:
2089 1189 2389 1256 speciosum
2408 1201 2768 1259 prmtexentes
2790 1210 2803 1246 :
2825 1192 3044 1261 gravius
3064 1208 3190 1247 vero
3211 1195 3422 1249 nemine

1853 1278 2152 1343 nominato,
2185 1278 2332 1346 ipsos
2356 1284 2556 1337 veteris
2580 1284 2859 1339 commdiaz
2887 1285 2993 1338 ritu
3032 1285 3416 1340 conviciantcs.

1852 1362 2085 1431 Etenim,
2115 1376 2176 1421 ut
2201 1369 2457 1434 diximus,
2492 1371 2567 1424 illi
2601 1372 2910 1426 dualitatem
2942 1382 3274 1439 naturarum,
3312 1390 3417 1428 non

1849 1470 1918 1510 ex
1943 1459 2232 1520 sententia,
2266 1474 2441 1529 neque
2479 1461 2732 1527 libenter,
2775 1477 2948 1531 neque
2978 1479 3043 1517 ex
3072 1464 3175 1517 llde
3203 1464 3418 1519 confes-

1848 1545 2017 1600 sionis
2064 1556 2317 1600 asserunt
2355 1564 2369 1600 :
2411 1562 2599 1601 verum
2652 1558 2712 1602 ut
2742 1548 2795 1602 in
2843 1550 3215 1618 contraposita
3268 1549 3417 1602 falsa:

1848 1636 2173 1704 cognitionis
2197 1638 2529 1707 cognitione,
2562 1640 2657 1693 sed
2688 1640 2983 1693 secundum
3019 1639 3411 1695 ordinationem

1847 1724 2325 1794 occasionemque,
2358 1735 2413 1781 et
2445 1728 2513 1780 ab
2544 1728 2796 1781 hteretica
2828 1729 3058 1796 quadam
3091 1729 3414 1782 necessitate

1846 1815 2129 1881 compulsi.
2159 1814 2224 1869 Et
2254 1817 2383 1885 quid
2407 1817 2507 1871 hoc
2534 1817 2681 1873 aliud
2715 1816 2875 1870 fuerit
2901 1818 2999 1869 nisi
3032 1817 3260 1872 eximios
3293 1833 3409 1871 ma-

1846 1906 2043 1973 gistros
2071 1908 2357 1962 ostendere
2385 1909 2682 1976 improbos,
2716 1920 2773 1965 et
2804 1909 3051 1964 veritatis
3082 1910 3405 1979 proditores.

1844 2004 1898 2048 et
1923 1998 2154 2064 propriae
2186 1999 2371 2066 pietati
2404 1998 2638 2052 alienam
2672 2007 2727 2055 et
2757 2000 3066 2053 haereticam
3098 2001 3406 2069 opinionem

147 2069 315 2134 ϐεἱας
338 2074 398 2124 τὸ
426 2072 701 2143 ἀλλότριον
725 2078 817 2128 καὶ⁵
836 2077 1111 2147 αἱρετικὸν
1131 2082 1308 2152 δόγμα
1334 2087 1731 2155 προτιμῶντας,
1765 2067 1809 2127 Β

1765 2067 1813 2127 Β
1840 2096 2258 2155 anteponentes,
2290 2096 2341 2142 et
2376 2089 2442 2142 ad
2483 2088 2696 2143 illorum
2730 2092 3044 2144 barathrum
3076 2067 3257 2161 potius
3292 2102 3405 2146 tra-

147 2162 251 2213 καὶ
287 2162 655 2227 ἑλκυσθέντας
700 2166 899 2234 μᾶλλον
930 2170 1066 2239 πρὸς
1096 2172 1157 2224 τὸ
1192 2174 1417 2228 ὲκείνων
1464 2176 1734 2251 βάραθρον

146 2253 183 2324 ἢ
235 2254 454 2306 ἐκεῖθέν
488 2272 643 2318 τινας
688 2258 1123 2328 ἀνελκύσαντας;
1177 2264 1284 2317 Ποῦ
1331 2266 1439 2337 γὰρ
1481 2267 1595 2322 ἔστι
1622 2274 1733 2335 τοῖς

145 2344 424 2407 τοιούτοις
450 2346 588 2415 μετά
624 2348 832 2404 Παύλου
858 2350 1058 2419 λέγειν,
1085 2354 1162 2418 ὡς
1200 2356 1263 2408 '0
1290 2359 1473 2427 λόγος
1500 2361 1670 2430 ήμῶν
1698 2365 1731 2416 ὀ

145 2434 310 2503 πρὸς
346 2435 504 2504 ὑμᾶς
533 2438 645 2491 οὐκ
682 2438 916 2507 ἐγένετο
961 2445 1059 2497 ναὶ
1095 2445 1195 2498 καὶ
1232 2447 1326 2512 οὒ,
1354 2451 1514 2503 ἀλλὰ
1537 2454 1632 2505 ναί
1664 2455 1734 2505 ἑν

146 2523 321 2589 σὺτῷ
347 2529 579 2595 γέγονε,
615 2531 812 2599 μυρίας
845 2535 1053 2603 τροπὰς
1100 2538 1236 2606 πρὸς
1268 2540 1359 2591 τὸν
1411 2542 1580 2609 βίονι·
1604 2562 1729 2614 τρε-

148 2614 422 2681 τωμένοις
454 2617 547 2669 καὶ
572 2617 730 2681 τάς⁵⁶
752 2621 980 2689 εύρίπου
1009 2626 1310 2692 μεταϐολὰς
1340 2635 1727 2699 μιμουμένοιςς

160 2704 333 2759 ’Λλλά
380 2708 433 2759 τί
478 2708 637 2762 πάλιν
664 2711 825 2780 φησὶν
875 2714 907 2783 ή
960 2715 1201 2786 αἴρεσις;
1235 2722 1561 2791 Συγγνώμη
1610 2728 1731 2792 τοῖς

147 2797 466 2864 Πατρόσιν
484 2814 499 2828 ’
522 2802 556 2869 ἡ
582 2801 691 2871 γάρ
719 2802 809 2871 βία
831 2806 928 2874 τῆς
950 2806 1175 2877 γνώμης
1196 2811 1519 2882 ἐκράτησεν,
1543 2816 1731 2887 ὥσπερ

148 2886 410 2948 ἐξουσίαν
434 2888 673 2944 λαϐοῦσα
703 2893 958 2964 λοιδορεῖν
994 2899 1089 2949 καὶ
1116 2904 1465 2973 κατακρίνειν
1501 2907 1587 2959 ὅτε
1613 2886 1731 2976 βού-

147 2976 310 3030 λεται
343 2980 436 3032 καὶ
461 2982 640 3045 ⁸πάλιν
680 2984 897 3051 ἀφιέναι
922 2988 1044 3039 τὸ¹¹
1078 2990 1403 3063 ἁμάρτημα,
1446 2999 1537 3049 καλ⁵
1572 3001 1730 3067 μόνον

146 3069 275 3137 οὐχὶ
330 3069 510 3137 βοῶσα
528 3086 542 3100 ⁸
593 3073 670 3126 Τὰ
699 3075 873 3142 χείλη
912 3076 1082 3145 ἡμῶν
1109 3084 1247 3148 παρ’
1274 3084 1418 3150 ἡμῖν
1445 3086 1575 3140 ἐστι
1594 3106 1608 3119 ·
1637 3092 1729 3154 τίς

147 3158 328 3225 ἡμῶν
359 3162 573 3227 Κύριός
602 3163 771 3227 ἐστι;
824 3166 970 3236 Πλὴν
1000 3170 1049 3221 εἱ
1078 3169 1212 3224 διότι
1240 3174 1378 3242 πρὸς
1406 3177 1647 3246 αἱρέσεις
1678 3183 1728 3233 οἱ

148 3250 399 3321 Πατέρες
433 3254 716 3321 ἐμάχοντο,
746 3256 849 3309 κᾶν
870 3259 968 3329 τῆς
991 3260 1273 3325 εὐσεϐείας
1306 3265 1614 3335 ἐξέπιπτον,
1641 3271 1726 3322 διὰ

146 3341 314 3445 τοῦτο
326 3344 673 3448 ,συγγνώμης
700 3347 932 3412 ἐπάξιοι,
965 3350 1082 3448 πῶς
1113 3352 1363 3448 τῆςᾲίσης
1386 3361 1727 3448 συμπαθείας
1754 3387 1799 3448 c

147 3429 311 3498 ὑμῶν
325 3432 391 3495 ",
422 3434 470 3484 εί
502 3435 594 3486 καί
623 3452 674 3487 τι
705 3440 1155 3508 παραχαράσσειν
1187 3441 1391 3510 ἔδοξαν,
1424 3447 1475 3499 οἱ
1495 3448 1553 3501 ὲν
1576 3450 1725 3503 Καλ-

146 3521 340 3607 χηδόνι
386 3523 486 3574 ούκ
533 3524 889 3594 ἀπήλαυσανς
922 3529 1031 3581 Καὶ
1060 3531 1196 3599 πρὸς
1223 3533 1316 3585 δύο
1348 3534 1455 3605 γὰρ
1488 3538 1727 3607 αἱρέσεις

147 3613 245 3665 καὶ
274 3606 424 3665 οὗτοι
457 3613 939 3684 διαμαχεσάμενοι,
974 3619 1070 3689 τὴν
1106 3622 1400 3693 Νεστορίου
1430 3628 1524 3679 καὶ
1552 3606 1727 3682 Εὐτυ-

146 3703 301 3769 χοῦς,
334 3703 716 3772 ὲδογμάτισαν.
736 3707 873 3759 Ἀλλ’
894 3709 1065 3774 οὕτως
1092 3714 1208 3765 ἐστὶ
1230 3718 1503 3785 πανταχοῦ
1528 3720 1725 3786 τυφλὸν

146 3794 241 3844 καὶ
276 3794 462 3861 κωςρὸν
494 3796 526 3861 ἡ
563 3796 806 3861 ἀσέϐεια,
835 3799 929 3852 καὶ
978 3800 1101 3853 οὔτε
1150 3803 1368 3872 βλέπειν
1417 3802 1554 3860 οἱδεν
1598 3810 1721 3864 οὔτε

148 3882 403 3947 ἀκούειν,
427 3885 538 3936 οὐδ’
571 3884 715 3956 ἅπερ
764 3888 899 3956 αὑτὴ
946 3890 1130 3961 ἐκείνη
1176 3895 1633 3963 ¹ιτ.ροϐἀλλεται.Ἡ
1663 3902 1720 3953 δὲ

144 3972 201 4023 έν
235 3974 540 4042 Καλχηδόνι
571 3976 785 4039 σύνοδος
812 3979 974 4044 εὐθὺς
1024 3982 1125 4051 μὲν
1167 3984 1467 4056 ἀρχομένη,
1500 3990 1537 4042 ἀ
1580 3993 1720 4045 κατά

143 4061 447 4133 Νεστορίου
482 4066 746 4135 Κύριλλος
777 4070 833 4122 ὲν
874 4072 1087 4143 Ἐφέσῳ
1125 4074 1450 4147 διεπράξατο
1472 4123 1486 4145 ,
1512 4082 1717 4145 τούτοις

142 4151 201 4205 τὸ
234 4152 407 4221 κῦρος
432 4154 672 4218 ἐπέθετο,
707 4158 801 4209 καὶ
833 4158 928 4221 τὰς
972 4163 1076 4229 πρὸ
1108 4164 1311 4236 ταύτης
1346 4168 1438 4222 δύο
1469 4172 1716 4235 συνόδους

142 4243 220 4305 εἱς
244 4244 375 4311 ὅρον
406 4244 625 4309 ἐδέξατο
664 4248 917 4314 πίστεως,
956 4254 1047 4304 καὶ
1084 4255 1299 4325 ’Δρειον
1329 4259 1385 4312 δὲ
1420 4263 1513 4314 καὶ
1536 4263 1716 4317 Μακε-

138 4331 314 4385 δόνιον
343 4334 435 4385 καὶ
462 4334 757 4404 Νεστόριον
793 4339 869 4407 τῷ
899 4340 1046 4411 αὑτῷ
1079 4346 1364 4417 συνέδησεν
1395 4350 1712 4421 ἀναθέματι,

140 4425 231 4475 καὶ
265 4424 395 4486 τοὺς
425 4426 503 4487 εἱς
525 4426 658 4476 υἱῶν
685 4426 852 4482 δυάδα
884 4430 945 4481 τὸ
976 4432 1075 4502 τῆς
1104 4436 1413 4505 οἱκονομίας
1440 4439 1710 4495 διασπῶν-

136 4522 233 4573 τας
260 4512 581 4579 μυστήριον,
603 4513 790 4585 ὥσπερ
814 4518 909 4569 καὶ
934 4520 1058 4581 τοὺς
1085 4521 1333 4593 παθητὴν
1358 4526 1452 4579 τοῦ
1473 4528 1711 4597 Μονογε-

136 4600 258 4662 νοῦς
287 4600 605 4669 τολμῶντας
634 4603 813 4670 λέγειν
846 4608 946 4676 τὴν
977 4608 1225 4679 θεότητα,
1259 4616 1604 4683 καταδικάζει
1630 4620 1710 4673 δι’

1837 2188 1952 2231 ctos
1976 2193 2135 2246 quam
2176 2178 2299 2231 inde
2346 2178 2557 2248 aliquos
2601 2182 2895 2235 trahentes.
2938 2182 3216 2247 Quomodo
3261 2185 3404 2238 enim

1836 2268 1962 2321 talia
1992 2282 2115 2322 cum
2147 2265 2312 2321 Paulo
2355 2268 2536 2321 dicere
2570 2267 2765 2331 liceat,
2801 2268 2938 2332 Quia
2988 2287 3155 2323 sermo
3191 2282 3363 2325 noster
3387 2314 3401 2334 ,

1832 2360 1921 2426 qui
1951 2358 2047 2427 fuit
2088 2360 2227 2426 apud
2268 2375 2387 2424 vos,
2430 2376 2532 2411 non
2567 2369 2643 2412 est
2675 2364 2729 2411 in
2762 2360 2853 2412 illo
2897 2358 2987 2413 Est
3025 2371 3070 2413 et
3116 2360 3235 2415 Non
3265 2378 3282 2415 :
3314 2367 3403 2417 sed

1836 2450 1929 2503 Est
1962 2453 2014 2503 in
2050 2453 2159 2517 ipso
2187 2450 2385 2517 factum
2415 2462 2491 2503 est
2520 2452 2535 2490 ί
2564 2490 2580 2511 .
2627 2452 2938 2506 innumeras
2982 2454 3031 2504 in
3086 2454 3193 2506 vita
3230 2457 3403 2507 varia-

1835 2544 2009 2597 tiones
2068 2542 2476 2596 admittentibus
2535 2554 2589 2596 et
2649 2540 2833 2610 Euripi
2881 2544 3205 2598 mutationes
3278 2547 3399 2597 imi-

1836 2633 2115 2687 tantibus?
2158 2632 2263 2687 Sed
2303 2632 2430 2702 quid
2464 2648 2679 2687 rursum
2708 2634 2904 2687 asserit
2950 2636 3204 2689 haeresis?
3242 2633 3403 2689 Venia

1836 2725 2080 2779 Patribus
2104 2725 2300 2781 danda.
2324 2726 2518 2797 2600
2541 2726 2597 2780 Si
2622 2726 2764 2781 enim
2791 2728 2841 2781 vi
2865 2729 3093 2795 quadam
3125 2730 3404 2783 sententia!

1832 2818 2087 2885 pervincit
2110 2858 2125 2881 ,
2167 2827 2421 2887 tanquam
2450 2828 2763 2886 potestatem
2789 2832 2945 2873 nacta
2966 2821 3325 2885 conviciandi,
3349 2834 3403 2872 ct

1831 2910 2221 2963 condemnandi
2252 2910 2394 2977 quod
2426 2908 2617 2973 libeat,
2642 2919 2699 2964 et
2724 2924 2939 2962 rursum
2971 2910 3241 2965 dimittere
3276 2926 3401 2980 pec-

1832 3009 2008 3051 ratum
2034 3008 2090 3053 et
2114 3008 2322 3052 tantum
2349 3015 2452 3052 non
2487 3001 2566 3053 sic
2592 3001 2929 3055 exclamans:
2966 3000 3130 3055 Labia
3162 3013 3339 3055 nostra
3368 3020 3400 3054 α

1832 3090 1975 3141 nobis
2004 3100 2145 3153 sunt,
2183 3092 2297 3158 quis
2337 3102 2511 3142 noster
2556 3088 2809 3143 Dominus
2846 3100 2921 3145 est
2954 3090 3002 3143 i?
3030 3090 3395 3161 Przeterquam

1830 3176 1975 3246 quod
1998 3194 2119 3233 cum
2149 3181 2419 3233 hmreticis
2445 3179 2632 3233 Patres
2664 3192 2988 3249 pugnarunt,
3019 3181 3120 3237 etsi
3147 3197 3177 3236 a
3200 3184 3397 3251 pietate

1828 3269 2165 3333 exciderunt,
2188 3281 2473 3340 propterea
2502 3272 2659 3324 venia
2688 3272 2855 3340 digni,
2879 3273 3148 3339 quomodo
3172 3274 3395 3343 :equalis

1831 3356 2110 3410 nobiscum
2140 3356 2460 3421 aﬂ'ectionis,
2487 3369 2543 3413 et
2582 3362 2625 3411 si
2663 3361 2792 3429 quid
2830 3360 3138 3415 adulterare
3173 3364 3391 3416 videan-

1833 3458 1939 3514 tur,
1970 3450 2059 3517 qui
2092 3448 2513 3505 Chalcedonensi
2550 3451 2755 3521 synodo
2784 3466 2889 3506 non
2924 3453 3307 3516 interfuerunt,
3342 3464 3398 3509 et

1827 3541 1892 3592 ad
1924 3541 2056 3593 duas
2086 3542 2340 3607 hereses,
2365 3551 2419 3595 et
2450 3541 2501 3595 hi
2531 3553 2904 3613 oppugnantes
2930 3542 3160 3598 Nestorii
3186 3545 3385 3612 opinio-

1827 3647 1947 3686 nem
1970 3641 2023 3684 et
2046 3631 2324 3701 Eutychis,
2357 3633 2713 3689 tradiderunt.
2740 3633 2847 3689 Sed
2870 3634 3067 3703 ubique
3092 3633 3226 3689 adeo
3248 3649 3387 3689 carca

1824 3731 1908 3776 est
1936 3737 2001 3776 ac
2031 3724 2192 3777 surda
2226 3724 2494 3790 impietas,
2526 3734 2581 3777 et
2612 3738 2788 3794 neque
2828 3739 3053 3779 cernere
3088 3726 3381 3795 quidquam

1824 3815 1993 3876 novit,
2023 3827 2196 3883 neque
2228 3815 2440 3878 audire,
2472 3829 2647 3883 neque
2676 3830 2796 3883 qua:
2838 3815 2928 3869 illa
2972 3816 3085 3885 ipsa
3116 3817 3384 3885 proponit.

1820 3904 2254 3958 Chalcedonense
2288 3905 2580 3958 concilium
2620 3906 2804 3959 statim
2848 3906 3023 3970 initio,
3056 3921 3175 3976 quae
3197 3917 3385 3961 contra

1822 3992 2127 4047 Nestorium
2161 3993 2353 4047 beatus
2382 3993 2618 4063 Cyrillus
2660 3995 2856 4062 Ephesi
2891 3998 3163 4060 tractavit,
3198 3999 3264 4052 iis
3290 3998 3385 4052 de-

1818 4094 2022 4136 cretam
2061 4085 2441 4138 auctoritatem
2480 4083 2706 4148 addidit,
2746 4094 2801 4139 et
2836 4097 2964 4139 ante
2990 4087 3094 4141 hoe
3122 4089 3256 4142 duas
3289 4088 3385 4142 ha-

1817 4170 1959 4227 bitas
1991 4176 2227 4243 synodos
2258 4185 2511 4244 tanquam
2548 4175 2668 4229 ﬁdei
2699 4174 3039 4231 deiiuitrices
3071 4179 3291 4249 recepit,
3327 4189 3383 4233 et

1814 4262 2032 4327 Arium,
2071 4263 2479 4329 Macedoniuut,
2524 4266 2835 4321 Nestorium
2875 4267 3061 4322 eodem
3108 4268 3382 4324 damnavit

1812 4355 2193 4410 anathemate:
2225 4366 2280 4411 et
2309 4356 2402 4425 qui
2434 4359 2487 4411 iu
2521 4358 2751 4413 [ilioruut
2782 4360 3097 4413 dualitatcm
3129 4362 3378 4415 incarna-

1812 4444 1975 4499 tionis
2016 4455 2201 4500 secaut
2234 4449 2586 4518 mysterium,
2627 4451 3077 4520 quemadmodum
3117 4453 3377 4507 audentes

1811 4536 1991 4591 dicere
2018 4536 2295 4607 Unigeniti
2325 4538 2665 4594 divinitatem
2695 4540 2991 4609 patibilem,
3014 4541 3219 4610 pariter
3244 4557 3373 4596 con-

1810 4626 2085 4691 demnant,
2117 4628 2189 4681 ita
2223 4640 2279 4683 et
2305 4628 2441 4683 duas
2470 4638 2595 4685 ante
2627 4631 2881 4685 unionem
2916 4630 3124 4686 Domini
3154 4640 3376 4686 naturas

138 4689 406 4762 ίσότητος.
444 4692 551 4743 Ναὶ
575 4693 643 4762 δὴ
673 4696 768 4747 καὶ
800 4697 925 4759 τοὺς
948 4698 1042 4751 δύο
1068 4701 1167 4769 μὲν
1200 4704 1307 4773 πρὸ
1333 4709 1432 4777 τῆς
1465 4709 1706 4773 ἑνώσεως
1739 4713 1781 4766 D

1739 4713 1781 4766 D
1810 4716 2202 4785 contingentes,
2235 4733 2396 4773 unam
2422 4728 2540 4786 post
2560 4720 2812 4774 unionem
2844 4719 3159 4784 formantes,
3186 4724 3372 4777 eadem

134 4780 329 4848 φύσεις
365 4783 458 4835 τοῦ
492 4783 698 4853 Κυρίου
730 4785 1064 4854 μυθεύοντας
1088 4831 1103 4854 ,
1136 4793 1263 4860 μίαν
1310 4794 1367 4848 δὲ
1420 4799 1560 4866 μετὰ
1610 4800 1706 4870 τὴν

134 4871 332 4925 ῑνωσιν
380 4872 819 4937 ἀναπλάττοντας
848 4879 962 4940 τοῖς
992 4879 1175 4943 αὐτοῖς
1223 4884 1544 4953 συνέσφιγξε
1578 4889 1702 4960 βρό-

136 4978 243 5030 χοις
272 4962 370 5015 τοῦ
396 4963 956 5037 ἀναθέματος.⁶Ὧρισε
978 4968 1057 5031 δὲ,
1083 4970 1334 5041 καθάπερ
1357 4976 1448 5028 καὶ
1469 4979 1580 5029 αἱ⁸³
1601 4983 1707 5050 πρὸ

134 5052 327 5122 αὐτῆς,
360 5052 581 5117 Μηδενὶ
626 5054 847 5117 ἐξεῖναι
880 5058 1093 5112 πίστιν
1115 5059 1326 5130 ἑτέραν
1362 5068 1701 5136 προφέρειν,

135 5141 299 5209 ἧγουν
350 5145 686 5211 συγγράφειν
718 5143 749 5213 ἦ
786 5146 1088 5200 συντιθέναι
1136 5150 1169 5220 ἢ
1220 5158 1435 5222 φρονεῖν
1478 5161 1609 5229 παρ’
1636 5163 1701 5230 ἣν

135 5233 455 5303 παρέδωκαν
496 5236 531 5305 ἦ
562 5252 619 5287 τε
656 5237 847 5307 πρώτη
891 5238 984 5291 καὶ
1017 5241 1048 5307 ἡ
1078 5240 1304 5310 δευτέρα
1349 5247 1696 5321 οἱκουμενικὴ

238 5351 252 5389 ι
290 5346 333 5402 ll
358 5348 487 5404 Cor.
524 5365 561 5411 ι,
592 5352 675 5414 l8,
790 5353 802 5399 ἱ
854 5350 1095 5417 Psal.tx,
1121 5357 1153 5409 5

1802 4806 2058 4871 compede
2097 4806 2439 4875 constringit.
2479 4806 2728 4861 Deiloivit
2771 4819 2951 4862 autem
2976 4850 2989 4875 ,
3023 4813 3376 4876 quemadmo-

1803 4896 1927 4947 dum
1974 4910 2094 4963 qute
2157 4906 2281 4949 ante
2336 4896 2474 4951 hanc
2521 4896 2816 4967 synodum,
2871 4901 3063 4952 nemini
3124 4901 3205 4968 fas
3266 4920 3374 4958 esse

1803 4987 1963 5039 aliam
1988 4986 2221 5054 proﬁteri
2249 4986 2432 5053 ﬁdem,
2464 4986 2566 5042 hoc
2598 4997 2683 5042 est
2714 4991 3089 5056 conscribere,
3121 4994 3202 5046 vel
3228 5010 3374 5047 COllt-

1804 5089 2023 5141 ponere,
2056 5076 2136 5127 vel
2176 5076 2397 5139 sentire,
2430 5085 2625 5145 praeter
2663 5093 2825 5147 quam
2864 5080 3087 5135 tradidit
3116 5083 3286 5149 prima
3320 5096 3374 5136 ιιι

1807 5167 2039 5218 sccumla
2075 5167 2310 5233 synodus
2358 5168 2649 5233 generalis.
2679 5169 2780 5235 Qui
2813 5184 2941 5223 vero
2974 5173 3204 5226 audeant
3228 5176 3371 5226 aliud

1811 5255 2089 5324 symbolon
2114 5266 2306 5324 prmter
2332 5258 2432 5311 hoc
2457 5260 2696 5312 scribere
2724 5260 2802 5313 vel
2828 5260 3046 5322 docere,
3073 5263 3162 5331 qui
3190 5266 3367 5318 volunt

1399 5464 1631 5519 VARIE
1656 5466 2056 5521 LECTIONES.

196 5553 237 5582 δ’
274 5550 368 5602 τοῦ
393 5550 550 5618 λόγου
582 5550 769 5603 ὲνὼσει
799 5570 857 5616 ς.

136 5636 219 5669 κατ
283 5637 341 5670 θ’.

135 5702 171 5736 τι
206 5707 259 5752 τ,
347 5690 389 5719 ⁸¹
420 5690 575 5757 ἡμῶν
619 5707 677 5751 ς.
776 5692 819 5720 ³⁸
845 5691 923 5760 ai]
954 5696 980 5743 ὁ
1005 5690 1087 5759 ἰπ.
1124 5694 1185 5746 Λ.

938 5554 981 5583 ι·
1008 5555 1167 5626 ann]
1196 5558 1309 5609 ἀλλ’
1336 5560 1367 5626 ἡ
1397 5558 1455 5613 Α.
1539 5560 1583 5591 ιδ
1610 5560 1820 5611 ἑαυτῶν
1843 5578 1901 5624 ς.

422 5622 465 5711 1"
500 5622 1222 5711 προκριτάξ.ὑτξοφαίνεινΔ’ς.
1302 5622 1471 5696 δ”τὴν
1497 5628 1614 5696 βίαν
1648 5622 1999 5685 Ilmsi'ltelitts.
2035 5622 2150 5700 βίον
2176 5636 2265 5686 καὶ
2294 5622 2358 5688 οῦ
2379 5622 2463 5700 τρἰ
2496 5655 2553 5701 ς.
2631 5642 2674 5670 ⁸⁸
3100 5662 3160 5708 ς.
3217 5622 3361 5710 "ait;

1980 5564 2023 5591 “
2054 5566 2364 5633 περιθέντες
2402 5585 2459 5629 ς,
2542 5570 2585 5598 ⁵⁸
2614 5572 2781 5633 αὐτας
2811 5574 3068 5633 Scaliger.
3149 5578 3188 5605 ³⁷
3217 5580 3301 5627 καὶ
3342 5582 3367 5627 ἁ

2542 5570 2585 5598 ⁵⁸
2614 5572 2781 5643 αύτὰς
2802 5574 3068 5643 Scaliger.
