4208 6442
199 396 333 460 1021

1228 416 1750 484 BIBLIOTHECA.
1791 448 1858 459 -·
1890 424 2057 489 COD.
2094 428 2396 493 CCXXIX.

3308 446 3449 515 1022

193 510 391 562 Καίτοι
426 513 454 563 6
500 512 555 563 ἐν
589 513 751 578 ὁσίοις
787 516 937 569 Δίων
976 522 1086 581 τοῖς
1136 523 1450 592 είρημένοις
1485 529 1764 598 ἐπιφέρει,
1796 538 1837 593 Α

1796 538 1837 593 Α
1870 529 2038 585 Filius
2068 534 2317 599 hominis,
2348 539 2487 603 quod
2520 556 2696 596 omnes
2730 545 2859 600 vim
2898 549 3177 616 impiorum
3212 554 3444 615 imbelles

191 595 299 663 Εἷς
327 601 438 668 γὰρ
476 605 573 655 καὶ
606 607 637 656 ὁ
672 606 852 671 αὐτὸς
885 608 1123 675 άληθῶς
1156 614 1284 677 Υἱός
1316 632 1378 669 τε
1426 619 1572 672 Θεοῦ
1596 595 1769 674 Mat

188 690 435 757 ἀληθῶς
478 693 609 758 Υἱὸς
654 695 967 762 ἀνθίώποι)
1009 700 1284 768 ὑπάρχει.
1322 706 1386 757 Ὀ
1418 709 1597 760 πᾶσαν
1645 711 1771 763 ἀσε-

187 779 434 831 ϐούντων
470 783 620 849 ἰσχὺν
670 784 884 851 ἄμαχον
910 784 1023 854 ἔχει
1066 791 1423 859 καταισχῦναι
1455 797 1767 854 κακόνοιαν.

264 870 393 939 [$29
425 872 514 942 8.]
552 873 734 926 Ταῦτα
761 877 858 942 μὲν
887 872 978 928 οὖν
1011 880 1158 948 παρὰ
1180 880 1286 932 τῶν
1313 885 1603 953 αἱρετικῶν
1637 907 1768 960 προ-

187 963 479 1029 τεινόμενα
526 966 659 1031 πρὸς
708 965 877 1034 λαϐὴν
926 967 963 996 ¹¹
997 969 1094 1035 τῆς
1136 972 1418 1037 εὐσεϐείας
1448 980 1709 1043 γενναίως
1741 984 1768 1033 6

184 1055 243 1102 ὲν
274 1054 453 1119 ἁγίοις
484 1055 803 1124 Ἐφραίμιος
824 1058 1157 1115 ἀπελύσατο.
1180 1062 1374 1133 Τίοησι
1402 1066 1457 1118 δὲ
1494 1070 1584 1120 καὶ
1607 1072 1768 1134 αὐτὸς

184 1143 399 1194 οἴκοθεν
436 1143 528 1196 τοῦ
560 1145 723 1197 αὑτοῦ
754 1148 920 1215 τόμου
958 1151 1199 1219 ῥήματα,
1244 1155 1301 1205 ἐν
1338 1152 1417 1219 οἷς
1455 1159 1547 1211 τοῦ
1579 1162 1766 1230 ἀρχιε-

186 1235 332 1302 ρέως
358 1235 523 1287 αὑτοῦ
558 1236 653 1305 τῆς
687 1238 964 1300 εὐσεϐείας
996 1240 1357 1312 ὲξαστράπτει
1383 1246 1441 1298 τὸ
1481 1251 1763 1321 κήρυγμα,

186 1326 281 1376 καὶ
330 1326 441 1377 οὐδ’
486 1330 515 1394 ή
570 1329 926 1398 ἀναίσχυντος
978 1332 1082 1383 τῶν
1129 1333 1382 1407 [45611.]
1423 1340 1765 1411 ἀσεϐούντων

182 1414 363 1484 τόλμα
395 1415 753 1469 ὲπιλαόέσοαι
784 1420 928 1482 τινὸς
970 1422 1175 1474 τούτων
1207 1426 1468 1492 οὐμενοῦν
1516 1430 1766 1500 οὐδαμῶς

181 1503 824 1575 ἀπηναισχύντησεν.Ὠν
857 1512 921 1561 ὲκ
951 1512 1159 1565 πολλῶν
1186 1516 1332 1568 ἐστὶν
1364 1516 1420 1568 ἓν
1449 1521 1541 1572 καὶ
1567 1522 1652 1584 τὸ,
1701 1523 1761 1575 '0

180 1597 427 1663 ἀπαθὴς
472 1598 615 1664 Θεὸς
663 1601 772 1653 οὐκ
826 1602 1133 1668 ἀπηξίωσε
1179 1608 1442 1674 παθητὸς
1486 1611 1764 1679 γενέσθαι

179 1685 529 1752 ἅνθρωπος,
577 1691 675 1741 καί
734 1695 766 1743 ό
814 1693 1110 1760 ἀθάνατος
1151 1698 1355 1765 νόμοις
1409 1704 1762 1760 ὑποκεῖσθαι

179 1777 466 1832 θανάτου.
524 1780 934 1850 Ἀναθεματίζει
980 1785 1036 1837 δὲ
1074 1790 1285 1855 τρανῶς
1337 1794 1367 1861 ή
1408 1795 1622 1859 σύνοδος
1668 1803 1761 1851 καὶ

177 1866 480 1936 Νεστόριον
536 1870 623 1922 διὰ
652 1871 744 1923 τοῦ
790 1872 956 1925 αὑτοῦ
1007 1875 1255 1940 Λέοντος,
1313 1881 1455 1934 οὕτω
1501 1882 1756 1952 λέγουσα,
1793 1900 1832 1951 Β
1861 1906 1938 1956 (λη
1978 1919 1997 1957 ;

194 1955 733 2024 Ἀναθεματιζέσθω
750 1963 1070 2031 Νεστόριος
1092 1967 1124 2018 ὁ
1158 1968 1271 2035 τὴν
1288 1977 1589 2041 μακαρίαν
1617 1982 1756 2048 οὐχὶ

177 2047 286 2100 τοῦ
344 2050 513 2113 Θεοῦ,
563 2053 876 2118 ἀνθρώπου
926 2054 994 2107 δὲ
1032 2060 1227 2125 μόνον
1264 2068 1566 2121 πιστεύων
1607 2068 1758 2129 εἶναι

170 2142 427 2210 μητέρα,
450 2146 550 2197 ἵνα
588 2147 694 2214 τῆς
728 2148 847 2215 μὲν
878 2153 1103 2218 σαρκὸς
1129 2153 1283 2209 ἄλλο
1321 2161 1429 2227 τῆς
1462 2164 1529 2216 δὲ
1559 2169 1838 2243 θεότητος
1868 2142 2024 2238 ἀιλο
2070 2142 2400 2255 Σρόσωπον

174 2238 480 2305 Νεστορίου
514 2246 702 2310 φρονεῖ
723 2245 749 2295 6
779 2245 1078 2319 Νεστόριον
1110 2252 1202 2303 καὶ
1235 2255 1301 2306 τὰ
1332 2257 1497 2311 αὑτοῦ
1524 2262 1772 2333 δόγματα
1796 2272 1939 2330 οὕτω
1961 2286 2226 2341 καταδικά

248 2332 423 2385 Πάλιν
470 2334 527 2385 δὲ
571 2338 971 2406 ἐπηρεάζουσιν
1006 2343 1055 2394 οι
1095 2344 1366 2415 αἱρετικοὶ
1407 2353 1507 2422 τὴν
1540 2356 1581 2408 δ’
1628 2332 1756 2412 σύν-

174 2426 321 2491 οδον,
354 2426 605 2493 λέγοντες
629 2428 703 2491 ὼς
729 2430 1053 2498 ἐδογμάτισε
1092 2437 1279 2504 μηδενὶ
1321 2439 1516 2504 ἐξεῖναι
1548 2452 1755 2519 προφέ-

174 2536 293 2586 ρειν
329 2520 497 2589 ἤγουν
539 2522 880 2591 συγγράφειν
919 2524 949 2593 ἢ
992 2526 1299 2582 συντιθέναι
1340 2532 1373 2602 ἢ
1407 2541 1623 2605 φρονεῖν
1665 2543 1756 2595 πί-

170 2626 295 2661 στιν
332 2612 524 2679 ἑτέραν
553 2612 683 2681 παρ’
714 2612 779 2681 ἣν
819 2613 1033 2677 ἐξέθετο
1069 2619 1227 2688 αύτή.
1258 2622 1451 2677 Καίτοι
1494 2629 1554 2679 οὐ
1600 2632 1756 2686 τοῦτο

168 2704 203 2771 ἠ
246 2703 467 2765 σύνοδος
497 2703 808 2773 διωρίσατο,
851 2706 956 2759 κᾶν
994 2708 1365 2778 ἀναισχύντως
1409 2713 1551 2773 οὗτοι
1584 2740 1755 2779 κατα-

164 2794 481 2861 ψεύδωνται
504 2796 544 2825 ¹³
563 2811 575 2823 ’
602 2795 737 2848 ἀλλὰ
767 2795 863 2865 τὴν
888 2799 1071 2852 πίστιν
1094 2802 1160 2870 ἦν
1184 2806 1233 2856 οἱ
1257 2813 1322 2858 τι¹
1354 2811 1445 2862 καὶ
1474 2811 1522 2881 η’
1550 2814 1592 2843 ³⁸
1616 2814 1760 2883 ἅγιοι

168 2886 421 2953 [πατέρες
467 2884 712 2948 ἐξέθεντο
757 2889 977 2957 τιμῶσά
1015 2909 1074 2944 τε
1108 2896 1197 2946 καὶ
1238 2896 1527 2963 θειάζουσα
1553 2943 1566 2965 ,
1610 2908 1760 2977 παρὰ

163 2976 379 3045 ταύτην
407 2976 578 3046 ἔφησε
610 2980 802 3047 μηδενὶ
844 2981 1043 3045 ἐξεῖναι
1089 2987 1383 3057 προφέρειν
1439 2994 1634 3064 ἑτέραν
1665 2976 1757 3050 πί-

165 3085 312 3133 στιν,
348 3070 445 3120 καὶ
486 3070 555 3122 τὰ
605 3072 896 3127 ὑπόλοιπα.
924 3075 1092 3144 Δῆλον
1124 3078 1181 3129 δέ
1238 3081 1385 3133 ἐστιν
1422 3085 1481 3148 ἐξ
1509 3087 1686 3141 αὐτῶν
1713 3090 1754 3123 ¹⁸

164 3158 411 3226 μάλιστα
448 3159 556 3212 τῶν
592 3164 886 3215 συνοδικῶν
917 3167 1130 3232 φωνῶν,
1182 3161 1258 3222 ὧν
1296 3174 1388 3223 καὶ
1422 3176 1577 3243 μόνον
1618 3180 1750 3231 ἀνα-

162 3253 594 3319 γινωσκομένων
613 3254 869 3323 οὐδεμιᾶς
896 3255 1064 3325 ἄλλης
1090 3259 1300 3313 δεῖσθαι
1332 3263 1373 3293 ¹⁶
1402 3239 1747 3339 κατασκευῆς
1776 3239 1819 3295 C

162 3340 196 3407 ἤ
229 3344 548 3405 συστάσεως
580 3344 951 3414 ὲπιδειχΟείσα
981 3350 1011 3414 ἡ
1050 3350 1296 3418 ἀλήθεια.
1321 3354 1430 3407 Καὶ
1464 3360 1560 3427 οὐχ
1580 3358 1747 3430 ὥρισε

161 3432 270 3499 μὲν
306 3433 485 3495 τοῦτο,
518 3432 720 3504 ἔπραξε
761 3436 817 3488 δὲ
857 3437 1052 3503 ἄλλως,
1084 3442 1198 3493 ἀλλ’
1234 3444 1307 3506 ὡς
1356 3446 1573 3516 ὥρισεν,
1606 3454 1749 3507 οὕτω

161 3523 454 3593 πανταχοῦ
496 3526 589 3577 καὶ
631 3527 1075 3601 διαπραττομένη
1116 3537 1472 3605 γνωρίζεταιο
1507 3545 1600 3595 καὶ
1638 3546 1745 3616 γὰρ

156 3612 293 3674 τοὺς
334 3616 401 3681 τῇ
441 3613 693 3685 εὐσεϐείᾳ.
752 3620 1076 3686 προσιόντας
1124 3622 1225 3675 οὐκ
1276 3625 1403 3678 ἄλλο
1446 3630 1741 3699 σύμϐολον,

155 3704 305 3757 ἀλλὰ
333 3704 443 3759 τῶν
480 3712 583 3775 τιη¹
611 3706 782 3775 ἁγίων
818 3709 1075 3781 Πατέρων
1106 3713 1409 3770 ἐκδιδάσκει
1446 3721 1539 3773 καὶ
1568 3740 1746 3795 παρα-

156 3796 409 3851 δίδωσιν.

237 3886 278 3937 Γ
284 3887 462 3940 έλωτα
511 3889 568 3941 δὲ
610 3890 809 3959 μᾶλλον
858 3894 984 3946 καθ’
1029 3896 1240 3951 ἑαυτῶν
1275 3900 1307 3968 ἢ
1351 3899 1602 3974 διαϐολὴν
1643 3906 1743 3976 τῆς

157 3980 391 4032 συνόδου
414 3984 785 4052 καταχέουσιν,
818 3989 877 4041 ὲν
904 3983 984 4051 οἷς
1010 4008 1176 4059 φασιν
1205 3994 1375 4064 αὐτὴν
1408 3998 1512 4051 ὑπὸ
1534 4000 1743 4056 πολλῶν

152 4070 543 4140 διασύρεσοαι.
574 4075 741 4128 Πόσαι
784 4077 893 4145 γὰρ
930 4079 1030 4148 τῆς
1063 4082 1287 4153 πρώτης
1318 4094 1411 4139 καὶ
1438 4092 1743 4161 οἱκουμενιο

155 4163 269 4230 κῆς
296 4164 458 4228 ἁγίας
499 4167 717 4219 συνόδου
746 4174 1003 4223 κατεῖπον
1028 4173 1257 4242 σύνοδοι,
1278 4179 1372 4230 καὶ
1407 4181 1528 4234 τότε
1555 4185 1741 4254 ἀρχιε-

155 4256 308 4324 ρέων
334 4251 491 4307 οὖσαι
525 4256 833 4325 πλήρωμας
866 4262 963 4330 τὴν
995 4262 1050 4314 δὲ
1078 4265 1184 4315 τῶν
1217 4273 1293 4337 ρν¹
1322 4270 1431 4321 οὐδ’
1455 4274 1501 4324 εἰ
1549 4251 1739 4342 γέγονε

149 4342 307 4403 τινὲς
337 4342 449 4395 τῶν
477 4346 790 4412 Αἰγυπτίων
816 4348 1015 4402 εἰδέναι
1057 4352 1344 4420 ἠθέλησαν.
1393 4359 1531 4413 Ἀλλ’
1563 4364 1737 4416 ἐάσω-

151 4448 265 4503 μεν
290 4432 334 4462 ¹⁷
364 4433 423 4484 τὸ
445 4434 748 4503 ἀλόγιστον.

1872 632 2038 685 potest
2071 625 2408 692 confundere.

1942 902 2066 959 lliec
2113 909 2329 977 quidem
2381 923 2571 968 contra
2625 916 2907 976 harrcticos
2954 923 3206 990 pietatem
3251 930 3442 985 delen-

1871 996 2005 1050 dens
2063 999 2403 1067 Eplrrtetnius
2459 1006 2711 1071 adducit;
2768 1013 2917 1079 ponit
2964 1021 3017 1065 et
3060 1016 3199 1071 idem
3241 1026 3445 1090 proprii

1872 1085 1993 1139 libri
2038 1091 2218 1154 verba,
2255 1093 2307 1145 in
2354 1097 2549 1161 quibus
2594 1101 2988 1173 archiepiscopi
3034 1108 3181 1163 illius
3232 1115 3447 1182 pietatis

1872 1175 2111 1231 illustrat
2138 1185 2492 1250 praeconium,
2526 1200 2576 1244 et
2611 1208 2786 1262 neque
2828 1196 3113 1264 impudens
3152 1202 3445 1271 impiorum

1870 1270 2095 1325 audacia
2157 1276 2359 1344 aliquid
2426 1279 2619 1336 horum
2683 1290 3091 1355 apprehendere
3148 1298 3442 1362 erubescit,

1868 1375 2098 1427 quorum
2130 1381 2159 1418 e
2188 1368 2371 1423 nudtis
2404 1371 2504 1426 hoc
2540 1390 2729 1430 verum
2779 1388 2884 1444 est,
2918 1381 3055 1436 Deus
3102 1386 3443 1454 impassibilt's

1868 1455 2020 1505 homo
2057 1459 2321 1521 passibilis
2358 1463 2475 1528 ﬁeri
2517 1482 2620 1519 non
2674 1470 2985 1540 dedignatus
3021 1486 3119 1540 est,
3144 1488 3192 1530 et
3224 1481 3441 1534 immor-

1867 1545 1989 1597 talis
2017 1548 2271 1616 subjicere
2292 1569 2345 1606 se
2370 1559 2550 1610 mortis
2579 1558 2795 1628 legibus.
2826 1564 3273 1624 Excommnnicat
3298 1573 3443 1627 clare

1865 1645 1961 1697 per
2021 1632 2256 1691 Leonem
2319 1654 2567 1697 sanctum
2633 1651 2920 1705 concilium
2976 1653 3287 1713 Nestorium
3340 1662 3442 1717 hoc

1867 1726 2025 1777 modo
2058 1746 2068 1778 :
2105 1726 2420 1787 Exsecmtus
2450 1740 2513 1789 sit
2554 1739 2853 1810 Nestorius,
2886 1748 2975 1814 qui
3016 1767 3227 1804 sacrant
3270 1751 3441 1823 Virgi-

1866 1830 1979 1866 nem
2006 1832 2106 1870 non
2136 1820 2251 1885 Dei,
2276 1827 2367 1876 sed
2395 1827 2620 1883 hominis
2649 1838 2801 1887 modo
2842 1849 3058 1891 matrem
3086 1858 3196 1895 esse
3225 1859 3440 1900 canten-

2038 1917 2093 1959 ut
2146 1916 2320 1966 cumis
2370 1917 2563 1983 alium,
2616 1924 2777 1975 aliam
2827 1929 3117 1984 divinitatis
3161 1952 3437 2001 personam

1864 2004 2087 2051 statuat.
2127 2000 2405 2066 Quomodo
2450 2009 2609 2076 igitur
2646 2030 2768 2067 cum
2806 2016 3052 2075 Nestorio
3087 2027 3271 2092 sentit,
3310 2044 3435 2083 rum

1869 2086 1987 2156 ejus
2013 2091 2260 2160 dogmata
2298 2100 2657 2157 condemnet?

2454 2198 2864 2270 ἀπεργάσηται
2922 2206 2987 2258 ¹¹.
3036 2207 3158 2271 Πῶς
3210 2206 3303 2263 οὖν
3368 2213 3435 2267 τὰ

2234 2289 2374 2358 ζωνς

1931 2372 2070 2431 Ecce
2117 2380 2309 2436 iterum
2352 2398 2599 2454 qmtrtam
2644 2392 2905 2461 synodum
2948 2397 3183 2452 lnrretiri
3226 2401 3432 2457 calum-

1862 2467 2099 2531 niantur,
2160 2474 2401 2530 dicentes
2444 2493 2562 2533 eam
2620 2482 2870 2538 docuisse
2914 2500 3014 2540 neu
3078 2488 3237 2545 licere
3303 2508 3430 2562 pro-

1861 2554 2022 2621 ferre,
2051 2562 2129 2615 vel
2162 2566 2417 2631 scribere,
2446 2570 2527 2623 vel
2552 2587 2897 2642 componere,
2923 2579 3003 2631 vel
3034 2582 3239 2637 seruire
3268 2584 3426 2638 aliam

1860 2647 2039 2713 ﬁdem,
2074 2667 2270 2721 praeter
2311 2673 2427 2713 cam
2459 2677 2622 2730 quam
2658 2682 2719 2719 ea
2757 2670 3028 2736 reposuit;
3075 2684 3127 2727 et
3166 2685 3340 2729 tamen
3377 2679 3426 2731 id

1860 2742 2097 2807 synodus
2134 2760 2238 2799 non
2276 2748 2531 2812 decrevit,
2575 2757 2824 2821 quamvis
2864 2757 3330 2827 impudentissime
3374 2766 3424 2819 id

1862 2830 2096 2886 haeretici
2140 2838 2477 2893 tnentiantur
2507 2860 2519 2896 :
2552 2847 2644 2897 sed
2691 2846 2883 2916 265b
2918 2864 3036 2903 eam
3077 2852 3231 2907 ﬁdem
3264 2871 3425 2924 quam

1859 2926 2081 2977 trecenti
2142 2930 2441 2984 oetoderim
2489 2933 2676 2990 Patres
2722 2950 3073 2996 asseruerunt
3130 2946 3427 3005 observans

1854 3020 1908 3065 et
1952 3017 2304 3081 conﬁrmans,
2342 3033 2697 3091 pra-terquam
2756 3032 2894 3098 quod
2940 3033 3077 3086 dixit
3114 3038 3310 3092 nemini
3359 3041 3393 3095 Ii

1854 3113 1977 3153 cere
2011 3102 2170 3156 aliam
2217 3106 2373 3161 ﬁdem
2422 3113 2688 3178 proferre,
2723 3124 2777 3169 et
2824 3133 2939 3185 qua:
2983 3137 3303 3190 sequuntur.
3347 3128 3422 3183 Ε(

1858 3190 1941 3243 his
1995 3196 2245 3251 omnibus
2298 3203 2484 3267 synodi
2544 3207 2768 3262 vocibus
2813 3224 2948 3277 quas
2998 3214 3169 3269 solum
3212 3230 3422 3287 Oportet

1853 3278 2051 3349 legere,
2107 3289 2341 3343 nmxime
2396 3293 2766 3361 rrtanil‘estum,
2821 3315 2929 3353 non
2988 3303 3093 3357 alia
3152 3278 3421 3377 prie-para-

1855 3372 1996 3426 tione
2027 3374 2106 3426 vel
2149 3380 2467 3445 probatione
2516 3386 2795 3439 veritatem
2838 3402 3111 3459 receptam
3159 3395 3417 3466 indigere,

1852 3474 1950 3513 nec
1986 3462 2130 3516 aliud
2163 3466 2406 3532 deﬁnire,
2433 3470 2576 3525 aliud
2610 3472 2819 3541 facere;
2857 3480 2949 3532 sed
2985 3489 3043 3534 ut
3074 3483 3313 3539 decrevit
3340 3488 3422 3541 sic

1850 3550 2050 3616 ubique
2100 3562 2153 3606 et
2208 3554 2400 3611 fecisse
2452 3564 2832 3631 Cognoscitur,
2898 3583 3033 3624 neve
3087 3574 3250 3627 etiam
3304 3576 3422 3645 pius

1850 3638 1994 3693 aliud
2035 3646 2339 3711 symbolum
2374 3653 2638 3718 proﬁteri,
2669 3669 2831 3722 quant
2868 3658 2973 3713 518
3008 3658 3197 3717 Patres
3225 3638 3420 3722 docue-

1849 3738 1975 3783 runt
2005 3741 2059 3785 et
2093 3737 2449 3794 tradiderunt.

1917 3903 2023 3960 Sed
2083 3910 2258 3966 rident
2313 3929 2408 3969 eos
2463 3916 2728 3986 hzeretici,
2775 3924 2862 3979 ubi
2916 3927 3102 3984 dicunt
3159 3932 3298 3989 hanc
3349 3935 3418 3991 ab

1844 3998 2095 4054 omnibus
2152 4002 2415 4059 infestari.
2468 4007 2609 4072 Quot
2653 4013 2797 4066 euint
2850 4021 3037 4088 synodi
3082 4034 3268 4079 contra
3309 4029 3419 4095 pri-

1844 4100 1987 4139 mam
2046 4093 2348 4158 generalem
2404 4100 2891 4170 contradixerunt,
2954 4124 3074 4177 qua:
3124 4119 3177 4165 et
3230 4117 3413 4169 archi-

1842 4178 2121 4248 cpiscopos
2168 4183 2506 4255 habuerunt;
2568 4192 2712 4246 illam
2759 4211 2885 4251 vero
2925 4210 3139 4255 ceutmn
3176 4212 3229 4257 et
3257 4207 3418 4274 quin-

1840 4271 2096 4340 quaginta
2158 4273 2401 4346 Patrum,
2444 4283 2489 4336 si
2558 4299 2665 4337 non
2726 4286 2845 4352 fuit,
2905 4293 3122 4361 quidam
3177 4271 3413 4369 dig—yptii

1839 4364 1982 4419 scire
2011 4367 2317 4439 voluerunt,
2351 4376 2444 4428 sed
2470 4378 2817 4445 permittatur
2850 4382 2953 4437 illis
2989 4389 3300 4455 stupiditas.

242 4525 399 4577 Ἐπεὶ
433 4526 489 4579 δὲ
524 4530 717 4598 χρῆσίν
748 4548 871 4585 τινα
901 4534 994 4587 τοῦ
1029 4535 1246 4589 Ἰουλίου
1278 4538 1495 4610 Ῥώμης
1534 4545 1581 4595 οί
1605 4546 1736 4616 πρὸς
1768 4562 1817 4622 υ

1768 4562 1817 4622 D
1910 4539 2045 4595 Cum
2094 4558 2223 4600 vero
2274 4548 2489 4619 aliquod
2544 4556 2764 4610 verbum
2815 4556 2945 4615 Julii
2999 4567 3290 4634 pontiﬁcis,
3342 4573 3406 4627 ad

146 4616 253 4678 οὓς
286 4616 527 4687 1ἔγραφεν
572 4622 712 4693 ὑπὲρ
739 4625 780 4655 ³⁸
823 4627 922 4695 τῆς
959 4627 1093 4690 ἰδίας
1137 4628 1453 4696 δυσσεϐείας
1485 4636 1581 4701 (ὼς
1619 4640 1735 4691 ἑνό-

149 4707 345 4776 μιζον)
384 4712 755 4781 προεκόμισαν
781 4716 845 4778 ¹⁹,
877 4717 975 4786 τὴν
1009 4718 1107 4787 μὲν
1136 4720 1332 4789 χρῆσιν
1355 4726 1381 4775 ὁ
1414 4727 1575 4794 σοφὸς
1609 4746 1736 4798 συγ-

144 4798 405 4866 γραφεὺς
437 4800 750 4867 ἐπεδείξατο
782 4804 923 4857 κατά
960 4822 1019 4857 τε
1056 4808 1148 4859 τοῦ
1184 4809 1561 4879 Σαμωσατέως
1590 4817 1735 4869 Παύο

144 4888 251 4941 λου
290 4889 383 4940 καὶ
435 4890 528 4958 τῆς
559 4891 931 4963 Νεστοριανῆς
981 4896 1239 4967 δευτέρας
1285 4901 1548 4969 αἱρέσεως
1580 4906 1732 4975 είρῆ-

144 4982 306 5044 σοαι,
359 4983 451 5034 καὶ
507 4983 736 5037 κωλύειν
761 4986 860 5047 τὰς
904 4987 997 5038 δύο
1052 4989 1243 5057 φύσεις
1278 4991 1458 5055 ἰδικῶς
1496 4996 1590 5046 καὶ
1630 4998 1731 5049 ἀνὰ

144 5073 323 5143 μέρος
350 5076 585 5141 φρονεῖν,
618 5074 807 5145 ὥσπερ
832 5077 926 5130 καὶ
956 5077 1047 5130 δύο
1077 5080 1404 5144 ὑποστάσεις
1436 5086 1529 5136 καὶ
1564 5087 1731 5155 πρόσ-

138 5180 278 5216 ωπα
310 5163 405 5215 καὶ
433 5164 600 5226 υἱούς.
648 5167 757 5219 Καὶ
786 5169 891 5237 γὰρ
930 5170 959 5239 ή
1006 5170 1101 5239 μία
1144 5173 1303 5239 φύσις
1341 5174 1437 5227 ἐπὶ
1490 5176 1729 5245 Χριστοῦ

139 5254 221 5324 τῷ
268 5254 473 5323 Ἰουλίῳ
502 5257 735 5310 ἐνταῦθα
777 5260 895 5312 ἀντὶ
938 5262 1038 5329 τῆς
1068 5263 1419 5330 ὑποστάσεως
1450 5267 1725 5339 εἴληπται,

141 5348 242 5399 καὶ
277 5346 433 5398 οὐδὲν
460 5345 582 5399 οὕτε
611 5352 673 5417 τῇ
698 5349 927 5422 ἀληθείᾳ
952 5351 1076 5404 οὔτε
1100 5358 1211 5417 τοῖς
1238 5356 1417 5421 ἄλλοις
1448 5360 1729 5431 Θεοφόροις

138 5438 308 5508 ἡμῶν
350 5440 623 5504 ιΙατράσιν
648 5443 1013 5512 ἀπομάχεται.
1047 5448 1155 5499 Καὶ
1199 5447 1357 5516 δῆλον
1384 5450 1540 5504 τοῦτο
1574 5455 1717 5506 ποιεῖ

1841 4644 1977 4698 quos
2012 4634 2077 4687 de
2117 4642 2331 4704 pret-ria
2368 4642 2646 4710 impietate
2694 4650 3007 4718 scripserat,
3056 4666 3112 4709 ut
3149 4662 3411 4728 putabant

1843 4722 2110 4786 pmlatum
2140 4743 2153 4779 ε
2184 4730 2398 4793 sapiens
2428 4734 2514 4787 ille
2544 4738 2625 4788 vir
2660 4739 2711 4789 id
2746 4751 2933 4795 contra
2966 4722 3184 4801 Paulum
3219 4748 3408 4805 Samo-

1840 4822 2135 4879 satensem,
2188 4820 2588 4891 secundamque
2644 4826 2872 4881 Nestorii
2934 4832 3177 4888 haeresim
3228 4841 3405 4905 prola-

1842 4910 1950 4953 tum
2012 4919 2133 4958 esse
2184 4907 2501 4970 declaravit,
2536 4923 2589 4966 et
2634 4918 2769 4970 duas
2822 4930 3043 4977 naturas
3088 4930 3314 4982 scorsim
3352 4913 3409 4984 et.

1837 4991 2053 5047 divisim
2089 4997 2336 5052 conliteri
2375 5002 2681 5069 prohibere,
2722 5016 2777 5060 nt
2808 5020 2861 5063 et
2893 5011 3026 5067 duas
3062 5016 3401 5084 bypostases,

1831 5083 2079 5153 duasque
2134 5104 2394 5156 personas
2440 5104 2492 5147 et
2551 5097 2708 5152 lilios.
2761 5098 2874 5154 Una
2925 5106 3067 5159 enim
3116 5119 3303 5163 natura
3349 5114 3400 5166 in

1828 5176 2043 5233 Christo
2089 5196 2188 5248 pro
2234 5184 2504 5253 hypostasi
2558 5204 2587 5242 a
2638 5188 2778 5245 Julio
2816 5195 2999 5249 relicta
3040 5209 3142 5261 est,
3180 5217 3401 5256 verum-

1829 5278 2005 5323 tamen
2037 5286 2211 5341 neqne
2241 5276 2479 5341 veritati,
2522 5296 2695 5347 neque
2740 5287 2942 5340 sanctis
2988 5287 3239 5345 Patribus
3269 5308 3401 5348 cor:-

1828 5362 2059 5416 tradieit.
2103 5363 2258 5419 Clare
2295 5367 2435 5422 idem
2463 5373 2697 5425 ostendit
2722 5370 2896 5429 Julius
2928 5380 3169 5445 pontifex
3208 5396 3397 5439 contra

1827 5450 2181 5522 Marcionem,
2242 5456 2604 5527 Valentinum,
2654 5465 3072 5536 Apollinarium,
3117 5482 3171 5526 et
3225 5475 3398 5547 Euty-

1435 5564 1666 5621 VARIE
1704 5567 1994 5625 LECTlON
2003 5570 2106 5625 ES.

216 5651 265 5680 "
305 5646 503 5745 τεΔτοῦ
542 5628 777 5745 95053:.2
844 5651 884 5681 ²¹
920 5652 1264 5745 πρὸςυλαϐὴν
1306 5659 1350 5709 Α
1386 5676 1398 5710 :
1433 5659 1749 5745 neoalaﬁ‘ov
1773 5678 1853 5745 ‘9'.
1959 5664 2134 5745 “"6131;

216 5721 230 5745 ι
278 5723 327 5745 ..ι
441 5725 680 5745 .-.....,..
731 5734 753 5745 -
807 5738 841 5745 -
965 5723 985 5745 ι
1018 5723 1246 5745 .--ηημ
1284 5727 1339 5745 υ-
1414 5728 1426 5744 .

138 5721 236 5773 καὶ
278 5723 327 5785 η’
366 5718 408 5771 Α
440 5735 453 5769 :
484 5725 588 5811 τιη·
614 5722 706 5771 καὶ
729 5721 779 5772 oi
943 5718 985 5752 "
1013 5718 1250 5811 μαλιστα
1279 5727 1339 5791 ἐξ
1366 5718 1544 5783 αὐτῶν
1566 5746 1625 5793 ς.
1700 5732 1744 5762 ⁸⁸
1768 5718 1935 5785 δεῖται
1996 5718 2577 5807 δοηίίὲέιίῑηῖέᾶσοω
2733 5718 2885 5807 τδῐςῖ

138 5788 265 5844 libri
300 5788 424 5842 ὑπό.
534 5789 574 5820 ¹⁹
609 5788 1107 5860 προσεκόμισανᾏ.

1959 5664 2000 5693 ⁸⁸
2038 5665 2410 5738 ἀπεργάζηται
2439 5688 2497 5733 ς.
2578 5671 2620 5702 ¹⁹
2651 5673 3073 5743 καταψεύδονται
3109 5697 3167 5743 ς.
3250 5682 3292 5713 ’⁸
3320 5701 3392 5740 τι.

2965 5746 3008 5777 η
3039 5747 3179 5822 ὑπὲρ
3243 5769 3347 5824 ωε.
3370 5767 3391 5809 :
