4208 6442
188 394 332 459 1025

190 587 333 657 ὑπὲρ
380 580 455 639 ὧν
497 587 690 656 ᾐτιάθη
741 586 937 651 διδοὺς,
969 587 1183 657 πρῶτον
1228 589 1329 657 μὲν
1374 590 1758 659 περιειλῆφθαι

188 680 367 731 πάντα
406 681 570 747 φησιν
600 679 693 731 ἐπὶ
727 677 1033 745 κεφαλαίων
1057 680 1169 741 τοῖς
1200 680 1497 741 συνοδικοῖς
1534 680 1568 733 ἃ
1610 680 1753 746 ἔδοξε

190 769 653 839 παραλελεῖφθαι,
697 768 838 838 πλὴν
900 769 1235 838 πλατύτερον
1274 771 1367 823 καὶ
1431 770 1525 823 νῦν
1583 771 1757 823 είπεῖν

188 864 321 929 περὶ
361 861 539 913 αὐτῶν
576 860 781 929 μηδένα
831 859 1015 912 λαϐεῖν
1064 859 1240 912 ὄκνον.
1275 860 1446 913 Τοῦτο
1496 864 1552 915 δὲ
1594 879 1762 914 σπου-

189 954 355 1014 δαίως
399 954 443 983 ³⁸
475 969 534 1003 τε
566 954 660 1004 καὶ
692 951 993 1019 θεοφρόνως
1037 951 1301 1004 ἐπιτελῶν
1337 955 1414 1015 εἰς
1449 953 1509 1005 τὸ
1543 954 1762 1023 ἄριστόν

189 1059 247 1094 τε
279 1044 370 1093 καὶ
401 1040 729 1093 τελεώτατον
756 1042 824 1092 τά
858 1057 915 1091 τε
948 1041 1078 1092 ἄλλα
1110 1042 1203 1094 καὶ
1230 1042 1328 1111 τὴν
1363 1044 1489 1112 περὶ
1535 1044 1633 1112 τῆς
1673 1044 1764 1095 πί-

192 1149 365 1193 στεως
386 1131 537 1200 ἱερὰν
558 1132 713 1200 ήμῶν
727 1130 1015 1199 ὁμολογίαν
1034 1131 1359 1200 διατίθησιν,
1377 1132 1767 1202 ἐμφιλοχωρῶν

194 1224 436 1292 μάλιστα
470 1225 537 1291 τῇ
562 1223 702 1273 κατὰ
728 1222 825 1291 τὴν
854 1222 1166 1291 οἰκονομίαν
1196 1223 1482 1294 ίερολογίᾳ,
1514 1227 1570 1277 ὲν
1657 1225 1766 1277 τῶν

190 1333 248 1366 τε
273 1316 371 1366 δύο
399 1314 615 1381 φύσεων
636 1313 943 1383 ἀδιαίρετόν
974 1330 1033 1365 τε
1060 1316 1154 1367 καὶ
1189 1316 1491 1385 ἀσύγχυτον
1520 1317 1616 1387 τὴν
1643 1315 1766 1368 καθ’

192 1409 501 1459 ὑπόστασιν
529 1405 723 1457 ἕνωσιν
754 1406 936 1473 ὑμνεῖ,
979 1408 1072 1459 καὶ
1105 1407 1203 1467 τὰς
1236 1406 1576 1475 ἑκατέρωθεν
1614 1407 1761 1475 αίρεο

190 1498 351 1559 τικὰς
384 1496 747 1565 παραφυάδας
769 1498 833 1565 τῇ
865 1496 1110 1566 μαχαίρᾳ
1142 1497 1331 1564 τέμνει
1354 1496 1451 1564 τῆς
1486 1496 1764 1565 ἀληθείας.

189 1586 480 1655 Κέχρηται
508 1587 562 1638 δὲ
597 1586 690 1638 καὶ
718 1589 783 1655 τῇ
811 1586 955 1650 λέξει
986 1586 1083 1655 τῆς
1115 1586 1362 1654 κράσεως
1385 1586 1622 1650 εὐσεϐῶς
1649 1588 1766 1657 μὲν,

189 1678 339 1746 πλὴν
369 1678 654 1746 κέχρηται,
693 1676 766 1746 μὴ
810 1675 952 1729 κατὰ
977 1676 1069 1728 τὸν
1114 1678 1274 1729 ἄνουν
1300 1676 1673 1747 ’Λπολινάριον
1699 1680 1764 1747 τῇ

192 1771 349 1836 φωνῇ
406 1767 704 1837 κεχρῆσθαι
750 1766 1286 1835 διαμαρτυρόμενος,
1352 1766 1426 1837 μὴ
1483 1768 1666 1837 μέντοι
1705 1785 1766 1835 γε

1242 390 1762 452 BIBLIO’ITIECA.
1798 412 1869 424 -
1905 388 2068 450 COD.
2112 387 2381 449 CCXXX.

196 500 400 567 ᾐτιᾶτο,
435 496 605 549 ταῦτα
636 489 704 565 ἦν
728 512 744 526 ·
784 497 813 548 δ
844 497 1024 566 μέντοι
1049 512 1114 565 γε
1153 496 1407 567 θεοφιλὴς
1442 500 1579 572 ἀνὴρ
1608 499 1763 567 λόγον

1803 504 1838 559 Α
1866 499 2071 567 cipicns
2127 498 2418 552 accusabat

3303 386 3437 451 1096

2476 512 2491 551 ι
2547 503 2767 551 sanctus
2822 508 2949 549 vero
3004 494 3087 548 vir
3134 506 3319 549 eorum
3370 498 3438 549 de

1866 592 2065 660 quibus
2109 593 2487 654 accusabatur,
2520 588 2783 642 rationem
2828 587 3081 643 reddens.
3114 586 3288 655 primo
3314 588 3437 655 qui-

1863 685 1983 737 dem
2030 683 2423 753 compreheusa
2476 696 2597 735 esse
2634 680 2903 747 capitibus
2942 678 3121 733 omnia
3165 677 3439 747 synodali-

1862 776 1963 828 bus
2013 774 2117 838 ait,
2167 790 2320 843 quaz,
2373 782 2431 827 ut
2476 772 2844 841 recipiantur,
2905 771 3063 838 digna
3119 770 3235 823 visa
3288 778 3433 823 sunt.

1864 863 2065 918 Verum
2100 865 2166 919 de
2194 865 2278 918 his
2308 864 2552 933 pluribus
2588 877 2749 933 agere
2791 877 2894 915 non
2947 862 3111 931 piget.
3158 860 3269 914 lloc
3311 875 3440 913 vero

1865 956 2111 1012 studiose
2169 966 2222 1010 et
2278 956 2365 1024 pie
2414 957 2479 1008 ad
2539 956 2798 1023 Optimum
2861 970 2921 1007 ae
2983 954 3433 1021 perfectissimum

1864 1046 2072 1100 exitum
2138 1044 2408 1099 adducens
2459 1061 2473 1098 :
2524 1059 2644 1097 cum
2699 1044 2823 1107 alia,
2877 1054 2986 1096 tum
3046 1059 3255 1097 sacram
3316 1042 3436 1097 iidei

1868 1146 2067 1191 nostra
2098 1137 2243 1190 addit
2273 1133 2691 1197 confessionem,
2728 1135 2963 1187 maxime
3005 1136 3278 1188 inhaerens
3310 1150 3435 1188 scn-

1869 1227 2055 1281 tentia!
2097 1228 2160 1280 de
2211 1227 2585 1280 incarnatione
2650 1224 2877 1279 Domini.
2921 1224 2973 1277 In
3010 1239 3111 1292 qua
3152 1223 3436 1277 indiviszim

1868 1331 1923 1372 et
1973 1318 2365 1386 impermistam
2418 1318 2776 1385 hypostaseos
2828 1316 3056 1367 duarum
3117 1325 3435 1367 naturarum

1871 1412 2124 1463 unionem
2199 1408 2501 1477 proﬁtetur,
2558 1418 2609 1460 et
2679 1407 2929 1473 utrinque
2987 1415 3144 1459 natas
3204 1404 3438 1458 hatrescs

1873 1502 2051 1572 gladio
2080 1501 2317 1555 dissceat
2342 1499 2600 1552 veritatis.
2634 1495 2816 1551 Utitur
2835 1505 3013 1550 autem
3043 1495 3209 1548 Verbo
3241 1497 3438 1548 mistio—

1871 1596 1955 1648 nis
1986 1595 2069 1662 pie
2117 1592 2356 1661 quidem,
2410 1591 2499 1645 sed
2556 1606 2662 1644 non
2718 1590 2886 1642 utitur
2933 1587 3228 1641 secundum
3287 1586 3437 1639 insa-

1872 1701 1999 1739 num
2030 1684 2441 1750 Apollinarium,
2484 1682 2755 1751 quomodo
2784 1680 2883 1735 hac
2914 1693 3042 1734 voce
3074 1678 3145 1733 sit
3180 1677 3435 1731 utendum

1874 1787 2126 1838 testatus,
2153 1790 2324 1842 neque
2355 1774 2652 1827 secundum
2695 1774 2951 1825 audacem
2990 1769 3309 1840 Eutychem,
3342 1770 3435 1823 sed

194 1860 338 1928 μηδὲ
374 1836 519 1911 κατά
550 1858 640 1911 τὸν
674 1857 912 1926 δυσσεϐῆ
948 1857 1179 1925 Εὐτυχῆ,
1220 1856 1335 1908 ἀλλ’
1379 1836 1454 1918 ὦς
1540 1860 1636 1920 τῆς
1674 1859 1763 1910 εὑ-

1803 1836 1839 1893 "
1871 1879 1925 1919 ut
1957 1868 2036 1921 lex
2069 1868 2285 1934 pietatis
2308 1865 2605 1933 permittit:
2634 1875 2687 1915 ut
2718 1863 2805 1931 qui
2835 1872 3014 1915 nosset
3047 1836 3214 1914 unum
3242 1860 3432 1915 Filium

194 1950 420 2011 σεϐείας
471 1949 630 2018 νόμος
673 1949 941 2017 βούλεται,
986 1948 1080 2000 an
1133 1947 1197 2017 δὴ
1236 1948 1331 2000 ἕνα
1376 1948 1466 2000 τὸν
1513 1946 1639 2019 [438
1671 1950 1767 2021 Η.]

192 2038 406 2107 Κύριον
438 2038 593 2107 ἡμῶν
649 2037 855 2107 Ἰησοῦν
904 2037 1136 2105 Χριστὸν
1186 2037 1532 2106 τρανολογεῖν
1572 2040 1628 2089 ἐν
1676 2037 1768 2091 δύο

192 2130 426 2195 φύσεσιν
476 2128 803 2197 άδιαιρέτοις
855 2145 919 2181 τε
975 2128 1069 2180 καὶ
1104 2129 1431 2197 ἀσυγχύτοις
1482 2128 1665 2193 εἰδὼς,
1710 2130 1767 2181 ἐν

188 2218 381 2287 τελείᾳ
410 2219 622 2287 θεότητι
654 2220 746 2271 καὶ
809 2216 991 2284 τελείᾳ
1044 2218 1442 2288 ἀνθρωπότητι,
1490 2219 1613 2273 οὔτε
1670 2221 1767 2288 τῆς

191 2313 451 2379 κράσεως
483 2311 743 2378 σύγχυσιν
783 2309 927 2377 αὑτῷ
962 2308 1246 2378 δηλούσης,
1278 2308 1400 2362 οὗτε
1432 2312 1527 2381 τῆς
1553 2312 1623 2365 ἐν
1659 2312 1767 2366 δύο

192 2401 386 2468 φωνῆς
417 2400 679 2468 διαίρεσιν
710 2398 1173 2469 παρεισαγούσης.
1206 2398 1330 2469 [855
1347 2399 1437 2471 8.]
1467 2402 1687 2464 Τούτοις
1714 2402 1769 2455 δέ

193 2492 294 2543 καὶ
325 2490 637 2543 ’Λθανάσιον
665 2489 756 2540 καὶ
782 2489 1048 2558 Κύριλλον
1076 2489 1393 2558 συμϐαίνειν
1417 2490 1764 2561 ὑπαγορεύει,

191 2577 277 2642 οἷς
304 2582 399 2631 καὶ
423 2579 463 2608 ³⁷
489 2579 642 2630 αὐτοὶ
668 2578 1074 2648 διωμολόγησαν
1100 2579 1227 2647 μίαν
1255 2579 1417 2647 φύσιν
1440 2580 1535 2631 τοῦ
1565 2580 1701 2633 θεοῦ
1725 2580 1769 2612 ³⁸

190 2675 378 2738 Λόγου
438 2671 902 2739 σεσαρκωμένην·
966 2671 1024 2722 ἐν
1074 2664 1119 2737 ᾧ
1156 2670 1263 2741 γὰρ
1314 2671 1521 2739 ἔφησαν
1571 2687 1769 2739 σεσαρ-

192 2761 493 2827 κωμένην,
548 2760 645 2828 τὴν
696 2759 1136 2828 προσληφθεῖσαν
1188 2761 1529 2829 ἁνεκήρυξαν
1586 2760 1767 2828 φύσιν.

192 2849 390 2903 Ταῦτα
432 2847 677 2909 διελθὼν,
718 2846 813 2899 καὶ
843 2848 915 2908 ὡς
944 2848 1037 2900 καὶ
1077 2848 1133 2899 ἐν
1164 2846 1342 2909 ἄλλοις
1375 2845 1533 2898 αὑτοῦ
1585 2849 1769 2909 πόνοις

192 2941 469 3009 γυμνάζει
513 2940 610 3010 τὴν
642 2940 1010 3007 προκειμένην
1056 2937 1237 3007 φωνὴν
1268 2938 1764 3006 gmmpnﬁmvo‘,’

189 3030 403 3100 τριπλῇ
460 3046 590 3098 φησι
653 3024 975 3098 μερίζεσθαι
1017 3024 1059 3057 ³⁹
1104 3025 1313 3094 διανοίᾳ
1360 3026 1458 3093 τὴν
1488 3024 1769 3093 παροῦσαν

192 3122 398 3193 χρῆσιν
425 3122 490 3173 ⁸⁸.
544 3122 650 3173 Καὶ
705 3121 812 3189 γὰρ
870 3120 928 3170 τὸ
974 3117 1364 3187 σεσαρκωμένη
1420 3115 1450 3186 ἢ
1500 3116 1619 3170 ἀντὶ
1650 3115 1764 3183 τοῦ,

192 3215 372 3283 σαρκὶ
403 3212 852 3281 ὲσχηματισμὲνη
880 3212 969 3262 καὶ
999 3206 1108 3261 οἷον
1131 3209 1549 3277 είδοποιηθεῖσα,
1581 3208 1768 3277 ὥσπερ

188 3308 227 3363 ὁ
258 3304 492 3374 χαλκοῦς
520 3306 583 3371 τῇ
623 3306 801 3371 μορφῇ
843 3301 935 3354 τοῦ
979 3301 1314 3371 ἀνδριάντος,
1345 3299 1639 3369 ἐκληφθείη
1669 3299 1769 3352 ἄν·

190 3400 230 3467 ἢ
264 3396 350 3448 ὅτι
375 3396 455 3455 είς
511 3394 687 3460 σάρκα
723 3393 823 3459 τῆς
860 3392 953 3445 τοῦ
984 3392 1159 3458 Λόγου
1212 3390 1428 3457 φύσεως
1466 3393 1771 3459 τραπείσης

192 3488 296 3539 καὶ
341 3482 455 3536 οἷον
488 3482 974 3554 ἁποσαρκωθείσης
1008 3481 1105 3551 μία
1154 3481 1422 3551 προῆλθεν
1455 3482 1486 3551 ἡ
1513 3481 1707 3549 φύσις·
1736 3480 1770 3551 ἢ

190 3578 282 3629 ὅτι
316 3576 418 3644 μία
436 3572 569 3627 οὖσα
603 3576 637 3644 η
660 3574 753 3626 τοῦ
777 3574 955 3640 Λόγου
987 3573 1149 3641 φύσις
1179 3572 1320 3624 κατὰ
1341 3575 1441 3640 τῆν
1462 3571 1773 3638 οἰκονομίαν

188 3666 387 3717 οὐκέτι
448 3665 544 3730 μία
606 3663 738 3733 μόνη
787 3663 922 3715 ἀλλὰ
973 3664 1065 3715 καὶ
1107 3661 1244 3731 μετὰ
1302 3662 1503 3732 σαρκὸς
1559 3662 1776 3732 θεωρεῖ-

188 3771 314 3818 ται,
348 3757 409 3806 τὸ
437 3756 703 3824 ἄτρεπτον
747 3755 840 3805 καὶ
883 3752 1242 3805 ἀναλλοίωτον
1278 3754 1444 3821 ἑαυτῇ
1474 3768 1534 3803 τε
1582 3752 1677 3803 καὶ
1706 3754 1772 3821 τῇ

190 3845 615 3916 προσληφθείσῃ
644 3845 810 3913 σαρκὶ
841 3842 1195 3906 διασώζουσα.
1226 3844 1290 3896 At
1316 3843 1413 3911 μέν
1436 3842 1531 3895 οῦν
1561 3842 1773 3913 πρῶται

185 3938 297 3991 δύο
334 3936 629 4003 ὑπολήψεις
686 3935 1057 4003 ’Λπολινάριον
1111 3933 1257 3985 ῐσασι
1295 3932 1390 3984 καὶ
1428 3930 1669 3999 Εὑτυχέα
1692 3946 1705 3959 ·
1740 3932 1773 4001 ή

186 4028 257 4080 δὲ
288 4026 451 4093 τρίτη
484 4026 610 4087 δόξα
643 4024 737 4076 τοῦ
774 4024 1127 4093 κηρύγματός
1153 4024 1269 4074 ἐστι
1303 4022 1412 4073 τῶν
1442 4021 1772 4083 ἀποστόλων,

184 4120 268 4187 ἢν
304 4118 399 4167 καὶ
450 4117 478 4166 ὁ
535 4116 643 4167 τῶν
694 4116 978 4184 μακαρίων
1024 4114 1178 4183 ἡμῶν
1234 4115 1491 4180 Πατέρων
1523 4112 1564 4143 ’⁸⁸
1617 4113 1775 4181 χορὸς

186 4207 417 4258 ἐκεῖθεν
467 4205 651 4273 μαθὼν
682 4207 1070 4272 συνετήρησεν.
1110 4204 1221 4255 Καὶ
1274 4201 1435 4272 δῆλον
1476 4201 1571 4264 ὡς,
1605 4201 1659 4252 εί
1693 4217 1776 4261 τις

184 4296 454 4350 εὐσεϐεῖν
485 4294 656 4347 ἐθέλοι
676 4295 719 4325 δ’
753 4298 811 4347 ἐν
832 4294 909 4362 τῷ
935 4293 1112 4359 λέγειν
1146 4291 1273 4362 μίαν
1298 4290 1459 4358 φύσιν
1485 4288 1578 4341 τοῦ
1601 4288 1774 4355 Λόγου

188 4387 659 4455 σεσαρκωμένην,
694 4385 755 4437 τὸ
786 4384 917 4436 αὑτὸ
944 4385 1160 4452 φρονεῖν
1198 4381 1266 4433 ἂν
1309 4378 1640 4449 χαριτωθείη
1666 4379 1778 4439 τοῖς

184 4479 296 4530 δύο
345 4475 538 4543 φύσεις
587 4474 921 4543 άδιαιρέτους
972 4474 1066 4526 καὶ
1114 4470 1450 4540 ἀσυγχύτους
1496 4472 1553 4521 ἐν
1586 4467 1663 4537 τῷ
1696 4468 1776 4519 ἐνὶ

184 4568 296 4618 καὶ
324 4563 406 4631 τῷ
441 4562 589 4630 αὐτῷ
620 4561 839 4631 Χριστῷ
874 4560 1139 4630 θεωροῦσι
1181 4577 1240 4613 τε
1296 4560 1390 4612 καὶ
1424 4557 1735 4621 δοξάζουσιν
1758 4572 1771 4586 ο

183 4654 240 4704 εἰ
292 4652 349 4702 δὲ
402 4650 498 4718 μὴ,
546 4649 680 4718 πρὸς
715 4649 1091 4713 Ἀπολινάριον
1124 4648 1157 4717 ἢ
1195 4647 1239 4678 ⁸³
1286 4646 1528 4713 Εὑτυχέα
1560 4646 1777 4705 πάντως

183 4743 513 4809 δραμεῖται.
537 4740 646 4791 Καὶ
671 4740 778 4810 γὰρ
805 4737 1039 4791 ἐνταῦθα
1061 4738 1159 4807 τὴν
1187 4737 1314 4807 μίαν
1340 4736 1438 4801 μὲν
1468 4734 1630 4802 φύσιν
1658 4734 1778 4786 ἀντὶ

182 4834 301 4900 τῆς
331 4828 681 4891 ὑποστάσεως
711 4828 987 4899 εἰρῆσθαι,
1020 4828 1081 4880 τὸ
1120 4826 1173 4879 δὲ
1206 4824 1630 4895 σεσαρκωμένην
1658 4822 1778 4876 ἀντὶ

182 4924 303 4991 τῆς
340 4920 684 4989 ἀνθρωπίνης
734 4920 980 4987 φύσεως,
1024 4918 1096 4978 ὡς
1150 4917 1313 4987 μηδὲν
1351 4917 1638 4983 διαφωνεῖν
1684 4914 1775 4965 τὸν

183 5012 251 5063 λέ
264 5026 434 5076 γοντα
460 5008 589 5075 μίαν
620 5008 780 5076 φύσιν
804 5006 898 5059 τοῦ
922 5007 1093 5073 Λόγου
1124 5005 1554 5074 σεσαρκωμένην
1584 5002 1616 5072 ἢ
1648 5002 1775 5070 μίαν

184 5099 508 5151 ὑπόστασιν
554 5096 648 5147 τοῦ
683 5096 857 5162 Λόγου
891 5094 1237 5165 ἀνθρωπίνην
1282 5093 1442 5161 φύσιν
1475 5091 1777 5144 ἀναλαϐοῦ-

185 5204 341 5241 σαν*
375 5187 458 5239 διὸ
504 5188 598 5238 καὶ
626 5187 674 5238 oi.
724 5187 965 5254 Πατέρες
1005 5185 1157 5254 ἡμῶν
1206 5183 1632 5252 ὲπεξηγούμενοι
1679 5181 1777 5251 τὴν

183 5278 391 5348 φωνὴν
424 5278 743 5344 ἐπάγουσιν,
771 5278 893 5329 Οὐκ
938 5275 1322 5343 ἀνῃρημένης
1358 5274 1468 5340 τῆς
1509 5272 1628 5325 τῶν
1666 5274 1778 5340 5:13-

181 5387 363 5425 σεων
399 5365 687 5436 διαφορᾶς
712 5366 810 5420 διὰ
841 5366 887 5397 ⁸⁸
914 5365 1025 5426 τὴν
1064 5366 1303 5431 ἕνωσιν,
1331 5362 1668 5432 σωζομένης
1708 5360 1776 5413 δὲ

1871 1959 2156 2011 Dominum
2188 1969 2429 2011 nostrum
2459 1955 2637 2009 Jesum
2667 1954 2941 2008 Christum
2975 1952 3275 2015 declarare,
3296 1950 3433 2004 dua-

1868 2050 1969 2102 bus
2036 2049 2242 2100 naturis
2303 2047 2545 2100 indivisis
2595 2054 2649 2098 et
2705 2041 3005 2096 inconfusis
3069 2051 3318 2095 constare
3379 2039 3432 2092 in

1868 2138 2104 2207 perfecta
2173 2140 2515 2191 humanitate
2578 2146 2630 2187 ct
2694 2134 2929 2202 perfecta
2998 2132 3330 2187 divinitate:
3376 2141 3431 2185 ut

1868 2233 2151 2302 permistio
2184 2230 2475 2285 secundum
2524 2228 2673 2281 illum
2720 2224 3089 2279 confusionem
3125 2241 3228 2279 non
3264 2225 3429 2294 signi-

1869 2322 2016 2386 ﬁcet,
2048 2336 2221 2389 neque
2248 2321 2461 2374 inducat
2488 2317 2806 2372 divisionem
2837 2317 2981 2370 vocis
3010 2319 3066 2370 ἐν
3088 2317 3198 2370 δύο.
3234 2317 3427 2370 Eadem

1869 2426 2049 2469 autem
2106 2414 2306 2467 sentire
2351 2413 2705 2466 Athanasium
2753 2419 2806 2463 et
2844 2410 3096 2480 Cyrillum
3150 2409 3426 2477 praedicat,

1869 2508 1962 2578 qui
2003 2522 2161 2560 unam
2200 2505 2348 2558 verbi
2382 2515 2631 2558 naturam
2664 2504 2994 2557 incarnatam
3022 2501 3252 2555 confessi
3280 2512 3425 2557 sunt.

1870 2597 2001 2647 Cum
2046 2593 2188 2646 enim
2235 2593 2563 2644 incarnatam
2604 2592 2870 2654 dixerunt,
2909 2600 3238 2659 assumptam
3274 2599 3427 2642 natu-

1872 2701 1984 2738 ram
2013 2684 2393 2753 prmdicaruut.
2425 2683 2480 2737 In
2510 2683 2590 2737 his
2623 2699 2869 2753 pergens,
2898 2693 2953 2735 ut
2984 2692 3033 2735 et
3068 2684 3117 2735 in
3161 2681 3281 2735 aliis
3310 2681 3428 2751 ejus

1870 2777 2088 2843 scriptis
2120 2778 2393 2830 contendit
2422 2790 2582 2844 super
2609 2779 2711 2829 hac
2741 2790 2889 2840 voce,
2929 2775 3096 2827 tribus
3137 2771 3426 2827 ostendens

1871 2867 2044 2921 modis
2091 2867 2207 2934 capi
2254 2882 2408 2934 posse
2456 2880 2639 2919 vocem
2688 2866 3037 2918 incarnatam.
3084 2863 3292 2917 Etenim
3339 2864 3427 2916 in-

1869 2970 2108 3023 carnata,
2141 2974 2235 3026 pro
2280 2974 2498 3013 earnrrn
2543 2960 2745 3018 induta.
2793 2968 2844 3009 et.
2883 2957 3041 3010 veluti
3079 2956 3249 3024 eliigie
3299 2971 3427 3011 con-

1871 3052 2123 3117 formata,
2148 3052 2597 3118 quemadmodum
2622 3050 2817 3119 2670
2842 3064 2913 3103 a‘s
2935 3049 3206 3102 simulacri
3231 3049 3421 3109 forma,

1795 3166 1839 3223 ε
1874 3145 2008 3199 sumi
2064 3146 2270 3213 possit;
2326 3144 2404 3195 vel
2443 3144 2581 3210 quod
2631 3156 2886 3195 rOnversa
2937 3140 3083 3193 verbi
3132 3150 3320 3193 natura
3372 3143 3421 3191 in

1870 3244 2109 3299 carnem,
2162 3248 2215 3289 et
2248 3236 2398 3302 quasi
2452 3236 2724 3288 incarnata
2782 3248 2885 3285 una
2936 3232 3134 3299 prodiit
3181 3242 3419 3283 natura:

1873 3333 1953 3385 vel
2003 3329 2140 3398 quod
2195 3346 2294 3383 una
2346 3328 2612 3383 exsislens
2663 3326 2817 3379 Verbi
2870 3335 3083 3389 natura,
3132 3324 3422 3379 secundum

1872 3422 2297 3477 incarnationem
2331 3436 2433 3474 nou
2459 3419 2689 3488 amplius
2714 3433 2813 3469 una
2841 3418 2973 3479 sola,
3000 3419 3091 3471 sed
3113 3431 3232 3470 cum
3261 3430 3425 3469 carne

1872 3522 2179 3585 spectetur;
2231 3510 2824 3566 incommutabilitatem
2863 3520 3021 3576 atque
3065 3509 3423 3579 integritatem

1874 3603 1976 3656 sibi
1996 3611 2048 3656 et
2066 3611 2349 3668 assumpta:
2369 3600 2514 3653 carni
2541 3612 2888 3652 conservans.
2908 3596 3097 3650 Primm
3118 3598 3293 3666 itaque
3311 3598 3425 3650 dua:

1875 3693 2297 3763 significationes
2346 3690 2659 3759 Apollinarii
2703 3699 2757 3741 et
2794 3688 3065 3757 Eutychis,
3110 3690 3267 3741 tertia
3298 3701 3425 3738 vero

1874 3800 1942 3839 ex
1988 3793 2167 3837 mente
2216 3783 2579 3851 apostolorum
2635 3789 2755 3842 est,
2804 3794 2963 3848 quant
3015 3788 3069 3831 et
3119 3787 3424 3831 sanctorum

1875 3876 2094 3930 Patrum
2143 3885 2453 3927 liOSll'Ol'llill
2501 3881 2669 3924 castus
2710 3870 2834 3922 inde
2872 3878 3149 3921 nuitnatus
3185 3869 3423 3920 I‘Elillllil.

1875 3967 2087 4021 Clarum
2134 3979 2258 4018 vero
2290 3973 2392 4029 est,
2439 3963 2482 4016 si
2514 3963 2634 4030 quis
2674 3959 2757 4029 pie
2791 3960 2993 4012 sentire
3026 3960 3166 4021 vclit,
3204 3959 3428 4012 dicendo

1878 4056 2222 4111 unamV'erhi
2265 4064 2509 4108 naturam
2557 4054 2909 4114 incarnatam,
2934 4052 3161 4120 gratiam
3206 4050 3429 4117 adeptu-

1878 4166 2020 4213 rum,
2044 4148 2326 4203 sentiendo
2350 4160 2468 4199 eum
2502 4145 2566 4198 iis
2591 4144 2680 4213 qui
2714 4145 2845 4197 duas
2876 4152 3094 4196 naturas
3124 4141 3429 4195 inccnfusas

1878 4251 2038 4309 atque
2090 4238 2453 4307 impermistas
2497 4236 2547 4289 in
2595 4250 2701 4290 uno
2732 4244 2785 4289 et
2822 4236 3007 4287 eodem
3047 4232 3265 4288 Christo
3310 4248 3430 4287 esse

1877 4342 1931 4386 et
1953 4340 2303 4399 cognoscunt,
2333 4336 2385 4380 et
2415 4337 2680 4381 statuunt.
2716 4324 2922 4393 Alioqui
2955 4340 3073 4377 cum
3102 4324 3431 4390 Apollinario

1880 4436 1931 4480 et
1966 4418 2206 4493 Eu‘tyche
2249 4421 2434 4475 sentit.
2481 4419 2688 4473 Etenim
2724 4432 2882 4471 unam
2926 4416 3012 4469 hic
3042 4427 3287 4469 naturam
3335 4430 3430 4482 pro

1811 4500 1852 4553 θ
1881 4531 2104 4587 persona
2138 4514 2335 4567 dictam
2364 4526 2503 4571 esse,
2534 4508 2867 4563 lncarnalam
2908 4521 3031 4560 vero
3071 4521 3166 4575 pro
3198 4506 3428 4559 humana

1874 4617 2066 4661 natura
2100 4622 2115 4660 :
2162 4614 2216 4657 ut
2248 4601 2379 4656 nihil
2429 4600 2643 4653 intersit
2675 4600 2855 4652 dicere
2881 4613 3042 4651 unam
3084 4595 3241 4649 V‘erbi
3273 4607 3430 4649 natu-

1877 4714 1988 4751 ram
2020 4698 2377 4756 iucarnatam,
2408 4691 2490 4745 vel
2524 4705 2679 4742 uuam
2712 4688 2866 4742 Verbi
2913 4702 3194 4755 personam
3232 4687 3435 4740 huma—

1874 4804 1999 4841 nam
2062 4784 2417 4853 assumpsisse
2485 4791 2761 4835 naturam.
2827 4778 3188 4845 Quamobrem
3246 4777 3435 4831 Patres

1875 4880 2046 4935 nostri
2100 4880 2239 4930 hanc
2288 4889 2470 4928 vocem
2520 4871 2873 4939 explanantes
2926 4871 3195 4920 adducunt
3244 4885 3256 4921 :
3313 4865 3433 4919 Non

1871 4993 2081 5048 sublata
2127 4998 2437 5043 naturarum
2477 4982 2772 5051 diﬂ'erentia
2804 4996 2892 5044 per
2926 4980 3187 5041 unionem,
3221 4979 3307 5030 scd
3345 4994 3435 5041 po—

1872 5087 1974 5137 tius
2016 5092 2230 5151 utraque
2271 5087 2570 5131 conservata
2614 5076 2667 5126 in
2714 5072 2921 5137 proiirio
2980 5086 3181 5124 natura:
3216 5072 3433 5123 termino

1874 5188 1920 5229 et
1952 5174 2122 5238 rcrbo,
2156 5174 2205 5225 in
2236 5187 2342 5223 uno
2382 5168 2661 5235 eodemque
2700 5165 2904 5219 Christo
2937 5162 3063 5215 Jesu
3104 5161 3207 5213 Deo
3236 5171 3431 5213 nostra.

1875 5266 2051 5330 Quare
2085 5262 2129 5315 si
2162 5267 2479 5313 conservata
2519 5262 2941 5322 cognoscantur,
2974 5252 3186 5317 cognita
3239 5248 3434 5315 pranli-

1883 5365 2091 5413 centur,
2121 5365 2173 5405 et
2202 5365 2320 5419 qua:
2348 5348 2726 5415 praedicantur,
2751 5353 2803 5396 et
2828 5350 3175 5394 numerentur
3202 5356 3214 5391 :
3243 5336 3435 5407 perspi-

1476 5512 1712 5570 VARIAZ
1754 5503 2155 5565 LECTIUNES.

268 5645 318 5675 "
342 5643 399 5695 δὲ
427 5639 726 5700 σπουδαίως
754 5654 813 5690 τε
845 5639 887 5692 Λ
922 5656 935 5692 :
960 5656 1016 5693 τε
1050 5638 1352 5699 σπουδαίως
1391 5653 1449 5699 ς.
1514 5634 1554 5663 ³⁷
1585 5632 1679 5684 καὶ
1704 5638 1819 5697 post
1849 5621 1948 5700 οἷς.
2009 5625 2052 5700 ³¹ξ
2074 5621 2208 5700 Θεοῦ
2244 5631 2296 5674 et
2322 5618 2559 5700 "393.331
2578 5616 2700 5671 add.
2836 5685 2856 5700 ἠ
2877 5614 2920 5700 ’ς
2949 5610 3354 5700 διαμὶερίζεσθαξ
3376 5625 3437 5700 ςξῖ

185 5720 238 5747 ﬂ
280 5676 510 5781 χρυῆσινῇ
533 5710 588 5760 τὸ
604 5676 1018 5779 σεσέιρκωμένηῦ
1038 5676 1179 5763 ςῖιίίῇῑ
1200 5676 1529 5776 ιύίςῒλθςιιιιι
1551 5719 1609 5764 ς’.
1688 5676 1726 5731 ⁸’¹
1754 5676 1998 5765 πατέρων
2030 5693 2185 5761 ἡμῶν
2218 5708 2276 5753 ς.
2352 5690 2393 5720 δ’
2426 5688 2594 5740 ἐθέλει
2630 5705 2688 5750 ς.
2764 5685 2807 5715 ³⁸
2832 5685 2863 5753 ἥ
2892 5686 2930 5736 Λ
2965 5700 2979 5736 :
3009 5676 3184 5745 καῖ’ς.
3258 5680 3302 5709 ⁸⁵
3328 5676 3437 5749 διὰ]

193 5778 302 5837 γαίι
347 5778 419 5841 Λ,
454 5778 543 5829 καὶ
582 5778 717 5845 μετὰ
754 5783 909 5830 rt‘.i\.
