4208 6442
773 344 904 406 ιιι-ι

1857 338 2119 399 PHOTII
2156 336 2658 398 PATRIARCHE
2696 338 2801 397 Cf’.

3871 339 4011 405 1028

765 465 922 501 cuum
967 456 1051 501 est
1095 449 1178 514 pic
1219 446 1439 499 dicendo
1474 460 1633 497 unam
1666 445 1827 499 Verbi
1869 456 2119 499 naturam
2160 448 2335 498 incar—
2362 448 2407 505 A

2362 448 2407 505 A
2430 444 2673 512 μᾶλλον
2698 445 2978 510 ἑκατέρας
3016 445 3084 496 ἐν
3114 444 3191 509 τῷ
3225 444 3352 511 ἰδίῳ
3385 445 3491 511 τῆς
3522 447 3759 513 φύσεως
3793 448 3915 514 ὅρῳ
3952 468 4010 502 τε

766 550 969 596 natam,
1000 536 1241 594 ct‘illnd,
1268 536 1399 587 duas
1436 545 1657 587 naturas
1684 537 1735 587 in
1764 536 1961 587 unione
1998 534 2329 603 bypo~tatica

767 627 1042 687 indivisas,
1076 624 1277 676 nullam
1325 623 1682 676 differentiam
1726 624 1827 691 piis
1873 623 2087 676 afferre.
2129 622 2222 675 llis
2267 640 2329 676 ae

773 717 1035 771 similibus
1065 719 1235 781 prima
1272 716 1569 768 absolvitur
1594 716 1789 769 oratio.

2438 538 2535 587 καί
2570 538 2747 601 λόγῳ,
2798 538 2866 586 ἐν
2895 536 2972 599 τῷ
3022 537 3182 599 αὑτῷ
3219 540 3310 589 καὶ
3368 540 3455 590 ἑνὶ
3506 538 3735 605 Χριστῷ
3772 540 3851 603 τῷ
3884 542 4009 602 Θεῷ

2437 626 2625 693 ἡμῶν.
2659 628 2821 678 Ὥστε
2850 630 2896 677 εἰ
2923 627 2988 678 τὰ
3016 627 3299 696 σωζόμενα
3329 630 3426 697 μὲν
3451 631 3753 699 θεωρεῖται,
3784 635 3850 683 τὰ
3887 632 3945 683 δὲ
3967 635 4007 663 ⁸⁸

2440 718 2789 785 θεωρούμενα
2823 721 3185 786 ὁμολογεῖται,
3218 720 3253 773 ἃ
3286 720 3341 771 δὲ
3369 722 3733 789 ὁμολογεῖται.
3766 724 3862 775 καὶ
3889 724 4009 791 ἀρι-

773 812 1004 879 ΰμεῖται,
1040 813 1269 878 φανερὸν
1300 812 1378 862 ὅτι
1410 811 1468 861 τὸ
1513 811 1691 876 λέγειν
1724 811 1964 871 εὑσεϐὦς
1997 810 2124 878 μίαν
2163 810 2324 877 φύσιν
2361 811 2456 863 τοῦ
2494 813 2664 878 Λόγου
2700 814 3143 883 σεσαρκωμένην,
3201 815 3295 869 καὶ
3339 816 3399 868 τὺ
3448 816 3542 868 δύο
3587 817 3779 884 φύσεις
3834 818 4010 871 ἀδιαι-

771 906 952 972 ρὲτους
984 906 1039 953 ὲν
1070 907 1133 971 τῇ
1168 904 1287 954 καθ’
1317 904 1615 955 ὑπόστασιν
1643 903 1854 966 ένώσει,
1893 904 2159 973 διαφορὰν
2194 905 2447 971 οὐδεμίαν
2473 908 2551 968 είς
2573 906 2665 958 τὸν
2692 909 2786 976 τῆς
2813 909 3091 971 εὐσεϐείας
3157 912 3376 979 ἐμποιεί
3445 910 3621 977 λόγον.
3677 910 3864 964 Ταῦτα
3919 916 4009 964 καὶ

774 999 989 1052 τοιαῦτα
1024 999 1183 1064 ἕτερα
1215 996 1383 1047 εἰπὼν
1416 1000 1644 1066 περατοῖ
1670 998 1759 1050 τὸν
1789 998 1837 1049 α’
1866 998 2043 1064 λόγον.

837 1093 1081 1147 Secunda
1121 1095 1413 1159 «logiiiatica
1449 1093 1781 1155 inscribitur,
1814 1109 1932 1162 qua:
1965 1094 2084 1146 fidei
2122 1095 2337 1160 exposi-

770 1186 966 1237 tionem
1024 1186 1285 1241 eontinet,
1340 1200 1458 1251 qua:
1510 1186 1593 1252 pie
1646 1195 1700 1237 ct
1758 1186 1967 1237 sincere
2010 1185 2078 1237 de
2110 1188 2336 1239 veritate

769 1278 951 1335 sentit,
1000 1286 1051 1327 et
1102 1278 1212 1326 haec
1267 1278 1331 1326 de
1375 1277 1656 1327 iucarnato
1686 1276 1904 1328 Christo
1952 1278 2140 1329 eodem
2177 1279 2335 1330 modo

770 1379 1129 1434 prosequitur,
1172 1366 1606 1431 compendiosius
1637 1369 1747 1419 bare
1787 1383 1947 1434 quam
1982 1384 2141 1435 supra
2183 1385 2339 1423 exse-

769 1472 960 1524 quens,
1008 1457 1139 1507 nihil
1182 1466 1363 1508 tamen
1412 1457 1777 1509 accurationis
1822 1458 2099 1521 omittens,
2133 1468 2186 1510 et
2225 1459 2337 1511 haec

771 1558 1091 1611 percurrens
1126 1545 1176 1594 in
1218 1544 1638 1595 admonitionem
1672 1545 1887 1606 desinit,
1937 1555 1991 1596 et
2021 1560 2115 1598 eos
2148 1547 2236 1612 qui
2271 1547 2337 1600 ab

771 1633 1005 1687 Ecclesia
1051 1650 1111 1687 se
1140 1644 1516 1701 segregarunt,
1559 1634 1624 1686 ad
1660 1650 2001 1687 communem
2029 1639 2337 1690 consensio-

2526 1095 2583 1147 Ὀ
2607 1095 2661 1146 δὲ
2696 1094 2739 1161 β’
2770 1092 3135 1162 ἐπιγράφεται
3169 1092 3266 1159 μὲν
3299 1091 3675 1160 δογματικὸς,
3704 1093 3927 1145 ἔκθεσιν
3956 1095 4009 1146 δὲ

2441 1188 2533 1239 καὶ
2566 1178 2719 1247 οὗτος
2750 1186 3083 1251 ἀπαγγέλλει
3117 1185 3349 1245 πίστεως
3370 1202 3384 1215 ·
3420 1179 3530 1257 ένῇ
3558 1186 3658 1254 τήν
3699 1202 3758 1237 τε
3802 1186 4010 1255 Τριάδα

2442 1278 2847 1344 εὑσεϐοφρόνως
2890 1276 3131 1343 θεολογεῖ
3160 1276 3253 1327 καὶ
3300 1276 3367 1327 τὰ
3402 1278 3531 1345 περὶ
3570 1276 3668 1345 τὴν
3696 1278 4012 1345 οἰκονομίαν

2447 1371 2644 1438 ὁμοίως
2673 1370 2915 1433 διέξεισι,
2961 1367 3424 1436 συνοπτικώτερον
3471 1368 3569 1438 μὲν
3602 1369 3633 1437 ἢ
3679 1369 3735 1419 ὲν
3760 1368 3840 1436 τῷ
3878 1385 4011 1436 προ-

2438 1462 2753 1531 τεταγμένῳ
2786 1461 2957 1514 ταῦτα
3007 1460 3239 1525 διεξιὼν,
3276 1460 3429 1512 οὐδὲν
3473 1429 3653 1529 μέντοι
3702 1461 3801 1528 τῆς
3848 1461 4010 1529 ἀκριι

2440 1553 2591 1613 ϐείας
2615 1552 2921 1619 καθυφιεὶς.
2964 1553 3073 1604 Καὶ
3092 1553 3265 1606 ταῦτα
3294 1552 3606 1622 διαδραμὼν
3637 1553 3717 1613 είς
3748 1553 4013 1621 παραίνε-

2441 1660 2525 1694 σιν
2572 1643 2817 1711 περαίνει
2852 1643 2952 1713 τὴν
3000 1644 3254 1712 σπουδὴν.
3291 1645 3356 1696 δι’
3385 1638 3453 1714 ἦς
3490 1646 3615 1705 τοὺς
3643 1645 3743 1711 τῆς
3780 1644 4014 1710 Ἐκκλη-

772 1737 890 1772 nem
937 1737 1189 1774 revocare
1236 1734 1482 1775 conatur.
1523 1721 1635 1775 lloc
1687 1723 1823 1775 libro
1854 1727 1947 1787 ait,
1997 1742 2180 1779 earmn
2218 1742 2337 1796 qua:
2370 1762 2411 1815 Β

2370 1762 2411 1815 Β
2442 1732 2561 1793 σίας
2616 1731 2741 1802 [459
2769 1731 2862 1803 H.]
2923 1733 3330 1800 ἀποφοιτῶντας
3372 1734 3470 1802 τὴν
3520 1732 3704 1801 κοινὴν
3754 1733 4010 1800 ὁμόνοιαν

771 1815 822 1863 in
859 1812 1094 1865 Ecclesia
1148 1823 1269 1865 sunt
1301 1829 1332 1865 a
1371 1813 1529 1867 Verbi
1582 1817 1843 1869 ministris
1873 1817 2081 1869 traditre
2135 1818 2340 1871 doctri—

773 1920 874 1966 me,
921 1905 1165 1972 quaedam
1213 1907 1461 1973 dogmata
1500 1915 1645 1967 sunt,
1678 1909 1919 1974 qumdam
1973 1910 2239 1975 praeconia
2286 1918 2341 1962 et

770 1996 1067 2050 differentia
1120 2016 1132 2049 :
1181 1999 1424 2066 dogmata
1466 2000 1664 2067 268a
1710 2016 1830 2051 cum
1892 2002 2251 2053 occultatione
2286 2011 2341 2055 et

769 2088 1032 2155 Sapientia
1079 2088 1445 2150 declarantur,
1498 2101 1549 2141 ct
1600 2092 1915 2145 obscuritati
1975 2108 2114 2158 sa-pc
2158 2093 2225 2145 de
2258 2094 2337 2144 in-

768 2180 971 2231 dustria
1016 2181 1385 2246 involvuntur,
1434 2196 1499 2233 ne
1540 2183 1781 2249 profanis
1810 2184 1917 2236 sint
1950 2192 2136 2236 sancta
2182 2199 2339 2249 expo-

769 2270 894 2331 sita,
949 2280 1005 2323 et
1059 2273 1366 2340 margarita:
1416 2275 1593 2339 porcis
1645 2274 2013 2342 objiciantur:
2067 2277 2335 2343 praeconia

769 2362 885 2412 sine
915 2361 1015 2413 ulla
1047 2362 1377 2414 obscuritate
1408 2364 1679 2425 dicuntur,
1713 2371 1766 2415 et
1792 2379 1854 2416 ea
1891 2365 2193 2431 prazsertim
2219 2380 2339 2433 qua:

769 2452 838 2507 de
875 2465 1263 2519 praeceptorum
1298 2463 1350 2506 et
1392 2456 1585 2507 divinze
1619 2457 1933 2509 reverentia:
1962 2457 2339 2510 observatione

772 2556 1023 2597 tractant.
1065 2544 1195 2599 Esse
1245 2555 1501 2611 praeterea
1551 2548 1799 2615 dogmata
1848 2548 2094 2615 quazdam
2147 2549 2343 2601 obseu-

774 2635 937 2694 riora,
972 2650 1090 2700 quze
1136 2636 1383 2697 omnino,
1437 2647 1495 2687 ut
1524 2637 1595 2687 ila
1633 2638 1884 2701 dixerim,
1920 2648 2165 2691 tacentur
2199 2659 2214 2693 :
2249 2656 2338 2692 so-

771 2728 835 2778 lis
885 2741 1011 2777 vero
1053 2726 1160 2779 illis
1203 2728 1430 2795 mystice
1488 2729 1703 2791 tradita,
1755 2730 1845 2797 qui
1904 2730 2085 2783 fideles
2138 2730 2340 2785 habent

772 2818 1114 2883 spiritualem
1165 2820 1486 2884 sapientiam
1522 2835 1619 2886 per
1672 2819 1906 2873 Verbum
1944 2823 2142 2874 vivum.
2194 2822 2339 2876 Prac—

775 2919 919 2960 terea
955 2909 1354 2961 distinctionem
1391 2925 1602 2971 eorum,
1640 2926 1760 2977 qua:
1793 2912 1861 2963 de
1889 2911 2111 2965 Christo
2146 2913 2336 2965 dicun-

772 3008 878 3060 tur,
900 3000 1044 3059 facit,
1074 3000 1315 3065 quaedam
1347 3016 1527 3053 revera
1557 3011 1610 3053 et
1640 3006 1854 3069 proprie
1880 3002 2022 3055 dicta
2048 3018 2297 3056 asserens
2323 3022 2335 3056 :

2446 1822 2796 1873 ἀσπάσασθαι
2828 1820 3159 1890 παρακαλεῖ.
3205 1821 3292 1872 Ἐν
3321 1820 3494 1887 τούτῳ
3538 1820 3615 1889 τῷ
3653 1820 3798 1889 λόγῳ
3846 1822 4012 1887 φησὶν

2442 1909 2515 1971 ὡς
2550 1909 2655 1960 τῶν
2682 1910 2740 1959 ἐν
2769 1913 2834 1978 τῇ
2885 1909 3180 1979 Ἐκκλησία
3219 1906 3665 1978 παραδιδομένων
3695 1910 3741 1938 ⁸⁸
3773 1910 3878 1960 ὑπὸ
3906 1910 4012 1960 τῶν

2446 1999 2731 2069 ὑπηρετῶν
2751 2000 2843 2052 τοὺ
2862 2000 3033 2066 Λόγου
3068 1999 3414 2067 διδαγμάτων
3433 1999 3500 2049 τὰ
3538 1999 3636 2067 μέν
3670 1999 3785 2051 ἐστι
3808 1999 4013 2068 δόγμα-

2442 2109 2530 2155 τα,
2577 2092 2645 2141 τὰ
2681 2092 2737 2143 δὲ
2771 2089 3125 2160 κηρύγματα.
3168 2091 3277 2142 Καὶ
3311 2092 3342 2158 ἡ
3377 2089 3633 2160 διαφορὰ,
3673 2091 3742 2142 τὰ
3793 2091 3894 2158 μὲν
3931 2092 4013 2143 δύ-

2442 2199 2627 2251 γματα
2676 2182 2790 2250 μετ’
2840 2180 3191 2249 ἐπικρύψεως
3230 2182 3321 2232 καὶ
3353 2181 3543 2247 σοφίας
3582 2182 4009 2247 ἀπαγγέλλεται,

2443 2274 2535 2325 καὶ
2564 2276 2662 2340 τὴν
2692 2272 2960 2339 ἀσάφειαν
2982 2270 3237 2331 πολλάκις
3260 2269 3569 2339 ἐξεπίτηδες
3601 2270 4011 2339 περιϐάλλεται,

2440 2365 2515 2425 ὼς
2538 2364 2603 2416 ἂν
2630 2363 2703 2433 μὴ
2735 2363 2978 2432 βεϐήλοις
3005 2358 3113 2414 εἷεν
3142 2364 3211 2414 τὰ
3246 2362 3376 2428 ἆγια
3423 2362 3617 2414 ἔκθετα
3651 2364 3747 2414 καὶ
3777 2365 3830 2413 οί
3877 2380 4013 2433 μαρ-

2444 2458 2666 2525 γαρῖται
2693 2457 2804 2517 τοῖς
2844 2454 3046 2523 χοίροις
3079 2455 3452 2522 προκείμενοι,
3482 2456 3549 2507 τὰ
3580 2455 3637 2507 δὲ
3677 2455 4012 2525 κηρύγματα

2442 2546 2609 2615 χωρίς
2639 2562 2781 2606 τινος
2820 2545 3167 2612 ἐπικρύψεως
3191 2543 3610 2609 ἀπαγγέλλεται,
3648 2546 3743 2596 καὶ
3776 2546 4013 2613 μάλιστα

2440 2639 2539 2689 ὅσα
2569 2638 2647 2698 είς
2691 2637 2845 2703 λόγον
2889 2635 3117 2687 ἐντολῶν
3148 2636 3240 2686 καὶ
3285 2635 3429 2688 θείου
3465 2635 3630 2702 φόϐου
3674 2640 4013 2705 συντήρησιν

2441 2728 2792 2796 ἀναφέρεται.
2818 2722 2974 2778 Εἶναι
2992 2727 3049 2778 δὲ
3081 2728 3174 2778 καὶ
3199 2726 3307 2777 τῶν
3336 2726 3619 2795 δογμάτων
3644 2728 3724 2778 ἔτι
3752 2729 3877 2780 τινὰ
3906 2746 4014 2797 μυο

2444 2819 2767 2889 στικώτερα,
2790 2820 2825 2872 ἃ
2854 2819 3132 2881 παντελῶς
3159 2820 3234 2880 ὼς
3265 2819 3324 2870 τὸ
3354 2820 3481 2879 ἔπος
3505 2820 3667 2887 φάναι
3705 2821 4012 2889 σεσίγηται,

2442 2913 2671 2973 ἐκείνοις
2711 2912 2767 2963 δὲ
2809 2912 2989 2979 μόνοις
3021 2911 3301 2979 μυστικῶς
3350 2912 3730 2980 παραδέδοται,
3766 2914 3818 2964 οἶ
3854 2914 3897 2943 ⁵⁷
3928 2912 4013 2964 διὰ

2442 3004 2616 3069 Λόγου
2638 3002 2837 3065 ζῶντος
2872 3003 3054 3068 ἔχουσι
3083 3005 3465 3071 πνευματικὴν
3499 3003 3692 3071 σοφίαν
3724 3009 3937 3067 πιστοῖς
3969 3006 4014 3035 ⁸⁸

777 3091 880 3141 alia
914 3106 1006 3156 per
1041 3092 1543 3157 transumptiouem.
1580 3092 1880 3158 Capiuntur
1908 3094 2051 3145 enim
2089 3108 2116 3143 a
2161 3094 2333 3158 nobis,
2365 3109 2407 3164 ο

2365 3109 2407 3164 c
2441 3092 2612 3144 ταῦτα
2645 3092 3041 3161 παρατίθεσθαι
3068 3093 3134 3147 ⁸⁸.
3167 3095 3288 3145 Ἔτι
3338 3094 3395 3145 δὲ
3449 3094 3731 3162 διαστολὴν
3760 3095 3872 3146 τῶν
3924 3098 4013 3147 ἐπὶ

770 3181 1221 3247 quemadmodum
1256 3182 1369 3249 ipse
1397 3192 1556 3249 caput
1582 3183 1652 3233 sit
1680 3184 1918 3234 omnium
1940 3223 1955 3247 ,
1984 3199 2102 3250 qum
2132 3199 2159 3235 a
2193 3185 2347 3237 nobis

770 3271 1040 3334 dicuntur,
1076 3281 1378 3339 peceatum,
1434 3272 1811 3334 maledictum,
1842 3283 1896 3323 et
1924 3272 1968 3324 si
1998 3287 2098 3339 qua
2127 3274 2344 3327 similia.

771 3362 860 3415 Ait
895 3364 1034 3415 cuitu
1067 3365 1348 3432 Apostolus
1381 3381 1395 3416 :
1432 3364 1537 3429 Qui
1570 3382 1671 3415 non
1697 3376 1903 3418 noverat
1933 3376 2222 3432 peccatum,
2252 3382 2344 3431 pro

774 3456 919 3507 nobis
944 3470 1204 3519 peccatum
1232 3456 1351 3522 fecit
1374 3464 1419 3506 ν.
1448 3455 1511 3508 Et
1534 3455 1727 3508 iterum
1759 3474 1771 3509 :
1804 3456 2047 3509 Christus
2082 3474 2173 3510 nos
2202 3460 2345 3509 rede-

774 3548 863 3598 mit
900 3563 929 3596 a
957 3548 1233 3598 maledicto
1259 3546 1406 3615 legis,
1431 3548 1601 3614 factus
1626 3565 1719 3614 pro
1742 3550 1888 3600 nobis
1928 3548 2261 3600 maledictum
2291 3557 2338 3604 '.

771 3638 865 3693 Sic
895 3650 948 3692 et
981 3640 1395 3692 iuobedientiam
1455 3650 1694 3693 nostram
1742 3648 1797 3693 et
1851 3641 2244 3708 ignorantiam
2285 3650 2340 3692 ut

770 3743 930 3797 caput
962 3733 1158 3800 integri
1209 3732 1454 3799 corporis
1504 3732 1827 3798 suscepisse.
1888 3730 1954 3782 Et
2002 3729 2152 3791 illud,
2202 3730 2339 3781 Deus

770 3841 933 3885 meus,
955 3824 1091 3876 Deus
1116 3841 1280 3887 nicas,
1339 3824 1522 3891 utquid
1562 3824 1884 3891 dercliquisti
1923 3823 2041 3876 me?
2070 3837 2164 3891 per
2197 3821 2338 3874 inef-

770 3916 984 3969 fabilem
1016 3932 1277 3977 antorem,
1304 3926 1487 3969 nostra
1518 3924 1776 3986 tauquam
1804 3929 1899 3966 sua
1933 3912 2243 3979 assumpsit.

2444 3183 2682 3253 Χριστοῦ
2732 3183 3041 3252 λεγομένων
3088 3186 3346 3247 ποιεῖται,
3378 3185 3447 3235 τὰ
3494 3183 3592 3252 μὲν
3646 3184 3869 3254 ἀληθῶς
3921 3188 4014 3237 καὶ

2442 3276 2645 3343 κυρίως
2688 3275 3076 3343 ὑποτιθέμενος
3118 3275 3396 3342 λέγεσθαι,
3439 3275 3505 3327 τὰ
3537 3274 3593 3326 δὲ
3641 3276 3779 3327 κατὰ
3814 3278 4015 3342 ἀναφο-

2445 3367 2564 3436 ράν.
2594 3366 2951 3435 Ἀναφέρεται
2978 3366 3085 3435 γὰρ
3110 3367 3201 3433 ἀφ’
3232 3367 3408 3434 ἡμῶν,
3439 3368 3512 3427 ὡς
3537 3366 3779 3434 κεφαλῆς
3804 3368 4013 3419 ἐκείνου

2442 3458 2660 3509 πάντων
2694 3457 2850 3525 ἡμῶν
2883 3455 3256 3523 ἀνασχομένου
3299 3456 3424 3527 [856
3468 3455 3558 3527 IL]
3581 3456 3861 3523 γενέσθαι,
3892 3460 3926 3528 ἦ
3959 3476 4013 3511 τε

2445 3548 2688 3616 ἁμαρτία
2726 3547 2818 3598 καὶ
2844 3548 2878 3614 ἡ
2910 3546 3120 3615 κατάρα
3170 3548 3262 3599 καὶ
3291 3548 3394 3602 ὅσα
3437 3534 3812 3617 παραπλήσια.
3847 3553 4013 3618 Λέγει

2443 3640 2552 3708 γὰρ
2576 3638 2605 3689 ὁ
2634 3637 2971 3702 Ἀπόστολος,
3004 3639 3112 3690 Τὸν
3128 3638 3211 3706 μὴ
3230 3638 3274 3668 ⁸⁸
3306 3641 3523 3706 γνόντα
3546 3642 3841 3708 ἁμαρτίαι·
3864 3644 4015 3709 ὑπὲρ

2442 3728 2611 3797 ἡμῶν
2657 3730 2951 3797 ἁμαρτίαν
2998 3730 3281 3795 ἐποίησε·
3324 3731 3419 3782 καὶ
3458 3731 3638 3794 πάλιν,
3690 3734 3949 3799 Χριστὸς
3973 3737 4012 3765 ¹¹

2442 3820 2598 3889 ἡμᾶς
2633 3821 3006 3889 ἐξηγόρασεν
3043 3822 3111 3873 ἐκ
3158 3819 3269 3888 τῆς
3328 3821 3588 3888 κατάρας
3637 3822 3744 3875 τοῦ
3799 3825 4013 3891 νόμου.

2441 3913 2759 3980 γενόμενος
2816 3910 2968 3977 ὑπὲρ
3005 3909 3173 3978 ἡμῶν
3215 3910 3461 3977 κατάρα.
3517 3911 3673 3963 Οὕτω
3712 3912 3769 3964 δὲ
3818 3914 3917 3965 καὶ
3958 3914 4017 3964 τὸ

767 4011 1138 4060 ἀνυπότακτον
1185 4008 1343 4076 ἡμῶν
1394 4009 1488 4060 καὶ
1518 4009 1617 4078 τὴν
1666 4008 1906 4075 ἄγνοιαν,
1960 4005 2035 4067 ὡς
2083 4003 2324 4072 κεφαλὴν
2348 4001 2442 4053 τοῦ
2476 4003 2598 4054 ὅλου
2630 4001 2900 4070 σώματος,
2933 4000 3308 4070 ἀναδέχεσθαι,
3330 4001 3423 4052 καὶ
3453 4002 3533 4080 τὸ,
3582 3999 3689 4052 Θεέ
3728 4018 3874 4067 μου,
3912 4003 4017 4053 Θεέ

762 4122 899 4172 μου,
925 4106 1025 4156 ἵνα
1057 4109 1113 4155 τί
1142 4121 1217 4172 με
1246 4106 1670 4169 ἐγκατέλιπεςς
1698 4103 1773 4153 Δι’
1797 4103 1999 4169 ἄφατον
2032 4099 2441 4169 φιλανθρωπίαν
2460 4097 2535 4157 ὼς
2566 4094 2760 4147 ἑαυτοῦ
2797 4095 2866 4147 τὰ
2890 4095 3141 4163 ἡμέτερα
3161 4094 3553 4161 οἰκειούμενον.

831 4195 1016 4249 Tertia
1066 4196 1243 4247 oratio
1274 4198 1530 4247 adversus
1554 4194 1947 4247 calumniantes
1976 4202 2191 4245 sanctos
2240 4190 2341 4241 Pa-

766 4296 875 4340 tres
923 4298 977 4339 et
1020 4287 1307 4338 e0ncilium
1352 4286 1792 4337 Cbaleedonense
1841 4283 2103 4336 decertat.
2159 4280 2341 4333 Primo

763 4388 891 4432 vero
926 4379 1184 4447 epistolas
1237 4380 1300 4428 ad
1344 4378 1677 4430 Succensnm
1712 4392 1740 4428 a
1772 4376 1930 4428 beato
1974 4374 2178 4443 Cyrillo
2204 4388 2337 4426 con-

759 4472 1011 4538 scriptas,
1046 4480 1098 4520 et
1145 4484 1265 4537 qua:
1310 4470 1412 4521 buc
1458 4470 1730 4536 pertinere
1759 4467 2010 4519 videntur
2052 4465 2333 4531 diiudicat.

2525 4189 2582 4239 Ὀ
2616 4188 2671 4238 δὲ
2704 4192 2752 4253 γ’
2793 4185 2950 4251 λόγος
3002 4184 3142 4237 κατὰ
3167 4182 3274 4234 τῶν
3327 4184 3857 4252 συκοφαπησάντων
3890 4187 4014 4248 τοὺς

2442 4280 2628 4341 ἁγίους
2658 4278 2907 4347 Πατέρας
2938 4277 3032 4328 καὶ
3072 4274 3169 4345 τὴν
3201 4276 3257 4326 ὲν
3286 4275 3591 4343 Καλχηδόνι
3622 4276 3843 4328 σύνοδον
3872 4280 4015 4345 ἀγω-

2437 4371 2664 4432 νίζεται.
2693 4370 2803 4419 Καὶ
2848 4368 3065 4436 πρῶτον
3112 4366 3209 4436 μὲν
3244 4366 3341 4427 τὰς
3384 4365 3520 4435 πρὸς
3561 4364 3861 4417 Σούκενσον
3897 4370 4015 4417 ἐπι-

2437 4464 2649 4524 στολὰς,
2672 4462 2728 4514 αἳ
2766 4460 2843 4530 τῷ
2867 4461 3120 4530 μακαρίῳ
3143 4459 3396 4529 Κυρίλλῳ
3424 4460 3764 4529 ἐγράφησαν,
3792 4463 3889 4513 xa‘t
3915 4462 4015 4515 ὅσα

758 4560 969 4614 Etenim
1007 4560 1305 4611 adversarii
1341 4557 1408 4609 ab
1438 4558 1740 4623 bujusmodi
1802 4558 2025 4609 vocibus
2070 4566 2325 4622 tanquam
2360 4596 2405 4651 υ

2360 4596 2405 4651 D
2433 4554 2568 4606 ἀλλα
2595 4551 2815 4612 ταύταις
2847 4551 3159 4619 συντρέχειν
3189 4548 3427 4611 δοκοῦσι,
3448 4548 3741 4617 διευκρινεῖ
3766 4549 3886 4620 (καὶ
3907 4552 4013 4617 γάρ

756 4667 785 4703 a
831 4663 974 4703 turre
1017 4652 1247 4718 quadam
1290 4650 1551 4703 adversus
1594 4650 1839 4714 dogmata
1878 4649 2094 4715 pietatis
2143 4650 2325 4700 incur—

757 4754 901 4797 runt.
938 4743 1071 4796 Ilinc
1100 4752 1151 4795 et
1184 4742 1321 4799 alias
1355 4741 1655 4795 calumnias
1694 4740 1909 4794 refellit.
1955 4741 2327 4794 Nambzereti-

752 4849 939 4888 eorum
967 4834 1272 4899 opinionem
1304 4834 1536 4900 primum
1561 4833 1782 4901 quidem
1812 4834 2063 4902 proponit
2085 4839 2321 4889 secunda

752 4922 974 4988 epiStola
1025 4924 1090 4976 ad
1126 4922 1480 4987 Suecensum,
1537 4938 1659 4990 quze
1699 4925 1799 4986 ait,
1831 4924 2013 4977 dicere
2043 4926 2325 4978 duasesse

751 5021 974 5064 naturas
1019 5011 1274 5065 indivisas
1324 5020 1445 5078 post
1493 5013 1775 5073 miionem,
1821 5012 2158 5065 Contrarium
2208 5027 2328 5065 esse

748 5106 814 5156 iis
854 5104 945 5171 qui
988 5117 1149 5154 uuam
1204 5103 1366 5155 Verbi
1420 5111 1670 5155 naturam
1728 5104 2062 5157 incantatam
2119 5103 2321 5156 colunt.

744 5195 944 5246 Contra
1000 5207 1139 5259 quos
1189 5194 1438 5246 veritatis
1494 5203 1756 5251 patronus
1825 5194 2063 5256 disserit,
2120 5205 2177 5245 ut
2230 5194 2319 5262 qui

818 5333 841 5363 ι
878 5324 917 5377 Il
950 5324 1075 5378 Cor.
1110 5340 1162 5389 ν,
1194 5324 1283 5377 21.
1367 5335 1387 5362 τ
1415 5326 1590 5379 Galat.
1627 5340 1712 5386 ut,
1750 5324 1836 5379 l3.
1878 5327 1893 5359 ι
1932 5324 2073 5378 Psal.
2104 5341 2214 5391 ut,
2250 5326 2319 5389 ‘l;

2433 4646 2483 4696 οί
2514 4645 2580 4696 δι’
2611 4643 2862 4705 ὲναντίας
2894 4644 3002 4695 ἀπὸ
3024 4641 3131 4694 τῶν
3159 4640 3415 4693 τοιούτων
3439 4641 3651 4708 φωνῶν,
3680 4640 3876 4712 ὥσπερ
3907 4644 4014 4694 ἀπό

2434 4753 2579 4797 τινος
2633 4734 3005 4803 ἀκροπόλεως,
3057 4733 3412 4802 κατατρέχειν
3444 4732 3551 4783 τῶν
3589 4732 3690 4801 τῆς
3729 4735 4014 4794 εὐσεϐείας

2437 4826 2722 4895 δογμάτων
2752 4825 3170 4894 φρυάττονται),
3226 4825 3419 4877 ἔπειτα
3467 4824 3523 4875 δὲ
3573 4825 3798 4885 καὶτὰς
3844 4824 4014 4886 ἄλλας

2436 4918 2806 4986 συκοφαντίας
2834 4917 3295 4980 ἀποσκευάζεται.
3332 4917 3405 4969 Τὸ
3441 4917 3539 4985 μὲν
3587 4911 3680 4967 οὖν
3734 4918 4015 4986 αίρετικόν

2433 5010 2687 5079 φρόνημα
2730 5010 2946 5078 πρῶτον
2990 5008 3088 5077 μὲν
3124 5008 3389 5077 προτείνει
3444 5006 3544 5074 τῆς
3582 5006 3846 5076 δευτέρας
3878 5009 4011 5076 πρὸς

2435 5102 2733 5153 Σούκενσον
2772 5101 3062 5167 ἐπιπολῆς
3108 5102 3303 5170 χρῆσιν
3334 5102 3401 5162 ⁵⁸,
3436 5100 3555 5169 ἥτις
3591 5100 3651 5151 το
3699 5100 3795 5152 δύο
3833 5101 4012 5167 λέγειν

2433 5191 2623 5258 φύσεις
2654 5192 2995 5260 ἀδιαιρέτους
3031 5192 3168 5259 μετὰ
3221 5190 3320 5260 τὴν
3351 5191 3544 5244 ἕνωσιν
3594 5190 3841 5243 ἐναντίον
3874 5187 4011 5243 εἷναί

2411 5326 2588 5379 dattli.
2611 5342 2759 5390 χιιι,
2793 5326 2879 5380 46.

2026 5480 2259 5535 VARUS
2290 5481 2688 5539 LECTIONES.

809 5595 853 5625 "
888 5595 943 5646 δὲ
978 5597 1101 5650 add.
1124 5597 1189 5651 Α.
1266 5598 1310 5627 ⁵⁸
1344 5596 1791 5666 παραδεδομένων
1818 5598 1883 5651 Λ.

740 5666 1015 5724 priuata:
1049 5668 1111 5718 Α.
1187 5668 1231 5697 ⁸⁸
1266 5668 1357 5718 τὸν
1416 5668 1510 5736 μὴ]
1548 5668 1589 5719 ΙΙ
1636 5670 1765 5721 Cor.
1817 5686 1866 5732 ι’,
1920 5669 2010 5720 ει.

1967 5598 2011 5629 ⁸⁷
2034 5596 2108 5667 οἳ]
2141 5594 2221 5660 οἷς
2248 5615 2393 5654 corr.
2419 5601 2481 5652 A.
2558 5598 2603 5630 ⁸⁸
2625 5600 2805 5653 πιστοὶ
2835 5600 2876 5655 C
2909 5617 2921 5652 :
2960 5600 3188 5654 fortasse
3220 5600 3496 5667 legendum
3520 5599 3750 5661 πιστῶς.

2088 5673 2129 5697 ⁸·
2166 5671 2421 5739 Χριστὸς]
2445 5668 2563 5721 Gal.
2596 5686 2678 5732 ιιι,
2711 5671 2792 5723 13.
2870 5670 2914 5700 ⁶²
2948 5671 3142 5737 χρῆσιν
3171 5669 3257 5722 AC
3288 5686 3299 5721 :
3332 5669 3522 5737 χρῆσις
3555 5687 3611 5732 ς.

3829 5604 3877 5633 ιο
3905 5620 4005 5655 πα,
