4208 6442
174 347 313 414 1029

1218 354 1746 421 BIBLIOTIIECA.
1788 383 1854 393 —-
1895 355 2055 419 COD.
2089 358 2359 423 CCXXX.

3316 368 3451 433 1030

170 474 309 525 φησι
342 459 455 520 τοῖς
488 458 615 527 μίαν
649 461 1011 530 πρεσϐεύουσι
1036 464 1130 516 τοῦ
1165 465 1340 533 Λόγου
1370 466 1530 535 φύσιν
1566 484 1734 536 σεσαρ

1870 482 2033 521 unam
2088 468 2254 523 Verbi
2316 478 2568 526 naturam
2624 469 2963 527 incarnatam
3020 472 3242 540 docent,
3303 476 3448 532 clara

172 548 451 618 κωμένην.
482 547 576 613 Οἷς
622 552 1018 624 ἁνθυποφέρων
1063 558 1091 608 6
1126 560 1429 629 συνήγορος
1474 560 1621 626 λέγει
1667 560 1765 630 τῆς

168 639 456 707 ἀληθείας,
478 640 552 703 ὡς
584 644 633 693 οἱ
667 644 795 711 μίαν
823 645 917 697 τοῦ
950 647 1121 715 Λόγου
1146 649 1311 716 φύσιν
1336 654 1765 723 σεσαρκωμένην

166 730 493 795 sagacem;
519 738 663 803 σαφῆ
690 736 789 804 μὲν
818 737 1097 805 βούλονται
1122 741 1210 793 διὰ
1243 743 1343 811 τῆς
1374 744 1559 813 φωνῆς
1591 749 1765 799 ποιεῖν

168 820 272 889 τὴν
313 822 435 873 καθ’
474 824 773 876 ὑπόστασιν
823 826 1019 880 ἕνωσιν
1048 830 1116 895 ⁸³,
1152 832 1247 883 καὶ
1295 833 1370 896 ὡς
1405 835 1433 885 6
1463 836 1633 902 Λόγος
1665 838 1765 888 οὐκ

168 909 463 978 ἄνθρωπον
498 915 919 982 προῦποστάντα
964 920 1302 986 προσέλαϐεν
1350 923 1486 976 ἀλλὰ
1520 926 1657 995 σὰρξ
1686 926 1764 988 ὡς

168 1000 393 1069 ἀληθῶς
444 1003 703 1069 γέγονεν’
743 1007 774 1073 ἡ
816 1006 871 1057 δὲ
922 1010 1022 1059 οὐκ
1054 1010 1277 1079 ἐξαρκεῖ
1313 1014 1407 1065 τοῦ
1461 1016 1761 1085 μυστηρίου

167 1089 345 1154 δεῖξαι
380 1092 442 1142 τὸ
482 1094 706 1145 τέλειον.
738 1096 848 1165 Ποῦ
899 1100 1009 1167 γὰρ
1038 1094 1152 1151 ἐστι
1186 1102 1274 1153 διὰ
1322 1104 1421 1170 τῆς
1452 1106 1631 1173 φωνῆς
1662 1107 1759 1157 λα-

169 1176 291 1231 ϐεῖν
317 1180 427 1231 εἴτε
465 1181 707 1250 ἔμψυχος
738 1180 803 1253 ἦν
829 1187 860 1254 ἡ
901 1187 1276 1256 ἀναληφθεῖσα
1317 1191 1506 1260 σὰρξῆ
1544 1195 1637 1262 μὴ.
1669 1198 1760 1248 καὶ

164 1272 217 1320 εἰ
246 1272 621 1339 ὲσχημὰτιστο
659 1275 819 1341 μόνον
863 1281 927 1346 τῇ
975 1282 1138 1349 σαρκὶ
1174 1283 1205 1351 ῆ
1252 1284 1467 1352 ἀληθῶς
1497 1288 1759 1353 ἐπεφύκει

166 1360 347 1428 σάρξς
383 1364 546 1414 πόθεν
576 1363 619 1414 δ’
670 1366 750 1417 ὅτι
800 1369 981 1421 τέλεια
1012 1372 1044 1439 ἢ
1078 1373 1159 1424 ὅτι
1198 1374 1480 1442 ἀσύγχυτα
1514 1377 1579 1429 τὰ
1630 1396 1757 1432 συν-

164 1451 397 1504 ελθόντα
440 1456 857 1523 μεμενήκασιν;
908 1460 1061 1512 οὐδὲν
1105 1464 1212 1532 γὰρ
1263 1465 1467 1519 τούτων
1513 1469 1757 1539 διευκρι-

164 1543 403 1610 νημένον
436 1544 583 1596 ἐστιν
629 1546 684 1608 ἐξ
720 1549 887 1617 αὐτῆς
921 1552 1121 1620 εὑρεῖν.
1169 1556 1267 1607 Διὰ
1309 1558 1464 1609 τοῦτο
1509 1561 1616 1629 γὰρ
1663 1563 1755 1613 καὶ

182 1634 552 1705 Ἀπολιναρίιε)
582 1640 675 1689 καὶ
714 1640 946 1709 Εὐτυχεῖ
961 1644 1021 1694 τὸ
1043 1646 1411 1715 προκείμενον
1436 1654 1633 1719 χωρίον
1660 1672 1755 1705 πε-

166 1723 555 1790 ριπτύσσεται,
579 1726 655 1795 τῷ
690 1730 786 1797 μὲν
816 1733 1095 1799 συγχέοντι
1123 1734 1193 1786 τὰ
1223 1738 1563 1806 συνελθόντα,
1597 1743 1754 1796 Ἀπο-

1871 575 2003 615 voce
2058 562 2249 617 volunt
2276 562 2657 618 demonstrare
2702 577 2821 618 eam
2863 579 2984 633 qua:
3022 576 3108 621 cst
3146 582 3245 635 per
3280 569 3451 637 hypo-

1869 655 2058 707 stasim
2093 664 2189 709 :et
2221 655 2361 724 quod
2406 653 2641 709 Verbum
2674 656 2946 710 hominem
2981 660 3446 726 praeminentem

1868 760 1973 800 non
2011 748 2393 816 assumpserit,
2434 750 2528 802 sed
2577 762 2766 802 revera
2801 763 2931 803 caro
2958 748 3158 804 factum
3196 753 3287 806 sit.
3323 752 3449 807 llrec

1863 847 2039 890 autem
2082 854 2181 891 vox
2216 854 2321 892 non
2356 840 2488 892 satis
2528 838 2865 892 demonstrat
2898 840 3135 909 mysterii
3166 842 3449 907 perfectio-

1871 944 2014 983 nem.
2048 929 2150 983 Ubi
2200 931 2343 983 enim
2374 931 2499 984 licet
2536 931 2781 999 accipere
2808 946 2901 997 per
2951 947 3161 995 vocem,
3215 932 3447 988 fueritne

1864 1020 2099 1071 animata
2132 1031 2409 1089 assumpta
2445 1036 2593 1084 caro,
2658 1020 2871 1074 necne?
2929 1021 3125 1090 268i)
3167 1031 3219 1075 et
3264 1038 3329 1075 an
3360 1039 3447 1077 so»

1865 1108 1970 1160 lum
2010 1125 2174 1163 carne
2219 1111 2491 1174 indutum,
2542 1111 2623 1164 vel
2671 1126 2859 1164 revera
2917 1123 3100 1165 natum
3154 1116 3226 1167 sit
3279 1117 3446 1168 caro?

1864 1201 2018 1255 L'ude
2046 1216 2207 1267 porro
2244 1204 2384 1270 quod
2418 1201 2655 1271 perfecta
2683 1212 2739 1256 et
2768 1203 3075 1266 inconfusa,
3111 1220 3443 1260 concurren-

1864 1293 1934 1343 tia
1992 1293 2426 1359 permanserint?
2459 1294 2591 1346 nihil
2625 1294 2768 1347 enim
2810 1294 2999 1346 horum
3050 1295 3254 1349 clarum
3287 1313 3351 1351 ex
3378 1313 3439 1353 ea

1867 1382 2124 1446 reperies.
2178 1381 2468 1449 Propterea
2522 1384 2666 1433 enim
2724 1392 2776 1434 et
2824 1381 3157 1447 Apollinario
3195 1395 3249 1438 et
3277 1384 3441 1455 Euty-

1859 1474 1944 1524 chi
1976 1474 2282 1541 propositus
2316 1474 2466 1527 locns
2506 1474 2781 1538 convenit,
2812 1474 2937 1527 huic
2969 1475 3184 1543 quidem
3212 1477 3437 1546 conjun-

1858 1575 1943 1617 cta
1998 1566 2367 1628 eoufundeuti,
2416 1566 2752 1632 Apollinario
2807 1579 2935 1619 vero
2989 1567 3277 1620 animatam
3312 1585 3435 1624 car-

1861 1671 1979 1705 nem
2036 1655 2373 1723 imaginanti.
2427 1653 2563 1720 Quin
2601 1667 2648 1708 et
2686 1656 2799 1709 hare
2850 1669 2947 1707 vox
2992 1659 3167 1724 placet
3214 1658 3436 1727 Mancti,

1862 1744 2233 1813 imaginariam
2284 1755 2336 1799 et
2392 1745 2767 1799 adumbratam
2822 1745 3041 1813 [ingenti
3099 1748 3431 1804 incarnatio-

162 1811 393 1883 λιναρίῳ
438 1815 494 1866 δὲ
541 1817 746 1886 ἄψυχον
779 1822 876 1889 τὴν
930 1824 1109 1892 σάρκα
1166 1825 1292 1896 [ΗΟ
1337 1829 1429 1900 Η.]
1482 1834 1734 1899 φανταζο-

1862 1811 1997 1885 nem.
2042 1834 2143 1895 Qui
2191 1848 2320 1887 vero
2372 1835 2504 1886 duas
2556 1832 2865 1888 iuconl‘usas
2905 1846 3155 1889 asserunt
3189 1848 3430 1905 naturas,

164 1904 336 1971 μένῳ.
388 1906 547 1957 Ἀλλὰ
600 1908 694 1959 καὶ
746 1911 983 1963 Μάνεντι
1021 1914 1174 1981 φίλον
1221 1918 1253 1984 ἡ
1286 1921 1458 1987 φωνὴ,
1506 1924 1745 1991 σχήματι

161 1995 256 2043 καὶ
291 1997 563 2066 φαντασίᾳ
589 1998 688 2066 τὴν
724 2001 1147 2072 ἐνανθρὼπησιν
1178 2008 1488 2065 πλάττοντι.
1523 2016 1584 2065 Οἱ
1621 2016 1745 2083 μέν-

158 2101 244 2137 τοι
271 2104 332 2153 γε
366 2088 412 2118 ⁵⁵
449 2088 696 2155 λέγοντες
734 2092 825 2145 δύο
856 2095 1046 2162 φύσεις
1094 2099 1430 2169 ἀδιαιρέτους
1461 2104 1744 2174 ἀσύγχυτα

162 2178 264 2244 μὲν
312 2181 377 2230 τὰ
412 2181 737 2236 συνελθόντα
790 2186 1171 2254 φυλάττουσιν,
1222 2192 1330 2244 οὐδ’
1369 2188 1513 2246 οὗτοι
1560 2199 1743 2264 μέντοι

155 2270 247 2320 διὰ
278 2271 385 2320 τῶν
420 2272 599 2323 αὐτῶν
643 2277 836 2339 φωνῶν
878 2280 973 2347 τὴν
1020 2281 1141 2332 καθ’
1196 2284 1492 2337 ὑπόστασιν
1540 2289 1743 2357 κηρύτ-

153 2376 343 2412 τουσιν
383 2362 599 2416 ἕνωσιν.
622 2366 857 2419 Δυνατὸν
893 2370 1001 2440 γὰρ
1040 2374 1197 2424 πάλιν
1230 2376 1550 2445 κακούργως
1575 2382 1620 2411 ⁵⁵
1652 2382 1743 2434 λα-

155 2451 275 2502 ϐεῖν
310 2453 369 2503 τὸ
414 2455 715 2523 ἡνωμένον,
750 2458 824 2521 ὡς
856 2461 1170 2530 Νεστόριος,
1204 2470 1336 2536 τιμῇ
1368 2471 1459 2521 καὶ
1493 2471 1616 2542 δόξῃ
1647 2474 1741 2524 καὶ

150 2546 266 2603 τοῖς
286 2541 468 2604 ἄλλοις
504 2546 804 2612 αἱρετικοῖς
828 2549 1310 2620 ὲπιτεχνάσμασιν.
1337 2556 1434 2608 Διὰ
1465 2558 1619 2610 τοῦτο
1646 2560 1739 2612 καὶ

151 2636 182 2685 6
223 2634 367 2697 θεῖος
397 2635 658 2705 Κύριλλος
686 2641 824 2693 κατὰ
853 2644 914 2694 τὸ
940 2645 1113 2713 πέρας
1156 2648 1252 2716 τῆς
1298 2650 1591 2719 εἰρημένης
1625 2655 1738 2703 ἐπε-

152 2727 375 2795 στολῆς,
425 2729 492 2780 Τὸ
522 2728 589 2780 δὲ
613 2730 979 2799 ἀδιαίρετον,
1004 2737 1049 2766 ⁸⁸
1074 2737 1199 2805 ἔφη,
1226 2746 1554 2806 προστεθὲν
1578 2744 1747 2798 δοκεῖ

144 2816 266 2883 μέν
305 2831 431 2879 πως
464 2822 595 2885 παρ’
630 2820 775 2887 ἡμῖν
819 2823 1001 2891 ὀρθῆς
1037 2825 1225 2893 δόξης
1264 2826 1414 2882 εἶναι
1452 2848 1740 2899 σημαντι-

149 2907 285 2965 κὸν,
317 2906 487 2960 αὐτοὶ
514 2908 580 2960 δὲ
609 2913 723 2977 οὐχ
747 2912 902 2965 οὕτω
938 2918 1171 2971 νοοῦσι.
1210 2919 1280 2972 T6
1302 2921 1405 2991 γὰρ
1433 2912 1737 2995 ἀδιαίρετον

147 2999 287 3065 παρ’
339 3000 524 3061 αὐτοῖς
564 3002 707 3052 κατὰ
738 3004 836 3066 τὰς
889 3006 1185 3077 Nan-opimi
1231 3015 1565 3080 κενοφωνίας
1613 3017 1736 3069 καθ’

1856 1919 2142 1976 inconfusa
2195 1926 2411 1993 quidem
2459 1925 2841 1978 concurrentia
2876 1937 3225 1993 conservant,
3258 1944 3432 1999 neque

1855 2013 1904 2063 hi
1941 2028 2036 2079 per
2063 2013 2279 2066 easdem
2312 2026 2470 2067 voces
2504 2013 2757 2067 unionem
2808 2015 3205 2083 hypostaticam
3238 2023 3429 2085 praedi-

1851 2113 1996 2157 cant.
2032 2103 2169 2156 Fieri
2214 2105 2356 2157 enim
2394 2114 2594 2172 potest,
2629 2113 2689 2156 ut
2718 2115 2905 2158 contra
2938 2107 3181 2175 improbe
3214 2113 3427 2177 capiant

1848 2196 1989 2262 quod
2022 2197 2226 2247 unitum
2257 2206 2338 2248 est
2365 2195 2446 2264 (ut
2477 2195 2777 2265 Nestorius)
2809 2196 3012 2251 honore
3047 2208 3101 2251 et
3129 2200 3295 2267 gloria
3327 2220 3340 2267 ;
3379 2214 3429 2255 et

1848 2285 1968 2337 aliis
2011 2285 2390 2339 ha‘reticornm
2427 2286 2684 2339 inventis.
2736 2284 2859 2338 ldeo
2891 2296 2944 2340 et
2976 2286 3165 2343 beatus
3193 2288 3425 2359 Cyrillns

1848 2378 1898 2429 in
1942 2377 2045 2430 [ine
2111 2377 2268 2443 hujus
2323 2378 2584 2447 epistolae,
2651 2379 2947 2443 indicium,
2995 2381 3108 2446 ait,
3160 2386 3421 2446 additum,

1845 2471 2047 2521 videtur
2076 2480 2266 2522 nostra
2302 2479 2454 2522 recta:
2480 2469 2603 2535 ﬁdei
2628 2486 2737 2523 esse
2779 2474 2979 2539 signum
3003 2487 3022 2525 :
3060 2473 3138 2525 illi
3174 2491 3289 2528 vero
3321 2494 3420 2529 non

1846 2562 1919 2613 ita
1950 2561 2201 2613 sentiunt.
2244 2560 2540 2615 Indivisum
2571 2561 2715 2614 enim
2748 2566 2888 2631 apud
2933 2564 3072 2629 illos,
3125 2570 3418 2620 secundum

1845 2661 2012 2699 novas
2079 2647 2312 2702 Ncstorii
2345 2663 2528 2711 voces,
2590 2649 2695 2704 alio
2763 2653 2922 2705 modo
2967 2654 3221 2709 sumitur.
3284 2656 3421 2710 Dicit

1843 2739 1985 2790 cnim
2019 2738 2243 2792 honoris
2290 2740 2543 2809 paritate,
2592 2752 2646 2794 et
2678 2742 2971 2797 voluntatis
3000 2753 3053 2797 et
3082 2749 3418 2801 auctoritatis

1845 2830 2136 2884 indivisum
2185 2831 2459 2885 hominem
2494 2847 2636 2895 esse,
2669 2832 2720 2885 in
2763 2849 2868 2902 quo
2901 2834 2989 2887 Dei
3019 2837 3239 2891 verhmn
3270 2840 3418 2891 hahi-

1842 2926 1994 2977 tavit.
2054 2924 2232 2989 Quare
2286 2924 2572 2993 dupliciter
2614 2942 2840 2995 magnus
2881 2928 2968 2982 ille
3014 2928 3247 3001 Cyrillus
3279 2933 3416 2984 indi-

1842 3017 2013 3067 visnm
2050 3018 2302 3086 intelligit
2340 3039 2349 3072 :
2386 3017 2527 3070 aliud
2558 3018 2774 3082 quidem
2808 3023 3075 3085 haeretice,
3114 3024 3255 3076 aliud
3288 3038 3414 3077 vero

144 3088 340 3155 ἕτερον
366 3088 699 3157 λαμϐάνεται
745 3095 979 3162 τρόπον·
1010 3100 1143 3165 φασὶ
1178 3088 1286 3171 γᾶρ
1331 3104 1412 3156 ὅτι
1455 3108 1521 3174 τῇ
1574 3107 1734 3159 lactt-

198 3178 211 3196 .
334 3182 359 3196 η
559 3181 585 3196 η
656 3182 705 3196 ς.
830 3188 857 3196 ..
927 3187 977 3196 .-
1087 3188 1098 3196 .
1172 3192 1217 3196 __
1297 3194 1306 3196 _

1862 3106 2057 3173 iroprie
2102 3120 2155 3164 et
2186 3107 2507 3161 orthodoxe.
2546 3107 2761 3161 Duobus
2801 3122 2978 3163 autem
3012 3113 3182 3166 modis
3220 3110 3411 3169 indivi-

147 3178 272 3246 μιᾳ,
296 3182 363 3247 τῇ
388 3181 762 3253 ταυτοϐουλίᾳ,
796 3188 859 3255 τῇ
882 3187 1137 3258 αὐθεντίᾳ,
1161 3192 1465 3263 ἀδιαίρετός
1498 3200 1611 3249 ἐστι
1637 3200 1730 3252 τοῦ

143 3266 286 3318 Θεοῦ
331 3268 506 3334 Λόγου
561 3273 589 3322 6
639 3274 697 3323 ἐν
744 3266 789 3340 ᾧ
843 3277 1163 3347 κατῴκησεν
1211 3280 1514 3351 ἄνθρωπος.
1570 3288 1731 3341 Ὥστε

140 3355 328 3407 διττὸν
362 3359 457 3410 καὶ
502 3361 530 3410 6
570 3360 741 3428 μέγας
773 3364 1037 3435 Κόριλλος
1086 3364 1193 3421 οἶδε
1227 3372 1285 3422 τὸ
1319 3375 1643 3445 ἀδιαίρετον,
1673 3380 1733 3432 τὸ

144 3448 248 3516 μέν
274 3448 561 3518 αἱρετικῆς
587 3452 767 3521 δόξης.
799 3456 858 3507 τὸ
900 3457 955 3508 δὲ
990 3461 1190 3513 οἰκεῖόν
1220 3480 1277 3514 τε
1318 3467 1409 3518 καὶ
1448 3468 1728 3536 όρθοδόξου

140 3538 517 3605 φρονήματος.
553 3543 683 3610 Διχῆ
727 3544 783 3595 δὲ
816 3545 909 3597 τοῦ
945 3549 1255 3621 ἀδιαιρέτου
1284 3556 1601 3626 λεγομένου,
1638 3563 1730 3613 εὑ-

136 3629 319 3695 λόγως
348 3628 517 3698 ἔφησε
543 3631 811 3701 μάχεσθαι
837 3637 898 3688 τὸ
923 3639 1103 3707 λέγειν
1137 3644 1266 3710 μέαν
1292 3646 1385 3698 τοῦ
1417 3649 1591 3717 Λόγου
1624 3654 1727 3721 φύ-

137 3737 229 3771 σιν
268 3724 701 3793 σεσαρκωμένην
762 3730 873 3791 τοῖς
922 3733 1064 3783 κατὰ
1114 3736 1405 3807 Νεστόριον
1457 3744 1727 3809 φάσκουσι

133 3808 235 3862 (τύο
272 3808 467 3874 φύσεις
513 3810 871 3881 ἀδιαιρέτους.
909 3816 1034 3888 [857
1077 3821 1163 3893 3.]
1203 3825 1341 3879 Αὐτὸ
1373 3829 1428 3881 δὲ
1468 3808 1626 3885 τοῦτο
1664 3834 1728 3887 τὸ

138 3900 313 3967 ῥητὸν
346 3899 515 3969 ὀρθῆς
552 3902 764 3967 γίνεται
806 3906 985 3975 δόξης,
1032 3913 1404 3984 ἀπομερισθὲν
1446 3924 1542 3991 τῆς
1577 3926 1726 3993 ὀμω-

135 3989 366 4056 νυμίας.
410 3990 831 4061 Ἀπομερξζεται
861 3996 917 4051 δὲ
948 4002 1065 4053 κατ’
1101 4004 1292 4067 ἄλλους
1324 3989 1578 4078 τρόπους,
1612 3989 1723 4083 μά-

132 4080 302 4131 λιστα
338 4080 393 4131 δὲ
424 4083 481 4133 ὲν
529 4083 606 4151 τῷ
663 4085 760 4152 τὴν
803 4088 847 4118 ⁸⁷
892 4090 1013 4142 καθ⁹
1045 4094 1344 4149 ὑπόστασιν
1392 4104 1721 4169 προσλαϐεῖν

131 4173 336 4223 ’ἐνωσιν
357 4188 368 4199 ·
400 4172 537 4263 αθτη
562 4176 671 4243 γὰρ
708 4178 739 4245 ἡ
771 4181 1056 4251 προσθήκη
1094 4186 1151 4236 τὸ
1190 4188 1414 4257 ἀκριϐὲς
1440 4192 1720 4263 πληροῦσα

130 4261 234 4312 καὶ
262 4262 356 4311 τὸν
390 4261 541 4313 δόλον
587 4264 804 4345 ἐλαύνει
837 4268 1136 4339 Νεστορίου
1168 4276 1260 4326 καὶ
1292 4279 1417 4341 τοὺς
1449 4261 1719 4351 συκοφάν-

127 4366 233 4409 τας
291 4350 393 4416 τῆς
444 4352 725 4414 εὐσεϐείας
767 4361 1138 4428 καταισχύνει.
1187 4366 1403 4439 Ἀτελὴς
1453 4368 1544 4424 οὖν
1586 4377 1717 4427 ἐκα-

1839 3213 1957 3249 snm
2020 3201 2351 3265 usurpando,
2390 3212 2512 3252 vere
2563 3200 2698 3252 dixit
2746 3216 2759 3251 :
2817 3201 2999 3255 dicere
3053 3218 3214 3256 uuam
3252 3204 3407 3259 Verbi

1836 3298 2081 3339 naturam
2128 3288 2462 3341 incantatam
2515 3304 2756 3358 pugnare
2811 3301 2996 3343 contra
3060 3293 3410 3351 Nestorianos

1836 3384 2149 3429 asserentes
2176 3377 2307 3429 duas
2342 3387 2560 3429 naturas
2586 3378 2863 3431 indivisas.
2895 3380 3034 3432 Idem
3062 3392 3238 3436 autem
3268 3392 3407 3452 quod

1834 3466 2033 3519 dictum
2076 3476 2181 3528 est,
2222 3466 2475 3520 Ecclesia:
2510 3478 2591 3520 est
2622 3470 2954 3533 orthodoxae,
2983 3475 3023 3525 si
3057 3476 3408 3541 aequivocatio

1834 3556 2075 3609 tollatur.
2127 3554 2357 3611 Tollitur
2412 3569 2591 3611 autem
2649 3569 2705 3613 et
2760 3562 2881 3613 aliis
2934 3564 3128 3629 modis,
3173 3570 3405 3621 maxime

1832 3660 1984 3709 vero,
2026 3650 2077 3702 in
2104 3650 2430 3701 assumenda
2463 3650 2714 3703 unionem
2750 3654 3166 3722 hypostaticam.
3208 3658 3401 3711 Eadem

1829 3745 1971 3788 enim
2018 3737 2128 3793 hait
2171 3738 2371 3793 additio
2418 3751 2672 3795 accurate
2710 3744 3009 3810 adimplens
3051 3756 3105 3799 et
3160 3748 3400 3801 frattdem

1830 3823 2063 3880 Nestorii
2107 3828 2349 3890 discutit,
2390 3839 2443 3881 et
2474 3829 2768 3884 haereticos
2812 3831 3112 3888 confundit.
3148 3834 3398 3903 Imperfe-

1828 3921 1911 3966 cta
1951 3929 2079 3983 ergo
2136 3926 2217 3969 est
2266 3927 2492 3986 utraque
2535 3934 2659 3981 vox,
2710 3929 2764 3972 ut
2807 3936 2870 3974 ex
2935 3924 3201 3991 prioribus
3256 3938 3398 3995 patet

1827 4018 1932 4057 non
1975 4006 2198 4059 alterum
2242 4007 2573 4075 arripienda.
2629 4009 2810 4078 Itaque
2862 4014 3099 4083 intelligo
3144 4032 3263 4070 eam
3306 4036 3395 4070 vo-

1825 4111 1944 4149 cem
1990 4112 2109 4164 qua:
2148 4097 2279 4150 dicit
2332 4114 2492 4151 unam
2537 4099 2694 4155 Verbi
2751 4113 2992 4157 naturam
3032 4106 3389 4174 incarnatam,

1824 4198 1877 4240 et
1908 4188 2051 4240 illam
2089 4204 2209 4255 qua:
2238 4191 2365 4243 dicit
2407 4192 2539 4245 duas
2576 4202 2799 4246 naturas
2831 4194 3160 4260 incoufusas,
3196 4209 3393 4252 utraut-

1822 4294 1927 4347 que
1978 4284 2236 4348 perlicere
2288 4282 2428 4336 inter
2476 4298 2533 4336 se
2565 4284 2891 4351 copulatam.
2931 4287 3085 4341 Verbi
3130 4292 3272 4342 enim
3304 4308 3389 4344 ua-

1825 4380 1943 4423 tura
1999 4372 2281 4425 incantata
2336 4375 2590 4428 unionem
2648 4376 3035 4445 hypostaticam
3070 4381 3389 4448 simpliciter

126 4439 269 4506 τέρα
307 4440 482 4508 φωνὴ,
537 4441 611 4503 ὡς
645 4444 709 4495 ἐκ
756 4447 863 4498 τῶν
898 4453 1202 4519 εἰρημένων
1256 4457 1411 4527 δῆλον
1458 4465 1715 4535 κατέστη,

1865 4463 2052 4527 refert,
2106 4466 2194 4531 qui
2239 4481 2364 4520 vero
2407 4468 2538 4521 duas
2587 4471 2782 4523 asserit
2834 4472 3088 4527 indivisas
3143 4488 3383 4542 naturas,

128 4529 213 4622 pi,
240 4530 626 4622 προσλαϐοῦσα
658 4537 757 4606 τὴν
790 4539 1005 4609 ἑτέραν,
1034 4544 1176 4611 λέγω
1207 4548 1270 4618 δὴ
1305 4553 1398 4602 καὶ
1426 4554 1457 4621 ἡ
1482 4529 1715 4622 λέγουσα

126 4618 269 4685 μίαν
298 4618 462 4683 φύσιν
495 4621 590 4672 τοῦ
625 4624 801 4691 Λόγου
835 4634 1259 4706 σεσαρκωμένην
1288 4640 1379 4691 καὶ
1410 4618 1456 4711 ἡ-
1482 4618 1574 4696 δύδ
1611 4648 1714 4715 φύ-

124 4725 247 4768 ast;
282 4708 655 4777 ἁδιαιρέτους·
700 4715 997 4773 τελειοῦται
1038 4723 1094 4774 δὲ
1139 4726 1374 4797 ἑκατέρα
1406 4736 1717 4801 συμπλεκο-

122 4800 354 4898 μένητῇ
381 4800 542 4898 ἑτέρᾳ.
676 4805 708 4873 ή
737 4808 835 4874 μὲν
860 4811 969 4881 γὰρ
991 4814 1085 4865 τοῦ
1120 4816 1293 4883 Λόγου
1330 4800 1489 4889 φύσις
1518 4842 1715 4898 σεσαρ-

119 4891 355 4959 κωμένη
386 4891 483 4960 τὴν
518 4894 639 4946 καθ’
680 4898 977 4954 ὑπόστασιν
1019 4905 1206 4970 ἁπλῶς
1247 4910 1440 4965 ἕνωσιν
1471 4891 1705 4985 εἰσάγει,

117 4986 145 5034 ὁ
175 4984 239 5035 δὲ
270 4983 371 5083 τὰς
398 4985 490 5083 δόο
532 4989 725 5055 φύσεις
767 4993 942 5061 λέγων
985 5000 1323 5072 ἀδιαιρέτους
1360 5009 1421 5060 τὸ
1463 4983 1706 5083 ἄφυρ-τόν

115 5089 177 5124 τε
223 5074 319 5123 καὶ
353 5074 661 5143 ἀσύγχυτον
694 5080 804 5133 τῶν
836 5084 1199 5141 συνελθόντων
1246 5094 1459 5163 μηνύει.
1494 5074 1703 5151 Οὐκοῦν

112 5164 563 5257 ἀπομερισθετσα
605 5170 758 5242 φωνὴ
793 5171 1029 5245 θατέρας
1060 5181 1092 5248 ή
1128 5181 1291 5253 ἑτέρα
1331 5188 1425 5238 καὶ
1455 5204 1701 5257 σοφιστι-

283 5259 634 5346 προαγομένη
688 5262 1035 5337 δικαιοτάτην
1087 5270 1155 5324 ἂν
1201 5252 1301 5342 τὴν
1355 5252 1699 5346 κατάγνωσιν

109 5342 360 5407 ἐνέγκοι.
394 5343 556 5397 Ὥστε
589 5348 813 5417 δικαίως
863 5358 955 5409 καὶ
984 5362 1013 5410 6
1058 5361 1199 5429 ἱερὸς
1246 5342 1519 5435 Κύριλλος
1562 5372 1699 5441 πρὸς

106 5432 418 5505 Νεστόριον
464 5441 885 5514 ἀποτεινόμενος
930 5452 1006 5514 ὡς
1058 5455 1223 5525 ἀτελῆ
1284 5432 1385 5529 την
1436 5432 1700 5529 λέγουσαν

1820 4555 2111 4608 immistmn
2154 4564 2208 4609 et
2237 4556 2572 4612 inconfusum
2621 4576 2807 4613 eorum
2842 4578 2961 4631 qua:
2986 4565 3386 4635 conjunguntur

1816 4646 2107 4713 signiﬁcat.
2138 4646 2306 4717 Igitur
2347 4648 2515 4702 divisa
2554 4665 2655 4704 vox
2696 4652 2864 4706 altera
2891 4656 2957 4707 ab
2990 4658 3178 4723 altera,
3209 4670 3261 4713 et
3289 4678 3383 4715 ca-

1814 4738 1989 4805 ptiose
2018 4737 2242 4791 adducta
2272 4736 2626 4803 justissimam
2667 4744 3139 4809 reprehensionem
3172 4750 3382 4820 269a

1816 4837 2071 4881 meretur.
2091 4827 2266 4893 Quare
2295 4839 2439 4882 recte
2468 4840 2689 4884 sanctus
2719 4833 2953 4901 Cyrillus
2987 4838 3035 4888 in
3076 4837 3380 4895 Nestorium

1812 4919 2079 4979 invectus,
2118 4928 2174 4971 ut
2207 4919 2575 4986 imperfectam
2612 4937 2797 4976 vocem
2830 4926 3097 4981 dicentem
3136 4932 3269 4984 duas
3302 4933 3381 4984 in-

1808 5011 2010 5061 divisas
2054 5018 2292 5074 naturas,
2338 5020 2390 5062 et
2428 5027 2530 5063 non
2579 5014 2846 5068 valentem
2885 5018 3259 5074 lucretieorum
3296 5039 3379 5077 se-

1806 5109 1947 5152 ctam
2004 5098 2260 5160 refutare,
2312 5109 2546 5165 accusal,
2596 5113 2651 5156 et
2686 5120 2921 5174 pugnare
2970 5107 3091 5179 [ait]
3120 5125 3240 5163 cum
3288 5112 3375 5164 illa

1805 5206 1925 5259 quae
1968 5191 2099 5243 dicit
2147 5204 2307 5243 unam
2355 5200 2601 5245 naturam
2646 5196 3001 5251 incantatam.
3028 5202 3161 5253 Cum
3190 5217 3293 5271 qua
3328 5202 3371 5255 si

1804 5281 2099 5349 composita
2136 5280 2336 5341 veniat,
2369 5282 2635 5336 sinceram
2663 5284 2915 5352 pietatem
2951 5288 3211 5354 ostendit,
3240 5294 3371 5343 duas

1807 5372 2062 5425 indivisas
2105 5380 2323 5425 naturas
2364 5372 2413 5424 in
2443 5373 2641 5427 unione
2688 5376 3022 5443 hypostatica
3057 5378 3201 5431 clare
3234 5396 3370 5448 pra--

1808 5466 2015 5517 dicans.
2069 5462 2161 5515 Sic
2210 5473 2355 5518 certe
2406 5464 2530 5520 licet
2562 5466 2685 5533 quis
2727 5483 2885 5521 unam
2919 5467 3075 5523 Verbi
3120 5482 3307 5525 natura
3338 5493 3367 5522 ει

1426 5573 1655 5629 νΜιιιΕ
1694 5571 2098 5631 LECTIONES.

179 5638 235 5671 ⁸⁸
261 5639 459 5693 ἕνωσιν
506 5646 629 5703 add.
678 5649 740 5706 C.

102 5654 459 5781 az:
506 5654 629 5703 add.
678 5654 740 5706 C.
817 5654 863 5685 ”
896 5671 956 5721 γε
1012 5658 1137 5713 add.
1175 5659 1239 5713 Δ.

1317 5664 1361 5695 ¹¹⁸
1390 5665 1715 5735 κακούργοις
1756 5685 1816 5730 ς’.

1893 5668 1940 5699 ⁵⁸
1991 5661 2307 5733 ἀδιαιρέτως
2349 5670 2411 5721 Α.
2487 5669 2532 5701 ⁸⁷
2572 5667 2671 5736 τήν
2707 5682 2814 5726 om.
2854 5669 2914 5724 Λ.
2991 5670 3037 5704 ⁸⁸
3074 5673 3233 5741 ἑτέρα
3265 5672 3302 5725 Λ
