4208 6442
804 385 944 449 1035

1980 379 2207 440 PHOTI
2216 380 2243 439 Ι
2272 379 2773 440 PATRIARCHAS
2812 380 2919 441 (ΖΡ.

3896 382 4020 446 1036

797 496 1209 553 consensionem
1276 492 1541 546 sinceram
1598 508 1837 558 servare,
1894 507 2137 551 sanctam
2176 497 2330 566 Virgil

2452 495 2741 563 Νεστόριον
2786 495 2881 562 μὲν
2925 494 2974 545 οἱ
3030 490 3334 546 ἀνατολικοὶ
3365 490 3764 559 κατακρίνουσι,
3799 492 3894 541 καὶ
3927 494 4020 558 τὴν

790 606 912 643 nem
979 588 1067 641 Dei
1128 585 1458 639 Genitriccm
1539 585 1820 641 nobiscum
1884 587 2225 651 conﬁtentes,
2289 600 2338 643 et

787 695 951 733 untnn
1007 692 1129 731 esse
1191 675 1489 734 Christum.
1526 675 1717 728 Filium
1754 686 1806 730 et
1846 676 2127 731 Dominum
2172 694 2198 730 a
2237 680 2345 731 lico

782 772 937 823 Patre.
984 771 1224 837 genitum
1268 765 1431 819 Deum
1475 766 1724 830 Verbum,
1760 778 1812 820 et
1846 767 2049 822 ultimis
2093 769 2346 837 tempori-

782 855 881 909 bus
934 868 962 908 ο
1018 852 1243 905 muliere
1311 854 1363 903 in
1419 864 1577 904 carne
1660 861 1867 915 natum,
1935 861 1988 904 et
2044 851 2341 919 perfectum

775 964 897 1001 eum
959 958 1079 999 esse
1118 944 1168 996 in
1232 942 1532 1005 divinitate,
1586 951 1640 994 et
1692 940 1985 1009 perfectum
2042 942 2093 995 in
2152 942 2344 995 huma-

775 1040 967 1097 nitate.
1039 1051 1143 1088 non
1219 1035 1270 1086 in
1322 1034 1455 1087 duus
1508 1033 1644 1087 ﬁlios
1704 1044 1757 1087 et
1813 1034 2059 1088 Christos
2120 1044 2175 1088 et
2236 1036 2342 1088 Do-

774 1129 951 1183 minos
984 1137 1321 1194 separantes.
1374 1136 1429 1177 et
1486 1125 1597 1177 hznc
1662 1140 1973 1193 oppugnare
2038 1125 2324 1185 audentes.

771 1232 832 1276 ut
881 1220 1167 1273 mendaces
1196 1230 1249 1272 et
1294 1218 1661 1270 fraudulentus
1706 1227 1761 1269 et
1798 1218 2060 1271 mendacii
2106 1220 2188 1271 sui
2236 1234 2336 1287 pa-

775 1325 910 1367 trem
966 1322 1347 1381 praetexentes,
1386 1311 1637 1363 detestari
1676 1310 1925 1364 hortatur
1952 1326 2015 1365 ac
2065 1312 2340 1380 refugere.

769 1406 874 1460 Sed
909 1416 962 1459 et
990 1406 1041 1457 in
1071 1420 1160 1466 ea,
1190 1420 1309 1472 qua:
1359 1404 1423 1455 ad
1457 1404 1717 1457 Acacium
1778 1403 2175 1457 Melitinensem
2225 1404 2341 1470 epi-

770 1514 1011 1567 scopum,
1043 1500 1107 1549 de
1140 1496 1221 1549 his
1244 1494 1606 1549 Orientalibus
1637 1497 1713 1548 sic
1740 1495 1934 1549 habet:
1969 1495 2090 1548 Non
2114 1497 2343 1549 dividere

764 1606 852 1645 eos
923 1588 1125 1657 2701:
1179 1602 1341 1638 unum
1401 1584 1598 1638 Filium
1645 1597 1692 1639 et
1735 1586 2043 1652 Christum,
2096 1602 2246 1653 quem
2317 1602 2343 1638 e

766 1680 928 1734 Patre
994 1680 1173 1732 dicunt
1226 1687 1281 1730 ut
1335 1676 1540 1740 Deum,
1588 1687 1634 1730 et
1686 1694 1749 1731 ea:
1798 1678 2011 1731 muliere
2069 1689 2247 1729 natum
2289 1678 2342 1729 in

765 1790 923 1826 carne
956 1784 1007 1825 ut
1047 1773 1327 1832 hominem,
1358 1782 1406 1825 et
1448 1772 1706 1839 quomodo
1757 1788 1855 1824 non
1897 1772 2225 1839 intelligatur
2254 1787 2337 1823 se-

2450 588 2557 639 τῶν
2597 587 2856 655 Πατέρων
2902 586 3190 653 ὁμώογίαν
3224 584 3497 654 ἀκήρατον
3533 583 3883 645 διασώζουσι,
3928 583 4021 649 τὴν

2447 678 2608 743 ἁγίαν
2644 677 2917 743 Παρθένον
2943 675 3200 726 Θεοτόκον
3227 674 3340 741 μεθ’
3364 672 3517 740 ἡμῶν
3547 670 4023 739 ἀνομοὶιογοῦντες,

2449 770 2542 820 καὶ
2574 769 2669 819 ἕνα
2716 766 2859 818 εἶναι
2893 766 3124 835 Χριστὸν
3152 766 3243 817 καὶ
3278 765 3403 816 Υἱὸν
3436 766 3528 815 καὶ
3568 764 3790 831 Κύριον,
3822 762 3922 813 τὸν
3965 763 4025 813 ὲκ

2450 858 2585 910 Θεοῦ
2632 858 2731 925 μὲν
2767 856 2977 926 Πατρός
3006 854 3331 923 γεννηθέντα
3360 854 3491 906 Θεὸν
3520 854 3707 919 Λόγον,
3742 854 3833 905 ἐπ’
3864 854 4028 920 ἐσχά-

2446 971 2555 1004 των
2589 951 2645 1003 δὲ
2675 951 2768 1002 τὸν
2800 949 2965 1002 αὑτὸν
2995 951 3058 1001 ἐκ
3085 949 3340 1015 γυναικὸς
3370 947 3508 999 κατὰ
3539 948 3712 1014 σάρκα
3733 947 4025 1013 τεχθέντα,

2447 1045 2542 1095 καὶ
2593 1042 2797 1094 τέλειον
2846 1037 2982 1093 εἶναι
3018 1041 3109 1092 τὸν
3160 1039 3319 1091 αὑτὸν
3348 1041 3403 1089 ὲν
3434 1039 3643 1097 θεότητι
3684 1038 3780 1089 καὶ
3812 1038 4029 1089 τέλειον

2445 1137 2503 1187 ὲν
2556 1133 2962 1203 ἀνθρωπότητι,
3028 1132 3087 1183 οὑ
3140 1129 3470 1200 διαιροῦντες
3526 1130 3601 1191 εἰς
3653 1129 3746 1181 δύο
3790 1128 3950 1189 υἱοὺς
3994 1127 4027 1194 ἦ

2445 1225 2717 1295 Χριστοὺς
2751 1226 2783 1294 ἢ
2819 1223 3053 1293 κυρίους
3082 1238 3095 1249 ·
3130 1224 3226 1275 καὶ
3268 1223 3390 1284 τοὺς
3420 1221 3725 1289 τολμῶντάς
3754 1236 3808 1269 τι
3843 1220 4028 1284 λέγειν

2447 1321 2577 1372 κατ’
2616 1320 2797 1372 αὐτῶν
2831 1317 2907 1379 ὼς
2940 1316 3174 1385 ψεύστας
3217 1316 3311 1367 καὶ
3338 1314 3651 1374 ἀπατεῶνας
3681 1313 3777 1364 καὶ
3810 1313 3909 1363 τὸν
3934 1310 4026 1363 τοῦ

2444 1412 2673 1480 ψεύδους
2715 1410 2923 1463 ἑαυτῶν
2972 1407 3438 1477 προῦαλλομένους
3485 1406 3694 1473 πατέρα
3743 1404 4027 1471 μυσάττε-

2447 1503 2570 1554 σθαὶ
2632 1519 2689 1553 τε
2740 1502 2997 1571 παραινεῖ
3040 1500 3129 1552 καὶ
3184 1497 3621 1566 ἀποπέμπεσθαι.
3694 1495 3862 1547 Ἀλλὰ
3920 1497 4025 1564 μὴν

2445 1595 2540 1646 καὶ
2597 1596 2653 1645 ὲν
2688 1596 2753 1662 τῇ
2815 1594 2951 1662 πρὸς
2993 1592 3245 1645 Ἀγάκιον
3281 1590 3404 1660 [445
3451 1588 3541 1659 Η.]
3588 1590 3676 1640 τὸν
3708 1589 4025 1655 Μελιτηνῆς

2447 1686 2749 1739 ἐπίσκοπον
2814 1684 2942 1753 περὶ
3008 1683 3116 1735 τῶν
3166 1681 3493 1735 ἀνατολικῶν
3530 1681 3670 1731 οὕτω
3700 1680 3900 1747 φησίν
3941 1682 4023 1731 Οὐ

2448 1775 2792 1841 διαιροῦσιν
2824 1778 2909 1839 εις
2938 1774 3046 1828 δύο
3078 1774 3123 1805 ⁸⁸
3164 1774 3268 1825 τὸν
3298 1773 3404 1825 ἕνα
3442 1773 3578 1825 Υιὸν
3605 1771 3698 1824 καὶ
3735 1772 4019 1837 Χριστιίν,

765 1865 992 1916 cundum
1022 1864 1399 1915 humanitatem
1434 1864 1594 1914 nostri
1628 1862 1839 1923 similis,
1879 1878 2039 1930 neque
2074 1862 2224 1914 Patri
2251 1878 2330 1914 se-

2443 1868 2548 1919 τὸν
2574 1869 2761 1920 αὐτόν
2788 1866 2855 1919 δὲ
2884 1862 3039 1920 εῖναι
3068 1880 3216 1934 φασι
3261 1866 3367 1918 τὸν
3404 1865 3469 1917 ὲκ
3495 1862 3640 1917 Θεοῦ
3675 1862 3908 1927 Πατρύς
3941 1863 4019 1923 ὡς

763 1962 991 2009 cundum
1021 1957 1374 2019 divinitatem,
1432 1956 1531 2007 nisi
1559 1955 1887 2025 intelligatur
1930 1956 2086 2008 simul
2112 1966 2157 2007 et
2191 1955 2325 2009 Dens

756 2061 809 2103 et
864 2050 1014 2102 horno
1052 2048 1208 2100 idem.
1266 2046 1419 2111 Quod
1465 2046 1737 2101 Nestorius
1803 2050 2030 2119 negavit.
2090 2049 2179 2102 Sic
2220 2066 2323 2104 non

762 2142 936 2195 solum
972 2140 1105 2194 duas
1151 2149 1374 2193 naturas
1402 2137 1712 2194 Orientales
1752 2152 2059 2195 asserentes
2116 2140 2322 2193 salvat:

760 2232 855 2286 sed
902 2232 1111 2285 tametsi
1164 2231 1284 2298 quis
1314 2240 1553 2295 accuset,
1584 2244 1947 2301 propugnator
1981 2232 2057 2293 lit,
2085 2240 2140 2284 et
2186 2233 2325 2299 quod

760 2324 957 2376 mirum
987 2324 1262 2385 videatur,
1320 2323 1419 2376 etsi
1462 2338 1564 2376 non
1623 2334 1896 2390 apponant
1935 2325 2171 2385 indivise.
2220 2338 2323 2377 non

772 2410 902 2463 dicit
953 2411 1098 2477 ipsos
1150 2420 1373 2464 naturas
1404 2410 1661 2464 dividere.
1697 2409 1867 2463 Scivit
1899 2412 2040 2465 enim
2068 2421 2121 2465 et
2164 2428 2323 2465 unum

758 2500 1052 2567 Christum,
1112 2516 1272 2554 unam
1331 2512 1721 2568 personam,et
1778 2516 1938 2553 unam
1991 2502 2322 2570 hypostasin,

758 2594 847 2659 qui
880 2593 1011 2645 dicit
1038 2594 1285 2645 eumdem
1342 2592 1504 2644 Deum
1532 2602 1587 2645 et
1615 2592 1913 2654 hominem,
1961 2602 2011 2646 et
2040 2593 2321 2659 Deiparam

761 2684 1056 2753 Virginem,
1118 2684 1463 2738 nihilominus
1528 2684 1744 2737 etiamsi
1795 2684 1972 2736 addat.
2049 2683 2321 2746 indirisos,

760 2786 818 2830 ut
851 2777 1113 2831 conﬁtens
1141 2792 1204 2829 ex
1260 2776 1419 2829 dictis
1488 2774 1737 2829 unionem
1806 2774 2220 2844 hypostaticam,
2249 2775 2323 2827 si-

762 2868 873 2919 mul
917 2877 972 2919 et
1004 2870 1101 2920 hoc
1128 2867 1415 2919 indivisum
1449 2880 1572 2920 vere
1613 2866 1849 2919 adducit.
1881 2864 1982 2931 Qui
2028 2865 2167 2917 idem
2199 2874 2325 2918 tnta:

755 2966 811 3010 et
838 2957 1031 3011 divina:
1082 2960 1361 3010 admirator
1409 2955 1672 3009 doctrina:
1725 2955 1916 3008 iterum
1967 2955 2032 3009 ad
2062 2956 2321 3009 Acacium

756 3049 1046 3103 scribens:
1095 3047 1263 3111 Licet,
1309 3048 1503 3117 inquit,
1574 3049 1705 3101 duas
1735 3062 1953 3100 naturas
1985 3048 2181 3110 dicere,
2231 3063 2324 3099 nec

2434 1959 2583 2011 Θεὸν
2618 1957 2713 2009 καὶ
2744 1958 2811 2009 ἐκ
2856 1956 3138 2025 γυναικὸς
3173 1957 3322 2010 κατὰ
3350 1955 3542 2021 σάρκα
3576 1955 3653 2019 ὠς
3678 1954 4014 2019 ἄνθρωπον,

2432 2050 2531 2104 καὶ
2568 2050 2646 2114 ὡς
2688 2051 2799 2100 οὐκ
2855 2048 2930 2102 ἃν
2954 2047 3150 2101 νοοῖτο
3190 2047 3505 2114 ὁμοούσιος
3533 2044 3673 2112 ἡμῖν
3706 2044 3855 2095 κατὰ
3903 2043 4016 2105 τὴν

2438 2143 2865 2211 ἀνθρωπότητα
2908 2140 3047 2193 οὐδὲ
3080 2138 3160 2203 τῷ
3204 2139 3382 2205 "arpi
3415 2138 3560 2189 κατὰ
3596 2136 3707 2201 τὴν
3733 2136 4013 2199 θεότητα,

2431 2236 2483 2285 εἰ
2510 2233 2595 2302 μὴ
2618 2233 2812 2285 νοοῖτο
2846 2232 2988 2297 Θεός
3013 2248 3074 2283 τε
3106 2229 3252 2297 ὁμοῦ
3288 2229 3379 2281 καὶ
3403 2229 3710 2295 ἅνθρωπος
3730 2229 3760 2279 ὁ
3792 2224 4000 2289 αὐτὸς.

2430 2323 2461 2375 ὃ
2496 2324 2814 2389 Νεστόριος
2863 2324 2973 2375 οὐκ
3028 2322 3318 2388 ἁνείχετο,
3374 2318 3526 2373 Οὕτω
3578 2319 3639 2370 οὐ
3693 2318 3853 2385 μόνον
3913 2316 4007 2368 δύο

2431 2414 2692 2482 λέγοντας
2747 2412 2937 2480 φύσεις
2990 2413 3111 2475 τοὺς
3158 2411 3510 2471 ἁνατολιχοίις
3567 2408 4011 2471 κατασπάζεται,

2430 2505 2567 2559 ἀλλὰ
2623 2505 2723 2557 κᾶν
2771 2507 3048 2575 κατηγορῇ
3106 2522 3211 2564 τις,
3263 2504 3576 2572 ὑπέρμαχος
3636 2500 3864 2567 γίνεται.
3918 2503 4015 2553 καὶ

2433 2599 2513 2662 (τὸ
2550 2597 2879 2663 παράδοξον)
2927 2597 3029 2649 κᾶν
3056 2596 3127 2666 μὴ
3159 2596 3432 2664 προσθιῖκτι
3462 2595 3520 2645 τὸ
3552 2592 3913 2658 ἀδιαιρέτως.
3955 2593 4013 2643 οὑ

2428 2688 2573 2753 λέγει
2607 2688 2836 2755 διαιρεῖν
2890 2687 3088 2749 αὐτοὺς
3134 2686 3232 2747 τὰς
3292 2685 3500 2753 φύσεις.
3557 2679 3676 2735 υἷδε
3726 2684 3836 2751 γὰρ
3865 2683 3942 2744 ὡς
3970 2682 4015 2713 ⁸³

2430 2777 2526 2827 ἕνα
2550 2776 2803 2843 Χριστὸν,
2848 2773 2907 2826 ἓν
2934 2774 3248 2843 πρόσωπον,
3281 2776 3409 2843 μίαν
3434 2774 3724 2825 ὑπόστασιν
3753 2773 3780 2821 ό
3817 2773 4013 2838 λέγων,

2429 2866 2521 2917 τὸν
2568 2865 2728 2917 αὑτὸν
2772 2864 2901 2917 Θεὸν
2955 2864 3047 2915 καὶ
3100 2864 3407 2931 ἄνθρωπον,
3453 2864 3545 2914 καὶ
3596 2862 3856 2913 Θεοτόκον
3914 2860 4015 2927 τὴν

2427 2956 2721 3025 Παρθένον,
2754 2956 2904 3007 οὐδὲν
2937 2951 3126 3026 ἦττον,
3162 2954 3262 3007 κᾶν
3301 2954 3374 3023 μὴ
3405 2953 3611 3024 προσθῇ
3644 2953 3704 3004 τὸ
3749 2952 4012 3017 ἀδιαιρέ-

2424 3065 2589 3112 τους,
2642 3048 2717 3109 ὼς
2773 3047 3048 3116 ὁμολογῶν
3096 3049 3158 3099 ὲκ
3207 3046 3317 3098 τῶν
3371 3046 3672 3115 εἰρημένων
3729 3045 3829 3112 τὴν
3889 3044 4015 3096 καθ’

756 3140 1059 3192 divisionem
1100 3148 1410 3190 naturarum
1459 3138 1567 3189 ulla
1626 3140 1780 3191 modo
1849 3139 2153 3206 intelligere,
2202 3154 2319 3190 cum

2434 3138 2726 3191 ὒπόστασιν
2748 3138 2964 3201 ἕνωσιν,
2993 3138 3304 3203 συνεισάγει
3332 3138 3424 3190 καὶ
3452 3136 3512 3187 τὸ
3538 3135 3749 3205 άληθῶς
3772 3135 4015 3203 ἀδιαίρε-

751 3232 870 3299 quis
904 3229 1157 3298 adjungat
1211 3228 1479 3293 prmdictis
1524 3229 1769 3282 unionem
1800 3230 2200 3297 hypostaticam.
2258 3228 2325 3281 Et

756 3322 822 3373 ad
874 3320 1149 3388 Eulogium
1214 3319 1478 3383 scribens,
1522 3321 1941 3373 consentientem
1997 3320 2328 3373 existimavit

753 3427 962 3473 secum,
1024 3425 1182 3463 unam
1216 3408 1377 3463 Verbi
1424 3420 1668 3463 naturam
1719 3410 2052 3464 incarnatam
2114 3410 2331 3463 creden-

758 3506 890 3564 lem,
949 3515 1070 3553 cum
1121 3502 1251 3553 duas
1299 3509 1521 3553 naturas
1571 3500 1828 3553 indivisas
1888 3499 1941 3553 in
1984 3500 2185 3554 unione
2232 3502 2331 3569 hy-

761 3594 1025 3659 postatica
1083 3592 1431 3645 cunlitentur.

2428 3247 2540 3282 τον.
2584 3230 2642 3281 ὐ
2679 3230 2843 3291 αὐτὸς
2884 3229 2940 3281 δὲ
2979 3232 3080 3298 τῆς
3117 3227 3389 3294 ἀσφαλοῦς
3421 3228 3512 3280 καὶ
3548 3227 3694 3288 θείας
3724 3226 4014 3293 εἰρήνης⁸⁶

2428 3322 2595 3381 όντως
2612 3320 2845 3390 ἐραστὴς
2873 3320 3033 3373 πάλιν
3054 3321 3187 3388 πρὸς
3204 3320 3456 3372 ’Δκάκιον
3477 3320 3722 3389 γράφων,
3743 3321 4013 3381 Ἐνεστι,

2430 3413 2585 3481 φησι,
2612 3412 2844 3464 καὶδύο
2883 3413 3100 3479 φύσεις
3146 3412 3337 3465 εἰπεῖν
3359 3414 3425 3479 ⁸³,
3472 3412 3566 3465 καὶ
3600 3410 3684 3479 μὴ
3714 3410 4015 3477 διαίρεσιν

2432 3502 2550 3555 τῶν
2586 3504 2836 3571 φύσεων
2884 3502 3118 3555 ἐννοεῖν
3148 3519 3295 3567 πως,
3336 3501 3579 3555 ἐπειδάν
3619 3519 3707 3565 τις
3738 3501 4016 3569 συνάψαι

2436 3594 2560 3659 τοῖς
2607 3593 2940 3663 εΙρημένοις
2999 3594 3114 3661 τὴν
3193 3595 3319 3648 καθ’
3378 3597 3718 3648 ὑπόστασιν
3768 3595 4011 3648 ἕνωσιν.

751 3684 863 3739 Καὶ
913 3684 1019 3752 μὴν
1069 3681 1399 3735 ἐπιστέλλων
1450 3684 1545 3735 καὶ
1587 3682 1722 3753 πρὸς
1765 3683 2023 3750 Εὑλόγιον
2088 3684 2339 3754 ὁμόδοξον
2396 3688 2608 3755 ἡγεῖται
2657 3685 2748 3737 τὸν
2800 3686 2932 3753 μίαν
2996 3686 3158 3755 φύσιν
3231 3685 3457 3754 λέγοντα
3523 3686 3617 3738 τοῦ
3675 3687 3857 3753 Λόγου
3925 3703 4012 3739 σε·

754 3774 1111 3846 σαρκωμένην
1152 3775 1231 3844 τῷ
1258 3776 1352 3829 δύο
1399 3776 1585 3844 φύσεις
1622 3779 1958 3848 ἀδιαιρέτους
1999 3781 2057 3831 ὲν
2094 3782 2161 3849 τῇ
2198 3780 2319 3831 καθ’
2342 3782 2637 3834 ὑπόστασιν
2670 3780 2859 3833 ἑνὼσει
2892 3798 2988 3833 συν
3004 3779 3372 3847 ομολογοῦντι.

822 3869 1238 3939 Reprehendunt
1268 3871 1482 3938 quidam
1507 3875 1894 3939 expositionem
1925 3890 2082 3944 quam
2116 3873 2323 3928 faciunt

751 3959 1071 4024 Orientales,
1107 3970 1161 4013 et
1188 3961 1337 4013 aiunt
1386 3978 1400 4015 :
1430 3961 1606 4025 Quare
1639 3965 1776 4031 ipsos
1798 3962 1933 4017 duas
1963 3976 2321 4019 naturascon-

749 4049 986 4117 ﬁtentes,
1060 4050 1202 4113 tulit,
1276 4060 1324 4104 et
1371 4053 1563 4113 praesul
1624 4052 1857 4107 laudavit
1940 4055 2324 4113 Atexandriw?

749 4139 1051 4195 Nestorianl
1107 4152 1356 4196 asserunt
1392 4143 1539 4196 illum
1592 4159 1804 4212 quoque
1840 4146 1918 4199 sic
1957 4147 2195 4211 sentire,
2229 4163 2325 4203 eos

750 4233 1112 4297 involventes,
1144 4234 1234 4302 qui
1268 4234 1401 4287 nihil
1451 4245 1698 4290 accurate
1731 4237 1926 4291 sciant.
1962 4236 2189 4305 Oportet
2231 4255 2327 4292 au-

749 4333 857 4377 tem
894 4324 1407 4392 reprehendentibus
1458 4328 1571 4380 haec
1618 4331 1959 4397 respondere,
1994 4346 2097 4383 non
2144 4331 2323 4383 omnia

748 4426 869 4478 quae
918 4423 1162 4465 astruunt
1195 4414 1431 4477 sectarii,
1462 4414 1615 4468 vitari
1654 4426 1709 4469 et
1741 4418 2053 4483 reprehendi
2080 4418 2276 4471 dehere
2307 4436 2320 4470 :

752 4518 920 4567 quare
948 4501 1247 4557 Orientales
1286 4504 1417 4558 duas
1453 4515 1669 4558 naturas
1700 4508 2018 4561 conﬁtentes
2054 4508 2321 4567 admittit;

2510 3874 2999 3944 Ἐπιλαμσάνονταί
3022 3890 3163 3937 τινες
3182 3873 3283 3940 τῆς
3300 3874 3567 3936 ἐκθέσεως
3591 3872 3659 3944 ἦς
3677 3875 4008 3942 πει-ισέηνται

2425 3968 2475 4019 οἱ
2507 3967 2835 4029 ἀνατολικοὶ,
2869 3966 2963 4019 καί
2995 3982 3148 4033 φασι·
3184 3969 3284 4019 Διὰ
3326 3968 3383 4018 τί
3423 3966 3530 4020 δύο
3556 3968 3771 4035 φύσεις
3796 3970 4017 4037 (rapa-

2428 4059 2645 4119 ζόντων
2691 4056 2888 4111 αὐτῶν
2946 4058 3242 4125 ἠνέσχετο
3301 4058 3398 4111 καὶ
3447 4059 3748 4125 ἐπῄνεσεν
3806 4064 3842 4112 ό
3903 4060 4015 4127 τῆς

2444 4148 2937 4215 Ἀλεξανδρείας;
2997 4150 3062 4201 Οἱ
3114 4149 3171 4200 δὲ
3232 4148 3301 4200 τὰ
3333 4150 3625 4217 Νεπορίου
3684 4150 4015 4217 φρονοῦντες

2431 4239 2649 4305 λέγουσι
2679 4240 2931 4291 κάκεῖνον
2960 4239 3101 4292 οὕτω
3131 4242 3345 4309 φρονεῖν
3367 4280 3380 4299 ,
3415 4241 3858 4309 συναρπάζοντες
3885 4246 4013 4305 τοὺς

2433 4329 2531 4379 οὐκ
2576 4329 2781 4392 εἰδότας
2828 4330 2887 4379 τὸ
2926 4329 3175 4397 ἀκριϐές.
3212 4332 3329 4398 Χρὴ
3374 4330 3429 4382 δὲ
3475 4334 3583 4393 τοῖς
3632 4336 4010 4401 μεμφομένοις

2432 4422 2613 4473 ἐκεῖνα
2644 4420 2823 4486 λέγειν
2858 4421 2940 4473 ὅτι
2971 4421 3031 4473 οὑ
3062 4422 3255 4485 πάντα,
3304 4423 3405 4475 ὅσα
3436 4422 3681 4490 λέγουσιν
3710 4426 3763 4475 οἱ
3796 4428 4010 4494 αἱρετι-

2430 4510 2537 4574 uol,
2572 4508 2796 4576 φεύγειν
2828 4512 2923 4562 καὶ
2946 4511 3327 4579 παραιτεῖσθαι
3357 4513 3458 4581 χρή
3481 4527 3494 4541 ·
3523 4512 3662 4564 ὥστε
3696 4512 3795 4566 δύο
3813 4518 4009 4581 φύσεις

746 4594 833 4661 pie
864 4598 1006 4647 enim
1037 4594 1113 4646 illi
1149 4597 1427 4663 asserunt;
1462 4595 1766 4650 Nestorium
1801 4599 2040 4661 damnat,
2068 4614 2169 4652 non
2200 4600 2322 4666 quia

2434 4600 2684 4667 λέγοντας
2712 4602 2837 4661 τοὺς
2869 4601 2965 4669 μὲν
2999 4602 3347 4664 ἀνατολικοὺς
3383 4602 3705 4671 ἀποδέχεται
3738 4606 4009 4671 (εὐσεϐῶς

748 4684 880 4737 duas
910 4691 1130 4738 naturas
1166 4685 1319 4746 dixit.
1352 4688 1443 4740 sed
1476 4688 1630 4755 quia,
1654 4688 1784 4740 duas
1814 4703 2061 4742 asserens
2088 4698 2330 4751 naturas,

746 4774 998 4827 unionem
1064 4776 1445 4842 hypostaticam
1487 4794 1588 4830 non
1622 4779 1849 4846 recipit:
1886 4779 2329 4846 quemadmodum

754 4879 857 4915 nun
915 4881 1073 4917 unam
1122 4865 1277 4920 Verbi
1339 4878 1584 4919 naturain
1625 4883 1741 4922 esse
1799 4868 2153 4921 incarnatam.
2209 4868 2330 4922 Mox

746 4948 887 5007 enim
908 4952 1085 5003 subdit
1117 4969 1129 5003 :
1174 4951 1400 5005 Tametsi
1451 4954 1583 5007 duas
1624 4966 1843 5007 naturas
1870 4955 2145 5009 [Vestorius
2161 4959 2328 5018 dicat.

744 5042 1095 5106 (Ii/Terentiam
1114 5046 1287 5096 carnis
1302 5056 1348 5097 et
1370 5046 1462 5097 Dei
1490 5046 1637 5100 Verbi
1656 5049 1974 5115 signiﬁcans,
1995 5049 2083 5101 sed
2099 5050 2329 5102 nondum

747 5135 991 5186 unionem
1017 5135 1401 5203 [typostaticant
1430 5140 1696 5191 nobiscum
1720 5142 2015 5206 conﬁtetur.
2046 5139 2156 5192 Nos
2192 5142 2327 5192 enim

744 5225 855 5276 haec
888 5226 1285 5293 conjungentes,
1324 5244 1485 5280 unum
1540 5230 1831 5294 Christum,
1883 5248 2043 5283 unum
2095 5229 2327 5293 Filium,

744 5331 904 5367 unum
953 5316 1231 5370 Dominum
1266 5321 1591 5385 conﬁtemur.
1625 5323 1733 5376 Iloc
1768 5324 2066 5375 communis
2095 5324 2259 5390 ipsius
2277 5332 2329 5376 ct

745 5405 1091 5463 Orientalium
1112 5412 1394 5465 confessio.
1422 5412 1618 5467 Deinde
1641 5416 2076 5468 rursumadducit
2112 5434 2122 5468 :
2149 5413 2320 5466 Unam

757 5497 905 5551 Verbi
932 5517 1171 5555 naturam
1214 5508 1548 5559 incantatam
1582 5509 1933 5574 conﬁtentur;
1967 5509 2117 5577 quasi
2176 5509 2317 5561 dicc-

2433 4692 2538 4761 γὰρ
2569 4685 2714 4743 οὗτοί
2750 4699 2923 4760 φασι),
2954 4692 3248 4761 Νεστόριον
3296 4693 3351 4744 δὲ
3398 4695 3739 4764 κατακρίνει.
3788 4699 3889 4766 οὑχ
3921 4700 4006 4751 ὃτι

2432 4782 2523 4834 δύο
2564 4781 3001 4847 φύσειςἛλεγεν,
3045 4783 3160 4835 ἀλλ’
3191 4784 3273 4835 ὅτι
3317 4784 3409 4835 δύο
3454 4785 3643 4851 φύσεις
3693 4787 3875 4854 λέγων
3907 4792 4006 4858 τὴν

2434 4875 2557 4927 καθ’
2588 4875 2884 4925 ὑπόστασιν
2917 4874 3109 4926 ἕνωσιν
3146 4876 3208 4926 οὑ
3242 4876 3512 4943 προσίετο,
3554 4876 3745 4945 ὥσπερ
3789 4880 3910 4931 οὐδὲ
3945 4881 4006 4931 τὸ

2436 4964 2563 5032 μίαν
2620 4963 2778 5031 φύσιν
2816 4963 2906 5015 τοῦ
2950 4964 3122 5028 Λόγου
3184 4967 3624 5033 σεσαρκωμένην.
3676 4968 3815 5018 Μετ’
3847 4970 4004 5036 ὀλίγα.

2431 5059 2537 5125 γὰρ
2564 5057 2832 5121 ἐπιφέρει,
2872 5054 2945 5115 ὡς
2979 5054 3102 5106 Κᾶν
3128 5054 3235 5107 δύο
3267 5055 3413 5123 λέγῃ
3450 5059 3665 5125 φύσεις
3691 5060 3735 5089 ⁸⁸
3780 5062 4005 5113 Narra"-

2420 5165 2573 5213 ριος,
2607 5149 2718 5211 τὴν
2742 5146 3032 5213 διαφορὰν
3048 5148 3358 5213 σημαίνων
3382 5148 3490 5215 τῆς
3517 5150 3743 5216 σαρκὸς
3768 5154 3867 5204 καὶ
3892 5153 4003 5206 τοῦ

2430 5235 2577 5287 Θεοῦ
2629 5237 2842 5300 Λόγου,
2886 5234 3021 5285 ἀλλ’
3051 5236 3246 5287 οὐκέτι
3281 5236 3395 5302 τὴν
3448 5238 3667 5290 ἕνωσιν
3719 5243 4005 5309 ὁμολογεῖ

2423 5325 2548 5389 μεθ’
2588 5320 2755 5388 ἡμῶν
2775 5338 2786 5349 ·
2834 5322 3002 5387 ἡμεῖς
3020 5322 3124 5390 γὰρ
3153 5324 3487 5390 ἑνώσαντες
3516 5328 3685 5389 αὐτὰ,
3718 5328 3827 5380 ἕνα
3875 5333 4002 5396 Χρι-

2427 5414 2609 5475 στὸν,
2668 5412 2774 5463 ἕνα
2830 5415 2981 5476 Υἱένν,
3035 5413 3142 5466 ἕνα
3191 5415 3409 5480 Κύριον
3461 5418 3893 5486 ὁμολογοῦμεν.
3937 5424 3999 5473 ὐ

2426 5507 2600 5557 κοινὸν
2634 5506 2779 5555 ἐστιν
2816 5504 3133 5574 ὁμολόγημα
3166 5506 3328 5559 αὑτοῦ
3375 5524 3435 5559 τε
3479 5509 3569 5561 καὶ
3608 5510 3717 5561 τῶν
3749 5512 4000 5563 ἀνατολι-

2044 5620 2280 5673 VARI/IS
2317 5616 2695 5672 LECTIONES

812 5705 857 5737 ⁸⁸
892 5710 969 5769 εἰς
1003 5714 1091 5767 δύο
1128 5718 1249 5771 add.
1274 5718 1336 5771 Α.

742 5774 870 5848 λέγῃ
897 5795 955 5843 ς.

1415 5719 1557 5781 “di;
1588 5720 1783 5781 Διὸς.

1863 5720 1905 5748 ³⁸
1932 5719 2147 5788 εἰρήνης
2180 5720 2299 5769 add.
2347 5720 2381 5767 Λ
2420 5724 2470 5767 ct
2496 5729 2600 5783 mg.
2634 5712 2697 5765 (Σ.

2774 5716 2816 5745 ηδ
2850 5713 3019 5765 εἰπεῖν
3045 5716 3135 5767 καὶ
3156 5716 3453 5781 δύοςρύσειι·
3471 5716 3676 5787 εστισὶς.
3741 5718 3788 5747 ⁸⁸
3803 5716 3999 5785 φύσεις
