4208 6442
162 374 304 445 1037

1291 396 1811 461 BIBLIOTHECA.
1848 426 1916 442 -
1950 404 2114 465 COD.
2164 406 2428 466 CCXXX.

3273 412 3408 478 1038

160 498 297 553 κῶν.
352 494 484 553 Εἶτα
528 501 624 554 καὶ
670 500 831 557 πάλιν
868 504 1081 574 ἐπάγειο
1112 508 1270 563 Μίαν
1297 510 1413 581 τὴν
1456 515 1561 568 τοῦ
1600 516 1697 568 rio

1838 527 1917 572 ret
1952 537 1967 573 :
2024 517 2131 573 Nos
2166 520 2522 575 dill'ereutiam
2551 523 2855 575 coeuntium
2881 524 3218 592 conﬁtentes,
3268 531 3402 586 duas

158 590 355 654 φύσιν
392 590 800 661 ὁμολογοῦμεν
827 597 1317 667 σεσαρωμένην,
1349 604 1480 657 ὡσεὶ
1515 603 1723 674 ἔλεγεν,

171 675 368 745 Ἡμεῖς
396 678 495 749 τὴν
530 680 789 753 διαφοράν
817 685 927 738 τῶν
954 688 1313 744 συνελθόντων
1340 694 1725 763 ὁμολογοῦντες

154 767 255 858 δύο
315 770 416 839 μὲν
464 770 692 842 λέγομεν
739 775 953 844 φύσεις.
1006 778 1132 849 [844
1168 780 1259 854 IL]
1311 783 1447 838 ἀλλὰ
1497 787 1591 839 καὶ
1625 789 1723 858 τὴν

155 855 359 911 ἕνωσιν
410 858 824 931 ἑξακριὸοῦντες
883 867 1225 939 συνάπτομεν
1275 871 1431 935 αὖθις
1479 874 1542 927 τὸ
1595 855 1723 945 μίαν

154 948 327 1015 φύσιν
350 948 443 1003 τοῦ
476 951 647 1018 Λόγου
683 958 1108 1029 σεσαρκωμὲνην
1129 978 1143 992 ο
1173 962 1238 1015 τὸ
1266 964 1365 1033 μὲν
1397 966 1506 1037 γάρ
1531 968 1647 1020 ἐστι
1673 969 1718 1001 ’τ

151 1038 256 1106 τῆς
286 1038 397 1090 τῶν
423 1040 729 1096 ἑνωθέντων
759 1043 1040 1114 διαφοράς,
1076 1051 1136 1103 τὸ
1170 1051 1227 1104 δὲ
1262 1053 1429 1122 αὐτῆς
1473 1056 1572 1125 τῆς
1599 1057 1719 1111 καθ’

154 1130 456 1184 ὑπόστασιν
502 1133 747 1198 ἑνώσεως
776 1135 825 1168 ⁸⁸
870 1138 1185 1208 δηλωτικόν.
1252 1142 1341 1208 Ἐξ
1389 1137 1466 1199 ὧν
1501 1146 1561 1199 δὲ
1591 1146 1721 1215 περὶ

151 1221 454 1294 Νεστορίου
479 1224 603 1297 ἔφη,
647 1228 808 1299 μόνον
832 1231 952 1301 οὐχὶ
975 1232 1132 1287 τοῦτο
1166 1234 1286 1306 βοᾷ,
1322 1238 1397 1301 ὼς
1426 1239 1494 1293 Et
1530 1256 1594 1307 γε
1621 1240 1720 1312 τὴν

149 1312 349 1366 ’ἑνωσιν
380 1316 500 1385 μεθ’
530 1318 685 1389 ήμῶν
718 1321 812 1374 καὶ
836 1322 1125 1395 Νεστόριος
1159 1326 1297 1396 ᾔδει,
1331 1328 1427 1381 ἕνα
1460 1330 1714 1401 Χριστὸν,

149 1404 252 1457 ἕνα
302 1407 448 1470 Υἱδν,
499 1408 597 1464 ἕνα
644 1412 849 1484 Κύριον
872 1414 919 1447 ⁸⁸
955 1416 1264 1486 ὁμολογῶν,
1301 1418 1597 1491 ἐδεξάμεθα
1650 1422 1718 1477 ἄν

148 1495 317 1549 αὑτὸν
338 1499 541 1553 καὶδύο
570 1500 793 1570 λέγοντα
818 1508 1027 1575 φύσεις,
1051 1509 1208 1580 ειπερ
1233 1509 1320 1564 διά
1344 1511 1444 1581 τῆς
1465 1512 1718 1585 τοιαύτης

148 1590 338 1657 φωνῆς
364 1591 464 1661 τὴν
501 1592 763 1665 διαφορὰν
805 1597 907 1666 τῆς
936 1599 1136 1670 σαρκὸς
1180 1602 1275 1655 καὶ
1314 1602 1409 1656 τοῦ
1445 1602 1579 1658 Θεοῦ
1609 1606 1715 1660 Λό-

148 1693 249 1745 γου
284 1681 479 1751 δηλοῦν
513 1684 784 1752 ἐϐούλετο,
817 1689 956 1742 ἀλλὰ
1007 1691 1082 1761 μὴ
1112 1691 1346 1764 διασπᾷν
1389 1696 1489 1763 τὴν
1522 1696 1715 1752 ῐνωσιν

1827 610 2040 677 quidem
2064 612 2355 665 asserimus
2384 622 2623 676 naturas,
2660 615 2752 668 sed
2789 624 2844 669 et
2882 617 3131 672 unionem
3187 623 3400 676 traden-

1828 707 1938 761 tes,
1973 697 2173 767 271a
2199 697 2301 753 hoc
2330 700 2513 754 statim
2539 700 3071 771 adjungimus,unam
3102 706 3258 762 Verbi
3278 724 3400 762 esse

1824 794 2068 838 naturam
2086 787 2449 841 incarnatam:
2476 788 2576 842 hoc
2590 789 2847 856 siquidem
2868 791 2934 846 de
2961 793 3233 848 unitorum
3253 794 3400 848 iliﬂ‘e-

1824 878 2022 940 rentia,
2054 877 2183 932 illud
2214 891 2341 933 vero
2360 879 2746 949 bypostaticam
2774 882 3020 936 unionem
3036 886 3244 939 ostendi
3262 885 3396 939 LE:

1819 968 2011 1038 quibus
2029 970 2094 1025 de
2114 968 2359 1025 Nestorio
2377 971 2526 1037 dicit,
2550 980 2752 1025 tantum
2771 988 2873 1027 non
2896 973 3123 1029 clamat:
3146 975 3214 1031 Ut
3237 976 3280 1030 si
3300 990 3398 1030 no—

1818 1062 2029 1118 biscum
2063 1065 2309 1120 unionem
2342 1064 2619 1120 Nestorius
2643 1066 2857 1128 asserit,
2892 1084 3054 1122 unum
3095 1068 3395 1140 Christum,

1818 1171 1980 1211 unum
1997 1156 2299 1222 Dominum,
2318 1171 2479 1211 unum
2511 1156 2701 1211 Filium
2714 1159 3304 1227 conﬁtens,recepimus
3333 1161 3399 1216 il‘

1818 1256 1925 1310 lum
1975 1248 2109 1303 duas
2136 1249 2399 1304 dicentem
2446 1256 2665 1303 naturas
2695 1266 2709 1304 :
2742 1250 3018 1319 siquidem,
3038 1253 3224 1305 cadent
3268 1266 3400 1308 voce

1818 1338 2166 1395 diﬂerentiam
2203 1344 2385 1395 carnis
2412 1355 2478 1395 ac
2507 1341 2600 1396 Dei
2635 1341 2791 1398 Verbi
2831 1352 3055 1397 conatur
3090 1346 3396 1409 ostendere,

1817 1428 1908 1484 sed
1936 1444 2005 1485 ne
2040 1430 2329 1497 decerpere
2353 1429 2629 1484 veritatem
2655 1440 2878 1486 conatus
2900 1432 2989 1486 sit.
3016 1431 3073 1486 Si
3110 1445 3235 1487 vero
3262 1432 3397 1487 duas

1816 1530 2032 1576 naturas
2060 1521 2261 1582 dicere.
2308 1532 2365 1578 ut
2387 1524 2499 1594 ipse
2528 1524 2683 1589 dixit,
2742 1523 3097 1580 differentiam
3129 1524 3399 1595 signiﬁcas

1814 1613 1993 1669 carnis
2025 1621 2079 1670 et
2119 1614 2214 1670 Dei
2260 1613 2444 1683 Verbi,
2471 1625 2528 1672 et
2558 1616 2699 1672 hanc
2730 1631 2948 1672 servare
2974 1625 3187 1685 oportet
3230 1615 3392 1687 [post]

1814 1704 2062 1761 unionem
2096 1723 2109 1759 :
2133 1707 2384 1763 nimirum
2406 1708 2542 1763 duas’
2562 1718 2781 1762 naturas
2803 1710 2960 1762 docet
2996 1716 3117 1776 post
3141 1709 3398 1762 unionem

144 1770 490 1864 ἑτεχνάζετο.
529 1777 590 1830 Ei
635 1779 691 1832 δὲ
720 1779 781 1832 τὸ
821 1781 915 1835 δύο
945 1783 1135 1851 φύσεις
1190 1785 1390 1853 λέγειν.
1432 1788 1509 1852 ὡς
1554 1788 1700 1852 αὐτὸς

1814 1810 2049 1852 servare.
2080 1796 2385 1857 Dilierentia
2444 1800 2649 1855 scilicet
2697 1809 2930 1864 servata,
2964 1815 3185 1856 necesse
3218 1810 3302 1857 est
3328 1816 3395 1855 ea

143 1857 440 1958 εἶπε-.-τὴν
469 1866 731 1958 διαφορὰν
783 1875 1039 1942 σημαίνει
1084 1878 1184 1947 τῆς
1222 1881 1420 1949 σαρκὸς
1469 1883 1565 1936 καὶ
1614 1882 1700 1937 τοῦ

1813 1888 2016 1953 σοι-νοτί
2047 1889 2114 1942 de
2142 1890 2336 1958 quibus
2360 1890 2682 1946 diﬂercutia.
2714 1857 3089 1947 EtOrientales
3108 1908 3290 1948 secum
3319 1893 3397 1947 ait

140 1949 285 2005 Θεοῦ
311 1953 438 2024 [444
471 1957 562 2028 ιι]
604 1960 794 2029 Λόγου,
826 1964 923 2017 καὶ
952 1966 1158 2037 ταύτην
1174 1969 1254 2023 δεῖ
1285 1971 1551 2036 σώζεσθαι
1575 1976 1700 2045 μετᾶ

1813 1949 2145 2044 consentire,
2161 1949 2228 2035 et
2254 1996 2589 2053 nequaquam
2606 1997 2763 2037 unam
2784 1981 2937 2038 Verbi
2954 1994 3198 2039 naturam
3220 1987 3399 2039 incar-

138 2048 243 2118 τὴν
270 2050 484 2115 ἕνωσιν,
532 2054 691 2124 δῆλον
723 2056 806 2110 ὃτι
835 2059 1055 2125 καὶτὰς
1089 2062 1184 2117 δύο
1233 2065 1471 2121 διδάσκει
1520 2068 1700 2136 φύσεις

1816 2080 1995 2127 natam
2022 2048 2463 2137 asserentes,‘scd
2488 2076 2620 2131 duas
2657 2076 2873 2145 quidem
2900 2085 3205 2133 asserentes
3238 2088 3395 2131 natu-

144 2140 292 2235 μετά
325 2143 424 2211 τὴν
464 2144 656 2201 ἕνωσιν
690 2148 955 2214 σώζεσθαι
979 2167 994 2183 ⁸
1023 2154 1125 2222 τῆς
1164 2154 1273 2226 γὰρ
1308 2157 1572 2232 διαφορᾶς
1601 2178 1700 2216 σω-

1815 2178 1903 2218 rss
1916 2164 2246 2235 hypostatica
2263 2166 2459 2220 unione
2473 2140 3211 2232 unitas,-indill‘erentesvoces
3248 2166 3398 2221 clare

138 2230 400 2331 ξομξνης,
452 2237 674 2309 ἀνάγκη·
716 2242 810 2294 καὶ
856 2243 925 2297 τά
969 2237 1044 2298 ὧν
1080 2248 1113 2316 ή
1151 2246 1382 2319 διαφορὰ
1410 2230 1700 2307 συνδιασὼ-

1813 2230 2127 2312 ostenditur.
2147 2258 2326 2325 Quare
2341 2259 2596 2331 synodus.
2622 2230 2723 2314 etsi
2737 2276 2841 2316 non
2860 2260 3059 2331 lingua,
3084 2270 3260 2315 tamen
3277 2274 3395 2314 sen-

137 2320 354 2384 ζεσθαι.
388 2329 496 2380 Καὶ
523 2331 650 2391 τοὺς
693 2332 1045 2398 άνατολικοὺς
1082 2336 1128 2389 δ’
1158 2338 1327 2392 εἰπὼν
1368 2347 1700 2413 συμφρονεῖν

1813 2348 1971 2403 lentia
1986 2365 2143 2405 unam
2158 2320 2462 2408 novithrbi
2478 2362 2723 2408 naturam
2738 2354 3064 2409 incarnatam
3076 2355 3393 2424 pradicare.

134 2414 314 2517 αύτῷ,
360 2419 533 2517 καίτοι
574 2422 849 2517 ’μηδαμοῦ
900 2424 1192 2517 Ῠφαμένους
1256 2430 1385 2498 μίαν
1437 2432 1599 2500 φύσιν
1642 2434 1735 2489 τοῦ
1776 2437 1954 2507 Λόγου
2017 2442 2461 2514 σεσαρκωμένην,
2502 2444 2639 2498 ἀλλὰ
2696 2445 2787 2499 δύο
2847 2446 2946 2517 μὲν
2994 2414 3246 2514 λέγοντας
3295 2446 3393 2508 τὰς

136 2502 368 2605 φύσειςὶ
405 2508 688 2605 ἡνωμένος
742 2511 802 2605 δὲ
862 2516 946 2605 τῇᾲ
983 2514 1105 2605 καθ’
1160 2518 1455 2575 ὑπόστασιν
1488 2522 1698 2590 subest,
1738 2502 2059 2601 ἀδιαξρὸρους
2076 2502 2175 2596 τάξ
2224 2502 2407 2602 «pluan
2446 2502 2759 2605 sceptcpawbc
2795 2502 3171 2605 ἁττοφαίνεται.
3220 2502 3387 2598 ίαστέ

134 2599 233 2651 καὶ
250 2598 286 2668 ἡ
307 2598 541 2664 σύνοδος,
565 2602 668 2653 κᾶν
696 2601 770 2673 μὴ
801 2606 869 2674 τῇ
898 2603 1140 2678 γλώσσῃ.
1166 2608 1298 2663 ἀλλὰ
1322 2615 1387 2684 τῇ
1406 2630 1469 2682 γε
1492 2616 1539 2647 ⁹⁰
1563 2616 1775 2691 γνώμῃ,
1812 2598 1945 2688 μίαν
1980 2624 2142 2691 φύσιν
2181 2598 2470 2696 κηρύττειν
2498 2598 2606 2682 «ita;
2624 2630 2715 2683 τοῦ
2740 2598 3388 2704 λόγούσεσαρκωμένην-

204 2790 324 2842 Οὐκ
346 2790 410 2841 ἐκ
430 2791 537 2843 τῶν
562 2791 863 2863 εἰρημένων
880 2793 938 2847 δὲ
963 2796 1122 2865 μόνον
1146 2799 1325 2869 ῥᾴδιόν
1342 2803 1384 2835 ’ί
1415 2804 1530 2859 ἐστι
1552 2809 1708 2862 τοῦτο

131 2881 397 2951 καθορᾷν,
433 2882 568 2935 ἀλλὰ
599 2886 691 2937 καὶ
738 2886 801 2938 ὲκ
854 2886 948 2939 τοῦ
996 2889 1239 2944 λιὸἐλλου
1284 2894 1344 2946 ὃν
1374 2895 1579 2967 ἔγραψε
1612 2902 1710 2970 μὲν

127 2974 315 3043 οἰκείᾳ
363 2976 507 3043 χειρὶ
552 2978 581 3029 ό
632 2976 917 3040 Θεσπέσιος
968 2980 1283 3047 ⁴Ιιλςιϐιανδς,
1318 2986 1608 3043 ἐπιδέδωκε
1653 2992 1710 3045 δὲ

128 3064 399 3135 Θεοδοσίῳ
442 3066 518 3135 τῷ
564 3066 803 3135 βασιλεῖ·
848 3072 879 3139 ή
930 3071 987 3125 δὲ
1021 3072 1235 3137 σύνοδος
1264 3076 1368 3146 πρὸ
1391 3079 1499 3132 τῶν
1536 3081 1711 3135 ἄλλων

125 3154 337 3222 ταύτην
372 3156 585 3227 ἔκρινεν
612 3161 1209 3233 ἀναγνωσθῆναι.Ἕχει
1242 3168 1348 3236 γάρ
1396 3172 1487 3224 ἐπὶ
1518 3172 1713 3237 λέξεως

1888 2812 2001 2868 Non
2045 2812 2200 2866 modo
2239 2829 2269 2868 e
2298 2813 2453 2868 dictis
2492 2816 2593 2869 hoc
2622 2813 2779 2870 facile
2812 2826 2895 2870 est
2929 2820 3267 2885 perspicere,
3296 2822 3389 2872 scil

1812 2901 1975 2955 etiam
2010 2916 2076 2955 ex
2114 2915 2178 2954 eo
2213 2901 2389 2955 libello
2418 2915 2575 2969 quem
2607 2903 2822 2971 propria
2854 2919 3009 2958 manu
3026 2916 3246 2961 sanctus
3270 2908 3391 2960 Fla-

1813 2992 2002 3045 vianus
2024 2992 2331 3058 concripsit,
2354 2992 2723 3046 etheodnsio
2742 2993 3050 3063 imperatori
3080 2996 3349 3065 inscripsit
3370 3019 3389 3054 ;

1813 3082 2099 3137 concilium
2130 3097 2257 3136 vero
2300 3092 2423 3135 ante
2458 3084 2591 3138 alios
2638 3083 2777 3138 hunc
2828 3085 2927 3154 legi
2964 3087 3233 3155 praecepit.
3297 3087 3387 3142 Sic

1812 3172 1956 3227 enim
1992 3174 2061 3228 ibi
2097 3174 2164 3226 ad
2196 3172 2450 3228 verbum:
2487 3172 2688 3228 Etentnt
2714 3175 2961 3230 eduabus
2987 3182 3193 3231 naturis
3223 3179 3381 3233 Chri-

124 3240 233 3299 ὧδε
258 3263 273 3277 ο
306 3249 415 3301 Καὶ
462 3250 571 3319 γὰρ
602 3251 671 3303 ἐκ
721 3252 829 3306 δύο
859 3255 1101 3322 φύσεων
1125 3260 1559 3330 ὁμολογοῦντες
1599 3267 1700 3317 τὸν

1813 3273 1937 3317 mam
1967 3274 2076 3332 post
2092 3265 2499 3317 incarnationem
2527 3267 2580 3318 in
2617 3282 2720 3319 una
2758 3268 3022 3336 hypostasi
3058 3270 3382 3338 conﬁtentes.

122 3342 393 3407 Χριστὸν
428 3342 580 3409 μετὰ
629 3344 743 3410 τὴν
792 3345 1101 3413 σάρκωσιν
1133 3348 1205 3401 ἐν
1230 3349 1337 3417 μιᾷ
1371 3355 1704 3409 ὑποστάσει

124 3433 227 3486 καὶ
267 3433 337 3486 ἐν
361 3434 451 3486 ἐνὶ
483 3436 798 3503 προσώπῳ,
826 3437 933 3490 ἕνα
961 3441 1233 3506 Χριστὸν,
1263 3443 1372 3497 ἕνα
1414 3447 1568 3513 Υίὸν,
1597 3448 1704 3501 ἕνα

126 3526 352 3591 Κύριον
380 3528 803 3597 ὁμολογοῦμεν.
837 3526 979 3583 Εἷτα
1022 3533 1122 3585 καὶ
1167 3534 1314 3602 μίαν
1358 3536 1474 3604 μὲν
1516 3539 1703 3606 φύσιν

122 3613 235 3668 τοῦ
266 3615 415 3668 Θεοῦ
432 3617 477 3647 ⁹⁹
501 3618 718 3685 Λόγου,
749 3621 1218 3689 σεσαρκωμένην
1242 3623 1444 3692 μέντοι
1476 3628 1575 3680 καὶ
1609 3630 1703 3680 ἑν-

120 3706 617 3773 ανθρωπήσασαν
642 3707 841 3777 λέγειν
870 3711 979 3764 οὐκ
1018 3712 1354 3779 ἀρνούμεθα
1372 3754 1386 3776 ,
1419 3713 1515 3768 διὰ
1546 3718 1608 3769 τὸ
1633 3718 1701 3780 ἐξ

120 3798 353 3867 ἀμφοῖν
372 3799 481 3851 ἕνα
508 3800 605 3854 καὶ
630 3801 733 3853 τὸν
760 3802 947 3856 αὑτὸν
972 3799 1125 3857 εἶναι
1154 3804 1261 3857 τὸν
1284 3806 1502 3874 Κύριον
1533 3808 1701 3876 ἡμῶν

136 3888 390 3955 Ἰησοῦν
425 3892 704 3959 Χριστόν.

199 3982 276 4034 Σὺ
313 3980 369 4034 δέ
409 3996 499 4051 μοι
542 3986 734 4037 σκόπει
780 3987 1103 4040 κάκεῖνο.Ἦ
1136 3986 1353 4052 σύνοδος
1393 3990 1631 4060 συνεχῶς
1654 3992 1700 4023 ⁸³

119 4073 218 4128 τὸν
270 4075 431 4127 αὑτὸν
476 4075 624 4144 λέγει
653 4078 749 4129 καὶ
779 4078 876 4131 ἕνα
905 4080 1155 4150 Χριστόν.
1186 4082 1357 4135 Τοῦτο
1387 4083 1444 4136 δὲ
1470 4084 1521 4136 τί
1552 4086 1699 4138 ἐστιν

118 4167 314 4234 ἕτερον
342 4167 374 4239 ἢ
407 4168 467 4221 τὸ
491 4169 589 4239 τὴν
623 4169 744 4223 καθ’
770 4170 1062 4224 ὑπόστασιν
1086 4172 1278 4226 ἕνωσιν
1308 4175 1607 4244 ὁμολογεῖν,
1640 4178 1697 4247 ἢ,

118 4260 173 4312 εί
203 4258 408 4327 βούλει,
434 4259 530 4329 τὴν
566 4261 695 4330 μίαν
723 4262 887 4329 φύσιν
910 4261 1004 4314 τοῦ
1036 4264 1209 4331 Λόγου
1236 4266 1695 4336 σεσαρκωμένην;

118 4350 237 4403 Καὶ
263 4348 373 4419 γὰρ
405 4350 571 4420 χωρὶς
589 4352 633 4382 ’⁸
665 4351 773 4404 τῶν
800 4351 1090 4419 αἱρετικῶν
1119 4354 1467 4423 σοφισμάτων
1492 4356 1526 4426 ἡ
1558 4357 1695 4427 χρῆ-

116 4457 209 4504 σις
228 4441 370 4511 αὕτη
399 4444 781 4513 προφερομένη
810 4444 869 4497 τὸ
888 4444 1178 4514 ἀδιάφορον
1198 4443 1329 4514 ἔχει,
1354 4446 1492 4516 πρός
1514 4464 1578 4516 γε
1598 4448 1696 4520 τὴν

113 4532 529 4602 προειρημένην
565 4532 804 4585 διάνοιαν
822 4534 889 4587 ’⁸.

1809 3366 1856 3410 et
1874 3356 1927 3408 in
1942 3370 2044 3408 una
2073 3370 2292 3423 persona
2306 3372 2463 3408 unum
2488 3353 2772 3423 Christum,
2794 3374 2953 3412 unum
2976 3358 3197 3424 Filium,
3221 3379 3384 3415 unum

1810 3446 2090 3499 Dominum
2107 3445 2415 3512 conﬁtemur
2439 3466 2450 3500 :
2477 3447 2664 3501 deinde
2680 3458 2729 3501 et
2760 3466 2916 3503 unam
2947 3460 3189 3505 naturam
3233 3452 3382 3507 Verbi

1808 3546 2157 3604 ineat-natant.
2188 3548 2235 3591 et
2264 3554 2470 3591 carnem
2502 3539 2744 3594 indutam
2781 3542 2950 3597 dicere
2982 3560 3084 3597 uon
3110 3561 3379 3614 negamus,

1806 3628 1930 3695 quia
1959 3644 1986 3681 e
2040 3628 2243 3682 duobus
2296 3645 2457 3682 unum
2493 3640 2540 3683 et
2569 3632 2801 3685 eumdem
2825 3648 2936 3687 esse
2966 3632 3242 3688 Dominum
3280 3654 3377 3689 no-

1808 3728 1971 3770 strum
1997 3717 2178 3771 Iesum
2220 3717 2508 3773 Christum.

1875 3988 1954 4041 Tu
1983 4001 2113 4041 vero
2150 3996 2206 4041 et
2239 3986 2364 4042 illud
2394 3988 2696 4043 considera.
2717 3990 3009 4045 Concilium
3038 3993 3376 4048 continenter

1805 4078 1935 4133 dicit
1973 4078 2218 4133 eumdem
2256 4087 2311 4133 et
2344 4095 2506 4134 uuum
2564 4079 2857 4136 Christum.
2905 4081 3016 4137 lloc
3066 4097 3196 4137 vero
3246 4085 3374 4151 quiti

1803 4169 1945 4224 aliud
1972 4181 2056 4225 est
2078 4185 2239 4240 quam
2270 4170 2521 4226 unionem
2552 4172 2941 4242 hypostatieam
2978 4176 3243 4240 conﬁteri,
3271 4178 3373 4240 vel,

1802 4258 1846 4313 si
1881 4260 2075 4328 placet,
2110 4275 2267 4314 unam
2310 4259 2468 4315 Verbi
2494 4270 2740 4315 naturam
2773 4261 3133 4317 incantatam?
3158 4264 3371 4318 Etenim

1803 4350 2008 4419 absque
2037 4352 2407 4406 hareticorum
2439 4352 2864 4407 cavillationibus
2884 4393 2899 4417 ,
2942 4370 3067 4409 usus
3096 4358 3181 4410 hic
3214 4366 3372 4411 antea

1801 4442 1994 4498 allatus
2015 4441 2368 4499 dill‘erentiam
2396 4444 2635 4500 continet
2658 4445 2722 4498 ad
2754 4447 3062 4513 prmdictum
3086 4463 3322 4502 sensum.

192 4625 408 4693 Ὥσπερ
436 4624 491 4676 δὲ
517 4627 580 4676 ὲκ
610 4625 859 4695 θεότητος
909 4627 1001 4679 καὶ
1042 4627 1457 4697 άνθρωπότητος
1500 4629 1533 4698 ή
1570 4632 1695 4682 σύν-

1871 4620 2331 4688 Quemadmodum
2367 4632 2545 4677 autem
2576 4638 2643 4678 ex
2678 4625 3011 4681 humanitate
3044 4635 3204 4696 atque
3235 4628 3371 4682 divi-

110 4716 238 4778 οδος
283 4715 515 4783 λέγουσα
563 4716 653 4769 τὸν
702 4717 905 4788 Κύριον
950 4719 1106 4787 ἡμῶν
1140 4720 1344 4789 Ἰησοῦν
1375 4721 1609 4790 Χριστόν
1634 4722 1699 4775 ἐκ

109 4805 211 4860 δύο
240 4806 455 4875 φύσεων
484 4807 681 4875 ὁμοίως
703 4808 1029 4878 ἀνευφημεῖ,
1055 4809 1199 4862 οὕτω
1240 4810 1333 4863 καὶ
1381 4812 1439 4863 ἐν
1482 4812 1697 4880 θεότητι

110 4898 213 4953 καὶ
241 4898 621 4968 άνθρωπότητι
642 4900 687 4931 ’⁸
717 4899 946 4966 λέγουσα
985 4903 1045 4953 ὲν
1095 4902 1217 4953 δυσὶ
1258 4900 1469 4966 δοξάζει
1503 4902 1697 4972 φύσεσι

109 4996 212 5048 καὶ
236 4994 608 5062 συνομολογεῖ.
637 4996 713 5047 Οὐ
744 4995 851 5063 γὰρ
880 4998 945 5048 ὲκ
976 4995 1185 5049 τούτων
1215 4997 1315 5066 μέν
1345 4998 1493 5051 ἐστιν
1516 5000 1546 5050 ὁ
1567 5000 1697 5069 Χρι-

109 5086 260 5147 nec,
291 5084 414 5153 οὐχὶ
436 5085 605 5137 ταῦτα
639 5084 724 5150 δὲ,
755 5085 875 5139 οὐδὲ
904 5084 1076 5138 ταῦτα
1111 5087 1229 5155 μὲν,
1258 5087 1357 5139 οὐκ
1386 5089 1445 5139 ἐν
1475 5088 1686 5149 τούτοις

104 5178 189 5239 δὲ,
222 5176 338 5229 ἀλλ’
363 5176 423 5239 ἐξ
466 5169 541 5228 ὧν
585 5178 721 5239 ἐστι,
752 5178 847 5229 καὶ
876 5178 934 5229 ἐν
983 5176 1193 5239 τούτοις
1236 5176 1557 5246 γνωρίζεται
1591 5182 1685 5231 καὶ

1799 4714 1965 4769 nitate
1993 4714 2265 4769 Christum
2301 4714 2581 4770 Dominum
2613 4731 2681 4771 ex
2716 4717 2925 4772 duabus
2978 4722 3181 4775 naturis
3214 4723 3362 4775 simi-

1800 4805 1918 4858 liter
1940 4806 2174 4875 synodus
2188 4805 2485 4873 prredicans
2506 4807 2697 4861 iterum
2727 4808 2909 4863 laudat
2944 4810 3052 4863 :sic
3081 4820 3135 4864 et
3158 4812 3209 4864 in
3229 4813 3360 4864 dis-io

1798 4897 1963 4950 nitate
1987 4905 2042 4950 et
2075 4896 2270 4966 2710
2312 4898 2643 4953 humanitate
2683 4898 2865 4953 dicens
2912 4900 2964 4954 in
3003 4900 3213 4955 duabus
3241 4904 3359 4971 Opi-

1797 4997 1952 5038 natur
1975 4986 2182 5039 naturis
2214 5001 2278 5040 ac
2332 4988 2637 5041 conﬁtetur.
2696 4985 2811 5042 Non
2863 4994 3007 5044 enim
3045 5005 3110 5044 ex
3166 4991 3250 5046 his
3279 5005 3361 5045 est

1794 5077 2059 5139 Christus,
2098 5091 2272 5145 neque
2294 5077 2429 5138 lucc,
2454 5092 2625 5145 neque
2645 5078 2873 5138 illa.uon
2905 5082 3188 5150 inquibus,
3211 5084 3304 5139 sed
3334 5099 3369 5135 e

1786 5166 1981 5235 quibus
2035 5176 2139 5229 est.
2199 5178 2255 5222 et
2291 5168 2343 5221 in
2374 5168 2568 5236 quibus
2606 5170 2929 5239 agnoscitur.
2966 5171 3030 5226 Et
3089 5173 3203 5227 haec
3248 5175 3367 5232 fere

104 5266 286 5320 ταῦτά
314 5266 481 5318 ἐστιν.
507 5265 662 5318 Οὕτω
691 5266 749 5319 δὲ
778 5267 869 5318 καὶ
901 5266 1220 5336 Ἀμϐρόσιος
1248 5268 1276 5319 ό
1306 5267 1610 5337 θαυμάσιος
1628 5270 1685 5320 ὲν

1817 5270 1931 5313 unt.
1958 5259 2049 5314 Sic
2100 5275 2310 5329 quoque
2358 5261 2549 5317 beatus
2582 5262 2895 5318 Ambrosius
2916 5264 3051 5319 libro
3086 5282 3136 5320 IV
3166 5267 3242 5323 De
3275 5270 3361 5323 in-

102 5357 187 5428 τῷ
219 5358 347 5423 περὶ
378 5354 838 5424 ἐνανθρωπήσεως
861 5356 1108 5427 τετάρτῳ
1134 5356 1453 5423 δογματίζει
1501 5356 1643 5423 λόγῳ
1666 5372 1680 5386 ⁸

116 5450 219 5502 'Er
253 5448 335 5513 τῷ
364 5447 509 5515 Θεὸς
542 5445 692 5503 εἶναι
717 5448 951 5514 αἰώνιος
978 5450 1051 5503 τὰ
1078 5446 1187 5517 τῆς
1210 5448 1436 5516 σαρκὸς
1453 5447 1685 5517 μυστή-

1787 5355 2093 5407 carnalium
2130 5356 2286 5407 tlocet
2320 5375 2331 5408 :
2362 5351 2446 5406 Ibi
2499 5354 2633 5408 Deus
2680 5355 2744 5408 ab
2783 5368 2980 5411 interno
3022 5377 3130 5413 esse
3179 5366 3355 5416 carnis

1789 5447 2037 5514 mysteria
2060 5445 2324 5513 pravidt’t,
2357 5461 2447 5498 nec
2462 5456 2754 5514 separatus,
2781 5451 2869 5502 sed
2901 5466 3052 5506 unus.
3071 5451 3357 5522 Postquam

1398 5615 1630 5670 νΑιιιΑς
1684 5611 2062 5668 LECTIONES
2085 5653 2098 5667 .

172 5727 217 5756 "
258 5729 374 5779 ἐστι
400 5730 441 5780 Α
471 5743 486 5779 :
518 5728 608 5781 ἐπί
644 5747 703 5793 ς.
780 5729 824 5760 ⁸³
846 5728 1179 5791 ἒνωσίςιέστι
1214 5729 1505 5797 δηλωτικὸς
1538 5746 1598 5792 ς’.
1674 5728 1717 5759 ⁸⁸
1741 5728 1833 5779 ἕνα
1862 5725 2215 5799 Κύριονηὲνα
2250 5726 2466 5799 meq.
2544 5725 2589 5757 ⁹⁰
2619 5742 2678 5792 γε
2706 5728 2900 5799 οεΜΛ.
2979 5731 3019 5760 ⁹¹
3047 5731 3165 5782 libri
3198 5732 3349 5799 ῥᾷόι.

103 5797 151 5833 ’⁵
180 5796 320 5850 Θεοῦ
343 5799 465 5855 add.
506 5800 569 5853 Δ.
662 5802 707 5833 ’³
736 5799 825 5852 τὸν
848 5800 1007 5853 αὐτὸν
1038 5796 1275 5867 συνεχῶς
1306 5818 1365 5864 ς.

1459 5802 1504 5833 ’⁵
1539 5799 1700 5869 χωρίς
1733 5800 1775 5851 Λ
1811 5817 1822 5852 :
1856 5799 1946 5850 καὶ
1969 5796 2133 5866 χωρίς
2158 5813 2213 5859 ς.

2295 5799 2341 5827 ’⁷⁵
2370 5798 2603 5860 διανοίας
2634 5814 2689 5859 ιτ.
2735 5793 2799 5831 ’9⁸
2826 5793 3261 5871 ἐνὰνορωπότητὶ
3290 5817 3347 5863 ς.
