4208 6442
781 405 917 471 1039

1905 400 2169 465 PHOTII
2204 406 2703 467 PATRIARCH/E
2737 407 2840 467 CP.

3878 414 4009 476 ΙΟιο

778 535 1218 589 urrumqueunus,
1249 528 1295 572 et
1331 534 1464 571 unus
1490 520 1541 571 iu
1569 530 1806 588 utroque,
1833 524 1928 575 hoc
1953 536 2048 587 est,
2079 527 2131 576 in
2154 527 2343 578 diviui-
2373 548 2412 601 Α

2373 548 2412 601 Α
2440 547 2538 595 pta
2569 529 2986 596 προσελάϐετο,
3018 531 3088 581 οὺ
3117 530 3485 597 διῃρημένος.
3508 533 3645 585 ἀλλ’
3676 532 3781 599 εἲς,
3802 537 4007 601 ἐπειδὴ

776 621 881 666 tate
905 623 950 665 et
980 602 1333 663 humanitate:
1352 609 1557 664 liursus
1586 612 1722 664 idem
1741 612 1846 664 alio
1873 611 2029 675 libro.
2054 616 2194 669 unde
2220 632 2337 669 mn-

777 710 955 755 tuatus
982 709 1066 754 est
1092 703 1277 753 doctus
1304 701 1534 770 Cyrillus
1572 713 1758 754 cnntra
1795 702 2115 765 Nestorium,
2139 708 2215 758 sic
2247 708 2342 759 bo-

776 808 876 846 nus
907 793 1075 859 mquit
1104 792 1417 845 Ambrosius
1448 806 1465 841 :
1512 791 1656 845 Unus
1707 793 1799 845 Dei
1831 792 2003 846 Filius
2031 796 2083 847 in
2123 808 2341 865 utraque

772 886 939 950 specie
962 884 1108 938 verba
1136 884 1284 950 facit,
1307 885 1510 948 quando
1535 895 1752 951 utraque
1764 887 2012 951 prwditus
2030 898 2219 938 natura
2242 898 2335 941 est.

774 974 886 1029 Hoc
911 990 1037 1028 vero
1068 976 1267 1026 dictum
1306 976 1543 1042 corrupit
1574 974 1827 1037 Severus,
1861 976 1991 1029 nihil
2022 976 2337 1044 iniuriarum

772 1067 1045 1121 omittens.
1077 1064 1249 1118 Vertit
1279 1065 1421 1118 enim
1476 1081 1634 1119 unam
1670 1080 1857 1120 vocem
1912 1067 1965 1121 in
2008 1067 2254 1129 alteram,
2282 1079 2341 1121 ut

772 1159 1089 1227 persuadeat
1113 1171 1369 1226 apparere
1392 1172 1518 1211 voce
1547 1172 1649 1210 non
1675 1167 1945 1221 naturam,
1972 1161 2064 1213 sed
2090 1158 2338 1229 loquendi

773 1248 1077 1310 formulam,
1110 1249 1248 1316 quod
1282 1249 1452 1316 ipsum
1485 1249 1798 1315 reprehendi
1816 1251 2008 1303 merito
2031 1251 2208 1307 debet.
2240 1252 2339 1306 Ve-

774 1351 1072 1394 rumtamen
1106 1338 1367 1393 refellitur
1397 1343 1463 1393 ob
1504 1356 1657 1394 usum
1686 1342 1831 1395 vocis
1880 1344 2186 1411 pradictum
2217 1360 2335 1398 cum

772 1431 901 1485 dicit
933 1432 983 1492 in
1012 1444 1235 1498 utroque
1271 1430 1407 1483 idem
1438 1430 1739 1500 designare.
1775 1432 1914 1498 Quid
1948 1433 2047 1487 sibi
2088 1434 2202 1487 vult
2236 1436 2335 1488 hoc

769 1522 949 1574 eodem
977 1537 1071 1590 pro
1104 1523 1159 1574 in
1206 1532 1441 1589 utroque,
1476 1523 1573 1576 hoc
1598 1532 1681 1575 est
1711 1522 2040 1592 conjungens
2074 1523 2335 1576 divinitati

773 1622 825 1667 et
846 1613 1189 1675 humanitati,
1224 1627 1390 1680 quare
1415 1614 1455 1665 si
1489 1612 1541 1665 in
1576 1624 1792 1682 utraque
1822 1613 1986 1677 dicat,
2045 1625 2102 1667 ut
2128 1615 2340 1668 sincere

773 1706 972 1759 habent
1025 1707 1181 1758 verba
1222 1702 1511 1766 Ambrosii,
1545 1707 1660 1758 sive
1709 1707 1763 1757 in
1786 1718 2019 1768 utroque,
2052 1715 2111 1759 ut
2142 1706 2341 1775 impro-

774 1795 872 1848 bus
899 1795 983 1847 ille
1010 1796 1245 1861 sophista
1291 1810 1473 1849 vocem
1526 1796 1802 1864 depravat,
1853 1796 2196 1851 nihilominus
2222 1798 2338 1851 dure

2445 620 2507 669 τὸ
2534 620 2813 685 ἑκάτερον
2836 615 2921 683 εἷς
2960 620 3052 671 καὶ
3075 623 3106 671 ό
3124 614 3208 684 εἷς
3227 622 3294 671 ἐν
3326 623 3596 689 ἐκατέρῳ,
3616 626 3890 679 τουτέστι
3915 628 4011 681 καὶ

2444 711 2672 774 θεότητι
2699 712 2794 761 καὶ
2824 710 3065 777 σώματι.
3100 712 3263 763 Πάλιν
3292 713 3347 763 δὲ
3390 716 3445 763 ἐν
3479 715 3620 782 ἄλλῳ
3664 716 3825 785 λόγῳ,
3862 719 3925 781 ἐξ
3952 716 4012 773 οὐ

2444 799 2537 849 καὶ
2576 802 2603 850 6
2649 799 2808 864 σοφδς
2854 798 3115 866 Κύριλλος
3154 801 3347 869 χρῆσιν
3391 804 3528 853 κατᾶ
3560 803 3853 872 Νεστορίου
3888 824 4016 873 προ-

2444 892 2690 958 ήνεγκεν,
2742 890 2912 951 οὕτως
2959 894 2987 942 6
3037 893 3271 959 χρηστὸς
3317 893 3632 961 Ἀμϐρόσιός
3681 913 3874 963 φησιν·
3910 894 4014 961 Εἷς

2446 983 2593 1034 Θεοῦ
2632 982 2763 1045 Υἱὸς
2800 983 2867 1033 ἐν
2902 982 3148 1049 ἑκατέρῃ
3184 983 3377 1047 λαλεῖ,
3406 985 3727 1053 ἐπειδήπερ
3762 987 4015 1051 ἑκατέρα

2443 1075 2626 1139 φύσις
2655 1074 2723 1125 ἐν
2755 1070 2930 1136 αὐτῷ.
2957 1072 3126 1124 Τοῦτο
3146 1073 3202 1123 δὲ
3229 1073 3289 1124 τὸ
3320 1074 3479 1143 ῥητὸν
3511 1076 3887 1143 ἐκακούργησε
3917 1078 4012 1143 μὲν

2443 1165 2698 1233 Σεϐῆρος,
2720 1164 2869 1215 οὐδὲν
2905 1164 2964 1216 δὲ
3002 1167 3101 1234 τῆς
3142 1166 3474 1233 κακουργίας
3519 1166 3790 1219 ἀπώνατο.
3828 1169 4013 1219 Μετα-

2446 1258 2666 1325 στρέφει
2718 1256 2815 1325 μὲν
2868 1256 2972 1327 γὰρ
3024 1259 3103 1317 είς
3142 1256 3203 1306 τὸ
3253 1256 3511 1323 ἐκατέρῳ
3548 1260 3645 1326 τὴν
3691 1258 3946 1323 ἑκατέρᾳ
3964 1260 4010 1290 ’⁷

2444 1352 2643 1416 φωνὴν,
2681 1346 2765 1398 ἵνα
2797 1347 2960 1419 πείσῃ
2991 1346 3275 1415 δηλοῦσθαι
3308 1346 3393 1399 διὰ
3426 1348 3524 1416 τῆς
3564 1349 3747 1416 φωνῆς
3792 1351 3868 1418 μὴ
3915 1350 4013 1419 τὴν

2444 1438 2624 1507 φύσιν,
2647 1438 2779 1493 ἀλλά
2798 1439 2889 1490 τὸν
2916 1439 3114 1509 τρόπον
3137 1440 3237 1506 τῆς
3262 1438 3470 1502 λαλιᾶς,
3513 1439 3622 1492 οἷον
3664 1442 3721 1491 ὲν
3768 1442 4017 1509 ἑκατέρῳ

2442 1527 2629 1598 τρόπῳ
2660 1527 2787 1596 θείῳ
2820 1543 2880 1579 τε
2911 1527 3005 1579 καὶ
3033 1528 3355 1597 ἀνθρωπίνῳ
3404 1528 3755 1598 λαλεῖ.”οπερ
3787 1528 4018 1580 αὐτόθεν

2446 1619 2547 1689 μὲν
2575 1618 2687 1687 ἔχει
2713 1620 2805 1671 τὸν
2840 1618 3056 1687 ἔλεγχον
3075 1658 3090 1681 ,
3117 1621 3175 1671 οὐ
3210 1621 3314 1689 μὴν
3347 1620 3480 1672 ἁλλά
3509 1622 3602 1673 καὶ
3629 1621 3715 1673 διὰ
3747 1624 3847 1689 τῆς
3882 1638 4016 1689 προ-

2444 1711 2735 1779 ειρημένης
2765 1711 3182 1780 ἐπιρῤαπίζεται
3216 1712 3483 1780 χρήσεωςσ
3515 1712 3585 1764 ἐν
3612 1710 3763 1778 αὐτῇ
3798 1713 3905 1780 γὰρ
3938 1714 4017 1763 εί-

2444 1797 2560 1851 πὼν
2585 1799 2751 1867 αὐτὴν
2779 1799 2877 1865 τὴν
2906 1798 3047 1865 λέξιν
3077 1801 3148 1852 ἐν
3175 1788 3429 1868 ἐκατέρῳ
3445 1802 3489 1832 ’³
3517 1803 3675 1862 αὐτὸς
3702 1803 4016 1871 ἡρμήνευσε

770 1885 1112 1941 offenduntur
1147 1897 1369 1939 naturae.
1400 1887 1623 1949 Idcirco,
1658 1899 1717 1941 ut
1742 1888 1999 1949 diximus.
2026 1888 2341 1943 Ambrosius
2373 1907 2414 1964 Β

2373 1907 2414 1964 Β
2446 1890 2571 1961 [845
2589 1889 2676 1962 IL]
2706 1891 2755 1942 τί
2786 1890 3033 1960 βούλεται
3062 1892 3209 1960 αὐτῷ
3242 1894 3300 1945 τὸ
3320 1893 3389 1945 ἐν
3417 1892 3543 1965 [445
3566 1893 3658 1965 H.]
3676 1894 3929 1961 ἐκατέρῳ
3947 1896 4014 1957 ”,

770 1978 909 2045 quod
944 1977 997 2029 in
1041 1986 1256 2045 utroque
1285 1988 1368 2031 est
1416 1979 1619 2042 dicens,
1650 1980 1748 2032 hoc
1786 1990 1869 2032 est
1898 1980 1952 2032 in
1996 1994 2215 2050 utraque
2247 1998 2302 2035 re
2323 2019 2338 2044 ,

2441 1983 2717 2033 τουτέστιν
2748 1982 3080 2049 ἐπισυνάψας
3113 1984 3206 2035 καὶ
3237 1983 3449 2053 θεότητι
3484 1986 3579 2039 καὶ
3613 1985 4013 2054 σώματι.”Ωστε

770 2069 835 2121 ad
869 2068 1206 2122 divinitatem
1240 2079 1292 2122 et
1326 2084 1541 2137 corpus,
1577 2085 1758 2122 vocem
1786 2071 2083 2125 traduxisse
2112 2074 2341 2127 videtur.

2442 2074 2549 2125 εἴτε
2582 2074 2651 2125 ἐν
2675 2074 2923 2141 ἑκατέρᾳ
2953 2074 3124 2140 λαλεῖ,
3147 2075 3221 2137 ὡς
3246 2076 3356 2144 ἔχει
3377 2076 3435 2127 τὸ
3462 2077 3877 2147 ἀκακούργητον
3908 2075 4018 2127 τῶν

772 2159 836 2214 ΕΙ.
851 2159 987 2213 idem
1006 2159 1070 2213 ad
1084 2160 1331 2213 Albinum
1356 2161 1595 2214 scribens
1620 2179 1633 2213 :
1663 2158 1729 2213 Ut
1753 2162 2039 2228 perfectus,
2068 2164 2261 2232 inquit,
2288 2164 2341 2221 in

2456 2164 2777 2235 Ἀμϐροσίου
2831 2167 3109 2234 ῥημάτων,
3142 2167 3252 2217 εἴτε
3302 2166 3371 2218 ἐν
3402 2167 3684 2235 ἐκατέρῳ,
3719 2168 3794 2230 ὼς
3845 2169 3873 2219 ὀ
3918 2167 4016 2233 τῆς

772 2260 992 2323 utraque
1019 2263 1210 2305 natura
1239 2254 1328 2305 sit.
1357 2252 1459 2306 Sed
1502 2255 1759 2307 hactenus
1791 2254 1857 2308 de
1887 2256 1987 2308 his.

2444 2257 2641 2318 κακίας
2673 2257 2929 2325 σοφιστὴς
2956 2258 3054 2325 τὴν
3085 2258 3268 2327 φωνὴν
3294 2258 3594 2328 διαφθείρει
3620 2299 3635 2321 ,
3672 2259 3827 2311 οὐδὲν
3858 2253 4017 2325 ἦττον

772 2343 825 2396 αἱ
853 2344 946 2396 δύο
978 2344 1165 2412 φύσεις
1206 2342 1508 2413 δηλοῦνται,
1574 2345 1707 2397 διότι
1756 2346 1784 2397 ὁ
1828 2347 1989 2409 αὐτὸς
2023 2344 2373 2417 ’Δμϐρόσιος,
2414 2350 2487 2412 ὼς
2524 2350 2758 2418 εἴρηται,
2785 2349 2844 2400 τδ
2869 2348 2939 2401 ἐν
2974 2348 3234 2416 ἐκατέρῳ
3261 2349 3449 2413 εἰπὼν,
3476 2349 3753 2402 τουτέστιν
3790 2352 3848 2403 ὲν
3887 2351 4017 2402 ἑκα-

774 2438 910 2504 τέρῳ
935 2436 1256 2506 πράγματι,
1293 2436 1427 2505 πρὸς
1452 2437 1551 2505 τὴν
1584 2435 1811 2504 θεότητα
1842 2436 2020 2489 καὶτὸ
2051 2438 2209 2507 σῶμα
2238 2439 2332 2507 τὴν
2367 2439 2551 2508 φωνὴν
2593 2438 2928 2491 ἀποδέδωκεν
2958 2439 3343 2509 ἀναφέρεσθαι.
3376 2440 3486 2493 Καὶ
3569 2440 3703 2507 πρὸς
3779 2442 4017 2491 ’Δλϐνον

774 2529 825 2582 δὲ
853 2527 1080 2597 γράφων
1113 2528 1141 2579 6
1170 2526 1353 2593 αὐτὸς,
1405 2528 1557 2592 "Ira,
1583 2528 1737 2598 φησὶ,
1768 2528 2336 2600 τέλειοςὲνέκατέρςι
2373 2534 2552 2601 φύσει
2588 2534 3053 2604 τυγχάνῃ.Ἀλλά
3089 2534 3260 2587 ταῦτα
3303 2535 3400 2604 μὲν
3439 2536 3531 2587 ἐπὶ
3566 2534 3843 2587 τοσοῦτον.

842 2666 897 2720 Si
931 2682 1057 2720 vero
1089 2667 1213 2735 quis
1252 2666 1403 2719 nobis
1429 2665 1786 2720 Athanasium
1834 2669 2072 2736 proferat
2106 2669 2242 2723 libro
2276 2669 2349 2721 De

2521 2670 2582 2723 Εἰ
2615 2670 2669 2724 δέ
2700 2688 2781 2730 τις
2811 2672 2940 2740 ἡμῖν
2968 2671 3281 2725 Ἀθανάσιον
3304 2673 3363 2723 ὲν
3390 2670 3464 2741 τῷ
3484 2672 3621 2740 Περὶ
3658 2672 4020 2740 captabam-,-

775 2763 1157 2824 incarnatione,
1194 2759 1508 2828 Gregorium
1552 2760 1680 2813 item
1708 2760 2165 2827 Thaumaturgum
2195 2763 2247 2813 in
2292 2762 2353 2813 li-

2450 2762 2772 2832 προκομίζει
2803 2762 2968 2829 λόγω,
3002 2763 3096 2815 καὶ
3122 2764 3215 2814 τὸν
3255 2763 3680 2833 Νεοκαισαρείας
3724 2764 4026 2834 Γρηγόρεον

774 2856 871 2907 bro
904 2853 981 2906 De
1010 2853 1113 2921 fide
1143 2852 1473 2921 particulari,
1506 2853 1853 2921 prohibentes
1877 2851 2013 2905 duas
2040 2852 2091 2906 in
2131 2853 2350 2907 Christo

2446 2854 2502 2905 ὲν
2529 2853 2604 2922 τῷ
2639 2853 2779 2919 Περὶ
2823 2851 2933 2919 τῆς
2988 2852 3135 2905 κατὰ
3164 2852 3345 2921 μέρος
3391 2854 3668 2919 πίστεως,
3702 2854 3796 2906 δύο
3846 2855 4023 2922 λέγειν

776 2961 1022 3000 asserere
1072 2955 1290 2998 naturas
1328 2963 1342 2998 :
1381 2945 1515 2997 sciat
1540 2945 1628 2998 ille
1668 2941 1747 3013 (ut
1775 2959 1916 3012 sepe
1941 2944 2052 3012 jam
2090 2945 2349 3013 diximus)

2452 2946 2758 3008 κωλύοντας
2789 2945 2885 2998 ἐπὶ
2911 2945 3003 2998 τοῦ
3026 2947 3039 2975 ¹
3065 2944 3300 3015 Χριστοῦ
3334 2944 3431 3005 τὰς
3463 2944 3676 3012 φύσεις,
3709 2949 4026 3013 μανθανέτω

777 3054 950 3107 neque
981 3037 1213 3105 reliquos
1243 3035 1429 3088 Patres
1461 3037 1590 3089 duas
1621 3045 1841 3089 naturas
1869 3050 2132 3099 asserere,
2170 3051 2345 3103 neque

2443 3035 2596 3102 οὗτος
2629 3040 2711 3091 ὅτι
2743 3038 3015 3106 (καθάπερ
3048 3036 3262 3106 εἴρηται
3295 3036 3579 3105 πολλάκις)
3616 3036 3725 3089 οὐδ’
3760 3039 3812 3089 oi
3844 3038 4024 3089 λοιποὶ

777 3144 937 3182 uuam
977 3126 1283 3195 complecti.
1315 3127 1405 3177 sed
1448 3136 1499 3178 et
1530 3124 1841 3194 frequenter
1882 3126 2171 3194 rejecisse;
2226 3135 2349 3196 post

2444 3131 2685 3197 Πατέρες
2706 3130 2766 3181 τὸ
2786 3128 2878 3181 δύο
2900 3128 3077 3194 λέγειν
3098 3127 3288 3194 φύσεις
3310 3125 3461 3178 οὐτε¹
3484 3126 3665 3187 ἁπλῶς
3682 3128 4022 3194 ἠσπάσαντο.

778 3221 923 3273 enim
959 3219 1244 3273 adductam
1291 3217 1513 3269 iudivisi
1549 3232 1755 3278 vocem,
1792 3232 1961 3287 neque
1992 3226 2192 3271 temere
2238 3232 2350 3271 am-

2446 3219 2697 3271 ἀλλὰκαὶ
2725 3216 2979 3277 πολλάκις
3030 3214 3340 3277 ἀπώσαντο,
3390 3214 3528 3281 μετά
3576 3216 3758 3283 μέντοι
3807 3232 3872 3283 γε
3924 3216 4027 3268 τοῦ

778 3309 963 3379 plexos
990 3323 1131 3369 esse,
1162 3320 1335 3373 neque
1362 3305 1659 3373 improvide
1696 3307 1841 3359 illum
1868 3307 2224 3375 esplauasse;
2260 3325 2353 3363 ne-

2452 3307 2789 3377 ἀδιαιρέτου
2824 3306 3188 3376 προελθοῦσαν
3216 3306 3314 3375 τὴν
3343 3305 3523 3375 φωνὴν
3570 3304 3692 3357 οὐτε
3739 3307 4029 3373 προπετῶς

780 3416 885 3469 que
944 3401 1086 3453 enim
1142 3407 1486 3467 sumpserunt
1544 3398 1928 3452 inordinatum.
1985 3396 2353 3454 Conveniente

2451 3397 2837 3451 άσπάσασθαι³
2867 3395 2991 3449 οὐτε
3019 3396 3393 3457 ἀϐασανίστως
3441 3397 3642 3463 ταύτην
3690 3398 4030 3466 περιπτύξα-

779 3507 906 3545 vero
923 3506 1044 3545 cum
1065 3488 1333 3558 prmdictis
1358 3491 1551 3543 unione
1585 3490 1935 3559 hypostatica,
1964 3507 2120 3546 nemo
2142 3494 2301 3562 272
2319 3511 2350 3545 a
2378 3474 2419 3529 (ἶ

2378 3474 2419 3529 c
2455 3488 2575 3540 σθαι
2624 3487 2884 3555 οὐμενοῦν
2914 3489 3013 3539 οὐκ
3048 3485 3347 3555 ἐλάμϐανον
3396 3487 3455 3537 τὸ
3507 3486 3867 3538 ἁδίστακτον’
3906 3505 4028 3537 συν-

780 3582 899 3650 pius
951 3582 1099 3632 visus
1126 3588 1207 3633 est
1251 3581 1341 3646 qui
1380 3578 1518 3631 hanc
1571 3593 1755 3632 vocem
1799 3578 1953 3632 valde
1998 3581 2347 3634 adamaverit.

2454 3578 2877 3648 ομολογηθείσης
2927 3578 2983 3629 δὲ
3032 3580 3143 3638 τοῖς
3192 3576 3424 3645 λεχθεῖσι
3457 3579 3551 3645 τῆς
3588 3576 4031 3629 καθ’ὐπόστασιν

783 3673 951 3726 Nemo
973 3673 1134 3739 igitur
1166 3670 1329 3731 dicat,
1364 3670 1654 3722 nihilenim
1686 3670 1789 3723 hoc
1814 3672 1876 3723 ad
1907 3672 2182 3739 pietatem,
2211 3684 2268 3727 ut
2297 3675 2346 3725 in

2455 3670 2720 3733 ὲνώσεως,
2767 3668 3029 3736 οὐμενοῦν
3081 3670 3249 3731 οὐδεὶς
3300 3667 3455 3738 ὤφθη
3509 3668 3615 3720 τῶν
3663 3668 3907 3720 εὐσεϐῶν
3960 3670 4032 3735 μὴ

780 3762 999 3818 Christo
1021 3760 1156 3814 duas
1187 3769 1409 3814 naturas
1438 3763 1617 3814 dicere
1649 3760 1838 3815 Patres
1871 3763 2220 3831 prohibeant;
2248 3763 2341 3818 sed

781 3854 1052 3917 ostendat,
1094 3851 1312 3920 quando
1342 3861 1435 3904 aut
1461 3852 1549 3904 ubi
1564 3852 1879 3907 confitentes
1911 3856 2159 3908 unionem
2177 3856 2345 3924 hypo-

786 3946 1035 3999 staticam
1069 3944 1204 3997 duas
1236 3942 1413 3995 dicere
1442 3952 1663 3995 naturas
1698 3943 1926 3997 indivise
1964 3944 2348 4011 prohibebant?

2453 3761 2573 3812 λίαν
2605 3762 2703 3829 τὴν
2752 3758 2932 3829 φωνὴν
2979 3760 3380 3826 ἀσπαζόμενος.
3413 3758 3505 3828 Μὴ
3556 3754 3648 3811 οὖν
3695 3757 3903 3824 λεγέτω
3952 3776 4034 3820 τις

2453 3851 2627 3922 (οὐδὲν
2662 3852 2770 3919 γάρ
2794 3851 2949 3902 τοῦτο
2972 3850 3105 3919 πρὸς
3129 3851 3226 3918 τὴν
3248 3846 3547 3917 εὐσέϐειαν)
3573 3848 3647 3911 ὡς
3675 3850 3766 3901 ἐπὶ
3790 3850 4032 3919 Χριστοῦ

2450 3944 2542 3996 δύο
2576 3943 2764 4010 φύσεις
2795 3944 2972 4009 λέγειν
3002 3944 3051 3994 οἱ
3083 3941 3320 4009 Πατὲρες
3364 3940 3641 3993 ἐκώλυσαν
3663 3956 3680 3970 '
3734 3942 3871 3993 ἀλλὰ
3926 3943 4033 3994 δει-

782 4038 991 4092 Etenim
1010 4046 1064 4089 et
1103 4036 1181 4089 sic
1203 4035 1323 4088 vide
1344 4035 1611 4100 quomodo
1638 4034 1781 4087 dicat
1815 4034 2141 4091 Athanasius
2170 4056 2184 4090 :
2230 4036 2354 4091 Non

2457 4036 2635 4087 κνύτω
2665 4034 2793 4086 πότε
2836 4034 2868 4103 ἦ
2906 4032 3008 4085 ποῦ
3055 4032 3180 4093 τούς
3230 4030 3719 4100 συνομολογοῦντας
3762 4032 3864 4101 τὴν
3901 4034 4034 4085 καθ’

778 4133 916 4185 duas
950 4140 1167 4181 naturas
1221 4127 1565 4196 pradicamus
1594 4143 1754 4180 unum
1796 4126 2020 4191 Filium,
2074 4147 2229 4182 uuam
2258 4131 2359 4182 nd-

2459 4126 2756 4177 ὐπόστασιν
2789 4124 2979 4175 ἕνωσιν
3008 4123 3098 4174 δύο
3124 4121 3300 4187 λέγειν
3326 4120 3513 4187 φύσεις
3542 4121 3867 4189 ἀδιαιρέτως
3892 4121 4034 4176 Extit-

781 4232 986 4275 oratam
1009 4231 1055 4273 et
1086 4236 1244 4273 unam
1282 4234 1383 4271 non
1406 4218 1705 4270 adoratam.
1732 4217 1799 4270 Et
1827 4220 1948 4287 quis
1974 4220 2205 4288 ignorat,
2235 4224 2357 4275 ado.

2458 4216 2644 4271 λυσαν,
2676 4214 2785 4267 Καὶ
2833 4215 2938 4281 γάρ
2982 4211 3260 4264 κάνταῦθα
3289 4212 3388 4279 ὅρα
3423 4210 3538 4273 πῶς
3564 4227 3725 4279 φησιν
3747 4212 3776 4263 6
3808 4212 4034 4263 Ἀθανά-

781 4323 958 4368 ratum
998 4321 1050 4365 et
1089 4325 1194 4364 non
1230 4308 1512 4361 adoratum
1550 4308 1601 4360 in
1634 4308 1766 4362 duas
1792 4310 2004 4377 quidem
2039 4311 2359 4379 hypostases

2458 4309 2571 4369 σίος
2591 4323 2602 4335 ⁸
2655 4309 2735 4359 Οὐ
2765 4306 2873 4358 δύο
2904 4305 3117 4371 φύσεις
3168 4302 3565 4369 ὁμολογοῦμεν
3594 4304 3700 4355 τὸν
3726 4302 3836 4354 ἕνα
3874 4304 4031 4363 Υἰὸν,

779 4403 1028 4457 dividunt
1080 4415 1269 4462 unum,
1302 4399 1691 4469 hypostaticam
1737 4401 1987 4454 unionem
2030 4401 2361 4470 prmdiCant?

2453 4400 2601 4468 μίαν
2669 4396 3096 4465 προσκυνητὴν
3162 4395 3258 4447 καὶ
3322 4396 3469 4462 μίαν
3536 4394 4032 4461 ἁπροσκύνητσν.

790 4495 1034 4556 Ἀκούεις
1065 4494 1180 4559 πῶς
1208 4489 1327 4546 εἶπε
1358 4494 1736 4563 προσκυνητὴν
1769 4495 1862 4547 καὶ
1904 4495 2335 4564 ἀπροσκὼητον.
2376 4494 2486 4547 Καὶ
2512 4494 2593 4555 τίς
2622 4492 2720 4544 οὐκ
2749 4486 2885 4542 οἶδεν
2918 4490 2999 4541 ότι
3032 4490 3091 4541 τὸ
3126 4488 3496 4559 προσκυνητδν
3530 4495 3539 4501 ’
3579 4488 3673 4540 καὶ
3739 4489 4032 4558 άπροσκύ-

779 4590 977 4661 νητονδ
1009 4591 1087 4651 εἰς
1115 4588 1208 4641 δύο
1243 4588 1342 4656 μὲν
1368 4588 1690 4650 ὑποστάσεις
1710 4588 1966 4657 τέμνουσι
1992 4589 2083 4641 τὸν
2113 4590 2228 4654 ἕνα,
2253 4587 2349 4658 τὴν
2383 4587 2502 4640 καθ’
2538 4587 2830 4637 ὑπόστασιν
2868 4582 2923 4634 δὲ
2961 4582 3151 4633 ἕνωσιν
3190 4580 3651 4649 ἐκκηρύττουσιν;

852 4728 957 4784 Sed
1000 4728 1174 4799 magni
1206 4727 1484 4781 Athanasii
1514 4743 1708 4782 sensus
1735 4728 1915 4782 clarus
1941 4738 2044 4781 est.
2077 4727 2343 4781 Testimo-
2375 4727 2422 4784 D

2375 4727 2422 4784 D
2519 4719 2661 4772 Ἀλλ’
2688 4721 2720 4787 ἡ
2754 4718 2853 4786 μὲν
2883 4716 2976 4769 τοῦ
3009 4715 3246 4784 μεγάλου
3278 4713 3591 4766 ’Δθανασίου
3616 4712 3828 4765 διάνοια
3863 4713 4028 4785 δήλη·

786 4823 934 4876 nium
957 4823 1099 4890 quod
1120 4821 1371 4890 Gregorii
1395 4820 1779 4888 Thaumaturgi
1806 4820 2024 4872 nomine
2055 4818 2356 4884 subjicitur,

2461 4814 2494 4882 ἡ
2518 4812 2573 4863 δὲ
2597 4812 2688 4862 τὸν
2711 4807 3120 4877 θαυματουργὸν
3146 4806 3440 4875 Γρηγόριον
3464 4803 3876 4873 ὑποϐαλλομένη
3902 4808 4033 4873 χρῆ-

789 4913 931 4967 illius
955 4910 1167 4978 quidem
1211 4923 1332 4963 esse
1362 4909 1579 4971 dicitur,
1629 4909 1718 4961 sed
1760 4905 2074 4974 Apollinarii
2110 4918 2230 4957 esse
2261 4904 2358 4955 al)-

2466 4918 2549 4964 σις
2580 4901 2814 4971 (λέγεται
2848 4899 2947 4969 μὲν
2978 4899 3087 4968 γὰρ
3119 4898 3348 4959 ἐκείνου,
3382 4897 3471 4948 τὸν
3513 4898 3568 4949 δὲ
3623 4898 4032 4969 Ἀπολλινάριον

786 5003 1023 5057 sarditas
1057 5001 1143 5053 illa
1177 4998 1458 5052 manifeste
1491 5000 1745 5054 declarat.
1772 4997 1942 5050 liabet
1965 4996 2107 5049 cnim
2144 5010 2157 5047 :
2195 4994 2256 5046 Et
2280 5003 2358 5047 est

2463 4993 2784 5063 εἰσκομίζει)
2829 4992 3151 5060 κατάφωρον
3186 4989 3583 5057 δεῖ-προϐάλλεται
3631 4988 3730 5058 τὴν
3777 4993 4031 5047 ἀτοπίαν.

786 5110 936 5147 verus
992 5092 1126 5144 Deus
1160 5092 1268 5144 sine
1310 5107 1465 5143 carne
1503 5093 1558 5143 in
1604 5107 1757 5142 carne
1799 5089 1959 5151 visus,
2004 5086 2259 5155 perfectus
2305 5087 2356 5139 in

2465 5089 2625 5152 Λέγει
2658 5085 2765 5153 γάρ
2786 5101 2798 5114 ·
2826 5084 2933 5137 Καὶ
2960 5086 3088 5137 ἐστι
3114 5085 3209 5136 Θε‹’
3222 5106 3252 5148 ς
3281 5082 3563 5147 ἀληθινὸς
3591 5086 3624 5135 ό
3662 5084 3935 5151 ἄσαρκος
3968 5087 4030 5138 ἐν

786 5202 905 5237 tera
934 5196 978 5237 et
1016 5185 1190 5236 divina
1229 5184 1569 5250 perfectione,
1602 5198 1701 5233 non
1746 5181 1866 5232 dua:
1905 5195 2158 5246 personae,
2193 5192 2352 5244 neque

2454 5176 2631 5241 σαρκί
2678 5174 3054 5242 φανερωθεὶς,
3090 5173 3314 5237 τέλειος
3360 5171 3434 5239 τῇ
3467 5172 3725 5240 ἀληθινῇ
3771 5176 3868 5225 καὶ
3908 5178 4034 5240 θείᾳ

786 5280 907 5329 dua:
935 5287 1159 5330 naturae.
1198 5276 1375 5346 Neque
1407 5279 1543 5327 enim
1578 5286 1800 5343 quatuor
1847 5273 2071 5324 adorare
2107 5270 2348 5321 dicimus.

2454 5268 2797 5332 τελειότητι,
2833 5268 2903 5319 οὐ
2952 5266 3060 5319 δύο
3102 5268 3392 5333 πρόσωπα
3438 5266 3580 5318 οὐδὲ
3632 5266 3740 5317 δύο
3776 5268 4026 5333 φύσεις·

790 5364 951 5418 Vides
975 5368 1240 5433 quomodo
1275 5374 1452 5433 pateat
1486 5366 1748 5432 impietas.
1785 5362 1914 5415 Nam
1949 5360 2241 5427 perfectum
2276 5356 2356 5407 di-

2455 5358 2597 5411 οὐδὲ
2652 5357 2760 5425 γὰρ
2804 5358 3105 5425 τέσσαρας
3150 5355 3515 5423 προσκυνεῖν
3557 5356 3832 5425 λέγομεν.
3873 5358 4032 5426 Ὁρᾷς

789 5470 919 5511 cens
946 5458 997 5511 in
1020 5457 1315 5519 divinitate,
1346 5457 1730 5510 Immanitatem
1759 5454 2002 5517 reticuit;
2030 5448 2356 5517 ctadjicerc,

2459 5451 2606 5513 ὅπως
2632 5448 2911 5518 πρόφανὴς
2942 5452 2973 5517 ἡ
3005 5449 3323 5513 ὃνσσέϐεια;
3375 5448 3447 5500 Τὸ
3490 5448 3694 5499 τέλειον
3724 5450 3834 5516 γάρ
3865 5448 4031 5499 εἰπὼν

2105 5626 2342 5683 νΑιιιίιε
2387 5620 2785 5685 LECTIONES.

2624 5759 2667 5790 ν’
2697 5758 2939 5825 ἐκατέρῳ
2974 5759 3009 5811 Λ
3041 5776 3050 5807 :
3081 5757 3155 5825 τῷ
3187 5757 3425 5824 ἐκατέρῳ
3456 5773 3513 5818 ς.
3628 5757 3641 5783 ¹
3675 5754 3771 5808 τοῦ
3814 5756 3931 5805 ad-l.
3966 5760 4023 5805 A,

2549 5846 2852 5896 .1111'7WF'N
2900 5845 2955 5887 «τ’.

864 5766 908 5794 ⁸⁷
939 5768 1170 5836 ἑκατέρα
1199 5786 1339 5820 (nrr.
1378 5770 1413 5817 Λ
1451 5788 1459 5818 :
1493 5767 1754 5845 ἑκατέραν
1783 5780 1840 5825 ς.
1938 5764 1979 5791 ’⁸
2008 5760 2245 5845 ἑκατέρᾳ
2280 5775 2419 5845 corr.
2451 5763 2517 5814 Λ.

796 5834 985 5909 ἐῢτε]
1014 5856 1079 5891 an
1107 5830 1331 5900 ὀτὲτωςγ
1405 5830 1812 5898 ³ἁσπᾶσσσθσιιι
1857 5836 2031 5886 ιιιίι¹ιιιι
2077 5830 2414 5883 ἀπώσασθασ.
