4208 6442
246 392 381 458 1041

1296 397 1824 460 BIBLIOTHECA.
1858 421 1927 433 -
1963 396 2130 459 COD.
2159 396 2430 461 CCXXX.

3344 394 3484 458 1M2

239 506 389 558 κατὰ
410 505 509 575 τὴν
532 505 781 577 Θεότητα,
807 506 907 577 τὴν
925 506 1319 579 ἁνθρωπότητα
1353 508 1632 572 παντελῶς
1656 508 1814 562 ὶσιώ-
1840 512 1892 570 Α

1840 512 1892 570 Α
1916 509 2032 562 sine
2051 526 2206 564 carne
2224 511 2277 565 in
2297 527 2455 565 carne
2472 526 2756 580 apparens,
2785 510 2959 582 impie
2977 513 3201 570 cultura:
3224 514 3478 569 acerbum

238 613 410 666 πησε.
446 599 556 651 Καὶ
596 598 657 651 τὺ
697 601 979 667 προειπεῖν
1023 599 1101 665 δὲ,
1126 601 1161 653 ὁ
1214 600 1482 669 ἄσαρκος
1530 600 1599 653 ἐν
1640 599 1819 668 σαρκί

615 598 657 651 εδ
697 601 979 667 προειπεῖν
1023 599 1101 665 δὲ,
1126 601 1161 653 ὁ
1214 600 1482 669 ἄσαρκος
1530 600 1599 653 ἐν
1640 599 1819 668 σαρκί
1918 610 1999 655 est
2037 615 2277 670 germen.

237 691 630 757 φαγερωθείς,
653 691 752 759 τῆς
787 691 1159 762 Ἀπολιναρίου
1203 692 1603 763 φρενοδλαὸοὖς
1632 709 1821 763 ,γεωρ-

236 779 369 848 γίας
408 782 601 852 πικρόν
640 785 754 835 ἐστι
795 782 1103 852 βλάστημα.

312 869 473 923 ’Λλλά
506 872 614 938 γὰρ
641 872 734 925 καὶ
758 873 790 941 ἡ
818 873 1029 942 χρῆσις,
1057 874 1125 944 ἢν
1171 875 1205 941 ἡ
1238 873 1449 940 αἵρεσις
1494 875 1815 945 προκομίζει

234 963 307 1013 ἐκ
329 962 431 1029 τῆς
458 964 595 1033 πρὸς
616 965 890 1018 Διονύσιον
914 965 1203 1034 ἐπιστολῆς
1230 966 1322 1019 τοῦ
1340 966 1558 1021 Ἰουλίου
1576 968 1813 1038 Ῥώμης,

238 1055 612 1122 ἀναμφίὸολον
661 1056 761 1126 μὲν
809 1057 909 1110 οὐκ
953 1058 1066 1128 ἔχει
1105 1059 1166 1111 τὸ
1197 1062 1445 1128 γνήσιον·
1479 1062 1507 1114 ό
1536 1061 1645 1131 γὰρ
1675 1060 1817 1128 ἱερὸς

242 1144 535 1212 Κύριλλος,
565 1148 623 1200 ὲν
672 1149 736 1216 τῇ
772 1148 892 1200 κατ’
918 1148 1148 1218 Ἔφεσον
1175 1150 1379 1220 συνόδῳ
1428 1153 1492 1204 ὲκ
1538 1152 1637 1221 τῆς
1681 1152 1815 1222 πρὸς

240 1239 435 1289 Δόκιον
491 1239 777 1310 ἐπιπολῆς
822 1241 984 1293 αὑτοῦ
1048 1243 1236 1312 χρείαν
1299 1243 1660 1313 προενεγκὼν,
1716 1246 1815 1298 οὐκ

280 1330 474 1394 ξίωπεν
501 1332 583 1394 εἰς
617 1336 838 1403 μνήμην
874 1337 1077 1402 ταύτης
1102 1336 1409 1393 ὲλθεῖν.Ἤν
1435 1338 1492 1391 δὲ
1523 1340 1587 1409 τῇ
1616 1337 1815 1409 συνόδῳ

238 1422 661 1489 προανέγνωσεν
678 1422 720 1487 ⁸,
772 1422 917 1477 οὕτω
960 1428 1070 1489 τοῖς
1120 1427 1364 1497 ῥήμασιν
1402 1427 1543 1497 ἔχειν
1605 1428 1667 1482 '0
1707 1430 1814 1484 τοῦ

240 1513 395 1566 Θεοῦ
441 1517 572 1581 Υἱός
614 1517 939 1583 σκηνώσεις
977 1521 1047 1572 ἐν
1086 1520 1438 1586 ἀνθρώποις,
1468 1523 1580 1575 οὐκ
1605 1524 1675 1575 ἂν
1710 1524 1815 1576 ἁν-

237 1604 450 1673 Ορώπῳ
475 1607 825 1678 ἐνεργήσας,
849 1610 1076 1675 τέλειος
1101 1613 1244 1678 Θεὸς
1267 1613 1340 1665 ἐν
1364 1614 1565 1682 σαρκί.
1587 1614 1814 1680 τέλειος

235 1696 552 1763 ἅνθρωπος
578 1698 648 1751 ἐν
676 1700 1003 1768 Πνεύματι·
1033 1704 1103 1755 οὑ
1131 1702 1239 1755 δύο
1260 1704 1399 1769 υἱοί,
1429 1699 1517 1770 εἷς
1539 1705 1655 1774 μὲν
1672 1705 1814 1775 γνή-

235 1803 375 1851 σιος
404 1788 539 1853 ΥΙὸς
558 1790 875 1843 ἀναλαϐὼν
893 1792 1224 1859 ἄνθρωπον,
1252 1792 1379 1865 [846
1405 1793 1497 1866 Η.]
1526 1794 1725 1863 ἔτερος
1745 1796 1812 1848 δὲ

1987 871 2092 926 Sed
2139 873 2282 926 enim
2331 872 2697 928 testimonium
2750 874 2892 941 quod
2938 874 3158 929 haeresis
3208 874 3365 930 aﬂ'ert
3416 892 3483 931 ex

1914 963 2136 1029 epistola
2184 960 2305 1015 Julii
2351 960 2577 1015 Romani
2615 964 2682 1016 ad
2728 962 3081 1032 Dionysium,
3134 964 3273 1016 haud
3324 965 3484 1020 dubie

1916 1068 2019 1105 non
2072 1061 2156 1105 est
2203 1052 2513 1121 genuinum.
2569 1053 2779 1108 Etenim
2841 1064 3059 1109 sanctus
3116 1054 3350 1123 Cyrillus
3416 1057 3468 1110 iu

1915 1145 2117 1214 synodo
2168 1144 2432 1214 Ephesina
2455 1161 2520 1199 ex
2543 1146 2768 1214 epistola
2789 1146 2859 1199 ad
2888 1145 3103 1200 Decium
3134 1145 3285 1217 |fort.
3330 1147 3484 1201 Deci-

1915 1235 2083 1308 mum]
2134 1238 2251 1308 ejus
2306 1252 2462 1292 usum
2507 1238 2801 1303 adducens,
2865 1254 2969 1292 non
3018 1239 3270 1310 dignatus
3316 1240 3481 1293 estin

1915 1331 2224 1384 memoriam
2268 1330 2429 1397 hujus
2453 1331 2657 1397 venire,
2690 1347 2853 1401 quam
2900 1332 2953 1385 in
2996 1333 3199 1401 synodo
3232 1331 3483 1402 cognovit

1914 1420 1998 1475 his
2026 1422 2201 1476 verbis
2234 1438 2248 1475 :
2286 1419 2462 1475 Filius
2498 1421 2594 1476 Dei
2632 1422 2873 1477 habitans
2923 1423 2977 1475 in
3006 1423 3325 1484 hominibus,
3380 1440 3484 1478 non

1910 1515 1965 1568 in
1989 1515 2195 1569 homine
2221 1532 2459 1583 operans,
2484 1517 2745 1584 perfectus
2776 1517 2910 1573 Deus
2938 1518 2991 1569 in
3007 1534 3188 1579 carne,
3216 1517 3480 1586 perfectus

1910 1606 2062 1660 homo
2107 1608 2161 1660 in
2183 1607 2406 1676 Spiritu,
2443 1625 2545 1661 non
2582 1611 2686 1661 duo
2720 1608 2840 1674 filii,
2872 1624 3005 1661 unus
3040 1610 3248 1678 quidem
3278 1610 3482 1678 genitus

1912 1696 2086 1752 Filius
2120 1715 2333 1752 carnem
2364 1716 2660 1765 assumens,
2706 1700 2841 1752 alter
2878 1716 2997 1753 vero
3029 1700 3180 1753 homo
3208 1701 3364 1752 morti
3392 1699 3483 1753 ob-

1912 1792 2118 1854 noxius,
2162 1801 2458 1861 assumptus
2503 1808 2535 1843 a
2580 1791 2687 1845 Deo
2720 1807 2738 1845 :
2767 1795 2856 1846 sed
2903 1808 3038 1845 unus
3080 1793 3385 1861 uniqenitus
3426 1791 3483 1845 in

234 1879 457 1943 θνητὸς
480 1879 788 1947 ἄνθρωπος
815 1858 1183 1952 ἀναληφθεὶς
1212 1858 1332 1939 ῠὲτδ
1354 1886 1458 1940 τοῦ
1478 1858 1647 1951 δεοῧ,
1668 1858 1806 1942 ἁξῖυΐ
1844 1858 1884 1913 Β

1844 1858 1884 1913 Β
1913 1880 2063 1944 caelo,
2107 1858 2404 1950 unigenitus
2437 1882 2493 1935 in
2538 1891 2679 1935 terra
2714 1882 2873 1936 Deus.
2908 1882 3035 1936 Julii
3074 1858 3223 1950 papa:
3255 1882 3476 1950 quidem

230 1963 324 2034 εἷς
366 1971 437 2022 ἐν
480 1970 711 2038 οὐρανῷ
743 1974 1113 2042 μονογενὴς,
1155 1978 1491 2046 μονογενὴς
1542 1978 1641 2031 ἐπὶ
1695 1977 1808 2048 τῆς

233 2062 485 2127 Θεός.Ἡ
539 2064 637 2132 μὲν
686 2064 781 2117 τοῦ
816 2066 1034 2121 Ἰουλίου
1064 2068 1221 2139 ῥῆσις
1266 2071 1299 2139 ὴ
1345 2072 1411 2141 τῇ
1449 2071 1647 2141 συνόδῳ
1691 2070 1807 2123 δια-

229 2155 541 2221 γνωσθεῖσα
555 2158 576 2188 ⁸
597 2158 817 2229 τοιαύτη
840 2175 854 2189 ·
884 2160 933 2212 εί
965 2161 1021 2214 δὲ
1040 2162 1269 2232 γνησίαν
1297 2162 1415 2233 ᾔδει
1433 2163 1528 2234 τὴν
1544 2163 1725 2234 φωνὴν
1740 2162 1807 2233 ἢν

231 2250 300 2300 ἐκ
344 2248 443 2317 τῆς
496 2250 631 2318 πρὸς
676 2251 949 2306 Διονύσιον
991 2256 1356 2325 προφέρουσιν
1394 2256 1682 2326 ἐπιστολῆς
1713 2257 1806 2309 καὶ

232 2338 472 2407 μάλιστα
502 2340 794 2411 Νεστόριον
818 2346 1272 2416 κατακρίνουσαν,
1302 2347 1402 2401 οὐκ
1449 2347 1516 2401 ἂν
1558 2348 1805 2418 ὑπερεῖδε

232 2433 466 2504 ταύτην.

309 2528 433 2579 Ἔτι
463 2527 520 2580 δὲ
547 2528 766 2583 κάκεῖνο
791 2530 874 2582 δεῖ
905 2530 1150 2595 συνιδεῖν,
1180 2532 1254 2595 ὡς
1289 2530 1319 2583 ὁ
1345 2530 1507 2597 σοφὸς
1540 2530 1806 2602 Κύριλλος

228 2619 326 2671 τὸν
371 2619 656 2689 ἄνθρωπον
700 2622 779 2683 είς
822 2623 1192 2693 παράδειγμα,
1219 2623 1317 2692 οὐχ
1367 2623 1456 2677 ἵνα
1496 2622 1641 2695 δείξῃ
1677 2626 1806 2694 μίαν

231 2711 397 2779 φύσιν
423 2714 516 2764 ἐπὶ
536 2713 629 2765 τοῦ
660 2712 919 2783 Χριστοῦ,
943 2714 1381 2785 παραλαμϐάνει,
1414 2714 1540 2787 [8-1-8
1563 2714 1652 2789 ἢ]
1679 2717 1807 2771 ἀλλ’

230 2805 309 2871 ὡς
362 2804 431 2857 ἂν
465 2804 717 2857 διἀὺτοῦ
751 2805 849 2877 τὴν
893 2807 1014 2859 καθ’
1046 2808 1343 2861 ὑπόστασιν
1391 2809 1583 2863 ἕνωσιν
1631 2826 1806 2876 παραυ

232 2897 432 2966 στήσῃ.
463 2897 573 2949 Καὶ
603 2898 709 2968 γὰρ
748 2898 840 2950 ἐπὶ
871 2899 969 2967 μὲν
997 2900 1092 2952 τοῦ
1123 2899 1243 2952 καθ’
1267 2900 1412 2969 ἡμᾶς
1439 2901 1807 2971 συγκρίματος

230 2985 506 3055 ἑτεροειδῆ
537 2987 775 3055 φάμενος
801 2988 862 3039 τὸ
892 2989 1050 3055 σῶμα
1096 2989 1188 3041 καὶ
1236 2990 1334 3059 τὴν
1361 2990 1537 3060 ψυχὴν
1556 3030 1571 3052 ,
1608 2992 1704 3044 καὶ
1731 2992 1806 3055 ὡς

227 3077 503 3131 ἑνωθέντα
551 3078 678 3146 μίαν
718 3079 1002 3150 ἀνθρώπου
1054 3081 1425 3135 ἀπετέλεσαν⁷
1476 3082 1659 3151 φύσιν,
1708 3083 1808 3137 οὐκ

228 3170 519 3237 ἐπήγαγεν
536 3169 657 3222 οὔτε
679 3173 1197 3240 σεσωματωμένην
1214 3172 1336 3225 οὔτε
1352 3174 1801 3242 ἐψυχωμέγηνθ·
1833 3204 1878 3265 c

229 3261 325 3311 ἐπὶ
350 3261 408 3312 δὲ
450 3261 545 3313 τοῦ
581 3263 753 3330 Λόγου
791 3265 918 3331 μίαν
952 3264 1114 3333 φύσιν
1149 3264 1320 3325 εἰπὼν
1352 3266 1512 3329 εὐθὺς
1541 3267 1802 3321 συνάπτει

228 3351 289 3401 τὸ
318 3351 806 3419 σεσαρκωμένην.
827 3354 899 3405 Τὸ
927 3355 1034 3423 γὰρ
1068 3356 1358 3419 σπανιάκις
1384 3356 1550 3427 αὐτὴν
1562 3358 1803 3411 ἀποσιω-

228 3443 405 3509 πῆσαι
450 3443 548 3495 οὐκ
579 3445 927 3515 ἐναντιότητα
958 3448 1054 3514 τῆς
1097 3446 1262 3499 αὑτοῦ
1304 3448 1548 3519 γνώμης,
1578 3450 1802 3519 βεϐαίω-

230 3550 317 3586 σιν
344 3534 399 3586 δὲ
426 3534 627 3603 μᾶλλον
652 3540 921 3607 μαρτυρεῖ
941 3553 956 3569 ο
983 3539 1240 3603 πολλάκις
1266 3541 1397 3610 γὰρ,
1423 3544 1559 3612 ὅπερ
1580 3560 1665 3605 τις
1685 3560 1804 3595 συν-

228 3625 372 3692 εχῶς
400 3626 604 3695 ἀναϐοᾷ
634 3630 726 3679 καὶ
753 3628 974 3696 βεϐαίαν
997 3631 1097 3701 τὴν
1124 3634 1251 3701 περὶ
1273 3633 1439 3685 αὐτοῦ
1462 3634 1618 3697 δόξαν
1639 3636 1802 3687 πᾶσιν

228 3716 517 3783 ἐνιδρύσας
545 3714 703 3783 οἶδεν,
741 3720 818 3780 ὡς
848 3720 1273 3791 ὁμολογούμενον
1313 3725 1407 3777 καὶ
1447 3724 1604 3794 δῆλον
1630 3726 1801 3779 ἐνίοτε

226 3806 543 3875 ἁποσιωπᾷ,
578 3806 664 3859 διά
694 3810 793 3878 τῆς
824 3810 978 3879 σιγῆς
1006 3811 1106 3862 οὐκ
1138 3811 1345 3867 ἀθετῶν
1371 3813 1400 3865 ὃ
1421 3814 1677 3877 πολλάκις
1704 3817 1801 3869 ἁν-

227 3896 499 3965 εκήρυξεν
516 3897 558 3960 ⁹,
589 3897 723 3950 ἀλλὰ
748 3899 963 3963 δεικνὺς
1003 3900 1146 3956 οὕτω
1174 3902 1390 3972 βέϐαιον
1417 3902 1554 3961 εἶναι
1581 3908 1676 3960 καὶ
1706 3925 1802 3961 πε-

233 3985 480 4053 ριφανὲς,
526 3985 601 4048 ὡς
651 3988 846 4057 μηκέτι
888 3992 1068 4060 φωνῆς
1121 3994 1256 4063 μηδὲ
1310 3998 1530 4067 μνήμης
1569 3998 1797 4053 δεῖσθαι.

228 4076 393 4130 Οὕτω
433 4078 609 4130 τοίνυν
644 4082 737 4131 καὶ
765 4082 794 4132 ὁ
826 4082 987 4150 σοφὸς
1027 4085 1120 4135 καὶ
1148 4084 1467 4151 άδίστακτος
1510 4090 1605 4161 τὴν
1647 4091 1801 4144 εὐσέ-

228 4170 383 4221 ὃειαν
432 4170 697 4239 Κύριλλος
725 4173 786 4225 τὸ
817 4175 946 4241 μίαν
974 4175 1218 4242 δοξάζειν
1260 4178 1421 4248 φύσιν
1463 4181 1556 4234 τοῦ
1603 4184 1797 4252 Λόγου,

229 4263 328 4312 καὶ
382 4263 590 4332 ταύτην
648 4267 1071 4339 σεσαρκωμένην
1092 4310 1106 4336 ,
1142 4272 1235 4323 καὶ
1286 4273 1405 4325 οὐδὲ
1430 4272 1587 4326 τοῦτο
1614 4276 1799 4339 ἁπλῶς

225 4351 371 4403 ἀλλὰ
392 4353 536 4423 ψυχῇ
553 4358 714 4425 νοερᾷ
736 4374 791 4409 τε
811 4360 853 4389 ¹⁰
871 4361 964 4412 καὶ
992 4361 1206 4430 λογικῇ,
1229 4362 1385 4416 τοῦτο
1398 4364 1464 4434 δὴ
1480 4363 1638 4418 τοῦτο
1664 4383 1800 4435 προ-

228 4443 560 4497 καταϐαλὼν
587 4447 627 4477 ¹¹
671 4448 765 4499 καὶ⁸
813 4451 1259 4519 προθεμελιώσας
1307 4454 1367 4506 ἑν
1404 4457 1522 4518 ταῖς
1543 4454 1801 4509 ἁπάντων

1908 1972 2071 2026 verba
2104 1972 2157 2025 in
2199 1974 2402 2042 synodo
2443 1972 2575 2028 lecta
2612 1974 2728 2028 lucc
2758 1973 2892 2040 fere,
2931 1975 3049 2028 sive
3094 1988 3278 2027 veram
3327 1981 3483 2028 sonat

1910 2076 2116 2127 vocem,
2148 2078 2309 2132 quam
2344 2079 2411 2119 ex
2436 2064 2662 2133 cpistola
2685 2066 2750 2119 ad
2777 2064 3090 2135 Dionysium
3110 2062 3402 2128 adducunt,
3428 2072 3485 2117 et

1909 2157 2143 2213 maxime
2200 2156 2508 2214 Nestorium
2568 2159 2832 2214 damnans
2877 2157 3018 2214 hanc
3070 2171 3180 2212 non
3235 2165 3482 2212 contem-

1912 2260 2041 2319 psit.

1976 2529 2057 2585 Ad
2082 2528 2195 2584 haec
2220 2539 2276 2584 et
2298 2529 2422 2584 illud
2451 2527 2753 2594 sciendum,
2784 2529 2999 2584 beatum
3022 2528 3279 2601 Cyrillum
3303 2532 3479 2588 homi-

1908 2636 2030 2677 nem
2065 2636 2267 2689 ponere
2298 2636 2395 2691 pro
2414 2620 2685 2689 exemplo,
2711 2636 2814 2675 non
2843 2630 2901 2676 ut
2924 2624 3174 2677 ostendat
3199 2639 3357 2678 uuam
3386 2642 3479 2681 na-

1911 2724 2083 2767 turam
2114 2713 2170 2767 in
2202 2711 2420 2768 Christo
2468 2726 2685 2780 capere,
2751 2712 2846 2767 sed
2899 2723 2957 2767 ut
3000 2713 3194 2783 27gb
3234 2729 3331 2783 per
3377 2718 3481 2772 hoc

1909 2806 2160 2861 unionem
2190 2806 2485 2860 constituat
2517 2804 2934 2875 hypostaticam.
2975 2806 3183 2860 Etenim
3220 2808 3272 2861 in
3303 2810 3478 2867 nostri

1906 2896 2325 2965 cmuparatione,
2365 2896 2594 2950 diversa:
2644 2895 2828 2950 forma
2869 2910 3066 2965 corpus
3109 2909 3164 2951 et
3214 2900 3473 2967 animam,

1908 2998 1967 3041 ut
1999 2990 2147 3041 unita
2202 3002 2359 3040 unam
2416 2986 2714 3056 perfectam
2770 2987 3003 3042 hominis
3056 3000 3328 3058 naturam,
3369 3008 3473 3047 non

1906 3075 2105 3145 adjecit
2148 3087 2481 3144 corporatam
2529 3084 2580 3129 et
2628 3076 2951 3139 animatam;
3000 3077 3053 3132 in
3089 3076 3265 3134 Verbo
3313 3096 3474 3135 unam

1910 3177 2154 3220 naturam
2183 3168 2385 3230 dicens,
2409 3166 2591 3221 statim
2615 3167 2858 3237 adjungit
2899 3169 3254 3227 incantatam.
3282 3171 3477 3227 Rarius

1908 3259 2048 3311 enim
2066 3256 2209 3309 illam
2233 3256 2483 3322 tacuisse,
2506 3271 2609 3310 non
2636 3258 3039 3326 repugnantiam
3059 3261 3473 3328 sententiarum,

1907 3351 2000 3402 sed
2054 3348 2225 3416 magis
2276 3346 2740 3401 confirmationem
2797 3358 3046 3403 testatur.
3097 3350 3477 3419 Saepenumero

1907 3444 2049 3496 enim
2073 3442 2215 3511 quod
2235 3443 2355 3511 quis
2380 3442 2598 3495 assiduo
2625 3442 2839 3505 clamat,
2870 3452 2926 3497 et
2951 3443 3184 3498 validam
3214 3444 3332 3512 ejus
3356 3448 3476 3515 opi-

1908 3536 2120 3588 nionem
2161 3533 2411 3587 omnibus
2453 3533 2746 3601 inculcatis,
2796 3535 2949 3588 novit
2988 3545 3045 3587 ut
3067 3536 3370 3591 confessum
3420 3546 3476 3593 et

1907 3626 2133 3687 clarum,
2175 3625 2439 3678 interdum
2489 3625 2734 3689 tacendo,
2776 3626 2991 3680 silentio
3038 3642 3141 3681 non
3180 3632 3476 3684 contemnit

1906 3720 2045 3787 quod
2080 3718 2274 3785 saepius
2306 3716 2441 3771 dixit
2473 3733 2487 3769 :
2521 3716 2616 3770 sed
2649 3717 2939 3773 ostendens
2969 3718 3043 3773 ita
3073 3718 3285 3775 ﬁrmum
3315 3733 3475 3792 atque

1908 3820 2150 3880 apertum
2181 3824 2321 3873 esse,
2366 3820 2426 3864 ut
2468 3824 2570 3864 nec
2598 3810 2798 3873 verbis,
2836 3826 2935 3865 nec
2963 3817 3474 3871 commemoratione

1907 3900 2134 3969 amplius
2172 3900 2429 3967 indigeat.
2468 3898 2559 3954 Sic
2598 3900 2761 3968 igitur
2790 3900 2982 3956 doetus
3004 3912 3058 3955 et
3088 3903 3209 3971 pius
3254 3904 3475 3959 minime

1907 3994 2165 4047 vacillans
2213 3991 2445 4061 Cyrillus
2494 4008 2654 4046 unam
2684 3994 2839 4047 docet
2890 3991 3051 4047 Verbi
3102 4005 3372 4060 naturam,
3421 4005 3476 4051 et

1909 4084 2050 4137 illam
2076 4084 2441 4146 incarnatam;
2469 4084 2647 4137 ethoc
2670 4098 2773 4138 non
2800 4083 3141 4154 simpliciter,
3164 4086 3258 4138 sed
3291 4087 3474 4141 anima

1907 4175 2155 4229 rationali
2177 4183 2230 4229 et
2262 4174 2601 4245 iutelligibili,
2626 4175 2741 4229 haec
2767 4190 3068 4240 assumens,
3093 4184 3149 4229 et
3172 4186 3328 4231 antea
3354 4176 3475 4230 fun-

1904 4271 2040 4325 dans
2083 4271 2134 4323 in
2188 4270 2426 4324 omnium
2469 4268 2667 4322 animis
2697 4284 2792 4338 per
2832 4270 3217 4338 cognitionem,
3262 4280 3320 4325 et
3365 4285 3473 4325 non

1906 4362 2314 4423 dubitationem,
2339 4370 2393 4414 et
2425 4369 2629 4415 natura:
2655 4361 3195 4429 comprehensionem
3221 4376 3286 4415 ex
3315 4370 3470 4430 parte

1908 4467 2182 4516 asserens,
2213 4452 2395 4506 omisit
2424 4450 2689 4519 reliquum
2712 4449 2889 4506 eﬂ‘erri
2912 4460 2967 4505 et
2992 4449 3180 4505 audire
3220 4469 3233 4505 :
3270 4450 3472 4506 etenim

223 4531 451 4601 ψυχαῖς,
476 4533 565 4587 διά
597 4552 657 4588 τι
685 4520 1029 4609 τὸγνώριμον
1075 4541 1169 4594 καὶ
1196 4543 1678 4614 άναμφισσήτητον
1708 4546 1801 4599 καὶ
1833 4556 1877 4611 ι)

1833 4556 1877 4611 ι)
1908 4544 2070 4599 multa
2104 4544 2325 4612 cogitat,
2365 4559 2468 4597 non
2499 4543 2674 4597 verbis
2692 4554 2745 4597 et
2769 4544 3072 4597 nominibus
3100 4558 3321 4598 sensum
3348 4558 3474 4598 cre-

225 4624 290 4673 τὸ
324 4622 592 4693 σύντομον
612 4626 712 4697 τῆς
760 4628 947 4700 φωνῆς
973 4630 1080 4684 ἀπὸ
1111 4632 1311 4702 μέρους
1334 4635 1502 4687 εἰπὼν
1522 4636 1703 4707 ἀφῆκε
1737 4638 1803 4692 τὸ

226 4711 417 4763 λοιπὸν
443 4717 906 4800 συνεκφωνεῖσθαι
937 4721 1030 4774 καὶ
1061 4723 1531 4788 συνεξακούεσθαι.
1560 4728 1672 4780 Καὶ
1693 4730 1803 4800 γάρ

227 4802 381 4855 ἐστιν
410 4795 564 4868 οὗτος
590 4807 619 4858 ό
651 4808 817 4871 πολὺς
844 4810 903 4861 ὲν
936 4811 1164 4884 διανοίᾳ,
1191 4814 1251 4865 οὐ
1292 4818 1406 4879 τοῖς
1450 4817 1657 4885 ῥήμασι
1706 4795 1802 4871 καὶ

228 4896 348 4955 τοῖς
402 4895 661 4965 ὀνόμασιν
713 4899 802 4951 ἀεὶ
857 4901 948 4954 τὸν
985 4901 1108 4956 νοῦν
1129 4905 1566 4973 καταπιστεύων,
1600 4910 1711 4970 τοῖς
1740 4908 1799 4961 δὲ

227 4983 471 5053 νοήμασι
502 4986 595 5038 καὶ
620 4987 689 5040 τὰ
709 4989 931 5059 ῥήματα
962 4992 1057 5045 καὶ
1083 4992 1417 5065 τὰ,όνόματα
1446 4998 1799 5068 συμμεταφέ-

234 5090 347 5141 ρων
375 5090 435 5126 τε
466 5077 557 5127 καὶ
585 5076 1084 5150 μεθαρμοζόμενος.
1120 5083 1319 5138 Ἀκουε
1340 5085 1449 5158 γὰρ
1495 5086 1547 5140 τί
1595 5090 1695 5157 μὲν
1745 5092 1803 5143 ὲν

228 5162 308 5231 τῷ
331 5163 535 5234 πρώτῳ
556 5165 673 5217 τῶν
700 5169 1023 5237 θησαυρῶν
1048 5172 1215 5240 λέγει,
1242 5176 1295 5228 τί
1327 5175 1383 5228 δὲ
1416 5178 1475 5229 ἑν
1502 5180 1621 5242 ταῖς
1668 5179 1803 5249 πρὸς

227 5252 531 5307 Σούκενσον
557 5257 881 5323 ἐπιστολαῖς.
919 5262 1008 5315 Ἐν
1042 5264 1235 5337 ἐκείνῳ
1269 5268 1369 5336 μὲν
1395 5268 1502 5337 γάρ
1529 5286 1661 5340 φησι
1712 5271 1803 5323 τὸν

230 5343 368 5396 Θεὸν
393 5348 434 5377 ι’
456 5349 647 5415 Λάγον,
678 5351 819 5422 ὑπὲρ
839 5356 870 5424 ή
881 5354 997 5424 μῶν
1022 5358 1279 5429 ἀρχιερέα
1313 5361 1594 5429 γεγονότα,
1615 5362 1804 5436 ὥσπερ
1834 5378 1850 5387 ’

227 5440 355 5493 τινὰ
396 5442 605 5513 ποδήρη
654 5446 745 5499 τὸν
796 5450 860 5501 ὲκ
907 5450 1125 5519 Μαρίας
1171 5453 1457 5522 ἄνθρωπον
1490 5457 1523 5525 ἢ
1563 5457 1654 5510 τὸν
1678 5458 1804 5511 ναὸν

1897 4636 1996 4700 dit,
2027 4636 2120 4690 sed
2166 4645 2345 4689 tuente
2395 4639 2555 4688 verba
2605 4644 2660 4689 et
2706 4636 2923 4687 nomina
2972 4634 3260 4689 conferens
3311 4644 3474 4703 atque

1897 4729 2333 4784 accommodans.
2350 4727 2577 4780 Attende
2588 4726 2715 4794 quid
2731 4726 2868 4779 libro
2885 4726 3057 4793 primo
3085 4726 3472 4781 Tliesaurorum

1897 4820 2060 4881 dicat,
2089 4826 2144 4869 et
2172 4817 2297 4885 quid
2332 4817 2385 4868 in
2432 4816 2676 4882 epistolis
2707 4815 2773 4868 ad
2820 4816 3174 4871 Succensum.
3210 4816 3283 4870 lbi
3328 4816 3472 4871 enim

1896 4910 2027 4964 dicit
2061 4926 2075 4961 :
2103 4908 2267 4961 Deum
2295 4905 2517 4960 Verbum
2550 4922 2645 4974 pro
2676 4908 2822 4961 nobis
2868 4924 3127 4962 summum
3160 4907 3469 4977 pontiﬁcem

1905 5001 2123 5071 factum,
2152 5010 2398 5067 tanquam
2417 5009 2603 5052 pestem
2622 5000 2879 5065 aliquam,
2901 5015 2965 5052 ea:
2996 4999 3169 5053 Maria
3192 5000 3473 5063 hominem,

1904 5092 1979 5146 vel
2026 5092 2272 5157 templum
2310 5105 2587 5143 resumere.
2627 5089 2725 5144 Hic
2758 5106 2889 5145 vero
2923 5109 2935 5143 :
2980 5089 3101 5145 Non
3129 5090 3281 5144 homo
3303 5092 3473 5160 igitur

1906 5183 2076 5252 factus
2115 5191 2213 5243 est,
2256 5194 2357 5232 non
2385 5189 2558 5233 autent
2597 5180 2857 5233 hominem
2904 5181 3150 5234 assumit.
3192 5180 3472 5244 Quomodo

1905 5289 2033 5341 ergo
2056 5273 2125 5326 ibi
2145 5271 2386 5341 quidem,
2422 5288 2529 5327 non
2550 5273 2855 5339 assumpsit,
2886 5273 2973 5327 hic
3006 5288 3133 5327 vero
3155 5273 3474 5340 assumpsit?

1912 5363 2156 5431 Seipsum
2198 5361 2483 5431 explanat;
2534 5364 2751 5416 adducit
2807 5364 2949 5416 enim
2983 5362 3232 5419 Nestorio
3280 5365 3470 5419 videri.

1911 5454 2059 5522 Quid
2078 5454 2180 5510 hoc
2202 5455 2346 5509 aliud
2366 5462 2447 5509 est
2472 5455 2573 5508 nisi
2596 5454 2773 5509 verbis
2796 5468 3013 5509 sensum
3043 5456 3285 5520 credere,
3310 5457 3471 5510 verba

1520 5612 1756 5667 VARUS
1792 5612 2201 5670 LECTIONES.

301 5739 324 5769 ⁸
348 5739 725 5814 ἐπανέγνωσεν
756 5760 815 5807 ς.
891 5745 912 5773 ⁸
935 5744 1389 5814 διαναγνωσθείσα
1430 5766 1487 5812 ς.

1566 5751 1586 5825 _"
1620 5750 2247 5825 ἀπετέλεσαν-ἀνθρώπῳ
2279 5772 2340 5819 ς.
2428 5755 2451 5787 ⁸
2480 5754 2883 5825 ἑμψυχωμένην
2904 5770 2963 5818 ς.

3039 5755 3059 5784 ⁸
3089 5752 3187 5823 ixi]
3197 5752 3355 5824 ρυξεν
3404 5771 3466 5818 ς.

230 5806 281 5841 ίο
310 5812 472 5877 map;
493 5806 554 5864 τε
588 5816 629 5865 A
665 5806 777 5884 ετῇί
797 5817 955 5885 νοερᾷ
987 5833 1046 5879 ς.
1101 5806 1162 5848 ’¹¹
1189 5806 1615 5889 προκαταλαϐὼν
1643 5836 1702 5884 ς.
1778 5821 1820 5852 ’⁸
1851 5820 1976 5875 libri
1999 5806 2158 5881 Θεῖον.
