4208 6442
795 400 930 465 ]043
1907 406 2168 468 ΡΗΟΤῘΙ
2204 404 2457 467 PATRU

2339 406 2711 468 'RIARCHE
2738 408 2850 469 ΟΡ.
3865 406 4001 470 1046

795 526 1007 564 sensum
1064 513 1488 581 reprmsentare?
1529 511 1885 579 Quamobrem
1929 518 2096 571 sicubi
2143 517 2342 571 dixisse
2369 518 2457 575 Ad

2369 522 2412 575 Λ
2440 517 2743 568 ἀναλαδεῖν·
2768 518 2823 567 ἐν
2845 515 3069 577 ταύταις
3090 516 3165 576 δὲ,
3188 514 3420 568 Οὐκοῦν
3442 517 3664 583 γέγονε,
3690 519 3875 585 φησὶν,
3903 520 4004 571 ἄν·

791 604 1033 655 videatur
1068 601 1234 656 Deum
1269 601 1498 656 Verbum
1533 606 1800 660 hominem
1832 622 1936 660 non
1960 608 2337 676 assumpsisse,
2436 612 2453 660 ί

2436 610 2813 674 ορωπος,οὺκ
2834 608 3149 675 ἄνθρωπον
3193 609 3532 661 ἀντελάϐετο.
3592 610 3712 671 Πῶς
3750 607 3843 662 οῦν
3892 613 4009 662 ἐκεῖ

786 694 888 747 hac
940 696 1048 762 ipsa
1102 696 1342 748 doctrina
1387 697 1716 763 praedicavit,
1754 714 1855 751 non
1896 700 2120 753 omnino
2165 701 2336 768 ipsum
2440 715 2448 765 ι

2440 699 2538 765 μὲν
2568 698 2853 767 ἄνθρωπον
2878 699 2921 730 ⁸³
2977 700 3075 751 οὐκ
3102 699 3381 761 ἀνέλαϐεν,
3429 698 3659 751 ἐνταῦθα
3708 700 3763 752 δὲ
3812 703 4007 753 ἀνέλα-

788 800 1005 852 negare,
1038 788 1138 839 hoc
1174 802 1277 839 non
1311 788 1413 839 dici
1446 805 1459 839 :
1491 790 1755 854 quomodo
1774 804 1897 857 erga
1928 791 2062 843 alios
2091 791 2169 844 sic
2194 792 2334 859 loqui
2433 790 2450 839 ε

2433 788 2566 853 ὕεν;
2599 791 2758 849 αὐτὸς
2795 791 2979 841 ἑαυτὸν
3021 791 3323 858 ἑρμημεύει
3349 808 3360 819 υ
3402 791 3597 856 ἐπάγει
3632 792 3759 860 γὰρ,
3780 794 3861 857 ὡς
3890 796 4005 846 Νε-

789 877 1088 943 pruliiheat,
1142 879 1282 946 quod
1334 878 1444 947 ipse
1493 879 1655 933 facit?
1711 882 1802 933 sed
1838 894 1940 934 non
1988 882 2065 935 sic
2104 883 2248 950 loqui
2281 892 2335 936 ut
2431 904 2451 937 ι

2431 886 2647 951 στορίῳ
2685 885 2864 939 δοκεῖ.
2906 886 3075 938 Τοῦτο
3102 886 3157 936 δὲ
3186 887 3236 936 τί
3263 888 3407 937 ἐστιν
3454 886 3639 954 ᾶλλοῆ
3685 888 3759 956 μὴ
3795 891 3906 948 τοῖς
3937 892 4004 958 ρή

788 966 1032 1023 Nestorio
1055 971 1221 1023 visum
1247 980 1349 1023 est.
2433 994 2450 1042 ι

2433 991 2565 1042 μασι
2596 975 3009 1027 καταπιστεύειν
3033 974 3122 1026 τὸν
3171 974 3313 1033 νοῦν,
3342 973 3409 1023 τά
3444 973 3500 1024 δὲ
3523 974 3737 1041 ῥήματα
3774 976 3841 1041 τῇ
3885 974 4006 1025 δια-

784 1062 900 1130 νοία
953 1062 1298 1129 ζυγοστατεῖν
1324 1080 1337 1128 ;
1401 1063 1539 1117 ὥστε
1560 1066 1609 1116 εί
1638 1080 1739 1116 που
1786 1064 1955 1131 λέγων
2000 1067 2246 1136 εὑρεθείη
2304 1068 2392 1119 τὸν
2420 1070 2553 1120 Θεὸν
2584 1070 2753 1135 Λόγον
2776 1068 3059 1136 ἄνθρωπον
3087 1065 3160 1135 μὴ
3183 1063 3487 1124 ἀναλαϐεῖν,
3522 1066 3583 1115 ὲκ
3607 1065 3705 1131 τῆς
3725 1066 4008 1133 παρούσης

781 1154 1082 1223 ἀνεκήρυξε
1142 1154 1486 1218 διδασκαλίας
1518 1157 1613 1224 οὐχ
1648 1157 1833 1219 ἁπλῶς
1893 1159 2054 1211 αὑτὸν
2106 1161 2390 1229 ἀπείργειν
2457 1158 2614 1212 τοῦτο
2658 1160 2732 1227 μὴ
2780 1157 2960 1225 λέγειν
3005 1156 3143 1225 (πῶς
3182 1159 3287 1226 γάρ
3324 1154 3389 1208 ἂν
3438 1156 3651 1224 ἑτέρους
3690 1155 4007 1219 κωλύσειεν,

785 1246 919 1313 ὅπερ
950 1246 1109 1308 αὐτὸς
1135 1246 1401 1315 λαμπρῶς
1428 1247 1803 1317 διαπράττοιτο
1823 1248 1862 1315 ;)
1892 1249 2027 1302 ἀλλά
2064 1249 2137 1319 μὴ
2170 1250 2369 1317 λέγειν,
2411 1250 2581 1313 οὕτως
2604 1251 2679 1313 ὼς
2704 1249 2982 1319 Νεστορίῳ
3002 1248 3172 1301 δοκεῖ.

852 1336 1044 1392 Clarus
1077 1338 1254 1405 itaque
1285 1338 1533 1407 Eulogius
1566 1356 1723 1393 unam
1759 1340 1917 1395 Verbi
1962 1352 2205 1396 naturain
2254 1344 2335 1397 in-

783 1438 1057 1481 earnatain
1085 1429 1351 1493 indicans,
1376 1430 1475 1483 hoc
1503 1432 1663 1485 etiam
1695 1433 1870 1496 addit;
1897 1445 1953 1496 ς’.
1984 1435 2027 1487 si
2052 1437 2172 1503 quis
2200 1450 2335 1503 prae-

783 1520 1015 1585 eepturis
1090 1534 1303 1574 sensum
1360 1524 1667 1578 accuratius
1728 1526 1906 1592 cupiat
1972 1526 2334 1595 investigare,

783 1609 976 1678 273a
1037 1611 1269 1666 inveniet
1332 1628 1463 1666 voce
1508 1616 1639 1667 nihil
1687 1616 1828 1669 aliud
1879 1618 2128 1679 voluisse,
2175 1633 2333 1686 quam

783 1700 1371 1755 incommutabilitatem
1419 1705 1571 1757 Verbi
1616 1710 1899 1761 ostendere
1945 1724 1959 1759 :
2004 1706 2079 1761 Ne
2133 1710 2333 1761 dictum

787 1790 910 1855 alio,
944 1793 1036 1845 sed
1066 1791 1131 1845 ad
1159 1792 1489 1845 divinitatem
1518 1792 1788 1863 Unigeniti
1828 1797 2109 1851 referatur.
2138 1798 2191 1851 ln
2222 1799 2332 1852 dia-

2526 1343 2583 1395 Ὁ
2626 1343 2804 1413 μέντοι
2830 1360 2894 1411 γε
2917 1342 3124 1405 κλεινὸς
3155 1342 3406 1408 Εύλόγιος
3426 1341 3522 1409 τὴν
3551 1340 3676 1409 μίαν
3703 1340 3866 1409 φύσιν
3915 1340 4010 1394 τοῦ

2444 1435 2615 1502 Λόγου
2641 1436 3062 1503 σεσαρκωμένην
3118 1433 3434 1500 διευκρινῶν
3463 1433 3557 1485 καὶ
3609 1431 3765 1484 τοῦτό
3819 1448 4008 1501 φησιν,

2440 1526 2515 1587 ὠς
2545 1527 2696 1588 εῖτις
2740 1526 2829 1578 τὸν
2868 1526 2989 1577 νοῦν
3035 1526 3127 1576 τοῦ
3167 1524 3486 1577 διδασκάλου
3533 1521 4010 1591 ἑξακριὸὡσασθαι

2444 1616 2698 1685 βουληθῇ,
2727 1616 2945 1684 εὑρήσει
2977 1615 3166 1667 τοῦτον
3192 1616 3279 1667 διὰ
3301 1615 3398 1683 τῆς
3420 1615 3601 1682 φωνῆς
3630 1612 3779 1665 οὐδὲν
3816 1613 4007 1680 ἓτερον

2443 1708 2762 1776 βουλόμενον
2796 1708 2921 1778 [447
2946 1706 3087 1776 ﬂ.”
3114 1708 3173 1759 τὸ
3194 1709 3461 1775 ἄτρεπτον
3497 1703 3762 1768 ἐπιδεῖξαι
3789 1703 3883 1755 τοῦ
3900 1702 4005 1754 Δός

2431 1818 2549 1867 γου,
2581 1800 2666 1851 ἵνα
2694 1801 2754 1851 τὸ
2794 1800 2835 1830 ’⁸
2863 1799 3150 1866 λεγόμενον
3178 1798 3251 1867 μὴ
3274 1799 3352 1860 είς
3373 1796 3498 1849 ἄλλο
3537 1814 3615 1859 τι,
3646 1795 3759 1847 ἀλλ’
3783 1796 3862 1855 είς
3903 1794 4005 1861 τὴν

785 1880 905 1947 logo
941 1883 1079 1935 enim
1133 1885 1222 1950 qui
1279 1882 1423 1937 Uuus
1460 1883 1697 1939 Christus
1750 1886 2067 1969 inscribitur
2100 1908 2113 1944 :
2151 1886 2323 1943 Unum
2364 1965 2397 1969 ἓ
2433 1893 2447 1945 ί

2364 1965 2397 1969 ἓ
2433 1893 2661 1963 θεότητα
2692 1891 2784 1944 τοῦ
2809 1889 3143 1957 Μονογενοῦς
3175 1889 3513 1957 ἀναφέροιτο.
3533 1888 3619 1940 Ἐν
3647 1886 3753 1953 γάρ
3774 1885 3851 1954 τῷ
3881 1884 4003 1936 δια-

786 1969 986 2023 Filium
1016 1984 1062 2024 et
1100 1990 1258 2026 unam
1286 1977 1396 2043 ejus
1430 1984 1676 2027 naturam
1720 1965 1961 2042 dicimus,
2005 1978 2121 2032 licet
2164 1980 2217 2032 in
2248 1996 2333 2032 as-
2364 1965 2404 2015 Β
2436 1981 2448 2033 i

2364 1965 2404 2015 Β
2436 1981 2578 2051 λόγῳ
2604 1982 2661 2044 ὃς
2690 1984 3083 2051 ἐπιγράφεται,
3105 1982 3187 2033 ὅτι
3213 1976 3318 2043 Εἷς
3336 1983 3367 2033 d
3388 1981 3639 2045 Χριστός
3656 1994 3669 2006 ·
3691 1978 3840 2030 Ἕνα
3856 1993 3922 2044 τε
3939 1977 4001 2006 ⁸⁵·

786 2062 1072 2125 sumptione
1120 2064 1291 2115 carnis
1314 2063 1427 2129 ﬁeri
1468 2065 1793 2133 intelligatur
1842 2067 2071 2119 habentis
2106 2070 2333 2120 animam

784 2152 1179 2217 intelligibilem.
1203 2154 1408 2219 Quibus
1431 2155 1561 2208 nihil
1585 2157 1725 2210 aliud
1749 2171 1907 2225 quam
1934 2158 2337 2215 immutabilitas

786 2244 1079 2297 divinitatis
1118 2246 1439 2300 declaratur.
1473 2246 1586 2300 Non
1614 2248 1775 2316 igitur
1802 2263 1905 2301 una
1934 2247 2091 2302 Verbi
2120 2262 2332 2315 natura,

787 2346 844 2387 iit
877 2337 1125 2399 diximus.
1152 2340 1738 2393 incommutabilitatein
1764 2340 2001 2394 declarat
2024 2342 2337 2405 divinitatis,

786 2444 888 2482 non
908 2439 1083 2482 autem
1104 2430 1239 2483 duas
1266 2441 1489 2484 naturas
1510 2432 1802 2485 secundum
1830 2432 2139 2501 hypostasin
2165 2434 2340 2487 unitas

784 2517 938 2570 tollit.
982 2517 1073 2571 Sic
1103 2519 1269 2585 igitur
1298 2520 1555 2573 intellexit
1586 2522 1706 2588 pius
1739 2521 1827 2575 ille
1851 2523 2106 2589 scriptor,
2136 2522 2277 2589 quod
2310 2536 2338 2575 a

787 2618 1117 2675 lirieeeptore
1147 2612 1213 2662 ad
1240 2610 1515 2678 Eulogium
1546 2613 1746 2665 dictum
1774 2622 1855 2666 est
1887 2630 1901 2665 :
1936 2612 2083 2666 Unus
2128 2614 2341 2681 denique

2432 2072 2557 2141 μὴν
2586 2074 2721 2125 Υίὸν
2774 2074 2874 2125 καί
2920 2074 3069 2141 μίαν
3125 2070 3311 2124 αὑτοῦ
3337 2070 3523 2137 φύσιν
3571 2067 3786 2136 φαμὲν,
3818 2066 3932 2119 κᾶν
3949 2067 4005 2118 εί

2437 2164 2506 2215 ἐν
2551 2162 2894 2230 προσλήψει
2958 2162 3153 2216 νοοῖτο
3210 2160 3486 2229 γενέσθαι
3521 2160 3746 2228 σαρκὸς
3788 2156 4004 2225 ψυχὴν

2438 2255 2703 2321 ἐχούσης
2746 2256 2859 2321 τὴν
2907 2256 3137 2322 γοεράν.
3204 2254 3281 2305 Δι’
3329 2247 3404 2306 ὧν
3448 2253 3601 2305 οὐδὲν
3663 2251 3899 2321 ἕτερονῆ
3939 2250 4001 2302 τὸ

2434 2345 2700 2413 ἄτρεπτον
2756 2347 3189 2415 ἀποσημαίνεται
3226 2345 3320 2411 τῆς
3362 2344 3633 2411 Θεὸτητος.
3666 2340 3869 2395 Οὐκοῦν
3898 2343 3998 2411 ἠ¹⁸

2435 2438 2529 2491 τοῦ
2562 2437 2691 2489 Υίοῦ
2726 2438 2821 2507 μία
2879 2439 3058 2505 φύσις,
3090 2437 3339 2505 καθάπερ
3378 2437 3609 2504 εἴρηται,
3636 2435 3698 2485 τὸ
3722 2435 3995 2502 ἄτρεπτον

2436 2528 2745 2597 ἀνυμνοῦσα
2782 2532 2882 2597 τῆς
2907 2528 3178 2597 Θεότητος.
3200 2527 3451 2596 οὐδαμῶς
3503 2530 3717 2595 ἀναιρεῖ
3750 2526 3843 2587 τάς
3869 2527 3998 2578 καθ’

2437 2619 2731 2671 ὑπόστασιν
2761 2620 3046 2681 ὲνωοείσας
3068 2619 3161 2672 δύο
3190 2619 3399 2688 φύσεις.
3426 2618 3581 2671 Οὖτω
3603 2619 3647 2670 δ’
3676 2619 3739 2670 ἂν
3757 2620 4003 2687 νοήσειεν

784 2698 958 2753 Filius
1000 2713 1046 2753 et
1092 2718 1197 2754 una
1230 2713 1419 2755 natura
1462 2706 1723 2757 incarnati
1772 2704 1949 2767 Verbi,
1988 2707 2089 2759 hoc
2123 2715 2338 2760 estnon
2433 2709 2446 2759 ί

2433 2708 2462 2759 ὁ
2490 2710 2591 2778 τῆς
2654 2709 2992 2771 εὑσεδείαςη
3035 2710 3184 2774 φίλος
3232 2710 3416 2762 καὶτὸ
3447 2710 3580 2776 πρὸς
3633 2709 3881 2775 Εύλόγιον
3918 2709 4003 2777 τῷ

783 2806 1065 2855 conversa,
1098 2808 1197 2847 nec
1224 2808 1253 2845 a
1282 2796 1493 2862 propria
1529 2795 1857 2863 perfectione
1884 2797 2180 2851 declinans.
2429 2797 2445 2849 ί

2429 2797 2730 2868 διδασκάλῳ
2759 2800 3068 2868 είρημένον,
3114 2795 3215 2864 Εἷς
3250 2800 3467 2852 λοιπὸν
3532 2799 3681 2863 Υἱὸς,
3733 2799 3829 2851 καί
3884 2801 3999 2866 μία

783 2885 968 2951 φύσις
1017 2886 1199 2940 αὑτοῦ
1258 2886 1364 2939 τοῦ
1426 2888 1843 2959 σαρκωθέντοςὶ
1896 2890 2109 2959 Λόγου,
2175 2890 2450 2943 τουτέστιν
2484 2893 2545 2945 οὐ
2608 2894 2874 2962 τραπεῖσα
2915 2894 3034 2946 οὐδὲ
3073 2894 3170 2963 τῆς
3231 2893 3431 2954 οἰκείας
3469 2894 3746 2947 ἀποστᾶσα
3794 2891 4004 2944 τελειό-

780 2994 959 3048 τητος.

852 3070 920 3123 Et
954 3070 1081 3123 illud
1110 3070 1173 3123 ad
1210 3084 1425 3124 sensum
1456 3070 1659 3127 referre
1686 3083 1915 3143 Oportet,
1938 3084 1996 3127 ut
2024 3076 2212 3127 beatus
2234 3071 2337 3141 Cy-

2517 3070 2751 3123 Κάκείνο
2781 3070 2838 3123 δὲ
2868 3070 2949 3123 δεῖ
2975 3071 3115 3123 κατά
3145 3070 3266 3122 νοῦν
3295 3071 3500 3139 φέρειν,
3542 3071 3615 3133 ὡς
3647 3073 3675 3123 ὁ
3702 3071 3839 3133 θεῖος
3883 3072 4004 3125 Κύ-

783 3161 934 3215 rillus
965 3177 1227 3230 nusquam
1254 3178 1413 3215 unam
1442 3162 1645 3218 Christi
1683 3175 1926 3218 naturam
1958 3166 2136 3217 dicere
2160 3164 2336 3217 Videa-
2443 3204 2445 3229 ι

2443 3160 2618 3230 ριλλος
2647 3160 2880 3224 οὐδαμοῦ
2915 3162 3159 3229 φαίνεται
3195 3161 3320 3229 μίαν
3355 3162 3515 3228 φύσιν
3544 3162 3774 3231 Χριστοῦ
3804 3162 4000 3229 είπὼν,

782 3261 905 3304 tur:
929 3253 1019 3305 sed
1048 3269 1210 3306 unum
1235 3254 1525 3319 Christum,
1556 3271 1714 3309 unam
1742 3269 2042 3324 personam,
2064 3266 2117 3309 et
2141 3255 2334 3323 ubique
2438 3272 2444 3300 i

2438 3250 2554 3302 ἀλλ’
2584 3251 2676 3303 ἕνα
2704 3252 2800 3319 μὲν
2826 3251 3058 3319 Χριστὸν
3080 3250 3173 3302 καὶ
3199 3250 3258 3301 ἓν
3289 3252 3572 3318 πρόσωπον
3598 3253 3691 3303 καὶ
3719 3252 3846 3320 μίαν
3868 3253 4004 3305 ὑπό-

779 3359 942 3397 unam
963 3344 1159 3399 Christi
1182 3346 1512 3415 hyposmsin,
1537 3363 1644 3401 non
1678 3356 1854 3400 autem
1881 3362 2039 3400 unam
2064 3356 2327 3401 naturam.
2360 3388 2402 3415 ρ
2440 3370 2441 3381 ι

2360 3388 2402 3415 ρ
2440 3357 2627 3393 στασιν
2667 3340 2900 3409 Χριστοῦ
2950 3341 3247 3410 πανταχοῦ,
3299 3339 3421 3411 [849
3450 3339 3539 3411 8.]
3591 3340 3717 3411 μίαν
3748 3342 3801 3393 δὲ
3835 3342 4001 3409 φύσιν

780 3435 847 3488 Ει
869 3448 1052 3489 contra
1080 3436 1328 3504 prohibet
1353 3437 1403 3489 in
1436 3438 1675 3505 epistolis
1704 3438 1771 3491 ad
1798 3438 2151 3499 Succensum,
2172 3453 2331 3489 unam
2362 3429 2401 3448 υ
2435 3433 2442 3483 ἰ

2362 3429 2401 3448 υ
2435 3429 2668 3500 Χριστοῦ
2693 3430 2895 3484 οὐκέτι.
2923 3430 3242 3483 Τούνανείον
3274 3430 3453 3497 μέντοι
3484 3447 3545 3497 γε
3570 3432 3664 3483 καὶ
3689 3431 4001 3484 ἀποκωλύει

779 3538 1026 3580 naturam
1082 3530 1132 3581 in
1179 3529 1478 3596 composito
1526 3530 1750 3583 dicere:
1791 3528 1850 3583 Si
1905 3530 2039 3582 enim
2089 3530 2185 3581 hoc
2241 3527 2335 3579 tol-
2432 3524 2441 3574 ί

2432 3524 2488 3575 ἐν
2520 3526 2640 3585 ταῖς
2671 3522 2996 3586 ἐπιστολαῖς,
3044 3523 3099 3574 αῖ
3144 3524 3231 3575 τὸν
3262 3522 3550 3574 Σούκενσον
3580 3524 4000 3592 ἐπιγράφονται,

780 3619 960 3681 limus,
1010 3636 1037 3672 e
1079 3619 1282 3672 duabus
1333 3619 1550 3672 diversis
1597 3620 1800 3671 ualiiris
1862 3636 2019 3670 unum
2066 3618 2334 3684 solumque
2435 3636 2442 3687 ι

2435 3618 2559 3687 μίαν
2597 3618 2755 3684 φύσιν
2789 3617 2965 3684 λέγειν
2999 3620 3089 3669 ἐπὶ
3112 3618 3207 3670 τοῦ
3233 3618 3485 3671 συνθέτου
3506 3633 3517 3645 ·
3564 3619 3703 3671 Ἐὰν
3734 3620 3869 3686 τὰρ,
3893 3637 4002 3689 φη-

779 3708 1045 3765 Christum
1077 3727 1188 3763 esse
1216 3720 1329 3776 post
1376 3712 1619 3765 unionem
1649 3711 1931 3763 indiuisum
1952 3749 1966 3771 ,
1988 3711 2207 3777 afferent
2237 3708 2334 3759 ad-

780 3804 1013 3857 versari:
1044 3802 1103 3856 Si
1140 3818 1244 3854 una
1299 3812 1492 3855 natura
1515 3813 1700 3863 totum,
1735 3802 1989 3870 quomodo
2026 3804 2333 3853 incarnatus

778 3892 893 3945 est?
921 3891 1112 3945 Tutum
1148 3902 1325 3945 autem
1358 3892 1561 3956 dicens,
1588 3902 1643 3946 et
1679 3901 1799 3959 post
1838 3891 2086 3945 unionem
2127 3892 2331 3953 dicens,

780 3994 985 4037 eertum
1038 3992 1119 4037 est
1152 3984 1292 4051 quod
1327 3984 1439 4037 haec
1470 3999 1572 4037 non
1623 3993 1745 4036 ante
1790 3984 2062 4048 unionem,
2094 3984 2187 4036 sed
2216 3990 2336 4048 post

780 4076 1053 4137 unionem,
1104 4077 1245 4144 quod
1281 4077 1492 4144 quidem
1541 4085 1593 4129 et
1638 4075 1989 4143 compositum
2052 4076 2199 4129 dicit.
2242 4072 2334 4125 Et-

778 4167 923 4219 enim
954 4176 1121 4221 totiim
1162 4166 1423 4234 quoddam
1464 4177 1548 4219 est
1575 4164 1822 4218 Christus
1852 4164 1926 4219 :si
1958 4179 2081 4217 veru
2103 4179 2203 4216 non
2232 4178 2333 4216 una

778 4269 973 4311 natura
992 4268 1180 4319 totum,
1214 4268 1268 4311 at
1292 4272 1451 4325 supra
1482 4266 1726 4310 naturam
1753 4266 1921 4311 certe.
1945 4254 2078 4309 Cum
2105 4254 2184 4307 his
2212 4270 2334 4308 sen-

776 4350 918 4403 tiens
950 4349 1239 4417 Gregorius
1265 4356 1614 4418 cognomento
1643 4347 1967 4416 Theologus,
2002 4347 2102 4401 etsi
2132 4356 2333 4399 utrum-

776 4457 882 4511 que
902 4459 1067 4496 unnin
1096 4444 1261 4505 dicat,
1282 4444 1373 4497 sed
1401 4458 1503 4495 non
1534 4454 1747 4505 natura,
1769 4442 1860 4494 sed
1883 4440 2128 4495 concilio.
2153 4438 2333 4505 Quan-

778 4548 937 4602 φειδ-ιι
989 4533 1168 4586 infelix
1208 4533 1475 4601 Eutyelies
1516 4547 1546 4583 e.
1584 4533 1789 4585 duabus
1839 4533 2043 4584 naturis
2084 4530 2331 4584 unionem

779 4624 1154 4688 confitebatur,
1184 4636 1300 4691 post
1334 4625 1583 4677 unionem
1626 4638 1785 4676 unam
1826 4621 2052 4676 nefande
2102 4622 2328 4675 dicebat.

2433 3710 2536 3773 σὶν,
2566 3707 2873 3775 ἀνέλωμεν
2902 3710 2969 3761 τὸ
3014 3708 3101 3761 ὄτι
3148 3710 3215 3761 ἐκ
3255 3708 3362 3763 δύο
3408 3709 3507 3761 καί
3544 3709 3844 3776 διαφόρων
3889 3712 4004 3778 φύε

2431 3816 2588 3854 σεων
2618 3804 2649 3854 ό
2676 3795 2763 3865 εἷς
2795 3802 2891 3853 καί
2912 3802 3097 3868 μόνος
3124 3801 3253 3854 ἐστὶ
3285 3801 3555 3867 Χριστὸς,
3584 3800 4004 3867 ἀδιάσπαστος

2432 3892 2516 3947 ὢν
2540 3893 2687 3960 μετὰ
2715 3892 2828 3956 τὴν
2856 3892 3091 3955 ἕνωσιν,
3124 3892 3368 3959 ἐροῦσιν
3392 3894 3445 3945 οί
3475 3890 3549 3958 τῇ
3577 3891 3720 3958 ὀρθῇ
3740 3894 4005 3961 μαχόμε-

2431 4001 2523 4037 νοι
2547 3983 2715 4049 δόξῃ·
2750 3984 2816 4036 Εἰ
2847 3983 2949 4050 μία
2983 3984 3163 4049 φύσις
3194 3983 3256 4035 td
3283 3984 3447 4047 ὅλον,
3475 3982 3595 4047 πῶς
3620 3984 4004 4049 ἐνηνθμύπη-

2433 4092 2581 4138 σεν;
2617 4074 2773 4126 Ὀλον
2816 4072 2870 4125 δὲ
2922 4072 3109 4135 εἰπὼν,
3137 4074 3230 4125 καὶ
3284 4074 3420 4141 μετά
3448 4073 3543 4143 τὴν
3570 4074 3763 4125 ἕνωσιν
3802 4073 4003 4137 είπὼν,

2432 4167 2587 4235 δῆλον
2615 4167 2689 4228 ὡς
2727 4167 2784 4218 οὐ
2816 4166 2881 4218 τὰ
2913 4166 3016 4234 πρὸ
3040 4165 3139 4232 τῆς
3165 4164 3431 4228 ἑνώσεως,
3486 4165 3621 4217 ἀλλά
3652 4165 3719 4217 τὰ
3751 4166 3869 4233 μετ’
3898 4167 4004 4218 αῦ-

2432 4257 2613 4325 τὴν¹⁷,
2648 4258 2783 4324 ὅπερ
2830 4256 2946 4308 ἐστὶ
2980 4258 3039 4308 τὸ
3072 4255 3322 4308 σύνθετον
3350 4294 3364 4317 ,
3397 4256 3564 4322 λέγει.
3603 4256 3709 4308 Καὶ
3742 4256 3852 4325 γὰρ
3880 4257 4004 4309 ὅλον

2431 4348 2483 4398 τί
2516 4349 2661 4398 ἐστιν
2686 4348 2714 4398 ὁ
2736 4345 2996 4413 Χριστόςι
3030 4347 3078 4396 εί
3106 4345 3161 4397 δὲ
3189 4346 3262 4414 μὴ
3293 4346 3389 4413 μία
3422 4346 3580 4412 φύσις
3610 4346 3669 4398 τὸ
3691 4347 3832 4408 ὅλον,
3859 4348 4005 4415 ὑπὲρ

2432 4438 2531 4506 τὴν
2580 4439 2707 4507 μίαν
2754 4437 2993 4498 πάντως.
3017 4437 3237 4499 Τούτοις
3269 4438 3362 4490 καὶ
3399 4440 3426 4489 ὁ
3464 4436 3707 4504 Θεολόγος
3754 4440 4003 4508 συνᾴδων

2432 4528 2748 4597 Γρηγόριος,
2776 4530 2823 4581 εί
2869 4530 2963 4580 καὶ
3006 4531 3066 4580 τὸ
3102 4529 3502 4596 συναμφότερον
3545 4529 3603 4581 ἓν
3656 4546 3842 4597 φησιν,
3871 4532 4004 4583 ἀλλ’

2432 4622 2491 4671 ού
2523 4624 2587 4688 τῇ
2620 4620 2815 4685 φύσει,
2843 4623 2909 4689 τῇ
2951 4620 3007 4671 δὲ
3053 4619 3349 4688 συνόδῳ.’0
3384 4620 3563 4687 μέντοι
3590 4620 3859 4689 δυστυχὴς
3892 4622 4003 4675 Eii-

777 4715 930 4770 Umle
956 4716 1099 4767 illum
1122 4717 1311 4768 merito
1331 4714 1805 4777 Chalcedonensis,
1828 4723 1880 4766 et
1897 4724 2049 4767 antea
2071 4712 2333 4766 Constan-
2366 4720 2409 4773 ι)
2436 4733 2439 4743 ι

2366 4720 2409 4773 D
2436 4712 2603 4779 τυχὴς
2634 4713 2696 4762 ἐκ
2725 4710 2816 4762 δύο
2846 4710 2945 4777 μὲν
2981 4708 3193 4777 φύσεων
3219 4709 3314 4777 τὴν
3336 4710 3526 4761 ’ἑνωσιν
3548 4709 3835 4777 ὡμολόγει,
3860 4713 4002 4778 μετὰ

778 4808 1123 4874 iiuopnliiana
1186 4808 1420 4877 synodus
1479 4807 1871 4859 condemnavit.
1936 4804 2039 4857 Sed
2098 4804 2336 4857 famosus

777 4898 1085 4962 Dioscorus,
1133 4898 1261 4951 nihil
1318 4898 1463 4949 illum
1521 4897 1587 4949 ab
1632 4895 1956 4964 Apollinariu
2002 4893 2334 4947 dilferentem

777 5006 971 5059 magno
1015 4991 1194 5044 studio
1242 4991 1484 5055 suscipit.
1538 4988 1735 5055 Impius
1786 5002 1913 5041 vero
1968 4986 2335 5055 Apollinarius

774 5084 914 5139 libro
954 5097 1052 5136 suo
1092 5082 1165 5135 De
1212 5082 1604 5142 incarnatione,
1646 5080 1765 5132 vide
1816 5080 1941 5147 quid
1991 5078 2234 5133 scribat:
2289 5076 2333 5129 0

775 5192 905 5228 noua
939 5186 1179 5226 creatura
1204 5183 1250 5225 et
1283 5174 1459 5225 divina
1495 5173 1663 5224 mistio
1690 5172 1705 5222 .'
1742 5170 1877 5222 Deus
1902 5178 1949 5219 et
1990 5170 2139 5220 homo
2170 5183 2329 5219 unam

776 5266 1057 5333 conﬁciunt
1098 5275 1363 5317 naturam.
1411 5264 1559 5319 Unde
1609 5263 1897 5331 impietatis
1936 5261 2094 5314 veluti
2148 5274 2326 5325 aqua:-

776 5356 967 5407 iluetus
997 5354 1083 5406 alii
1132 5365 1250 5421 post
1292 5355 1439 5407 illiiin
1480 5354 1813 5405 derivaruiit.
1848 5350 1928 5402 'I‘ii
1961 5362 2015 5403 et
2052 5350 2328 5412 antiquum

777 5446 897 5498 vide
935 5446 1121 5499 liitiini.
1157 5445 1469 5499 Valentinus
1504 5460 1628 5497 vero
1659 5443 1723 5495 ml
1778 5445 1994 5495 verbum
2028 5442 2105 5494 sic
2138 5439 2329 5508 273i)

2436 4800 2491 4851 δὲ
2518 4801 2613 4870 τὴν
2644 4801 2835 4852 ἕνωσιν
2867 4803 2997 4869 μίαν
3030 4800 3349 4869 ὲδυσφήμει.
3368 4802 3481 4869 Ἐφ’
3503 4796 3583 4863 οἷς
3609 4801 3771 4853 αὑτὸν
3794 4802 3829 4870 ἦ
3856 4820 3923 4854 τε
3947 4805 4005 4854 ἐν

2436 4891 2735 4959 Καλχηδόνι
2757 4892 2797 4921 ¹⁸
2829 4894 2921 4944 καὶ
3006 4890 3113 4960 πρὸ
3150 4892 3319 4959 αὐτῆς
3348 4893 3403 4943 ἐν
3432 4893 4005 4945 Κιυνσταντινουπὸλει

2434 4986 2654 5046 δικαίως
2689 4987 3007 5039 κατεδίκασε
3034 4986 3270 5048 σύνοδος.
3287 4986 3423 5038 Ἀλλ’
3456 4990 3482 5039 ὁ
3512 4989 3755 5052 γενναῖος
3786 4988 4007 5041 Διόσκο·

2436 5094 2525 5145 ρος
2557 5077 2706 5129 οὐδὲν
2742 5078 2898 5130 αὑτὸν
2936 5079 3303 5150 Ἀπολιναρίου
3335 5078 3652 5147 διαφέροντα
3679 5080 3821 5145 μετὰ
3844 5080 4004 5132 πλεί-

2438 5184 2568 5233 στης
2590 5170 2716 5235 ὅσης
2740 5169 2973 5234 σπουδῆς
2999 5156 3309 5234 ἀπεδέξατο.
3327 5170 3383 5220 Ὀ
3413 5168 3519 5235 γὰρ
3541 5168 3807 5239 δυσσεϐὴς
3832 5172 4001 5223 Ἀπο-

2436 5258 2689 5324 λινάριος,
2710 5260 2765 5309 ὲν
2794 5258 2871 5325 τῷ
2896 5259 3030 5325 Περὶ
3054 5260 3405 5327 σαρκώσεως
3434 5259 3596 5311 αὑτοῦ
3627 5258 3791 5327 λόγῳ,
3823 5264 4004 5330 πρόσ-

2435 5365 2525 5415 εχε
2552 5343 2638 5401 οἷά.
2659 5364 2847 5415 φησιν’
2879 5350 2937 5399 Ὢ
2963 5349 3137 5415 καινὴ
3159 5350 3341 5413 κτίσις
3372 5349 3465 5400 καί
3490 5348 3648 5415 μίξις
3664 5350 3971 5402 θεσπεσία
3985 5350 4005 5400 .'

2442 5440 2583 5503 Θεὸς
2633 5439 2729 5491 καί
2775 5439 2927 5507 σὰρξ
2970 5441 3109 5507 μίαν
3139 5441 3507 5494 ἀπετέλεσαν
3551 5442 3760 5509 φύσιν.
3800 5443 3897 5508 Ἐξ
3942 5436 4003 5494 οῦ

2038 5598 2265 5653 VARUE
2302 5596 2701 5651 LECTIONES.

863 5745 902 5773 ”
929 5742 1214 5811 ἄνθρωπον
1253 5743 1373 5794 adii.
1399 5742 1462 5795 Α.
1546 5744 1584 5771 ¹⁴
1612 5744 1694 5825 ἵνα
1732 5743 1803 5808 μὴ
1839 5743 1894 5819 τό
1924 5759 1981 5803 τ’.

2062 5741 2120 5770 ’δ’
2153 5756 2214 5792 γε
2246 5741 2284 5791 Α
2325 5756 2423 5792 ετε
2456 5757 2514 5789 r'.

785 5814 948 5865 αὐτὴν
982 5787 1085 5876 niis.
1127 5816 1257 5879 μετὰ
1302 5830 1398 5880 την
1436 5814 1477 5866 Λ
1508 5826 1519 5861 :
1554 5812 1686 5880 μετὰ
1852 5813 2039 5862 ἕνωσιν
2066 5827 2125 5872 ς.
2165 5787 2174 5806 ’
2204 5809 2243 5839 ⁸⁸
2272 5808 2569 5876 Χαλκηδόνι
2608 5808 2664 5865 Β,
2686 5787 2786 5875 Ισξιιι
2815 5810 2890 5863 sic
2912 5817 2964 5862 Ct
2990 5806 3123 5861 infra

2595 5741 2633 5769 ’³
2664 5738 2718 5806 ἡ]
2757 5741 2801 5787 :i'
2828 5739 2890 5789 Δ.
2991 5738 3232 5792 κεύσεϐ.
3276 5738 3410 5800 Οεξος
3462 5737 3607 5804 φίλος
3640 5754 3700 5800 ς.

3809 5740 3859 5772 sr
3884 5748 3999 5811 μετ-
