4208 6442
777 390 798 451 1
808 391 908 455 οιτ

1917 388 2171 450 ΡΗΟΤΙΙ
2194 389 2627 451 PATRIARCH
2646 389 2696 450 Β
2734 389 2843 450 CP.

3845 393 3988 462 1048

771 514 892 555 seos
924 510 1052 552 voce
1089 504 1293 549 natura:
1330 495 1428 550 uti.
1470 495 1575 550 Sed
1621 495 1749 551 illud
1789 494 1854 551 de
1886 495 2031 553 Julio
2071 499 2196 555 licet
2238 500 2322 553 di-
2353 516 2369 558 ι

2420 502 2541 553 ἳίαν
2571 500 2882 565 ἀκόλουθον,
2911 498 3029 555 ἀντὶ
3077 503 3171 569 τῆς
3201 501 3547 567 ὑποστάσεως
3576 509 3641 576 τῇ
3689 506 3833 571 λέξει
3884 512 3987 578 τῆς

769 606 911 645 l't‘l'c.

837 784 912 837 Ad
943 785 1055 838 ἣτε
1078 784 1322 837 haeretica
1348 780 1629 849 impudens
1653 783 1911 835 sententia
1940 782 2070 836 dicit
2097 799 2111 834 :
2140 782 2315 847 Quare

767 894 868 931 uou
903 875 1351 946 quemadmodum
1386 890 1453 929 ex
1493 874 1699 927 duabus
1726 874 1933 927 naturis
1956 874 2197 929 dicentes
2222 876 2314 929 hoc

760 968 982 1029 minem,
1017 966 1208 1021 deinde
1249 974 1388 1035 post.
1406 966 1655 1020 unionem
1688 975 1742 1018 et
1766 978 1924 1018 unam
1963 966 2131 1033 ipsius
2161 976 2315 1019 natu-

764 1061 911 1123 ram?
933 1059 1113 1125 Neque
1131 1059 1293 1113 etiam
1318 1058 1590 1112 Christum
1611 1072 1643 1111 e
1664 1058 1871 1113 duabus
1894 1058 2104 1111 naturis
2132 1059 2313 1112 dicen-

764 1162 865 1212 tes,
897 1166 1054 1203 tinam
1088 1149 1325 1216 ejusdem
1372 1159 1617 1203 naturam
1653 1158 1772 1219 post
1805 1150 2055 1204 unionem
2088 1152 2310 1203 conﬁte-

760 1242 912 1295 mur?
937 1240 1105 1295 Unam
1136 1240 1351 1309 quidem
1394 1250 1640 1293 naturam
1690 1241 1889 1295 scimus
1929 1242 2307 1308 compositum,

759 1350 823 1388 ac
851 1335 1177 1388 resolutorio
1211 1332 1292 1387 usi
1332 1332 1625 1396 schemate,
1656 1334 1787 1387 duas
1818 1333 2182 1387 coincidentes
2218 1348 2311 1398 ag-

760 1425 1047 1478 noscimus.
1106 1423 1210 1479 Sed
1259 1424 1373 1477 haec
1417 1425 1610 1492 quaerit
1662 1423 1910 1478 haeretica
1958 1425 2303 1493 impudentia.

759 1516 971 1569 Discant
1028 1512 1280 1581 imperiti,
1306 1513 1409 1568 hoc
1456 1513 1810 1582 compositum
1856 1528 2016 1565 unam
2061 1523 2307 1565 naturam

755 1609 872 1661 sine
924 1604 1305 1673 impedimento
1346 1604 1473 1665 dici,
1514 1605 1726 1672 quando
1754 1618 1851 1656 nec
1893 1605 2105 1672 proprie
2139 1604 2190 1656 in
2222 1618 2306 1656 eo-

753 1698 871 1750 dem
902 1693 1189 1762 simplicia,
1229 1708 1293 1747 ex
1333 1693 1526 1760 quibus
1566 1692 1893 1759 compositus
1936 1701 2039 1753 est,
2090 1693 2302 1744 nomina

754 1789 1019 1841 dicantur.
1074 1785 1233 1839 Velut
1285 1786 1554 1837 hominem
1605 1784 1781 1837 nullus
1827 1796 2023 1847 corpus
2068 1783 2300 1850 pr0prie,

2423 595 2634 660 φύσεως
2682 592 3004 662 χρήσασθαι.
3043 592 3199 646 Ἀλλά
3252 594 3422 648 ταῦτα
3472 597 3571 666 μὲν
3594 598 3734 664 ὑπὲρ
3764 597 3986 651 Ἰουλίου

2422 686 2535 737 ἔστι
2588 685 2771 753 φάναι.

2494 775 2611 827 Ἔτι
2659 776 2717 826 δὲ
2761 775 2822 827 τὸ
2868 775 3142 844 αἱρετικὸν
3192 777 3537 845 ἀναισχυντεῖ
3584 779 3861 849 φρόνημα,
3890 798 3986 837 και

2419 884 2569 937 φησι·
2591 867 2688 920 Διά
2712 867 2763 919 τί
2782 867 2876 936 μὴ,
2903 868 3151 938 καθάπερ
3176 869 3239 920 ὲκ
3263 868 3355 921 δύο
3384 870 3595 936 φύσεων
3622 872 3869 939 λέγοντες
3890 876 3987 928 τὸν

2418 958 2719 1026 ἄνθρωπον,
2745 954 2864 1009 εἶτα
2899 960 3034 1027 μετά
3063 959 3160 1027 τὴν
3189 957 3383 1012 ἕνωσιν
3410 961 3502 1013 καὶ
3537 962 3663 1029 μίαν
3693 964 3861 1016 αὑτοῦ
3881 966 3987 1036 τὴν

2418 1049 2597 1116 φύσιν,
2633 1050 2704 1118 μὴ
2736 1050 2829 1101 καὶ
2860 1047 2950 1101 τὸν
2978 1050 3213 1119 Χριστὸν
3243 1051 3307 1102 ὲκ
3334 1050 3428 1103 δύο
3476 1052 3689 1120 φύσεων
3734 1054 3986 1122 λέγοντες

2418 1140 2546 1207 μίαν
2572 1138 2737 1191 αὑτοῦ
2766 1138 2863 1209 τὴν
2892 1139 3053 1206 φύσιν
3100 1139 3237 1208 μετὰ
3262 1139 3361 1208 τὴν
3388 1142 3578 1194 ἕνωσιν
3608 1144 3988 1213 ἀνομολογοῦ-

2417 1247 2549 1298 μεν;
2582 1232 2724 1283 Μίαν
2755 1230 2854 1300 μὲν
2886 1231 2994 1301 γὰρ
3024 1231 3179 1301 ἴσμεν
3209 1230 3370 1299 φύσιν
3397 1234 3459 1287 τὸ
3487 1234 3757 1300 σύνθετον,
3781 1237 3988 1290 άναλυ·

2413 1322 2548 1390 τικῷ
2576 1322 2631 1374 δὲ
2666 1322 2991 1392 κεχρημένοι
3022 1324 3208 1393 τρόπῳ
3236 1324 3327 1377 δύο
3347 1326 3442 1388 τὰς
3466 1326 3821 1390 συνελθούσας
3840 1345 3987 1395 γνω-

2415 1413 2651 1484 ρίζομεν.
2670 1414 2806 1467 Ἀλλ’
2835 1416 2868 1483 ἡ
2902 1415 2999 1484 μὲν
3024 1416 3273 1487 αἱρετικὴ
3320 1418 3674 1487 ἀναισχυντία
3723 1418 3847 1490 [M9
3881 1419 3982 1493 [1.]

2412 1506 2658 1575 ἐπιζητεῖ
2680 1507 2724 1538 ’⁸
2771 1506 2961 1561 ταῦτα.
2992 1508 3423 1563 Μανθανέτωσαν
3454 1510 3512 1562 δὲ
3541 1512 3590 1563 oi
3624 1512 3871 1565 ἀσύνετοι
3897 1514 3985 1567 ὅτι

2410 1598 2533 1650 τότε
2580 1599 2642 1650 τὸ
2688 1596 2938 1652 σύνθετον
2992 1600 3090 1669 μία
3136 1601 3297 1668 φύσις
3346 1602 3695 1666 ἀκωλύτως⁸²
3738 1603 3981 1671 λέγεται,

2412 1689 2571 1758 ἡνίκα
2619 1689 2692 1759 μὴ
2740 1690 2943 1760 κυρίως
2978 1691 3063 1743 ἐπ’
3091 1692 3255 1744 αὑτοῦ
3304 1692 3374 1745 τὰ
3418 1693 3526 1746 τῶν
3573 1694 3778 1757 ἁπλῶν,
3811 1695 3869 1757 ἐξ
3899 1690 3985 1749 ὧν

2412 1780 2686 1850 συνετέθη,
2716 1780 2957 1849 ὀνόματα
2984 1782 3220 1850 λέγεται.
3256 1780 3382 1838 Οἷον
3404 1786 3496 1838 τὸν
3519 1786 3819 1855 ἄνθρωπων
3849 1787 3982 1840 οὔτε

751 1890 924 1943 neque
952 1874 1184 1927 animam
1212 1874 1424 1942 proprie
1451 1872 1763 1941 appellabit.
1800 1870 1984 1938 Neque
2013 1872 2156 1925 enim
2185 1886 2305 1924 cor-
2338 1858 2369 1912 Β

2410 1874 2565 1940 σῶμα
2612 1874 2678 1925 ἀν
2724 1890 2807 1936 τις
2836 1874 2881 1906 ’⁸
2924 1874 3129 1943 κυρίως
3155 1874 3276 1929 οὔτε
3302 1876 3479 1947 ψυχὴν
3510 1879 3686 1931 είποι·
3716 1881 3834 1932 οὑδὶ
3866 1880 3984 1949 γὰρ

749 1969 897 2033 poris
946 1978 1119 2033 neque
1172 1964 1363 2017 animae
1414 1964 1649 2017 termino
1702 1964 2013 2017 includitur.
2069 1962 2302 2017 Abusive

750 2058 961 2125 quidem
988 2070 1126 2123 saepe
1149 2063 1202 2108 et
1225 2054 1417 2108 leniter
1440 2054 1718 2108 familiaris
1741 2069 1922 2109 sermo
1947 2068 2131 2121 parum
2157 2054 2305 2105 lima-

750 2158 853 2206 tus.
884 2158 937 2200 ct
970 2161 1139 2201 sacra:
1180 2144 1472 2213 Scriptura:
1502 2144 1724 2212 spiritus
1765 2158 1895 2196 usus
1936 2143 2203 2201 libertate,
2236 2156 2303 2194 ex

745 2250 897 2305 parte
922 2246 1090 2292 totum
1122 2236 1387 2290 hominem
1416 2237 1765 2289 denominant
1792 2254 1806 2289 :
1841 2236 2086 2288 nolumus
2122 2234 2303 2288 subire

741 2332 927 2398 jugum
968 2328 1247 2383 servitutis
1284 2327 1578 2381 dialeuica:
1611 2327 1880 2379 vanitatis.
1917 2324 2144 2391 Quando
2168 2322 2302 2376 inef-

746 2423 920 2477 fabilis
940 2432 1100 2490 atque
1122 2418 1682 2488 incomprehensibilis
1704 2419 1917 2472 unionis
1935 2432 2106 2486 neque
2125 2431 2303 2471 exem-

745 2515 861 2583 plar
890 2514 1057 2581 magis
1101 2510 1376 2581 proprium
1411 2525 1623 2565 sumere
1658 2512 1779 2579 quis
1814 2511 2018 2579 possit;
2070 2518 2123 2562 et
2154 2522 2300 2563 asse-

745 2615 923 2659 rentes
957 2604 1226 2657 Christum
1268 2617 1333 2656 ex
1382 2602 1717 2655 humanitate
1762 2610 1815 2655 et
1859 2601 2142 2654 divinitate
2179 2614 2303 2653 con-

740 2708 903 2758 stare,
934 2698 1164 2750 dicimus
1198 2695 1446 2749 eumdem
1487 2695 1736 2747 similiter
1778 2703 1833 2748 et
1865 2694 2028 2747 Deum
2054 2691 2297 2745 eumdem

737 2799 793 2843 et
834 2787 1130 2841 hominem.
1165 2788 1500 2853 Quapropter
1544 2786 1758 2853 proprie
1798 2798 1861 2837 ac
1914 2798 2040 2836 vere
2090 2796 2301 2849 semper

745 2879 903 2945 Virgo
938 2879 1106 2931 Maria
1144 2875 1369 2945 Deipara
1416 2874 1635 2929 dicitur.
1685 2876 2021 2942 Quapropter
2069 2872 2301 2925 hominis

739 2970 1014 3035 exemplar
1053 2979 1254 3024 temere
1289 2969 1355 3021 ab
1393 2966 1816 3035 imprudentibus
1846 2965 1898 3018 in
1929 2962 2294 3018 calumniandi

735 3062 1071 3114 occasionem
1110 3061 1289 3121 vertit,
1337 3066 1389 3112 et
1426 3058 1726 3112 evertenda:
1752 3056 1964 3109 unionis
2002 3053 2295 3108 secundum

737 3152 1046 3220 hypostasiu
1074 3150 1352 3204 ineonfuse
1378 3160 1432 3204 et
1456 3150 1744 3203 indiscrete
1761 3149 1985 3201 duarum
2011 3146 2061 3197 in
2082 3143 2297 3198 Christo

737 3253 1050 3295 naturarum

805 3416 938 3480 Quia
970 3415 1217 3469 Christus
1247 3414 1390 3467 Deus
1412 3422 1595 3466 noster
1626 3420 1914 3479 utrumque
1944 3418 2029 3465 est
2058 3410 2292 3479 proprie.

733 3505 927 3576 2⁷41)
959 3505 1103 3558 unde
1154 3511 1258 3566 est,
1300 3513 1355 3555 et
1393 3502 1587 3557 dicitur
1624 3502 1785 3555 veluti
1819 3501 1962 3553 Deus
1996 3508 2049 3553 et
2089 3501 2248 3552 homo
2278 3517 2290 3552 :

734 3599 823 3650 alii
861 3596 1011 3648 multi
1062 3595 1317 3658 clamant,
1366 3605 1419 3646 et
1464 3606 1680 3646 sanetus
1716 3590 1949 3660 Cyrillus
1984 3591 2035 3642 in
2071 3590 2294 3657 epistola

736 3688 799 3741 ad
848 3687 1201 3746 Su'cceusnm,
1232 3702 1396 3739 unum
1431 3694 1486 3739 et
1510 3687 1754 3739 eumdem
1790 3686 1888 3737 hoc
1916 3693 1969 3737 et
2004 3682 2129 3735 illud
2174 3697 2294 3737 esse

733 3780 885 3833 dicit.
912 3779 975 3832 Et
1003 3779 1253 3831 similiter
1303 3779 1367 3830 ad
1407 3776 1743 3829 Valerianum
1774 3774 1938 3829 Iconii
1982 3775 2292 3843 episcopum

733 3870 919 3922 scribit
956 3887 970 3923 :
1004 3870 1181 3932 Quare
1206 3869 1513 3937 conﬁtemur
1540 3870 1677 3935 quod
1711 3882 1742 3916 a
1775 3880 1931 3916 carne
1956 3865 2162 3933 quidem
2196 3875 2293 3928 est,

733 3976 941 4013 carnem
968 3975 1099 4021 esse,
1122 3958 1262 4027 quod
1294 3975 1325 4010 a
1354 3956 1459 4009 Deo
1488 3955 1655 4007 Deum
1678 3969 1808 4014 esse,
1842 3953 2124 4006 secundum
2155 3953 2293 4005 idem

733 4064 950 4112 utraque
991 4049 1249 4111 Christus,
1292 4064 1425 4100 unus
1466 4046 1658 4106 Filius,
1684 4063 1819 4098 unus
1869 4045 2145 4111 Dominus,
2176 4062 2294 4097 cum

729 4144 939 4209 propria
970 4158 1067 4194 sua
1098 4157 1276 4196 carne.
1318 4137 1554 4207 Utraque
1580 4139 1725 4192 enim
1772 4138 1897 4206 quid
1927 4137 2070 4189 aliud
2102 4140 2296 4190 contir-

731 4244 860 4299 mat,
894 4249 1052 4303 quam
1098 4233 1346 4287 eumdem
1394 4245 1512 4285 esse
1545 4229 1714 4284 Deum
1760 4240 1815 4283 et
1854 4230 2151 4283 hominem.
2189 4228 2291 4283 Sed

726 4323 852 4376 .Tcet
891 4322 1006 4375 inec
1036 4320 1360 4373 vociferetur
1390 4318 1644 4387 Cyrillus,
1682 4330 1857 4373 tamen
1886 4318 2293 4373 allatrarenon-

728 4413 856 4466 nulli
909 4412 1025 4467 ausi
1068 4422 1211 4475 sunt,
1258 4410 1411 4478 quasi
1434 4410 1680 4465 Christus
1711 4427 1777 4465 ex
1811 4409 2095 4465 divinitate
2131 4422 2293 4479 atque

727 4506 1103 4568 humanitate,
1143 4519 1316 4572 neque
1363 4503 1523 4557 homo
1565 4516 1740 4571 neque
1778 4500 1918 4555 Deus
1966 4503 2053 4555 sit.
2100 4500 2286 4569 Neque
2316 4535 2369 4596 Β

725 4592 872 4644 Pauli
901 4592 1026 4645 illud
1049 4593 1307 4645 divinitus
1337 4591 1653 4660 inspiratum
1686 4601 1742 4645 et
1764 4591 1902 4645 elata
1931 4604 2062 4643 voce
2084 4591 2285 4644 dictum

726 4694 1058 4745 reverentur,
1090 4683 1181 4751 qui
1214 4681 1621 4751 clamatzllesus
1648 4680 1891 4736 Christus
1914 4682 2025 4734 heri
2042 4691 2089 4733 et
2109 4683 2286 4746 hodie,

725 4775 829 4837 ipse
856 4785 903 4826 et
930 4773 982 4826 in
1010 4775 1203 4827 saecula
1220 4783 1269 4827 1.
1301 4773 1404 4828 Per
1430 4774 1592 4827 illud:
1621 4775 1731 4826 heri
1759 4785 1806 4827 et
1835 4774 2009 4837 hodie,
2040 4774 2288 4827 eumdem

725 4866 997 4918 imminent
1040 4864 1352 4931 confessus;
1394 4880 1488 4933 per
1539 4867 1662 4929 hoc,
1697 4867 1749 4917 in
1790 4865 2003 4926 sa'cula,
2041 4865 2287 4917 eumdem

722 4954 889 5008 Deum
940 4956 1212 5022 prartlicat.
1267 4954 1331 5007 Et
1390 4955 1581 5009 iterum
1617 4974 1629 5010 ;
1666 4953 1812 5008 Unus
1867 4955 2023 5017 Deus,
2064 4971 2197 5007 unus
2241 4967 2287 5007 et

723 5047 979 5098 mediator
1030 5045 1121 5098 Dei
1176 5055 1224 5099 et
1270 5044 1538 5096 hominum
1591 5046 1743 5097 homo
1794 5044 1946 5098 Jesus
1986 5044 2221 5099 Christus
2243 5054 2288 5095 ι.

721 5134 896 5202 Quare
913 5137 1130 5204 proprie
1143 5134 1393 5190 Christus
1409 5146 1463 5191 ct
1487 5136 1625 5192 Deus
1646 5146 1699 5189 et
1721 5138 1899 5188 homo.
1922 5138 2097 5205 Atque
2124 5137 2289 5188 Atha-

723 5227 927 5292 nasius,
967 5243 1283 5295 genuauum
1318 5242 1378 5283 se
1421 5227 1571 5280 Pauli
1616 5226 1931 5296 discipulum
1970 5230 2284 5287 ostendens,

794 5370 818 5404 δ’
855 5361 1022 5416 llebr.
1060 5381 1178 5427 stu,
1211 5366 1263 5418 8.
1346 5375 1366 5400 τι
1398 5364 1413 5412 l
1446 5364 1586 5421 Tim.
1642 5380 1701 5426 tl,
1746 5364 1797 5418 5.

2402 1963 2508 2014 οὐδ’
2539 1963 2841 2026 ὲπιδὲξαιτο
2869 1964 2935 2017 ἂν
2969 1963 3089 2017 οὔτε
3133 1967 3223 2019 τὸν
3271 1966 3366 2019 τοῦ
3419 1967 3693 2038 σώματος,
3720 1968 3842 2022 οὔτε
3882 1970 3983 2023 τὸν

2401 2053 2499 2121 τῆς
2537 2054 2714 2123 ψυχῆς
2758 2056 2882 2124 ὅρον
2908 2072 2922 2085 ο
2952 2057 3405 2125 καταχρηστικῶς
3443 2059 3627 2127 μέντοι
3657 2060 3917 2121 πολλάκις
3941 2060 3981 2130 ἧ

2401 2162 2461 2197 τε
2490 2147 2596 2198 ἀνὰ
2625 2151 2779 2216 χεῖρα
2807 2147 2989 2215 ὁμιλία
3029 2148 3091 2201 τὸ
3136 2150 3363 2217 ἀκριϐὲς
3406 2151 3847 2220 παρατρέχουσα,
3879 2154 3983 2205 καὶ

2401 2240 2469 2292 τὰ
2501 2239 2619 2309 ἱερὰ
2659 2239 2811 2307 λόγια
2840 2242 2906 2309 τῇ
2940 2240 3221 2311 ἐλευθερίᾳ
3255 2243 3569 2313 κεχρημένα
3598 2243 3689 2296 τοῦ
3728 2244 3980 2313 πνεύμα-

2401 2348 2511 2392 τος,
2542 2333 2607 2383 ἐκ
2659 2332 2855 2401 μέρους
2904 2336 2995 2385 τὸν
3040 2333 3161 2385 ὅλον
3206 2335 3494 2405 ᾶνθρωπον
3538 2337 3980 2405 ἐπονομάζουσι,

2402 2422 2551 2492 ζυγῷ
2574 2423 2813 2485 δουλείας
2844 2424 2939 2489 τῆς
2964 2424 3312 2492 διαλεκτικῆς
3340 2426 3699 2497 ματαιότητος
3726 2428 3980 2480 ὑπείκειν

2400 2517 2500 2567 οὑκ
2549 2516 2853 2584 ἀνεχόμενα
2868 2518 2934 2569 ³⁸.
2952 2516 3074 2568 Ἐπὶ
3100 2517 3157 2569 δέ
3183 2534 3247 2584 γε
3275 2519 3373 2587 τῆς
3399 2519 3640 2589 ἀρρήτου
3668 2520 3759 2571 καὶ
3788 2521 3983 2572 ἀνεπι-

2399 2609 2593 2676 νοήτου
2640 2608 2885 2671 ἐνώσεως
2931 2609 3054 2662 οὔτε
3100 2610 3451 2679 παράδειγμα
3489 2610 3672 2662 λαϐεῖν
3716 2613 3981 2664 οἰκειότε-

2403 2717 2494 2768 ρον
2519 2700 2563 2729 ³ο
2594 2699 2793 2751 δύναιτ’
2828 2700 2892 2751 ἄν
2920 2717 3024 2761 τις,
3074 2700 3167 2752 καὶ
3216 2700 3466 2767 λέγοντες
3509 2702 3600 2753 τὸν
3649 2701 3885 2771 Χριστὸν
3912 2704 3982 2753 ὲκ

2402 2792 2649 2859 θεότητος
2676 2792 2767 2843 καὶ
2790 2789 3228 2859 ἀνθρωπὸτητος,
3269 2791 3451 2860 φαμὲν
3479 2790 3637 2843 αὑτὸν
3669 2790 3870 2858 ὁμοίως
3887 2792 3983 2841 καὶ

2402 2883 2532 2934 Θεὸν
2577 2882 2666 2933 τὸν
2710 2882 2871 2934 αὑτὸν
2920 2884 3013 2933 καὶ
3054 2882 3370 2951 ἄνθρωπον
3402 2881 3482 2935 διὸ
3514 2883 3608 2933 καὶ
3642 2882 3849 2951 κυρίως
3887 2880 3984 2933 καὶ

2402 2973 2613 3041 ἀληθῶς
2644 2975 2676 3042 ἡ
2718 2973 2956 3038 παναγία
2991 2972 3265 3041 Παρθένος
3301 2972 3565 3034 Θεοτόκος
3593 2970 3980 3039 πρεσϐεύεται.

2402 3064 2564 3114 Ὥστε
2599 3063 2774 3131 μάτην
2801 3062 3183 3132 ὲκακουργήθη
3211 3064 3323 3124 τοῖς
3344 3062 3619 3122 ἀσυνέτοις
3642 3060 3704 3113 τὸ
3724 3060 3871 3113 κατά
3891 3061 3985 3113 τὸν

2401 3151 2682 3220 ἄνθρωπον
2718 3151 3066 3220 παράδειγμα
3111 3150 3191 3212 είς
3239 3149 3490 3218 διαϐολὴν
3540 3150 3634 3201 καὶ
3662 3148 3981 3216 ἀνατροπὴν

2398 3243 2492 3311 τῆς
2527 3241 2831 3309 ἁσυγχύτου
2876 3241 2969 3293 καὶ
3013 3240 3317 3310 ἀδιαιρέτου
3352 3240 3461 3293 τῶν
3486 3240 3580 3293 δύο
3608 3238 3702 3292 τοῦ
3738 3239 3982 3310 Χριστοῦ

2396 3328 2609 3394 φύσεων
2638 3327 2760 3380 καθ’
2784 3326 3084 3378 ὑπόστασιν
3112 3327 3387 3390 ἑνώσεως.

2468 3418 2587 3467 Ὅτι
2619 3417 2674 3469 δὲ
2708 3417 2941 3486 Χριστὸς
2972 3419 3000 3469 6
3032 3417 3163 3476 Θεὸς
3207 3418 3365 3487 ἡμῶν
3412 3418 3617 3486 κυρίως
3669 3418 3983 3489 ἀμφότερα,

2395 3507 2456 3571 ἐξ
2487 3501 2559 3559 ὧν
2593 3506 2698 3579 [τέ]
2734 3510 2871 3565 ἐστι,
2904 3508 3119 3575 λέγεται
3142 3509 3208 3572 ³⁸,
3237 3503 3348 3560 οἷον
3381 3509 3511 3569 Θεὸς
3540 3508 3633 3560 καὶ
3664 3507 3980 3577 ἄνθρωπος,

2395 3596 2543 3648 ἄλλοι
2573 3613 2632 3646 τε
2664 3594 2848 3648 πολλοὶ
2875 3595 3060 3664 βοῶσι,
3094 3597 3189 3648 καὶ
3213 3598 3241 3648 6
3268 3596 3407 3657 θεῖος
3437 3596 3495 3647 δὲ
3527 3594 3795 3662 Κύριλλος
3826 3598 3887 3647 ὲν
3912 3597 3979 3665 τῇ

2400 3688 2535 3755 πρὸς
2582 3688 2878 3741 Σούκενσον
2911 3688 3164 3756 ἐπιστολῇ
3231 3686 3326 3738 ἕνα
3375 3688 3508 3756 φησὶ
3539 3688 3632 3739 καὶ
3683 3686 3775 3738 τὸν
3818 3687 3985 3738 αὑτὸν

2398 3774 2553 3828 τοῦτο
2601 3776 2820 3827 κάκεῖνο
2870 3774 3156 3843 ὑπάρχειν.
3194 3774 3301 3826 Καὶ
3350 3773 3484 3840 πρὸς
3521 3772 3893 3843 Οὐαλεριανὸν
3927 3774 3985 3825 δὲ

2394 3867 2487 3918 τὸν
2507 3868 2549 3898 ³⁸
2585 3867 2805 3919 Ἰκονίου
2854 3867 3151 3919 ἐπίσκοπον
3200 3867 3403 3933 ὁμοίως
3449 3864 3684 3933 γράφει·
3743 3866 3987 3920 Οὐκοῦν·

2396 3957 2805 4026 ὁμολογοῦμεν
2821 3957 2867 3989 ³³
2898 3957 2978 4023 ὡς
3004 3956 3120 4025 μὲν
3145 3956 3211 4008 τὸ
3234 3955 3353 4010 ἀπὸ
3384 3956 3611 4023 σαρκὸς
3638 3954 3800 4023 σάρξ
3826 3955 3985 4021 ἐστι,

2397 4049 2463 4101 τὸ
2501 4050 2569 4101 δὲ
2598 4051 2665 4102 ἐκ
2699 4050 2847 4103 Θεοῦ
2883 4050 3026 4113 Θεὸς
3053 4049 3215 4112 ἐστι,
3249 4047 3400 4101 κατὰ
3427 4048 3647 4101 ταύτὸν
3673 4048 3987 4115 ἀμφότερα

2394 4142 2667 4207 Χριστὸς,
2695 4135 2783 4206 εἷς
2811 4140 2897 4193 ὢν
2934 4142 3086 4206 Υἱὸς,
3118 4136 3205 4205 εἶς
3235 4141 3445 4208 Κύριος
3481 4140 3631 4208 μετὰ
3674 4138 3783 4205 τῆς
3828 4140 3987 4204 ἰδίας

2394 4232 2581 4300 αὑτοῦ
2612 4233 2857 4298 σαρκός.
2887 4232 2960 4283 Τὸ
2989 4233 3095 4300 γάρ
3129 4231 3417 4300 ἀμφότερα
3457 4230 3511 4282 τί
3554 4229 3683 4283 ἀλλο
3714 4230 3749 4300 ἢ
3779 4230 3865 4282 ὅτι
3891 4232 3921 4283 6
3944 4231 3987 4262 “

2396 4326 2556 4387 αὑτός
2606 4327 2720 4377 ἐστι
2774 4325 2868 4375 καὶ
2899 4323 3029 4386 Θεὸς
3073 4324 3167 4375 καὶ
3214 4322 3503 4393 ἄνθρωπος
3530 4321 3773 4391 βεϐαιοῖς
3822 4321 3987 4374 Ἀλλά

2400 4417 2576 4469 καίτοι
2603 4415 2774 4467 ταῦτα
2804 4413 3333 4484 βοιῖδντοςΚυρίλλου,
3359 4415 3507 4483 ὅμως
3525 4413 3988 4482 ὲτόλμησάντινες

2396 4508 2641 4561 ὑλακτεῖν
2666 4508 2739 4569 ὡς
2759 4505 3028 4575 ὁςΧριστὸς
3046 4507 3109 4558 ὲκ
3134 4504 3383 4575 θεότητος
3404 4506 3501 4574 μέν
3516 4507 3632 4557 ἐστι
3662 4503 3758 4557 καὶ
3772 4502 3989 4574 ἀνθρω-

2397 4601 2648 4665 πότητος,
2668 4597 2793 4650 οὗτε
2814 4597 2869 4650 δὲ
2883 4597 2979 4649 ἀνθ
2990 4614 3164 4665 ρωπος
3178 4596 3302 4647 οὑτε
3315 4596 3465 4658 Θεὸς,
3484 4595 3610 4667 [855
3625 4593 3714 4665 IL]
3736 4595 3874 4664 μηδὲ
3889 4593 3986 4646 τοῦ

2397 4686 2610 4739 Παύλου
2630 4685 2687 4737 τὸ
2710 4684 3063 4737 θεόπνευστον
3081 4684 3175 4735 καὶ
3197 4683 3579 4751 μεγαλόφωνον
3595 4683 3987 4736 καταιδεσθέν-

2396 4794 2506 4841 τες,
2524 4778 2579 4839 ὃς
2602 4776 2891 4846 κέκραγεν·
2924 4776 3162 4841 Ἰησοῦς
3181 4775 3225 4806 ⁸⁸
3244 4774 3498 4842 Χριστὸς
3518 4774 3659 4843 χθὲς
3674 4775 3771 4827 καί
3793 4777 3986 4842 σήμε-

2392 4886 2527 4935 ρον,
2562 4871 2592 4920 ὀ
2619 4868 2799 4933 αὐτὸς
2826 4867 2924 4919 καὶ
2947 4868 3033 4931 εἰς
3063 4867 3200 4927 τοὺς
3230 4866 3465 4930 αἰῶνας,
3491 4865 3577 4917 διὰ
3600 4863 3699 4933 μὲν
3722 4863 3821 4916 τοῦ
3842 4864 3986 4931 χθὲς

2397 4959 2491 5013 καί
2510 4959 2777 5027 σήμερον
2798 4957 3079 5026 ἄνθρωπον
3098 4957 3210 5029 [τὸν
3230 4956 3298 5029 ³⁸]
3318 4956 3477 5010 αὑτὸν
3500 4954 3801 5025 ὁμολογῶν,
3818 4954 3910 5007 διὰ
3928 4954 3985 5007 δὲ

2396 5049 2487 5101 τοῦ
2510 5049 2551 5079 ³⁷
2585 5051 2681 5101 καὶ
2708 5050 2797 5111 εὶς
2826 5048 2965 5110 τοὺς
2995 5047 3214 5113 αίὼνας
3249 5051 3341 5099 τὸν
3373 5046 3535 5099 αὑτὸν
3573 5045 3974 5114 ἀνακηρύττων

2394 5141 2545 5192 Θεόν.
2590 5140 2697 5192 Καὶ
2726 5138 2886 5193 πάλιν
2912 5139 2941 5190 6
2967 5139 3127 5199 αὑτός
3149 5154 3163 5168 ⁸
3200 5133 3301 5202 Εἷς
3335 5138 3480 5200 Θεὸς
3502 5135 3568 5196 ³⁸,
3604 5130 3693 5198 εἷς
3725 5134 3826 5186 καί
3871 5150 3981 5202 με·

2394 5232 2569 5297 σίτης
2618 5231 2765 5287 Θεοῦ
2817 5230 2917 5284 καὶ
2965 5232 3308 5298 ἀνθρώπων,
3355 5228 3667 5297 ἅνθρωπος
3723 5224 3985 5293 Χριστὸς

2010 5495 2243 5552 VARI/Ii
2276 5497 2674 5551 LECTIORES.

794 5660 834 5689 ¹⁶
857 5660 1005 5727 ζητεὶ
1054 5677 1107 5722 τ.

1186 5662 1229 5690 ³⁷
1257 5662 1538 5723 drmit-Jun;
1570 5662 1631 5713 A.
1710 5662 1753 5692 ”
1782 5661 1941 5729 σῶμα
1966 5678 2017 5711 τι
2046 5661 2110 5713 ἄν
2148 5678 2205 5722 ς.
2281 5663 2325 5692 ¹⁹
2355 5660 2748 5729 ἀνεχόμεθαης.
2831 5661 2874 5691 ³ο
2906 5660 3233 5711 οἰκειότατον
3263 5662 3327 5714 Λ.
3406 5662 3447 5691 ³³
3483 5662 3697 5724 λέγεται
3728 5661 3817 5715 AC
3842 5680 3855 5713 :
3884 5663 3982 5716 καὶ

723 5718 933 5809 λέγεταί
965 5745 1025 5811 ς.
1104 5731 1145 5761 ³³
1173 5731 1261 5783 τὶν
1295 5733 1418 5785 add.
1456 5734 1518 5782 Λ.
1596 5732 1638 5761 ³³
1676 5718 2043 5797 ὁμολοίοὺμεν
2070 5718 2172 5799 ὼςῙ
2208 5730 2341 5783 ἰιιίΐὶι

2398 5718 2548 5811 ,.."n'.
2581 5718 2729 5811 8.11,)
2757 5729 3233 5811 ρμολοηουμένωξ.
3262 5730 3489 5811 [μίμοις-ιν
3520 5718 3578 5782 δὲ
3606 5732 3825 5811 additur
3847 5744 3981 5788 anu:

728 5800 880 5852 γκά.

981 5800 1028 5829 ’⁸⁸
1063 5802 1220 5855 dum.
1269 5806 1327 5853 fi.
1410 5804 1452 5833 ³⁵
1487 5800 1646 5868 Ἴης]
1683 5801 1837 5855 ΙΙιιιην
1882 5816 1991 5852 \ttt
2034 5800 2079 5849 8.
2166 5800 2427 5853 "‘°?.‘.'utn
2483 5803 2516 5850 Λ

2620 5800 2659 5829 ⁵⁷
2690 5799 2779 5850 τοῦ
2802 5794 2925 5852 ξιιΙιΙ.
2956 5794 3048 5849 Ιῖᾙ
3091 5798 3133 5830 ³⁸
3160 5794 3239 5861 εἷς
3264 5798 3352 5869 9.]
3378 5799 3398 5854 Ι
3431 5798 3569 5852 Tim.
3607 5816 3669 5861 II,
3696 5800 3747 5854 5.
