4208 6442
158 388 288 453 1049

986 392 1507 452 Βωωυιιωω.
1537 416 1607 427 -
1635 396 1798 457 COD.
1832 394 2101 465 CCXXX.

3240 410 3377 478 1050

167 500 421 567 Ἰησοῦς,
456 500 597 553 ὥστε
622 497 823 569 κυρίως
860 501 889 553 ὁ
927 501 1160 571 Χριστὸς
1188 502 1281 554 καὶ
1303 501 1583 573 ἄνθρωπος
1613 505 1707 557 καὶ
1736 511 1778 567 Α
1808 522 1829 562 ε

1736 511 1778 567 Α
1808 507 1886 563 sic
1931 509 2055 565 ait:
2086 508 2215 564 Cum
2264 511 2503 568 Christus
2558 515 2715 568 etiam
2771 512 2909 569 Deus
2953 517 3041 569 sit.
3087 517 3268 575 Basilii
3321 535 3378 579 et

154 593 300 654 Θεός.
342 592 449 645 Καὶ
482 589 796 652 ’Δθανάσιος
900 593 1117 660 γνήσιον
1152 591 1346 645 ἑαυτὸν
1378 593 1470 644 τοῦ
1498 594 1710 648 Παύλου

154 685 364 745 δεικνὺς
395 681 640 752 μαθητὴν
671 680 812 735 οὕτω
837 682 999 751 φησίν
1019 700 1033 713 ·
1074 684 1229 737 Ἐπεί
1254 684 1350 737 καί
1383 688 1526 752 Θεός
1545 686 1716 741 ἐστιν

156 782 186 830 ό
215 777 489 843 Χριστός.
520 775 799 829 Βασιλείου
836 776 892 828 δὲ
920 776 1016 827 καὶ
1054 775 1165 828 τῶν
1214 776 1372 847 ἱερῶν
1406 778 1717 850 Γρηγορίων

156 868 245 917 καὶ
268 866 380 917 τῶν
412 865 585 917 ἄλλων
608 864 769 917 ὁσίων
802 864 1077 933 Πατὲρων,
1107 864 1161 916 εί
1184 883 1268 928 τις
1303 866 1577 935 συλλέγειν
1601 886 1717 922 πει-

159 958 372 1027 ραθείη,
408 959 486 1020 τίς
516 957 577 1010 τὺ
605 957 831 1027 ἄπειρον
860 958 923 1010 ἂν
952 960 1007 1010 ai
1032 958 1320 1027 μαρτυρίαι
1351 962 1717 1029 παραινοῦσι

154 1052 244 1099 τὸν
280 1048 538 1116 λόγον.⁹0
584 1050 765 1117 μέντοι
810 1062 873 1116 γε
915 1049 1076 1117 σοφὸς
1106 1049 1371 1119 Κύριλλος
1398 1052 1489 1103 τὸν
1514 1051 1614 1119 τῆς
1640 1055 1717 1105 oi—

157 1138 433 1209 κουμένης
463 1138 778 1193 διδάσκαλον
811 1137 1019 1192 Παῦλον
1052 1141 1301 1211 μάρτυρα
1329 1140 1537 1205 καλῶν,
1560 1144 1721 1197 Κατὰ

158 1231 279 1283 τῶν
315 1231 403 1299 μὴ
452 1230 843 1299 ,ϐουλομένων
892 1231 1206 1301 ὁμολογεῖν
1255 1234 1544 1287 Θεοτόκον
1610 1232 1723 1300 τὴν

157 1324 340 1390 ἁγίαν
362 1324 669 1391 Παρθένον
690 1322 853 1390 (οὕτω
873 1324 981 1393 γάρ
1006 1324 1298 1390 ἐπιγράφει
1318 1323 1414 1376 καὶ
1433 1323 1525 1376 τὸν
1543 1322 1723 1392 λόγον)

160 1418 265 1484 δρα
300 1416 351 1466 τί
379 1433 541 1485 φησιν
562 1434 576 1447 ν
595 1416 723 1470 Νῦν
746 1416 814 1469 δὲ
835 1416 950 1483 τὴν
976 1416 1185 1485 φωνὴν
1200 1415 1317 1484 μὲν
1335 1418 1445 1471 οὐκ
1464 1409 1723 1485 εῑρηκεν,

160 1508 297 1575 ἤτοι
323 1508 441 1572 τὴν
488 1526 506 1557 ι
533 1508 839 1570 Θεοτόκος,
862 1526 881 1557 ι
930 1507 1078 1560 Θεὸν
1101 1507 1171 1560 δὲ
1202 1507 1309 1561 τὸν
1334 1507 1591 1575 Χριστὸν
1621 1507 1720 1560 ἐπὶ

160 1599 410 1651 πάντων
435 1599 787 1663 ἀνεϐόησεν.
814 1598 923 1652 Καὶ
952 1600 1144 1652 πάλιν·
1175 1599 1243 1652 El
1267 1597 1352 1666 μὴ
1378 1597 1527 1653 Θεὸν
1548 1598 1666 1666 ἅμα
1683 1599 1725 1629 ³⁹

159 1690 261 1742 καὶ
290 1689 603 1756 ἄνθρωπον
628 1691 920 1757 ἠπίστατο
954 1690 1057 1743 τὸν
1087 1690 1360 1758 Χριστὸν,
1390 1692 1501 1743 οὐκ
1532 1689 1609 1743 ἂν
1634 1689 1725 1741 ἐκ·

159 1785 339 1851 essem
358 1802 375 1833 ι
390 1783 535 1835 κατὰ
550 1782 764 1850 σάρκα·
779 1801 797 1831 ι
821 1781 994 1835 τοῦτο
1012 1780 1121 1850 γὰρ
1134 1779 1401 1849 φανερῶς
1415 1780 1510 1832 ἐπὶ
1523 1779 1627 1833 τοῦ
1640 1778 1725 1847 μὴ

1815 610 2122 657 sanctorum
2181 602 2594 673 Gregoriorum,
2648 616 2703 661 et
2767 607 2995 662 aliorum
3063 623 3379 670 sanctorum

1816 689 2057 755 Patrum,
2094 692 2139 746 si
2162 693 2283 762 quis
2311 696 2492 749 omnia
2530 696 2782 768 colligere
2808 700 3111 756 testimonia
3141 704 3382 772 studeat,

1817 781 1871 835 in
1904 783 2167 838 inﬁnitum
2196 787 2439 840 trahetur
2461 788 2656 842 oratio.
2690 788 2921 857 Sapiens
2946 792 3090 847 enim
3120 792 3383 865 Cyrillus,

1817 873 1964 927 orbis
2006 874 2285 931 doctorem
2334 885 2525 931 testem
2575 877 2796 932 Paulum
2842 881 3135 948 adducens,
3186 884 3386 941 Contra

1819 964 2047 1018 nolentes
2089 963 2348 1035 Virginem
2388 967 2544 1033 fateri
2577 966 2858 1038 Deiparam
2894 986 2915 1025 :
2946 971 3026 1026 sic
3054 974 3197 1027 enim
3227 976 3388 1030 habet

1819 1055 2082 1109 orationis
2114 1056 2330 1121 titulus;
2366 1057 2489 1111 vide
2524 1058 2653 1126 quid
2699 1059 2846 1113 dicat
2887 1077 2901 1114 :
2950 1059 3137 1116 Vocem
3183 1066 3385 1135 quidem

1821 1162 1924 1200 non
1956 1149 2329 1213 pronuntiauit,
2383 1150 2581 1203 scilicet
2626 1151 2761 1203 hanc
2793 1169 2812 1202 ι
2861 1152 3089 1221 Deipara
3117 1168 3136 1207 :
3170 1175 3189 1208 ι
3224 1156 3388 1211 Deum

1825 1248 1995 1292 autem
2022 1236 2287 1292 Christum
2308 1255 2461 1307 super
2478 1241 2653 1294 omnia
2670 1243 3017 1307 pradicauit'.
3046 1243 3109 1299 Et
3132 1262 3346 1301 rursum
3371 1266 3386 1301 :

1828 1328 1947 1385 Nisi
1987 1330 2153 1384 Deum
2198 1340 2247 1384 et
2287 1332 2545 1385 hominem
2586 1334 2864 1388 crediderit
2898 1335 2926 1375 b
2953 1376 2969 1398 ,
3028 1354 3133 1389 nou
3160 1338 3390 1401 addidit,

1831 1439 1849 1472 ι
1885 1422 2166 1474 secundum
2193 1436 2426 1475 carnem.
2463 1438 2483 1472 ι
2538 1420 2650 1475 Hoc
2716 1426 2854 1477 enim
2895 1426 3156 1491 praecipue
3184 1428 3247 1480 de
3290 1442 3392 1480 non

1825 1513 1990 1566 solum
2020 1513 2243 1573 homine,
2278 1513 2368 1565 sed
2397 1512 2545 1564 aliud
2567 1512 2694 1581 quid
2726 1515 3015 1567 secundum
3042 1515 3393 1569 substantiam

1826 1604 2101 1657 exsistente
2124 1603 2339 1655 dicitur.
2368 1604 2512 1657 idem
2539 1604 2699 1657 homo
2728 1605 2941 1660 divinus
2977 1608 3031 1659 in
3061 1606 3232 1660 altero
3260 1624 3394 1661 ana-

1830 1695 2175 1747 thematismo
2227 1694 2411 1748 eadem
2469 1693 2801 1750 vociferatur
2834 1715 2847 1749 :
2882 1696 2942 1752 Si
3004 1698 3121 1765 quis
3179 1698 3392 1751 minime

1829 1783 2137 1851 conﬁteatur
2178 1782 2497 1853 hypostarice
2536 1787 2683 1839 carni
2732 1803 2795 1841 ea:
2828 1787 2985 1841 Patre
3024 1785 3129 1841 Dea
3170 1786 3395 1841 Verbum

153 1874 355 1942 μόνον
388 1872 515 1944 [450
543 1871 639 1943 HK]
663 1872 996 1938 ἀνθρώπου,
1022 1872 1182 1926 ἀλλὰ
1200 1871 1298 1924 καί
1319 1871 1521 1938 ἕτερόν
1539 1887 1596 1923 τι
1620 1871 1735 1938 τὴν
1765 1886 1804 1939 Β

1733 1892 1735 1899 ν
1765 1886 1804 1939 Β
1835 1876 2056 1937 unitum,
2079 1886 2128 1926 et
2146 1888 2257 1926 esse
2286 1890 2443 1926 unum
2471 1873 2737 1929 Christum
2758 1892 2872 1929 cum
2895 1879 3107 1946 propria
3127 1894 3223 1930 sua
3239 1892 3395 1931 carne

158 1966 388 2019 οὐσίαν
424 1964 799 2032 ὑπάρχοντος
840 1964 1173 2033 λέγεται.’0
1206 1964 1261 2017 δὲ
1292 1963 1452 2025 αὐτὸς
1478 1964 1732 2032 θεοφόρος

157 2058 305 2126 ἀνὴρ
345 2058 447 2109 κάν
485 2056 563 2125 τῷ
592 2056 826 2125 δευτέρῳ
871 2056 1297 2126 άναθεματισμῷ
1334 2057 1401 2109 τὰ
1426 2055 1566 2108 αὐτὰ
1595 2055 1693 2125 βοᾷ
1714 2070 1729 2085 °

160 2150 234 2203 El
284 2167 375 2213 τις
421 2151 530 2215 οὐχ
554 2149 834 2216 ὁμολογεῖ
869 2150 996 2201 καθ’
1020 2150 1359 2202 ὑπόστασιν
1380 2147 1558 2214 σαρκί
1586 2146 1735 2214 ἡνῶ-

154 2245 304 2295 σθαι
329 2242 437 2292 τὸν
478 2240 546 2293 ἐκ
594 2241 739 2295 Θεοῦ
763 2240 988 2306 Πατρὸς
1008 2241 1220 2308 Λόγον,
1245 2239 1355 2293 ἕνα
1394 2256 1457 2292 τε
1482 2238 1737 2306 Χριστὸν

155 2330 317 2385 εἶναι
336 2330 488 2400 μετὰ
519 2331 625 2400 τῆς
654 2332 809 2397 ίδιίις
836 2332 1081 2399 σαρκὸς.
1119 2332 1229 2384 τὸν
1253 2333 1439 2385 αὑτὸν
1459 2330 1739 2397 δηλονότι

158 2425 319 2477 Θεόν
340 2441 404 2477 τε
427 2422 523 2477 καί
556 2424 887 2491 ἄνθρωπον,
925 2424 1192 2492 ἀνάθεμα
1216 2422 1388 2477 ἔστω.
1442 2423 1552 2476 Καὶ
1580 2425 1637 2475 ὲν
1662 2422 1738 2491 τῷ

156 2516 324 2584 Πρὸς
348 2515 456 2580 τὰς
480 2517 807 2581 βασιλίδας
830 2514 1261 2584 προσφωνητικῷ
1285 2516 1484 2585 ὁμοίως
1501 2556 1516 2580 ,
1539 2516 1647 2569 ἕνα
1674 2532 1738 2573 τε

156 2610 313 2673 ἡμῖν
356 2608 546 2673 οὕτως
593 2608 1018 2676 ἀναδειχθῆναι
1074 2608 1347 2673 Χριστὸν,
1394 2607 1501 2660 τὸν
1555 2610 1740 2661 αὐτὸν

1828 1965 2058 2017 eumdem
2103 1965 2348 2017 nimirum
2390 1965 2551 2020 Deum
2590 1976 2637 2019 et
2680 1967 2958 2035 hominm,
2994 1970 3271 2022 anathema
3302 1968 3395 2021 sit.

1831 2056 1896 2109 Et
1942 2056 2189 2111 similiter
2234 2058 2285 2111 in
2334 2058 2582 2112 oratione
2632 2073 2793 2126 quam
2846 2058 3057 2129 Reginis
3096 2060 3394 2128 inscripsit,

1835 2143 2006 2198 Unum
2033 2147 2177 2199 nobis
2206 2148 2281 2201 sic
2315 2148 2599 2201 eahibitum
2626 2165 2737 2203 esse
2774 2148 3065 2215 Christum,
3095 2167 3211 2204 eum
3241 2148 3397 2204 simul

1838 2234 1996 2289 Deum
2016 2247 2065 2291 et
2082 2238 2334 2292 hominem
2352 2240 2713 2303 exsistentem;
2740 2240 2951 2310 aliaque
2966 2240 3396 2295 innumerabilia.

1840 2326 1993 2383 Patet
2041 2329 2238 2400 375a
2283 2332 2446 2399 igitur
2480 2346 2728 2400 magnam
2769 2342 2823 2387 et
2853 2333 3117 2386 inﬁnitam
3150 2331 3400 2387 dilieren-

1837 2424 1965 2476 tiam
1998 2438 2116 2476 esse
2160 2425 2209 2475 in
2248 2424 2520 2494 mysteriis
2544 2423 2745 2477 Christi
2789 2433 2844 2477 et
2896 2425 3127 2478 humana
3180 2422 3397 2478 forma:

1837 2514 1926 2583 qui
1951 2514 2163 2583 quidem
2186 2528 2250 2567 ex
2270 2514 2461 2583 quibus
2490 2525 2575 2569 est
2596 2530 2700 2568 non
2724 2514 2923 2569 dicitur
2949 2516 3061 2570 hac
3080 2532 3100 2581 ;
3121 2530 3183 2569 ex
3206 2517 3401 2584 quibus

1839 2620 1976 2659 vero
2004 2606 2220 2673 prodiit,
2254 2607 2531 2673 perspicue
2555 2606 2668 2660 lucc
2695 2606 3017 2659 nominatur.

156 2699 318 2766 ὁμοῦ
358 2699 510 2751 Θεὸν
540 2698 683 2752 ὄντα
730 2699 826 2752 καί
860 2698 1187 2765 ἄνθρωπον.
1233 2698 1343 2751 Καὶ
1379 2698 1547 2767 μυρία
1572 2698 1725 2752 ἄλλα.
1768 2695 2078 2765 Κατάδηλον
2106 2694 2198 2749 οὖν
2223 2695 2298 2758 ὡς
2323 2696 2491 2765 πολλὴ
2534 2697 2628 2749 καὶ
2655 2697 2879 2767 ἄπειρος
2915 2698 2948 2767 ή
3017 2696 3246 2766 διαφορὰ
3306 2698 3402 2752 τού

159 2790 313 2842 κατὰ
340 2789 434 2842 τὸν
463 2790 694 2858 Χριστὸν
723 2789 1021 2859 μυστηρίου
1070 2788 1294 2841 καὶτοῦ
1329 2788 1468 2841 κατὰ
1514 2789 1603 2840 τὸν
1646 2786 1927 2856 ἄνθρωπον
1955 2786 2427 2855 παραδείγματος·
2505 2787 2534 2839 ὀ
2584 2785 2682 2856 μὲν
2728 2788 2836 2856 γὰρ
2865 2784 2926 2849 ἐξ
2981 2779 3057 2840 ὧν
3116 2788 3284 2855 ἐστὶν,
3339 2785 3401 2840 οὔ

158 2884 384 2948 λέγεται
410 2878 603 2945 ταῦτα,
633 2880 661 2931 ὁ
686 2880 741 2932 δὲ
767 2879 826 2942 ἐξ
846 2872 919 2931 ὧν
946 2877 1205 2947 προῆλθε,
1234 2878 1327 2931 καὶ
1355 2876 1689 2946 διαπρυσίως
1726 2875 1896 2928 ταῦτα
1925 2874 2271 2944 ὀνομάζεται.

248 2976 419 3030 Ἀλλά
450 2975 558 3043 γὰρ
591 2975 689 3042 τῆς
709 2973 972 3043 αἱρέσεως
1007 2973 1169 3025 πάλιν
1200 2974 1233 3041 ὴ
1255 2973 1479 3025 ἀπόνοια
1516 2973 1614 3041 τὴν
1648 2989 1735 3023 τε-

161 3068 441 3139 τάρετεηνΜ
468 3067 741 3135 μέμφεται
772 3063 987 3117 σύνοδον
1023 3063 1099 3126 ὡς
1128 3065 1253 3134 ὅρον
1282 3063 1597 3133 ὶκθεμένην,
1621 3064 1737 3116 δια-

163 3161 462 3229 τεινομένη
489 3159 585 3227 τὴν
608 3156 864 3227 τοιαύτην
895 3156 1237 3227 ἐπιχείρησιν
1283 3157 1386 3210 ὑπὸ
1443 3158 1541 3226 τῆς
1597 3157 1739 3210 κατὰ

165 3253 271 3322 τὴν
302 3252 539 3318 Ἔφεσον
597 3248 817 3319 πρώτης
868 3248 1083 3300 συνόδου
1128 3247 1405 3310 παντελῶς
1451 3251 1738 3302 ἀποκεχω-

166 3342 393 3394 λῦσθαι.
425 3340 616 3393 Καίτοι
654 3356 729 3406 γε.
751 3341 799 3391 εἰ
821 3338 960 3391 κατὰ
989 3339 1080 3392 τὸν
1122 3338 1284 3408 λῆρον
1323 3338 1499 3392 αὐτῶν
1546 3341 1737 3408 ἀπεῖρ-

167 3452 269 3503 γεν
296 3436 332 3501 ἡ
374 3432 586 3495 σύνοδος
618 3433 801 3503 ἕτερον
824 3434 947 3502 ὅρον
977 3433 1101 3503 μηδ’
1120 3433 1256 3495 ὅλως
1280 3432 1565 3503 προάγειν,
1600 3430 1736 3501 αὐτὴ

168 3524 300 3578 καθ’
330 3523 533 3593 ἑαυτῆς
583 3523 687 3592 πρὸ
719 3523 829 3576 τῶν
881 3524 1056 3577 ἄλλων
1112 3524 1213 3593 τὴν
1269 3524 1736 3588 καταδικάζουσαν

168 3620 446 3686 ἐξήνεγκε
471 3616 647 3684 ψῆφον
676 3632 691 3647 ·
730 3615 903 3684 ὁρίζει
930 3615 1037 3685 γάρ
1073 3615 1205 3669 αὐτὸ
1260 3615 1419 3668 τοῦτο
1468 3614 1736 3678 τυποῦσα,

167 3710 207 3762 ἃ.
239 3708 517 3777 μηδετέρα
544 3706 652 3760 τῶν
673 3707 779 3777 πρὸ
808 3706 977 3774 αὐτῆς
998 3706 1305 3776 διωρίσατο.
1345 3704 1507 3758 Ἀλλὰ
1559 3706 1655 3759 καὶ
1700 3706 1734 3774 ἡ

172 3800 304 3853 καθ’
362 3798 654 3851 ὑπόστασιν
702 3798 896 3860 ἒνωσις
952 3798 1121 3865 αὐτῆς
1170 3798 1319 3850 ἔστιν
1357 3799 1501 3865 ὄρος,
1544 3797 1574 3850 ὃ
1623 3799 1742 3859 ταῖς

172 3889 586 3959 πρεσϐυτέραις
627 3887 734 3941 τῶν
790 3889 1021 3942 συνόδων
1052 3890 1111 3941 οὐ
1159 3889 1461 3959 διώρισται.
1519 3888 1627 3941 Nai.
1677 3889 1743 3958 δὴ

175 3980 280 4033 καὶ
308 3978 411 4045 τὴν
445 3979 502 4029 ὲν
533 3978 1095 4049 Κωνσταντινουπό).ει
1118 3978 1226 4031 τῶν
1264 3984 1337 4048 ρν⁹
1368 3978 1539 4046 ἁγίων
1568 3978 1741 4030 Πατέ-

177 4086 316 4138 ρων,
349 4068 410 4132 ἐξ
436 4060 509 4119 ὧν
539 4068 693 4119 αὐτοὶ
717 4067 961 4138 ληροῦσι,
990 4067 1409 4139 παραγράφεται
1428 4085 1441 4099 ·
1466 4067 1556 4120 τὸν
1578 4068 1746 4120 ῙῙνευ-

180 4160 508 4229 ματομάχον
541 4158 647 4228 γὰρ
669 4157 806 4228 αὕτη
840 4158 1163 4219 καθελοῦσα,
1187 4159 1267 4228 τῷ
1311 4159 1449 4212 κατὰ
1500 4158 1598 4228 τὴν
1655 4158 1749 4211 Νί-

176 4270 351 4305 καιαν
374 4250 740 4319 ὲκρωνηθέντι
765 4252 876 4320 ὅρῳ
916 4250 1013 4321 τὴν
1057 4249 1185 4319 περὶ
1246 4248 1340 4301 τοῦ
1383 4248 1538 4316 ἁγίου
1574 4247 1747 4302 ῐινεύ-

180 4360 362 4412 ματος
392 4340 665 4408 θεολογίαν
697 4341 994 4410 προσθεῖσα
1031 4342 1389 4409 συνήρμοσεν.
1434 4340 1497 4392 Εἰ
1529 4340 1636 4408 γὰρ
1692 4339 1751 4393 αἱ

178 4428 562 4498 προλαΰοὼαι
586 4430 957 4499 προσ-τιθεῖσαι
982 4430 1073 4481 τὸν
1121 4429 1311 4499 μῶμον
1366 4427 1748 4496 ἐκφεύγουσιν,

1910 2968 2015 3023 Sed
2038 2969 2410 3023 hereticorum
2446 2970 2665 3024 vesania
2695 2981 2938 3042 quartam
2971 2970 3234 3041 synodum
3265 2971 3408 3024 vitu-

1839 3069 2020 3127 perat,
2057 3061 2199 3128 quod
2240 3062 2516 3116 decretum
2556 3064 2828 3130 posuerit,
2872 3064 3262 3134 contenditque
3302 3063 3407 3119 tale

1842 3153 2171 3221 propositum
2197 3166 2225 3205 a
2262 3154 2432 3222 prima
2475 3155 2679 3221 synodo
2720 3152 2917 3223 Ephesi
2962 3155 3157 3209 habitat
3188 3156 3408 3211 omnino

1844 3244 2165 3313 prohibitum
2191 3243 2375 3298 fuisse.
2407 3244 2664 3309 Quamvis
2690 3246 2733 3298 si
2760 3246 3055 3299 secundum
3079 3244 3291 3299 illorum
3315 3247 3410 3302 dou

1845 3335 2027 3388 lirium
2079 3337 2315 3404 synodus
2355 3336 2500 3389 aliud
2539 3338 2811 3389 decretum
2850 3338 3073 3390 omnino
3115 3337 3410 3406 producere

1843 3426 2043 3487 vetuit,
2094 3429 2207 3479 haec
2251 3436 2378 3479 ante
2416 3426 2549 3479 alias
2601 3437 2790 3482 contra
2837 3442 2896 3482 se
2942 3430 3411 3486 condemnationis

1839 3517 2159 3570 sententiam
2204 3517 2445 3584 protulit.
2488 3516 2683 3575 Deﬁnit
2718 3517 2861 3571 enim
2914 3518 3015 3573 hoc
3051 3518 3405 3584 adumbraus,

1840 3606 2015 3676 qualia
2046 3622 2218 3675 neque
2260 3607 2364 3661 alia
2412 3617 2538 3663 ante
2574 3610 2747 3677 ipsum
2790 3609 3049 3664 deﬁnivit.
3094 3608 3198 3663 Sed
3239 3610 3412 3679 hypo-

1843 3701 2030 3755 statica
2072 3702 2198 3755 unio
2245 3702 2399 3771 hujus
2442 3711 2527 3757 est
2567 3703 2843 3769 deﬁnitio,
2883 3720 3001 3771 qua:
3048 3705 3118 3759 ab
3172 3706 3410 3775 antiquis

1852 3789 2095 3851 conciliis
2120 3806 2223 3845 non
2266 3802 2465 3845 statuta
2498 3801 2600 3846 est.
2641 3792 2801 3846 Certe
2836 3804 2892 3847 et
2919 3792 3415 3861 Constantinopoli-

1846 3893 2022 3938 tanam
2059 3884 2160 3938 150
2193 3883 2448 3949 Patrum,
2489 3900 2556 3940 ex
2597 3886 2791 3954 quibus
2828 3885 3055 3939 delirant
3114 3886 3239 3957 ipsi,
3283 3903 3417 3942 con-

1850 3976 2083 4041 demnat,
2105 3991 2222 4045 quae
2254 3990 2375 4030 cum
2409 3976 2613 4045 Spiritu
2641 3986 2970 4046 pugnantem
2994 3974 3413 4050 [Macedonium]

1848 4068 2057 4128 tollens,
2088 4082 2119 4121 e
2148 4066 2360 4121 Nicena
2404 4066 2611 4132 synodo
2655 4066 2939 4121 declarata:
2979 4068 3317 4133 deﬁnitioni,
3348 4070 3415 4122 de

1850 4159 2051 4226 Spiritu
2094 4168 2281 4212 sancto
2316 4158 2619 4211 doctrinam
2655 4158 3040 4210 convenienter
3076 4156 3300 4209 addidit.
3345 4154 3405 4209 Si

1848 4251 1990 4304 enim
2028 4250 2389 4318 praecedentes
2427 4250 2745 4317 apponendo
2773 4249 3244 4318 reprehensinnem
3278 4245 3416 4301 ell'u-

1851 4341 2030 4409 giunt,
2068 4354 2243 4407 neque
2284 4338 2406 4392 illas
2441 4348 2640 4395 secutae
2681 4340 2733 4393 in
2778 4338 3044 4394 similibus
3089 4337 3419 4391 dissimiliter

1856 4431 2277 4482 damnabuntur.
2329 4429 2420 4483 Sic
2470 4430 2692 4483 stultum
2736 4431 2957 4484 omnino
3008 4428 3320 4484 commiscet
3362 4434 3419 4482 ct

177 4522 296 4574 οὐδ’
330 4521 389 4572 αἱ
414 4522 536 4589 μετ’
565 4520 733 4582 αὑτὰς
772 4521 831 4573 ὲν
856 4522 967 4581 τοῖς
994 4518 1200 4589 ὁμοίοις
1255 4518 1520 4588 ἀνομοίως
1574 4517 1751 4581 ἕξουσι

1860 4520 2143 4575 convertit.
2194 4520 2458 4589 Ephesius
2504 4523 2701 4576 etenim
2734 4522 2968 4592 synodus
3006 4521 3161 4574 ﬁdem
3197 4520 3414 4588 quidem

177 4615 289 4682 τὴν
322 4614 687 4678 κατάγνωσιν.
718 4612 874 4664 Οὕτω
902 4612 961 4663 τδ
983 4612 1025 4643 δι
1062 4611 1321 4665 ἀσύνετον
1366 4612 1542 4665 πάντα
1590 4609 1752 4678 φύρει

1855 4608 2052 4673 aliam,
2122 4608 2274 4677 cujus
2344 4612 2592 4678 dogmata
2669 4611 2940 4664 comraria
3011 4609 3238 4662 Nicaeus
3310 4608 3418 4662 sint

182 4708 288 4758 καὶ
316 4702 649 4773 διαστρέφει.
680 4703 790 4757 Καὶ
823 4705 930 4773 γὰρ
954 4704 987 4773 ὴ
1009 4703 1066 4753 ἒν
1098 4702 1306 4773 Ἐφέσῳ
1335 4700 1548 4763 σύνοδος
1574 4701 1754 4752 πίστιν
1786 4710 1829 4764 D

1786 4710 1829 4764 Ι)
1857 4701 2318 4772 synodo,omnino
2339 4702 2532 4770 exponi
2571 4703 2760 4757 vetuit.
2801 4701 3039 4756 Sinceris
3071 4716 3199 4755 vero
3225 4701 3277 4753 in
3319 4701 3418 4753 bac

187 4800 296 4865 μὲν
336 4795 553 4865 ἑτέραν,
590 4790 659 4865 ἦς
685 4796 903 4849 ἐναντία
946 4796 1015 4848 τὰ
1062 4795 1304 4865 δόγματα
1356 4795 1491 4865 πρὸς
1552 4792 1648 4862 τὴν
1697 4796 1755 4845 ὲν

1857 4792 2109 4853 servatis,
2140 4807 2262 4861 quae
2284 4795 2502 4848 occasio
2525 4794 2781 4864 postulat,
2812 4806 3081 4863 apponere
3113 4790 3257 4845 illius
3286 4805 3418 4857 opus

182 4883 405 4953 Νικαία
462 4884 766 4954 καθέστηκε
824 4884 1059 4949 σύνοδον,
1116 4883 1390 4947 παντελῶς
1438 4883 1747 4937 ἐκτίθεσθαι

1854 4881 1972 4944 fuit,
2004 4892 2058 4935 et
2093 4898 2268 4937 rerum
2302 4896 2495 4939 natura
2517 4922 2533 4948 ,
2575 4895 2629 4939 et
2659 4884 2909 4939 Ecclesiae
2941 4883 3161 4937 traditio
3206 4882 3418 4935 videtur

181 4972 523 5027 διεκώλυσεν
552 4989 568 5003 ο
603 4974 893 5045 ἀκηράτων
916 4975 973 5028 δὲ
1006 4974 1112 5027 τῶν
1145 4976 1204 5027 ἑν
1228 4974 1361 5044 αὐτῇ
1410 4972 1757 5041 σωζομένων,

186 5064 344 5133 ειπερ
374 5062 405 5112 ὁ
438 5064 627 5135 καιρὸς
659 5066 881 5118 ἀπαιτεῖ
908 5066 1254 5135 προστιθέναι
1296 5064 1465 5130 αὐτῆς
1508 5081 1567 5117 τε
1601 5063 1757 5131 γέγο-

188 5172 286 5207 νεν
304 5154 491 5225 ἔργον,
513 5155 730 5208 καὶτῶν
747 5159 1086 5226 πραγμάτων
1108 5158 1139 5225 ἡ
1170 5154 1328 5223 φύσις
1356 5155 1756 5219 διδάσκαλος.⁶¹,

1857 4990 2072 5043 semper
2105 4976 2205 5031 hoc
2251 4975 2552 5030 adamasse.
2588 4977 2769 5043 Quare
2799 4985 2854 5031 et
2884 4976 3248 5037 Alexandriae,
3285 4988 3421 5027 non-

1855 5068 1979 5119 dum
2031 5067 2363 5122 uacumenica
2414 5069 2618 5137 synodo
2681 5078 2905 5131 coacta,
2952 5068 3187 5122 delectos
3243 5066 3295 5120 in
3354 5080 3418 5119 ea

1865 5157 2175 5215 sacerdotes
2225 5158 2414 5213 beatus
2455 5158 2691 5230 Cyrillns
2734 5174 3103 5231 congregans,
3150 5170 3206 5216 ct
3263 5161 3419 5215 tidem

190 5245 296 5298 καὶ
329 5246 431 5311 τῆς
496 5246 822 5315 Ἑκκλησίας
868 5248 1060 5317 ὁρᾶται
1108 5245 1267 5300 τοῦτο
1300 5245 1623 5316 ,στέργουσα
1675 5244 1764 5298 διὰ

1443 5261 1623 5313 ιγουσα
1675 5244 1764 5298 διὰ
1868 5251 2123 5318 scriptam
2152 5250 2467 5317 disponens,
2502 5252 2568 5305 ad
2599 5250 2907 5307 Nestorium
2942 5251 3105 5305 misit.

191 5336 408 5399 παντὸς
434 5340 468 5407 ἡ
498 5338 811 5409 παράδοσις.
827 5339 918 5391 Διὸ
942 5339 1036 5392 καὶ
1058 5337 1197 5391 κατὰ
1214 5338 1312 5407 τὴν
1336 5337 1758 5407 ’Δλςξάνδρειαν,
1798 5336 1950 5392 οὔπω
2009 5341 2108 5408 τῆς
2167 5342 2548 5412 οίκουμενιχῆς
2630 5342 2761 5416 {856
2781 5341 2875 5415 IL]
2962 5341 3422 5415 συγκροτηθιίσης

193 5432 450 5493 συνόδου.
483 5433 607 5494 τοὺς
637 5435 695 5485 ὲν
710 5432 911 5501 auri)“
936 5431 1046 5486 τῶν
1070 5431 1261 5503 ἱερέων
1303 5430 1533 5499 λογάδας
1567 5430 1597 5484 ὀ
1637 5430 2321 5506 Θισπέσιοςάθροισάμινος
2373 5435 2657 5508 Κύριλλος,
2720 5440 2813 5491 καὶ
2870 5437 3053 5491 πίστιν
3106 5436 3421 5508 διαθέμενος

192 5525 502 5593 ἔγγραφον,
535 5522 613 5594 τῷ
637 5524 915 5594 Νεστορίῳ
944 5524 1299 5594 διεπέμψατο.

274 5626 307 5656 .
342 5612 497 5668 Rutn.
528 5629 605 5681 ιι,
639 5616 695 5670 5-
799 5614 831 5655 "
860 5615 1017 5671 κοίη·
1047 5630 1087 5681 ’ν
1117 5616 1171 5671 ⁵·
1472 5682 1705 5738 unus;
1725 5677 2123 5738 LECTIONES.

280 5779 328 5813 ³⁵
356 5779 580 5849 suae:
617 5796 677 5833 τε
727 5797 789 5844 ς.
863 5781 908 5813 ⁸⁸
946 5781 1043 5850 τήν
1076 5796 1136 5833 τε
1160 5796 1271 5834 τετ.
1298 5796 1355 5844 ς.
1428 5781 1467 5812 ⁶¹
1495 5782 1555 5833 τό
1591 5781 1634 5833 Α
1668 5798 1680 5834 :
1717 5779 1806 5833 τόν
1830 5795 1888 5841 ς’.
1966 5776 2010 5807 ⁸⁸
2038 5773 2354 5837 διδάσκαλος
2410 5772 2531 5827 add.
2572 5771 2637 5825 A.
2717 5770 2762 5803 ⁸³
2788 5770 2922 5840 αὐτῇ
2954 5768 3032 5823 A:
3068 5766 3217 5837 αὐτῷ
3244 5781 3308 5831 ς.
