4208 6442
823 408 951 473 1051

816 606 1045 660 llmresis
1070 607 1185 659 aliis
1216 607 1724 674 reprehensionibus
1758 609 2016 663 insultare
2050 625 2153 662 non
2182 611 2367 662 erube-

816 700 937 761 scit,
971 699 1153 751 dicens
1191 699 1684 753 Chalcedouensem
1730 703 1993 769 synodum
2028 718 2150 754 cum
2186 701 2371 771 Cyrilli

817 790 996 841 verbis
1025 803 1277 857 pugnare.
1305 790 1400 841 Hic
1422 792 1562 841 enini
1599 792 1650 843 in
1683 792 1925 857 epistolis
1952 792 2018 845 ad
2043 791 2372 845 Succensum

816 890 871 931 et
904 880 1026 931 alibi
1062 882 1333 932 Christum
1370 896 1399 932 e
1429 882 1634 933 duabus
1672 884 1877 934 naturis
1912 884 2089 947 docet,
2127 883 2213 935 illa
2249 898 2376 935 vero

817 971 955 1022 hanc
984 985 1163 1023 vocem
1202 972 1479 1038 expellens
1513 974 1644 1025 duas
1675 984 1895 1027 naturas
1927 976 2185 1029 indivisas
2215 976 2378 1027 vicis-

818 1058 919 1109 sim
967 1060 1264 1112 constituit.
1319 1062 1465 1113 Adeo
1520 1064 1837 1115 calumniari
1890 1080 2047 1131 quam
2095 1066 2376 1117 veritatem

819 1153 1013 1204 sectari
1044 1154 1219 1205 studio
1250 1154 1419 1219 magis
1452 1161 1533 1205 est
1566 1154 1851 1207 lnereticis.
1889 1154 2195 1207 Dioscorum
2233 1171 2381 1207 nam-

820 1259 923 1308 que
978 1244 1029 1295 id
1063 1245 1200 1311 quod
1235 1244 1426 1312 2750
1450 1260 1514 1296 ex
1547 1246 1752 1297 duabus
1786 1246 1991 1299 naturis
2026 1248 2378 1314 compositum

820 1342 938 1385 erat
986 1336 1374 1398 admittentem,
1419 1337 1549 1387 duas
1578 1351 1709 1387 vero
1750 1346 1970 1389 naturas
2021 1348 2380 1402 recusantem,

821 1423 961 1491 quod
994 1424 1381 1493 Eutychianam
1414 1436 1623 1492 saperet
1662 1426 1911 1489 hmresin,
1956 1429 2190 1496 synodus
2222 1444 2382 1493 repu-

820 1517 1005 1569 diavit.
1039 1515 1219 1584 Neque
1259 1518 1578 1585 simpliciter
1611 1520 1886 1572 damnavit
1916 1520 2043 1571 illud
2080 1535 2142 1571 cx
2182 1523 2384 1573 duabus

820 1608 1029 1661 naturis
1067 1607 1339 1662 Christum
1374 1620 1637 1673 astruere,
1670 1611 1763 1662 sed
1788 1610 1966 1663 dicere
1990 1626 2111 1663 cum
2146 1610 2386 1679 Eutyche

820 1710 876 1751 et
909 1700 1186 1754 Dioscoro.
1218 1699 1317 1753 Per
1343 1702 1523 1753 dicere
1552 1704 1685 1755 duas
1720 1712 1940 1754 naturas
1973 1702 2231 1755 indivisas
2264 1717 2383 1754 cum

819 1792 912 1857 pio
954 1806 1147 1851 sensu,
1199 1791 1341 1843 illam
1386 1794 1550 1844 etiam
1586 1808 1651 1845 ex
1695 1794 1903 1845 duabus
1942 1794 2181 1856 naturis,
2226 1794 2384 1845 simul

1956 410 2215 470 PHOTII
2239 410 2740 469 PATRIAllCII/E
2778 409 2881 467 ΟΡ.

890 521 978 574 Sic
1022 520 1234 588 quidem
1278 518 1461 586 ell'ugit
1500 517 1731 583 injustas
1765 522 2135 575 accusationes
2166 522 2358 588 pietas.
2392 528 2435 581 Α

2534 518 2819 586 Ἐκφεύγει
2849 520 2949 585 μὲν
2972 512 3063 567 οὖν
3085 515 3129 545 ⁸⁸
3174 515 3314 567 οὕτω
3366 517 3463 577 τὰς
3497 516 3718 576 ἀδίκους
3779 516 3954 579 λαόὰς
3998 522 4030 587 ἡ

2473 610 2723 661 εὐσέϐεια
2745 625 2759 639 ⁶
2788 609 2847 659 τὸ
2881 607 3150 675 αἱρετικὸν
3184 606 3239 657 δὲ
3269 606 3429 659 πάλιν
3448 608 3648 675 ἑτέροις
3670 608 3885 676 μώμοις
3910 613 4030 661 ἐπι-

2473 703 2646 771 πηδᾷν
2670 701 2766 751 οὐκ
2796 699 3127 767 αἰσχύνεται,
3157 699 3245 750 καί
3279 716 3438 767 φησιν
3461 699 3532 761 ὡς
3553 702 3583 767 ἡ
3608 700 3749 753 κατὰ
3804 702 4029 770 Καλχη-

2474 794 2597 845 δόνα
2633 792 2676 822 ’⁵⁸
2708 791 2919 852 σύνοδος
2948 795 3059 852 τοῖς
3110 791 3377 858 Κυρίλλου
3408 792 3640 859 δόγμασι
3684 794 3940 861 μάχεται.
3982 796 4034 845 '0

2480 884 2701 951 μὲνγὰρ
2735 883 2789 932 ἕν
2808 899 2866 932 τε
2914 885 3033 943 ταῖς
3064 883 3197 949 πρὸς
3238 882 3531 933 Σούκενσον
3581 884 3891 941 ἐπιστολαῖς
3951 888 4041 936 καὶ

2478 972 2705 1041 ἀλλαχοῦ
2746 972 2799 1023 δὲ
2820 972 2909 1023 τὸν
2930 972 3159 1039 Χριστὸν
3177 972 3490 1038 δογματίζει
3507 973 3550 1001 ⁵⁸
3592 975 3655 1023 ἐκ
3682 973 3777 1023 δύο
3801 974 4041 1039 φύσεων,

2480 1066 2511 1130 ὴ
2548 1064 2602 1115 δὲ
2640 1065 2735 1131 τὴν
2757 1062 3010 1130 τοιαύτην
3049 1063 3229 1130 φωνὴν
3260 1064 3655 1127 ὀστρακίζουσα
3704 1064 3802 1114 δύο
3849 1065 4044 1130 φύσεις

2481 1154 2820 1223 ἀδιαιρέτους
2870 1154 3374 1221 ἀντεχειροτόνησεν
3404 1169 3416 1181 ·
3474 1152 3617 1205 οὕτω
3667 1155 3725 1205 τὸ
3768 1172 4049 1221 συκοφαν-

2481 1249 2594 1296 τεῖν
2631 1244 2723 1295 τοῦ
2747 1243 3030 1312 ἀληθεύειν
3060 1244 3193 1294 πολὺ
3244 1248 3309 1312 τῇ
3355 1246 3561 1312 αἱρέσει
3607 1246 4047 1313 σπουδαιότερον.

2484 1338 2591 1389 Kal
2623 1336 2728 1403 γὰρ
2751 1335 3035 1403 Διόσκορον
3063 1337 3094 1402 ὴ
3124 1335 3358 1397 σύνοδος,
3384 1336 3444 1386 τὸ
3476 1336 3541 1386 ὲκ
3570 1335 3661 1387 δύο
3698 1338 3797 1403 μὲν
3832 1336 4053 1402 φύσεων

2484 1425 2789 1492 δεχόμενον,
2831 1422 2950 1493 [451
2996 1424 3085 1493 IL]
3108 1424 3167 1474 τὸ
3185 1424 3276 1475 δύο
3297 1424 3351 1476 δὲ
3382 1424 3569 1491 φύσεις
3593 1426 3689 1477 οὐκ
3720 1427 4054 1493 ἀνεχόμενον

2485 1516 2759 1579 δέξασθαι,
2792 1516 2865 1576 ὡς
2909 1517 2976 1565 τὰ
3000 1515 3090 1566 τοῦ
3122 1516 3392 1583 Εὐτυχοῦς
3449 1516 3709 1569 νοσοῦντα
3760 1518 4008 1569 διωσατο
4040 1536 4053 1546 ·

2488 1609 2581 1660 καὶ
2597 1610 2693 1675 οὐχ
2734 1606 2917 1667 ἁπλῶς
2947 1607 3237 1675 ἐξεκήρυξε
3266 1609 3324 1657 τὸ
3368 1610 3430 1659 ἐκ
3467 1608 3558 1659 δύο
3594 1608 3770 1673 λέγειν
3839 1610 4056 1675 φύσεων

2488 1701 2575 1750 τὸν
2603 1697 2861 1765 Χριστὸν,
2894 1699 3026 1749 ἀλλὰ
3058 1700 3118 1748 τὸ
3145 1699 3322 1764 λέγειν
3358 1699 3475 1750 κατ’
3523 1700 3763 1766 Εὑτυχέα
3795 1702 3891 1751 καὶ
3938 1703 4057 1750 Διό-

2492 1806 2708 1860 σκορον.
2744 1791 2839 1840 Διὰ
2870 1790 3047 1857 μέντοι
3067 1789 3160 1840 τοῦ
3190 1789 3282 1840 δύο
3316 1790 3501 1856 φύσεις
3543 1790 3886 1855 ἀδιαιρέτους
3923 1790 4058 1855 μετᾶ

824 1882 1142 1934 introduxit.
1179 1883 1311 1947 Quia
1355 1883 1623 1951 Eutychos
1659 1898 1689 1936 e
1733 1884 1938 1936 duabus
1977 1883 2113 1935 dixit
2156 1884 2383 1949 naturis,
2417 1891 2459 1942 Β

2417 1891 2459 1942 Β
2488 1881 2585 1948 τῆς
2616 1881 2868 1941 εὐσεϐοῦς
2892 1880 3128 1941 διανοίας
3166 1881 3344 1947 λέγειν
3385 1880 3552 1948 αὐτὴν
3600 1882 3693 1931 καὶ
3723 1881 3781 1939 τὸ
3850 1883 3919 1930 ἐκ
3974 1880 4060 1931 δύο

823 1972 984 2039 impie
1012 1988 1159 2037 vero,
1186 1984 1418 2027 constat.
1452 1974 1562 2026 Non
1593 1975 1753 2041 igitur
1785 1983 1991 2042 gratam
2024 1975 2256 2043 aliquam
2288 1974 2388 2044 Cy-

824 2063 945 2115 rillo
974 2079 1181 2128 vocem,
1208 2066 1299 2118 sed
1331 2065 1547 2132 impiam
1585 2067 1839 2136 Eutychis
1868 2069 2191 2120 sententiam
2224 2084 2388 2137 syno-

822 2157 924 2208 dus
948 2156 1152 2224 rejecit.
1177 2157 1386 2210 Etenim
1417 2160 1711 2210 secundum
1740 2160 1971 2212 medium
1993 2176 2177 2212 earum
2205 2175 2386 2213 rerum

825 2263 942 2313 quae
963 2247 1300 2302 Chalcedone
1314 2259 1459 2316 gesta
1484 2260 1628 2312 sunt,
1650 2251 1785 2303 lecta
1812 2250 1915 2303 [ide
1934 2252 2106 2303 sancti
2129 2251 2389 2317 Flaviani,

828 2340 879 2392 in
910 2354 1010 2407 qua
1041 2341 1338 2406 scriptum:
1367 2338 1491 2391 Post
1520 2340 1932 2393 incarnationem
1955 2357 1981 2392 ε
2008 2341 2211 2393 duabus
2240 2354 2393 2394 natu-

829 2433 899 2482 ris
936 2443 1175 2484 constare
1212 2432 1520 2497 conﬁtemur
1551 2430 1847 2493 Christum,
1880 2433 1933 2483 in
1968 2449 2070 2483 una
2102 2431 2390 2501 hpgostasi,

829 2539 1033 2590 imaque
1075 2538 1313 2588 persona,
1345 2539 1501 2575 unum
1530 2521 1817 2586 Christum,
1858 2538 2018 2574 unum
2048 2521 2246 2575 Filium
2272 2539 2396 2574 con-

829 2615 1053 2681 ﬁtentes,
1096 2614 1416 2667 exclamavit
1462 2615 1740 2683 synodus,
1789 2618 1931 2682 ipsos
1960 2617 2036 2667 sic
2065 2616 2300 2677 sentire,
2341 2624 2396 2668 et

830 2705 1048 2757 Patrum
1078 2704 1235 2756 tidem
1266 2706 1403 2758 hanc
1432 2720 1551 2759 esse
1578 2721 1923 2773 cognoscere.
1960 2705 2234 2769 Quomodo
2269 2721 2396 2774 ergo

831 2794 946 2847 hac
977 2796 1183 2857 dicens,
1226 2796 1305 2848 vel
1337 2810 1459 2848 cum
1493 2794 1697 2865 Cyrillo
1732 2805 1949 2863 pugnat,
1987 2794 2067 2848 vel
2093 2808 2398 2849 asserentes

832 2888 919 2954 pie
961 2902 990 2939 e
1041 2887 1253 2940 duabus
1296 2888 1506 2941 naturis
1548 2887 1866 2940 aversatur?
1912 2885 2036 2939 llaec
2074 2902 2401 2954 persequens

832 2980 1116 3045 episc0pus
1158 2978 1417 3043 Eul0gius
1446 2990 1499 3032 et
1540 2980 1962 3031 adunmiiioneiu
1998 2979 2266 3047 praedictis
2305 2980 2400 3031 ad-

834 3069 989 3133 dens,
1016 3071 1079 3120 ad
1121 3070 1374 3122 unionem
1414 3069 1666 3123 Ecclesize
1696 3072 2000 3122 desertores
2038 3079 2397 3133 revocantem,

835 3160 1074 3214 sermoni
1110 3160 1269 3212 linem
1306 3160 1556 3227 imponit.

2491 1972 2702 2038 φύσεων
2741 1973 3153 2041 συνεισήγαγεν.
3188 1972 3309 2023 Ὀτι
3334 1972 3441 2040 γὰρ
3477 1971 3719 2040 Εὐτυχὴς
3750 1973 3814 2021 ὲκ
3840 1971 3937 2022 δύο
3969 1974 4060 2039 μὲν

2490 2066 2641 2132 ἔλεγε
2668 2068 2898 2133 φύσεων,
2928 2066 3201 2127 δυσσεὸῶς
3231 2065 3308 2128 δὲ,
3340 2066 3623 2135 πρόδηλον.
3648 2066 3722 2117 Οὐ
3752 2066 3939 2117 τοίνυν
3967 2067 4064 2132 τὴν

2492 2158 2763 2225 Κυρίλλου
2799 2158 2958 2225 φίλην
2992 2157 3194 2227 φωνὴν,
3224 2157 3359 2209 ἀλλὰ
3387 2157 3482 2225 τὴν
3513 2156 3783 2224 Εύτυχοῦς
3860 2156 4058 2207 δυσσέ-

2492 2247 2643 2300 ϐειαν
2668 2251 2699 2316 ἡ
2737 2249 2952 2311 σύνοδος
2983 2248 3366 2318 ἀπεπέμψατο.
3394 2249 3503 2300 Καὶ
3527 2248 3631 2317 γὰρ
3662 2248 3755 2299 καὶ
3800 2248 3925 2299 κατ’
3970 2248 4062 2298 ai}-

2490 2341 2552 2392 τὸ
2574 2341 2631 2392 τὸ
2666 2340 2827 2408 μέσον
2875 2340 2984 2392 τῶν
3028 2343 3085 2392 ὲν
3133 2339 3444 2407 Καλχηδόνι
3503 2341 3911 2406 πεπραγμένων
3968 2338 4063 2405 τῆς

2496 2432 2733 2491 πίστεως
2755 2432 2850 2483 τοῦ
2884 2434 2939 2484 ὲν
2970 2431 3143 2498 ἁγίοις
3184 2431 3479 2483 Φλαϐιανοῦ
3526 2429 4063 2497 ἀναγινωσκομένης,

2495 2525 2553 2576 ὲν
2702 2522 3027 2591 ἐγέγραπτο,
3063 2522 3168 2574 Ἐκ
3205 2521 3314 2574 δύο
3353 2522 3591 2588 φύσεων
3654 2518 4068 2586 ὁμολογοῦμεν

2497 2610 2649 2667 εἷναι
2679 2616 2785 2667 τὸν
2813 2615 3068 2679 Χριστὸν
3114 2614 3260 2682 μετὰ
3307 2614 3422 2679 τὴν
3455 2610 3940 2677 ἐνανθρώπησιν,
4002 2609 4072 2659 ἐν

2492 2702 2599 2773 μιᾷ
2636 2702 2988 2765 ὑποστάσει,
3030 2704 3100 2753 ἐν
3151 2704 3242 2755 ἑνὶ
3276 2704 3594 2770 προσώπῳ,
3648 2703 3756 2753 ἕνα
3790 2700 4066 2765 Χριστὸν,

2498 2794 2605 2847 ἕνα
2642 2794 2778 2846 Υιὸν
2806 2794 3264 2861 ὁμολογοῦντες,
3315 2798 3347 2863 ἡ
3400 2794 3614 2854 σύνοδος
3644 2792 3933 2858 ἐξεϐόησεν
3975 2791 4070 2839 αι-

2500 2884 2628 2944 τούς
2662 2901 2720 2934 τε
2755 2885 2896 2935 οὕτω
2925 2886 3139 2951 φρονεῖν
3164 2883 3256 2934 καὶ
3281 2884 3387 2934 τῶν
3425 2884 3681 2951 Πατέρων
3712 2881 3895 2931 πίστιν
3932 2876 4070 2929 εἶναι

2499 2977 2702 3043 ταύτην
2735 2975 3079 3027 ἐπίστασθαι.
3116 2975 3237 3035 Πῶς
3263 2973 3352 3024 οῦν
3378 2975 3404 3040 ἶ,
3435 2973 3604 3024 ταῦτα
3631 2973 3867 3037 λέγουσα
3896 2971 3929 3037 ῆ
3958 2971 4071 3019 Ku-

2506 3068 2667 3138 ρί).λῳ
2712 3067 2961 3133 μάχεται,
3014 3068 3045 3134 ἢ
3084 3067 3206 3127 τοὺς

2506 3160 2717 3227 φύσεων
2752 3160 3191 3227 ἀποστρέφεται;
3220 3159 3401 3209 Ταῦτα
3440 3158 3721 3219 διεξελθὼν
3754 3158 3793 3184 ⁸⁷
3829 3159 3854 3206 ὁ
3882 3156 4071 3223 ἱεραρ-

3281 3066 3536 3131 λέγοντας
3580 3063 3815 3123 εὐσεϐῶς
3877 3064 3944 3112 ἐκ
3982 3062 4073 3111 δύο

838 3270 939 3325 χης
978 3253 1253 3318 Εύλόγιος,
1290 3254 1383 3303 καὶ
1414 3252 1735 3321 παραίνεσιν
1768 3250 1904 3319 πρὸς
1968 3250 2161 3303 ἕνωσιν
2212 3249 2673 3319 ἐκκλησιαστικὴν
2704 3251 2829 3311 τοὺς
2899 3249 3191 3311 διεστῶτας
3252 3247 3670 3318 παρακαλοῦσαν
3736 3248 3849 3307 τοῖς
3921 3247 4076 3314 εἰρη-

840 3350 1020 3417 μένοις
1052 3348 1281 3409 ἐττιοεὶς,
1314 3352 1547 3417 περατοῖ
1574 3349 1665 3399 τὸν
1688 3348 1732 3377 ⁵⁸
1768 3347 1947 3412 λόγον.

912 3440 1165 3493 Proxima
1228 3457 1443 3510 quoque
1507 3443 1682 3495 oratio
1742 3453 1927 3497 contra
1990 3441 2481 3506 calumniatoresc

2439 3451 2481 3506 ρ
2584 3435 2693 3486 Kal
2740 3434 2768 3485 ὁ
2803 3433 2998 3501 ἐφεξῆς
3022 3433 3076 3483 δὲ
3110 3432 3264 3497 λόγος
3292 3432 3430 3482 κατὰ
3459 3430 3563 3480 τῶν
3594 3427 3947 3492 συκοφαντῶν
3982 3427 4077 3493 τῆς

840 3530 1295 3586 Chalcedonensis
1326 3534 1511 3601 synodi
1542 3535 1684 3587 serio
1712 3537 1854 3603 agit;
1892 3536 2062 3587 utitur
2090 3549 2217 3587 vero
2240 3534 2400 3584 etiam

845 3623 933 3675 hic
970 3624 1213 3689 exemplo
1257 3624 1521 3685 hominis,
1567 3640 1671 3691 quo
1721 3627 1806 3691 pie
1850 3640 1976 3676 usus
2021 3634 2101 3676 est
2149 3622 2400 3690 Cyrilhis,

843 3713 1005 3779 impie
1036 3729 1159 3766 vero
1183 3730 1377 3766 novum
1404 3713 1530 3780 quid
1562 3713 1784 3779 profert.
1816 3714 2023 3766 Asserit
2050 3728 2207 3764 unam
2250 3721 2407 3763 natu-

846 3818 959 3855 ram
988 3806 1053 3855 de
1090 3803 1325 3864 Christo,
1358 3803 1806 3871 quemadmodum
1839 3814 1893 3855 et
1926 3804 1989 3855 de
2031 3804 2247 3855 homine
2276 3802 2403 3853 dici.

844 3894 961 3945 Nisi
988 3905 1253 3960 quatenus
1288 3910 1385 3961 pro
1418 3896 1612 3962 pietate
1646 3896 1773 3960 agit,
1805 3905 1992 3945 contra
2034 3894 2200 3959 ipsam
2237 3894 2408 3958 magis

849 3998 1070 4055 pugnat,
1105 3986 1233 4039 licet
1262 4003 1365 4039 non
1399 3987 1616 4041 sentiat.
1652 3987 1863 4037 Asserit
1896 3986 2037 4036 enim
2071 3986 2135 4037 de
2167 3985 2407 4037 dissimi-

848 4085 986 4138 libus
1010 4086 1271 4152 partibus,
1297 4096 1462 4137 totum
1499 4086 1726 4149 partium
1758 4085 2064 4136 nominibus
2099 4100 2201 4136 non
2230 4080 2409 4136 nomi-

849 4176 988 4237 nari,
1012 4176 1106 4228 sed
1138 4176 1351 4242 propria
1378 4175 1732 4242 appellatione
1764 4175 2001 4241 agnosci.
2052 4173 2107 4227 Si
2135 4189 2261 4225 vero
2285 4174 2408 4233 hoc,

848 4264 1009 4317 unius
1040 4279 1161 4317 esse
1189 4273 1541 4330 cognoscetur
1576 4272 1799 4321 natum,
1841 4262 2066 4313 haeresis
2100 4260 2178 4312 sic
2208 4261 2411 4326 captio-

849 4368 972 4406 nem
1024 4354 1206 4406 nectit.
1255 4350 1352 4404 llic
1398 4365 1528 4404 vero
1596 4350 1755 4403 Verbi
1820 4350 2114 4416 discipulus
2158 4347 2411 4414 Eulogius

850 4444 1305 4512 vaniloquentiam
1356 4442 1498 4494 illius
1533 4443 1859 4509 redarguens
1904 4440 2121 4492 Patrum
2172 4440 2414 4492 testimo-

850 4536 978 4597 niis,
1000 4535 1229 4587 ostendit
1262 4533 1474 4600 preprie
1498 4540 1551 4583 et
1586 4547 1710 4583 vere
1738 4546 1899 4583 unum
1924 4530 2205 4581 Dominum
2229 4528 2410 4581 Jesuni

850 4627 1124 4680 Christum
1163 4636 1216 4677 et
1252 4624 1416 4676 Deum
1452 4622 1705 4690 appellari
1740 4630 1793 4675 et
1827 4621 2118 4674 lmininom.
2157 4622 2334 4685 Quare
2366 4622 2411 4673 si

854 4718 906 4769 in
940 4718 1139 4784 quibus
1165 4726 1333 4769 totum
1363 4715 1592 4783 partium
1619 4714 1835 4766 nomina
1867 4728 1969 4766 non
1995 4712 2205 4779 recipit,
2242 4727 2413 4780 neque

2506 3529 2562 3578 ὲν
2594 3525 2897 3594 Καλχηδόνι
2953 3523 3168 3574 συνόδου
3203 3522 3301 3589 τὴν
3332 3521 3566 3586 σπουδὴν
3615 3520 3748 3584 ἔχει.
3802 3516 4077 3582 Γυμνὰζει

2505 3621 2560 3671 δὲ
2588 3617 2865 3669 κάνταῦθα
2885 3616 2943 3666 τὸ
2976 3615 3115 3667 κατὰ
3152 3614 3242 3664 τὸν
3293 3612 3579 3678 ἄνθρωπον
3616 3610 4002 3677 παράδειγμα,
4036 3602 4077 3672 ᾧ

2507 3711 2773 3777 κέχρηται
2809 3709 2906 3775 μὲν
2954 3706 3221 3771 Κύριλλος
3246 3704 3507 3765 εὐσεϐῶς,
3563 3701 3828 3769 προφέρει
3861 3700 3916 3751 δὲ
3958 3700 4080 3751 δυσ-

2510 3803 2679 3864 σεϐῶς
2707 3802 2766 3852 τὸ
2790 3798 3085 3865 ἀλλόφυλον
3113 3814 3127 3826 ·
3164 3796 3428 3865 προφέρει
3452 3796 3559 3864 γὰρ
3593 3796 3677 3844 ἵνα
3722 3793 3853 3859 μίαν
3910 3792 4075 3857 φύσιν

2509 3894 2600 3945 ἐπὶ
2630 3891 2885 3959 Χριστοῦ,
2929 3890 3120 3956 ὥσπερ
3160 3888 3253 3939 καὶ
3286 3887 3377 3939 ἐπὶ
3408 3887 3499 3938 τοῦ
3556 3885 3869 3954 ἀνθρώπου,
3929 3884 4081 3949 λέγε-

2511 3985 2635 4036 σθαι
2665 3980 2986 4050 δογματίσῃ.
3024 3980 3168 4049 Πλὴν
3191 3978 3249 4042 ἐξ
3291 3970 3365 4031 ὧν
3415 3978 3551 4042 ὑπὲρ
3599 3976 3698 4043 τῆς
3754 3972 4083 4033 ἀσεϐείας⁴⁹

2512 4074 2821 4136 σπουδάζει,
2852 4071 2972 4124 κατ’
3002 4072 3168 4141 αὐτῆς
3202 4070 3421 4140 μᾶλλον,
3472 4067 3572 4119 κᾶν
3596 4067 3693 4117 οὐκ
3730 4064 3829 4134 ἔχῃ
3857 4062 3957 4131 τὴν
3995 4061 4083 4112 αἷς

2513 4168 2723 4235 σΟησιν,
2755 4162 3109 4228 ἐξοπλίζεται.
3153 4162 3315 4228 Λέγει
3371 4160 3479 4227 γὰρ
3528 4158 3607 4219 ὡς
3673 4156 3768 4207 ἐπὶ
3822 4153 3934 4204 τῶν
3993 4153 4086 4203 ἀν-

2531 4256 2877 4325 ομοιομερῶν
2898 4255 2957 4305 τὸ
3005 4253 3123 4304 ὅλον
3166 4255 3285 4313 ταῖς
3332 4250 3439 4302 τῶν
3474 4248 3653 4318 μερῶν
3691 4243 4085 4315 προσηγορίαις

2512 4349 2610 4397 οὐκ
2646 4344 2989 4414 ὀνομάζεται,
3024 4342 3137 4394 ἀλλ’
3174 4338 3453 4409 ίδιαζούσῃ
3488 4337 3678 4405 κλήσει
3707 4333 4046 4401 γνωρίζεται
4070 4346 4083 4357 ⁸

2514 4438 2636 4490 εἰδὲ
2656 4436 2834 4499 τοῦτο,
2886 4436 2980 4486 καὶ
3010 4435 3135 4502 μιᾶς
3186 4432 3564 4499 γνωσθήσεται
3602 4428 3839 4495 φύσεως.
3886 4425 3951 4476 Ἦ
3988 4423 4086 4492 μὲν

2515 4531 2725 4599 αἵρεσις
2754 4528 2894 4580 οὕτω
2912 4526 3215 4595 συμπλέκει
3237 4524 3296 4575 τὸ
3322 4525 3582 4589 σόφισμα,
3615 4522 3644 4571 ὁ
3694 4519 3750 4571 δὲ
3780 4517 3876 4568 τοῦ
3912 4518 4090 4581 Λόγου

2519 4622 2763 4691 μαθητὴς
2786 4619 3039 4686 Εὑλόγιος
3065 4619 3124 4668 τὸ
3152 4616 3512 4685 ματαιολόγον
3547 4610 3717 4677 αὐτῆς
3780 4606 4089 4675 ἐξελέγξας,

2517 4714 2811 4782 πατρικαῖς
2854 4711 3187 4761 ἐπιδείκνυσι
3244 4706 3575 4775 μαρτυρίαις
3635 4703 3839 4771 κυρίως
3887 4718 3948 4752 τε
4002 4702 4094 4753 καὶ

855 4824 959 4859 una
996 4808 1285 4865 inducitur.
1318 4806 1369 4858 in
1406 4806 1600 4872 quibus
1634 4813 1802 4855 totum
1834 4804 2064 4870 partium
2097 4802 2409 4869 appellatio-
2443 4798 2484 4851 D
2514 4830 2517 4849 ‹

2443 4798 2484 4851 Ι)
2514 4802 2725 4867 ἀληθῶς
2760 4802 2851 4853 τὸν
2877 4802 2973 4854 ’ένα
3006 4800 3209 4866 Κύριον
3259 4795 3468 4865 Ἰησοῦν
3524 4794 3755 4863 Χριστὸν
3802 4792 3900 4842 καὶ
3961 4790 4093 4841 Θεὸν

855 4911 952 4948 nes
994 4896 1207 4963 pr0prie
1247 4895 1503 4963 suscipit;
1556 4893 1607 4945 in
1656 4893 1741 4947 his
1788 4893 1928 4945 enim
1974 4901 2029 4945 et
2068 4908 2169 4944 una
2221 4902 2413 4945 natura

855 4996 1231 5053 cogiioscctur.

2520 4893 2803 4945 καλεῖσθαι
2842 4895 2932 4945 καὶ
2963 4891 3271 4960 ἄνθρωπον,
3305 4887 3442 4939 ὥστε
3462 4887 3509 4937 εἰ
3544 4886 3627 4952 ἐφ’
3658 4878 3731 4937 ὧν
3766 4884 3825 4935 τὸ
3844 4882 3968 4935 ὅλον
4000 4882 4094 4941 τὰς

2520 4988 2627 5038 τῶν
2654 4989 2697 5019 ⁵ο
2734 4986 2915 5057 μερῶν
2946 4982 3317 5055 προσηγορίας
3372 4982 3433 5033 ού
3463 4980 3697 5048 δέχεται,
3731 4977 3842 5028 οὐδ’
3903 4978 3938 5044 ἡ
3994 4975 4089 5044 μία

858 5078 1253 5142 συνεισάγεται,
1286 5076 1368 5143 ἐφ’
1392 5069 1542 5127 ὧντὸ
1561 5075 1680 5128 ὅλον
1708 5077 1751 5107 δι
1787 5076 1891 5127 τῶν
1924 5074 2103 5143 μερῶν
2134 5074 2232 5134 τὰς
2268 5075 2489 5145 κλήσεις
2557 5079 2759 5149 κυρίως
2831 5078 3167 5146 ἀναδέχεται,
3223 5075 3308 5125 ἐπ’
3365 5072 3591 5125 ἐκείνων
3646 5070 3689 5100 ⁶¹
3727 5069 3825 5119 καὶ
3885 5069 3920 5135 ἠ
3990 5066 4094 5135 μία

858 5166 1019 5234 φύσις
1057 5166 1588 5235 συνθεωρηθήσεται.

926 5263 1103 5326 Quare
1157 5264 1369 5329 sapiens
1426 5273 1612 5315 auctor
1672 5261 1887 5313 adducit
1938 5262 2116 5315 divum
2154 5261 2411 5329 Cyrillum

859 5355 1091 5421 seipsuin
1149 5354 1548 5415 eluciduntem,
1621 5355 1886 5421 quomodo
1960 5355 2153 5423 2760
2216 5365 2270 5407 et
2326 5372 2415 5407 cur

861 5445 1105 5512 exemplo
1140 5447 1374 5499 hominis
1404 5461 1530 5498 usus
1560 5444 1646 5497 sit.
1682 5443 1965 5497 Theodoro
1995 5446 2134 5497 enim
2170 5442 2415 5510 Mopsue-

2603 5262 2662 5314 'O
2705 5262 2884 5329 μέντοι
2914 5276 2976 5326 γε
3008 5261 3167 5326 σοφὸς
3194 5253 3543 5323 συγγραφεὺς
3571 5249 3920 5318 παράγειτὸν
3956 5247 4095 5313 ἱερὸν

2524 5353 2794 5420 Κύριλλον
2825 5350 3200 5421 έρμηνεύοντα
3251 5346 3464 5410 ἑαυτὸν,
3490 5344 3635 5404 ὅπως
3684 5341 3778 5392 καὶ
3827 5340 3914 5406 ἐφ’
4019 5336 4095 5403 τῷ

2523 5444 2665 5498 κατὰ
2696 5445 2785 5495 τὸν
2815 5442 3095 5512 ἄνθρωπον
3145 5440 3417 5509 ἐχρήσατο
3474 5432 3910 5502 παραδείγματι.
3966 5428 4092 5478 Θεο-

2110 5605 2342 5659 γΑιιιίΕ
2383 5602 2785 5658 LECTIONES.

960 5720 1001 5750 “
1040 5717 1274 5773 οῦνηιΙιΙ.
1314 5721 1374 5770 Δ.
1482 5720 1523 5749 ⁸³
1576 5729 1628 5769 et
1713 5718 1875 5779 inira,
1925 5718 2091 5769 Χαλκ.
2128 5719 2184 5769 li.

865 5792 907 5843 Α
1008 5792 1049 5820 ³⁷
1078 5790 1323 5850 ἀσεϐείας
1366 5806 1466 5856 mg.
1500 5807 1511 5841 :
1556 5790 1671 5842 libri
1707 5788 2001 5849 εύσεῢείνς.
2076 5790 2120 5819 ⁵¹³
2161 5790 2255 5849 τὰς
2292 5787 2420 5839 τῶν.

2317 5716 2360 5745 ⁸⁸
2384 5717 2448 5767 ὲκ
2475 5714 2567 5766 δύο
2595 5711 2905 5780 δογματίζει
2944 5727 3004 5780 ς.

3078 5709 3122 5738 ⁵⁷
3154 5705 3325 5759 ταῦτα
3353 5704 3409 5757 δὲ
3457 5703 3588 5767 διεξ.
3629 5719 3688 5765 ς.
3771 5699 3818 5729 ⁸⁸
3849 5700 3941 5751 τὸν
3967 5694 4092 5750 add.

2497 5788 2537 5816 ⁶¹
2571 5786 2629 5837 τὸ
2658 5770 2780 5837 δλον
2808 5770 2913 5837 oin.
2942 5770 3002 5833 Β.
3083 5778 3125 5808 ¹¹
3154 5775 3376 5828 ἐκείνων
3412 5774 3519 5843 γὰρ
3573 5772 3666 5825 καὶ
3714 5770 3748 5837 ἡ
3797 5786 3857 5832 ς’
