4208 6442
166 429 291 491 1053

1130 426 1647 488 BIBLIOTHECA.
1686 453 1751 464 -
1788 428 1951 489 COD.
1995 429 2261 493 CCXXX.

3215 430 3349 500 ισει

159 542 323 610 δώρου
363 539 470 609 γὰρ
497 539 588 592 τοῦ
611 540 984 608 Μοψουεστίας
1012 540 1072 599 τὸ
1113 542 1251 594 κατά
1272 542 1362 593 τὸν
1412 541 1695 610 ἄνθρωπον
1724 547 1768 603 Α
1797 557 1821 596 s

1686 558 1695 590 ι
1724 547 1768 603 Α
1797 542 1912 597 stis:
1938 542 2229 597 humanum
2255 545 2565 612 exemplum
2587 544 2972 609 calumnlante,
3003 555 3062 601 ut
3085 560 3189 600 non
3218 562 3348 602 con-

161 632 582 693 ὲνδιαῦἁλλοντος
626 631 972 701 παράδειγμα
1016 632 1091 694 ὡς
1139 633 1383 700 ὑπάρχον
1440 632 1517 700 τῷ
1557 632 1698 684 κατά
1800 650 1823 686 v

1688 649 1698 684 ι
1800 636 2020 689 veniens
2042 634 2237 688 Christi
2270 638 2542 703 mysterio,
2566 638 2645 692 sic
2672 646 2726 691 et
2758 638 2810 691 in
2841 638 2985 692 dicto
3019 647 3162 691 tomo
3202 636 3222 690 Ι
3269 653 3350 693 re-

161 722 384 789 Χριστὸν
415 720 693 790 μυστηρίῳ
733 720 1085 790 ἀνάρμοστον,
1110 721 1279 783 οὕτως
1308 725 1367 774 ἐν
1425 722 1501 791 τῷ
1543 722 1697 789 λεγο-

1800 734 2000 793 pugnat
2019 722 2277 792 Cyrillus:
2303 722 2477 777 Unum
2507 735 2555 777 et
2586 727 2820 779 eumdem
2844 743 2953 779 esse
2969 726 3351 795 cognoscimus,

162 813 306 883 μένῳ
336 815 537 882 πρώτῳ
565 815 714 881 τόμῳ
753 813 1116 881 ἀνθυποφέρει
1166 817 1195 868 6
1221 814 1481 881 Κύριλλος
1507 831 1519 842 ·
1554 814 1700 865 Ἕνα
1799 830 1824 866 e

1686 832 1700 865 ι
1799 824 1843 866 et
1864 829 1891 866 e
1921 812 2024 866 Deo
2056 812 2216 867 Patre
2254 814 2425 867 divine
2456 822 2503 867 et
2526 831 2552 867 e
2572 816 2785 868 muliere
2808 818 3095 869 secundum
3119 830 3348 868 carnem.

158 905 255 956 καὶ
306 905 412 957 τὸν
459 905 645 956 αὑτὸν
698 904 841 954 ὄντα
888 903 1254 971 γινώσκομεν
1306 904 1401 956 καὶ
1452 904 1519 956 ἐκ
1554 905 1699 958 Θεοῦ

160 996 385 1061 Πατρδς
417 993 620 1058 θεῑκῶς
673 993 797 1062 1857
833 994 920 1065 IL]
964 994 1061 1045 xui
1093 995 1161 1047 ἐκ
1218 995 1499 1061 γυναικὸς
1552 994 1703 1046 κατὰ

156 1084 353 1149 σάρκα
385 1100 397 1111 ·
455 1084 785 1149 κεχρήμεθα
834 1084 901 1135 δὲ
963 1083 1033 1150 τῇ
1080 1084 1187 1136 τοῦ
1232 1084 1702 1152 παραδείγματος

156 1176 344 1241 χρείᾳ,
380 1175 697 1242 τηροῦντες
726 1175 1031 1241 πανταχοῦ
1060 1173 1131 1241 τῇ
1176 1174 1384 1227 ἑνώσει
1431 1175 1497 1226 τὸ
1539 1174 1704 1228 ἀδιά-

157 1282 459 1330 σπαστον,
539 1267 637 1319 καί
695 1269 808 1329 τὴν
888 1267 1178 1333 διαίρεσιν
1248 1268 1704 1337 παρωθούμενοι.

168 1358 417 1420 ’Λκούεις
446 1358 531 1426 ἐφ’
560 1353 603 1426 ᾧ
625 1360 669 1391 ⁵³
704 1359 966 1429 Κύριλλος
1000 1358 1412 1428 παραλαμϐάνει
1448 1360 1508 1412 τὸ
1530 1361 1708 1430 παρά-

154 1450 386 1518 δειγμαο
419 1452 479 1502 οὺ
532 1450 639 1520 γὰρ
679 1451 767 1504 ἵνα
815 1453 878 1504 σὺ
945 1452 1070 1518 μίαν
1133 1454 1227 1504 τοῦ
1272 1452 1504 1523 Χριστοῦ
1550 1454 1710 1521 φύσιν

158 1538 291 1608 {452
326 1537 416 1609 IL]
456 1539 867 1609 καινολογήσῃς,
900 1539 1011 1591 ἀλλ’
1056 1540 1141 1591 ἵνα
1182 1538 1452 1609 Θεόδωρος
1482 1538 1574 1592 καὶ
1604 1539 1711 1591 Νε-

159 1630 815 1699 στὸριοςκαταισχυνθῶσι
845 1632 910 1699 τῇ
939 1630 1030 1682 τοῦ
1056 1630 1493 1700 παραδείγματος
1527 1630 1705 1699 χρείᾳ,

157 1721 452 1791 τηροῦντος
476 1721 570 1773 τοῦ
608 1720 751 1790 ίεροῦ
783 1720 1047 1789 Κυρίλλου
1088 1724 1156 1791 τῇ
1204 1721 1392 1774 ὲνώσει
1445 1720 1507 1773 τὸ
1538 1721 1713 1789 ἄτμη-

1803 902 1845 955 U
1855 904 2012 956 timur
2040 916 2210 957 autem
2242 905 2504 972 exemplo,
2539 918 2796 958 servantes
2820 907 3006 974 ubique
3036 907 3226 959 unione
3266 921 3352 957 m-

1802 992 2080 1055 divulsum,
2106 993 2405 1045 divisionem
2430 993 2736 1059 rejicientes.
2764 994 2931 1046 Audis
2952 997 3093 1046 unde
3115 993 3352 1062 Cyrillus

1802 1086 2101 1151 exemplum
2133 1096 2348 1136 sumat:
2389 1099 2492 1137 non
2523 1089 2665 1137 enim
2702 1094 2759 1138 ut
2789 1095 2841 1138 tu
2866 1101 3025 1138 unam
3057 1086 3113 1139 in
3137 1085 3356 1140 Christo

1803 1183 2048 1227 naturain
2075 1189 2208 1227 nove
2230 1174 2416 1242 ﬁngas,
2442 1190 2624 1228 verum
2657 1185 2717 1229 ut
2740 1173 3056 1229 Theodorus
3082 1184 3138 1229 et
3163 1173 3354 1228 Nesto-

1808 1266 1918 1318 rius
1958 1265 2229 1334 pudeliant
2267 1265 2495 1333 exempli
2545 1281 2641 1319 usu
2686 1273 2933 1319 servante
2959 1266 3117 1319 beato
3159 1265 3360 1336 Cyrillo

1808 1356 2004 1408 unione
2055 1356 2309 1409 sectionis
2357 1370 2546 1423 expers
2591 1366 2647 1410 et
2699 1357 3044 1411 indivnlsum.
3099 1357 3177 1411 Tu
3231 1372 3361 1411 vero

1809 1444 2031 1500 forsitan
2071 1446 2370 1513 exemplum
2396 1456 2633 1510 secutus,
2662 1463 2832 1517 neque
2861 1448 3025 1503 Deum
3054 1464 3227 1518 neque
3259 1449 3359 1503 ho—

1810 1538 2007 1591 minem
2031 1538 2245 1606 proprie
2267 1539 2446 1592 dicere
2475 1540 2745 1593 sustineas
2773 1541 3020 1593 eumdem
3052 1540 3360 1594 Christum?

1810 1628 1940 1693 Quia
1969 1644 2140 1699 neque
2171 1631 2329 1683 homo
2349 1629 2678 1697 exemplum,
2706 1645 2877 1699 neque
2900 1646 3093 1700 corpus
3119 1632 3357 1700 proprie,

1813 1734 1984 1789 neque
2003 1720 2204 1783 anima,
2233 1722 2277 1775 si
2303 1736 2462 1791 cogas
2491 1736 2612 1775 eum
2644 1724 2755 1774 hmo
2781 1722 2959 1775 dicere
2983 1740 2998 1775 :
3026 1723 3366 1790 quandoqui-

157 1812 254 1864 τόν
287 1829 345 1864 τε
376 1813 469 1864 καὶ
498 1812 883 1866 ἀδιάσπαστον.
937 1814 1006 1865 Σὺ
1042 1813 1087 1864 δ’
1137 1814 1265 1875 ίσως
1298 1811 1603 1865 ἀκολουθῶν
1632 1810 1709 1882 τῷ
1741 1839 1782 1892 Β
1811 1831 1819 1862 ι

1701 1830 1709 1861 ι
1741 1839 1782 1892 Β
1811 1811 1929 1864 dem
1959 1812 2026 1865 de
2054 1812 2248 1865 unione
2285 1811 2541 1867 ineffabili
2574 1813 2625 1865 in
2657 1812 2893 1874 Christo,
2922 1812 3063 1866 unde
3090 1814 3203 1881 ipse
3234 1828 3363 1866 con-

161 1904 712 1971 παραδείγματιοὺδὲ
738 1904 870 1956 Θεὸν
895 1905 1015 1957 οὐδὲ
1054 1903 1337 1971 ἄνθρωπον
1372 1903 1574 1972 κυρίως
1634 1904 1711 1955 εί-

161 1996 293 2046 πείν
324 1994 580 2062 ἀνάσχοιο
606 1995 672 2047 ἂν
702 1994 792 2047 τὸν
842 1994 1092 2065 Χριστὸν,
1144 1994 1276 2047 διότι
1299 1995 1418 2047 οὐδὲ
1451 1995 1479 2045 6
1508 1993 1707 2063 ἀνθρω-

163 2098 292 2146 πος,
317 2082 381 2134 τὸ
400 2083 769 2153 παράδειγμα,
805 2083 924 2135 οὔτε
952 2084 1106 2155 σῶμα
1133 2085 1335 2152 κυρίως
1363 2084 1484 2137 οὔτε
1542 2084 1710 2156 ψυχὴ,

158 2178 208 2226 εί
235 2174 287 2206 ⁸⁸
307 2174 538 2244 ὲκὸιάσῃ
565 2174 735 2229 ταῦτα
764 2176 942 2245 λέγειν
970 2178 1147 2240 αὐτὸν,
1176 2177 1306 2229 διότι
1328 2177 1417 2230 ἐπὶ
1439 2178 1539 2247 τῆς
1569 2178 1710 2231 κατὰ

161 2268 406 2336 Χριστὸν
430 2268 738 2339 ἀπορρήτου
761 2270 1025 2333 ἑνώσεως,
1059 2270 1117 2333 ἐξ
1136 2266 1210 2325 ὧν
1227 2271 1385 2333 αὐτὸς
1414 2271 1715 2339 σύγκειται,

158 2358 341 2411 ταῦτα
370 2359 585 2429 κυρίως-
606 2360 841 2427 λέγεται.
867 2363 940 2413 Οὐ
968 2362 1167 2425 τοίνυν,
1209 2364 1311 2417 κᾶν
1349 2365 1377 2416 6
1436 2362 1718 2435 ἄνθρωπος

163 2456 302 2522 μιᾶς
331 2454 542 2521 λέγοιτο
571 2456 803 2523 φύσεως,
840 2457 1013 2519 οὐδεὶς
1060 2456 1375 2520 ἀκολουθίας
1427 2459 1718 2526 ἀπαιτήσει

158 2548 329 2612 λόγος
363 2548 459 2599 καὶ
508 2546 599 2599 τὸν
659 2547 889 2614 Χριστὸν
923 2548 1051 2617 μιᾶς
1109 2548 1374 2617 ὑπάρχειν
1427 2549 1514 2600 διὰ
1563 2546 1723 2600 τοῦτο

159 2639 409 2706 φύσεως.
442 2639 531 2690 Διὸ
554 2638 646 2690 καὶ
672 2638 934 2708 Κύριλλον
960 2639 1004 2671 ⁸⁸
1028 2639 1117 2690 τὸν
1144 2638 1438 2707 θαυμάσιον
1468 2639 1595 2707 μίαν
1626 2639 1722 2708 μὲν

156 2732 256 2780 τὸν
306 2728 591 2799 ἄνθρωπον
640 2727 802 2795 φύσιν
858 2729 1112 2797 εὑρήσεις
1178 2728 1423 2797 λέγοντα,
1489 2729 1617 2799 μίαν
1666 2730 1724 2782 δὲ

159 2818 333 2885 φύσιν
363 2818 580 2868 εἰπόντα
604 2818 697 2869 τοῦ
737 2819 969 2885 Χριστοῦ
1001 2819 1098 2869 οὐκ
1132 2818 1196 2869 ἂν
1238 2820 1514 2888 φωράσῃς.
1562 2818 1621 2869 Εί
1666 2817 1724 2869 δέ

158 2925 250 2970 τις
278 2907 376 2960 δύο
405 2907 595 2975 φύσεις
616 2908 847 2960 δέδοικεν
871 2911 1061 2969 είπεῖν,
1101 2908 1185 2959 ἵνα
1214 2908 1287 2977 μὴ
1305 2907 1565 2977 διαίρεσιν
1600 2925 1725 2959 συν-

158 2997 389 3067 εισάξῃ,
442 2997 655 3065 πρῶτον
687 2999 785 3066 μὲν
823 2997 994 3059 οὔτως
1023 2997 1207 3058 ἁπλῶς
1240 2996 1373 3065 μηδὲ
1404 2996 1608 3063 λεγέτω
1636 2997 1728 3049 δύο

162 3091 390 3159 φύσεις,
416 3089 753 3158 προστιθέτω
784 3088 919 3140 δὲτὸ
947 3088 1267 3158 ἀδιαίρετον,
1299 3084 1415 3139 εἶτα
1442 3086 1729 3155 συνομολο-

1814 1911 1954 1969 stat,
1994 1904 2215 1973 preprie
2245 1905 2357 1957 haec
2385 1904 2658 1959 dicuntur.
2704 1903 2816 1958 Non
2853 1904 3013 1974 igitur
3040 1905 3165 1957 licet
3207 1906 3368 1959 homo

1815 1994 1972 2048 unius
2027 1996 2233 2049 dicatur
2298 2005 2548 2058 naturae,
2610 1996 2714 2049 ulla
2770 1998 3169 2065 consequentia:
3228 1997 3367 2049 ratio

1814 2087 2010 2154 exiget,
2041 2096 2091 2139 et
2128 2086 2401 2141 Christum
2430 2087 2592 2141 unius
2635 2102 2756 2142 esse
2782 2089 2899 2142 ideo
2935 2099 3157 2142 natura.
3189 2087 3370 2154 Quare

1815 2187 1868 2229 et
1894 2173 2259 2231 admirandum
2284 2178 2427 2231 illum
2455 2177 2734 2247 Cyrillum,
2764 2195 2921 2233 unam
2951 2181 3166 2249 quidem
3198 2180 3372 2234 homi-

1818 2283 1939 2321 nem
1977 2278 2304 2322 asserentem
2350 2278 2594 2321 naturam
2647 2268 2905 2331 invenies,
2952 2285 3109 2322 uuam
3143 2284 3268 2323 vero
3289 2269 3373 2322 di-

1817 2369 2026 2412 centem
2058 2360 2257 2414 Christi
2282 2374 2386 2412 non
2421 2359 2809 2428 deprehendes.
2845 2358 2901 2413 Si
2934 2374 3061 2413 vero
3092 2360 3225 2413 duas
3251 2358 3373 2426 quis

1819 2463 2036 2506 naturas
2065 2461 2267 2505 metuat
2290 2452 2488 2514 dicere,
2518 2467 2583 2504 ne
2611 2450 2926 2505 divisionem
2956 2451 3211 2503 inducat:
3257 2450 3369 2516 pri-

1822 2560 1967 2596 munt
2000 2544 2215 2613 quidem
2260 2544 2394 2597 adeo
2436 2542 2791 2611 simpliciter,
2835 2557 3007 2610 neque
3051 2542 3193 2595 dicat
3240 2542 3374 2595 duas

1821 2643 2073 2698 naturas,
2120 2643 2352 2701 apponat
2398 2646 2525 2685 vero
2564 2632 2841 2695 iudivisas,
2870 2631 3062 2683 deinde
3112 2629 3373 2684 conﬁtea-

1825 2736 1909 2777 tur
1934 2733 1987 2778 et
2013 2740 2168 2776 unam
2200 2723 2589 2793 hypostaticam
2615 2736 2920 2790 personam,
2948 2731 3004 2775 et
3028 2736 3188 2774 unam
3213 2722 3381 2790 hypo-

1825 2816 1995 2870 stasin
2020 2834 2032 2868 :
2062 2824 2154 2868 aut
2190 2815 2401 2868 illorum
2432 2814 2566 2877 loco,
2607 2814 2651 2866 si
2682 2815 2801 2881 quis
2834 2813 2995 2876 volet,
3026 2827 3187 2865 uuam
3215 2812 3378 2866 Verbi

1826 2918 2067 2962 naturam
2098 2907 2450 2961 incantatam.
2478 2904 2589 2959 Hoc
2614 2905 2775 2974 igitur
2798 2906 2860 2957 ad
2880 2914 3382 2958 accuratamamus-

1825 3000 1925 3052 sim
1959 2999 2127 3061 dicto,
2160 2996 2393 3067 Cyrillns
2424 3012 2597 3065 neque
2625 2996 3030 3048 accusatoribus
3060 2995 3261 3061 prtehet
3290 3009 3385 3048 oc-

1827 3090 2096 3144 cisionem
2154 3090 2309 3157 quasi
2364 3089 2566 3142 divisas
2619 3088 2819 3141 docens
2877 3098 3118 3141 naturas.
3171 3086 3382 3140 Etenim

163 3180 346 3247 γείτω
370 3180 465 3231 καὶ
490 3179 547 3231 ἓν
568 3180 615 3210 ⁸⁸
651 3179 773 3231 καθ’
802 3178 1092 3231 ὑπόστασιν
1122 3178 1406 3248 πρόσωπον
1459 3178 1554 3230 καὶ
1595 3178 1723 3245 μίαν
1754 3204 1795 3262 C

1754 3204 1795 3262 ρ
1828 3182 2188 3236 Orientalibus
2236 3182 2368 3234 duas
2404 3189 2624 3233 naturas
2663 3179 2995 3245 dicentibus,
3030 3192 3083 3233 et
3115 3180 3236 3233 aliis
3266 3178 3385 3232 illos

161 3270 501 3331 ὑπόστασιν,
526 3267 558 3336 ἦ
588 3267 703 3321 ἀντ’
738 3267 936 3329 αὐτῶν,
986 3268 1033 3318 εί
1064 3266 1240 3335 βούλει
1264 3267 1331 3330 ⁸⁷,
1362 3266 1422 3317 τὸ
1456 3264 1584 3334 μίαν
1634 3264 1727 3318 τοῦ

156 3358 349 3425 Δόγου
386 3357 546 3424 φύσιν
607 3356 1049 3426 σεσαρκωμὲνην.
1091 3354 1274 3407 Ταῦτα
1326 3356 1433 3422 γὰρ
1474 3356 1503 3407 6
1558 3354 1731 3422 λέγων

158 3448 317 3503 κατά
346 3447 438 3499 τδν
475 3445 726 3515 γνώμονα
751 3447 852 3514 τῆς
884 3445 1165 3515 ἀκριὸείας
1216 3444 1481 3514 Κύριλλον
1530 3444 1629 3497 οὑκ
1664 3444 1730 3497 ἂν

158 3540 295 3593 οὐδὲ
328 3537 690 3606 συκοφάνταις
724 3536 991 3604 παράσχοι
1019 3535 1065 3566 ⁸⁸
1100 3534 1269 3603 λαόὴν
1323 3533 1398 3597 ὡς
1463 3534 1730 3604 διαίρεσιν

157 3630 511 3698 δογματίσας
544 3628 650 3679 τῶν
676 3626 912 3694 φύσεων.
946 3625 1052 3678 Καὶ
1087 3624 1195 3696 γὰρ
1224 3625 1315 3677 καὶ
1352 3624 1459 3678 τῶν
1475 3626 1517 3655 ⁸⁸
1543 3627 1732 3678 ἀνατο-

155 3722 345 3775 λικῶν
370 3720 463 3773 δύο
485 3720 673 3788 φύσεις
710 3718 991 3781 εἰπόντων,
1027 3718 1120 3770 καὶ
1152 3720 1505 3784 συκοφαντεῖν
1537 3717 1735 3781 αὐτοὺς

156 3813 619 3884 ὡςδιαιροῦντας
641 3810 841 3880 ἑτέρων
894 3809 1241 3877 κινηθέντων,
1298 3809 1434 3879 πρὸς
1475 3808 1729 3861 Ἀκάκιον

156 3906 429 3975 γράφων,
454 3901 640 3971 ἐπειδὴ
666 3902 801 3970 μετά
832 3900 925 3952 τοῦ
948 3900 1121 3952 εἰπεῖν
1156 3899 1249 3951 δύο
1281 3899 1470 3967 φύσεις
1528 3901 1621 3951 καὶ
1676 3899 1735 3952 τὸ

156 3995 482 4064 ἀδιαίρετον
515 3992 755 4061 συνῆψαν
782 3990 876 4043 καὶ
911 3991 968 4040 ὲν
994 3990 1074 4042 ἑνὶ
1108 3990 1203 4042 καὶ
1234 3990 1310 4057 τῷ
1340 3988 1488 4058 αὐτῷ
1518 3988 1736 4059 Χριστῷ

154 4087 273 4147 τὰς
303 4084 401 4136 δύο
441 4082 630 4149 φύσεις
662 4082 794 4150 ὀρᾷν
823 4079 1203 4149 ὡμολόγησαν,
1253 4080 1417 4132 τέκνα
1468 4080 1563 4149 μὲν
1617 4080 1737 4131 δια-

1830 3270 2203 3324 aecusantibus
2273 3269 2424 3337 quasi
2456 3268 2681 3322 alteram
2722 3270 2789 3322 ab
2812 3269 2976 3323 altera
3023 3271 3283 3333 dividant,
3314 3268 3385 3323 ad

1829 3363 2084 3416 Acacium
2123 3362 2330 3416 scribit.
2360 3361 2585 3427 Quando
2622 3344 2757 3414 duas
2797 3370 3013 3415 naturas
3052 3363 3301 3425 dicendo,
3329 3370 3387 3416 et

1832 3452 2159 3505 individuum
2190 3452 2507 3520 adjuuxere,
2534 3461 2587 3503 et
2619 3452 2669 3504 in
2702 3467 2807 3505 uno
2842 3453 3139 3519 eodemque
3168 3451 3388 3506 Christo

1832 3542 1964 3596 duas
1995 3553 2213 3595 naturas
2241 3557 2300 3595 se
2335 3542 2516 3596 videre
2546 3542 2723 3596 testati
2759 3552 2881 3595 sunt
2910 3561 2924 3595 :
2953 3544 3389 3598 contradicentes

1834 3633 2064 3685 liliornm
2100 3632 2299 3686 diaboli
2328 3633 2447 3686 luco
2477 3642 2645 3686 tenet.
2678 3633 2778 3699 Qui
2811 3646 2935 3685 vero
2966 3634 3106 3687 idem
3148 3634 3393 3687 sentiunt

1840 3724 1981 3791 quod
2028 3721 2351 3783 Orientales,
2380 3722 2707 3789 impossibile
2745 3732 2830 3775 cst
2870 3722 3156 3791 aliquando
3180 3723 3397 3777 divisio-

1835 3830 1955 3867 nem
2001 3814 2269 3867 inducere.
2322 3814 2455 3869 Vide
2499 3814 2662 3867 etiam
2712 3815 3099 3878 Athanasium,
3163 3831 3281 3883 quae
3324 3816 3392 3868 de

1836 3907 2209 3961 incarnatione
2258 3906 2412 3959 Verbi
2465 3907 2707 3961 scribens
2748 3916 2932 3958 contra
2984 3906 3398 3975 Apollinaristas

1836 3998 2075 4066 exponit.
2101 3996 2236 4050 Cum
2263 4000 2405 4050 enim
2435 3997 2565 4051 dicit
2592 4011 2686 4064 per
2736 3996 2928 4066 276!»
2959 4007 3207 4065 utraque,
3238 4011 3397 4050 nemo

1835 4088 2262 4144 Christianorum
2285 4090 2590 4157 suspicatus
2613 4098 2696 4141 est
2720 4102 2814 4154 per
2837 4087 3150 4141 dualitatem
3174 4087 3398 4141 divisio-

155 4177 338 4229 ϐόλον
365 4175 487 4236 τοὺς
525 4172 863 4240 συκοφάντας
907 4172 1214 4238 ἀποφαίνει,
1244 4172 1370 4234 τοὺς
1406 4171 1462 4224 δὲ
1503 4172 1740 4241 διομολο-

1732 4199 1740 4211 ·
1838 4196 1959 4234 netu
1989 4180 2124 4232 ﬁeri.
2158 4178 2293 4232 Dicit
2318 4194 2440 4233 vero
2462 4193 2477 4230 :
2499 4177 2602 4233 Sed
2620 4179 2708 4247 qui
2731 4188 2802 4231 est
2826 4188 3015 4231 natura
3045 4178 3208 4242 Deus,
3242 4193 3394 4246 gene-

153 4267 411 4335 γοῦντας
434 4263 573 4317 κατά
601 4264 663 4316 τδ
688 4262 942 4331 φρόνημα
970 4261 1075 4313 τῶν
1098 4262 1431 4315 ἀνατολικῶν
1480 4262 1739 4316 ἀδύνατόν

1732 4280 1739 4308 ι
1839 4275 1987 4318 ratur
2007 4268 2177 4330 homo,
2201 4276 2256 4319 ut
2284 4277 2499 4335 utraque
2520 4266 2625 4318 sint
2648 4281 2781 4318 unus
2809 4266 3083 4334 perfectus,
3102 4283 3193 4333 per
3212 4266 3394 4319 omnia

152 4374 312 4410 ποτε
343 4355 609 4433 διαίρεσιν
645 4354 903 4420 εἰσάγειν.
959 4354 1099 4422 Ὅρα
1149 4352 1205 4404 δὲ
1237 4354 1331 4405 καὶ
1394 4353 1730 4417 Ἀθανάτων,

1838 4360 1974 4411 idem
2014 4358 2169 4420 Deus,
2197 4366 2245 4410 et
2276 4361 2445 4410 homo.
2487 4357 2591 4411 Sed
2628 4368 2679 4411 et
2716 4355 3005 4426 Gregorius
3038 4368 3396 4425 cognomento

150 4444 269 4501 οἷα
290 4446 421 4516 περὶ
439 4446 534 4514 τῆς
558 4444 1019 4514 ὲνανθρωπήσεως
1041 4442 1133 4495 τοῦ
1154 4443 1329 4510 Λόγου
1348 4444 1571 4511 γράφων
1600 4444 1741 4497 κατά

1736 4463 1741 4496 ι
1840 4448 2139 4517 Theologus
2173 4449 2223 4502 in
2255 4449 2580 4516 Apologetico
2611 4449 2684 4501 ait
2710 4467 2724 4501 :
2756 4447 3155 4520 lloqexinanila
3207 4449 3398 4515 deitas,

146 4545 289 4592 τῶν
321 4535 395 4588 τὰ
450 4534 823 4603 Ἀπολιναρίου
890 4532 1185 4586 νοσούντων
1216 4532 1507 4586 ἐκτίθεται.
1549 4534 1735 4601 Λέγων
1770 4534 1808 4589 D

1734 4554 1735 4565 π
1770 4534 1813 4589 Ι)
1840 4542 1935 4592 hoc
1960 4551 2223 4605 assumpta
2248 4555 2402 4605 caro,
2447 4540 2542 4591 hoc
2575 4555 2704 4592 nova
2738 4539 2907 4591 mistio
2927 4580 2942 4605 ,
2973 4540 3112 4593 Deus
3143 4550 3190 4592 et
3222 4541 3396 4602 homo,

149 4633 291 4701 γὰρ
322 4630 412 4682 διὰ
436 4627 530 4681 τοῦ
558 4629 793 4698 ἑκάτερα
822 4626 883 4678 τὸ
908 4627 1001 4679 δύο
1030 4627 1159 4697 παρ’
1193 4627 1404 4688 οὐδενὸς
1436 4627 1543 4677 τῶν
1581 4627 1737 4678 εὐσε-

146 4723 293 4806 ξῶν
324 4720 567 4786 είσάγειν
596 4720 864 4791 ὑπενοήθη
884 4719 1166 4787 διαίρεσιν.
1196 4718 1357 4784 Λέγει
1391 4717 1448 4768 δέ
1472 4733 1485 4746 ·
1520 4717 1677 4770 Ἀλλ’
1708 4720 1740 4770 d

142 4803 258 4868 ὧν
290 4812 474 4880 φύσει
503 4812 644 4875 Θεὸς
666 4810 941 4880 γεννᾶται
976 4811 1304 4876 ἅνθρωπος,
1337 4810 1437 4861 ἵνα
1474 4803 1558 4874 εἷς
1591 4804 1632 4879 ᾖ
1658 4809 1743 4877 ιτὰ

146 4904 437 4970 ἑκάτερα
464 4902 706 4967 τέλειος,
736 4902 883 4956 κατὰ
908 4902 1103 4954 πάντα
1128 4900 1270 4965 Θεὸς
1303 4899 1401 4951 καὶ
1432 4900 1741 4967 ἅνθρωπος

144 5001 196 5051 ό
233 4986 631 5058 αὐτός-,Καὶὸ
654 4994 912 5061 Θεολόγος
955 4993 1011 5044 δὲ
1056 4991 1349 5061 Γρηγόριος
1386 4992 1443 5042 ὲν
1475 4990 1553 5060 τῷ
1568 4992 1739 5043 Ἀπο-

140 5082 483 5154 ,ιον-ητικῷ
510 5102 639 5154 φησι
664 5101 677 5113 ·
705 5085 884 5139 Τοῦτο
906 5085 943 5150 ἠ
967 5081 1291 5137 κενωθεῖσα
1314 5082 1539 5146 θεότης,
1564 5081 1739 5134 τοῦτο

1844 4650 2002 4684 unum
2043 4647 2070 4683 e
2103 4630 2336 4693 duobus,
2365 4640 2412 4683 et
2451 4646 2541 4697 per
2580 4646 2740 4681 unum
2778 4641 3014 4697 utraque.
3050 4628 3116 4683 Ει
3157 4645 3288 4684 sane
3330 4631 3396 4684 atl

1844 4721 2180 4775 Valerianum
2242 4721 2407 4775 lconii
2475 4722 2782 4789 episcopum
2836 4723 3076 4775 scribens
3127 4722 3396 4793 Cyrillus:

1845 4812 2018 4877 Quare
2060 4828 2123 4865 ea:
2157 4812 2411 4880 confesso,
2451 4813 2653 4880 inquit,
2694 4813 2830 4879 quod
2871 4830 2901 4864 a
2945 4829 3099 4865 carne
3134 4829 3258 4865 caro
3288 4815 3401 4877 fest,

1842 4904 1977 4971 quod
1998 4920 2023 4953 e
2047 4901 2151 4955 Deo
2184 4901 2343 4959 Deus.
2383 4902 2475 4954 Est
2505 4918 2620 4954 vero
2651 4902 2933 4953 secundum
2982 4902 3150 4967 ipsum
3185 4912 3403 4970 utraque

1845 4993 2113 5058 Christus;
2143 5002 2201 5047 ut
2232 5010 2363 5063 ergo
2401 5010 2505 5048 non
2548 4994 2734 5046 dividit
2757 4994 2913 5059 iDeus
2952 5002 3005 5046 et
3051 4994 3208 5046 homo
3237 5008 3402 5046 unum

1845 5084 2155 5147 Chrismm,
2203 5099 2374 5151 neque
2401 5084 2563 5137 dictio
2604 5090 2873 5151 utraque:
2928 5083 3007 5137 sic
3050 5099 3221 5152 neque
3272 5082 3404 5137 illud

141 5180 207 5247 ἠ
256 5175 726 5244 προσληφθεῖσα
783 5175 959 5242 σὰρξ,
1013 5173 1189 5227 τοῦτο
1234 5172 1272 5237 ἠ
1335 5171 1511 5237 καινὴ
1559 5173 1741 5237 μίξις,

1734 5211 1741 5232 ,
1845 5174 1968 5238 duo,
2014 5175 2112 5229 nisi
2138 5174 2277 5242 quod
2315 5174 2551 5227 nonnulli
2588 5190 2808 5228 sensum
2837 5174 3098 5239 dividant,
3136 5190 3234 5228 nec
3265 5173 3396 5227 boui

147 5268 335 5331 Θεὸς
364 5268 463 5319 καί
490 5266 818 5333 ἄνθρωπος,
870 5264 937 5318 ἓν
970 5266 1039 5319 ἐκ
1089 5262 1280 5327 δυοῖν,
1335 5262 1434 5315 καὶ
1489 5260 1562 5329 δι’
1605 5262 1741 5325 ἐνὸς

1418 5262 1434 5313 ί
1489 5260 1562 5329 δι’
1605 5262 1741 5325 ἐνὸς
1846 5266 2041 5319 satoris
2071 5265 2236 5319 ullum
2272 5266 2500 5319 fructum
2537 5267 2776 5333 proferre
2823 5266 3080 5319 valentes.

140 5365 511 5437 ἀμφότερα.
539 5362 644 5416 Ναὶ
663 5362 726 5432 δὴ
748 5363 839 5415 καὶ
858 5362 992 5430 πρὸς
1015 5357 1377 5429 Οὐαλεριανὸν
1401 5358 1491 5410 τὸν
1533 5357 1751 5409 Ἰκονίου
1790 5359 2017 5427 γράφων
2048 5362 2075 5412 ὁ
2136 5360 2420 5431 Κύριλλος,
2445 5361 2680 5414 Οὐκοῦν
2719 5358 3199 5429 ὁμολογουμένως
3262 5359 3398 5427 μὲν.

142 5460 344 5536 φησὶ,
374 5458 442 5511 τὸ
473 5455 592 5511 ἀπὸ
624 5457 852 5525 σαρκὸς
877 5454 1033 5523 σάρξ
1090 5454 1242 5517 ἐστι,
1281 5453 1345 5505 τὸ
1376 5450 1444 5504 δὲ
1474 5450 1541 5504 ἐκ
1570 5451 1715 5505 Θεοῦ
1754 5453 1897 5520 Θεός
1925 5470 1938 5483 ·
1967 5453 2100 5507 ἔστι
2130 5453 2198 5507 δὲ
2234 5454 2382 5508 κατὰ
2413 5455 2633 5508 ταύτὸν
2661 5456 2705 5486 ⁸⁸
2785 5455 3083 5524 ἀμφότερα
3102 5456 3134 5506 ό
3156 5454 3199 5483 ⁸³
3268 5454 3401 5519 Χρι-

1434 5608 1665 5663 νΛῐῖΙᾹΞ
1705 5609 2108 5668 LECTIONES.

252 5734 306 5768 ⁸³
335 5726 381 5801 ᾧ
413 5730 455 5784 Δ
488 5724 601 5783 τῶν
643 5747 731 5801 ςτ
780 5729 826 5761 ’λ
848 5726 917 5801 εἰ]
950 5726 990 5801 ἡ.
1155 5726 1199 5757 ⁵⁸
1232 5725 1496 5801 Ιςόριλλον
1522 5725 1620 5801 μὲν
1643 5726 1732 5780 τόν
1764 5744 1822 5791 ς.
1933 5728 1977 5759 ³⁸
2003 5725 2081 5799 ἓν]
2109 5728 2168 5781 τὸ
2192 5726 2250 5779 ἓν
2278 5727 2340 5783 Α.
2417 5729 2460 5765 ⁸⁷
2498 5725 2734 5795 βούλειτο
2756 5724 2814 5777 τὸ
2837 5741 2895 5789 ς.
2995 5720 3299 5791 “sapiam
3334 5736 3394 5784 ς.

142 5812 214 5843 ⁸ο
264 5796 383 5857 τῶν
424 5801 525 5855 add
550 5801 616 5854 Δ.
695 5800 739 5832 ⁵⁸
768 5796 1092 5851 mensus,
1123 5813 1183 5859 ς’.
1255 5798 1295 5828 ⁸³
1325 5798 1354 5849 6
1378 5811 1485 5851 om.
1518 5799 1581 5849 Δ.
