4208 6442
865 381 1007 447 1055

2014 380 2273 442 PIIOTII
2302 376 2805 440 PATRIARCHI‘I
2857 376 2965 436 (ΣΡ.

3941 360 4074 428 1055

864 495 1032 556 στός.
1060 492 1270 558 Ὠσπερ
1301 488 1391 540 οὑν
1424 487 1483 540 οὑ
1518 488 1703 556 τέμνει
1734 487 1795 541 τὸ
1840 488 1971 552 Θεὸς
2000 492 2093 542 καὶ
2120 490 2405 560 ἄνθρωπος
2441 488 2529 541 τὸν
2554 489 2649 540 ἕνα
2677 484 2929 555 Χριστὸν,
2988 480 3105 535 οῦδὲ
3158 479 3216 531 τὸ
3273 478 3576 547 ἀμφότερα,
3634 475 3752 528 οὐδὲ
3812 476 3876 526 τὸ
3947 479 4075 529 ἑκά-

863 598 1017 651 τεραι
1052 580 1222 641 οὓτως
1249 578 1367 630 οὐδὲ
1396 580 1456 630 τὸ
1489 580 1599 641 δύο.
1630 581 1679 632 εἰ
1709 579 1785 650 μὴ
1817 580 1907 633 τὸν
1937 580 2059 634 νοῦν
2100 583 2290 652 εἴησαν
2315 582 2708 651 ὲκτετμημένοι
2772 577 2915 639 τινὲς
2987 576 3077 626 καὶ
3142 574 3235 627 τοὺ
3312 572 3474 625 καλοῦ
3508 569 3749 638 σπορέως
3777 570 3823 600 ⁸³
3886 570 4074 623 οὑδένα

866 672 1074 741 καρπὸν
1098 671 1258 738 φῦναι
1285 672 1329 701 ⁸³
1364 670 1674 738 δυνάμενοι.

938 766 1015 819 Tu
1063 781 1191 819 vero
1242 764 1373 817 mihi
1420 765 1703 819 considera
1760 767 1957 819 iterum
2014 776 2262 820 novatam
2312 765 2421 832 jam
2451 770 2497 826 Λ

869 854 1133 907 hzeresim.
1166 852 1415 920 (Iyrillus,
1462 852 1555 913 ait,
1586 853 1721 905 duas
1760 848 1979 907 naturas
2016 853 2197 907 dicere
2227 854 2419 905 indivi-

866 958 955 996 sas
984 943 1275 1002 damnavit,
1308 942 1677 994 contradicere
1714 952 1906 1009 putans
1936 943 2175 1010 opinioni
2224 943 2420 997 dicenti

866 1047 1027 1083 unam
1058 1046 1177 1084 esse
1214 1030 1366 1083 Verbi
1401 1031 1731 1082 incarnatam
1760 1041 2047 1094 naturam;
2082 1030 2291 1084 facilius
2327 1046 2422 1083 au-

866 1134 972 1176 tem
1008 1123 1124 1191 ejus
1156 1122 1323 1175 fastus
1350 1121 1615 1187 dejicitur.
1667 1122 1958 1189 Dupliciter
1983 1122 2125 1175 enim
2164 1123 2249 1176 hic
2282 1123 2422 1175 indi-

866 1219 1073 1278 visum,
1112 1228 1167 1269 ut
1217 1218 1370 1279 ct,in
1404 1216 1520 1269 aliis
1581 1231 1693 1269 SlllS
1749 1216 2085 1269 sermonibus
2140 1217 2423 1284 prmdictus

866 1308 1096 1376 scriptor
1118 1308 1369 1368 ostendit,
1392 1317 1447 1357 ut
1469 1317 1707 1373 apparet.
1735 1305 1799 1358 Et
1821 1307 1917 1359 hoc
1942 1307 2158 1374 quidem
2180 1306 2421 1358 Nestorio

866 1398 1120 1458 amicum,
1153 1396 1277 1447 illud
1311 1397 1411 1462 piis
1434 1396 1773 1457 honoratum,
1803 1404 1855 1447 et
1884 1405 2165 1463 propterea
2201 1396 2340 1447 inter
2366 1408 2423 1447 se

866 1496 1092 1537 certant.
1142 1485 1251 1538 lloc
1295 1486 1433 1537 enim
1500 1485 1755 1538 relatione
1796 1485 2119 1549 iudivisuni,
2170 1494 2227 1536 ut
2274 1499 2419 1535 arma

868 1577 1095 1629 Nestorii
1132 1578 1433 1628 excutitur:
1480 1577 1607 1627 illud
1656 1591 1781 1628 vero
1815 1576 2081 1643 hypostasi
2118 1576 2418 1639 indivisum,

864 1666 947 1716 vel
986 1666 1314 1734 hypostatica
1348 1666 1493 1725 unin,
1529 1665 1672 1717 clare
1700 1674 1753 1717 et
1791 1665 2115 1731 pnedicatur
2159 1675 2214 1717 et
2244 1666 2424 1731 expla-

866 1768 1043 1808 natur.
1102 1757 1280 1822 Quare
1326 1760 1460 1810 sicut
1512 1758 1553 1809 si
1611 1758 1732 1823 quis
1788 1757 2036 1809 uuioncm
2095 1756 2145 1808 in
2208 1756 2422 1811 Christo

864 1862 1133 1906 assi‘rens,
1165 1862 1269 1898 non
1304 1856 1514 1913 coaptet
1543 1847 1723 1897 unioni
1754 1848 2089 1914 hypostasin,
2118 1856 2419 1912 suspectum

866 1939 1084 1991 verbum
1118 1939 1328 1991 rt'ddit:
1369 1940 1445 1992 sic
1488 1939 1529 1990 si
1576 1940 1696 2004 quis
1740 1940 1871 1992 duas
1910 1948 2131 1990 naturas
2166 1938 2423 1989 indivisas

866 2031 1081 2092 dixerit,
1104 2045 1203 2080 non
1230 2029 1524 2096 adjuugens
1554 2030 1671 2091 hoc,
1704 2030 1983 2079 secundum
2016 2030 2334 2094 ltypostnsin,
2370 2029 2419 2081 in

2594 760 2665 810 Σὺ
2694 757 2750 809 δέ
2772 774 2859 824 μοι
2887 755 3079 807 σκόπει
3109 752 3269 804 πάλιν
3288 752 3701 819 νεανιευομένην
3728 752 3830 821 τὴν
3850 753 4079 821 αἵρεσιν.

2530 848 2588 896 'O
2620 843 2907 913 Κύριλλος,
2940 841 3093 911 φησὶ,
3126 842 3184 892 τὸ
3204 840 3297 893 δύο
3321 840 3498 906 λέγειν
3525 840 3714 907 φύσεις
3735 843 4083 910 ἀδιαιρέτους

2518 935 2862 1005 ἐξεκήρυξεν,
2905 933 3197 986 ἀντίπαλον
3237 931 3375 983 εἶναι
3425 933 3660 999 νομίζων
3727 936 3795 1001 τῇ
3844 934 4087 1005 λεγούσῃ

2519 1027 2645 1098 δόξῃ
2679 1026 2805 1095 μίαν
2851 1021 2988 1076 εἶναι
3042 1023 3199 1089 φύσιν
3222 1024 3314 1073 τοῦ
3405 1022 3581 1089 Λόγου
3630 1026 4085 1094 σεσαρκωμένην.

2531 1116 2682 1167 Ῥᾶον
2715 1116 2771 1167 δὲ
2808 1115 2977 1181 αὐτῆς
3007 1114 3067 1165 τὸ
3098 1112 3365 1181 φρύαγμα
3421 1113 3845 1166 καταϐάλλεται.
3900 1117 4091 1166 Διττδν

2522 1209 2628 1275 γὰρ
2654 1206 2713 1257 τὸ
2742 1205 3044 1273 ἀδιαίρετον
3070 1203 3368 1267 κάνταῦθα,
3398 1203 3471 1265 ὡς
3496 1205 3589 1256 καὶ
3644 1206 3701 1255 ἐν
3746 1208 3860 1267 τοῖς
3902 1206 4087 1269 ἄλλοις

2521 1298 2683 1351 αὑτοῦ
2720 1298 2846 1369 [455
2868 1296 2959 1367 IL]
2990 1297 3189 1363 λόγοις,
3238 1297 3266 1346 ὁ
3297 1297 3642 1362 συγγραφεὺς
3675 1296 4091 1366 ἐπιδειξάμενος

2522 1392 2790 1458 φαίνεται,
2822 1389 2947 1460 [860
2977 1388 3065 1459 R.]
3101 1388 3195 1440 καὶ
3238 1389 3297 1438 τὸ
3349 1387 3446 1455 μὲν
3476 1386 3751 1456 Νεστορίῳ
3804 1388 3989 1457 φίλον,
4035 1391 4092 1440 τὸ

2521 1478 2575 1529 δὲ
2601 1481 2666 1546 τῇ
2700 1476 2949 1544 εὐσεϐείᾳ
2979 1474 3307 1543 τιμώμενον,
3363 1476 3457 1526 καὶ
3508 1476 3593 1526 διὰ
3623 1477 3780 1528 τοῦτο
3837 1478 4089 1545 ἀλλήλοις

2520 1569 2883 1635 ἀντικείμενα.
2926 1567 2999 1618 Τὸ
3027 1566 3135 1635 γὰρ
3187 1567 3335 1618 κατὰ
3382 1566 3599 1631 σχέσιν
3643 1567 3991 1635 ἀδιαίρετον
4020 1571 4089 1631 ὡς

2522 1660 2681 1711 ὅπλον
2711 1657 3001 1727 Νεστορίου
3026 1657 3405 1720 ἀποϐάλλεται,
3439 1658 3499 1707 τὸ
3546 1658 3601 1709 δὲ
3637 1659 3768 1709 καθ’
3820 1661 4090 1712 ὑπόστα-

2523 1766 2625 1802 σιν
2656 1748 2988 1813 ἁδιαῲετον
3018 1748 3135 1815 ἦτοι
3166 1748 3198 1815 ἡ
3241 1749 3359 1799 καθ’
3382 1748 3674 1800 ὑπόστασιν
3704 1750 3901 1811 ἓνωσις
3933 1769 4088 1821 περι-

2524 1838 2704 1906 φανῶς
2736 1839 2828 1889 καὶ
2856 1838 3188 1906 κηρύσσεται
3218 1839 3311 1889 καὶ
3337 1838 3805 1908 περιπτύσσεται.
3870 1842 4085 1912 Ὥσπερ

2520 1930 2611 1983 οὑν
2650 1932 2702 1981 ετ
2724 1948 2806 1992 τις
2832 1931 3022 1982 ἕνωσιν
3058 1931 3149 1980 ἐπὶ
3177 1930 3415 1998 Χριστοῦ
3466 1930 3635 1995 λέγων
3691 1933 3764 1999 μὴ
3825 1934 4085 1984 συνάπτοι

2523 2025 2585 2092 τῇ
2631 2022 2818 2074 ένώσει
2862 2022 2919 2073 τὸ
2964 2023 3093 2074 καθ’
3133 2024 3494 2083 ὑπόστασιν,
3530 2023 3766 2075 ὕποπτον
3815 2025 3877 2076 τὸ
3937 2026 4086 2094 ῥῆμα

864 2121 1105 2175 eamdem
1148 2122 1499 2188 suspicionem
1542 2121 1744 2172 incidit.
1787 2120 1863 2171 Ad
1915 2122 2164 2173 eumdem
2209 2120 2418 2171 modum
2456 2111 2526 2163 B‘

2405 2136 2418 2170 ι
2456 2111 2494 2163 Β
2522 2116 2681 2172 ποιεῖ,
2712 2112 2882 2171 οὑτως
2915 2114 2965 2165 εἴ
2996 2130 3077 2174 τις
3115 2112 3206 2165 δύο
3232 2106 3419 2177 φύσεις
3472 2114 3806 2181 ἀδιαιρέτους
3828 2115 3983 2177 λέγοι
4006 2116 4067 2172 ⁸⁸,

865 2226 1109 2265 asserens
1134 2213 1219 2265 Dei
1246 2212 1474 2265 Verbum
1494 2227 1769 2265 assumere
1797 2212 2085 2269 hominem.
2111 2211 2211 2263 nisi
2239 2226 2421 2263 vocem

866 2318 1127 2354 assumere
1161 2302 1373 2353 aliunde
1436 2310 1664 2367 exponat
1696 2298 1838 2369 (uani
1880 2300 1988 2352 lieri
2024 2307 2233 2365 potest,
2268 2308 2324 2349 ut
2356 2314 2420 2351 ex

865 2387 1092 2443 Nestorii
1125 2400 1297 2441 mente
1323 2405 1414 2441 seu
1453 2388 1737 2455 opinione,
1782 2387 1861 2439 vel
1902 2403 1967 2441 ex
2005 2388 2300 2439 orthodoxa
2336 2402 2421 2437 ra-

868 2481 1009 2531 tione
1039 2480 1297 2545 explicata
1329 2477 1657 2529 auditoribus
1686 2490 1901 2527 causam
1955 2474 2061 2545 [vel
2095 2476 2308 2528 errandi
2341 2474 2423 2527 vel

868 2581 1010 2622 recte
1059 2568 1357 2639 sentiendi]
1414 2568 1719 2637 prmbeat),
1770 2568 1923 2633 culpa
1979 2567 2195 2618 minime
2246 2575 2419 2617 vacat.

867 2660 1197 2724 Quapropter
1259 2658 1491 2726 Cyrillus
1547 2658 1596 2707 in
1646 2655 1998 2709 conciliandis
2042 2655 2423 2707 controversiis

867 2760 1082 2811 acutus,
1120 2750 1170 2801 in
1208 2748 1469 2801 Thesauro
1506 2766 1627 2813 suo,
1672 2764 1699 2799 a
1744 2748 1849 2801 Deo
1880 2746 2055 2799 Verbo
2092 2756 2423 2813 assumptum

865 2856 930 2893 ex
960 2840 1119 2893 Maria
1153 2841 1423 2893 hominem
1454 2841 1615 2892 veluti
1642 2851 1843 2892 vestem
1874 2849 1963 2890 aut
1992 2838 2249 2904 templum
2286 2839 2426 2889 allir-

870 2939 1006 2993 mat;
1044 2930 1093 2981 ili
1116 2929 1357 2996 epistolis
1388 2944 1514 2982 vero
1552 2932 1614 2981 ad
1655 2930 1981 2981 Succensnm
2016 2945 2028 2979 :
2063 2925 2237 2993 Igitur
2270 2937 2422 2979 homo

868 3020 1036 3084 factus
1062 3030 1156 3083 est,
1186 3021 1377 3087 inquit,
1412 3037 1511 3070 non
1535 3031 1706 3072 autem
1740 3020 1996 3070 hominem
2031 3019 2339 3083 assumpsit,
2367 3028 2421 3068 ut

871 3108 1143 3161 [Vestorius
1172 3111 1334 3161 docet.
1355 3112 1527 3176 Atque
1551 3109 1845 3162 advertesis
1872 3108 2054 3174 judicii
2076 3108 2348 3159 solertiam
2372 3118 2426 3161 et

869 3201 1229 3268 prudentiam.
1266 3200 1361 3253 llic
1397 3210 1727 3268 assumptum
1766 3201 2034 3252 hominem
2080 3208 2138 3251 ut
2172 3200 2423 3267 templum

867 3300 1051 3342 sancte
1092 3289 1306 3349 asserit,
1358 3300 1411 3341 et
1455 3298 1634 3339 tamen
1656 3288 1852 3355 277a
1890 3284 2215 3347 Nestorium,
2256 3286 2425 3338 homi-

868 3396 985 3433 nem
1010 3379 1061 3450 [ιι
1086 3378 1213 3449 Deo]
1240 3389 1566 3446 assumptum
1594 3389 1919 3432 asserentem
1943 3378 2182 3429 damnat.
2205 3375 2423 3429 Utriim-

2529 2208 2603 2274 μὴ
2644 2204 3021 2272 συνεπιφέρων
3056 2204 3115 2255 τὸ
3145 2205 3269 2257 καθ’
3288 2205 3647 2266 ὑπόστασιν,
3681 2207 3760 2267 εἰς
3785 2207 3885 2273 τὴν
3917 2208 4087 2273 αὑτὴν

2526 2293 2760 2361 ὑποψίαν
2795 2293 3204 2361 περιτρέπεται.
3262 2292 3531 2353 Ὡσαύτως
3581 2294 3635 2345 δὲ
3692 2296 3784 2346 καὶ
3844 2298 3872 2346 ό
3914 2296 4087 2363 λέγων

2526 2383 2812 2448 ἄνθρωπον
2841 2381 3128 2433 ἀναλαϐεῖν
3160 2380 3249 2433 τὸν
3274 2381 3405 2433 Θεὸν
3429 2384 3617 2449 Λόγον,
3641 2387 3688 2435 εἰ
3728 2386 3801 2453 μὴ
3837 2386 3938 2454 τὴν
3972 2405 4085 2451 φω-

2526 2475 2620 2543 νὴν
2657 2474 2877 2526 ἄλλοοεν
2934 2474 3287 2542 ἑρμηνεύσειε
3318 2475 3560 2542 (δυνατὸν
3608 2477 3716 2541 γὰρ
3779 2478 3954 2544 αὑτὴν
3996 2480 4089 2532 καὶ

2527 2570 2663 2617 κατᾶ
2696 2566 2983 2634 Νεστὸριον
3012 2566 3102 2617 καὶ
3127 2566 3171 2597 ⁸⁵
3207 2567 3350 2619 κατὰ
3393 2566 3483 2618 τὸν
3522 2567 3678 2636 ὀρθὸν
3725 2571 3897 2619 εἰπεῖν
3933 2569 4088 2636 λόγον

2530 2656 2699 2723 λαϐὴν
2730 2660 3029 2724 παρασχεῖν
3071 2659 3181 2717 τοῖς
3211 2658 3550 2725 ἀκροαταῖς),
3583 2659 3680 2709 οὑκ
3729 2658 3877 2708 ἔστιν
3936 2661 4088 2711 ἀναί-

2526 2746 2772 2805 τιος.Διὸ
2796 2746 3166 2814 καὶὁδιαιτᾷν
3222 2748 3381 2812 σοφὸς
3445 2747 3707 2814 Κύριλλος
3754 2750 3811 2798 ὲν
3865 2750 3967 2816 μὲν
4014 2750 4089 2818 τῷ

2530 2838 2819 2905 Θησαυρῷ
2841 2840 2933 2889 τὸν
2966 2840 3095 2889 Θεὸν
3120 2839 3289 2905 Λόγον
3310 2839 3495 2908 ὥσπερ
3525 2842 3646 2891 τινὰ
3676 2841 3884 2910 ποδήρη
3912 2842 4008 2894 τὸν
4028 2844 4091 2894 ἐκ

2534 2932 2753 2999 Μαρίας
2777 2930 3059 2999 ἄνθρωπον
3084 2930 3259 2999 ἦναὸν
3294 2931 3579 2983 ἀναλαϐεῖν
3602 2932 3767 2996 λέγει,
3797 2935 3854 2983 ὲν
3874 2933 3933 2984 δὲ
3969 2938 4089 2996 ταῖς

2528 3023 2661 3089 πρὸς
2676 3023 2965 3074 Σούκενσον
2986 3023 3313 3085 ἐπιστολαῖς,
3333 3022 3563 3075 Οὐκοῦν
3576 3023 3905 3089 ἄνθρωπος,
3934 3027 4088 3092 φησὶ,

2526 3110 2792 3178 γέγονεν,
2828 3116 2936 3165 οὐκ
2986 3113 3297 3179 ἄνθρωπον
3320 3113 3636 3177 ἀνέλαϐεν,
3676 3114 3753 3177 ὡς
3784 3117 4090 3181 Νεστορίῳ

2528 3200 2708 3253 δοκεῖ.
2737 3203 2842 3252 Καὶ
2871 3204 2969 3270 ὅρα
3002 3203 3100 3270 τῆς
3128 3202 3334 3271 διαίτης
3371 3202 3431 3253 τὸ
3464 3204 3717 3269 ἀγχίνουν
3774 3206 3869 3254 καὶ
3920 3207 4091 3271 νηφά-

2529 3292 2655 3341 λιον.
2694 3291 2751 3341 Ὀ
2780 3292 2876 3360 μὲν
2904 3291 3191 3359 ἄνθρωπον
3218 3293 3310 3345 καὶ
3338 3293 3461 3344 ναὸν
3485 3292 3770 3345 ἀναλαϐεῖν
3798 3294 4087 3363 ἱερολογεῖ,

2529 3383 2816 3450 Νεστόριον
2871 3383 2928 3434 δὲ
2963 3384 3247 3451 ἄνθρωπον
3301 3383 3589 3435 ἀναλαϐεῖν
3640 3386 3865 3434 εἰπόντα
3914 3402 4091 3453 παρα-

866 3486 971 3541 que
997 3486 1124 3524 sane
1156 3480 1299 3523 recte
1333 3470 1545 3537 pieque.
1586 3469 1793 3521 Etenim
1826 3466 2105 3520 Nestorius
2148 3467 2415 3518 hominem
2449 3442 2492 3503 (ἶ
2526 3494 2528 3500 ‹

2449 3442 2492 3503 C
2526 3442 2812 3543 γράφεται,
2848 3442 3085 3536 εὐσεϐῶς
3109 3476 3166 3526 δὲ
3210 3475 3483 3543 ἑκάτερον.
3532 3476 3590 3527 'U
3629 3478 3725 3542 μὲν
3788 3477 3898 3544 γὰρ
3957 3442 4089 3528 ὑπο-

869 3571 970 3607 una
1012 3571 1130 3607 cum
1162 3558 1437 3624 hypostasi
1472 3558 1699 3608 humana
1734 3568 2067 3622 assumptum
2101 3556 2422 3622 litigabatur.

866 3648 1097 3717 Cyrillus
1146 3647 1306 3715 igitur
1347 3649 1500 3699 docet
1544 3646 1706 3699 Deum
1762 3657 2030 3714 assumpta
2071 3646 2423 3706 humanitate,

867 3742 979 3795 sive
1024 3740 1425 3809 prmexsistente
1471 3739 1584 3791 sive
1630 3738 1955 3791 subsistente
1998 3736 2276 3809 hypostasi
2328 3737 2427 3788 hu-

868 3845 1047 3889 mana,
1084 3832 1174 3881 sed
1203 3830 1431 3880 humana
1461 3838 1647 3879 natura
1685 3830 1736 3879 in
1770 3828 1880 3893 ipsa
1915 3828 2093 3879 divina
2144 3827 2421 3896 liypOSIasl

870 3921 1236 3981 substistenle,
1260 3920 1373 3972 sine
1392 3920 1495 3971 ulla
1519 3930 1692 3971 tamen
1724 3919 2021 3970 divinitatis
2049 3917 2427 3969 immutatione

870 4026 995 4064 vere
1015 4011 1283 4064 hominem
1308 4012 1525 4063 factum.
1552 4009 1830 4074 Sapienter
1856 4026 1982 4077 ergo
2017 4009 2239 4075 parique
2272 4008 2427 4060 modo

871 4102 1023 4155 divus
1065 4104 1294 4172 Cyrillns
1335 4103 1385 4155 in
1430 4104 1652 4170 epistola
1700 4104 1765 4155 ad
1799 4101 2129 4155 Succensum
2173 4102 2425 4169 disputat,

872 4195 1105 4261 dicitque
1127 4212 1247 4249 eum
1282 4195 1370 4263 qui
1398 4194 1532 4247 duas
1565 4206 1785 4247 naturas
1810 4204 1925 4261 post
1954 4194 2204 4245 unionem
2237 4190 2429 4243 asserit

872 4285 1145 4346 indivisas,
1174 4300 1270 4339 nee
1300 4294 1475 4339 tamen
1511 4286 1693 4337 addit:
1731 4285 2011 4337 secundum
2047 4284 2428 4352 Itypostaticam

872 4378 1131 4440 unionem,
1156 4391 1390 4445 pugnare
1410 4391 1528 4428 cum
1556 4377 1642 4437 iis,
1676 4377 1764 4442 qui
1792 4377 2004 4427 unicam
2037 4383 2240 4426 tantum
2266 4374 2427 4427 Verbi

872 4476 1117 4519 naturam
1179 4466 1510 4518 incarnatam
1568 4473 1837 4518 asserunt.
1902 4462 2247 4531 Nequaquam
2302 4470 2478 4531 ergn'

877 4571 972 4610 vox
997 4567 1283 4624 assumpta,
1315 4555 1414 4608 nisi
1445 4555 1652 4621 integre
1678 4554 1993 4622 accipiatur,
2020 4556 2113 4605 sed
2138 4554 2275 4605 nude
2310 4563 2427 4603 tau-

874 4657 987 4701 tum
1035 4648 1428 4713 pronuntietur,
1474 4645 1667 4698 sulIieit
1708 4654 1765 4697 ut
1809 4660 1929 4697 cum
1974 4644 2038 4696 iis
2079 4643 2430 4696 conveniatur

2530 3568 2727 3629 στάντα
2748 3567 2836 3617 τὸν
2859 3566 3141 3635 ἄνθρωπον
3166 3566 3453 3617 ἀναλαϐεῖν
3478 3567 3766 3635 Νεστόριος
3783 3569 4088 3635 ἐσοφίζετο,

2528 3655 2553 3704 ὁ
2586 3656 2639 3707 δὲ
2669 3655 2932 3724 οὐμενοῦν
2959 3655 3399 3723 προῡποστᾶντα,
3436 3658 3492 3706 ἐν
3543 3656 3718 3722 ἑαυτῷ
3778 3658 3833 3707 δὲ
3903 3656 4091 3709 τοῦτον

2530 3748 2933 3816 ὑποστήσαντα,
2990 3749 3090 3797 κάν
3143 3746 3219 3814 τῷ
3258 3746 3546 3815 ξὰτρέπτῳ
3598 3748 3949 3815 μεμενηκὸτσ.
3998 3751 4090 3815 τῆς

2532 3838 2798 3905 Θεότητος,
2851 3838 3064 3907 ἀληθῶς
3108 3838 3355 3905 γενέσθαι
3400 3838 3492 3889 καὶ
3540 3837 3846 3906 ἄνθρωπον.
3905 3839 4091 3906 Σοφῶς

2532 3926 2624 3983 οὖν
2656 3932 2745 3981 καὶ
2772 3930 2973 3998 ὁμοίως
3022 3929 3483 3998 διαπραττόμενος
3544 3931 3572 3979 ὁ
3623 3930 3762 3997 ἱερὸς
3827 3932 4091 3999 Κύριλλος

2528 4022 2624 4073 καὶ
2655 4024 2710 4073 ὲν
2734 4023 2797 4088 τῇ
2830 4021 2959 4090 πρὸς
2994 4021 3288 4072 Σούκενσον
3344 4020 3598 4089 ἐπιστολῇ
3650 4022 3709 4071 τὸ
3755 4022 3849 4073 δύο
3905 4022 4090 4089 φύσεις

2530 4113 2707 4178 λέγειν
2737 4112 3073 4179 ἁδιαιρέτους
3108 4110 3243 4176 μετὰ
3269 4109 3365 4177 τὴν
3402 4110 3616 4173 ἕνωσιν,
3673 4110 3746 4178 μὴ
3797 4112 4091 4178 συνεπιφὲ-

2532 4220 2689 4273 ροντα
2712 4203 2821 4267 τὴν
2855 4204 2978 4254 καθ’
3010 4202 3355 4255 ὑπόστασιν
3379 4200 3615 4263 ἕνωσιν,
3672 4201 3962 4269 μάχεσθαι,
3984 4205 4091 4263 τοῖς

2534 4294 2660 4363 μίαν
2682 4294 2841 4361 φύσιν
2871 4292 2961 4344 τοῦ
2993 4293 3166 4359 Λόγου
3230 4292 3652 4360 σεσαρκωμὲνην
3703 4292 4092 4359 δογματίζουσί

2532 4400 2712 4451 φησιν.
2756 4381 2830 4432 Οὑ
2866 4381 2971 4449 γὰρ
3003 4383 3283 4448 αὐτάρκης
3329 4380 3501 4442 οὑτως
3533 4379 3799 4447 ἡμίτομος
3857 4382 3892 4448 ἡ
3943 4382 4093 4449 φωνὴ

2533 4473 2755 4543 ρηθεῖσα.
2772 4474 2817 4503 ⁶⁶
2848 4472 3117 4523 συνελθεῖν
3146 4474 3239 4525 καὶ
3260 4471 3633 4539 ὁμοφρονῆσαι
3665 4473 3779 4533 τοῖς
3832 4472 3963 4539 μίαν
3992 4474 4093 4539 φύ-

2532 4580 2615 4614 σιν
2642 4563 2735 4614 τοῦ
2764 4562 2934 4628 Λόγου
2973 4562 3395 4630 σεσαρκωμένην
3440 4560 3801 4629 κηρύττουσιν
3819 4562 3891 4613 ".
3945 4562 4006 4613 Ei
4037 4562 4091 4612 δὲ

2530 4654 2619 4706 δύο
2648 4672 2729 4715 τις
2764 4653 2948 4719 φύσεις
2978 4653 3320 4721 ἁδιαιρέτους
3348 4653 3516 4703 εἰπὼν
3548 4652 3975 4720 συμπαραλάϐοι
4002 4652 4093 4703 καὶ

872 4742 1366 4806 consentiaturque,
1396 4739 1483 4804 qui
1515 4752 1673 4789 unam
1709 4736 1864 4789 Verbi
1892 4745 2134 4787 naturam
2174 4734 2423 4786 incarna-
2460 4774 2501 4827 Β
2530 4760 2534 4786 τ

2460 4774 2501 4827 D
2530 4740 2643 4805 τὴν
2670 4742 2796 4791 καθ’
2828 4741 3165 4792 ὑπόστασιν
3184 4739 3427 4801 ἕνωσιν,
3463 4740 3636 4808 ὀρθῶς
3684 4756 3741 4790 τε
3800 4742 3898 4793 καὶ
3948 4742 4093 4793 εὑσε-

877 4838 981 4881 tam
1033 4829 1244 4881 docent.
1294 4828 1444 4891 Quod
1490 4827 1533 4878 si
1579 4828 1700 4893 quis
1748 4826 2138 4887 rursum,duas
2169 4823 2423 4877 indivisas

875 4927 1093 4969 naturas
1119 4930 1396 4979 asserens,
1435 4918 1593 4967 addat
1626 4916 1788 4969 etiam
1823 4932 1836 4967 :
1874 4914 2153 4966 secundum
2180 4912 2425 4980 hyposta-

874 5010 1030 5058 ticam
1067 5009 1341 5071 unionem,
1382 5016 1527 5061 recte
1567 5017 1619 5060 et
1665 5008 1749 5073 pie
1792 5006 2058 5073 loquetur,
2108 5004 2426 5071 habebitque

873 5099 1127 5169 Cyrillum
1160 5098 1584 5167 suﬂ'ragatorem.
1615 5098 1718 5151 Sed
1751 5098 1963 5151 attende
1990 5108 2286 5150 extremam
2312 5096 2425 5163 epi-

873 5193 1021 5245 stola!
1064 5203 1301 5260 partem,
1343 5184 1794 5259 qneuiaduiodum
1836 5190 2227 5243 ratiocinetur:
2292 5185 2424 5251 Vox,

876 5286 1077 5351 inquit,
1108 5286 1327 5337 indivise
1346 5324 1361 5347 ,
1390 5284 1596 5348 adiecta
1625 5283 1826 5335 videtur
1856 5298 1963 5335 esse
2002 5290 2125 5332 nota
2154 5289 2292 5332 certa
2330 5295 2427 5330 na-

875 5388 995 5428 strae
1023 5386 1069 5428 et
1100 5378 1399 5429 orthodoxa:
1437 5376 1733 5438 sementim;
1774 5376 1861 5427 sed
1896 5374 1971 5425 illi
2006 5389 2173 5425 vocem
2220 5387 2319 5423 non
2352 5372 2427 5423 ita

878 5468 1194 5537 intelligunt.
1222 5467 1369 5533 Quod
1395 5466 1437 5521 si
1472 5468 1543 5519 ita
1572 5477 1628 5519 ut
1660 5482 1755 5519 nos
1788 5481 1907 5518 eam
1935 5465 2261 5531 acciperent,
2288 5472 2433 5515 recte

2530 4830 2638 4891 ϐὦς
2695 4831 2828 4899 ὲρεῖ,
2879 4831 2971 4882 καὶ
3030 4830 3296 4899 Κύριλλον
3349 4832 3568 4901 εὑρήσει
3634 4832 3946 4901 ὁμόψηφον.
3991 4836 4095 4886 Καὶ

2529 4921 2756 4973 ἄκουσον
2805 4922 2945 4970 κατὰ
2994 4920 3052 4970 τὸ
3095 4920 3245 4982 τέλος
3294 4922 3393 4987 τῆς
3442 4920 3613 4989 αὐτῆς
3666 4922 3964 4990 ἐπιπολῆς
4011 4918 4097 4976 οἵα

2527 5010 2781 5073 διέξεισι·
2821 5011 2888 5063 Τὸ
2926 5009 3289 5076 ἀδιαιρέτως,
3341 5011 3497 5077 φησὶ,
3550 5013 3890 5076 προστεθὲν
3938 5012 4100 5065 δοκεῖ

2524 5101 2639 5169 μέν
2668 5116 2791 5166 πως
2818 5103 2952 5167 παρ’
2980 5100 3124 5169 ἡμῖν
3152 5100 3329 5167 ὀρθῆς
3360 5097 3511 5153 εἶναι
3568 5100 3749 5167 δόξης
3801 5118 4092 5170 σημαντι-

2532 5192 2661 5253 κὸν,
2690 5192 2855 5244 αὑτοὶ
2880 5191 2946 5243 δὲ
2970 5195 3079 5259 οὐχ
3108 5192 3260 5244 οὕτω
3308 5192 3577 5244 νοοῦσιν.
3636 5192 3800 5245 Ὥστε
3843 5193 3896 5244 εἰ
3927 5194 4092 5255 οὕτως

2532 5282 2733 5339 ἐνόουν.
2769 5281 3061 5351 ὀρθοδόξως
3093 5281 3156 5333 ἂν
3188 5281 3370 5348 ἔλεγον
3404 5284 3498 5334 καὶ
3527 5284 3592 5349 τῇ
3626 5282 3902 5352 Κυρέλλου
3953 5284 4088 5351 γνώ-

2538 5388 2614 5443 μῃ
2644 5373 2970 5425 συνέϐαινον.
3001 5373 3156 5424 Ἐστι
3187 5373 3292 5441 γὰρ
3316 5374 3377 5425 τὸ
3406 5374 3705 5442 ἀδιαίρετον
3759 5373 3915 5441 αὑτῷ
3944 5374 4091 5441 δόξης

2539 5464 2701 5532 ὀρθῆς
2729 5467 2839 5525 τοῖς
2875 5464 3199 5515 συνάπτουσι
3224 5462 3319 5531 τὴν
3354 5466 3537 5532 φωνὴν
3576 5459 3669 5537 ᾖδ’
3718 5464 4091 5517 συνεπι·θοοῦσι

2125 5605 2353 5659 ἺᾹΒΙΛΞ
2402 5604 2811 5658 LECTIONES.

949 5705 993 5734 "
1015 5704 1238 5773 σπορέος
1273 5721 1331 5767 ς.
1410 5703 1455 5735 ⁸⁸
1475 5701 1638 5769 φῦσαι
1676 5701 1735 5756 Β.
1785 5702 1853 5754 cf.
1900 5704 1964 5755 ad
2009 5716 2058 5767 p.

2287 5701 2330 5729 θ’
2356 5698 2507 5779 Wa
2539 5699 2623 5779 1E:
2662 5700 2810 5779 λέγῃ.
2837 5717 2895 5762 ς·

2993 5700 3038 5730 ⁸³
3072 5696 3301 5767 priorem
3331 5696 3424 5750 καὶ
3453 5695 3577 5750 add.
3636 5696 3702 5747 Α.
3820 5696 3866 5729 ⁸⁸
3895 5698 3928 5766 ἡ
3948 5696 4091 5766 φωνὴ

882 5774 917 5842 ἡ
942 5764 1162 5842 ῥηθεῖσὶι
1283 5764 1297 5767 -
1329 5776 1370 5805 ⁸⁷
1399 5764 1754 5842 κηρύττουσιν
1770 5774 1814 5825 Α
1840 5792 1852 5827 ;
1881 5764 2293 5840 δογματίζουσιν
2334 5785 2394 5829 ς,
2466 5768 2509 5796 ⁸⁸
2535 5764 2591 5839 ᾖ]
2624 5784 2709 5820 an.
