4208 6442
148 409 284 474 1057

1154 394 1674 459 BIBLIO’I‘HECA.
1704 415 1773 428 -
1809 387 1971 451 COD.
1997 385 2264 449 CCXXX-

3228 376 3366 445 1058

142 520 237 587 τῆς
259 517 382 570 καθ’
408 514 703 567 ὑπόστασιν
732 511 996 577 ἑνώσεως,
1012 513 1125 573 τοῖς
1190 510 1487 579 αἱρετικοῖς
1530 505 1586 559 δὲ
1621 504 1701 556 δι·
1732 508 1776 564 Α

1696 533 1701 541 -
1732 508 1776 564 Α
1806 499 2087 557 sentirent.
2128 506 2183 551 et
2208 509 2329 549 cum
2357 490 2560 561 Cyrillo
2595 487 2985 551 consentirent,
3026 486 3168 557 apud
3201 503 3358 556 quem

148 609 489 677 εσπασμένον
510 608 553 638 ⁶¹⁹
576 606 669 656 καὶ
697 606 756 656 τὸ
782 603 1112 672 ἀδιαίρετον·
1148 601 1246 669 τῆς
1276 600 1383 669 γὰρ
1412 598 1533 651 καθ’
1563 597 1695 649 ὑπό-

148 716 333 750 στασιν
357 697 596 757 ὲνώσεως
636 695 766 745 αὐτὸ
792 691 1174 761 διασχίζουσιν.
1204 690 1360 742 Οῦτω
1392 689 1435 741 δ’
1469 690 1535 741 ἂν
1610 688 1695 757 εἴη

148 790 491 857 μεμφόμενος
528 787 621 838 καὶ
652 785 775 847 τοὺς
804 784 1055 850 λέγοντας
1078 782 1176 851 μὲν
1209 780 1302 833 δύο
1320 779 1505 848 φύσεις
1526 779 1698 831 ἀδιαι-

147 882 356 948 ρὲτους,
392 879 491 945 τὴν
525 876 647 927 καθ’
688 874 985 927 ὑπόστασιν
1011 872 1067 923 δὲ
1102 872 1176 941 μὴ
1206 869 1699 940 συνομολογοῦντας

144 972 371 1023 ἕνωσιν⁸
401 970 661 1037 μάχονται
690 968 796 1034 γὰρ
848 966 922 1027 ὡς
958 964 1170 1034 ἀληθῶς
1228 956 1373 1015 οὗτοι
1428 964 1538 1023 τοῖς
1574 961 1700 1029 μίαν

145 1060 308 1130 φύσιν
332 1057 585 1128 φρονοῦσι
611 1058 704 1109 τοῦ
723 1054 857 1109 Θεοῦ
882 1055 1051 1123 Λόγου
1073 1054 1519 1125 σεσαρκωμένην.
1556 1051 1702 1117 Τοὺς

139 1153 349 1221 μέντοι
382 1152 531 1219 μετὰ
557 1150 660 1203 τοῦ
696 1149 899 1218 λέγειν
917 1148 1027 1202 δύο
1071 1149 1290 1216 φύσεις
1335 1146 1704 1213 ἀδιαιρέτους

142 1244 214 1295 ἐν
252 1242 325 1310 τῇ
361 1244 486 1295 καθ’
535 1244 879 1296 ὑπόστασιν
923 1241 1139 1294 ὲγώσει
1182 1238 1420 1307 θεωρεῖν
1467 1238 1587 1292 οὔτ’
1626 1235 1705 1292 ἂν

137 1335 496 1404 μεμψαίμην
519 1334 656 1402 ἐρεῖ,
686 1332 885 1400 ὥσπερ
922 1332 1062 1385 οὐδὲ
1115 1332 1259 1396 τοὺς
1308 1329 1706 1394 ἁνατολικοὺς

144 1427 219 1478 τὰ
254 1426 422 1493 ὅμοια
449 1425 737 1492 λέγοντας
793 1423 1169 1493 ἐμεμψάμην,
1205 1423 1345 1475 ἀλλ’
1400 1421 1536 1475 οὔτε
1575 1420 1705 1487 ἐμοὶ

143 1517 436 1570 τάναντία
482 1515 609 1587 [454
658 1514 751 1585 IL]
800 1514 1042 1583 φρονεῖν
1118 1514 1257 1567 οὔτε
1318 1511 1709 1580 διαμάχεσθαι

144 1608 301 1675 πρὸς
320 1606 434 1674 τὴν
469 1608 616 1675 μίαν
642 1605 751 1658 τοῦ
774 1606 965 1676 Λόγου
1004 1605 1195 1674 φύσιν
1240 1602 1709 1673 σεσαρκωμένην

1804 590 1953 655 illud,
1984 587 2233 650 indivise,
2261 594 2404 639 recte
2432 582 2738 651 intelligunt
2761 582 2819 645 ii,
2846 580 2935 649 qui
2963 594 3147 633 vocem
3174 595 3360 635 secun-

1803 682 1930 734 dum
1980 675 2370 749 hypostaticam
2428 675 2680 727 unionem
2740 671 3029 740 accipiunt.
3085 667 3362 723 llaareticis

1805 783 1981 826 autem
2026 772 2186 824 etiam
2231 768 2515 822 iudivisum
2562 774 2647 819 est
2679 764 2905 817 divisum
2939 778 3034 815 seu
3072 761 3362 815 divulsum.

1803 860 1937 914 Nam
1965 860 2094 914 illud
2137 861 2308 929 ipsum
2341 856 2635 911 secundum
2669 853 3055 923 hypostaticam
3110 852 3362 907 unionem

1806 952 2063 1007 divelluut
2098 950 2469 1016 dividuutque.
2507 946 2582 1000 Ita
2626 961 2839 1014 quoque
2878 945 3238 1012 reprehendas
3270 958 3364 997 eos

1807 1046 1897 1116 qui
1938 1045 2072 1098 duas
2116 1041 2370 1095 indivisas
2417 1047 2639 1091 naturas
2683 1036 3004 1099 admittunt,
3049 1033 3144 1089 sed
3172 1042 3368 1102 negant

1808 1151 1901 1189 eas
1942 1134 2230 1188 secundum
2282 1129 2672 1201 hypostaticam
2730 1126 2981 1179 unionem
3032 1125 3366 1192 coujunctas;

1810 1241 1993 1281 revera
2037 1224 2177 1279 enim
2219 1224 2569 1276 adversamur
2597 1219 2665 1272 iis
2707 1218 2796 1286 qui
2829 1216 3041 1270 unicam
3074 1214 3165 1269 Dei
3208 1213 3370 1270 Verbi

1813 1328 2056 1372 naturam
2112 1315 2349 1369 sentiunt
2406 1326 2527 1365 esse
2578 1310 2935 1364 incarnatam.
2992 1306 3123 1361 Illos
3175 1318 3369 1370 tamen,

1812 1410 2002 1478 inquit,
2033 1424 2134 1461 non
2164 1404 2600 1473 reprehenderim,
2630 1403 2718 1467 qui
2744 1403 2875 1453 duas
2905 1400 3125 1468 professi
3152 1383 3369 1452 naturas

1812 1501 1868 1552 in
1895 1498 2220 1569 hypostatica
2263 1496 2449 1547 unione
2473 1492 2729 1545 indiuisus
2766 1489 3095 1542 considerant
3120 1527 3135 1551 ,
3171 1488 3248 1539 uti
3281 1501 3370 1538 nec

1815 1591 2103 1645 Orientales
2125 1588 2466 1657 coarguerim,
2490 1585 2578 1654 qui
2602 1583 2739 1637 idem
2768 1583 3020 1636 sentiunt.
3060 1579 3165 1636 Sed
3215 1596 3377 1650 neque

1814 1685 1906 1737 Iros
1940 1693 2120 1735 contra
2150 1697 2229 1734 me
2258 1681 2426 1734 venire
2450 1718 2465 1741 ,
2504 1692 2666 1745 neque
2703 1691 2931 1744 pugnare
2975 1675 3217 1726 adversus
3262 1689 3369 1736 eos,

1814 1777 1903 1844 qui
1936 1790 2094 1827 imam
2148 1771 2293 1826 Verbi
2326 1783 2569 1825 naturam
2609 1769 2757 1820 aiunt
2788 1768 3112 1819 incantatam
3139 1781 3374 1833 pronun-

1746 1868 1788 1923 B
1817 1867 2017 1921 tiarim.

1892 1962 1996 2015 Sed
2036 1970 2090 2014 tu
2127 1974 2335 2013 mecum
2372 1958 2609 2027 dispice,
2639 1971 2738 2011 uec
2762 1971 2919 2009 uuam
2961 1955 3176 2025 quidem
3211 1953 3372 2011 Verbi

1819 2066 2065 2109 naturam
2092 2052 2158 2123 (si
2189 2052 2258 2105 ita
2288 2051 2425 2105 nude
2456 2060 2508 2104 et
2537 2050 2853 2119 simpliciter
2890 2048 3158 2119 loquare),
3193 2049 3372 2102 incar-

1823 2161 2000 2203 uatum
2043 2149 2159 2202 sine
2204 2146 2619 2214 reprehensione
2656 2144 2758 2198 dici
2797 2158 2965 2211 posse.
3014 2141 3148 2196 Nam
3187 2153 3239 2196 et
3270 2158 3373 2195 nua

1824 2240 1980 2295 Verbi
2030 2250 2218 2295 natura
2250 2242 2525 2293 incaruata
2560 2238 2830 2291 diceretur
2863 2237 2931 2291 ab
2978 2237 3043 2289 iis
3067 2235 3157 2304 qui
3188 2244 3377 2303 putant

1822 2334 2165 2390 inanimatam
2220 2347 2437 2387 carnem
2484 2346 2603 2385 esse
2661 2339 3019 2400 assumptam;
3070 2340 3126 2383 et
3172 2330 3260 2397 qui
3308 2343 3372 2383 ex

1820 2425 2125 2479 coeuntium
2154 2422 2500 2491 pcrmistioue
2530 2419 2799 2491 [naturam
2829 2418 3185 2491 assumptum]
3219 2419 3369 2472 blas-

1822 2517 2111 2586 phemant;
2148 2526 2201 2569 et
2232 2516 2319 2584 qui
2354 2524 2600 2568 naturam
2628 2512 2789 2567 Verbi
2830 2514 2880 2567 iu
2932 2516 3160 2566 carnem'
3197 2524 3374 2565 muta-

1822 2616 1953 2670 tam,
1988 2605 2277 2658 insaniunt.
2302 2605 2757 2658 Accuratissimus
2780 2614 2955 2658 autem
2992 2605 3178 2657 doctor
3205 2604 3378 2673 Cyril-

1821 2695 1903 2748 lus
1925 2695 2160 2761 singulas
2211 2694 2404 2763 27Ὶὸ
2431 2695 2802 2748 haereticorum
2839 2694 3043 2763 pariter
3065 2704 3376 2747 exsecratus

1822 2787 2137 2847 sententias,
2162 2801 2253 2853 per
2280 2800 2461 2839 vocem
2494 2788 2545 2838 in
2573 2786 2747 2839 medio
2781 2786 3037 2853 positam,
3069 2785 3199 2837 duas
3228 2795 3377 2837 uatu-

1825 2894 1911 2931 ras
1935 2877 2012 2948 [in
2039 2876 2277 2948 Christo]
2301 2887 2687 2932 concurrentes
2714 2877 2966 2931 iudivisas
2995 2886 3050 2930 et
3067 2876 3377 2931 inconfusus

1823 2969 2135 3037 planissime
2174 2969 2525 3021 demonstrat.
2554 2966 2771 3022 Refellit
2807 2982 2966 3035 porro
3004 2968 3144 3021 hanc
3182 2970 3377 3035 magis,

145 1699 263 1751 οὐκ
288 1697 366 1750 ἂν
398 1696 801 1765 ψηφισαιμην.

219 1962 296 2015 Σὺ
346 1961 402 2014 δέ
461 1977 549 2030 μοι
608 1958 985 2013 συνδιασκόπει
1014 1958 1163 2021 ὅπως
1191 1958 1360 2029 οὺδίίι
1399 1957 1496 2028 μία
1555 1956 1716 2025 φύσις

147 2054 246 2105 τοῦ
291 2053 465 2120 Λόγου
501 2050 912 2121 σεσαρκωμένη,
956 2049 1142 2110 ἁπλῶς
1178 2048 1319 2101 οὕτω
1348 2053 1715 2119 προαγομένη,

148 2142 422 2211 οὐμενοῦν
481 2143 539 2195 τὺ
589 2142 953 2212 ἀνεπίληπτον
992 2142 1054 2193 ού
1108 2141 1380 2206 διασώζει.
1438 2139 1557 2210 [861
1627 2137 1716 2209 ιι]

150 2240 386 2305 Λέγοιτο
416 2236 523 2305 γὰρ
541 2236 607 2288 ἂν
642 2237 737 2306 μία
779 2234 941 2304 φύσις
972 2235 1067 2288 τοῦ
1110 2235 1283 2303 Λόγου
1328 2232 1718 2302 σεσαρκωμένη

149 2329 249 2383 καὶ
275 2323 359 2392 οἷς
394 2328 595 2398 ἄψυχος
620 2330 652 2399 ἡ
675 2328 1078 2397 προσληφθεῖσα
1110 2328 1386 2397 νομίζεται
1414 2325 1570 2396 σὰρξ,
1628 2327 1722 2379 καὶ

151 2413 236 2481 οἷς
258 2419 370 2472 τῶν
408 2419 814 2489 συνελθόντωνή
844 2419 1098 2487 σύγχυσις
1121 2419 1478 2481 δυσσεϐεῖται,
1530 2418 1623 2469 xui.
1642 2412 1723 2479 οἷς

151 2512 186 2580 ή
219 2510 319 2562 τοῦ
351 2511 523 2578 Λόγου
557 2510 712 2578 φύσις
746 2512 826 2572 εις
851 2512 1025 2578 σάρκα
1074 2510 1450 2578 φρενοὸλαὸῶς
1503 2511 1721 2578 ἀναχεῖ-

150 2604 334 2656 τωτοο
377 2604 432 2655 νο
489 2603 544 2654 δὲ
603 2603 701 2671 τῆς
734 2603 1016 2671 ἀκριϐείας
1072 2602 1388 2663 διδάσκαλος
1434 2602 1722 2671 Κύριλλοςο

150 2693 394 2745 ἕκαστον
448 2692 556 2744 τῶν
586 2692 872 2761 αἱρετικῶν
918 2694 1278 2759 φρονημάτων
1305 2690 1576 2759 ὁμοτίμως
1608 2690 1724 2759 βδε-

150 2782 511 2851 λυσσόμενος,
547 2783 634 2835 διὰ
676 2784 773 2849 τῆς
822 2782 1032 2849 κοινῇ⁷¹
1060 2781 1423 2853 προκειμένης
1455 2784 1637 2852 φωνῆς
1664 2783 1724 2833 τὸ

151 2873 470 2943 ἀδιαίρετον
539 2870 636 2943 μὲν
686 2874 780 2926 καὶ
839 2872 1142 2943 ἁσύγχυτον
1199 2874 1308 2926 τῶν
1363 2874 1721 2927 συνελθόντων

150 2964 483 3034 τρανολογεί
510 2965 744 3032 φύσεων,
779 2964 1069 3019 ἀπευθύνει
1097 2964 1152 3017 δὲ
1176 2964 1378 3034 ταύτην
1397 2966 1474 3016 ἔτι
1501 2964 1720 3034 μᾶλλον,

149 3055 259 3126 τὴν
336 3055 755 3124 σεσαρκωμένην
816 3054 975 3122 φύσιν
1026 3055 1336 3125 ὲψυχῶσθαι
1384 3055 1721 3124 δογματίζων

1717 3073 1721 3095 ν
1824 3057 1948 3110 dum
1992 3056 2146 3110 docet
2177 3068 2423 3110 naturam
2455 3057 2817 3120 iucarnatam,
2853 3058 3033 3111 anima
3069 3059 3293 3112 rationis
3326 3072 3379 3112 et

148 3148 313 3218 ψυχῇ
343 3148 531 3217 λογικῇ
555 3164 613 3199 τε
647 3148 742 3199 καὶ
772 3148 952 3217 νοερᾷ.
975 3146 1064 3199 Διὸ
1088 3149 1180 3200 καὶ
1204 3148 1328 3210 τοὺς
1351 3148 1717 3211 ἀνατολικοὺς,
1759 3213 1790 3218 _

1716 3194 1717 3197 η
1759 3213 1790 3218 _
1824 3146 2188 3217 intelligentia:
2219 3147 2372 3216 plena
2403 3147 2569 3202 fuisse
2619 3148 2931 3202 auimatam.
2970 3148 3304 3217 Quapropter
3326 3159 3378 3203 et

149 3239 232 3301 ὡς
263 3238 524 3301 πολλάκις
576 3238 807 3308 εἴρηται,
867 3240 1068 3308 ταύτην
1115 3240 1215 3307 μὲν
1267 3240 1367 3308 τὴν
1419 3242 1598 3308 φωνὴν
1625 3213 1792 3290 οὐκί]

1714 3257 1723 3290 :
1747 3213 1792 3275 C
1824 3235 2143 3303 Orientales,
2167 3238 2241 3291 uti
2262 3252 2403 3308 saepe
2426 3238 2627 3292 dictum
2648 3250 2753 3300 est,
2772 3241 3019 3307 quamvis
3040 3239 3177 3293 hanc
3195 3254 3376 3294 vocem

148 3331 456 3391 εἰπόντας,
488 3329 585 3398 τὴν
626 3328 683 3382 δὲ
719 3329 1143 3398 ἰσοδυναμοῦσαν
1193 3328 1722 3399 προδαλλομένουςη

1713 3331 1722 3360 ¹
1825 3344 1928 3382 non
1968 3330 2347 3398 pronuntient,
2387 3330 2544 3383 aliam
2599 3340 2777 3384 tamen
2828 3345 2945 3399 qua:
2983 3332 3227 3385 eamdem
3271 3334 3375 3384 vim

148 3419 277 3489 (δύο
333 3419 443 3488 γὰρ
496 3418 683 3486 φύσεις
732 3416 884 3472 εἷπον
911 3420 1230 3490 πρεσϐεύειν
1258 3422 1316 3471 ὲν
1342 3423 1408 3489 τῇ
1439 3420 1558 3473 καθ’
1590 3421 1720 3472 ὑπό-

1713 3449 1720 3458 ·
1825 3421 2003 3485 habet,
2052 3433 2253 3490 pouaut
2282 3420 2453 3492 (duas
2491 3424 2634 3476 enim
2681 3433 2900 3478 naturas
2947 3424 2999 3478 iu
3039 3424 3375 3496 hypostatica

148 3527 358 3564 στασιν
414 3509 624 3581 ἑνώσει)
656 3513 749 3563 καὶ
793 3512 924 3581 μηδὲ
952 3512 1012 3564 τὸ
1036 3512 1372 3582 ἀδιαιρέτους
1404 3512 1724 3576 ἐπενεγκόν-

1716 3540 1724 3551 -
1824 3513 2019 3564 uuiuue
2038 3527 2095 3566 se
2112 3513 2637 3584 veueraridixerum)
2656 3529 2828 3584 neque
2856 3529 3059 3580 vocem,
3107 3515 3378 3579 indiuisus,

143 3621 257 3666 τας
310 3601 617 3673 ὀρθοδόξους
670 3604 1039 3673 ἀνεκήρυξεν·
1092 3605 1266 3657 καίτοι
1298 3620 1359 3669 γε
1385 3603 1491 3654 οὐδ’
1544 3604 1723 3663 αὐτοῖς

1714 3620 1723 3663 ;
1828 3611 2085 3665 usurpeut
2140 3602 2240 3674 [αι.
2271 3604 2574 3676 auferant],
2625 3616 2770 3660 recte
2814 3608 3014 3662 sentire
3066 3607 3376 3663 declaravit.

148 3698 377 3767 ῥήμασι
393 3694 453 3746 τὺ
481 3695 599 3746 καθ’
629 3695 923 3746 ὑπόστασιν
948 3695 1211 3764 ἔγραψαν,
1244 3696 1360 3747 ἀλλ’
1385 3696 1443 3759 ἐξ
1466 3689 1539 3748 ὧν
1570 3690 1722 3746 εἶπον

1716 3713 1722 3739 ν
1828 3692 1965 3759 Quin
1998 3708 2171 3762 neque
2204 3695 2383 3749 verbis
2411 3694 2560 3764 ipsis,
2601 3697 2685 3750 illa
2714 3700 3006 3752 secundum
3041 3699 3378 3768 bypostasiu,

145 3789 255 3842 ἕνα
301 3788 397 3839 καὶ
439 3787 529 3838 τὸν
558 3787 717 3840 αὑτὸν
748 3787 1026 3856 ὁμολογεῖν
1049 3788 1137 3840 τὸν
1167 3789 1228 3839 ὲκ
1251 3787 1461 3856 [Ιατρὸς
1483 3787 1724 3855 ἀχρόνως

1717 3802 1724 3846 :
1825 3788 1876 3840 in
1901 3786 2119 3855 scriptis
2148 3788 2260 3840 suis
2291 3801 2707 3855 οχιιτεδςετυηις
2764 3790 2857 3843 sed
2897 3805 2959 3844 ex
2991 3790 3152 3844 dictis
3184 3791 3379 3859 quibus

145 3880 492 3949 γεννηθέντα
509 3880 602 3931 καὶ
628 3881 691 3932 ἐκ
717 3880 812 3949 τῆς
828 3880 1087 3933 Θεοτόκου
1110 3880 1325 3949 Μαρίας
1348 3879 1433 3932 ἐπ’
1461 3881 1721 3949 ἐσχάτων,

1714 3921 1721 3943 ,
1823 3893 1988 3931 unum
2013 3888 2068 3932 et
2097 3879 2342 3933 eumdem
2379 3894 2443 3934 ex
2477 3881 2638 3934 Patre
2665 3882 2731 3935 ab
2766 3892 2995 3946 aeterno,
3034 3892 3088 3936 et
3111 3897 3176 3936 ex
3212 3881 3376 3936 Maria

144 3976 251 4029 καὶ
284 3972 381 4025 τὸν
436 3972 597 4025 αὑτὸν
660 3973 979 4042 πρεσϐεύειν
1024 3972 1156 4026 Θεόν
1183 3991 1241 4025 τε
1269 3974 1362 4026 καὶ
1416 3973 1721 4041 ἄνθρωπον,

1713 4013 1721 4034 ,
1825 3970 1918 4024 Dei
1942 3971 2217 4027 Genitrice
2248 3973 2444 4027 ultimis
2479 3975 2807 4043 temporibus
2827 3984 3007 4028 uatum
3030 3979 3375 4039 couliteutur,

143 4069 254 4121 ac;
288 4065 358 4134 δὴ
392 4065 666 4134 σύνδρομα
692 4064 844 4127 εἰδὼς
872 4066 939 4116 τὰ
972 4065 1236 4134 εξρημένα
1257 4068 1321 4134 τῇ
1353 4065 1470 4117 καθ’
1495 4066 1725 4117 ὑπόστα-

1716 4094 1725 4104 -
1824 4065 2177 4132 eumdemque
2218 4065 2381 4117 Deum
2434 4074 2489 4118 et
2518 4064 2787 4118 hominem
2845 4076 3198 4130 venerantur;
3259 4080 3378 4134 qua:

144 4176 240 4211 σιν
280 4156 473 4209 ἑνώσει
499 4159 672 4226 φωνῇ,
705 4156 974 4227 ὁμοδοξεῖν
1008 4156 1170 4209 αὐτὸν
1200 4158 1381 4220 αὐτοῖς
1416 4157 1725 4226 περιφανῶς

1713 4175 1725 4220 ;
1824 4155 1966 4209 dicta
2017 4172 2137 4211 cum
2195 4157 2404 4211 videret
2461 4158 2787 4226 respondere
2846 4159 3026 4211 nnioui
3085 4162 3375 4211 secundum

142 4245 537 4317 ἐμαρτύρησε.

1824 4250 2167 4318 hypostasin,
2217 4251 2381 4304 verbo
2411 4265 2470 4304 se
2494 4266 2617 4305 cum
2649 4250 2753 4307 illis
2793 4252 2991 4305 sentire
3030 4263 3211 4320 aperte
3245 4267 3378 4306 con-

1826 4351 2052 4396 testatus
2082 4352 2186 4396 est.

221 4431 331 4482 Δεῖ
361 4427 405 4479 δ’
430 4422 521 4479 οῦν
555 4426 752 4481 εἰδὲ-,αι
775 4428 848 4489 ὡς
872 4430 920 4481 οἱ
940 4427 1035 4500 τὴν
1064 4428 1185 4483 καθ’
1219 4430 1511 4484 ὑπόστασιν
1534 4434 1725 4488 ἕνωσιν

1714 4454 1725 4486 ρ
1898 4434 2183 4489 Sciendum
2211 4450 2338 4505 ergo
2354 4450 2381 4487 a
2398 4434 2665 4500 Patribns,
2699 4436 2786 4504 qui
2810 4435 3202 4505 hypostaticam
3220 4434 3376 4489 unio-

139 4518 414 4578 εἰπόντες
466 4518 703 4587 Πατέρες
758 4519 911 4587 ἡμῶν
956 4520 1048 4571 δύο
1089 4522 1253 4574 τινῶν
1291 4522 1502 4576 σύνοδον
1518 4526 1563 4556 ⁷³
1602 4527 1724 4579 καθ’
1756 4549 1800 4603 ι)

1716 4527 1948 4603 'Dnem
2000 4525 2343 4592 proﬁtentur,
2398 4530 2498 4577 hac
2542 4538 2687 4587 voee,
2747 4526 2971 4577 duarum
3029 4528 3378 4593 quarumdam

137 4610 362 4661 ἕνωσιν
390 4606 751 4659 ἀδιάσπαστον
782 4608 868 4660 διὰ
896 4608 1097 4677 ταύτης
1125 4610 1223 4679 τῆς
1260 4612 1441 4681 φωνῆς
1468 4613 1722 4683 δογματί.

1718 4643 1722 4653 ι
1828 4627 2145 4669 naturarqu
2179 4617 2607 4669 concurrentium
2644 4616 2963 4669 iudivulsatn
3009 4615 3260 4667 unionem
3290 4629 3380 4666 as—

136 4700 354 4763 ζουσιν
380 4712 393 4725 °
422 4698 469 4747 si
506 4696 561 4749 δὲ
594 4698 872 4767 ἁσύγχυτα
904 4699 970 4751 τὰ
1030 4701 1347 4754 συνελθόντα
1398 4705 1726 4773 μεμένηκεν,

1717 4747 1726 4770 ,
1828 4707 1959 4762 seri.
1992 4708 2142 4773 Quod
2193 4709 2236 4760 si
2274 4716 2454 4761 autem
2495 4708 2613 4761 duae
2665 4708 2767 4761 illae
2829 4719 3033 4761 naturae
3088 4706 3379 4760 incout‘nsa:

135 4791 315 4844 οὐδὲν
358 4789 752 4860 ήπροκειμένη
811 4792 960 4862 φωνὴ
1022 4793 1411 4860 παραδίδωσιν.
1460 4796 1727 4861 Ὡσαύτως

1714 4816 1727 4861 ;
1829 4809 2199 4864 permansere,
2233 4796 2368 4851 nihil
2413 4797 2687 4866 proposita
2734 4811 2835 4849 vos
2885 4793 3142 4867 [veritati]
3196 4792 3376 4848 ollicit.

136 4884 248 4935 καὶ
281 4880 351 4955 τὸ
380 4880 504 4947 μίαν
564 4881 722 4947 φύσιν
756 4881 849 4934 τοῦ
879 4884 1050 4950 Λόγου
1104 4888 1525 4958 σεσαρκωμένην
1549 4888 1728 4964 λέγειν

1716 4907 1728 4941 ρ
1828 4886 2029 4941 Eodem
2080 4890 2239 4942 modo
2286 4903 2407 4942 cum
2463 4888 2681 4952 dicitur,
2734 4903 2891 4939 uuam
2924 4885 3081 4939 Verbi
3134 4897 3378 4939 naturam

136 4974 227 5034 εἰς
268 4971 380 5040 τὴν
424 4972 590 5039 αὐτὴν
625 4973 725 5040 μὲν
753 4972 959 5027 ἔννοιαν
987 4975 1167 5043 σχεδὸν
1197 4976 1550 5047 ὑποφέρεται,
1583 4997 1723 5051 παρ-

1717 5011 1723 5020 -
1829 4994 1949 5034 esse
1990 4980 2345 5044 incarnatam,
2376 4982 2623 5034 eumdem
2656 4980 2770 5033 fere
2790 4993 3008 5033 sensum
3038 4978 3215 5030 habet.
3248 4974 3379 5044 Rapi

132 5060 496 5128 ελκυσθῆναι
536 5062 591 5114 δὲ
637 5063 850 5126 πολλοῖς
897 5068 1189 5135 αἰρετικοίς
1218 5068 1352 5139 πρὸς
1378 5069 1438 5120 τὸ
1478 5069 1724 5141 βούλημα

1721 5112 1724 5121 ,
1831 5080 2007 5122 autem
2036 5084 2066 5122 a
2110 5069 2291 5123 multis
2345 5070 2611 5124 haereticis
2654 5072 2756 5124 hoc
2814 5070 2878 5122 ad
2927 5069 3190 5138 cujusque
3239 5070 3383 5120 arbi-

130 5155 199 5205 τδ
265 5151 464 5221 ῥᾴδιον
517 5153 911 5223 ὲμπαρέχεται.
969 5156 1129 5208 Ὠστε
1175 5160 1272 5228 οὺχ
1325 5160 1506 5224 ἁπλῶς
1556 5164 1724 5234 αὐτὴν

1717 5183 1724 5210 ν
1832 5162 2014 5225 trium,
2069 5176 2175 5215 non
2224 5171 2480 5229 negatur;
2525 5173 2583 5216 ut
2624 5163 2845 5228 proinde
2892 5176 2992 5215 vox
3041 5176 3147 5214 non
3198 5159 3266 5213 sit
3310 5160 3379 5212 ita

132 5244 560 5314 παραδεκτέον,
618 5246 731 5297 ἀλλ’
776 5247 849 5308 ὼς
904 5249 931 5297 ὁ
963 5249 1029 5299 τὰ
1073 5249 1188 5301 θεῖα
1243 5252 1403 5319 σοφὸς
1461 5256 1726 5324 ἐχρήσατο

1717 5274 1726 5306 ι
1830 5256 1971 5307 uude
2001 5256 2345 5322 acceptanda,
2372 5256 2462 5309 sed
2484 5258 2929 5323 quemadmodum
2949 5254 3179 5324 Cyrillus
3203 5269 3379 5305 rerum

132 5334 462 5405 Κύριλλος,
488 5339 726 5390 τουτέστι
784 5340 925 5409 ψυχῇ
958 5341 1144 5411 λογικῇ
1179 5360 1237 5395 τε
1268 5345 1362 5396 καὶ
1414 5349 1575 5416 νοερᾷ
1604 5365 1726 5400 συν-

1718 5378 1726 5388 -
1831 5346 2131 5398 divinarum
2163 5348 2340 5399 sciens
2372 5347 2511 5398 illam
2544 5348 2842 5413 usurpavit,
2880 5348 2978 5400 hoc
3003 5358 3108 5409 est,
3142 5356 3193 5397 ut
3218 5346 3380 5398 addas

130 5434 411 5485 ἅπτοντα
445 5429 799 5503 ὲψυχωμένην
821 5434 888 5498 ⁷⁵,
924 5436 1014 5485 καὶ
1071 5436 1179 5487 τῶν
1220 5437 1580 5491 συνελθόντων
1605 5456 1725 5491 συν⁴

1717 5468 1725 5480 -
1832 5438 2007 5489 anima
2060 5439 2303 5491 rationali
2336 5450 2386 5491 et
2420 5436 3039 5509 intelligenti.[carnem]
3068 5438 3379 5494 animatum.

132 5518 572 5591 επιθεωροῦντα
611 5523 669 5574 τὸ
709 5524 1027 5594 ἀσύγχυτον.
1093 5527 1246 5581 υῦτω
1297 5528 1422 5597 γοῦν
1488 5531 1725 5601 ἑκατέρᾳ

1717 5548 1725 5581 ι
1832 5539 1885 5582 et
1914 5530 2138 5581 duarum
2196 5541 2506 5583 naturarum
2562 5531 2896 5586 inconfusam
2952 5529 3379 5598 conjunctiouem

1474 5642 1707 5697 VARI/{3
1741 5642 2154 5698 LECTlONES.

203 5750 695 5829 '_‘-‘_6:scr_1§app.évov
728 5767 785 5814 ς.
865 5753 905 5783 7°
934 5753 1205 5823 ἀναχεῖται
1228 5756 1263 5808 Α
1290 5756 1610 5826 εάπετρεὶπη
1644 5774 1703 5819 ς.
1771 5759 1811 5789 ⁷³
1836 5758 2016 5829 κοινῆς
2043 5757 2107 5811 Λ.
2179 5758 2221 5789 τ’
2249 5757 2355 5813 imo
2385 5757 2837 5828 προϐαλομὲνους.

356 5759 695 5829 εσπαρμενον
728 5767 785 5814 ς.
866 5759 905 5783 ⁷⁰
934 5759 1205 5823 ἀναχεῖται
1228 5759 1263 5808 Α
1290 5759 1610 5826 εάπετρεὶπη
1644 5774 1703 5819 ς.
1771 5759 1811 5789 ⁷³
1836 5759 2016 5829 κοινῆς
2043 5759 2107 5811 Λ.
2179 5759 2221 5789 τ’
2249 5759 2355 5813 imo
2385 5759 2837 5828 προδαλομὲνους.
2914 5760 3093 5814 “libri
3126 5759 3376 5816 συνόδιιν.

132 5827 185 5859 τ’
224 5820 369 5876 libri
398 5818 743 5887 ὲψυχιομένῃ.
