4208 6442
856 321 993 384 1059

1928 318 2187 382 ΡΗΟΤΙῙ
2226 320 2721 381 ΡΛΤΒΙΑΒΟΗΕ
2752 324 2859 384 CP.

3909 324 4039 388 1060

845 428 1138 496 intelligas.
1170 427 1247 481 Ita
1294 441 1424 498 ergo
1460 436 1687 497 utraque
1714 443 1844 485 voce
1872 445 1978 483 non
2023 439 2272 483 accurate
2302 444 2396 482 ex—
2422 429 2507 489 Αι

2378 458 2396 468 -
2422 429 2471 489 Α
2495 432 2644 499 φωνῇ
2667 432 2765 498 τῆς
2793 430 3072 497 ἀκριϐείας
3103 432 3201 483 οὐκ
3217 433 3631 502 ἐπιστατούσης.
3652 434 3709 487 ἓν
3732 433 3832 502 μὲν
3852 435 4040 503 811105-

842 536 1022 580 cussa,
1060 536 1223 573 uuam
1254 521 1468 587 quidem
1501 535 1784 586 personam
1836 521 2132 589 explicant,
2188 521 2281 574 sed
2312 520 2393 572 iu-

844 612 1125 673 confusum
1172 613 1395 665 duarum
1442 622 1753 666 naturarum
1786 628 2105 667 concursum
2168 628 2271 665 IIOII
2302 628 2396 665 εἰ·

844 704 1091 773 planant.
1126 703 1358 757 Rursum
1408 704 1499 770 qui
1554 704 1686 757 duas
1729 714 1950 759 naturas
1986 704 2241 758 indivisas
2284 713 2395 755 tra-

843 796 996 860 dunt,
1024 797 1075 850 id
1111 797 1323 863 quidem
1365 796 1507 866 quod
1554 806 1639 850 est
1691 797 2024 851 inconiusum
2078 811 2390 864 exposuere,

843 888 936 941 sed
961 905 1120 940 unam
1152 903 1270 942 esse
1322 903 1604 957 personam
1669 898 1761 940 aut
1821 888 2128 958 hypostasin
2162 903 2266 939 non
2298 891 2393 939 de-

842 980 1135 1034 claravere.
1184 979 1249 1034 Ut
1291 981 1514 1049 proinde
1548 983 1618 1034 sit
1672 995 1892 1035 necesse
1916 981 1983 1034 ab
2026 982 2089 1033 iis
2128 980 2218 1048 qui
2263 981 2394 1033 duas

843 1087 1062 1131 naturas
1100 1076 1351 1129 indivisas
1393 1075 1741 1143 proﬁtentur,
1782 1084 1874 1128 aut
1914 1076 2149 1143 adiungi,
2196 1088 2394 1128 secun-

842 1166 966 1219 dum
1001 1165 1389 1233 hypostaticam
1421 1166 1704 1228 unionem;
1753 1173 1845 1217 aut
1878 1179 2035 1217 unam
2092 1162 2246 1215 Verbi
2299 1178 2393 1215 na-

841 1266 1014 1311 turam
1041 1272 1159 1309 esse
1189 1256 1550 1319 iucarnatam,
1595 1265 1688 1308 ant
1731 1256 1976 1309 eumdem
2020 1254 2182 1306 simul
2228 1254 2391 1305 Delum

839 1362 959 1401 esse
986 1358 1039 1401 ct
1074 1348 1362 1401 hominem.
1406 1346 1624 1415 Absque
1670 1346 1839 1400 altero
1897 1345 2041 1398 enim
2101 1344 2389 1407 dictorum,

839 1454 939 1492 vox
974 1439 1264 1505 proposita,
1295 1445 1351 1489 ut
1402 1437 1773 1506 imperfectum
1824 1435 2086 1505 quidjure
2138 1452 2267 1489 sane
2312 1452 2393 1489 re-

838 1529 1219 1599 prehendatur.
1254 1528 1373 1582 llzec
1406 1540 1460 1582 et
1487 1530 1568 1582 his
1600 1529 1823 1598 genuina
1866 1544 1986 1583 cum
2010 1538 2195 1581 auctor
2222 1528 2393 1595 expli-

838 1630 1034 1685 casset,
1062 1622 1267 1689 adjecta
1294 1622 1361 1673 ad
1385 1624 1725 1675 concordiam
1772 1618 2108 1692 [iucundam]
2140 1619 2393 1671 adhorta-

839 1712 1003 1775 tione,
1027 1711 1160 1763 libro
1188 1711 1312 1764 huic
1344 1710 1591 1778 praesenti
1627 1711 1783 1763 linem
1825 1709 2067 1777 imponit.

909 1801 1102 1867 Quinta
1136 1804 1387 1870 deinceps
1420 1804 1591 1855 oratio
1626 1802 1859 1869 disputat
1911 1810 2095 1854 contra
2125 1800 2263 1858 illos,
2304 1802 2393 1869 qui
2428 1782 2467 1834 Β

838 1896 1073 1947 humano
1116 1894 1330 1961 ingenio
1377 1895 1589 1963 278a
1619 1893 1981 1948 Christianam
2038 1892 2197 1945 tidem
2242 1907 2392 1945 COIII-

840 1986 1089 2053 prehendi
1126 2000 1281 2052 posse
1332 1986 1691 2038 existimant:
1723 1986 1773 2037 iu
1828 2000 1937 2053 quo
1988 1984 2074 2053 pie
2132 1983 2393 2051 planeque

838 2075 1015 2129 divine
1047 2075 1468 2144 philosophatur,
1520 2087 1685 2144 atque
1726 2076 1934 2129 dicendi
1995 2076 2199 2129 ratione
2233 2076 2390 2130 Chri-

838 2164 1067 2217 stianam
1099 2165 1403 2233 religionem
1449 2175 1649 2218 certam
1706 2168 1976 2230 ostendit,
2011 2169 2258 2234 quodque
2308 2167 2390 2218 illa

840 2253 1174 2321 potissimum
1224 2256 1465 2320 sequitur
1515 2256 1803 2324 praadicat;
1854 2266 1907 2310 et
1942 2256 2103 2310 docet
2133 2259 2392 2324 quemad-

844 2345 1057 2395 modum
1098 2346 1485 2413 proprietatum
1544 2346 1858 2399 dillerentiae
1917 2348 1969 2400 in
2012 2348 2167 2401 nobis
2211 2357 2397 2415 aperte

840 2434 1102 2488 distincta:
1123 2437 1250 2500 sint,
1287 2437 1482 2503 quibus
1515 2437 1649 2490 alter
1680 2438 1748 2489 ab
1798 2438 1964 2492 altero
2004 2436 2197 2499 diﬁ‘ert,
2231 2448 2396 2491 nota:-

839 2542 944 2593 que
979 2527 1275 2596 singulares
1304 2528 1526 2580 alterius
1559 2528 1793 2595 alicujus
1824 2544 2069 2595 persona:
2103 2518 2396 2596 pmprieta-

843 2628 923 2670 tes
948 2616 1243 2685 [individuo
1274 2618 1347 2670 illi
1389 2617 1711 2689 assignent],
1767 2634 2080 2673 communes
2122 2619 2231 2671 ﬁeri
2272 2632 2395 2685 pro-

844 2705 1076 2759 hibeaut.
1130 2706 1185 2758 lu
1218 2716 1403 2760 sancta
1447 2719 1626 2759 autem
1703 2707 1967 2762 Trinitate
2040 2708 2395 2775 proprietates

842 2810 1059 2849 manent
1092 2798 1495 2862 immutabiles,
1550 2808 1605 2851 et
1660 2814 1756 2865 per
1816 2798 2097 2852 indivisain
2144 2799 2394 2849 unionem

840 2889 1193 2953 copuiantur;
1230 2903 1461 2954 cumque
1492 2889 1564 2941 sit
1594 2904 1698 2940 una
1728 2904 2080 2955 personarum
2135 2890 2391 2956 potentia,

842 2981 1040 3031 habent
1070 2981 1326 3032 tamenin
1367 2979 1481 3046 ipsa
1528 2979 1825 3033 differentia
1862 2982 2096 3033 divinam
2144 2992 2198 3033 et
2247 2982 2397 3035 inex—

838 3070 1139 3139 plicabilem
1170 3073 1309 3123 inter
1340 3086 1398 3123 se
1430 3071 1886 3137 coniunctionem,
1917 3073 2207 3125 secundum
2232 3088 2389 3139 quam

839 3161 893 3215 in
926 3162 1083 3214 Patre
1115 3161 1303 3226 Filius,
1347 3171 1400 3215 et
1429 3162 1585 3214 Pater
1616 3163 1669 3214 in
1702 3162 1940 3228 Filio,.et
1962 3162 2128 3216 Filius
2155 3165 2204 3215 in
2236 3164 2391 3217 Patre

835 3261 893 3305 et
927 3249 1129 3320 Spiritu
1194 3260 1408 3315 sancto,
1476 3262 1531 3305 et
1564 3250 1798 3320 Spiritus
1833 3262 2050 3306 sanctus
2092 3253 2144 3305 in
2187 3252 2317 3305 Filio
2339 3261 2393 3305 et

839 3342 995 3396 Patre
1023 3344 1387 3409 cognoscitur,
1420 3345 1805 3410 conjunctione
1829 3344 2024 3412 ubique
2054 3345 2385 3405 dominante,

836 3448 1009 3501 neque
1036 3435 1318 3488 iudivisum
1350 3435 1402 3487 in
1454 3436 1871 3502 proprietatibus
1924 3444 2230 3501 separante.
2282 3433 2388 3486 Sed

833 3526 977 3579 aliud
1006 3535 1089 3580 est
1142 3527 1269 3579 Esse
1312 3541 1576 3594 supremae
1605 3525 1905 3587 Trinitatis,
1939 3526 2079 3578 aliud
2124 3534 2385 3579 nostrum.

833 3616 890 3670 lu
918 3617 1183 3670 Trinitate
1226 3618 1334 3670 Ens
1362 3626 1447 3671 est.
1486 3632 1647 3685 supra
1681 3615 1844 3679 Esse;
1872 3626 1928 3669 at
1978 3626 2216 3670 nostrum
2255 3616 2388 3669 Esse

831 3726 1009 3779 neque
1044 3711 1257 3779 proprie
1302 3710 1408 3763 Ens
1433 3720 1537 3765 est.
1579 3712 1855 3777 Quomodo
1888 3711 2029 3765 enim
2071 3710 2142 3763 sit
2174 3710 2389 3777 proprie

833 3801 942 3855 Ens
968 3803 1107 3869 quod
1140 3819 1169 3855 a
1206 3817 1310 3856 non
1362 3803 1495 3856 Ente
1544 3804 1844 3870 descendit,
1894 3813 1948 3857 et
1999 3802 2141 3872 quod
2194 3812 2384 3855 natura

830 3907 927 3946 sua
964 3893 1016 3945 in
1073 3908 1176 3945 non
1253 3894 1362 3947 Ens
1419 3894 1652 3949 desinit?
1690 3896 2000 3963 Quanquam
2033 3912 2061 3948 a
2099 3895 2387 3948 Conditore

829 3999 931 4039 suo
961 3985 1063 4039 hoc
1102 4000 1196 4052 per
1240 4000 1477 4039 amorem
1529 3987 1731 4040 honore
1778 3996 1833 4039 et
1867 4001 2085 4039 munere
2113 3986 2384 4051 dignatum

828 4083 934 4139 est,
966 4082 1026 4127 ut
1072 4075 1143 4131 sit
1176 4088 1410 4143 semper,
1463 4084 1517 4128 et
1551 4076 2004 4129 immortalitatem
2045 4087 2382 4146 assequatur.

833 4165 973 4219 Deus
1012 4168 1172 4234 igitur
1202 4167 1357 4220 nobis
1385 4177 1469 4220 est
1494 4183 1653 4231 unus,
1689 4178 1743 4220 et
1771 4168 2010 4222 Trinitas
2042 4167 2157 4238 [seu
2193 4167 2387 4239 trinus]

832 4259 1171 4320 cegnoscitur
1197 4257 1315 4309 foris
1347 4258 1567 4310 infinita!
1590 4269 1642 4310 et
1679 4259 2145 4326 incomprehensa-
2169 4259 2386 4327 sapien-

831 4346 941 4409 tiae,
975 4356 1029 4399 et
1056 4361 1176 4413 qua:
1206 4348 1527 4411 sanctiﬁcat,
1559 4349 1789 4402 virtutis.
1820 4347 1971 4402 Unde
1993 4364 2129 4401 unus
2172 4349 2309 4402 Deus
2332 4358 2386 4401 et

2496 535 2547 568 σι
2562 518 2621 568 τὸ
2644 520 2949 586 πρόσωπον,
2972 522 3079 570 τῶν
3106 520 3165 573 δὲ
3189 523 3547 575 συνελθόντων
3578 524 3638 575 οὐ
3658 524 4041 591 τρανολογοῦσι

2491 610 2551 660 τὸ
2572 610 2891 679 ἀσύγχυτον.
2918 612 3087 664 Πάλιν
3124 614 3172 664 οἰ
3201 614 3292 666 δύο
3314 614 3503 683 φύσεις
3534 616 3877 685 ἀδιαιρέτους
3894 616 4043 683 δοξά-

2493 702 2748 763 ζοντεςτὸ
2772 701 2870 768 μὲν
2901 704 3201 771 άσύγχυτον
3240 706 3626 774 διετράνιισαν,
3684 707 3741 758 ἓν
3795 706 3853 758 δὲ
3903 702 4045 760 εἶναι

2491 792 2550 842 τὸ
2580 794 2866 861 πρόσωπον
2892 794 3008 861 ῆτοι
3032 796 3128 863 τὴν
3146 796 3439 849 ὑπόστασιν
3460 798 3518 849 ού
3554 798 4045 863 συνδιετράνωσαν,

2491 884 2629 934 ὥστε
2662 885 2743 935 δεῖ
2772 884 2863 935 καὶ
2890 886 3016 947 τοὺς
3049 884 3141 937 δύο
3184 886 3370 953 φύσεις
3404 887 3739 955 άδιαιρὲτους
3789 888 4052 957 λέγοντας

2492 966 2638 1043 ἧτὴν
2660 974 2779 1026 καθ’
2798 975 3086 1028 ὑπόστασιν
3111 979 3492 1031 ἐπισυνάπτειν
3510 980 3702 1031 ἕνωσιν
3731 981 3763 1049 ἦ
3787 981 3887 1049 τὴν
3924 982 4052 1048 μίαν

2493 1067 2651 1134 φύσιν
2682 1067 2776 1119 τοῦ
2799 1069 2970 1133 Λόγου
3013 1071 3434 1139 σεσαρκωμένην
3462 1071 3494 1140 ἢ
3522 1072 3612 1124 τὸν
3632 1073 3793 1124 αὐτὸν
3830 1073 3972 1124 Θεόν
3994 1091 4052 1125 τε

2493 1161 2585 1212 καὶ
2626 1161 2907 1229 ἄνθρωπον
2932 1177 2946 1190 ⁸
2972 1161 3098 1215 ἄνευ
3143 1162 3247 1233 γὰρ
3296 1164 3413 1225 ἑνὸς
3461 1164 3567 1215 τῶν
3631 1164 3947 1232 εἰρημένων
3995 1167 4054 1217 τὸ

2491 1252 2676 1314 ἀτελὲς
2707 1254 2738 1318 ἡ
2782 1252 2930 1322 φωνὴ
2987 1253 3399 1322 προϐαλλομένη
3451 1254 3672 1317 δικαίως
3710 1256 3778 1309 ἂν
3841 1258 4052 1324 διελέγ-

2491 1362 2652 1412 χοιτο.
2708 1343 2890 1397 Ταῦτα
2942 1346 3036 1398 καὶ
3083 1345 3149 1397 τά
3190 1345 3398 1408 τούτοις
3448 1347 3612 1415 ὅμοια
3662 1348 4052 1417 διεληλυθὼςο

2494 1439 2881 1506 συγγραφεὺς,
2924 1439 3016 1490 καὶ
3057 1438 3375 1508 παραίνεσιν
3434 1441 3855 1508 παρακαλοῦσαν
3920 1444 4053 1511 πρὸς

2489 1528 2739 1595 ὁμόνοιαν
2788 1526 3127 1594 καταϐαλὼν,
3183 1530 3280 1583 καὶ
3330 1530 3420 1583 τὸν
3445 1532 3685 1600 παρόντα
3725 1533 4053 1587 διαναπαύει

2491 1618 2664 1681 λόγον.

2578 1793 2705 1845 Ὀδὲ
2737 1794 2933 1862 ἐφεξῆς
2980 1793 3128 1862 αὐτῷ
3183 1794 3339 1861 λόγος
3400 1796 3536 1865 πρὸς
3591 1795 3717 1857 τοὺς
3768 1797 4054 1863 οἰομένους

2492 1884 2856 1952 ἀνθρωπίναις
2914 1884 3179 1946 ἐπινοίαις
3231 1884 3487 1936 δύνασθαι
3545 1884 3643 1953 τὴν
3700 1883 3881 1953 ἀληθῆ
3950 1886 4054 1935 τῶν

2492 1978 2833 2047 Χριστιανῶν
2867 1978 3185 2029 ὑποϐάλλειν
3221 1977 3498 2045 θεολογίαν
3556 1977 3863 2045 διαλέγεται
3894 1995 3909 2006 ·
3932 1980 3992 2029 ἐν
4016 1970 4057 2041 ᾦ

2495 2067 2620 2138 [155
2640 2068 2725 2139 ΙΙ.]
2775 2067 3099 2138 θεολογήσας
3148 2069 3403 2130 εὐσεϐῶς,
3439 2070 3532 2121 καί
3585 2069 3818 2137 κρείττω
3871 2070 4056 2134 πάσης

2494 2160 2889 2227 ἐπιτεχνήσεως
2928 2160 3020 2210 καὶ
3069 2160 3167 2226 τῆς
3212 2161 3275 2211 ἐκ
3309 2159 3480 2226 λόγων
3528 2160 3719 2226 σοφίας
3776 2159 3877 2227 τὴν
3904 2160 4055 2229 παρά

2493 2253 2833 2320 Χριστιανοίς
2867 2252 3285 2321 ἀποδειξάμενος
3308 2252 3605 2319 θεολογίαν,
3630 2253 3722 2304 καλ⁵
3753 2253 3816 2304 τὸ
3849 2253 4053 2322 ἐξῃρη-

2496 2344 2654 2405 μένον
2697 2343 2868 2411 αύτῆς
2909 2344 3245 2413 ἀνυμνήσας,
3278 2344 3629 2413 διαλαμϐάνει
3662 2344 3736 2405 ὡς
3766 2345 3851 2411 ἐφ’
3886 2344 4053 2413 ἡμῶν

2498 2434 2593 2501 μὲν
2611 2435 2665 2485 αἱ
2696 2435 2801 2485 τῶν
2833 2436 3132 2503 ἰδιωμάτων
3161 2436 3411 2504 διαφοραὶ
3427 2435 3670 2505 φανερῶς
3700 2435 4047 2504 διεστήκασι,

2495 2526 2615 2577 καθ’
2640 2524 2705 2587 ἃς
2745 2528 2835 2577 ἀπ’
2859 2525 3101 2594 ἀλλήλων
3124 2526 3523 2595 διακρινόμεθα,
3554 2527 3646 2579 καὶ
3673 2526 3740 2578 τὰ
3765 2544 4053 2596 χαρακτη-

2500 2617 2718 2685 ριστικὰ
2740 2617 2841 2682 τῆς
2879 2634 3024 2678 τινος
3046 2618 3389 2680 ὑποστάσεως
3420 2618 3648 2687 θατέρας
3676 2619 3773 2669 ούκ
3796 2616 3909 2670 οἶδε
3947 2638 4056 2671 κοι-

2494 2708 2726 2756 νοποιεῖν
2783 2705 3065 2773 ἰδιώματα,
3120 2706 3211 2756 ἐπὶ
3238 2706 3296 2757 δὲ
3328 2707 3427 2773 τῆς
3494 2707 3653 2773 άγίας
3706 2708 3942 2776 Τριάδος
4002 2710 4057 2760 αἰ

2499 2794 2751 2861 ἰδιότητες
2798 2796 3041 2863 ἀκίνητοι
3085 2793 3214 2864 [864
3244 2794 3337 2865 IL]
3393 2799 3643 2864 μένουσαι
3685 2798 4056 2850 συνάπτονται

2497 2903 2629 2949 πως,
2652 2887 2738 2937 διὰ
2763 2886 2859 2954 τῆς
2888 2887 3192 2956 ἀδιαιρέτου
3221 2886 3463 2948 ἐνώσεως
3487 2889 3579 2938 καὶ
3595 2889 3640 2919 ⁷⁸
3663 2888 3723 2939 τὸ
3754 2888 3887 2955 μίαν
3918 2885 4056 2941 εἶναι

2495 2976 2600 3027 τὼν
2646 2978 2992 3029 ὑποστάσεων
3036 2979 3133 3046 τήν
3209 2979 3488 3045 ἐνέργειαν
3530 2978 3783 3045 πλείστην
3833 2979 4056 3046 ἔχουσαι

2495 3069 2595 3119 κάν
2620 3073 2684 3135 τῇ
2720 3069 2987 3136 διακρίσει
3038 3068 3137 3137 τὴν
3189 3067 3376 3135 θεῖκήν
3428 3085 3486 3119 τε
3511 3069 3603 3119 καὶ
3651 3068 3893 3136 ἀρῤητον
3921 3071 4057 3139 πρὸς

2496 3162 2727 3228 ἀλλήλας
2779 3161 3093 3228 συνάφειαν,
3138 3160 3258 3213 καθ’
3319 3161 3385 3231 ἢν
3418 3161 3463 3191 ⁷⁸
3499 3160 3625 3223 re;
3654 3162 3712 3211 ἐν
3754 3161 3938 3230 Πατρὶ
3966 3165 4059 3214 καὶ

2497 3252 2681 3322 Πατὴρ
2710 3254 2769 3303 ἐν
2805 3252 2918 3321 Υἱῷ
2974 3253 3069 3304 καί
3100 3253 3220 3314 Υἰὸς
3245 3254 3303 3304 ἐν
3334 3254 3505 3320 Πατρὶ
3535 3254 3630 3305 καὶ
3660 3252 3943 3321 Πνεύματι
3967 3257 4059 3306 καί

2495 3345 2713 3411 Πνεῦμα
2741 3346 2797 3396 ἐν
2819 3344 2933 3413 Υίῷ
2962 3345 3057 3396 καὶ
3086 3345 3257 3414 Πατρὶ
3287 3343 3593 3414 θεωρεῖται,
3626 3344 3725 3412 τῆς
3757 3346 4059 3413 συναφείας

2493 3435 2824 3502 πανταχόθεν
2865 3435 3264 3505 ἐπικρατούσης
3296 3437 3389 3487 καί
3427 3436 3549 3503 μηδ’
3574 3438 3631 3487 ἐν
3651 3438 3763 3496 τοῖς
3795 3436 4057 3504 ἰδιώμασι

2494 3526 2919 3595 καινοτομούσης
2942 3526 3004 3579 τὸ
3031 3525 3352 3596 ἀδιαίρετον.
3406 3528 3513 3577 Καὶ
3582 3526 3643 3595 δὴ
3689 3527 3782 3578 καὶ
3820 3527 3884 3579 τὸ
3914 3524 4057 3581 εἶναι

2492 3616 2619 3668 ἄλλο
2641 3616 2692 3668 τί
2740 3617 2888 3668 ἐστιν
2934 3618 3026 3668 ἐπὶ
3046 3616 3143 3685 τῆς
3169 3614 3494 3685 ὑπεραρχίου
3541 3616 3771 3685 Τριάδος
3801 3620 3898 3669 καί
3931 3619 4059 3670 ἄλλο

2490 3708 2550 3758 ἐν
2578 3709 2739 3777 ἡμῖν·
2777 3706 2890 3761 ἐκεῖ
2925 3708 3023 3778 μὲν
3050 3707 3158 3777 γὰρ
3184 3708 3243 3761 τὸ
3270 3707 3329 3760 ὃν
3361 3708 3501 3778 ὑπὲρ
3531 3710 3592 3761 τὸ
3626 3704 3789 3771 εἶναι,
3817 3710 4056 3763 ἐνταῦθα

2489 3800 2545 3852 δὲ
2574 3799 2691 3851 οὐδὲ
2719 3800 2921 3870 κυρίως
2956 3800 3039 3853 δν.
3067 3798 3189 3862 Πῶς
3220 3802 3328 3870 γὰρ
3357 3799 3422 3853 ἂν
3451 3801 3534 3870 εἴη
3585 3800 3789 3872 κυρίως
3813 3801 3876 3855 δν
3903 3804 3968 3856 τὺ
3992 3806 4055 3856 ἐκ

2493 3890 2567 3960 μὴ
2602 3890 2770 3943 ὄντων
2797 3891 3164 3961 παρηγμένον,
3181 3893 3275 3943 καί
3303 3892 3382 3954 εἰς
3414 3892 3473 3943 τὸ
3502 3892 3577 3961 μὴ
3600 3893 3659 3944 ὃν
3685 3896 3749 3963 τῇ
3781 3910 3847 3960 γε
3874 3896 4053 3963 οἰκεία

2490 3979 2647 4047 φύσει
2669 3980 2954 4050 ὑποῤῥὲον,
2987 3981 3035 4033 εἰ
3059 3982 3151 4033 καὶ
3177 3981 3347 4052 δῶρον
3395 3982 3755 4053 ἐφιλοτιμήθη
3814 3985 3911 4037 τοῦ
3947 3989 4054 4053 Δη-

2492 4069 2753 4139 μιουργοῦ
2802 4071 2880 4132 εἰς
2900 4070 2960 4123 τὸ
2983 4072 3069 4123 ἀεὶ
3122 4067 3259 4124 εἶναι
3283 4072 3376 4126 καὶ
3415 4074 3493 4133 εἰς
3532 4072 3841 4143 ἀφθαρσίαν
3866 4077 4059 4129 ἀναϐι-

2491 4163 2782 4229 6άζεσοαι;
2822 4164 2951 4226 Θεὸς
2976 4159 3069 4217 οὖν
3097 4166 3227 4233 ήμὶν
3258 4164 3408 4216 ἐστιν
3438 4159 3519 4226 εἷς
3542 4166 3586 4197 "
3607 4167 3702 4217 καὶ
3722 4167 3895 4236 Τριὰς
3917 4168 4057 4221 θεωο

2492 4256 2770 4325 ρούμενος,
2801 4259 2952 4327 πηγὴ
2984 4259 3267 4327 τυγχάνων
3319 4259 3677 4328 ἀπερινοήτου
3727 4262 3923 4328 σοφίας
3964 4265 4061 4315 καὶ

2490 4350 2814 4417 ἁγιαστικῆς
2868 4348 3167 4416 δυνάμεως.
3217 4347 3378 4401 Ὅθεν
3429 4342 3510 4411 εἷς
3572 4349 3706 4412 Θεὸς
3728 4352 3821 4402 καὶ
3854 4353 4062 4421 Κύριος

830 4438 1109 4500 Dominus,
1143 4447 1199 4492 et
1229 4454 1338 4502 rex,
1384 4448 1439 4491 et
1486 4440 1598 4503 ipse
1625 4440 1786 4492 Pater
1816 4449 1924 4499 est.
1956 4449 2011 4493 et
2043 4441 2385 4509 perfectionis
2420 4462 2461 4515 ο

2420 4462 2461 4515 ο
2493 4442 2585 4493 καὶ
2632 4441 2900 4510 βασιλεὺς,
2925 4442 3085 4501 αὑτός
3108 4459 3167 4493 τε
3192 4442 3280 4493 ὀ⁷⁸
3316 4441 3503 4510 Πατὴρ
3541 4443 3634 4493 καί
3667 4443 3701 4511 ή
3727 4442 4059 4503 τελειοποιίς

830 4529 1042 4582 anetrix
1068 4528 1365 4595 Sapientia,
1396 4539 1450 4582 et
1494 4530 1671 4584 Virtus
1698 4531 1867 4585 sancti
1901 4531 2151 4600 Spiritus.
2184 4531 2382 4586 lndivi-

830 4634 923 4673 sus
948 4622 1086 4672 enim
1118 4620 1295 4680 Pater,
1333 4635 1363 4673 a
1400 4636 1494 4675 sua
1535 4610 1703 4689 ipsius
1746 4625 2011 4690 sapientia
2036 4662 2053 4686 ,
2102 4635 2157 4676 et
2188 4624 2387 4678 virtute

830 4710 1217 4765 sanctiﬁcantis
1268 4712 1524 4778 Spiritus,
1575 4714 1627 4765 in
1670 4730 1774 4766 una
1820 4724 2009 4766 natura
2060 4714 2384 4778 adorandus,

832 4813 931 4851 nec
955 4799 1005 4851 in
1040 4813 1200 4851 unum
1229 4811 1389 4868 atque
1438 4816 1598 4853 unum
1650 4803 1811 4855 Deum
1840 4802 2177 4864 dividendus,
2201 4819 2389 4870 quem-

830 4889 1114 4941 admodum
1172 4888 1224 4941 in
1282 4890 1456 4953 nobis,
1492 4891 1585 4955 qui
1620 4892 2107 4945 incommunicabili
2147 4894 2390 4962 proprie-

831 4985 1001 5028 tatum
1045 4977 1355 5031 discrimine
1390 4991 1443 5030 et
1473 4979 1771 5033 diﬂ'ercntia
1810 4981 2141 5049 Operatiouis
2186 4984 2382 5035 distiu-

829 5066 1042 5134 guiinur
1077 5076 1131 5121 et
1164 5082 1495 5133 separamur,
1530 5079 1743 5139 totaque
1774 5072 2034 5125 divisione
2072 5075 2137 5125 ab
2162 5073 2389 5125 invicem

830 5173 926 5225 per
983 5158 1339 5213 dilferentiam
1392 5162 1755 5216 subsistimus.
1802 5163 2137 5231 Quapropter
2171 5179 2273 5217 non
2308 5174 2391 5217 est

832 5252 884 5303 in
916 5251 1028 5315 illa,
1058 5262 1114 5304 ut
1144 5252 1195 5305 in
1222 5253 1373 5306 nobis
1406 5253 1715 5318 dicendum,
1765 5255 1866 5309 hoc
1926 5257 2081 5325 hujus
2112 5272 2229 5311 esse
2274 5259 2383 5323 pri—

834 5355 1001 5407 mum,
1035 5354 1127 5395 aut
1175 5344 1318 5397 aliud
1365 5344 1517 5411 huius
1546 5349 1834 5399 secundum
1861 5358 1952 5399 aut
1984 5350 2219 5401 tertium.
2255 5348 2382 5402 Uni-

2493 4534 2653 4601 σοφία
2706 4534 2868 4587 αὑτοῦ
2912 4534 3066 4603 καὶὴ
3105 4534 3396 4602 ἀγιαστικὴ
3422 4533 3669 4603 δύναμις.
3721 4534 4058 4606 ’Δδιαίρετος

2491 4627 2598 4692 γὰρ
2628 4626 2866 4695 ὁΠατὴρ
2911 4626 3049 4695 πρός
3101 4641 3163 4676 τε
3209 4623 3306 4693 τὴν
3365 4625 3558 4677 ἑαυτοῦ
3606 4626 3802 4691 σοφίαν
3830 4629 3927 4679 καὶ
3959 4630 4059 4694 τὴν

2493 4717 2818 4787 ἁγιαστικὴν
2859 4718 3104 4780 δύναμιν,
3132 4718 3191 4767 ἐν
3221 4718 3318 4787 μιᾷ
3361 4717 3519 4785 φύσει
3553 4720 4055 4789 προσκυνούμενος,

2491 4810 2591 4861 οὐκ
2636 4809 2715 4870 εἰς
2740 4808 2834 4859 ἕνα
2884 4808 2979 4859 καὶ
3000 4808 3094 4860 ἕνα
3121 4808 3471 4876 μεριζόμενος
3497 4808 3648 4873 Θεὸν,
3676 4808 3940 4881 καθάπερ
3969 4813 4052 4879 ἐφ’

2488 4898 2662 4965 ἡμῶν,
2695 4896 2743 4949 οἶ
2769 4897 2845 4965 τῷ
2873 4899 3218 4967 ἁκοινωνήτῳ
3242 4899 3353 4949 τῶν
3388 4899 3689 4968 ἰδιωμάτων
3708 4902 3808 4953 καὶ
3830 4902 3915 4971 τῷ
3934 4903 4056 4955 δια-

2488 4989 2637 5057 φόρῳ
2661 4988 2759 5055 τῆς
2783 4987 3059 5056 ἐνεργείας
3095 4988 3427 5059 μεριζόμεοά
3452 5007 3511 5041 τε
3537 4990 3629 5042 καὶ
3672 4990 4057 5061 διαιρούμεθα,

2487 5080 2577 5131 καὶ
2604 5082 2670 5149 τῇ
2705 5079 2772 5131 δι’
2792 5079 2912 5130 ὅλου
2928 5082 3063 5149 τομῇ
3089 5080 3183 5148 τὴν
3216 5081 3351 5151 πρὸς
3374 5082 3635 5151 ἀλλήλους
3661 5082 3940 5155 διαφορὰν
3960 5087 4060 5152 ὐφ-

2493 5171 2779 5238 ιστάμεθα.
2802 5172 2892 5223 Διὸ
2916 5171 3034 5224 οὐδὲ
3058 5173 3202 5224 ἐστιν
3223 5176 3417 5236 εἰπεῖν,
3441 5173 3626 5244 ὥσπερ
3647 5175 3736 5243 ἐφ’
3756 5178 3944 5245 ἡμῶν,
3967 5178 4057 5231 οὖ-

2495 5278 2570 5313 τω
2596 5265 2689 5314 καὶ
2710 5263 2797 5314 ἐπ’
2814 5263 3007 5332 αὐτῆς,
3040 5265 3123 5316 ὃτι
3150 5266 3266 5317 τόδε
3284 5265 3431 5318 τοῦδε
3454 5269 3497 5299 ⁷⁸
3518 5268 3732 5336 πρῶτον
3749 5270 3797 5299 ⁸⁸
3826 5270 3861 5339 ἦ
3883 5273 4059 5323 ἐκεῖνο

2489 5354 2641 5405 τοῦδε
2660 5354 2909 5423 δεύτερον
2931 5354 2963 5423 ἦ
2986 5356 3185 5423 τρίτον.
3206 5356 3386 5419 Μονὰς
3418 5358 3523 5427 γάρ
3552 5357 3768 5427 άληθῶς
3795 5361 3831 5428 ἡ
3864 5360 4058 5429 Τριὰς.

2101 5566 2329 5621 VARM“.
2368 5566 2765 5621 LECTIONES.

902 5732 948 5764 "
976 5730 1036 5785 τὸ
1069 5733 1249 5787 malim
1280 5732 1375 5801 τῷ.
1452 5735 1496 5767 ’⁶
1526 5736 1590 5806 ῆν
1623 5738 1665 5791 Α
1695 5738 1797 5807 εῆν
1818 5739 1846 5793 ὁ
1879 5756 1939 5801 ς.
1991 5739 2032 5771 ⁷⁷
2055 5739 2155 5807 εἰςί
2182 5739 2315 5808 πρός
2337 5740 2398 5794 Α.
2450 5742 2494 5773 ’⁸
2526 5741 2554 5793 ὁ
2583 5741 2705 5797 add.
2739 5744 2802 5795 Α.
2877 5745 2924 5777 ⁷³
2949 5746 3133 5800 τούτου
3168 5764 3226 5809 ς.
3302 5748 3346 5779 ⁸⁸
3378 5745 3610 5816 πρῶτον]
3633 5750 3741 5803 imo
3771 5750 4057 5819 πρότερον.
