4208 6442
161 382 288 450 1061

1218 384 1740 449 BIBLIOTHECA.
1770 388 2011 450 —COD.
2044 388 2316 452 CCXXX.

3264 384 3397 453 1062

157 502 252 553 καὶ
300 499 517 569 τριὰςή
550 499 754 560 Μονὰς.
803 496 926 549 οὔτε
977 497 1113 549 διότι
1165 497 1354 567 μονὰς,
1382 500 1480 565 τὴν
1509 499 1715 566 Τριάδα
1764 505 1809 559 Α

1764 505 1809 559 Λ
1845 508 1925 553 tas
1957 499 2099 552 enim
2132 513 2257 553 vere
2288 506 2371 554 est
2397 496 2657 562 Trinitas,
2706 506 2762 551 et
2792 496 3029 553 Trinitas
3052 497 3261 555 Unilas.
3286 499 3399 557 Nec

157 591 544 653 συστέλλουσα,
561 590 685 643 οὔτε
714 591 847 643 διότι
869 589 1057 660 Τριὰς,
1086 588 1185 657 τὴν
1207 587 1481 642 Μονάδα¹¹¹
1513 590 1732 658 τέμνου-

160 700 260 737 σα’
316 684 441 736 οὐδὲ
491 683 597 750 γὰρ
624 682 684 732 τὸ
717 680 775 732 ἓν
813 682 905 733 ἐπὶ
955 680 1056 747 τῆς
1105 680 1253 742 θείας
1304 680 1489 742 οὐσίας
1521 680 1597 742 ὡς
1632 682 1726 733 ἐπὶ

158 776 269 827 τῶν
298 776 616 843 κτισμάτων
638 773 886 841 νοοῦμεν,
932 772 1062 842 παρ’
1094 767 1173 834 οἷς
1205 771 1324 823 οὐδὲ
1351 770 1410 823 τὸ
1436 771 1641 838 κυρίως
1667 771 1726 822 ἓν

157 869 272 921 ἔστι
293 870 585 938 θεωρῆσαι.
607 868 678 919 Οὐ
709 867 816 935 γὰρ
832 864 892 917 τὸ
910 864 969 917 ἓν
991 864 1207 934 ἀριθμῷ
1236 865 1317 931 ἐφ’
1336 861 1490 931 ἡμῶν
1516 862 1603 912 καὶ
1630 879 1725 913 κυ-

160 960 291 1027 ρίως
323 959 403 1011 ἓν.
430 958 537 1010 Καὶ
570 958 679 1027 γὰρ
732 958 793 1009 τὸ
824 955 1069 1024 ἐφ’ὴμῶν
1101 956 1393 1023 λεγόμενον
1424 952 1481 1005 ἓν
1501 953 1560 1005 οὐ
1628 968 1727 1005 κυ-

158 1049 291 1120 ρίως
332 1049 410 1111 ἓν,
443 1048 575 1101 ἀλλά
630 1066 681 1100 τι
711 1048 789 1101 ἓν.
834 1046 1001 1099 Τοῦτο
1030 1047 1085 1099 δὲ
1116 1047 1175 1099 ἒν
1220 1047 1281 1099 τὲ
1319 1047 1435 1097 ἐστι
1476 1044 1568 1096 καὶ
1624 1042 1723 1110 οὐχ

1838 590 1962 657 quia
1998 589 2177 643 unitas
2205 600 2310 653 est,
2346 590 2546 644 idcirco
2594 590 2865 643 contrahit
2911 589 3268 655 Trinitatem;
3300 608 3400 649 nec

1843 683 1967 747 quia
2000 681 2261 745 Trinitas,
2286 683 2475 735 dividit
2524 680 2813 735 Unitatem.
2848 680 3033 749 Neque
3060 683 3203 737 enim
3236 701 3399 737 ιυηιηι

1836 770 1889 824 in
1918 773 2098 826 divina
2133 775 2453 832 substantia.
2487 782 2544 826 ut
2569 774 2621 826 in
2657 777 2817 827 rebus
2857 775 3056 828 creatis
3083 776 3397 842 accipimus,

1834 864 2119 932 inquibus
2172 882 2272 920 nec
2317 883 2475 919 unum
2526 867 2744 935 proprie
2792 876 2873 920 est
2923 866 3243 937 intelligere.
3290 868 3399 923 Nec

1831 957 1972 1008 enim
2042 973 2203 1009 ιιηιιηι
2254 973 2477 1011 numero
2536 959 2587 1011 in
2650 958 2801 1012 nobis
2838 959 2998 1012 etiam
3052 961 3267 1027 proprie
3316 970 3400 1014 est

1834 1059 2031 1111 unum;
2086 1065 2205 1101 nam
2236 1050 2377 1117 quod
2420 1050 2471 1101 in
2506 1049 2662 1103 nobis
2693 1049 2891 1103 dicitur
2920 1065 3110 1112 unum,
3155 1066 3259 1104 non
3316 1060 3401 1105 est

156 1142 237 1203 ἓν,
283 1142 383 1194 ἆτε
439 1140 502 1209 δὴ
546 1140 641 1192 κα)⁵
687 1138 781 1192 τοῦ
841 1140 957 1201 ἑνὸς
1014 1138 1179 1208 φέρον
1239 1137 1339 1207 τὴν
1394 1136 1584 1204 κλῆσιν
1635 1135 1730 1187 καὶ

1830 1138 2047 1204 proprie
2100 1155 2286 1203 unum,
2322 1143 2415 1195 sed
2447 1140 2649 1207 aliquid
2680 1156 2841 1194 unum
2867 1156 2884 1194 :
2908 1140 3010 1194 hoc
3034 1150 3210 1194 autem
3236 1158 3395 1194 unum

157 1234 298 1303 πρὸς
340 1234 402 1285 τὸ
445 1232 611 1285 πολλὰ
645 1228 781 1285 εἶναι
800 1232 1179 1302 μεριζόμενος.

235 1419 298 1470 Εἰ
321 1418 379 1470 δὲ
405 1417 498 1470 καὶ
523 1418 598 1479 ὡς
643 1415 768 1470 νοῦν
800 1415 852 1468 oi.
901 1413 1140 1483 θεολόγοι
1168 1414 1231 1466 τὸ
1257 1414 1314 1466 ἓν
1334 1412 1426 1465 ἐπί
1456 1413 1551 1481 τῆς
1573 1410 1726 1472 θείας

155 1511 393 1578 ὑμνοῦσι
455 1508 688 1576 φύσεως,
728 1508 863 1561 ἀλλὰ
924 1507 1013 1561 διὰ
1062 1507 1231 1577 μόνην
1281 1505 1379 1576 τὴν
1424 1505 1609 1573 ἀπαθῆ
1631 1502 1726 1557 τοῦ

153 1602 335 1669 Λόγου
392 1602 646 1670 γέννησιν
697 1601 859 1655 τοῦτο
917 1600 1462 1669 παραλαμϐάνουσιν.
1509 1599 1572 1651 Ἦ
1619 1598 1725 1667 γὰρ

155 1691 391 1759 εὐσεϐὴς
437 1690 611 1743 ἔννοια
643 1692 852 1760 καὶτῆς
880 1689 972 1743 τοῦ
1001 1690 1092 1742 νοῦ
1117 1691 1334 1758 φύσεως
1368 1689 1729 1759 ύπεριδρυμέ-

1829 1235 1933 1291 est,
1986 1239 2043 1283 et
2103 1247 2207 1285 non
2256 1250 2459 1298 unum,
2508 1233 2723 1303 27gb
2783 1243 2967 1303 utpote
3013 1237 3154 1304 quod
3205 1237 3403 1290 habeat

1837 1332 2033 1375 nomen
2066 1340 2221 1389 unus,
2252 1334 2307 1380 et
2340 1326 2511 1393 reipsa
2542 1327 2594 1378 in
2632 1324 2797 1379 multa
2837 1325 3124 1380 dividatur.

1902 1413 2127 1480 Quando
2160 1428 2339 1471 autem
2392 1418 2619 1487 theologi
2654 1418 2889 1472 divinam
2938 1427 3184 1472 naturam
3223 1436 3394 1474 unum

1832 1508 1961 1575 quid
1996 1522 2117 1562 esse
2147 1510 2464 1576 praedicant,
2498 1520 2557 1562 ut
2583 1521 2845 1576 mentem,
2886 1510 2935 1563 id
2976 1520 3192 1579 propter
3229 1512 3398 1567 solam

1832 1596 2067 1650 divinam
2104 1597 2261 1652 Verbi
2297 1615 2392 1653 seu
2451 1600 2802 1668 impatibilem
2858 1601 3267 1668 generationem
3311 1601 3394 1655 fa-

1833 1688 2001 1742 ciunt.
2031 1688 2161 1742 Nam
2193 1702 2335 1744 recta
2360 1691 2553 1759 piaque
2586 1692 2852 1744 sententia
2878 1693 3208 1747 divinitatem
3236 1708 3397 1762 supra

154 1796 257 1846 νην
283 1779 518 1844 θεολογεί
537 1779 579 1807 ³¹
602 1780 699 1847 τὴν
732 1778 982 1848 θεότητα.
1018 1780 1127 1832 Καὶ
1151 1779 1258 1849 γὰρ
1290 1778 1385 1831 καὶ
1441 1779 1579 1830 κατὰ
1634 1777 1725 1828 τὸν
1752 1790 1800 1849 Β

1752 1790 1800 1849 Β
1832 1788 2076 1835 naturam
2110 1785 2304 1838 mentis
2330 1782 2630 1854 [humanae]
2668 1784 2987 1838 collocatam
3040 1785 3127 1853 pie
3178 1787 3393 1841 asserit.

154 1869 284 1921 νοῦν
304 1870 571 1939 ταυτότης
616 1870 808 1939 ὁρᾶται
840 1871 933 1923 καὶ¹
971 1870 1247 1939 ἑτερότης,
1293 1868 1505 1939 κίνησίς
1536 1884 1593 1919 τε
1634 1870 1725 1922 καὶ

157 1964 377 2027 στάσις,
414 1964 506 2015 καὶ
546 1964 643 2032 τῆς
700 1962 921 2032 διπλόης
968 1962 1247 2024 παντελῶς
1296 1961 1395 2013 οὐκ
1428 1960 1727 2025 ἐξίσταται,

158 2056 300 2110 ἀλλὰ
331 2054 518 2117 στάσις
552 2055 651 2122 μὲν
683 2055 830 2124 αὐτῷ
865 2053 955 2107 διὰ
982 2053 1078 2123 τὴν
1116 2054 1215 2123 τῆς
1245 2052 1431 2114 οὐσίας
1479 2053 1729 2122 ἐνορᾶται

157 2150 492 2217 ταυτότητά,
525 2149 776 2217 ἑτερότης
795 2147 851 2201 δὲ
882 2149 975 2202 καὶ
996 2150 1208 2217 κίνησις
1234 2148 1322 2201 διὰ
1349 2148 1445 2217 τὴν
1470 2148 1727 2212 αὐτεξού-

157 2259 279 2293 σιον
322 2241 497 2310 ὁρμὴν
558 2242 649 2293 καὶ
684 2242 992 2311 ἐνέργειαν·
1032 2241 1093 2293 ού
1152 2241 1260 2309 γάρ
1297 2242 1410 2292 ἐστι
1455 2241 1649 2293 ταύτὸν
1672 2240 1730 2292 ἓν

155 2337 338 2387 εἰπεῖν
394 2334 486 2387 καὶ
533 2334 667 2405 μετὰ
716 2335 817 2404 τῆς
878 2336 1014 2405 πρὸς
1058 2334 1184 2405 [456
1220 2333 1311 2406 Η.]
1340 2334 1511 2402 ,ἔτερα
1548 2352 1727 2403 παρα-

157 2428 367 2491 (ιέσεως
400 2429 479 2481 ἓν.
512 2427 673 2481 Ὅθεν
698 2430 745 2481 εἰ
770 2428 865 2482 καὶ
902 2422 984 2489 εἷς
1009 2427 1085 2497 τῷ
1122 2426 1467 2497 ὑποκειμένῳ
1528 2427 1730 2496 τυγχά-

154 2537 261 2582 vet,
296 2520 431 2572 ἀλλὰ
460 2519 595 2571 νοῶν
621 2519 811 2572 ἑαυτὸν
851 2520 944 2572 καὶ
976 2518 1063 2587 ὑφ’
1106 2518 1296 2571 ἑαυτοῦ
1331 2517 1729 2587 γινωσκόμενος

154 2611 277 2663 ἀνθ’
328 2609 498 2663 ἀπὶ.ὸῦ
536 2610 755 2674 διπλοῦς
789 2611 1191 2663 ἀποδείκνυται.
1248 2610 1445 2678 Ὅπερ,
1476 2611 1569 2663 καὶ
1601 2611 1652 2662 εί
1677 2627 1727 2662 τι

154 2702 373 2770 ὅμοιον,
422 2699 515 2752 τοῦ
566 2700 769 2770 κυρίως
815 2700 930 2762 ἑνὸς
962 2701 1055 2753 καὶ
1078 2700 1179 2769 τῆς
1218 2700 1492 2769 μακαρίας
1515 2698 1728 2765 φύσεως

155 2799 449 2861 παντελῶς
472 2799 844 2869 ἠλλοτρίωται.
889 2799 1085 2867 Διόπερ
1148 2798 1247 2851 οὐκ
1300 2796 1444 2851 ἔστιν
1493 2798 1613 2850 οὐδὲ
1650 2796 1729 2866 τῷ

155 2887 387 2957 ἀριθμῷ
414 2886 471 2938 ἓν
498 2889 530 2957 ἢ
562 2887 638 2950 ὡς
674 2888 815 2957 ἁρχὴ
877 2886 1137 2957 ἀριθμοῦ,
1198 2887 1319 2940 οὐδὲ
1364 2887 1440 2949 ὡς
1502 2885 1730 2955 μέγεθος

153 2981 187 3048 ἦ
218 2980 299 3041 ὡς
341 2979 483 3048 ἀρχὴ
539 2977 802 3046 μεγέθους
826 2994 841 3009 ·
878 2979 1056 3046 πάσης
1089 2978 1197 3047 γὰρ
1222 2976 1603 3045 ξποσότητοςυ
1636 2976 1729 3029 καὶ

157 3072 366 3142 μέρους
395 3072 487 3123 καὶ
511 3070 807 3132 συνθέσεως
834 3069 1205 3138 ύπερίδρυται.
1240 3069 1377 3120 Ἀλλ’
1409 3071 1458 3121 εί
1479 3069 1559 3121 δεῖ
1591 3068 1728 3139 θαρ-

1833 1869 2087 1925 ldentitas
2133 1875 2273 1927 enim
2300 1875 2462 1927 etiam
2510 1872 2563 1925 in
2597 1884 2772 1927 mente
2823 1883 3119 1942 spectatur,
3159 1875 3399 1943 itemque

1828 1962 2134 2027 diversitas,
2170 1976 2225 2019 et
2258 1977 2433 2021 motus
2457 1977 2510 2022 et
2543 1967 2718 2035 quies,
2751 1980 2847 2018 nec
2877 1968 3098 2019 omnino
3134 1976 3282 2020 caret
3306 1970 3398 2022 du-

1828 2054 2085 2124 plicitate.
2123 2056 2227 2111 Sed
2256 2060 2409 2127 quies
2433 2060 2647 2127 quidem
2677 2060 2728 2113 in
2751 2058 2862 2125 ipsa
2898 2069 3117 2128 propter
3142 2060 3396 2114 essentia:

1829 2146 2157 2203 ideotitatem
2198 2161 2470 2221 spectatur
2500 2170 2514 2205 :
2551 2152 2835 2206 diversitas
2868 2162 3044 2205 autem
3080 2160 3137 2205 et
3191 2161 3391 2212 motus.

1830 2250 2047 2308 propter
2074 2243 2370 2297 naturalem
2401 2244 2503 2297 vim
2531 2255 2584 2299 et
2626 2244 3017 2313 operationem.
3038 2244 3221 2312 Neque
3249 2246 3395 2299 enim

1828 2342 1908 2384 est
1944 2332 2079 2385 idem
2112 2335 2294 2389 dicere
2322 2352 2485 2390 unum
2520 2334 2638 2407 [per
2668 2336 2748 2407 se]
2778 2346 2832 2391 et
2858 2352 3018 2390 unum
3044 2347 3289 2407 respectu
3316 2337 3397 2391 al-

1830 2424 2018 2477 terius.
2071 2424 2227 2480 Unde
2278 2429 2524 2497 quamvis
2580 2443 2718 2482 unus
2767 2430 2839 2482 sit
2889 2426 3152 2494 subjecto,
3211 2437 3393 2482 tamen

1828 2517 2041 2583 quando
2090 2519 2327 2587 seipsum
2374 2520 2703 2585 conside'rat,
2738 2530 2791 2575 et
2848 2521 3091 2574 noscitur
3138 2535 3167 2573 a
3215 2521 3395 2588 seipse

1831 2621 1927 2675 pro
1955 2622 2059 2661 uno
2084 2621 2138 2663 et
2177 2611 2404 2680 simplici
2432 2612 2626 2679 duplex
2654 2628 2775 2666 esse
2801 2612 3091 2681 probatur;
3123 2612 3263 2679 quod
3288 2610 3393 2666 etsi

1830 2700 1958 2766 quid
1987 2702 2163 2755 simile
2215 2704 2376 2758 habet
2424 2704 2591 2776 [ntti,]
2656 2706 2870 2774 proprie
2906 2704 3132 2777 [tamen]
3168 2703 3235 2757 ab
3264 2718 3393 2765 uno,

1830 2803 1885 2845 et.
1913 2807 1942 2843 a
1978 2793 2132 2846 beata
2165 2792 2305 2863 [Dei]
2344 2805 2534 2849 natura
2571 2811 2792 2865 prorsus
2843 2796 3077 2850 alienum
3113 2805 3216 2850 est.
3251 2793 3391 2849 Hinc

1831 2895 2006 2951 neque
2058 2898 2281 2938 numero
2323 2900 2485 2938 unum
2538 2894 2641 2951 est,
2685 2894 2869 2938 autut
2922 2885 3243 2953 principium
3288 2901 3393 2937 nu-

1832 2974 2001 3037 meri;
2056 2987 2226 3040 neque
2287 2984 2345 3027 ιιι
2404 2976 2735 3043 magnitudo,
2767 2976 2851 3029 vel
2930 2986 2988 3029 ut
3058 2976 3389 3045 principium

1834 3065 2233 3132 magnitudinis,
2250 3081 2463 3119 omnem
2480 3068 2620 3120 enim
2642 3067 3063 3136 magnitudinem
3088 3077 3143 3120 et
3159 3077 3391 3135 partem,

156 3132 415 3234 ίδὴἒταντα
447 3164 639 3222 εἰπεῖν.
668 3162 726 3214 ἓν
763 3162 878 3214 ἐστι
920 3132 981 3214 τὸ
1022 3132 1176 3214 ὸεῖον
1202 3161 1342 3213 κατὰ
1358 3161 1457 3231 τὴν
1495 3132 1730 3230 ἁπλότη-
1757 3132 1799 3190 c

1757 3132 1799 3190 α
1834 3166 1888 3209 ει
1920 3158 2360 3225 compositionem
2399 3160 2583 3213 vincit.
2632 3159 2697 3211 Et
2745 3161 2788 3212 si
2839 3160 2919 3211 fas
2960 3160 3179 3213 liberius
3225 3159 3392 3228 loqui,

150 3273 226 3308 τα
243 3256 348 3326 τῆς
373 3254 680 3324 ὑπάρξεως,
712 3255 811 3324 οὐχ
841 3253 919 3316 ὡς
948 3253 1007 3305 ἓν
1039 3253 1339 3324 τριὼνυμον
1362 3252 1731 3323 θεωρούμενον

151 3349 186 3417 ἢ
224 3350 314 3409 είς
342 3348 483 3417 μέρη
506 3347 879 3417 διαιρούμενον
910 3346 944 3415 ἢ
970 3348 1031 3398 ὲκ
1066 3346 1325 3400 πλειόνων
1341 3345 1730 3415 συγκείμενον

151 3443 403 3511 ἄρρητον
426 3442 535 3508 γάρ
564 3443 681 3491 ἐστι
736 3440 831 3493 καὶ
885 3440 1320 3511 ἀκατονόμαστον
1376 3438 1533 3493 τοῦτο
1562 3438 1623 3491 τὸ
1651 3438 1729 3504 ἓν,

153 3532 296 3606 [865
325 3531 416 3603 8.]
448 3532 569 3584 ιπεὶ
591 3531 686 3584 καὶ
708 3530 873 3585 αὐτοῦ
894 3531 987 3585 τοῦ
1014 3533 1131 3596 ἑνός
1150 3535 1297 3586 ἐστιν
1324 3532 1516 3596 αἴτιον,
1554 3534 1735 3599 πάσης

153 3624 352 3685 ὲνάδος
380 3622 623 3676 ἑνοποιὸν
651 3622 744 3675 καὶ
789 3624 988 3687 παντὸς
1015 3624 1132 3687 ἑνὸς
1164 3625 1258 3677 καὶ
1286 3623 1523 3693 πλήθους
1559 3622 1731 3694 ὑπερ-

149 3716 528 3786 απλούμενον,
583 3713 669 3767 διὰ
693 3714 754 3767 τὸ
776 3713 979 3786 κυρίως
1001 3714 1060 3767 ἓν
1102 3711 1241 3769 εἶναι
1302 3716 1398 3769 καὶ
1452 3717 1508 3768 ἐν
1567 3717 1735 3769 πᾶσιν

150 3806 306 3863 εἶναι
365 3808 458 3861 καὶ
511 3806 652 3875 ύτὶρ
685 3806 861 3859 πάντα
880 3804 1265 3874 γινώσκεσθαι,
1298 3807 1601 3860 οὑσιοποιδν
1635 3808 1735 3876 μιν

153 3903 432 3955 ἁπάντων
464 3897 571 3951 τῶν
612 3898 801 3961 ὅντων,
846 3898 1267 3970 ὑπεριδρυμένον
1298 3897 1355 3950 δὲ
1383 3899 1440 3950 ὲν
1466 3901 1533 3968 τῇ
1563 3898 1735 3969 ὑπερ-

148 3994 323 4063 ουσία
376 3991 471 4044 καὶ
525 3990 630 4061 ίδίᾳ
696 3990 945 4060 μονότητι
973 4029 989 4056 ,
1039 3990 1164 4053 ἑνὰς
1222 3989 1316 4043 καὶ¹
1393 3990 1559 4059 μονὰς
1623 3990 1737 4041 θεο-

146 4082 323 4149 λογού
336 4097 514 4149 μενον,
548 4080 677 4141 Υἱὸς
715 4082 773 4131 ὲν
800 4078 973 4149 Πατρὶ
1006 4079 1101 4132 καὶ
1131 4077 1320 4147 Πατὴρ
1346 4078 1405 4130 ἰν
1430 4077 1543 4146 Υίῷ
1568 4093 1735 4145 γινω-

146 4172 454 4241 σκόμενον,
502 4168 725 4239 Πνεῦμα
774 4170 928 4237 ἅγιον
950 4167 1377 4238 ἐκπορευόμενον
1411 4167 1474 4219 ἐκ
1502 4166 1732 4239 Πατρὸς,

145 4264 341 4333 ἀρχὴν
376 4261 473 4331 μὲν
492 4261 610 4331 ἕχον
632 4262 721 4314 τὸν
745 4262 982 4332 Πατέρα,
1005 4261 1071 4314 δι’
1100 4259 1229 4313 Υίοῦ
1260 4258 1316 4313 δὲ
1348 4261 1428 4322 είς
1448 4261 1624 4313 κτίσιν
1648 4259 1735 4312 tn'

144 4357 241 4407 εὑε
250 4354 457 4423 ργεσέᾳ
471 4354 576 4404 τῶν
587 4352 1211 4423 δεχομένωνὲρχόμενον,
1230 4352 1289 4405 οὐ
1305 4351 1425 4403 καθ’
1444 4350 1634 4419 ὕφεσιν
1651 4369 1735 4421 γι-

1832 3262 1995 3301 unnm
2026 3260 2107 3301 est
2134 3248 2388 3303 divinitas
2421 3255 2714 3303 secundum
2768 3251 3169 3319 simplicitatem
3207 3267 3395 3307 essen-

1833 3337 1940 3403 tia,
1973 3354 2075 3393 non
2117 3350 2175 3392 ut
2214 3354 2376 3393 unum
2416 3341 2513 3393 sub
2572 3341 2767 3410 triplici
2820 3342 3035 3396 nomine
3074 3343 3395 3398 considera-

1833 3438 1969 3493 tum,
1995 3431 2162 3485 autin
2192 3443 2370 3499 partes
2416 3432 2679 3497 divisum,
2715 3442 2805 3485 aut
2838 3448 2903 3486 ex
2959 3434 3201 3502 pluribus
3246 3450 3395 3488 com-

1832 3524 2095 3593 positum;
2138 3524 2509 3595 inexplicabile
2554 3526 2694 3579 enim
2729 3536 2833 3589 est,
2892 3540 2989 3579 nec
3033 3527 3141 3581 ullo
3180 3530 3396 3583 nomine

1834 3614 1935 3669 hoc
1969 3630 2129 3668 unum
2157 3617 2382 3685 exprimi
2415 3627 2588 3685 potest
2618 3636 2631 3670 :
2668 3617 2790 3686 quia
2819 3618 2983 3685 ipsius
3030 3619 3188 3673 unius
3228 3620 3393 3673 etiam

1832 3716 1916 3761 est
1946 3721 2131 3768 causa,
2161 3717 2215 3762 et
2249 3708 2469 3762 unitatis
2502 3709 2872 3778 cujuscunque
2911 3708 3100 3763 unicus
3138 3708 3395 3774 effector;

1832 3798 2083 3853 omnibus
2106 3812 2317 3868 quoque
2346 3809 2450 3853 tam
2496 3816 2623 3863 uno,
2672 3815 2833 3869 quam
2884 3801 3069 3856 multis
3110 3802 3223 3871 ipsa
3256 3803 3387 3856 sim-

1832 3890 2068 3959 plicitate
2093 3892 2357 3961 superior,
2383 3907 2450 3947 eo
2482 3894 2623 3963 quod
2667 3894 2893 3962 proprie
2920 3909 3083 3948 unum
3120 3896 3212 3959 sit,
3238 3906 3295 3950 et
3340 3897 3392 3949 in

1831 3982 2079 4036 omnibus
2105 3992 2159 4036 et
2208 3998 2370 4052 super
2406 3986 2587 4038 omnia
2637 3984 2993 4054 intelligatur;
3031 3986 3170 4056 quod
3214 3988 3393 4040 omnia

1832 4071 2044 4140 quidem
2102 4089 2221 4142 quae
2270 4086 2417 4141 sunt,
2476 4077 2738 4140 condidit,
2780 4077 2829 4129 in
2883 4078 3390 4144 supersnbstantiali

1834 4172 2012 4218 autem
2043 4174 2095 4218 et
2148 4166 2248 4221 sibi
2308 4166 2518 4236 propria
2565 4168 2942 4238 singularitate
3001 4167 3320 4233 fundatum,
3361 4186 3392 4225 a

1831 4254 2091 4325 theologis
2134 4257 2309 4311 unitas
2335 4268 2386 4311 et
2418 4258 2761 4328 singularitas
2789 4267 3051 4313 vocatur:
3115 4275 3211 4314 nec
3249 4261 3390 4315 aliud

1834 4360 1954 4400 esse
2000 4348 2363 4416 cognoscitur,
2388 4364 2547 4418 quam
2580 4347 2749 4403 Filius
2780 4349 2830 4402 in
2861 4350 3037 4413 Patre,
3068 4360 3119 4404 et
3149 4350 3308 4406 Pater
3338 4353 3388 4405 in

142 4444 515 4513 νωσκομένης
535 4444 633 4512 τῆς
651 4445 974 4512 γεννήσεως,
993 4444 1053 4496 οὐ
1082 4444 1220 4496 κατά
1236 4442 1404 4513 τομὴν
1427 4441 1732 4514 θεωῳυμέ-
1760 4462 1804 4518 υ

1725 4472 1732 4484 ι
1760 4462 1805 4518 D
1834 4435 1969 4491 Filio
1997 4454 2011 4491 :
2051 4437 2283 4506 Spiritus
2310 4454 2520 4508 quoque
2549 4448 2770 4494 sanctus
2796 4441 3091 4507 procedens
3113 4456 3179 4495 ex
3209 4442 3387 4508 Patre,

142 4554 247 4608 νης
260 4537 375 4607 τῆς
395 4536 861 4606 ὲκτεορεύσεωςΕἰ
876 4534 982 4606 γάρ
1000 4552 1082 4598 τις
1104 4537 1222 4605 δοίη
1242 4534 1533 4599 ταῦτα,καὶ
1543 4534 1634 4586 ἐπὶ
1648 4552 1737 4587 τε·-

1727 4565 1737 4579 .
1832 4538 1886 4581 ει
1916 4528 2237 4597 principium
2278 4530 2491 4599 quidem
2543 4532 2747 4585 habens
2780 4530 3015 4597 Patrem,
3045 4535 3137 4587 sed
3174 4549 3269 4601 per
3304 4534 3389 4589 Fi-

140 4628 335 4698 τράδα
362 4627 409 4658 ⁸⁸
438 4626 530 4678 καὶ
576 4626 810 4679 πιντάδα
847 4627 941 4678 καὶ
982 4626 1068 4678 ἐπ’
1121 4626 1345 4697 ἄπειρον
1387 4624 1485 4694 τὴν
1514 4625 1737 4693 πρόοδον

1724 4644 1737 4677 ν
1830 4617 1959 4671 lium
1988 4620 2039 4671 in
2070 4629 2371 4685 creaturas,
2402 4637 2498 4690 pro
2520 4637 2612 4676 sua
2654 4639 2779 4692 erga
2811 4624 3012 4678 electos
3035 4626 3386 4681 beneficentia

138 4721 366 4791 ῥυῆναι
395 4718 533 4771 κατὰ
568 4720 693 4779 τοὺς
733 4718 999 4787 Ἑλλήνων
1041 4716 1241 4787 μύθους
1288 4719 1735 4783 συγκατασκευά-

139 4828 325 4865 σειεν.
374 4810 469 4861 Ἐν
492 4804 583 4862 οὖν
612 4810 813 4880 κυρίως
833 4809 878 4841 ⁸⁸
912 4809 972 4861 τὸ
994 4808 1171 4873 Θείον,
1197 4810 1513 4879 πληθυσμδν
1544 4810 1731 4863 οὐδένα

136 4921 222 4956 πα
231 4901 440 4973 ραδεχό
447 4918 626 4970 μενον,
640 4899 714 4963 ὡς
730 4899 960 4971 ἀκριϐής
971 4916 1031 4951 τε
1056 4902 1148 4952 καὶ
1166 4899 1368 4970 ἀληθὴς
1386 4901 1573 4969 ἑνότης
1591 4901 1729 4952 κατὰ

137 4994 246 5062 τὴν
300 4992 567 5063 φυσικὴν,
598 4994 645 5044 εί
669 4993 773 5062 χρὴ
795 4991 979 5060 φάναι,
1002 4991 1375 5061 θεωρούμενον
1397 4994 1721 5063 ταυτότητα.

138 5086 321 5138 Ὅθεν
375 5083 422 5133 εί
463 5084 556 5135 καὶ
608 5082 933 5144 ὑποστάσεις
974 5081 1008 5152 ἢ
1054 5082 1321 5150 πρόσωπα
1372 5082 1405 5152 ἢ
1462 5083 1725 5152 ἰδιότητας

133 5176 522 5247 ὀνομάζομεν,
552 5173 586 5227 ἃ
608 5177 635 5226 ὁ
660 5174 783 5237 νοῦς
827 5174 983 5241 ἔγνω,
1017 5174 1139 5227 καθ’
1164 5175 1287 5226 ὅσον
1314 5174 1533 5227 δυνατόν
1557 5175 1721 5237 ἐστιν,

134 5264 499 5338 ὲομηνεῦσαι
536 5264 863 5335 βουλόμενοι,
897 5266 955 5317 οὑ
987 5265 1045 5317 τὸ
1075 5264 1131 5316 ἓν
1162 5264 1496 5333 διαιροῦμεν,
1535 5266 1596 5317 οὐ
1625 5264 1723 5333 τὴν

133 5358 365 5429 μονάδα
420 5355 727 5424 μερίζομεν,
764 5357 822 5407 οὐ
842 5355 938 5425 τὴν
976 5357 1131 5408 ὲνάδα
1182 5356 1517 5424 διασπῶμεν,
1586 5356 1720 5409 ἀλλὰ

128 5455 199 5519 τῇ
230 5450 410 5516 ἀϊδίῳ
469 5448 715 5516 μονότητι
765 5448 1136 5515 θεολογοῦντες
1199 5449 1401 5515 ταύτην
1458 5452 1513 5500 ὲν
1545 5450 1719 5518 τρισὶν

128 5542 325 5611 αὐτὴν
372 5538 831 5606 συνθεολογοῦμεν
892 5542 1266 5600 ὑποστάτεσιν,
1302 5541 1399 5592 οὐκ
1448 5541 1719 5610 ἀνθρωπί-

129 5650 250 5695 νοις
312 5631 603 5695 λογισμοῖς
659 5630 726 5681 τὰ
770 5630 907 5699 ὑπὲρ
961 5630 1081 5682 νοῦν
1139 5628 1547 5691 ὑποϐάλλοντες,
1599 5630 1718 5681 οὐδὲ

1827 4710 2159 4766 descendens
2190 4729 2203 4766 :
2235 4712 2313 4769 sic
2342 4724 2518 4769 tamen
2572 4725 2630 4767 ut
2676 4731 2774 4769 nec
2825 4719 3173 4785 generatione
3215 4718 3384 4791 [Filii]

1829 4802 2109 4856 imminuta
2160 4820 2412 4859 noscatur
2464 4807 2734 4870 essentia,
2800 4824 2894 4862 nec
2942 4809 2991 4862 in
3049 4812 3388 4877 processioue

1829 4891 2083 4963 [Spiritus
2116 4894 2309 4967 sancti]
2340 4896 2574 4961 ejusdem
2606 4897 2797 4950 divisio
2831 4896 2967 4952 facta
3005 4900 3383 4954 existimetur:

1827 4986 2176 5054 generatione
2229 5002 2332 5040 non
2386 5004 2479 5056 per
2532 4988 2868 5041 imminutam
2938 4990 3229 5044 essentiam
3268 5008 3386 5060 spe-

1828 5086 1991 5139 ctata,
2029 5092 2201 5145 neque
2241 5082 2579 5147 processione
2609 5082 2900 5134 secundum
2948 5082 3261 5137 divisionem
3293 5100 3386 5138 co-

1826 5168 1994 5235 gnita.
2054 5167 2110 5221 Si
2164 5171 2305 5223 enim
2360 5172 2472 5224 hare
2520 5174 2852 5225 concesserit
2902 5174 3207 5240 quispiam,
3272 5186 3381 5228 tum

1826 5262 2117 5315 secundum
2172 5260 2374 5314 fabulas
2422 5277 2747 5331 paganorum
2787 5277 2955 5330 usque
2996 5265 3061 5315 ad
3097 5276 3382 5330 quaterna-

1828 5370 1971 5419 rnnt,
2002 5355 2284 5422 quinarum
2316 5370 2377 5408 ac
2408 5355 2618 5407 tandem
2649 5370 2986 5422 pregressunt
3032 5356 3081 5408 in
3116 5356 3380 5411 inlinitun:

1826 5448 2121 5500 concedere
2180 5456 2481 5515 cogeretur.
2548 5445 2730 5514 Itaque
2792 5446 3048 5515 quidquid
3110 5448 3246 5502 Deus
3300 5456 3382 5502 est

1827 5539 2037 5605 proprie
2074 5553 2234 5590 unum
2274 5550 2375 5602 est,
2402 5538 2540 5604 quod
2590 5538 2785 5590 nullam
2817 5538 3051 5591 admittit
3087 5541 3378 5594 multitudi-

1829 5644 1973 5688 nem,
2017 5640 2266 5696 tanquam
2300 5628 2535 5697 perfecta
2581 5646 2811 5699 veraque
2839 5631 3132 5684 secundum
3164 5641 3378 5685 natura-

1427 5718 1659 5772 \'AB|E
1701 5717 2100 5773 LECTIONES.

225 5809 275 5842 ⁸⁸
318 5808 557 5878 μονάδα]
589 5810 749 5864 ἐνάδα
782 5809 845 5864 Α.
922 5812 966 5843 ⁸²
994 5810 1319 5880 θεολογεῖται
1348 5812 1395 5865 θ.
1443 5829 1503 5875 ς.
1579 5812 1624 5843 ⁸³
1649 5813 1941 5882 μεσότητος
1971 5813 2032 5863 Λ.
2110 5810 2153 5845 ⁸⁸
2178 5810 2270 5864 καὶ
2306 5810 2397 5865 ἐπὶ
2428 5828 2581 5866 πεντ.
2605 5811 2663 5865 Β.
2729 5811 2786 5890 ’⁸³
2811 5812 3010 5881 κυρίως
3045 5811 3137 5865 οὖν
3165 5827 3227 5879 ς’.
