4208 6442
884 396 1018 461 1063
1948 387 2212 449 ΡΠΟΤΠ
2266 385 2539 445 PATRIA

2442 385 2539 445 {IA
2549 384 2768 444 “Cl-13E
2806 386 2915 445 ΟΡ.
3964 389 4104 453 1064

880 510 1009 571 lem,
1051 509 1096 563 si
1137 506 1207 560 ita
1258 504 1585 574 loquendum
1634 510 1753 566 est,
1784 501 2069 565 unitatem,
2112 497 2438 567 spectatn'm.
2469 500 2519 556 Α

2469 500 2519 556 Α
2544 498 2949 565 περινοητικαῖς
2994 495 3241 563 ἐρεύναις
3263 496 3331 547 τὰ
3364 494 3501 566 ὑπὲρ
3535 496 3748 565 εὕρεσιν
3791 500 4106 569 ἐνυϐρίζω-

880 600 1055 664 Unde,
1091 598 1335 666 quamvis
1392 598 1709 664 bypostases
1742 609 1837 648 seu
1880 606 2158 660 personas,
2187 606 2283 644 seu
2314 604 2440 659 pro-

2542 604 2654 647 τες.
2702 588 2791 637 Διὸ
2829 588 2953 648 τοὺς
3004 587 3155 653 παρὰ
3208 586 3380 639 ταῦτα
3405 588 3438 658 ἢ
3466 589 3563 653 τὴν
3594 590 3833 659 ἄρρητον
3875 593 4104 660 ἑνότητα

877 694 1135 762 prietates
1180 703 1569 757 nuncupamus,
1627 702 1763 755 quas
1820 700 1977 739 mens
2025 685 2295 753 cognovit,
2340 697 2439 749 pro

2542 678 2985 748 διατέμνονταςῆ
3030 679 3090 732 τὺ
3142 679 3417 748 τριαδικὸν
3446 681 3555 731 τῶν
3612 682 3966 733 ὑποστάσεων
4023 684 4104 743 εἰς

879 783 1134 837 facultate
1162 791 1346 835 nostra
1374 780 1716 846 interpretari
1739 776 1941 843 conati,
1969 789 2305 843 nequaquam
2334 773 2439 825 hoc

2546 771 2835 838 μοναδικὴν
2880 771 3069 823 πενίαν
3118 772 3499 838 συγκλείοντας
3542 771 3618 832 ὡς
3663 771 3765 841 τῆς
3813 772 4104 837 σὺσεδείας

877 888 1041 927 unum
1082 874 1366 928 dividimus
1403 882 1495 926 aut
1516 872 1775 924 unitatem
1804 870 2089 938 partimur,
2139 875 2233 919 aut
2263 864 2439 917 unita-

1575 872 1775 924 ritatem
1804 870 2089 938 partimur,
2139 875 2233 919 aut
2263 864 2439 917 unita-
2541 862 2827 931 πολεμίους
2843 863 3237 934 ἐκτρεπόμεθα.

879 974 987 1018 tem
1030 964 1363 1028 divellimus;
1418 961 1511 1015 sed
1561 963 1705 1015 banc
1744 962 1797 1014 in
1835 972 2035 1014 arterna
2086 958 2291 1009 unitate
2358 953 2444 1020 pie
2477 952 2687 1020 279a
2718 956 3126 1019 perpendentes,
3158 954 3303 1006 illam
3355 953 3408 1007 in
3454 951 3627 1006 tribus
3683 953 3936 1015 personis
4001 968 4105 1009 una

874 1052 1189 1121 proﬁtemur
1217 1056 1388 1122 neque
1410 1070 1470 1108 ea
1496 1068 1617 1120 quae
1637 1067 1807 1123 supra
1833 1051 2029 1105 mentis
2053 1059 2270 1117 captum
2330 1053 2478 1105 sunt,
2556 1046 2748 1098 rationi
2786 1048 3034 1101 humanae
3075 1045 3430 1113 subjicienda,
3472 1058 3648 1113 neque
3688 1045 3909 1098 curiosa
3938 1054 3996 1097 et
4018 1059 4105 1097 va-

875 1149 957 1204 fra
1002 1150 1405 1218 investigatione
1452 1149 1543 1203 illa
1568 1164 1687 1217 qua:
1749 1148 1973 1203 inveniri
2054 1155 2328 1212 nequeunt
2390 1141 2653 1196 vitiando.
2710 1143 3047 1212 Quapropter
3121 1142 3280 1205 illos,
3336 1133 3425 1210 qui
3498 1141 3597 1194 hos
3645 1139 3843 1193 limites
3898 1136 4104 1205 θεαιεεὶ

876 1250 972 1292 aut
1003 1241 1263 1293 unitatem
1310 1241 1450 1293 banc
1507 1240 1923 1295 inenarrabilem
2004 1236 2337 1307 partiuntur,
2386 1243 2482 1288 aut
2543 1244 2657 1290 tres
2698 1249 2955 1303 personas
3005 1234 3074 1291 ad
3129 1234 3352 1289 unitatis
3398 1231 3671 1303 angustias
3719 1231 4003 1300 redigunt,
4050 1248 4105 1288 ut

876 1330 1055 1383 hostes
1086 1331 1301 1399 pietatis
1338 1331 1709 1399 proﬂigamus.

951 1423 1075 1479 llaec
1104 1435 1159 1477 et
1196 1427 1297 1479 hoc
1340 1441 1509 1494 genus
1551 1427 1667 1496 (72)
1722 1426 1825 1481 alia
1861 1436 2203 1496 prosecutus,
2251 1435 2441 1481 contra

2614 1417 2800 1472 Ταῦτα
2825 1418 2920 1471 καὶ
2942 1414 3163 1471 τοιαῦτα
3190 1416 3241 1449 ⁸⁸
3267 1415 3551 1481 διεξελθὼν
3578 1414 3716 1483 πρὸς
3747 1417 3878 1479 τὼς
3910 1415 4103 1483 ἰδίωμα

876 1532 969 1570 eos
996 1518 1252 1585 disputat,
1302 1518 1392 1586 qni
1440 1519 1753 1588 bypostasin
1805 1521 1938 1573 nihil
1983 1521 2128 1573 aliud
2158 1535 2283 1573 esse
2308 1533 2443 1572 con-

2441 1548 2443 1555 τ
2546 1514 2707 1583 μόνον
2736 1507 2877 1565 εἶναι
2918 1513 3369 1581 κενολογήσαντος
3410 1511 3454 1541 ⁸⁷
3504 1509 3603 1578 τὴν
3659 1509 3971 1583 ὑπόστασιν
4016 1511 4103 1560 ἀν-

878 1610 1121 1673 tendunt,
1171 1625 1332 1677 quam
1385 1613 1579 1663 nudam
1622 1614 2047 1680 proprietatem,
2091 1612 2443 1679 pluribusque

2439 1631 2443 1661 ι
2542 1605 2912 1674 τιφθέγγεται,
2954 1605 3048 1656 καὶ
3079 1605 3289 1657 πλείοσι
3334 1604 3434 1671 τῆς
3484 1600 3764 1660 εὐσεϐείας
3821 1599 4101 1668 λογισμοῖς

883 1712 1020 1752 verre
1043 1700 1263 1767 pietatis
1296 1700 1596 1754 rationibus
1625 1702 1847 1769 impiam
1877 1703 2090 1755 illorum
2118 1702 2440 1755 sententiam
2540 1718 2545 1733 ε

2439 1735 2440 1748 χ
2540 1699 2639 1766 τὴν
2684 1699 2862 1749 αὑτῶν
2914 1697 3251 1765 ἐπιστομίζει
3296 1694 3601 1746 κακόνοιαν.
3649 1692 3710 1742 Εἰ
3758 1692 3871 1759 γάρ
3916 1694 4101 1743 ταύτὸν

879 1792 1136 1843 retundit.
1168 1788 1381 1842 Etenim
1414 1791 1460 1844 si
1495 1793 1631 1844 idem
1658 1805 1744 1846 est
1774 1809 2001 1861 persona
2033 1803 2088 1847 et
2119 1796 2439 1862 pr0prietas,

2547 1792 2841 1850 ὑπόστασις
2900 1788 2993 1841 καὶ
3049 1788 3266 1856 ἰδίωμα,
3316 1785 3727 1851 ἐνανορωπῆσαι
3775 1781 3834 1833 δὲ
3878 1781 3986 1850 τὴν
4016 1782 4099 1832 τοῦ

878 1882 1003 1932 dum
1039 1881 1195 1933 Verbi
1251 1882 1561 1950 liypostasin
1617 1884 1953 1937 incarnatam
1983 1888 2235 1949 dicimus,
2270 1887 2441 1937 mani-
2474 1901 2515 1951 Β

2438 1901 2515 1951 ιη
2547 1883 2719 1948 Λόγου
2770 1881 2947 1947 φαμὲν
3005 1881 3336 1938 ὑπόστασιν,
3380 1906 3450 1915 -
3512 1874 3645 1927 ἀλλὰ
3699 1873 3761 1925 τὸ
3812 1873 4100 1925 ἀκόλουθον

878 1969 1067 2021 festum
1102 1980 1183 2022 est
1214 1970 1264 2021 id
1295 1972 1436 2036 quod
1471 1971 1594 2025 inde
1635 1974 1880 2038 sequitur
1924 1972 2062 2043 (75),
2120 1983 2175 2026 et
2218 1970 2443 2027 manife-

878 2060 1015 2113 Stius
1042 2061 1112 2113 ob
1157 2060 1568 2129 blasphemiam,
1606 2079 1726 2131 qua:
1752 2066 1913 2119 tacite
1948 2065 2003 2117 in
2036 2075 2197 2135 caput
2230 2067 2440 2119 illorum

876 2158 1283 2218 retorquentur,
1337 2150 1428 2219 qui
1480 2151 1595 2208 haec
1640 2154 1825 2207 dicere
1874 2166 2109 2224 cogunt.
2161 2155 2443 2220 Quomodo

876 2256 1043 2311 porro
1101 2242 1334 2311 Spiritus
1376 2254 1596 2298 sanctus
1624 2246 1669 2299 si
1716 2248 2017 2316 proprietas
2063 2256 2167 2313 est,
2206 2258 2381 2317 potest
2411 2266 2443 2303 a

881 2332 1037 2387 Patre
1084 2335 1395 2402 procedere,
1427 2345 1534 2388 eta
1578 2337 1738 2390 Patre
1793 2339 1849 2391 in
1900 2354 2038 2409 opus
2091 2350 2353 2392 creatura:
2376 2356 2443 2393 ex

877 2426 1138 2481 beneﬁcio
1200 2427 1363 2480 mitti.
1416 2428 1674 2492 Quinimo
1724 2432 1904 2485 omnis
1978 2447 2209 2500 persona
2260 2448 2441 2486 rerum

878 2514 1291 2566 subsistentium
1321 2530 1417 2583 per
1448 2530 1506 2567 se
1536 2517 1779 2572 subsistit
1809 2538 1823 2571 :
1852 2519 2135 2584 Quomodo
2167 2537 2293 2589 ergo
2318 2538 2444 2589 pro-

879 2606 1081 2674 prietas
1103 2622 1199 2674 per
1225 2622 1284 2659 se
1326 2606 1608 2670 subsistat,
1638 2608 1684 2660 si
1720 2610 1853 2663 illud
1895 2612 2133 2678 positum
2176 2621 2303 2664 ante
2332 2627 2439 2664 non

881 2698 967 2759 sit,
1004 2698 1157 2763 cuius
1186 2698 1485 2764 proprietas
1507 2713 1629 2752 esse
1662 2699 1902 2754 dicitur?
1940 2702 1997 2753 ln
2026 2703 2198 2755 tribus
2228 2716 2442 2769 quoque

879 2788 1126 2855 personis
1166 2804 1319 2841 sacer
1346 2789 1568 2842 Patrum
1610 2801 1835 2845 senatus
1866 2792 2103 2846 divinam
2150 2794 2439 2846 essentiam

880 2894 999 2932 esse
1033 2880 1235 2933 docet:
1275 2884 1326 2933 in
1386 2882 1559 2935 tribus
1591 2892 1772 2936 autem
1816 2885 2241 2953 proprietatibus
2284 2900 2445 2938 nemo

879 2970 1195 3032 affirmavit,
1231 2971 1324 3024 sed
1350 2980 1538 3024 contra
1574 2974 1755 3041 potius
1786 2975 1841 3027 in
1877 2976 2194 3029 essentia-et
2234 2991 2332 3044 per
2358 2991 2446 3029 es-

880 3062 1109 3113 sentiam
1141 3073 1543 3129 cognoscuntur
1568 3079 1687 3116 esse
1720 3067 2097 3133 proprietates.
2137 3065 2441 3120 Essentiam

880 3160 1059 3205 autem
1086 3168 1180 3220 per
1194 3154 1554 3221 proprietates
1583 3170 1742 3209 nemo
1762 3157 2074 3210 asseruerit.
2104 3156 2215 3210 Etsi
2235 3158 2380 3211 enim
2411 3173 2442 3209 a

881 3243 1151 3311 Tlieologo
1185 3244 1387 3296 dictum
1419 3252 1504 3297 est
1529 3260 1691 3298 unam
1726 3256 1976 3300 naturam
2024 3248 2079 3300 in
2109 3248 2284 3301 tribus
2321 3264 2440 3302 esse

880 3335 1319 3403 pr0prietatibus,
1351 3336 1490 3388 idem
1547 3345 1728 3390 tamen
1778 3354 1884 3391 non
1909 3348 1995 3392 est
2046 3341 2351 3408 pr0prictas
2385 3351 2442 3395 et

880 3426 1157 3494 proprium
1187 3427 1321 3493 (74).
1352 3426 1553 3481 Deinde
1585 3430 1795 3482 etiamsi
1825 3431 2025 3483 abusus
2052 3432 2125 3485 sit
2152 3432 2442 3485 Nazianze-

880 3532 981 3569 nus
1000 3533 1128 3572 voce
1160 3518 1531 3590 {proprietas},
1562 3536 1672 3573 non
1695 3522 1840 3575 illico
1872 3533 2051 3576 tamen
2068 3524 2189 3590 quis
2209 3530 2438 3588 asserat,

878 3606 1020 3660 idem
1054 3623 1171 3662 esse
1214 3623 1495 3676 personam
1518 3651 1534 3675 ,
1589 3621 1645 3664 et
1680 3614 1897 3681 proprie
1934 3614 2133 3667 dictam
2196 3615 2443 3684 proprie-

882 3705 1081 3761 tatem;
1120 3713 1243 3749 cum
1290 3714 1416 3752 vero
1445 3708 1500 3752 et
1529 3702 1861 3769 proprietas,
1890 3704 2043 3770 quasi
2086 3718 2185 3772 per
2227 3704 2439 3773 signum

881 3788 1151 3854 exprimat
1198 3804 1257 3841 se
1297 3791 1593 3843 constituat
1639 3807 1955 3859 personam,
1991 3795 2439 3862 quemadmodum

884 3870 1081 3933 Basilio
1112 3890 1166 3934 et
1195 3881 1466 3950 plerisque
1509 3882 1760 3937 Patribus
1791 3884 2022 3950 videtur,
2058 3887 2187 3953 quid
2222 3886 2439 3941 absurdi

879 3968 1082 4022 dictum
1128 3980 1263 4023 esta
1293 3982 1481 4025 sancto
1524 3972 1784 4041 Gregorio
1836 3973 2022 4045 [utram
2068 3976 2339 4045 naturam]
2384 3977 2437 4029 in

879 4059 1050 4113 tribus
1076 4076 1196 4114 esse
1240 4063 1692 4131 proprietatibus?
1740 4081 1841 4118 cur
1875 4066 2251 4121 nondecernat
2296 4068 2439 4121 idem

877 4165 997 4204 esse
1028 4167 1307 4220 personam
1326 4163 1381 4205 et
1410 4153 1938 4222 proprietatem,sed
1960 4157 2113 4224 quasi
2146 4159 2213 4209 ab
2236 4158 2439 4224 optimo

878 4242 1053 4312 signo,
1088 4243 1190 4296 hoc
1219 4254 1303 4297 est
1344 4246 1696 4313 proprietate,
1743 4247 2057 4301 denominet
2083 4248 2441 4317 hypostasim?

878 4330 1044 4384 Addit
1099 4348 1247 4401 ergo,
1288 4334 1744 4388 intellectualibus
1792 4335 2213 4403 perfectionibus
2258 4353 2353 4403 per
2380 4353 2439 4391 se

879 4423 1322 4477 subsistentibus.
1356 4426 1507 4489 Quod
1547 4441 1710 4479 nemo
1744 4427 1850 4480 nisi
1892 4439 2074 4482 mente
2123 4429 2437 4494 destitutus,

2541 1971 2815 2041 γνώριμον
2854 1970 2934 2029 δν,
2973 1970 3067 2021 καὶ
3107 1969 3243 2036 πρὸς
3281 1963 3625 2034 βλασφημίαν
3659 1962 4097 2030 γνωριμώτερον,

2541 2062 2734 2123 εἰςτὰς
2754 2060 2994 2126 κεφαλάς
3013 2059 3119 2111 τῶν
3147 2056 3377 2126 ῥηθῆναι
3396 2056 3737 2124 βιασαμένων
3770 2056 3901 2121 σιγῇ
3936 2056 4097 2121 άπερ-

2543 2153 2734 2223 ρίφθω.
2768 2151 2888 2217 Πῶς
2911 2153 2969 2205 δὲ
2999 2152 3094 2204 καὶ
3112 2153 3172 2203 τὸ
3197 2150 3439 2218 Πνεῦμα,
3468 2151 3625 2217 εἰπερ
3658 2147 3882 2214 ἰδίωμα,
3919 2146 4097 2198 δύνατ’

2542 2246 2616 2297 ἂν.
2634 2244 2729 2295 τοῦ
2759 2242 2969 2311 Πατρὸς
3006 2240 3398 2310 ἐκπορεύεσθαι
3442 2239 3536 2289 καὶ
3568 2238 3717 2305 παρὰ
3755 2236 3853 2287 τοῦ
3894 2236 4096 2301 Πατρὶς

2541 2336 2633 2388 ἐπ’
2672 2335 2961 2403 εὐεργεσίᾳ
2985 2337 3079 2385 τοῦ
3108 2329 3424 2399 πλάσματος
3464 2329 3927 2389 άποστέλλεσθαις
3973 2326 4098 2378 ἀλλὰ

2545 2428 2641 2480 καὶ
2706 2428 2855 2478 πᾶσα
2908 2425 3202 2484 ὑπόστασις
3242 2422 3350 2475 τιῖῑν
3397 2419 3777 2498 ὑφεστηκότων
3828 2418 3952 2468 ἐστί
3988 2418 4097 2468 καῖ

2541 2520 2741 2571 ἑαυτά·
2776 2517 2965 2586 ἰδίωμα
3010 2516 3066 2567 δὲ
3098 2516 3214 2576 πῶς
3258 2515 3324 2565 ἂν
3357 2513 3620 2579 ὑποσταίη
3656 2510 3779 2561 καθ’
3803 2509 3993 2569 ἑαυτὸ,
4033 2510 4099 2574 μὴ

2542 2610 2735 2678 ἐκείνῳ
2753 2608 2800 2638 ⁸⁸
2824 2608 3083 2677 ἐδρασθὲν
3108 2604 3168 2661 οὗ
3198 2607 3291 2659 καὶ
3312 2601 3450 2657 εἰναι
3479 2604 3673 2669 ἰδίωμα
3702 2602 3965 2666 λέγεται;
4002 2602 4099 2650 Καὶ

2539 2704 2598 2755 ἐν
2622 2702 2768 2769 τρισὶ
2799 2700 2896 2768 μὲν
2927 2699 3283 2751 ὑποστάσεσιν
3309 2698 3337 2747 ό
3370 2694 3510 2764 ἰερὸς
3538 2692 3644 2743 τῶν
3662 2690 3925 2756 Πατέρων
3948 2690 4097 2758 χορὸς

2539 2794 2640 2861 τὴν
2660 2793 2846 2860 θεῖκὴν
2875 2792 3062 2843 οὑσίαν
3084 2786 3418 2856 δογματίζει,
3457 2788 3514 2837 ἐν
3549 2774 3775 2849 τρισὶλδέ
3817 2782 4099 2847 ἰδιώμασιι

2539 2884 2711 2946 οὐδεὶς
2751 2884 2819 2935 ἂν
2840 2884 2995 2949 φαίη.
3016 2879 3332 2933 Τοὺναντίον
3364 2878 3471 2945 γὰρ
3498 2879 3557 2927 ἐν
3595 2875 3690 2944 μὲν
3718 2878 3783 2943 τῇ
3812 2876 3980 2941 οὐσίᾳ
4014 2875 4101 2925 καὶ

2543 2975 2672 3044 περὶ
2691 2976 2790 3043 τὴν
2814 2974 3002 3025 οὐσίαν
3014 2974 3206 3040 ὁρᾶται
3227 2970 3296 3021 τά
3327 2968 3612 3036 ἰδιώματα,
3644 2967 3817 3033 αὑτὴν
3839 2964 3970 3034 [457
4011 2962 4096 3031 IL]

2540 3066 2599 3118 δὲ
2646 3068 2705 3116 ἐν
2738 3064 3023 3133 ἰδιώμασιν
3067 3062 3169 3114 οὑκ
3197 3063 3263 3114 ἄν
3292 3077 3375 3121 τις
3430 3059 3586 3126 φαίη.
3637 3058 3699 3108 Εἰ
3742 3057 3851 3125 γάρ
3885 3058 3986 3107 καὶ
4029 3057 4099 3122 τῷ

2543 3154 2789 3221 Θεολόγῳ
2820 3152 3035 3221 εἴρηται
3060 3150 3159 3217 τὴν
3192 3150 3321 3217 μίαν
3352 3146 3515 3214 φύσιν
3547 3147 3603 3196 ἐν
3624 3145 3800 3214 τρισὶν
3836 3145 4099 3212 ὑπάρχειν

2466 3225 2512 3281 C
2544 3246 2821 3313 ἰδιότησιν,
2860 3242 2996 3295 ἀλλὰ
3044 3240 3255 3309 πρῶτον
3289 3239 3386 3307 μὲν
3436 3238 3495 3288 οὑ
3527 3236 3719 3287 ταύτὸν
3756 3235 3958 3301 ἰδιότης
4013 3252 4100 3285 και

2543 3338 2760 3404 ἰδίωμα,
2810 3335 3000 3386 ἔπειτα
3026 3333 3083 3385 δέ
3115 3331 3222 3383 οὐδ’
3257 3332 3305 3381 εἰ
3331 3330 3361 3379 ὁ
3393 3330 3582 3398 Πατὴρ
3627 3328 4012 3395 κατεχρήσατο

2539 3431 2689 3495 φωνῇ
2715 3468 2731 3490 ,
2779 3426 2983 3493 ταύτην
3028 3421 3204 3475 λαϐὼν
3262 3422 3382 3472 ἀντὶ
3418 3419 3519 3484 τῆς
3577 3420 3952 3478 ὑποστάσεως,
3992 3418 4096 3484 πήδη

2538 3519 2731 3573 ταύτόν
2777 3534 2862 3579 τις
2889 3511 3029 3568 εἰναι
3064 3512 3381 3581 δογματίσει
3404 3513 3500 3581 τὴν
3533 3511 3826 3561 ὑπόστασιν
3870 3510 3968 3560 καὶ
4006 3510 4099 3577 τὴν

2539 3613 2743 3681 κυρίως
2765 3609 3019 3677 ἰδιότητα.
3046 3607 3107 3658 Εἰ
3124 3606 3181 3657 δὲ
3200 3606 3295 3657 καὶ
3322 3601 3816 3673 χαρακτηριστικὸν
3834 3602 4098 3667 καθέστη-

2538 3722 2633 3756 κεν
2659 3706 2692 3773 ή
2744 3702 2945 3770 ἰδιότης
2975 3701 3075 3769 τῆς
3113 3698 3480 3758 ὑποστάσεως,
3512 3694 3699 3761 ὥσπερ
3740 3693 4010 3761 Βασιλείῳ
4042 3710 4097 3743 τε

2538 3798 2632 3850 καὶ
2672 3796 2885 3856 πολλοῖς
2937 3793 3047 3845 τῶν
3094 3792 3352 3858 Πατέρων
3394 3789 3559 3849 δοκεῖ,
3606 3787 3728 3837 οὑδέ
3771 3786 3871 3854 μὲν
3901 3787 4095 3839 ἄτοπον

2537 3890 2628 3941 τὸν
2658 3888 2800 3955 ἱερὸν
2828 3884 3127 3954 Γῃγὸριον
3166 3882 3341 3934 εἰπεῖν
3391 3881 3451 3931 ἐν
3489 3877 3668 3948 τρισὶν
3704 3877 3999 3944 ἰδιότησιν,
4038 3878 4095 3928 οὐ

2538 3982 2732 4034 ταὺτὸν
2772 3979 3041 4047 ὑπάρχειν
3098 3972 3489 4045 νομοθετοῦντα
3534 3974 3600 4040 τῇ
3649 3971 3953 4022 ὑποστάσει
4004 3970 4095 4038 τὴν

2542 4073 2799 4139 ἰδιότητα,
2834 4068 2947 4122 ἀλλ’
2972 4068 3046 4128 ὠς
3076 4069 3141 4118 ἐκ
3178 4064 3270 4117 τοῦ
3303 4062 3537 4131 μάλιστα
3571 4060 4093 4130 χαρακτηριπικοῦ,

2540 4161 2666 4233 [868
2710 4157 2801 4229 IL]
2849 4156 3096 4209 τουτέστι
3146 4154 3244 4223 τῆς
3274 4151 3320 4183 ⁸⁸
3363 4149 3641 4217 ἰδιότητος,
3692 4150 4095 4214 ἐπονομάζοντα

2536 4255 2636 4320 τὴν
2692 4251 3005 4304 ὑπόστασιν.
3033 4248 3124 4297 Διὸ
3154 4246 3249 4297 καὶ
3279 4244 3497 4308 ἐπάγει,
3530 4238 3796 4305 ΝοεραῙς,
3840 4241 4092 4301 τελείαις

2539 4343 2669 4396 καθ’
2702 4339 2919 4403 ἑαυτὰς
2957 4334 3356 4405 ὑφεστώσαις,
3382 4334 3518 4401 ὅπερ
3546 4331 3716 4391 οὐδεὶς
3746 4330 3812 4382 ἂν
3842 4330 3938 4382 νῦν
3962 4330 4093 4398 ἔχων

2536 4432 2763 4486 ἐπὶτῶν
2795 4428 3098 4497 ἰδιωμάτων
3139 4422 3517 4493 παραδέξαιτα
3567 4420 3753 4490 Χωρὶς
3788 4420 3849 4472 δέ
3884 4419 3992 4474 τῶν
4020 4423 4093 4471 εὶ-

879 4513 947 4567 de
974 4516 1391 4582 proprietatibus
1415 4517 1665 4585 accipiat.
1682 4518 1881 4572 Praeter
1905 4534 1968 4572 ea
1988 4535 2107 4587 quae
2124 4520 2267 4574 dicta
2288 4532 2433 4587 sunt,
2460 4552 2514 4610 D

2428 4564 2433 4584 .
2460 4552 2514 4610 Β
2542 4525 2812 4595 ρημένων,
2837 4512 2950 4581 τὰς
2968 4519 3068 4589 μὲν
3094 4518 3415 4610 ὑποστάσεις
3505 4513 3636 4610 dtan
3669 4512 3861 4610 πρώτῃ
3883 4513 4090 4610 enim

880 4606 1052 4673 prima
1089 4608 1327 4675 synodus
1372 4622 1630 4675 personas
1686 4611 1902 4679 quidem
1953 4612 2438 4666 consubstantiales

882 4698 1209 4762 declaravit;
1239 4701 1362 4767 quis
1412 4711 1618 4761 autem,
1656 4702 1760 4755 nisi
1795 4704 2048 4765 insanus,
2091 4705 2439 4773 proprietates

881 4789 1076 4842 dixerit
1108 4792 1637 4845 eonsubstantiales?
1666 4794 1816 4858 Quod
1848 4796 1889 4845 si
1915 4795 2036 4862 quis
2088 4796 2438 4863 proprietates

881 4882 1074 4950 279b
1117 4898 1280 4937 ausus
1323 4895 1410 4937 est
1442 4884 1619 4938 dicere
1649 4886 2155 4950 consubstantiales,
2197 4902 2265 4940 eo
2294 4890 2436 4957 quod

884 4990 1021 5041 Saepe
1054 4975 1108 5028 in
1134 4978 1318 5028 eadem
1350 4976 1585 5030 essentia
1628 4976 1916 5030 videantur
1949 4992 2308 5042 concurrere,
2346 4980 2434 5034 ille

887 5065 997 5131 ipse
1030 5064 1109 5117 sui
1141 5065 1370 5128 oblitus,
1412 5065 1572 5117 aliam
1623 5068 2193 5121 cunsubstantialitatis
2234 5070 2437 5138 signiﬁ-

888 5155 1152 5210 cationem
1182 5156 1353 5210 ﬁnxit.
1390 5156 1695 5211 Praesertim
1727 5166 1907 5211 autem
1938 5159 2317 5231 beterogenea,
2343 5178 2438 5217 seu

2539 4613 2852 4684 ὁμωυσίους
2899 4606 3223 4676 ἀνεκήρυξε,
3264 4605 3410 4657 τὰδὲ
3442 4602 3705 4672 ἰδιώματα
3759 4603 3881 4665 πῶς
3919 4605 3983 4657 ἄν
4012 4622 4089 4666 τις

2543 4711 2618 4781 μὴ
2657 4700 2998 4777 μελαγχολῶν
3037 4699 3304 4765 άποφήνοι
3339 4696 3632 4765 όμοούσια;
3680 4694 3829 4746 Εἰδὲ
3852 4712 3938 4756 τις
3969 4698 4092 4763 ὁμο-

2535 4802 2690 4854 ούσια
2725 4790 3156 4863 άποθρασυνθείη
3199 4787 3377 4854 λέγειν
3403 4786 3471 4839 τὰ
3515 4786 3801 4854 ἰδιώματα,
3828 4788 3915 4838 ὅτι
3946 4789 4000 4837 ἐν
4026 4789 4090 4852 τῇ

2532 4893 2669 4960 αὑτῇ
2695 4887 2951 4946 πολλάκις
2984 4882 3141 4951 οὐσίᾳ
3179 4878 3536 4948 συντρέχοντα
3573 4878 3619 4908 ’⁸
3650 4877 3866 4946 ὁρᾶται,
3910 4877 4089 4945 λέληὺε

2544 4982 2641 5052 μὲν
2672 4977 2833 5039 αὐτὸς
2862 4973 3051 5027 ἐαυτὸν
3078 4972 3263 5037 ἕτερον
3295 4966 3646 5021 ἀναπλάττων
3686 4967 3975 5035 ὁμοουσίου
3996 4982 4091 5032 σηο

2544 5076 2884 5147 μαινόμενον,
2920 5069 3105 5122 ἄλλοτε
3147 5064 3203 5117 δὲ
3240 5063 3335 5115 καὶ
3371 5062 3439 5115 τά
3500 5059 3787 5128 ἑτερογενῆ
3830 5054 3987 5120 οὗτος
4021 5060 4086 5117 ⁸⁸,

2546 5163 2819 5233 ποσότητά
2845 5178 2985 5231 φημι
3022 5156 3115 5209 καὶ
3148 5154 3404 5223 ποιότητα
3431 5151 3523 5205 καὶ
3550 5151 3650 5202 ὃσα
3672 5148 3811 5202 ἄλλα
3836 5150 4089 5202 ἀδύνατον

2188 5296 2420 5353 VARUE
2458 5301 2854 5357 LECTIUNES.

948 5378 1109 5461 ἠν-αὶ
1138 5382 1204 5433 τὰ
1232 5381 1453 5461 τοιαῦτα
1480 5399 1541 5461 Ξ.
1615 5385 1661 5415 ⁸¹
1679 5391 2158 5456 κενολογοῦνταςς.
2232 5392 2277 5421 ⁸⁸
2305 5394 2496 5461 ἐκείνῳ
2526 5395 2563 5445 Β
2588 5412 2603 5449 :
2630 5397 2802 5446 ἐκεῖνο
2830 5408 2890 5455 ς.
2964 5391 3009 5422 ⁸⁸
3036 5386 3133 5454 τῆς
3162 5385 3200 5435 Λ
3243 5400 3255 5433 ε
3295 5384 3357 5435 ἐκ
3393 5384 3486 5450 τῆς
3519 5400 3556 5446 ς
3564 5423 3578 5436 -
3651 5384 3697 5414 "
3736 5382 4091 5450 συπρέιοντα

886 5450 1008 5500 οὖσί
1019 5470 1045 5518 ξ.
1074 5451 1130 5507 Β.
1204 5452 1247 5483 ’⁸
1280 5452 1449 5514 οὓτως
1478 5454 1536 5505 Β.

2412 5545 2637 5602 NOTAE.

965 5638 1077 5705 (72)
1116 5639 1245 5694 Vide
1280 5640 1344 5693 D.
1370 5641 1628 5691 Thomam
1683 5648 1821 5702 part.
1851 5656 1889 5701 ι,
1917 5648 2105 5706 qnzest.
2128 5640 2219 5701 40,
2249 5648 2349 5691 art.
2386 5638 2424 5691 l.

966 5710 1075 5775 (75)
1104 5710 1352 5777 Sequitur
1381 5710 1519 5761 enim
1538 5709 1914 5775 proprietatem
1934 5725 2054 5761 esse
2088 5712 2437 5771 incantatam,

897 5778 941 5832 si
970 5779 1105 5832 idem
1128 5792 1209 5836 εει
1240 5781 1543 5851 lrypostasis
1561 5777 1718 5832 Verbi
1753 5788 1808 5833 ct
1834 5780 2153 5847 proprietas.

2616 5639 2729 5705 (74)
2767 5639 2983 5707 Ἰδιότης
3014 5640 3107 5716 καὶ
3140 5639 3331 5716 ἰδίωμα
3355 5639 3649 5715 proprietas
3676 5647 3749 5716 ,οι
3786 5640 4089 5716 appropria-

2552 5710 2623 5765 tio
2658 5724 2751 5764 seu
2785 5712 3201 5764 communicatio
3231 5710 3613 5777 proprietatum
3644 5710 3757 5760 sive
3798 5711 4088 5776 proprium.
