4208 6442
846 390 978 456 1067

1995 401 2251 461 ΡΙΙΟΤΙΙ
2294 401 2796 463 PATRIARCHIE
2835 405 2942 466 (ΣΡ.

3947 414 4094 483 1068

840 514 959 556 cem
1011 502 1335 569 referimus,
1388 520 1507 560 esse
1545 507 1745 575 aliquid
1795 512 2172 575 compositum.
2224 514 2370 580 Atqui

2509 515 2820 577 ὑπόστασις.
2863 517 2927 569 Ἥ
2984 520 3082 588 μὲν
3138 519 3339 586 ἀπορία
3393 519 3658 590 τοιαύτη·
3716 523 4095 590 ἀνασκευάζει

836 594 951 647 hac
1000 596 1215 661 quidem
1258 608 1344 652 est
1403 601 1675 667 preposita
1707 601 1955 666 qtuestio.
1992 600 2301 669 Respondet
2334 604 2400 656 ad

837 688 975 742 hanc
1039 706 1102 742 ex
1164 693 1467 746 antedictis.
1526 694 1659 748 Cum
1701 696 1866 757 enim,
1905 696 2112 761 inquit,
2169 698 2403 749 humana

835 792 989 829 mens
1043 780 1111 831 ob
1174 778 1435 852 [naturas]
1470 783 1909 846 imbecillitatem,
1950 785 2100 838 Eutis
2132 789 2400 840 rationem

833 880 939 917 non
973 870 1144 933 possit
1193 873 1435 938 assequi,
1476 872 1656 926 verbis
1706 873 1886 939 aliquo
1912 879 2065 926 modo
2090 879 2403 943 compositis

833 957 930 1019 uti,
973 968 1025 1009 et
1066 961 1335 1027 proprium
1368 978 1491 1014 cmn
1546 965 1818 1016 communi
1877 966 2131 1032 c0pnlare
2168 969 2400 1035 cogitur.

828 1066 893 1101 co
942 1053 1083 1116 quod
1117 1050 1259 1121 [esse
1296 1052 1557 1124 divinum]
1591 1056 1911 1123 simpliciter
1937 1065 1991 1109 et
2021 1061 2317 1111 secundum
2346 1076 2403 1113 se

831 1136 1010 1207 [prout
1040 1157 1067 1191 a
1107 1152 1260 1210 parte
1293 1144 1369 1196 rei
1398 1144 1502 1213 est]
1544 1146 1813 1212 explicare
1871 1162 1975 1199 non
2028 1148 2215 1213 possit.
2251 1148 2402 1212 Quod

829 1229 873 1280 si
910 1229 1023 1282 lieri
1084 1243 1284 1298 posset.
1348 1235 1420 1287 ttti
1472 1236 1694 1301 simplex
1763 1236 1924 1296 illud,
1965 1237 2195 1304 simplici
2249 1255 2400 1302 voce,

828 1335 935 1371 non
980 1323 1155 1374 minus
1178 1339 1342 1390 quam
1374 1326 1766 1393 compositione
1803 1328 2109 1389 verborum,
2137 1328 2403 1384 suliicieu-

827 1418 909 1462 ter
939 1411 1359 1479 exprimeretur,
1394 1416 1789 1487 niens[nostra]
1810 1434 2141 1487 nequaquam
2166 1419 2403 1489 [compo-

826 1500 968 1570 sitis]
1026 1503 1363 1559 abuteretur.
1419 1506 1522 1559 Sed
1579 1522 1767 1560 vocum
1818 1510 2151 1575 imperfectio
2197 1512 2402 1564 incom-

826 1595 1192 1653 ..ιιιιιυηείὺὶιθ
1240 1613 1347 1651 non
1395 1601 1803 1666 comprehendit
1857 1600 1984 1670 [aut
2034 1602 2395 1673 assequitur].

825 1686 1109 1738 I‘.|tlllt\v'e|‘0
1146 1689 1403 1757 magister
1433 1690 1547 1756 ipse
1582 1692 1671 1757 qui
1711 1691 2012 1757 conjunctis
2060 1694 2238 1745 verbis
2272 1708 2401 1746 usus

827 1786 963 1836 erat,
1005 1787 1193 1843 postea
1249 1779 1567 1848 frequenter
1600 1781 1721 1834 alibi
1760 1783 1923 1834 Deum
1964 1784 2107 1836 omni
2153 1799 2219 1837 ex
2252 1795 2401 1851 parte

2503 603 2559 655 δὲ
2610 608 2782 675 αὐτὴν
2831 607 2897 658 δι’
2946 602 3020 660 ὧν
3072 605 3189 661 εἶπε
3248 610 3531 681 πρότερον.
3569 612 3909 677 Ἐξασθενῶν
3952 618 4091 686 γὰρ,

2504 696 2655 763 φησὶ,
2684 700 2809 764 περὶ
2835 699 2932 767 τὴν
2966 699 3060 751 τοῦ
3098 701 3251 763 ὄντος
3290 703 3457 765 ὅντως
3496 706 3517 734 ⁹
3550 705 3783 775 θεωρίαν
3831 709 3862 760 ὁ
3896 708 4027 770 νοῦς
4064 712 4092 760 δ

2503 787 2845 857 ἀνθρώπινος
2878 791 3128 860 βιάζεταί
3170 810 3288 857 πως
3315 795 3830 865 συμπεπλεγμέναις
3848 798 4089 867 χρῆσθαι

2506 883 2711 944 φωναῖς
2754 882 2848 933 καὶ
2878 884 2957 952 τῷ
2986 884 3150 955 κοινῷ
3180 886 3470 938 συνάπτειν
3510 888 3570 939 τὸ
3599 889 3754 954 ἴδιον,
3782 892 3846 943 τὸ
3878 892 4090 945 ἁπλοῦν

2504 970 2619 1039 ἃμα
2665 973 2754 1025 καὶ
2787 976 3204 1044 διακεκριμένον
3234 977 3342 1029 τῶν
3369 979 3741 1042 ὑποστάσεων,
3778 982 3972 1044 ἁπλῶς
3998 985 4088 1035 καὶ

2505 1060 2627 1112 καθ’
2664 1064 2797 1114 αὑτὸ
2851 1065 2894 1094 ¹⁰
2941 1066 3285 1133 ὑποδηλῶσαι
3344 1068 3418 1136 μὴ
3461 1069 3792 1137 δυνάμενος’
3826 1073 3907 1133 ὡς
3950 1074 4007 1124 εἰ
4029 1090 4084 1137 γε

2503 1146 2613 1204 οἷόν
2656 1172 2717 1206 τε
2770 1151 2838 1225 ἦν
2886 1157 3030 1225 ἁπλῇ
3085 1160 3145 1209 τὸ
3198 1158 3403 1210 ἁπλοῦν
3443 1162 3777 1228 ἀπαγγεῖλαι
3805 1168 3991 1233 φωνῇ,
4022 1168 4084 1231 τ]

2506 1244 2790 1315 συμπλοκῇ
2839 1248 2946 1298 τῶν
2976 1248 3173 1312 λέξεων
3236 1252 3337 1301 οὑκ
3384 1250 3449 1303 ἂν
3487 1255 3515 1303 ὁ
3549 1254 3671 1316 νοῦς
3705 1257 4081 1327 ἀττεκέχρητε.

2518 1337 2656 1387 Ἀλλ’
2698 1339 2757 1389 οὑ
2791 1340 3128 1409 συμφέρεται
3159 1344 3225 1410 τῇ
3273 1342 3519 1413 εὐτελείᾳ
3548 1344 3659 1397 τῶν
3691 1348 3963 1417 ῥημάτων
3990 1351 4084 1415 τῆς

2505 1427 2655 1489 θείας
2692 1431 2877 1492 οὐσίας
2903 1433 2962 1483 τὸ
2991 1431 3403 1500 ἀκατάληπτον,
3435 1436 3559 1488 ἐπεὶ
3609 1439 3701 1489 καὶ
3741 1440 3913 1501 αὐτὸς
3946 1441 3978 1491 ὁ
4014 1440 4083 1491 δι-

2502 1518 2770 1581 δάσκαλος
2805 1522 3120 1592 συμπλοκὴν
3149 1524 3319 1576 είπὼν
3351 1526 3551 1595 ἑφεξῆς
3577 1528 3638 1579 τὸ
3667 1527 3825 1581 Θείον
3876 1531 4079 1582 ἁπλοῦ-ι

2502 1609 2679 1678 πάντη
2704 1611 2795 1663 καὶ
2814 1612 3104 1666 ἀσύνθετον
3118 1618 3209 1667 καὶ
3232 1617 3466 1687 ἀλλαχοῦ
3495 1619 3751 1681 πολλάκις
3774 1620 4057 1689 ἀνύμνησε

2506 1701 2662 1768 μόνον
2687 1703 2805 1773 οὑχῖ
2830 1704 2967 1771 βοῶν
2992 1707 3065 1769 ὡς
3091 1706 3376 1772 ἀσθενείας
3414 1712 3562 1763 ἐστὶν
3588 1714 3621 1780 ἠ
3654 1710 3958 1783 προσθήκη
3994 1718 4067 1765 κί’

2502 1792 2534 1859 ή
2569 1793 2856 1863 συμπλοκὴ
2898 1795 3209 1866 πρόϐλημα,
3264 1800 3399 1868 πρὸς
3439 1802 3743 1869 κατάληψιν
3790 1805 3950 1870 ἡμᾶς
3988 1806 4075 1872 τῆς

824 1870 1121 1935 simplicem
1156 1882 1208 1925 ct
1250 1873 1366 1925 sine
1396 1873 1500 1925 ulla
1539 1874 1929 1940 compositione
1974 1888 2094 1927 esse
2131 1876 2365 1943 prmdica

2494 1882 2747 1950 ἀληθείας
2767 1891 3205 1956 χειραγωγοῦσα,
3233 1892 3293 1941 οὑ
3312 1866 3519 1959 -μέντοι
3546 1910 3609 1961 γε
3638 1866 3703 1947 τὸ
3730 1866 3951 1948 ἁπλοῦν

822 1965 923 2026 vit,
954 1964 1044 2031 qui
1085 1974 1291 2017 tantunt
1326 1980 1428 2017 non
1472 1964 1691 2025 clamat,
1723 1965 2159 2030 conjunctionem
2203 1969 2394 2020 verbo-

820 2071 937 2108 rum
974 2067 1030 2109 et
1055 2057 1500 2125 compositionem
1536 2058 1588 2110 itt
1620 2057 1864 2111 defectus
1907 2056 2078 2110 locum
2124 2058 2392 2122 adhiberi,

818 2161 923 2213 qua
960 2147 1024 2199 ad
1050 2148 1293 2198 veritatis
1316 2148 1683 2213 cognitionem
1718 2147 2082 2210 deducamur;
2111 2163 2388 2216 nunquam

816 2238 1075 2291 autemid
1117 2239 1219 2293 sibi
1265 2254 1504 2299 sumere,
1558 2249 1615 2291 ut
1649 2238 2054 2306 simplicitatem
2091 2249 2294 2293 natura:
2338 2251 2391 2292 et

814 2333 881 2381 ab
922 2330 1067 2382 omni
1108 2332 1455 2383 concretione
1507 2330 1729 2383 liberam
1764 2330 1967 2397 redigat
2012 2332 2077 2383 ad
2122 2333 2393 2400 composi-

814 2420 1012 2471 tionem
1052 2428 1145 2471 aut
1170 2419 1538 2487 duplicitatem
1573 2437 1585 2471 :
1635 2419 1995 2484 inexplicabili
2037 2420 2180 2472 enim
2209 2433 2263 2472 et
2304 2423 2385 2474 in-

810 2510 1199 2577 comprehensa
1238 2512 1447 2565 ratione
1484 2509 1672 2582 [Deus]
1717 2526 1837 2564 cum
1883 2525 2022 2565 unus
2063 2512 2155 2576 sit,
2210 2513 2385 2569 trinus

2496 1974 2707 2042 φύσεως
2724 1979 2820 2028 κα).
2834 1979 3125 2033 ἀσύνθετον
3144 1982 3222 2043 είς
3241 1982 3463 2054 διπλόην
3484 1986 3576 2037 καὶ
3614 1985 3872 2039 σύνθεσιν
3945 2007 4071 2041 κατ-

2495 2067 2720 2130 αγαγεῖν
2739 2066 2905 2120 ποθεν
2937 2070 3140 2139 τόλμαν
3172 2072 3413 2142 εἴληφεν.
3470 2077 3747 2146 ’Λρῤήτως
3773 2081 3888 2149 γάρ
3915 2082 3956 2111 ¹¹
3991 2083 4075 2133 καὶ

2493 2156 2865 2228 ἀνεπινοήτως
2895 2162 2953 2213 ἓν
2982 2180 3039 2214 τε
3071 2165 3322 2235 ὑπάρχον
3365 2170 3455 2220 καὶ
3499 2170 3667 2239 Τριὰς
3696 2171 4075 2243 θεωρούμενον

2492 2247 2553 2299 τὸ
2581 2254 3057 2322 προσκυνούμενον
3081 2257 3199 2308 "to
3228 2259 3325 2326 μὲν
3350 2260 3491 2312 κατὰ
3521 2262 3617 2331 τὴν
3639 2263 3873 2331 ἀσχετόν
3900 2282 3959 2317 τε
3988 2266 4075 2317 καὶ

2493 2338 2632 2408 ὑπὲρ
2664 2343 2810 2409 ἡμᾶς
2856 2342 3134 2413 θεολογίαν
3182 2352 3546 2413 κατανοεῖται,
3594 2354 3651 2405 τὸ
3704 2354 3763 2405 δὲ
3798 2357 3944 2408 κατά
3981 2358 4075 2426 τὴν

2494 2433 2744 2499 σχετικὴν
2784 2450 2842 2485 τε
2901 2436 2993 2487 καὶ
3041 2437 3171 2506 περὶ
3216 2439 3383 2507 ἡμᾶς.
3432 2442 3543 2511 Τὴν
3577 2444 3674 2511 μὲν
3710 2440 3806 2497 οὖν
3839 2449 4074 2517 ἀπορίαν

2491 2519 2661 2583 οὓτως
2682 2522 2861 2589 ἔδοξεν
2888 2528 3227 2583 ἐπιλύεσθαι.

812 2616 993 2658 tamen
1030 2606 1301 2672 cognitus,
1334 2606 1527 2673 partim
1579 2608 1794 2673 quidem
1844 2607 2138 2659 secundum
2196 2608 2698 2678 incompreltensam
2763 2632 2817 2675 et
2884 2639 3004 2692 quae
3067 2636 3307 2683 nostram
3352 2630 3657 2687 facultatem
3734 2636 4071 2704 intelligendi

807 2706 1033 2762 superet
1071 2697 1342 2749 rationem
1390 2698 1784 2760 consideratur,
1823 2696 2017 2764 partim
2044 2712 2146 2764 qua
2199 2713 2227 2751 a
2293 2702 2450 2758 nobis
2519 2706 2741 2780 intelligi
2793 2724 2847 2770 et
2903 2721 3286 2786 comprehendi
3340 2736 3537 2779 nntcst.
3595 2731 3771 2795 Atque
3807 2730 3878 2781 ita
3919 2696 4072 2785 "nam

806 2789 1169 2857 quaestionem
1200 2790 1346 2843 visus
1370 2800 1454 2843 est
1487 2792 1815 2859 expediisse.

878 2882 1025 2947 Quod
1055 2883 1099 2937 si
1138 2885 1222 2937 cui
1260 2885 1612 2939 nihilominus
1646 2887 1937 2939 dicendum
1962 2887 2197 2952 videtur,
2233 2904 2380 2959 qua:-

818 2977 1046 3027 stiouem
1093 2978 1267 3030 adhuc
1298 2978 1347 3029 in
1390 2977 1478 3040 iis,
1508 2993 1626 3045 quae
1656 2993 1686 3031 a
1734 2979 2001 3046 principio
2043 2982 2189 3033 dicta
2230 2993 2380 3045 sunt,

802 3064 1006 3117 lui-rere
1026 3104 1043 3128 ,
1070 3067 1233 3119 addat
1260 3067 1348 3119 ille
1376 3068 1637 3131 superiori
1664 3083 1863 3132 causae,
1907 3072 2047 3136 quod
2076 3072 2239 3123 etiam
2267 3082 2381 3123 tum

799 3171 917 3207 tum
964 3156 1127 3207 Deum
1172 3158 1605 3226 inexplicabilem
1643 3158 1997 3219 allirmamus.
2046 3160 2095 3212 id
2130 3176 2234 3214 non
2274 3163 2379 3216 nisi

800 3247 979 3300 verbis
1014 3250 1387 3311 enuntiemus,
1418 3251 1556 3303 sicut
1581 3262 1657 3311 et,
1690 3252 1832 3319 quod
1870 3266 2030 3319 supra
2064 3252 2373 3323 intelligen-

2553 2896 2616 2947 Εἰ
2646 2896 2702 2948 δέ
2735 2916 2818 2961 τις
2851 2902 3002 2953 οὑδὲν
3030 2900 3194 2973 ἧττον
3230 2907 3378 2973 ἐρεῖν
3403 2909 3572 2960 οἴεται
3610 2908 3670 2960 τὸ
3716 2913 4071 2981 ἠπορημένον

2480 2985 2591 3044 τοῖς
2627 2984 2724 3036 ἀπ’
2768 2987 2941 3058 ἀρχῆς
2984 2991 3383 3059 ἐπερείδεσοαι,
3414 2998 3767 3066 προσλαεέτω
3803 3002 3881 3068 τῷ
3926 3004 4068 3072 λόγῳ

2480 3076 2561 3127 ὃτι
2598 3076 2687 3127 καὶ
2735 3078 2871 3149 ὅπερ
2905 3083 3182 3152 ἄφραστον
3226 3087 3455 3156 λέγομεν
3490 3092 3729 3158 ῥήμασιν
3781 3095 4068 3161 ἀπαγγέλ-

2481 3165 2664 3235 λομεν,
2705 3171 2796 3221 καὶ
2838 3173 2898 3223 τὸ
2943 3176 3305 3246 ἀπερινόητον
3358 3181 3810 3251 σκιαγραφοῦμεν
3858 3185 3950 3238 διὰ
3983 3205 4067 3240 νο-

2484 3257 2679 3324 ήσεως,
2698 3262 2792 3312 καὶ
2816 3263 2874 3314 τὸ
2902 3265 3127 3334 ἄχρονον
3158 3275 3434 3339 χρονικαῖς
3461 3274 3740 3337 ἐπιϐολαῖς
3775 3280 3873 3328 καὶ
3911 3284 4066 3347 κινή-

797 3351 924 3391 tiatn
978 3351 1060 3393 est
1102 3353 1339 3395 nostram
1367 3382 1381 3405 ,
1425 3344 1809 3397 adumbrauius
1855 3358 1949 3411 per
1996 3345 2368 3411 intelleCtum;

2484 3363 2629 3399 σεσιν
2684 3352 3089 3425 ὑποϐάλλομεν,
3127 3362 3220 3411 καὶ
3255 3363 3315 3413 τὸ
3351 3363 3671 3417 ἀδιάστατον
3728 3369 3824 3419 καὶ
3862 3372 4063 3438 ἀκίνηο

793 3432 935 3497 quod
985 3442 1268 3498 aeternum,
1318 3450 1412 3502 per
1447 3446 1746 3502 temporum
1808 3437 2044 3488 rationes
2093 3448 2377 3507 motusque

793 3556 799 3563 ς
827 3520 1131 3587 \plicamus
1162 3544 1171 3579 ;
1210 3527 1350 3589 quod
1388 3524 1699 3576 continuum
1729 3533 1782 3575 et
1816 3524 2118 3588 immobile,
2151 3542 2246 3594 per
2271 3545 2381 3584 mo-

820 3615 931 3665 iles
969 3624 1023 3668 et
1082 3614 1349 3667 discretas
1392 3615 1653 3683 imagines
1684 3614 1848 3666 animi
1901 3629 2371 3683 reprmsentamus.

802 3704 813 3753 ἶ
847 3716 862 3756 t
897 3705 939 3756 si
974 3709 1096 3775 quis
1128 3720 1193 3758 ea
1219 3722 1335 3774 qua:
1362 3707 1515 3759 nobis
1571 3707 1623 3758 in
1665 3707 1845 3759 divina
1900 3716 2092 3761 natura
2127 3719 2373 3765 contem-

799 3795 987 3855 ,isamla
1030 3795 1310 3862 occupatis
1346 3795 1619 3855 accidunt,
1652 3809 1755 3846 una
1788 3810 1909 3847 eum
1957 3810 2015 3849 re
2055 3796 2169 3863 ipsa
2212 3813 2372 3864 coge-

2480 3455 2571 3489 τον
2617 3446 2963 3511 κινουμέναις
2994 3465 3051 3499 τε
3094 3451 3185 3501 καὶ
3214 3451 3587 3521 διισταμέναις
3609 3458 4059 3529 ἀνατυπούμεθα.

2480 3528 2643 3581 Ὥστε
2668 3534 2737 3595 εί,
2782 3534 2818 3586 ἃ
2869 3539 3151 3608 πάσχομεν
3198 3542 3328 3610 περὶ
3370 3545 3469 3610 τὴν
3497 3546 3590 3597 τοῦ
3639 3546 3797 3599 Θείον
3826 3549 4063 3621 Θεωρέαν

2477 3622 2825 3692 ἀναγόμενοι,
2875 3630 3051 3684 ταῦτά
3083 3650 3165 3695 τις
3199 3636 3391 3705 ἐνορᾷν
3421 3640 3512 3690 καὶ
3543 3641 3670 3707 περὶ
3702 3642 3837 3693 αὑτὸ
3870 3645 4063 3699 ἐκϐιά-

2477 3728 2647 3772 σαιτο.
2694 3717 2761 3767 τά
2809 3720 2919 3771 ἄνω
2975 3723 3125 3776 κάτω
3161 3728 3399 3795 ποιήσει,
3446 3731 3538 3781 καὶ
3571 3732 3677 3801 πρὸ
3710 3734 3933 3787 πάντων
3961 3739 4060 3789 αὑ-

2474 3803 2565 3864 τὸς
2592 3806 2782 3859 ἑαυτὸν
2807 3810 3115 3880 ἀμηχανίας
3143 3814 3289 3885 βυθῴ
3316 3821 3694 3889 παραπέμψει.

791 3902 944 3941 ιιίιιΓ
996 3892 1189 3943 intueri
1241 3891 1354 3957 (75)
1392 3888 1469 3961 [et
1513 3889 1806 3961 conferre],
1850 3905 1961 3944 rem
1991 3907 2083 3945 sus
2113 3893 2286 3960 deque
2308 3895 2379 3949 sit
2416 3906 2658 3963 acturus,
2691 3912 2745 3957 ct
2769 3907 2908 3973 quod
2945 3918 3107 3977 caput
3138 3920 3241 3977 cst,
3269 3913 3383 3981 ipsc.
3406 3888 3644 3983 seipsum
3714 3917 3766 3970 in
3829 3918 4059 3975 inextri-

788 3987 1040 4039 tabilinm
1073 3985 1449 4039 ddlicultatum
1488 3986 1803 4038 barathrum
1836 3986 2291 4054 pracipitaturus.

855 4078 1049 4149 28οὺ
1082 4077 1317 4131 Sanctus
1355 4077 1606 4144 EuIOgius
1666 4092 1828 4144 porro
1861 4092 1926 4129 ex
1964 4080 2238 4146 proposita
2267 4080 2368 4134 du-

785 4174 1065 4236 bitatione,
1127 4172 1285 4224 aliam
1333 4173 1686 4239 quarstionem
1745 4181 2054 4225 nascentem
2108 4175 2359 4242 explicat.

785 4266 839 4315 Si
891 4266 1062 4326 enim,
1105 4264 1306 4329 inquit,
1333 4275 1506 4330 neque
1562 4262 1870 4330 proprietas
1921 4273 2004 4316 est
2055 4264 2363 4332 bypostasis

785 4370 959 4421 neque
986 4356 1238 4407 essentia:
1280 4359 1334 4407 et
1361 4355 1706 4421 proprietatis
1756 4352 2082 4418 conjunctio,
2110 4356 2238 4421 quid
2265 4356 2373 4409 erit

783 4441 968 4498 aliud?
998 4444 1065 4498 Et.
1118 4445 1345 4500 solvitur
1388 4444 1617 4512 quaastio
1662 4458 1782 4496 cum
1816 4444 1945 4496 dicit
1986 4461 1999 4497 :
2034 4442 2142 4497 Nos
2178 4445 2246 4498 ab
2268 4445 2369 4498 Ec-

781 4534 941 4588 clesia
959 4534 1245 4587 didicimus
1268 4544 1326 4587 ut
1355 4548 1517 4586 unam
1547 4547 1832 4599 personam
1857 4546 1923 4585 ex
1944 4531 2210 4587 Trinitate
2242 4534 2356 4604 (76)

2566 4082 2623 4131 '0
2647 4083 2701 4135 δὲ
2736 4084 2877 4152 ἱερὸς
2913 4084 3167 4153 Εὑλόγιος
3203 4089 3311 4141 ἀπὸ
3350 4091 3448 4159 τῆς
3479 4093 3885 4163 προσταθείσης
3919 4100 4058 4151 ἀπο-

2477 4173 2597 4241 ρίας
2645 4175 2841 4245 ἑτέραν
2902 4177 3285 4247 ἀναφυομένην
3342 4181 3617 4246 διέξεισιν.
3658 4184 3723 4235 Εί
3768 4185 3881 4256 γάρ
3915 4191 4055 4256 μήτε

2474 4264 2689 4334 ἰδίωμα,
2727 4266 2912 4334 φησὶν,
2944 4268 3297 4335 ηὑπόστασις
3350 4273 3485 4341 μήτε
3525 4277 3815 4347 συμπλοκὴ
3868 4282 4056 4344 οὐσίας

2472 4354 2565 4406 καὶ
2595 4354 2905 4424 ἰδιώματος,
2940 4358 2994 4409 τί
3030 4359 3096 4411 ἂν
3122 4360 3209 4427 εἴη
3240 4360 3426 4431 ἕτερον
3454 4382 3469 4427 ;
3512 4367 3605 4417 καὶ
3648 4368 3935 4423 ἑπιλύεται
3967 4375 4053 4425 λέ-

2474 4460 2606 4511 γων,
2634 4446 2708 4508 ὡς
2729 4446 3025 4501 ὑπόστασιν
3059 4450 3159 4519 μὲν
3186 4452 3374 4505 καλεῖν
3403 4455 3495 4507 τὸν
3539 4459 3637 4509 ἕνα
3684 4461 3786 4528 τῆς
3822 4464 4055 4532 Τριάῖσος

2473 4537 2626 4606 παρά
2680 4538 2777 4606 τῆς
2832 4538 3176 4608 Ἑκκλησίας
3237 4546 3657 4617 μεμαθήκαμεν.
3716 4553 3865 4606 Τίδέ
3904 4560 4053 4609 ἐστιν

780 4625 1113 4695 appellemus
1156 4626 1496 4695 liypostasin.
1540 4622 1677 4688 Quid
1720 4636 1849 4676 vero
1892 4634 1975 4677 est
2008 4624 2363 4693 hypostasis?

2484 4628 2785 4695 ίπόστασιςς
2818 4630 2876 4682 El
2920 4632 3020 4701 μὲν
3057 4635 3151 4687 ἐπὶ
3186 4638 3501 4706 κτισμάτων
3531 4644 3563 4711 ή
3592 4642 3635 4672 ⁸³
3668 4644 3964 4715 ἐρώτησις,
3994 4652 4050 4701 εὑ

779 4718 835 4770 Si
878 4718 944 4771 de
985 4718 1145 4772 rebus
1180 4718 1379 4770 creatis
1413 4718 1483 4770 sit
1510 4716 1761 4783 quaestio.
1794 4713 1951 4767 facile
1994 4717 2096 4767 erit
2128 4731 2354 4785 respon-

777 4812 927 4870 dere,
971 4822 1035 4861 eo
1083 4809 1224 4876 quod
1260 4808 1311 4861 in
1344 4807 1427 4860 his
1463 4822 1669 4870 errare,
1702 4817 1756 4858 et
1797 4819 2019 4873 scopum
2050 4822 2155 4859 non
2192 4808 2356 4860 attin-

777 4914 903 4965 gere
937 4914 1042 4951 non
1074 4900 1147 4953 sit
1176 4900 1315 4952 adeo
1343 4900 1522 4967 gravis
1547 4913 1707 4951 noxa.
1741 4899 1795 4950 Si
1828 4910 2005 4951 autem
2030 4897 2098 4952 de
2123 4899 2353 4967 simplici

774 5002 828 5045 et
884 4992 1038 5044 beata
1098 5002 1312 5054 natura,
1368 4992 1502 5044 nihil
1559 5001 1713 5043 extra
1778 4992 2085 5043 divinorum
2131 4989 2353 5044 Patrum

782 5084 1106 5137 traditiones
1137 5094 1191 5136 et
1227 5084 1468 5145 decreta.
1510 5093 1624 5136 tuto
1667 5083 1979 5149 responderi
2022 5093 2219 5151 potest.
2252 5084 2357 5137 Fas

777 5187 957 5231 tamen
1003 5186 1089 5230 est
1136 5191 1257 5231 cum
1299 5176 1587 5245 Scriptura
1622 5176 1830 5239 dicere,
1860 5176 2002 5241 quod
2046 5176 2355 5246 hypostasis

774 5268 895 5321 Filii
930 5268 1004 5321 sit
1030 5270 1206 5337 imago
1242 5267 1335 5322 Dei
1368 5268 1680 5331 invisibilis,
1715 5282 1834 5333 qua:
1868 5277 2039 5321 totum
2070 5270 2121 5321 in
2172 5269 2348 5336 seipsa

2466 4723 2605 4775 πάνυ
2649 4724 2881 4792 χαλεπόν
2914 4726 3065 4779 ἐστιν
3106 4731 3503 4799 ἀποκρίνασθαι
3550 4732 3677 4805 [459
3716 4736 3811 4808 IL]
3856 4741 3947 4793 διὰ
3993 4744 4051 4793 τὸ

2466 4817 2560 4868 καὶ
2611 4817 2709 4885 τὴν
2754 4820 2881 4886 περὶ
2916 4819 3087 4871 ταῦτα
3140 4823 3415 4891 ἁμαρτίαν
3458 4842 3518 4877 τε
3594 4827 3689 4878 καὶ
3742 4830 4049 4901 ἀποτυχίαν

2466 4905 2541 4974 μὴ
2576 4906 2695 4957 λίαν
2755 4903 2891 4960 εἶναι
2952 4910 3276 4963 ὑπεύθυνον·
3326 4916 3375 4964 εἰ
3420 4916 3476 4967 δὲ
3529 4918 3658 4985 περὶ
3716 4921 3817 4990 τῆς
3869 4925 4048 4989 ἁπλῆς

2464 4999 2555 5050 κα).
2598 5000 2873 5067 μακαρίας
2920 5004 3155 5069 φύσεως,
3197 5006 3350 5057 οὐδὲν
3383 5009 3512 5077 παρ’
3556 5010 3585 5060 ὃ
3627 5013 3950 5081 παρέδοσαν
3999 5022 4045 5069 οὶ

2459 5090 2705 5162 θεοφόροι
2768 5095 3009 5164 Πατέρες
3083 5098 3326 5164 ἀσφαλές
3389 5102 3538 5154 ἐστιν
3609 5105 4041 5175 ἀποκρίνασθαι.

2458 5184 2602 5252 Πλὴν
2634 5185 2783 5236 οὐδὲν
2832 5187 3030 5239 κωλύει
3070 5191 3357 5258 γραφικῶς
3400 5194 3563 5258 φάναι
3595 5196 3671 5257 ὡς
3705 5199 3736 5264 ἡ
3770 5200 3866 5251 τοῦ
3910 5203 4042 5254 Υίοῦ

2458 5274 2753 5339 ὑπόστασις
2788 5278 2949 5331 εἰκών
2977 5281 3090 5331 ἐστι
3119 5282 3213 5332 τοῦ
3251 5282 3386 5334 Θεοῦ
3436 5286 3532 5337 τοῦ
3586 5288 3821 5355 ἀοράτου

3922 5298 4041 5345 διν)

2065 5380 2298 5435 νΑιιιΑς
2334 5382 2743 5441 LECTIUNES.

844 5479 864 5506 ’
895 5476 1043 5538 δντος
1068 5476 1236 5537 ὅντως
1293 5477 1357 5535 Α,
1392 5476 1540 5538 ὄντος
1577 5477 1613 5527 Β
1634 5516 1645 5527 .
1674 5476 1841 5530 ὅντως
1874 5494 1935 5536 ς.

778 5545 816 5575 ³³
849 5549 906 5597 τὸ
938 5548 1408 5616 προσκυνούμενον
1441 5550 1562 5599 add.
1606 5550 1671 5599 Λ.
1752 5547 1849 5614 ’³η
1885 5548 1926 5598 Δ
1962 5564 1973 5597 :
2006 5548 2154 5600 ἐστὶν
2185 5550 2216 5617 ἡ
2246 5568 2305 5611 ς.

2016 5478 2057 5505 ¹⁰
2100 5478 2218 5530 καθ’
2251 5480 2383 5530 αὑτό
2412 5480 2468 5541 li,
2513 5485 2632 5533 κατ’
2664 5485 2824 5535 αὐτόν
2862 5488 2891 5535 -\
2932 5502 2942 5535 :

2986 5487 3123 5538 κατὰ
3159 5488 3353 5541 ταὺτόν
3388 5508 3447 5552 ς.
3535 5495 3571 5521 ¹¹
3609 5495 3717 5563 γάρ
3763 5499 3805 5548 Α
3835 5517 3845 5550 ;
3874 5516 3935 5552 τε
3978 5520 4013 5565 ε·

2286 5640 2515 5696 tVOT/E.

880 5732 966 5801 75)
1001 5728 1055 5801 lu
1089 5732 1203 5799 ipso
1234 5728 1749 5801 nitereturiintucri,
1781 5728 1880 5783 hoc
1910 5738 1991 5784 est
2020 5746 2034 5782 :
2068 5732 2133 5783 ad
2172 5730 2344 5799 ipsum
2370 5749 2488 5788 esse
2522 5750 2615 5789 seu
2651 5736 2887 5790 divinam
2916 5749 3165 5793 naturain
3195 5745 3456 5798 niteretur
3492 5752 3809 5801 trauslerre.

852 5743 966 5802 (15)
1001 5743 1055 5783 In
1090 5746 1203 5799 Ipso
1234 5743 1495 5785 tutaretur
1532 5743 1749 5792 Intueri,
1781 5743 1845 5783 uo

849 5800 961 5873 (76)
994 5800 1101 5860 Seu
1127 5801 1339 5861 Patrem
1383 5817 1475 5857 seu
1508 5800 1705 5856 Filium
1740 5808 1845 5854 etc.
