4208 6442
208 418 345 480 1069

1272 407 1792 473 ΒΙΒΗΟΤΙΙΕΕΛ.
1829 431 1891 443 ·-
1922 406 2084 467 COD.
2125 407 2391 468 CCXXX.

3280 406 3413 473 1070

207 532 265 581 ἐν
306 530 475 595 ἑαυτῇ
514 528 603 579 τὸν
653 526 871 585 Πατέρα
900 523 1236 577 δεικνύουσα.
1277 525 1338 576 El
1362 525 1417 575 δὲ
1451 524 1542 576 καὶ
1576 521 1762 589 σοφίαν
1792 551 1801 578 λ

1895 521 2077 572 ’atretn
2121 518 2307 574 rel‘crt.
2348 517 2499 585 Quod
2530 518 2577 571 si
2618 517 2780 572 etiam
2810 519 3056 574 eamdem
3085 516 3263 573 Patris
3295 534 3419 575 esse

205 621 385 688 αὐτὴν
441 619 717 687 ΙΙατρικὴν
771 613 910 670 εἶναι
955 616 1392 687 άποκριθήσομαι
1440 617 1474 684 ἢ
1528 611 1761 681 Λόγονῆ

193 712 435 780 δύναμιν
482 708 576 761 τοῦ
615 709 847 777 Πατρός,
890 711 957 780 τῇ
1014 708 1281 778 ίερολογίᾳ
1326 704 1761 776 συμφθὲγξομαι.

201 805 315 855 Καὶ
372 803 501 872 περὶ
547 803 643 871 τῆς
693 800 789 854 τοῦ
823 800 1033 871 [ἰατρὸς
1074 799 1132 853 δὲ
1168 798 1262 853 καὶ
1293 797 1605 866 Πνεύματος
1634 798 1764 851 ὑπο-

202 896 451 955 στάσεως
470 892 692 945 τοιαῦτα
717 892 784 945 ἄν
813 908 896 954 τις
939 893 1002 945 ὲκ
1018 889 1126 943 τῶν
1160 888 1319 961 ίερῶν
1353 889 1545 958 λογίων
1576 889 1763 943 ἀναλε-

200 985 474 1053 γόμενος,
518 985 613 1037 καὶ⁵
656 983 830 1047 διδοὺς
878 984 991 1045 τοῖς
1044 980 1391 1051 ἐπερωτῶσιν
1437 980 1762 1047 ἀπόκρισιν,

203 1075 449 1138 εὐσεϐῶς
469 1090 525 1129 τε
557 1075 650 1127 καὶ
674 1074 1096 1145 ἀνεπηρεάστως
1123 1070 1490 1142 ἀποκρίνοιτο.
1518 1068 1646 1142 [872
1670 1067 1765 1140 R.]

203 1166 279 1219 Σὺ
314 1163 364 1217 δ’
396 1164 462 1218 ἂν
516 1163 720 1235 δυνήσῃ
750 1163 972 1232 ’λέγειν.
1001 1160 1286 1225 ἀποδιδοὺς
1340 1161 1433 1217 τὸν
1473 1160 1633 1228 λόγον
1666 1157 1769 1226 τῆς

205 1256 560 1317 ὑποστάσεως
591 1254 685 1307 τού
720 1251 872 1317 Υίοῦ,
900 1253 1033 1307 Θεὸν
1055 1254 1120 1309 ἑκ
1147 1250 1283 1307 Θεοῦ
1317 1251 1559 1323 άχρόνως
1583 1267 1643 1304 τε
1674 1250 1769 1304 καὶ

205 1346 438 1409 ἀπαθῶς
460 1345 786 1416 γεννηθέντα
802 1362 817 1377 ο
848 1344 1049 1417 ὁμοίως
1096 1344 1154 1400 δὲ
1179 1344 1275 1399 καὶ
1299 1344 1396 1399 τοῦ
1432 1342 1766 1414 Πνεύματος,

205 1436 344 1491 Θεὸν
373 1438 438 1490 ἐκ
474 1435 609 1491 Θεοῦ
641 1436 825 1500 άῖδίως
865 1452 925 1490 τε
952 1436 1387 1507 ἐκπορευόμενον
1430 1434 1525 1490 καὶ
1566 1433 1769 1506 appea-

208 1547 388 1593 στωςο
419 1529 682 1594 ὡσαύτως
726 1529 784 1585 δὲ
811 1528 909 1584 καὶ
948 1526 1044 1583 τοῦ
1080 1528 1292 1600 Πατρδς
1319 1531 1421 1601 τὴν
1473 1528 1771 1582 ὑπόστασιν

208 1623 355 1692 λόγῳ
381 1624 710 1692 παριστάναι
733 1622 941 1695 μέλλων
967 1623 1179 1694 φήσειςο
1209 1617 1379 1690 Ἑξοῦ
1406 1622 1724 1692 γεγέννηται
1745 1622 1774 1674 ό

208 1716 348 1777 Θεὸς
376 1717 567 1783 Λόγος,
602 1718 775 1785 τομῆς
802 1715 1021 1786 ἁπάσης
1049 1715 1142 1769 καὶ
1179 1715 1376 1779 παντδς
1406 1714 1609 1776 πάθους
1642 1712 1774 1783 μηδὲ

212 1809 334 1861 κατ’
360 1807 601 1859 ἐπίνοιαν
639 1806 1019 1877 θεωρουμένης
1066 1807 1133 1872 τῇ
1181 1804 1389 1874 προόδῳ
1440 1804 1539 1874 τῆς
1584 1804 1775 1872 γεννή-

214 1915 357 1963 σεως
384 1920 395 1930 ·
418 1902 467 1952 εἰ
493 1898 670 1969 βούλει
692 1873 773 1964 δὲ,
809 1873 918 1955 Καὶ
934 1873 993 1964 ἐξ
1009 1892 1072 1952 οὗ
1096 1898 1158 1950 τὸ
1179 1895 1402 1967 Πνεῦμα
1424 1895 1466 1927 ⁸⁵
1489 1895 1782 1965 ἀφράστως
1812 1873 1855 1935 Β

209 2007 272 2043 τε
321 1989 414 2043 καὶ
442 1991 809 2062 άνεπινοήτως
852 1988 948 2045 καὶ
974 1988 1199 2052 ἀπαθῶς
1233 1991 1326 2042 καὶ
1373 1986 1653 2049 πναῖδίως
1686 1985 1779 2038 ὲκ-

212 2080 529 2151 πορεύεται,
570 2082 664 2135 καὶ
685 2083 739 2137 εῐ
755 2100 808 2136 τι
838 2081 966 2136 άλλο
992 2081 1397 2153 τοιουτότροπον
1426 2078 1571 2133 ἐστιν
1586 2078 1779 2145 εἰπεῖν,

212 2175 318 2244 τῆς
353 2174 713 2228 θεοπνεύστου
774 2174 997 2245 Γραφῆς
1030 2175 1130 2244 τὴν
1173 2173 1543 2243 πνευματικὴν
1593 2171 1782 2239 σοφίαν

214 2266 574 2337 πηγαζούσης
616 2269 747 2338 ἡμῖν
796 2269 889 2322 καὶ
931 2268 1296 2340 συνεργούσης
1348 2266 1424 2337 τῷ
1458 2266 1777 2335 βουλήματι.

212 2359 413 2412 Καίτοι
468 2359 590 2412 οὐδὲ
641 2360 709 2412 τά
742 2359 978 2429 ρηθέντα
1018 2359 1295 2422 παντελῶς
1351 2359 1499 2411 ἔστιν
1527 2357 1782 2426 ἐλεύθερα

214 2452 520 2520 φαντασίας
546 2452 991 2522 άνατυπουμένης
1026 2452 1125 2521 τὴν
1143 2449 1391 2504 σύνθεσιν
1408 2466 1421 2479 ·
1459 2448 1594 2503 ἀλλὰ
1615 2448 1693 2518 τῷ
1721 2464 1782 2516 γε

217 2545 297 2614 μὴ
355 2544 437 2616 τῷ
494 2547 699 2615 ῥήματι
731 2545 832 2615 τῆς
884 2544 1157 2615 συνθήκης
1195 2543 1289 2598 καὶ⁵
1317 2543 1414 2613 τῆς
1466 2542 1782 2612 συμπλοκῆς

214 2637 449 2689 καὶτῶν
479 2636 737 2690 τοιούτων
767 2634 1218 2707 προσχρήσασθαι
1252 2635 1313 2688 ού
1346 2635 1493 2688 δοκεῖ
1535 2633 1784 2703 θορυὸεἰν

212 2724 312 2777 ἐδτι
335 2726 612 2796 ἀκροατὴν
634 2726 755 2780 οὐδὲ
788 2724 1188 2796 προσίστασθαι
1220 2726 1285 2780 ’⁸.
1323 2724 1463 2777 Ἀλλ’
1486 2724 1544 2778 ἐν
1575 2724 1785 2787 τούτοις

216 2818 323 2885 μὲν
349 2817 497 2887 αύτῷ
526 2819 619 2871 καὶ
650 2820 679 2871 ό
706 2816 897 2887 παρὼν
930 2816 1290 2886 ἀπαρτίζεται
1330 2815 1504 2883 λόγος.

295 2909 337 2962 Γ
341 2908 571 2979 ράφειδὲ
599 2912 628 2963 ό
656 2910 817 2972 αὐτὸς
855 2909 995 2979 ίερδς
1022 2908 1160 2978 ἀνὴρ
1183 2908 1279 2961 καὶ
1311 2906 1446 2977 πρὸς
1468 2906 1787 2975 Δομετιανὸν

219 3001 559 3071 (Μελιτηνῆς
608 3001 664 3053 δὲ
710 2994 866 3061 οὗτος
919 2998 1265 3066 ἐπίσκοπος),
1301 2998 1401 3051 οὐκ
1446 2997 1787 3067 άπρόσφορον

214 3087 361 3143 εἶναι
392 3091 668 3160 παριστῶν
685 3092 745 3143 τὸ
772 3095 899 3159 μίαν
928 3091 1107 3157 λέγειν
1139 3090 1299 3158 φύσιν
1331 3088 1425 3141 τοῦ
1456 3087 1590 3141 Θεοῦ
1612 3090 1655 3119 ¹⁶
1688 3088 1789 3141 Λό-

1867 609 2204 677 sapientiam,
2227 619 2319 664 aut
2340 608 2596 676 Verbum,
2620 616 2714 663 aut
2732 610 2988 665 virtutem
3011 609 3185 665 Patris
3210 610 3420 670 dixero.

1867 717 1897 757 a
1928 702 2124 758 divinis
2150 702 2369 756 Litteris
2395 717 2499 756 non
2531 702 2871 759 dissentiam.
2902 701 2969 756 Et
3005 701 3097 770 qui
3123 716 3189 755 ex
3224 702 3423 755 divinis

1866 794 2094 864 eloquiis
2139 794 2204 850 de
2238 794 2419 850 Patris
2440 802 2497 849 et
2534 793 2769 864 Spiritus
2797 794 2968 849 sancti
3006 794 3253 864 personis
3282 794 3427 855 sinti-

1868 886 1938 940 lia
1984 886 2269 941 allirmabit
2310 886 2783 957 quaerentibusque
2828 884 3201 956 respondebit,
3245 884 3294 939 is
3342 886 3429 953 pie

1871 986 2126 1045 recteque
2148 976 2453 1032 sillrmsbit.
2481 977 2561 1030 Tu
2589 990 2751 1045 porro
2782 975 2985 1030 inferre
3018 974 3240 1045 poteris,
3268 973 3434 1043 expli-

1870 1084 2003 1124 cans
2029 1069 2293 1123 rationem
2323 1069 2675 1138 hypostaseos
2695 1066 2820 1122 Filii
2847 1084 2862 1123 :
2896 1065 3065 1121 Deum
3092 1065 3159 1120 de
3208 1065 3336 1131 Deo,
3364 1065 3433 1118 ab

1870 1169 2093 1225 aeterno,
2150 1161 2427 1229 impatibili
2478 1161 2638 1215 modo
2685 1160 2970 1227 genitum:
3010 1158 3323 1228 pariterque
3362 1159 3435 1213 de

1874 1250 2075 1322 Spiritu
2122 1261 2335 1311 sancto.
2364 1252 2526 1306 Deum
2556 1251 2622 1306 de
2649 1249 2759 1307 Deo
2793 1250 2862 1306 ab
2886 1260 3091 1305 veterno
3136 1249 3435 1317 proceden-

1877 1353 1984 1401 tem
2027 1356 2191 1414 atque
2216 1343 2567 1415 proﬂuentem
2597 1360 2611 1397 :
2642 1343 2911 1413 similique
2935 1343 3094 1397 modo
3128 1341 3308 1396 Patris
3334 1341 3435 1411 by-

1876 1439 2143 1504 postasin,
2173 1440 2338 1493 verbo
2380 1437 2767 1507 explicaturos,
2799 1436 2945 1492 dices
2976 1453 2990 1490 :
3024 1434 3103 1490 Ex
3136 1448 3246 1505 quo
3294 1431 3439 1487 Deus

1878 1529 2114 1584 Verbum
2160 1531 2399 1599 genitum
2453 1540 2559 1595 est,
2609 1528 2701 1584 tali
2740 1528 3111 1599 generationis
3157 1540 3437 1597 processu,

1879 1621 1933 1675 in
1962 1635 2071 1689 quo
2096 1634 2163 1676 ne
2190 1636 2285 1689 per
2308 1622 2691 1688 cogitationem
2715 1620 2931 1690 quidem
2958 1617 3063 1674 ulla
3093 1633 3189 1675 seu
3219 1617 3438 1682 divisio,

1879 1728 1972 1768 seu
2021 1715 2201 1782 passio
2247 1717 2473 1783 reperiri
2509 1715 2698 1784 possit.
2741 1712 2795 1768 Si
2831 1711 2911 1768 vis
2956 1694 3147 1766 autem.
3176 1707 3438 1779 Spiritum

1880 1817 2124 1862 sanctum
2156 1806 2247 1878 [ad
2278 1805 2493 1862 Patrem
2522 1806 2702 1877 aliquo
2739 1807 2896 1861 modo
2931 1802 3317 1862 declarandum
3340 1802 3442 1857 ad.

1883 1898 2089 1964 bibere,
2113 1898 2259 1955 dices
2284 1898 2326 1971 :]
2360 1896 2438 1953 Ex
2461 1912 2585 1968 quo,
2648 1897 2994 1952 inenarrabili
3033 1905 3089 1950 et
3133 1896 3442 1964 incompre-

1879 1991 2051 2047 henso
2088 1991 2477 2060 impatibilique
2525 1992 2721 2053 modo.
2768 1999 3036 2045 coaeterne
3076 1987 3341 2057 procedit,
3386 1995 3444 2041 et

1881 2085 1926 2138 si
1959 2084 2085 2150 quid
2121 2082 2263 2136 aliud
2304 2082 2669 2152 hujuscemodi
2700 2080 2879 2137 dicere
2911 2078 2992 2135 fas
3030 2089 3133 2143 est,
3161 2076 3439 2148 Scriptura

1881 2176 2139 2232 divinitus
2162 2177 2419 2244 inspirata
2445 2175 2776 2245 spiritnslem
2802 2174 2956 2229 nobis
2973 2171 3292 2242 sapientiam
3319 2185 3444 2240 pro.

1884 2271 2103 2339 pinante
2122 2279 2177 2323 ct
2198 2270 2432 2322 studium
2461 2276 2656 2322 nostra;
2684 2266 2970 2321 voluntatis
2990 2265 3231 2334 juvante.
3263 2264 3438 2332 Atque

1885 2378 1952 2417 ne
1986 2364 2066 2417 sic
2099 2362 2313 2431 quidem
2354 2360 2619 2431 explicata
2668 2374 2762 2413 seu
2792 2358 2957 2422 dicta,
2990 2359 3137 2412 omni
3175 2357 3438 2423 imagine.

1886 2462 2029 2515 tione
2061 2460 2313 2522 butnana,
2338 2473 2455 2525 qua:
2480 2456 2634 2510 nobis
2664 2453 2968 2527 [perpetuo]
3000 2453 3436 2521 coniunctionem

1883 2550 2148 2614 obtrudit,
2178 2550 2458 2604 carebunt.
2488 2546 2593 2602 Sed
2639 2564 2742 2600 non
2778 2547 2977 2601 utendo
3008 2559 3139 2599 voce
3170 2542 3441 2610 composi-

1886 2646 2046 2697 tionis
2080 2654 2134 2697 et
2157 2643 2573 2707 coniunctionis.
2607 2655 2713 2695 non
2745 2639 2967 2694 videtur
2995 2638 3292 2692 auditorem
3320 2650 3443 2705 per-

1888 2736 2107 2789 turbare
2130 2743 2221 2788 aut
2244 2732 2535 2788 olleudere.
2565 2732 2740 2800 Atque
2761 2729 2813 2784 in
2844 2730 2927 2784 bis
2951 2731 3019 2784 ab
3048 2743 3114 2784 eo
3140 2730 3301 2783 etiam
3332 2730 3446 2783 haec

1890 2841 2123 2895 praesens
2155 2828 2329 2880 oratio
2362 2825 2675 2879 absolvitur.

1960 2918 2159 2973 Scribit
2175 2932 2300 2971 vero
2319 2918 2457 2971 idem
2476 2917 2560 2969 vir
2580 2923 2799 2969 sanctus
2819 2916 2886 2969 ad
2908 2914 3271 2968 Domitianum
3286 2912 3447 2967 Meli-

1890 3021 2091 3065 tensetn
2120 3011 2447 3077 episcopum,
2466 3008 2768 3075 asseritque
2785 3005 2927 3060 haud
2952 3008 3047 3060 abs
3066 3019 3123 3059 re
3140 3020 3262 3059 esse
3280 3021 3444 3058 unum

1890 3101 1983 3155 Dei
2004 3113 2247 3155 naturam
2275 3097 2437 3153 Verbi
2455 3108 2701 3152 naturam
2721 3095 2965 3166 profiteri
2984 3096 3338 3149 incarnatant.
3357 3096 3446 3151 Ille

216 3200 320 3250 γου
358 3184 801 3253 σεσαρκωμένην.
834 3184 893 3235 Ὀ
921 3183 1020 3252 μὲν
1046 3181 1155 3250 γὰρ
1190 3181 1290 3235 οὐκ
1314 3180 1603 3234 ἀνεύθυνον
1625 3178 1788 3231 ἐτίθει

1895 3194 2031 3247 cnim
2056 3203 2299 3246 sanctum
2330 3189 2614 3256 Eulogium
2646 3202 2749 3241 non
2783 3198 2935 3241 extra
2964 3187 3177 3254 culpam
3211 3185 3446 3239 aﬂirtnn-

215 3277 313 3329 τὸν
350 3275 494 3345 ίερδν
546 3273 802 3342 Εὑλόγιον
855 3273 1195 3344 κεχρημένον
1241 3271 1319 3341 τῷ
1370 3273 1605 3341 ῥήματιο
1657 3271 1685 3322 ὀ
1731 3271 1788 3323 δὲ

1895 3285 2007 3341 bat.
2053 3282 2195 3351 quod
2245 3280 2388 3333 illam
2435 3293 2621 3333 vocem
2671 3286 3007 3347 usurpasset.
3037 3277 3144 3332 Sed
3192 3275 3447 3346 EuIOgius

216 3362 302 3431 οἷς
340 3366 600 3428 πολλάκις
648 3366 707 3418 ὲν
748 3368 860 3425 τοῖς
892 3362 1222 3434 προλαϐοῦσι
1259 3362 1438 3431 λόγοις
1480 3362 1577 3430 τὴν
1606 3359 1788 3429 φωνὴν

217 3458 616 3527 ἐπικουρήσας,
650 3457 743 3509 καὶ
778 3458 891 3517 τοῖς
930 3453 1103 3523 ὀρθῶς
1153 3453 1321 3524 αὐτὴν
1360 3453 1790 3521 ἐκλαμὶόάνουσιν

217 3550 462 3612 εὐσεϐῶς
485 3549 712 3619 ἔχουσαν
739 3545 1057 3617 παρασχὼν,
1090 3546 1184 3598 καὶ
1209 3546 1282 3609 ῶς
1314 3546 1363 3597 oi
1387 3546 1633 3613 λέγοντες
1661 3545 1790 3614 μίαν

219 3643 389 3705 φύσιν
452 3637 544 3691 τοῦ
594 3639 765 3705 Λόγου
821 3636 1247 3707 σεσαρκωμένην
1311 3637 1371 3689 ού
1450 3638 1578 3706 μίαν
1631 3637 1791 3704 φύσιν

217 3734 414 3795 ἁπλῶς
447 3748 613 3801 φασιν
648 3730 709 3796 ἐξ
736 3730 1060 3801 ἀμφοτέρων
1105 3730 1387 3798 γεγονέναι
1419 3731 1526 3782 τῶν
1556 3732 1787 3798 φύσεων,

218 3827 367 3878 ὥστε
394 3824 488 3875 καὶ
515 3821 773 3891 συγχύσει
798 3821 866 3872 τὰ.
892 3820 1221 3873 συνελθόντα
1245 3822 1583 3889 περιπεσεῖν,
1618 3823 1794 3873 ἐκεῖνο

221 3920 280 3971 δὲ
315 3916 518 3986 μᾶλλον
568 3912 872 3985 βούλεσθαι,
910 3912 984 3975 ὡς
1035 3912 1064 3963 ό
1109 3914 1400 3981 μονογενὴς
1444 3910 1537 3964 τοῦ
1585 3912 1794 3981 Πατρὸς

219 4008 355 4070 Υἱὸς
374 4005 559 4076 ήνώθη
597 4007 759 4075 σαρκὶ
797 4002 918 4057 καθ’
946 4004 1261 4067 ὑπόστασιν,
1291 4004 1319 4054 ὁ
1354 4001 1513 4065 αὐτὸς
1542 4001 1639 4056 καὶ⁸
1663 4001 1795 4064 Θεὸς

216 4104 318 4154 καὶ
334 4099 432 4152 ave
441 4115 618 4169 ρωπος
637 4096 732 4160 ῶν,
755 4097 829 4159 ὼς
857 4099 950 4149 καὶ
970 4095 1048 4165 τῷ
1062 4094 1307 4165 Θεολόγῳ
1322 4096 1468 4149 δοκεί
1490 4094 1587 4165 ('0
1609 4096 1796 4163 Λόγος

217 4192 357 4263 γὰρ,
383 4192 536 4262 φησὶ,
574 4190 732 4259 σὰρξ
747 4188 1119 4258 ἐγένετο,καί
1134 4186 1489 4254 ἐσκήνωσεν
1508 4187 1578 4241 ἐν
1606 4187 1792 4257 ἡμῖν),

218 4284 395 4338 ταῦτα
419 4283 507 4337 διά
552 4283 787 4344 πλάτους
822 4280 993 4333 εἰπὼν
1028 4280 1123 4334 καὶ
1156 4280 1631 4351 ἀπολογησάμενος
1655 4280 1796 4332 οὕτω

218 4374 471 4438 δοξάζειν
495 4376 589 4425 καὶ
622 4371 887 4442 Κύριλλον
912 4370 1329 4438 ἐπαγγέλλεται,
1362 4372 1421 4422 ὲν
1450 4364 1530 4433 οἷς
1565 4370 1797 4439 μάλιστα

216 4466 395 4533 λέγει’
422 4465 489 4518 Ei
510 4462 631 4532 μὲν
650 4465 759 4533 γὰρ
783 4464 931 4531 μίαν
958 4462 1222 4526 clads-reg
1254 4460 1359 4515 τοῦ
1380 4463 1573 4529 Λόγου
1607 4462 1794 4528 φύσιν

1890 3390 2010 3430 cum
2040 3390 2105 3428 ex
2164 3372 2448 3442 praeteritis
2468 3386 2609 3441 saepe
2627 3370 2985 3434 orationibus,
3002 3370 3200 3441 281a
3222 3378 3277 3425 et
3303 3378 3450 3424 recte

1891 3479 2075 3517 vocem
2105 3461 2520 3532 intelligentibus
2544 3460 2675 3514 nihil
2719 3460 3010 3530 impietatis
3034 3460 3259 3515 subesse
3275 3467 3451 3513 osten-

1891 3556 2080 3615 disset,
2112 3558 2267 3608 docet
2310 3569 2403 3607 eos
2438 3555 2530 3621 qui
2565 3553 2751 3607 dicunt
2797 3568 2958 3606 unant
2993 3551 3151 3607 Verbi
3203 3562 3449 3605 naturam

1894 3644 2231 3697 incarnatatn
2282 3656 2423 3707 esse,
2480 3656 2587 3695 non
2644 3641 2913 3696 afﬁrmare
2974 3656 3136 3695 unam
3203 3652 3452 3695 naturam

1891 3734 2206 3805 simpliciter
2231 3749 2296 3788 ex
2328 3733 2586 3789 ambabus
2626 3732 2823 3788 iactam
2856 3733 3085 3797 naturis,
3120 3734 3190 3788 ita
3232 3743 3293 3787 ut
3320 3748 3453 3789 con-

1888 3829 2093 3897 junctzc
2117 3829 2258 3881 inter
2284 3842 2342 3881 se
2364 3826 2793 3892 confundantur,
2820 3828 2912 3881 sed
2939 3826 3067 3881 illud
3090 3827 3266 3895 potius
3296 3826 3453 3889 velle,

1896 3920 2225 3988 unigenitum
2304 3916 2479 3971 Patris
2535 3916 2731 3972 Filium
2787 3919 3085 3973 secundum
3140 3920 3457 3988 Itypostasin

1895 4012 2046 4065 carni
2080 4011 2311 4075 unitum,
2337 4010 2429 4079 qui
2461 4009 2599 4062 idem
2628 4006 2769 4063 Deus
2797 4019 2852 4063 et
2878 4008 3038 4063 homo
3061 4019 3168 4075 est,
3200 4012 3462 4079 quemad-

1899 4105 2113 4157 modum
2142 4113 2196 4156 et
2231 4102 2507 4171 Tlieologo
2551 4100 2750 4167 placet.
2792 4098 3044 4165 Verbum,
3090 4102 3287 4173 inquit,
3334 4117 3461 4156 caro

1896 4196 2093 4261 factum
2118 4203 2217 4255 est,
2261 4203 2307 4245 et
2341 4190 2596 4244 habitauit
2648 4191 2706 4243 in
2755 4190 2900 4245 nobis
2918 4192 2967 4244 ιι.
3002 4189 3127 4246 Hac
3174 4207 3298 4247 cum
3342 4190 3462 4247 fuse

1896 4285 2239 4339 disseruisset
2270 4294 2327 4338 et
2379 4280 2957 4346 del'endisset,eadem
3001 4283 3164 4337 etiam
3202 4282 3463 4354 Cyrillum

1896 4378 2089 4429 docere
2143 4373 2399 4436 allirtnat,
2454 4371 2506 4423 in
2562 4371 2756 4440 quibus
2808 4370 3145 4438 potissimum
3187 4370 3366 4425 dicit:
3401 4368 3465 4426 Si

1903 4484 1993 4521 nos
2027 4482 2131 4519 una
2180 4462 2332 4516 Verbi
2364 4476 2560 4516 natura
2583 4464 2751 4529 posita
2775 4463 3149 4525 tacuissemus,
3185 4477 3280 4516 nec
3312 4463 3468 4516 addi-

216 4556 637 4625 σεσιτιξκαμεν
660 4594 675 4616 ,
724 4558 835 4609 οὐκ
882 4554 1309 4622 ἐπενεγκόντες
1371 4553 1437 4607 τὸ
1487 4568 1791 4621 σεσαρκω-

1895 4563 2172 4619 dissertans,
2204 4575 2222 4606 ι
2258 4554 2623 4606 incarnatams
2656 4551 2791 4624 [eam
2844 4552 3145 4624 naturam],
3178 4555 3268 4607 sed
3310 4555 3464 4623 quasi

214 4646 440 4716 μένην,
478 4645 615 4697 ἀλλ’
639 4642 770 4699 οἷον
794 4643 911 4707 ἔξω
950 4643 1211 4708 τιθέντες
1268 4643 1380 4709 τὴν
1430 4646 1792 4712 οἰκονομίαν,

221 4738 308 4805 ἦν
330 4734 537 4801 αὐτοῖς
568 4736 721 4805 τάχα
768 4752 886 4789 που
934 4735 1031 4789 καί
1062 4738 1174 4789 οὐκ
1216 4735 1505 4802 ἀπίθανος
1542 4740 1575 4790 d
1613 4738 1794 4804 λόγος

220 4826 773 4897 προσποιουμένοις
816 4825 1041 4895 ἐρωτᾷν
1082 4826 1200 4880 ποῦ
1238 4828 1303 4880 τὸ
1339 4826 1570 4881 τέλειον
1595 4829 1665 4881 ἐν
1689 4828 1793 4880 ἀν-

216 4918 577 4983 θρωπότητι,
602 4917 641 4984 ἢ
672 4914 798 4980 πῶς
823 4915 1167 4984 ὑφέστηκεν
1194 4917 1231 4983 ή
1257 4916 1384 4969 καθ’
1405 4914 1562 4985 ἡμᾶς
1578 4918 1759 4970 οὐσία
1778 4934 1791 4946 ·

214 5007 431 5075 ἐπειδὴ
472 5007 540 5059 δὲ
563 5008 659 5061 καὶ
690 5009 761 5061 ἐν
798 5009 1206 5076 ἁνθρωπότητι
1242 5009 1541 5074 τελειότης
1570 5008 1797 5075 καὶτῆς

216 5102 353 5154 καθ’
388 5097 547 5167 ἡμᾶς
580 5100 796 5165 οὐσίας
836 5100 875 5165 ἡ
910 5098 1177 5167 δήλωσις
1222 5100 1665 5166 εἰσκεκόμισται
1701 5100 1797 5154 διὰ

216 5190 329 5244 τοῦ
389 5188 592 5258 λέγειν
634 5190 1082 5260 σεσαρκωμένην,
1137 5190 1656 5246 παυσάσθωσαν-⁸⁷
1698 5210 1797 5246 κα-

215 5281 491 5349 λαμίνην
677 5283 767 5354 H.]
795 5283 1021 5351 ῥάϐδον
1054 5284 1287 5348 ἑαυτοῖς
1313 5284 1793 5353 ὑποστήσαντες.

219 5370 442 5425 Οὐκοῦν
462 5375 561 5435 τάς
592 5375 683 5426 δύο
710 5376 898 5443 φύσεις
938 5379 970 5444 ἠ
1008 5376 1256 5446 παροῦσα
1304 5377 1453 5445 φωνὴ
1498 5378 1575 5445 τῷ
1622 5378 1793 5429 eam.

223 5464 371 5535 νότῳ
400 5466 714 5535 εἰσήνεγκεν
760 5467 1183 5536 ἑπισφίγγουσα,
1213 5468 1289 5529 ὠς
1330 5468 1489 5529 αὐτὸς
1534 5469 1796 5535 infinita:

296 5578 325 5617 ι
347 5574 503 5632 Joan.
529 5595 569 5641 ι,
591 5580 675 5633 14.

1899 4651 2246 4706 extrinsecus
2274 4659 2581 4713 poneremus
2625 4644 2966 4697 conueniant
3001 4660 3091 4696 seu
3116 4645 3471 4713 dispensatio-

1903 4758 2055 4804 nem;
2097 4747 2231 4792 esset
2262 4736 2370 4791 illis
2399 4735 2687 4803 probabilis
2717 4749 2879 4789 causa
2904 4737 2950 4789 si
2990 4736 3170 4790 uellem
3207 4752 3465 4806 quarrere,

1902 4838 1990 4891 ubi
2048 4846 2180 4887 esset
2248 4832 2306 4885 in
2365 4832 2700 4884 humanitate
2759 4830 3036 4900 perfectio,
3066 4842 3158 4885 aut
3207 4834 3470 4903 quomodo

1902 4936 2084 4980 nostra
2125 4925 2431 4978 subsisteret
2469 4921 2737 4976 essentia?
2763 4919 2865 4977 Sed
2894 4925 3149 4991 quoniam
3186 4924 3243 4978 iu
3282 4924 3472 4977 huma-

1900 5020 2063 5071 uilate
2085 5017 2359 5085 perfectio,
2391 5023 2441 5068 et
2465 5022 2662 5068 nostra:
2700 5014 3014 5068 substantia:
3054 5014 3350 5068 declaratio
3378 5030 3473 5083 per

1895 5114 2129 5173 verbum,
2164 5108 2527 5167 incantatam.
2561 5106 2730 5160 allata
2780 5115 2882 5171 est,
2925 5106 3169 5161 desinant
3211 5108 3473 5161 arundine

1894 5215 1949 5253 se
1979 5199 2186 5267 fulcire.
2241 5196 2383 5251 Duas
2426 5211 2557 5265 ergo
2608 5205 2830 5250 naturas
2874 5196 2986 5250 hac
3011 5209 3136 5263 vox,
3166 5197 3469 5259 incuruata,

1903 5291 2134 5344 indivise
2165 5288 2493 5344 constrictas
2525 5288 2729 5358 posuit,
2755 5296 2815 5340 ut
2845 5288 2984 5341 idem
3014 5285 3260 5343 clamitat
3293 5284 3472 5359 Cyril-

1903 5383 2005 5436 lus.
2033 5380 2171 5435 llinc
2199 5395 2341 5449 saepe
2371 5396 2532 5434 unam
2566 5378 2726 5434 Verbi
2762 5389 3013 5432 naturant
3046 5377 3260 5432 videtur
3291 5378 3476 5433 dicere

1912 5476 2270 5527 incarnatant.
2301 5471 2453 5539 Quod
2485 5470 2528 5525 si
2563 5485 2724 5524 unant
2756 5471 3020 5524 duntaxat
3061 5468 3263 5523 Christi
3318 5480 3475 5523 natu-

1550 5671 1781 5726 \‘AlilA’.
1828 5672 2223 5729 LECTIONES.

300 5760 348 5791 “
376 5757 473 5811 καὶ
494 5758 553 5822 ἐξ
581 5754 642 5814 οὗ
667 5760 726 5813 τὸ
752 5759 966 5832 πνεῦμα
1000 5760 1041 5815 Α
1072 5778 1086 5816 :
1115 5762 1175 5814 τὸ
1205 5761 1416 5831 πνεῦμα
1451 5764 1505 5828 ἐξ
1543 5760 1601 5817 οἶ
1635 5783 1693 5827 ς.
1778 5767 1816 5795 ¹⁵

222 5831 321 5885 καὶ
366 5833 496 5886 καλ.
521 5847 581 5896 ς.

1853 5766 2210 5835 προΐστασθαι
2249 5783 2306 5828 ς,
2355 5766 2396 5795 ⁸⁸
2431 5766 2519 5818 τού
2549 5766 2683 5818 Θεοῦ
2717 5766 2756 5819 Α
2793 5764 2970 5819 τΘεοῦ
2993 5763 3084 5819 τοῦ
3122 5784 3181 5828 ς’.
3231 5768 3270 5801 ¹¹¹
3302 5780 3469 5821 παις.
