4208 6442
819 360 949 426 1071

1978 362 2237 425 ΡΗΟΤΙΙ
2277 360 2778 423 ΡΛΤΒῙΛΒΕΗΕ
2811 364 2924 425 CP.

3924 360 4071 424 1072

817 493 933 533 ram
979 473 1298 544 simpliciter
1340 473 1704 543 proﬁteretur,
1767 488 1943 531 nonne
1990 475 2378 529 damnaretur?
2407 478 2451 533 Α

2407 478 2451 533 Α
2481 475 2509 526 ό
2543 474 2831 545 Κύριλλος.
2857 476 2949 529 Διὸ
2976 474 3069 529 καὶ
3102 475 3230 545 μίαν
3260 474 3421 544 φύσιν
3446 474 3541 528 τοῦ
3567 475 3738 543 Λόγου
3763 491 4069 546 σεσαρκω-

816 568 951 635 Quid
1002 579 1177 621 autem
1228 566 1300 619 sit
1346 576 1533 619 natura
1566 568 1794 620 humana
1825 576 1917 620 aut
1952 566 2035 637 (ut
2077 566 2216 621 idem
2249 565 2371 619 alibi

816 660 1038 727 docuit),
1091 673 1214 713 caro
1261 658 1573 728 intelligenti
1612 660 1789 714 anima
1842 660 2126 714 informata
2153 703 2168 727 ,
2199 670 2259 714 ut
2293 661 2375 714 vel

816 760 1098 825 propterea
1128 766 1338 804 rursum
1384 760 1672 820 utrumque
1702 753 1754 806 in
1782 752 2030 805 unionem
2059 751 2378 807 convenien-

824 847 954 899 tium
1004 842 1404 896 indivisibiliter
1466 844 1859 897 conservetur?
1905 843 2055 897 Patet
2119 858 2248 913 ergo
2308 858 2373 895 ex

820 936 1000 998 dietis,
1029 949 1119 987 eos
1151 934 1240 1003 qui
1272 935 1564 988 secundum
1608 933 1872 1005 Cyrillum
1916 934 2220 989 orthodoxe
2261 931 2376 1004 [seu

820 1027 1105 1099 catholica]
1136 1029 1329 1082 ducent
1362 1042 1522 1080 unam
1555 1038 1800 1082 naturam
1828 1027 1989 1081 Verbi
2022 1028 2375 1088 incarnatam,

824 1136 929 1174 non
969 1122 1032 1173 ad
1069 1121 1231 1173 alium
1274 1119 1432 1173 ﬁnem
1469 1119 1760 1187 respicere,
1800 1133 1960 1187 quam
2005 1133 2380 1187 quemcunque

823 1212 1008 1275 alium,
1038 1214 1127 1280 qui
1154 1210 1313 1265 talem
1350 1223 1531 1265 vocem
1562 1209 1679 1281 [seu
1704 1212 1917 1265 modum
1946 1210 2221 1281 loquendi]
2250 1210 2379 1281 ipsis

824 1302 1092 1371 proponit,
1153 1316 1269 1369 quae
1329 1300 1463 1355 duas
1516 1299 1751 1372 [nempe]
1786 1302 1837 1354 in
1893 1299 2110 1355 Christo
2154 1299 2380 1355 Domino

826 1404 1045 1446 naturas
1074 1395 1286 1460 penitus
1314 1394 1535 1461 iunctas
1568 1395 1797 1449 indivise
1828 1396 2037 1448 asserit.
2069 1395 2201 1448 Dum
2232 1394 2377 1448 enim

826 1486 1014 1539 beatus
1062 1483 1296 1554 Cyrillus
1362 1486 1517 1540 docet
1583 1501 1675 1556 per
1727 1486 1898 1555 ipsam
1953 1486 2379 1540 incarnationem

832 1589 1115 1645 utrumque
1140 1576 1190 1629 in
1220 1578 1469 1631 unionem
1496 1577 1805 1630 coeuntiqu
1834 1576 2234 1634 indivisihiliter
2254 1588 2381 1629 con-

828 1667 1054 1727 servari,
1076 1666 1211 1734 ‘quis
1246 1666 1386 1720 alius
1418 1680 1611 1734 scapus
1646 1680 1738 1719 seu
1774 1666 1893 1719 linis
1918 1666 1985 1717 ab
2010 1680 2074 1719 eo
2104 1675 2380 1734 spectare-

830 1769 939 1819 lnr,
969 1772 1125 1827 quam
1168 1759 1256 1825 qui
1294 1759 1425 1811 duas
1476 1759 1527 1811 in
1574 1758 1852 1811 Salvatore
1901 1758 2113 1811 Christo
2166 1766 2383 1810 naturas

2483 567 2650 638 μένην
2698 567 2960 631 πολλάκις
3014 567 3263 636 φαίνεται
3305 568 3565 636 φάμενος,
3626 568 3754 637 μίαν
3785 569 3841 620 δὲ
3890 568 4070 637 φύσιν

2482 656 2718 727 Χριστοῦ
2760 658 2945 717 ἁπλῶς
2996 656 3166 709 εἰπὼν
3202 658 3303 709 οὐκ
3346 658 3413 710 ἂν
3445 656 3620 726 ἁλοίη.
3665 657 3733 708 Τί
3774 657 3819 710 δ’
3850 659 3930 710 ἂν
3976 660 4065 727 εἴη

2482 745 2642 813 φύσις
2685 746 3098 815 ἁνθρωπότητος
3136 747 3191 813 ἦ,
3238 745 3312 807 ὡς
3350 747 3509 807 αὐτὸς
3561 748 3721 799 πάλιν
3755 749 3814 798 ἐν
3864 747 4065 810 ἄλλοις

2483 840 2707 905 ἐδίδαξε,
2739 839 2874 909 σὰρξ
2910 839 3233 908 ἔψυχωμένη
3274 839 3503 906 νοερῶς;
3534 839 3608 900 ὡς
3645 840 3740 889 καὶ
3768 840 3859 891 διὰ
3897 841 4068 890 τοῦτο

2482 929 2643 982 πάλιν
2723 929 2991 992 σώζεσθαι
3068 929 3177 981 τῶν
3234 929 3649 999 συνδραμόντων
3718 932 3797 992 εἱς
3857 932 4066 981 ἕνωσιν

2482 1023 2804 1093 ἀδιαιρέτως
2856 1024 3139 1093 ἑκάτερον.
3172 1023 3340 1093 Δῆλον
3373 1019 3466 1076 οὖν
3511 1024 3573 1075 ὲκ
3600 1022 3708 1075 τῶν
3742 1024 4068 1092 εἰρημένων

2482 1112 2558 1176 ὡς
2587 1115 2635 1165 ol
2668 1112 2963 1183 ὀρθοδόξως
3003 1112 3251 1181 λέγοντες
3293 1114 3385 1168 καὶ
3426 1113 3567 1166 κατά
3613 1112 3887 1181 Κύριλλον
3936 1114 4068 1182 μίαν

2484 1207 2648 1276 φύσιν
2703 1204 2795 1258 τοῦ
2860 1207 3033 1273 Λόγου
3103 1205 3566 1275 σεσαρκωμένην,
3605 1204 3665 1257 ού
3717 1204 3858 1275 πρὸς
3902 1203 4070 1256 ἄλλον

2481 1299 2727 1369 ἀφορῶσι
2756 1298 3032 1367 σκοπὸν.ῆ
3065 1298 3210 1361 ὅστις
3239 1298 3418 1361 αὐτοῖς
3450 1299 3549 1366 τὴν
3585 1297 3847 1368 τοιαύτην
3874 1298 4069 1367 φωνὴν

2483 1389 2810 1442 ἐπιδείκνυσι
2832 1388 2929 1451 τάς
2949 1387 3042 1441 δύο
3061 1388 3248 1455 φύσεις
3268 1389 3361 1440 ἐπὶ
3385 1386 3477 1440 τοῦ
3505 1387 3783 1440 Δεσπότου
3819 1387 4066 1458 Χριστοῦ

2483 1481 2562 1548 τῷ
2606 1480 2892 1551 ἀδιαιρέτῳ
2946 1480 3163 1542 πάντως
3210 1481 3654 1546 συνεισάγουσαν.
3692 1480 3782 1532 Ἐν
3820 1479 3904 1549 τῷ
3957 1480 4069 1548 γάρ

2485 1577 2660 1627 εἰπεῖν
2697 1574 2787 1625 τὸν
2839 1576 3105 1644 μακάριον
3147 1573 3413 1644 Κύριλλον
3462 1571 3729 1636 σώζεσθαι
3768 1572 3839 1625 δι’
3895 1574 4070 1641 αὐτῆς

2486 1666 2594 1719 τῶν
2621 1666 3034 1736 συνδραμόντων
3082 1666 3161 1727 εἰς
3188 1666 3382 1717 ἕνωσιν
3418 1665 3740 1735 ἀδιαιρέτως
3774 1664 4066 1735 έκατέρον.

2489 1758 2618 1830 [875
2646 1757 2738 1830 R.]
2764 1761 2909 1819 ποῖος
2936 1758 3001 1811 ἂν
3020 1758 3176 1819 ἄλλος
3194 1757 3586 1827 παρεισαχθείη
3609 1758 3811 1818 σκοπὸς
3848 1757 3881 1824 ἢ
3917 1760 3945 1809 ὁ
3971 1759 4069 1819 τὰς

834 1850 1065 1904 indivise
1093 1854 1371 1916 copulatas
1396 1850 1649 1918 praedicat
1687 1848 2029 1916 recipitque?
2060 1849 2125 1903 Et
2153 1849 2250 1903 hoc
2279 1849 2389 1902 cla-
2418 1834 2461 1892 Β
2488 1856 2496 1902 ἑ

2418 1834 2581 1905 Βδύο
2625 1852 2819 1920 φύσεις
2874 1852 2969 1903 ἐπὶ
3017 1849 3110 1902 τοῦ
3159 1850 3416 1919 Σωτῆρος
3470 1848 3706 1919 Χριστοῦ
3749 1848 4070 1918 σωζομένας

835 1942 949 1994 rius
981 1942 1032 1992 in
1062 1940 1287 2007 epistola
1318 1940 1485 1993 altera
1527 1941 1592 1994 ad
1627 1938 1955 1994 Succensum
1982 1942 2221 2009 exponit.
2253 1938 2387 1993 Cum

835 2035 980 2088 enim
1011 2034 1337 2102 explicasset
1392 2034 1441 2087 in
1496 2033 1603 2099 illa,
1635 2033 1762 2103 quid
1790 2034 1872 2087 .sit
1913 2034 2012 2087 hoc
2047 2033 2217 2102 ipsum
2248 2034 2388 2101 quod

833 2128 1070 2182 declarat
1116 2142 1273 2180 unam
1347 2137 1588 2180 naturam
1626 2124 1778 2178 Verbi
1830 2127 2189 2183 incnrnatam.
2218 2135 2271 2178 et
2299 2127 2391 2177 do-

838 2220 1061 2283 cuisset,
1122 2233 1303 2272 verum
1354 2229 1408 2271 et
1466 2218 1759 2271 naturalem
1815 2231 1930 2271 esse
1977 2215 2119 2287 [Dei]
2176 2215 2391 2281 Filium,

838 2311 1087 2379 quamvis
1130 2309 1425 2364 secundum
1480 2319 1806 2377 assumptam
1839 2324 2053 2363 carnem
2083 2324 2186 2363 non
2218 2308 2388 2363 inani.

836 2416 1004 2465 mam,
1045 2401 1135 2453 sed
1170 2400 1491 2468 iutelligenti
1541 2402 1716 2452 anima
1765 2399 2134 2463 informatam,
2167 2416 2233 2455 ex
2274 2417 2393 2454 mu-

836 2493 968 2547 liere
1016 2493 1277 2563 prodierit
1333 2492 1512 2555 homo,
1564 2492 1761 2561 281!)
1825 2506 2056 2559 cumque
2130 2493 2396 2548 intulisset

839 2602 945 2640 non
985 2598 1269 2655 propterea
1295 2584 1526 2639 divisum
1574 2587 1637 2638 iri
1682 2584 2003 2653 [Christum]
2034 2586 2084 2637 in
2108 2588 2239 2639 duas
2272 2600 2397 2653 per-

839 2692 999 2730 sonas
1044 2687 1135 2729 aut
1175 2676 1333 2739 ﬁlios,
1372 2676 1463 2729 sed
1497 2676 1568 2727 ita
1615 2690 1831 2743 quoque
1875 2691 2181 2728 tuansurum
2211 2690 2395 2734 unum,

840 2770 1082 2837 adjungit
1104 2768 1370 2835 quomodo
1396 2782 1498 2819 non
1526 2768 1641 2820 sine
1668 2781 1855 2830 carne,
1886 2781 1981 2819 nec
2002 2776 2154 2819 extra
2184 2781 2397 2833 corpus,

841 2864 933 2914 sed
981 2875 1133 2913 suum
1180 2874 1243 2912 ac
1276 2858 1549 2926 proprium
1598 2857 1794 2910 haheat
1846 2871 2059 2924 corpus,
2105 2858 2400 2910 secundum

836 2951 1093 3005 unionem
1129 2964 1321 3018 nempe
1364 2948 1713 3004 indirulsum.
1768 2948 1831 2999 lit
1871 2948 1921 2999 in
1966 2948 2186 3015 epistola
2220 2949 2284 3000 ad
2330 2960 2412 3009 te,

840 3043 1230 3112 aliisque-Iocis
1262 3040 1466 3104 multis,
1506 3040 1691 3093 eadem
1722 3040 1920 3093 docere
1953 3039 2167 3107 legitur.
2198 3040 2268 3091 At
2298 3038 2397 3092 Se-

841 3136 1050 3188 veriani
1076 3132 1436 3187 dill'erentiam
1464 3142 1582 3200 post
1613 3132 2047 3184 concurrentium
2091 3141 2398 3182 naturarum

842 3226 1096 3278 unionem
1128 3222 1360 3276 aversati
1391 3221 1660 3275 malitiose
1682 3230 1737 3274 et
1760 3221 1919 3286 impie
1941 3220 2172 3287 primum
2190 3222 2402 3285 quidem

840 3325 1048 3383 ponunt
1078 3328 1257 3379 voces,
1294 3327 1413 3379 qua:
1461 3310 1818 3364 dill‘erentiam
1864 3320 2175 3363 naturarum
2226 3310 2406 3363 decla-

837 3415 994 3471 rant;
1028 3406 1220 3458 deinde
1264 3418 1392 3457 vero
1452 3418 1575 3456 cum
1631 3402 1751 3455 illas
1787 3404 1931 3469 ipsas
1988 3402 2190 3455 scilicet
2228 3401 2408 3454 iuver-

838 3508 978 3560 tunt,
1026 3512 1186 3550 unam
1218 3495 1379 3551 Verbi
1436 3504 1684 3549 naturam
1736 3496 1888 3549 aiunt
1943 3494 2305 3547 incarnatam.
2338 3496 2407 3547 At

841 3604 944 3640 non
978 3591 1048 3639 ita
1077 3588 1268 3656 religio
1296 3585 1596 3648 catholica,
1623 3586 1714 3639 sed
1742 3583 1926 3637 addita
1960 3584 2060 3637 hac
2084 3599 2236 3646 voce,
2265 3582 2407 3637 illico

839 3677 1093 3744 deinceps
1125 3676 1371 3730 ostendit
1423 3690 1525 3744 per
1557 3677 1697 3729 hanc
1737 3691 1924 3728 rursus
1955 3675 2149 3729 salvari
2181 3689 2245 3729 ex
2274 3689 2406 3728 con-

836 3765 1057 3835 junctis]
1103 3766 1328 3820 alteram
1392 3764 1700 3818 indivisihili
1779 3766 1988 3817 ratione
2043 3765 2244 3825 unitis,
2289 3779 2411 3833 qua:

842 3854 1038 3930 [pietas
1087 3854 1379 3926 catholica]
1424 3858 1669 3925 coarguit
1727 3857 1938 3923 impios,
2004 3858 2128 3908 dum
2176 3856 2412 3910 ostendit

846 3964 1009 4003 unam
1060 3948 1218 4003 Verbi
1265 3958 1511 4001 naturain
1566 3949 1905 4001 incarnntani
1941 3946 2073 4001 nihil
2106 3947 2250 4002 aliud
2290 3961 2412 4002 esse

842 4058 1004 4110 quam
1054 4039 1379 4095 indivulsam
1430 4043 1730 4093 secundum
1766 4039 2095 4109 hypostasim
2139 4038 2409 4102 unionem,

845 4144 1035 4186 natura
1066 4130 1339 4203 [utraque]
1374 4132 1581 4199 integra
1621 4143 1675 4184 et
1718 4129 2000 4185 inconfusa
2035 4144 2253 4200 semper
2283 4145 2412 4185 con-

847 4238 1079 4280 servata.
1111 4226 1251 4278 Duas
1270 4227 1417 4277 enim
1450 4223 1711 4277 indivisas
1739 4234 1961 4277 naturas
1992 4227 2228 4289 asserit,
2262 4223 2412 4292 quasi

850 4315 1078 4369 duarum
1111 4316 1409 4368 conrenien
1425 4314 1561 4366 tium
1596 4325 1909 4367 naturarum
1944 4314 2295 4369 differentiam
2335 4316 2414 4367 in-

854 4408 1041 4459 dicans
1073 4424 1087 4459 :
1136 4417 1188 4459 et
1216 4421 1373 4459 uuam
1416 4404 1576 4457 Verbi
1605 4416 1849 4458 naturam
1878 4405 2233 4469 incarnatam,
2259 4406 2414 4473 quasi

2490 1942 2772 2011 κηρύττων
2822 1941 3160 2009 ἀδιαιρέτους
3211 1940 3254 1970 ⁸⁸
3308 1941 3402 1991 καὶ
3473 1938 3909 2008 ἀποδεχόμενοςς
3979 1942 4070 1992 καὶ

2488 2034 2645 2085 τοῦτο
2672 2031 3045 2103 φανερώτερον
3076 2033 3168 2086 καὶ
3186 2032 3242 2083 ὲν
3272 2034 3337 2101 τῇ
3361 2031 3497 2101 πρὸς
3526 2030 3828 2085 Σούκενσον
3862 2034 3891 2084 ό
3908 2034 4069 2093 αὐτὸς

2489 2126 2639 2179 δευτέ
2652 2144 2719 2196 pq.
2755 2130 2986 2178 ποιεῖται
3014 2126 3289 2194 ἐπιστολῇ.
3335 2124 3682 2195 Ἐρμηνεύων
3704 2124 3817 2195 γάρ
3843 2128 3903 2178 ἐν
3930 2128 4068 2194 αὐτῇ

2490 2218 2541 2270 τί
2570 2220 2699 2270 ποτέ
2724 2219 2869 2270 ἐστιν
2895 2217 3043 2285 αὐτῷ
3072 2216 3112 2248 ¹⁹
3147 2216 3383 2285 δηλοῦσα
3424 2219 3458 2287 ἡ
3502 2216 3599 2286 μία
3640 2218 3804 2286 φύσις
3841 2217 3935 2269 τοῦ
3974 2220 4072 2271 Λο-

2490 2328 2587 2379 γου
2613 2309 3029 2379 σεσαρκωμὲνη,
3082 2310 3175 2361 καὶ
3197 2308 3370 2361 εἰπὼν
3400 2308 3475 2371 ὡς
3506 2308 3650 2360 ἔστιν
3692 2310 3821 2371 Υἱὸς
3859 2312 3887 2360 ὀ
3912 2310 4072 2376 φύσει

2494 2405 2587 2455 καὶ
2638 2402 2874 2470 ἀληθῶς.
2925 2404 2973 2454 εξ
3022 2404 3115 2454 καὶ
3169 2402 3309 2455 κατὰ
3349 2401 3655 2470 πρόσληψιν
3710 2402 3919 2471 σαρκὸς
3977 2404 4073 2453 οῦκ

2494 2496 2728 2564 ἀψύχου.
2750 2495 2861 2547 ἀλλ’
2882 2494 3239 2563 ἐψυχωμένης
3258 2495 3456 2563 νοερῶς
3482 2494 3755 2563 προῆλθεν
3786 2496 4073 2565 ἆνθρωπῳ

2497 2591 2559 2639 ἑκ
2598 2586 2875 2653 γυναικὸς,
2918 2588 3011 2638 καὶ
3065 2586 3379 2653 ἐπενεγκὼν
3413 2586 3484 2647 ὡς
3520 2587 3577 2635 ού
3631 2585 3724 2636 διὰ
3770 2586 3935 2638 τοῦτο
3983 2606 4075 2653 με·

2499 2676 2915 2745 ρισθήσεταιεῑς
2949 2675 3041 2727 δύο
3075 2674 3356 2744 πρώσωπα
3385 2676 3415 2744 ἢ
3448 2676 3617 2737 υἱοὺς,
3642 2674 3778 2726 ἀλλά
3817 2676 3914 2727 καὶ
3939 2677 4077 2726 οὕτω

2499 2767 2741 2836 διαμενεῖ
2789 2762 2892 2828 εἷς.
2955 2765 3276 2834 προστίθησι
3330 2766 3447 2827 πῶς
3497 2766 3595 2816 ούκ
3662 2767 3904 2833 ἄσαρκος
3961 2768 4079 2817 ούιίἰῖ

2501 2858 2604 2921 ἔξω
2682 2859 2949 2925 σώματος.
2999 2857 3112 2909 ἀλλ’
3152 2858 3281 2908 ἴδιον
3326 2858 3464 2925 ἔχων
3514 2856 3644 2909 αὐτὸ
3683 2858 3865 2925 (δῆλον
3905 2859 3991 2909 ὅτι
4024 2862 4080 2909 τὸ

2504 2949 2683 3017 σῶμα)
2726 2949 2844 2999 καθ’
2878 2950 3068 3001 ἕνωσιν
3090 2951 3475 3001 ἀδιάσπαττον.
3505 2949 3620 2999 Κάν
3666 2952 3730 3015 τῇ
3772 2949 4004 3015 πρὸς,...
4042 2958 4079 2979 ³⁸

2505 3040 2562 3091 δέ
2596 3040 2849 3109 ἐπιστολῇ
2877 3043 2967 3091 καὶ
3001 3042 3059 3091 ἐν
3089 3040 3266 3101 ἄλλοις
3307 3039 3517 3101 πολλοῖς
3547 3041 3614 3091 τὰ
3636 3039 3775 3091 αὐτὰ
3816 3041 4080 3091 διδάσκων

2515 3132 2851 3200 εὑρίσκεται.
2888 3131 3029 3182 Ἀλλ’
3056 3132 3105 3183 οἱ
3145 3134 3271 3199 περὶ
3302 3131 3537 3201 Σεϐἧρον
3561 3133 3657 3199 τὴν
3684 3131 3953 3200 διαφοράν
3983 3134 4082 3183 ad»;

2512 3222 2871 3273 συνελθόντων
2898 3223 3036 3287 μετά
3063 3223 3162 3290 τὴν
3193 3223 3389 3275 ἕνωσιν
3432 3225 3711 3290 ὁμολογεῖν
3761 3226 3863 3275 ούκ
3897 3228 4077 3293 ἀνεχό-

2509 3329 2680 3377 μενοι,
2736 3313 3057 3382 κακούργως
3100 3330 3158 3364 τε
3223 3316 3313 3365 καὶ.
3360 3315 3637 3375 δυσσεϐῶς
3707 3316 3931 3384 πρῶτον
3986 3318 4079 3384 μὲν

2505 3406 2758 3457 τάττουσι
2784 3405 2882 3467 τὰς
2921 3406 3102 3472 φωνὰς
3134 3406 3190 3458 αῖ
3223 3407 3265 3437 ³³
3294 3406 3391 3475 τὴν
3429 3406 3693 3476 διαφορὰν
3722 3408 3949 3475 δηλοῦσι
3979 3409 4079 3461 τῶν

2508 3495 2743 3563 φύσεων,
2793 3496 2984 3549 ἔπειτα
3025 3496 3101 3559 δὲ,
3134 3496 3209 3559 ὡς
3261 3497 3418 3567 δῆθεν
3447 3499 3852 3567 ἀνατρέποντες
3890 3502 4079 3561 αὐτάς,

2507 3588 2605 3655 τὴν
2630 3588 2762 3657 μίαν
2787 3587 2948 3654 φύσιν
2985 3588 3077 3639 τοῦ
3106 3588 3279 3655 Λόγου
3306 3606 3556 3658 σεσαρκω
3567 3591 3735 3659 μένην
3759 3595 4075 3659 ἐπάγουσιν.

2509 3680 2620 3748 Οὐχ
2642 3679 2783 3732 οὕτω
2819 3679 2875 3732 δὲ
2918 3682 3064 3732 ποιεῖ
3102 3680 3134 3748 ὴ
3167 3680 3438 3742 εὐσέϐεια,
3480 3681 3616 3733 ἀλλά
3652 3682 3864 3750 ταύτην
3914 3701 4080 3755 1:90:-

2510 3772 2664 3825 θεῖσα
2685 3773 2733 3802 ⁸⁸
2763 3772 2872 3841 ξτὴν
2906 3773 3109 3841 φωνὴν,
3168 3772 3331 3835 εὐθὺς
3382 3775 3575 3842 ἑφεξῆς
3598 3775 3840 3827 δείκνυσι
3883 3778 3979 3830 καὶ
4006 3777 4081 3827 διὰ

2509 3861 2711 3929 ταύτης
2744 3861 3011 3925 σώζεσθαι
3042 3862 3201 3915 πάλιν
3238 3863 3347 3916 τῶν
3392 3864 3756 3917 συνελθόντων
3791 3868 3873 3928 εἰς
3896 3867 4081 3919 ἕνωσιν

2510 3951 2829 4020 άδιαιρέτως
2861 3951 3449 4023 ὲκάτερον.ἑλέγχουσα
3468 3956 3591 4019 τοὺς
3620 3956 3909 4020 δυσσεϐεῖς
3941 3960 4015 4019 ὡς
4056 3962 4080 4027 ἡ

2514 4043 2612 4113 μία
2654 4043 2748 4097 τοῦ
2777 4045 2950 4111 Λόγου
2992 4044 3153 4111 φύσις
3190 4046 3235 4076 ’³
3278 4050 3679 4116 σεσαρκωμένη
3713 4049 3873 4100 οὐδὲν
3903 4050 4080 4119 ἕτερον

2511 4134 2669 4203 ἢτὴν
2709 4134 3073 4186 ἀδιάσπαστον
3130 4136 3223 4187 καὶ
3267 4136 3387 4189 καθ’
3419 4138 3728 4190 ὑπόστασιν
3760 4140 3961 4193 ’ἐνωσιν
4000 4141 4081 4207 δηο

2513 4223 2613 4289 λοῖ,
2636 4223 3051 4292 φυλαττομένων
3077 4225 3217 4277 κατὰ
3245 4226 3421 4279 πάντα
3456 4229 3642 4295 καιρὸν
3672 4230 3731 4279 ἐν
3753 4228 3830 4297 τῷ
3854 4230 4084 4295 ἀσυγχὺ-

2512 4330 2589 4383 τῳ
2626 4314 2732 4366 τῶν
2765 4314 3000 4381 φύσεων.
3042 4314 3145 4366 Δύο
3179 4316 3288 4384 γὰρ
3327 4316 3519 4383 φύσεις
3563 4317 3906 4388 ἀδιαιρέτους
3938 4320 4081 4382 δοξά-

2514 4405 2617 4469 ζει,
2654 4405 2729 4467 ὡς
2762 4406 2824 4459 τὸ
2860 4406 3113 4478 διάφορον
3166 4408 3274 4458 τῶν
3319 4408 3679 4462 συνελθόντων
3716 4412 4078 4477 κηρύττουσα,

849 4496 1021 4564 ipsum
1047 4493 1222 4548 Patris
1249 4504 1376 4548 ante
1402 4494 1598 4547 Saecula
1622 4495 1859 4549 Verbum
1883 4496 2115 4548 humana
2135 4506 2406 4563 assumpta
2438 4514 2488 4572 D

2438 4514 2488 4572 D
2516 4499 2608 4550 καὶ
2626 4499 2756 4567 μίαν
2776 4498 2936 4566 φύσιν
2962 4499 3055 4552 τοῦ
3082 4499 3254 4566 Λόγου
3286 4503 3735 4573 σεσαρκωμένην,
3772 4505 3851 4567 ὡς
3872 4508 3965 4558 τὸν
3993 4507 4080 4558 αύ-

848 4602 1041 4644 natura
1072 4591 1420 4643 incarnatum
1444 4588 1661 4641 docens.

923 4784 1047 4839 llaec
1072 4797 1125 4839 et
1151 4786 1233 4841 his
1262 4785 1486 4849 similia,
1510 4796 1795 4855 postquam
1837 4801 1935 4854 pro
1960 4787 2106 4841 vocis
2133 4788 2416 4857 proposita:

850 4880 1162 4932 del‘cnsione
1229 4879 1403 4944 dixit,
1463 4880 1809 4947 ostenditque
1874 4881 2059 4933 eadem
2121 4895 2150 4932 a
2212 4881 2418 4950 synodo

851 4969 1273 5023 Chalcedonensi
1313 4969 1551 5037 iudicata
1597 4984 1650 5024 et
1676 4973 1986 5039 pragdicata,
2024 4985 2147 5025 cum
2177 4985 2273 5040 per
2294 4970 2420 5036 alia,

856 5075 963 5113 tum
1012 5075 1075 5114 ex
1129 5062 1192 5114 iis
1244 5062 1438 5130 quibus
1464 5066 1698 5132 synodus
1725 5063 1896 5117 sancti
1937 5061 2177 5117 Flaviani
2210 5063 2419 5133 profes-

852 5153 1059 5206 sionem
1095 5151 1216 5207 lidei
1248 5154 1415 5223 ipsius
1441 5169 1598 5207 manu
1627 5157 1879 5223 scriptam
1914 5158 2273 5221 conlirmavit,
2302 5157 2418 5210 vin-

852 5248 1014 5297 uicav
1053 5259 1238 5299 vocem
1300 5243 1419 5315 [seu
1476 5248 1757 5300 formulam
1810 5249 1954 5302 illam
2018 5248 2293 5319 Ecclesizc]
2351 5250 2418 5303 ab

852 5342 1119 5394 haereseos
1188 5342 1530 5410 suspicione;
1563 5344 1906 5410 vindicutque
1956 5348 2190 5412 seipsum
2225 5362 2253 5395 a
2315 5360 2417 5397 non

2518 4590 2606 4641 τὸν
2644 4588 2737 4640 τοῦ
2790 4589 3001 4659 Πατρὸς
3064 4591 3386 4657 προαιὼνιον
3442 4592 3612 4659 Λόγον
3665 4594 4079 4664 ὲνανθρωπῆσαι

2518 4681 2621 4732 καὶ
2634 4679 2981 4750 σαρκωθῆναι
3000 4680 3419 4751 δογματίζουσα.

2590 4795 2775 4848 Ταῦτα
2804 4795 2896 4847 καὶ
2924 4795 3148 4848 τοιαῦτα
3176 4795 3222 4826 ³⁸
3254 4796 3396 4864 ὑπὲρ
3434 4796 3530 4864 τῆς
3563 4800 3939 4868 προκειμένης
3968 4802 4083 4852 ἀπο-

2520 4886 2887 4954 λογησάμενος
2935 4886 3149 4953 φωνῆς,
3190 4887 3280 4937 καὶ
3318 4886 3385 4938 τά
3433 4888 3570 4939 αὐτὰ
3612 4888 3711 4955 τὴν
3764 4892 3823 4941 ὲν
3878 4891 4081 4958 Καλχη·

2519 4980 2625 5032 δόνι
2653 4980 2696 5009 ’³
2732 4977 2947 5031 σύνοδον
2984 4975 3289 5044 φρονοῦσάν
3320 4993 3379 5029 τε
3430 4979 3523 5029 καὶ
3557 4978 3937 5046 κηρύττουσαν
3977 4984 4081 5030 επις

2520 5069 2829 5137 δειξάμενος
2854 5069 2940 5121 διά
2988 5084 3047 5119 τε
3093 5067 3275 5119 ἄλλων
3312 5068 3408 5120 καὶ
3463 5068 3520 5133 ἐξ
3568 5060 3641 5120 ὧν
3676 5068 3769 5120 τοῦ
3814 5073 3875 5121 ἐν
3926 5072 4083 5137 ἁγίοις

2523 5160 2821 5213 Φλαδιανοῦ
2856 5160 3134 5230 ἰδιόχειρον
3172 5158 3355 5211 πίστιν
3403 5158 3844 5226 ἀναγνωσθεῖσαν
3897 5164 3929 5230 ἡ
3977 5162 4082 5212 σύν·

2524 5254 2640 5305 060:
2671 5250 2791 5322 [461
2833 5249 2921 5321 Η.]
2953 5248 3324 5318 ἐπεκύρωσεν,
3360 5249 3693 5303 ἀπαλλάττει
3730 5251 3832 5318 μὲν
3872 5253 3969 5320 τὴν
3993 5269 4081 5318 φω-

2527 5346 2621 5413 νὴν
2647 5342 2925 5412 αἱρετικῆς
2958 5340 3300 5410 ὑπολήψεως,
3336 5341 3664 5394 ἀπαλλάττει
3687 5342 3742 5395 δὲ
3773 5344 3872 5395 καὶ
3908 5344 4075 5396 ἑαυτὸν

2122 5502 2353 5557 VARI/Ii
2403 5501 2802 5556 LECTIONES.

931 5633 969 5663 "
1003 5635 1317 5705 ἀδιαιρέτως
1364 5653 1422 5698 ς’.

853 5774 947 5825 τοὶ
977 5775 1145 5841 Λίγου
1185 5793 1242 5837 ς.
1358 5781 1400 5808 ι’·
1428 5778 1519 5828 καὶ
1556 5794 1619 5829 τα
1651 5797 1696 5828 τ.
1727 5794 1786 5838 ς’.
1899 5778 1942 5806 ³⁸
1973 5776 2142 5827 Χαλκ.
2175 5778 2229 5825 ll.

1502 5643 1545 5668 τ’
1590 5639 1736 5703 αύτῷ
1769 5654 1907 5690 corr.
1944 5639 1981 5689 Λ
2020 5656 2032 5689 :
2067 5638 2197 5688 αύτό
2230 5655 2291 5700 ς.
2367 5638 2411 5667 ’⁸
2448 5637 2531 5704 ...]
2567 5640 2617 5689 in
2654 5654 2735 5702 pr.
2767 5639 2807 5687 A
2836 5637 3021 5688 lacuna
3059 5646 3159 5696 cst,
3189 5652 3308 5704 quae
3341 5652 3443 5689 non
3483 5646 3591 5688 tota
3615 5640 3875 5699 impletur
3908 5641 4079 5690 ium-ri-

855 5716 943 5771 pto
970 5716 1148 5771 postea
1193 5707 1486 5759 Σούιενσον
1524 5724 1534 5736 ⁸
1576 5708 1873 5758 Ξούκεντον
1912 5720 2072 5759 etiam
2105 5707 2141 5757 ιι
2170 5718 2225 5757 ut
2249 5723 2387 5761 corr.
2418 5709 2459 5759 (ᾇ
2498 5747 2509 5758 .
2538 5724 2593 5758 σε
2630 5724 2686 5767 τ.

2762 5710 2802 5737 ³⁸
2837 5708 2899 5757 αῖ
2927 5711 2966 5759 A
3004 5726 3013 5758 :
3043 5708 3132 5757 καί
3163 5726 3221 5767 ς.
3315 5710 3358 5737 ³³
3394 5708 3654 5772 προθεῖσα
3692 5708 3749 5760 ll.
3863 5710 3908 5739 ’³
3943 5713 4077 5777 φύσις
