4208 6442
196 372 331 440 1073

1220 380 1741 441 BIBLIOTHECA.
1786 406 1851 418 —
1890 382 2051 444 COD.
2091 384 2365 445 CCXXX.

3276 373 3408 439 1074

191 491 293 542 οὐκ
346 485 582 555 εὖαγοῧς
632 485 907 551 ὑπονοίας,
944 487 1010 559 ἣν
1058 489 1186 559 περὶ
1236 490 1400 544 αὐτοῦ
1433 493 1478 522 ’⁸
1511 494 1539 545 ό
1588 495 1834 563 Δομε-Λ

1747 495 1834 553 Ἀ
1858 495 2063 550 sincera
2110 495 2386 562 opinione,
2421 505 2581 559 quam
2620 487 2693 542 illi
2744 486 3084 542 Domitianus
3116 487 3409 552 suSpieiuse

191 580 375 641 τιανὸς
418 576 752 640 ὑπετόπαζε,
791 578 1028 647 νομίζων
1074 580 1234 633 αὐτὸν
1263 582 1323 634 οὐ
1366 584 1507 636 κατὰ
1534 583 1760 655 γνώμην

192 669 499 722 ἐνδιάθετον
536 666 635 738 τὴν
686 668 942 737 τοιαύτην
990 670 1316 726 οἰκειοῦσθαι
1367 674 1463 727 καὶ
1502 675 1760 745 προάγειν

193 762 402 827 φωνὴν.
440 760 499 825 ἐξ
550 760 861 830 οἰκονομίας
892 762 967 826 δὲ,
1007 765 1100 817 καὶ
1126 763 1269 817 ῶστε
1319 765 1388 818 δι’
1435 767 1605 838 αὐτῆς
1635 771 1760 832 τοὺς

192 851 469 918 ἀκροατὰς
518 850 845 920 εὐμηχάνως
880 851 1036 921 ἄγειν
1078 853 1214 923 πρὸς
1243 855 1486 926 ἑνότητα,
1534 859 1630 911 καὶ
1662 858 1762 922 τὰς

192 941 501 1009 προφάσεις
539 941 893 1011 περικόπτειν
928 945 1037 997 τῶν
1064 945 1162 1014 τῆς
1202 946 1496 1016 καθολικῆς
1531 948 1760 1019 Ἐκκλη-

195 1031 319 1093 σίας
358 1031 714 1086 διαστάσεων.
744 1034 929 1089 Ταῦτα
954 1038 1047 1089 καὶ
1082 1036 1304 1091 τοιαῦτα
1341 1038 1505 1109 ἕτερα
1533 1040 1764 1095 ἐπιστεί-

192 1121 317 1185 λας,
348 1122 494 1193 άπερ
529 1124 631 1177 κάν
678 1127 793 1187 τοῖς
821 1126 1153 1196 προλασοῦσι
1184 1129 1367 1197 λόγοις
1401 1130 1760 1203 διεξελήλυθε,

192 1214 291 1264 καὶ
320 1213 523 1284 θερμὸν
556 1216 746 1269 ἑαυτὸν
773 1217 871 1287 τῆς
910 1235 970 1271 τε
1004 1221 1144 1273 κατὰ
1181 1221 1501 1293 Καλχηδόνα
1544 1225 1762 1279 συνόδου

192 1302 479 1372 πρόμαχον
504 1304 597 1357 καὶ
634 1304 735 1372 τῆς
775 1304 869 1357 τοῦ
918 1307 976 1361 ὲν
1009 1308 1182 1375 ἁγίοις
1208 1309 1366 1362 πάπα
1398 1310 1620 1372 Λέοντος
1645 1311 1764 1365 ἔπι-

194 1389 392 1458 στολῆς
420 1390 507 1444 διὰ
542 1391 771 1459 πολλῶν,
805 1386 988 1466 ὦνπερ
1031 1396 1297 1467 διαφόρως
1324 1384 1550 1468 ἔγραψε,
1582 1416 1764 1472 παρα-

193 1483 559 1552 στησάμενος.
584 1484 755 1555 πέρας
779 1485 1145 1557 τῷγράμματι
1180 1489 1509 1559 ἐπιτίθησιν.

266 1571 477 1643 Γράφει
504 1574 560 1628 δὲ
588 1577 617 1628 ό
645 1576 807 1640 αὐτὸς
834 1576 1117 1643 θεσπέσιος
1157 1580 1295 1650 ἀνὴρ
1329 1581 1424 1632 καὶ
1463 1581 1600 1653 πρὸς
1627 1584 1763 1653 Χριδ

194 1667 462 1735 στοςςόρον
488 1669 633 1731 τινὰ,
666 1670 726 1721 δν
758 1670 919 1734 αὐτὸς
950 1671 1242 1726 ὁσιώτατον
1288 1675 1602 1747 ἐπιγράφει,
1630 1692 1764 1749 γρα-

192 1757 378 1825 φικῶν
411 1760 731 1828 ἐρωτήσεων
764 1761 1131 1832 αἰτησάμενον
1154 1762 1357 1827 λύσεις.
1391 1765 1473 1817 Τά
1517 1766 1573 1819 δὲ
1614 1769 1764 1838 ἡρω-

1859 587 2148 653 olijecerat,
2183 586 2323 653 quod
2357 583 2692 635 existimaret
2734 592 2922 631 vocem
2972 576 3127 628 talem
3165 591 3271 627 non
3300 578 3411 629 sin-

1860 690 1983 731 cere
2004 690 2067 728 ex
2102 675 2281 729 animo
2317 673 2385 727 ab
2430 688 2496 726 eo
2536 670 2779 738 usurpari
2818 678 2873 723 et
2903 669 3145 735 proponi,
3177 669 3267 720 sed
3301 668 3410 719 ilis-

1862 767 2175 837 pensatione
2204 766 2457 835 quailam,
2489 774 2548 816 ut
2582 778 2676 831 per
2703 776 2821 815 eam
2851 762 3121 813 auditores
3156 760 3297 810 nullo
3324 774 3414 812 ne-

1862 860 2007 931 gotio
2040 859 2107 912 ad
2149 858 2412 912 unitatem
2450 863 2747 915 revocaret,
2781 866 3080 918 causasque
3118 851 3413 904 dissensio-

1864 964 1990 1004 num
2022 948 2090 1002 ab
2124 946 2361 1001 Ecclesia
2391 944 2655 998 catholica
2693 941 3027 1011 praecideret.
3061 939 3183 993 lltec
3220 950 3274 993 et
3315 941 3414 991 hoc

1862 1055 2030 1109 genus
2056 1039 2160 1093 alia
2185 1053 2305 1092 curn
2344 1035 2747 1105 perscripsisset
2776 1033 2917 1104 (quae
2945 1041 3001 1085 et
3035 1033 3086 1083 in
3121 1030 3414 1099 superiori-

1864 1134 1963 1188 bus
1994 1132 2145 1187 libris
2172 1132 2513 1199 exposuerat)
2544 1135 2598 1182 et
2640 1140 2763 1181 sese
2807 1123 3083 1178 ardentem
3127 1120 3419 1175 Chalcedo—

1864 1227 2045 1280 nensis
2074 1223 2285 1295 synodi,
2320 1232 2482 1291 atque
2520 1219 2692 1275 sancti
2744 1215 2937 1271 Leonis
2987 1228 3136 1285 papa;
3181 1213 3418 1282 epistolae

1864 1318 2050 1373 multis
2077 1332 2138 1372 ac
2180 1316 2346 1370 variis
2381 1313 2601 1383 scriptis
2641 1318 3097 1380 propugnatorem
3146 1304 3420 1359 exhibuis-

1864 1415 1967 1470 set,
1996 1405 2237 1477 cpistola
2262 1403 2421 1458 linem
2445 1400 2723 1470 imposuit.

1934 1582 2137 1640 Scribit
2178 1581 2323 1638 idem
2371 1577 2709 1634 venerandus
2746 1575 2829 1628 vir
2863 1572 2930 1628 ad
2966 1572 3421 1640 ChristOphorum

1863 1674 2174 1745 quemdam,
2199 1686 2359 1741 quem
2386 1672 2501 1739 ipse
2525 1666 2927 1723 sanctissimum
2975 1664 3028 1718 in
3074 1664 3426 1731 inscriptione

1863 1768 2164 1823 litterarum
2202 1763 2468 1834 appellat,
2512 1759 2709 1830 282a
2748 1767 2969 1827 rogatus
3018 1756 3086 1809 ab
3150 1769 3215 1809 eo
3262 1762 3320 1806 ut
3358 1752 3425 1807 ad

191 1846 417 1914 τημένα
472 1848 591 1899 ὲστὶ-
627 1848 843 1919 πρῶτον
876 1852 993 1920 μὲν,
1031 1851 1154 1912 Πῶς
1183 1851 1264 1904 δεῖ
1315 1855 1456 1906 νοεῖν
1486 1857 1548 1907 τὸ
1592 1836 1669 1909 ἐνῇ
1698 1858 1765 1928 τῇ
1798 1836 1840 1895 Β

1760 1880 1765 1927 ι
1798 1836 1840 1895 Β
1866 1860 2127 1930 quasdam
2169 1872 2237 1913 ex
2281 1855 2452 1911 sacris
2485 1852 2707 1907 Litteris
2736 1849 3101 1905 dubitationes
3132 1847 3422 1916 responde-

191 1936 430 2006 δευτέρα
451 1937 495 1968 ³⁷
522 1936 631 1990 τῶν
660 1939 955 1997 Βασιλειῶν
999 1943 1289 2013 εἰρημένον
1309 1960 1322 1973 °
1374 1946 1485 1999 Kal
1534 1948 1768 2003 ἐπέσει-

190 2042 313 2079 σεν
346 2027 393 2057 ⁸⁸
442 2029 476 2081 ό
519 2028 665 2094 Θεὸς
706 2029 812 2082 τὸν
856 2032 1032 2085 Δαὸὶδ
1069 2034 1393 2104 ἀριθμῆσαι
1429 2038 1536 2091 τὸν
1576 2040 1765 2095 λαόνι

190 2120 289 2171 καὶ
314 2120 455 2189 μετὰ
485 2120 680 2173 ταῦτα·
704 2123 837 2177 Ὀτι
864 2125 1216 2195 ἠρίθμησεν,
1234 2128 1623 2201 ἠγανάκτησε
1637 2134 1765 2189 κατ’

190 2212 421 2280 αὐτοῦς
460 2214 555 2267 καὶ
594 2214 893 2279 ἑπιλύεται.
926 2217 1006 2270 ὅτι
1029 2218 1161 2272 Θεὸν
1198 2221 1457 2285 πολλάκις
1486 2225 1521 2294 ἠ
1553 2225 1769 2297 Γραφὴ,

194 2305 395 2375 ὥσπερ
422 2306 516 2359 καὶ
559 2306 785 2378 Κύριον,
820 2310 880 2361 ού
914 2310 1073 2380 μόνον
1111 2312 1204 2363 τὸν
1235 2311 1486 2376 ἀληθινὸν
1518 2317 1769 2387 ὀνομάζει

197 2395 361 2457 Θεὸν,
408 2395 543 2448 ἀλλὰ
576 2398 672 2450 καὶ
723 2396 884 2450 αὑτὸν
926 2398 1017 2451 τὸν
1061 2398 1160 2468 τῆς
1204 2403 1467 2472 πονηρίας
1514 2403 1767 2474 ἄρχοντα.

197 2488 332 2561 [876
366 2487 457 2561 3.]
494 2490 652 2545 Κατὰ
694 2490 854 2544 τοῦτο
882 2492 991 2562 γὰρ
1030 2492 1091 2545 τὸ
1135 2496 1529 2564 σημαινόμενον
1561 2500 1654 2551 καὶ
1682 2501 1771 2553 τὸν

198 2582 419 2636 Παῦλον
448 2584 648 2651 φάναι·
689 2583 791 2637 Ἐν
822 2578 912 2650 οἷς
942 2586 975 2637 ὁ
1013 2584 1156 2649 Θεὸς
1183 2586 1288 2639 τοῦ
1311 2586 1523 2655 αἰῶνος
1556 2593 1771 2647 τούτου

190 2677 516 2743 ἐτύφλωσε
552 2677 660 2741 τὰς
689 2677 937 2743 καρδίας
982 2675 1099 2730 τῶν
1123 2678 1412 2733 ἀπίστων.
1458 2682 1564 2735 Καὶ
1594 2686 1622 2737 ό
1662 2684 1773 2738 Σω-

190 2772 306 2840 τήρ
327 2787 342 2799 ·
368 2773 452 2824 Οὐ
478 2770 743 2825 δύνασθε
773 2771 916 2825 δυσὶ
952 2772 1177 2837 κυρίοις
1199 2771 1528 2827 δουλεύειν.
1560 2775 1650 2827 Διὸ
1677 2777 1772 2829 καὶ

192 2866 256 2915 ἐν
293 2867 359 2932 τῇ
410 2861 600 2934 πρώτῃ
634 2862 744 2916 τῶν
772 2864 1267 2935 Παραλειπομένων
1295 2866 1773 2937 ἀπαρακαλύπτως

191 2955 291 3007 τὸν
330 2954 577 3006 διάϐολον
623 2954 769 3023 λέγει
816 2956 910 3008 τὸν
945 2957 1295 3010 ὲπισείσαντα
1322 2958 1413 3010 τὸν
1458 2958 1620 3011 Δαϐὶδ
1653 2961 1775 3030 άρι-

191 3043 416 3113 θμῆσαι
445 3042 536 3094 τὸν
564 3042 711 3093 λαόν.
740 3044 888 3113 Πλὴν
924 3043 1018 3095 καὶ
1047 3042 1106 3094 τὸ
1129 3043 1257 3113 παρ’
1287 3046 1416 3113 ἡμῖν
1442 3045 1773 3115 ἀντίγραφον

1869 1963 1970 2008 ret.
1995 1950 2333 2018 Qutestiones
2364 1961 2525 2017 porro
2548 1947 2628 2000 ha:
2663 1953 2785 1999 sunt
2811 1960 2824 1995 :
2851 1940 2919 1995 Et
2952 1940 3074 2009 fecit
3099 1939 3233 1993 Deus
3260 1937 3425 1992 David

1866 2057 2141 2097 numerare
2185 2039 2490 2109 populante.
2536 2036 2603 2091 Et
2654 2033 2793 2089 infra
2836 2047 2852 2088 :
2906 2032 3045 2099 Quia
3105 2029 3417 2095 numeravit,

1867 2136 2167 2204 indignatus
2204 2140 2282 2186 est
2304 2138 2487 2184 contra
2518 2143 2632 2182 eum
2657 2125 2706 2181 ἀ.
2735 2124 3044 2195 Respondet
3070 2121 3344 2193 Eulogius,
3372 2121 3428 2176 in

1869 2226 2065 2283 divinis
2115 2223 2334 2278 Litteris
2406 2221 2571 2275 Deum
2635 2215 3081 2288 quemadmodum
3142 2223 3196 2269 et
3251 2213 3428 2268 Domi-

1870 2336 1995 2375 num
2024 2334 2129 2373 non
2159 2316 2329 2371 solum
2364 2328 2549 2369 verum
2577 2312 2768 2375 Deum,
2794 2308 2885 2364 sed
2923 2308 3083 2363 etiam
3116 2306 3280 2376 ipsius
3302 2305 3427 2359 mali

1871 2410 2164 2482 principem
2193 2406 2479 2461 nominari.
2506 2406 2563 2457 ln
2588 2405 2689 2459 hoc
2716 2401 2990 2457 intellectu
3034 2399 3231 2453 Paulus
3253 2398 3385 2452 dixit
3409 2415 3424 2450 :

1872 2503 1940 2557 In
1970 2502 2152 2571 quibus
2193 2500 2333 2553 Deus
2370 2498 2524 2566 hujus
2564 2496 2746 2551 saeculi
2780 2495 3057 2549 exctecavit
3096 2501 3288 2545 mentes
3344 2490 3429 2542 in-

1870 2593 2152 2661 ﬁdeliumn
2185 2590 2250 2644 Et
2273 2589 2523 2643 Salvator
2552 2605 2566 2641 :
2593 2584 2760 2639 Nemo
2776 2594 2939 2651 potest
2965 2583 3165 2636 duobus
3205 2582 3429 2634 dominis

1872 2682 2114 2740 servit-el.
2146 2682 2280 2738 Hinc
2322 2686 2373 2737 ln
2404 2682 2579 2751 primo
2609 2679 3055 2749 Paralipomenon
3088 2686 3272 2743 aperte
3302 2675 3433 2728 dicit

1874 2777 2128 2831 Davitlem
2171 2789 2201 2829 a
2237 2774 2443 2828 Satana
2495 2772 2775 2826 incitatum
2822 2768 2988 2823 fuisse
3028 2777 3085 2821 ut
3128 2776 3434 2819 numeraret

1876 2867 2173 2937 populum:
2225 2866 2329 2919 nisi
2392 2864 2533 2933 quod
2584 2872 2828 2917 nostrum
2877 2859 3153 2927 exemplar
3196 2873 3317 2913 cum
3370 2873 3434 2909 eo

1875 2962 2014 3028 quod
2037 2973 2065 3010 a
2098 2967 2149 3011 te
2174 2957 2397 3010 missum
2422 2961 2525 3017 est,
2548 2968 2654 3007 non
2677 2951 2948 3009 convenit.
2969 2951 3043 3004 lla
3066 2950 3207 3003 enim
3237 2949 3429 3001 habet:

1876 3049 1944 3103 Et
1972 3049 2179 3102 addidit
2206 3047 2355 3117 [uror
2398 3044 2607 3099 Domini
2626 3044 2786 3098 irasci
2817 3052 2997 3097 contra
3048 3040 3361 3100 Jerusalem,
3386 3048 3435 3091 et

190 3136 308 3235 0-31-
321 3136 397 3197 ὡς
428 3135 489 3188 τὸ
510 3135 823 3235 ¹άτιτοιτταλὲν
854 3135 1004 3204 παρὰ
1035 3135 1129 3187 σοῦ
1160 3136 1423 3205 περιέχει.
1453 3137 1604 3205 Ἔχει
1630 3139 1769 3207 γάρ·
1798 3177 1842 3235 c

1798 3177 1842 3235 ϐ
1875 3141 2143 3196 commovit
2174 3138 2341 3193 David
2366 3138 2421 3190 in
2445 3137 2575 3205 ipsis
2600 3145 2647 3202 ε,
2685 3144 2739 3190 et
2770 3149 2890 3203 qua:
2921 3143 3237 3201 sequuntur.
3276 3130 3348 3184 Ita
3380 3138 3436 3184 ut

192 3226 313 3280 Kal
335 3226 662 3293 προσέθετο
683 3225 827 3296 ὀργὴ
848 3228 892 3259 ’⁸
919 3227 1138 3293 Κυρίου
1159 3226 1448 3295 ἐκκαῆναι
1465 3227 1534 3281 ἐν
1560 3228 1774 3297 Ἰερου-

190 3318 437 3385 (radius,
484 3321 581 3372 καὶ
625 3319 907 3373 ἐπέσεισε
953 3318 1057 3371 τὸν
1100 3317 1274 3371 Δαδὶδ
1322 3319 1391 3371 ὲν
1422 3318 1648 3386 αὐτοῖς,
1682 3322 1777 3374 καὶ

190 3409 354 3477 ἑξῆς,
386 3409 461 3472 ὡς
488 3411 664 3463 δοκεῖν
695 3427 812 3472 πως
840 3409 1009 3480 ὀργὴν
1040 3408 1272 3462 ἐνταῦθα
1301 3408 1554 3472 λέγεσθαι
1572 3411 1775 3481 Κυρίου

188 3504 291 3553 τὸν
327 3501 616 3571 εἰρημένον
654 3501 712 3553 ἒν
742 3499 1249 3572 Παραλειπομέναις
1274 3500 1545 3555 διάϐολον.
1568 3502 1693 3555 Εἴτε
1720 3502 1778 3556 δὲ

190 3592 377 3654 οὕτως
395 3632 410 3654 ,
444 3592 553 3645 εἴτε
579 3591 652 3655 ὡς
676 3592 959 3663 γέγραφας
994 3590 1105 3661 ἔχει
1134 3590 1195 3643 τὸ
1228 3590 1414 3661 ῥητὸν,
1443 3587 1597 3662 οἶμαι
1623 3609 1780 3660 φανε-

196 3685 318 3756 ρῶς
342 3685 439 3755 τὴν
468 3684 620 3737 λύσιν
647 3683 1013 3753 άναμφίΰολον
1048 3682 1350 3753 προελθεῖν.
1377 3684 1500 3737 Ὀτι
1527 3684 1585 3737 δὲ
1634 3685 1782 3756 ὀμώ-

189 3793 375 3845 νυμον
402 3774 496 3829 καὶ
524 3774 585 3827 τὸ
613 3776 828 3844 Κύριος
851 3774 945 3828 καὶ
969 3773 1031 3827 τὸ
1064 3774 1226 3839 Θεὸς,
1258 3772 1352 3826 καὶ
1381 3773 1477 3845 (ὡς
1499 3774 1709 3846 ὲρῤήθη
1734 3775 1779 3808 ³⁸

192 3868 492 3935 πολλάκις)
524 3866 621 3919 καὶ
659 3866 701 3897 ³⁸
742 3866 835 3919 ἐπὶ
866 3863 963 3918 τοῦ
1002 3862 1379 3935 ἀντικειμένου
1420 3864 1784 3937 παραλαμϐά-

190 3977 361 4013 νεται
392 3962 457 4028 τῇ
508 3958 631 4030 ἱερᾷ
657 3958 873 4029 Γραφῇ,
903 3958 1118 4027 είρηται
1152 3956 1275 4025 μὲν,
1308 3955 1459 4010 οὐδὲν
1499 3957 1555 4010 δὲ
1583 3957 1783 4012 κωλύει

192 4052 299 4105 καὶ
321 4051 388 4102 δι’
420 4049 621 4120 ἑτέρων
649 4050 692 4081 ³¹
717 4047 1111 4109 πιστώσασθαι.
1146 4049 1236 4101 Ἑν
1264 4048 1373 4120 γάρ
1400 4050 1465 4120 τῇ
1494 4048 1783 4119 νομοθεσίᾳ

192 4146 268 4213 τῇ
304 4158 438 4211 περ.
471 4140 565 4193 τοῦ
603 4140 815 4210 Πάσχα,
858 4140 996 4207 μετὰ
1030 4139 1090 4190 τὸ
1117 4141 1301 4208 χρῖσαι
1333 4138 1411 4209 τῷ
1451 4139 1646 4209 αἵματι
1684 4139 1785 4210 τὴν

194 4233 374 4303 φλιὰν
418 4233 511 4286 καὶ
555 4231 679 4293 τοὺς
720 4229 992 4299 σταθμούς
1017 4245 1031 4259 '
1076 4229 1259 4299 Ὑμεῖς
1288 4225 1498 4283 δὲόὺκ
1540 4230 1785 4295 ἐξελεύ-

192 4328 434 4386 σεσθε,
486 4324 690 4393 φησιν,
741 4321 999 4387 ἕκαστος
1045 4321 1161 4386 τὴν
1224 4320 1409 4389 θύραν
1450 4319 1639 4383 αὐτοῦ
1675 4319 1785 4387 ἕως

192 4414 379 4478 πρωῒ,
428 4413 528 4466 καὶ
588 4412 1023 4479 παρελεύσεται
1081 4410 1293 4477 Κύριος
1336 4408 1593 4473 πατάξαι
1644 4408 1787 4473 τοὺς

1878 3237 2121 3291 videatur
2159 3235 2207 3289 is
2236 3233 2327 3302 qui
2362 3232 2539 3288 dictus
2571 3241 2657 3287 est
2688 3231 2740 3284 in
2778 3226 3202 3297 Paralipomenis
3246 3224 3433 3276 diabo-

1878 3328 1982 3392 lus,
2007 3328 2098 3383 hic
2131 3328 2215 3380 ira
2240 3324 2451 3378 Domini
2475 3322 2752 3392 appellari.
2781 3322 2955 3388 Atque
2985 3320 3095 3372 sive
3118 3316 3199 3370 sic
3228 3314 3309 3385 [ut
3339 3326 3438 3378 ego

1879 3419 2051 3493 lego],
2080 3420 2193 3475 sive
2212 3428 2269 3472 ut
2296 3428 2350 3472 tu
2381 3412 2909 3484 scripsisti,selocus
2939 3410 3230 3478 Scriptura:
3253 3405 3432 3467 habet,

1878 3513 2133 3567 existimo
2159 3520 2339 3565 tamen
2370 3517 2573 3563 certam
2601 3514 2953 3574 apertamque
2978 3515 3099 3555 esse
3123 3496 3437 3569 quaestionis

1879 3602 2223 3657 solutionem.
2258 3598 2409 3666 Quod
2439 3613 2568 3670 ergo
2594 3612 2698 3653 vox
2743 3595 3021 3658 Dominus,
3055 3600 3109 3646 et
3132 3605 3230 3644 vox
3282 3588 3438 3648 Deus,

1882 3694 1933 3747 in
1983 3705 2137 3746 sacra
2192 3689 2473 3759 Scriptura
2520 3689 2800 3757 a‘quivoca
2849 3686 2940 3750 sit,
2993 3683 3287 3749 eademque
3344 3677 3441 3747 (uti

1884 3798 2027 3853 saepe
2056 3782 2258 3838 dictum
2286 3783 2393 3851 εει)
2425 3783 2475 3835 in
2509 3780 2843 3837 contrarium
2876 3791 3093 3832 sensum
3126 3774 3440 3841 accipiatur,

1881 3875 2206 3945 explicatum
2230 3882 2335 3930 est.
2363 3872 2507 3928 Nihil
2534 3882 2711 3927 tamen
2740 3871 2939 3935 obstat,
2967 3865 3253 3936 quominus
3276 3862 3441 3915 etiam

1882 3968 2047 4021 alium
2113 3964 2237 4019 inde
2290 3964 2467 4019 locum
2529 3962 2756 4019 similem
2804 3960 3098 4015 ﬁrmemus.
3136 3955 3343 4009 Etenim
3391 3952 3444 4004 in

1884 4058 2000 4127 lege
2029 4058 2095 4111 de
2128 4054 2389 4111 Pascbate
2424 4054 2749 4109 celebrando
2792 4051 2905 4105 lata
2948 4049 3253 4121 [pos‘lqttam
3282 4040 3442 4114 dixit]

1884 4150 2189 4218 ungendum
2214 4147 2474 4217 sanguine
2496 4144 2912 4215 superliminare
2953 4149 3008 4195 et
3032 4148 3212 4208 postes
3254 4154 3267 4189 :
3312 4132 3437 4196 Vos,

1885 4240 2079 4310 inquit,
2111 4255 2213 4293 non
2261 4238 2635 4308 aggrediemini
2655 4236 3002 4304 unusquisque
3040 4232 3264 4300 januatn
3295 4241 3445 4281 suam

1884 4349 2039 4401 usque
2065 4348 2215 4385 mane
2240 4374 2255 4397 ,
2303 4341 2349 4383 et
2378 4329 2617 4382 transibit
2662 4326 2916 4380 Dominus
2957 4322 3246 4393 percutiens
3278 4317 3448 4387 [1399-

1887 4426 2021 4491 ptios
2043 4463 2058 4487 ,
2083 4434 2131 4477 et
2148 4422 2333 4477 videbit
2351 4421 2656 4489 sanguinem
2680 4420 2734 4471 in
2756 4415 3143 4485 superliminari
3165 4424 3211 4465 et
3230 4412 3283 4463 in
3306 4423 3450 4463 utro-

187 4504 596 4572 Αἰγυπτίους,
637 4504 733 4556 καὶ
784 4502 995 4571 ὄψεται
1038 4502 1103 4554 τὸ
1143 4497 1286 4569 αἷμα
1326 4500 1425 4553 ἐπὶ
1456 4500 1567 4569 τῆς
1606 4500 1786 4570 pelta;-
1817 4523 1849 4579 η

1785 4523 1861 4579 ‘D
1893 4531 1993 4585 que
2022 4524 2188 4582 poste,
2229 4524 2277 4567 et
2322 4511 2658 4580 pertransibit
2704 4509 2963 4563 Dominus
3004 4508 3214 4567 ostium,
3259 4512 3307 4554 et
3348 4517 3447 4554 non

192 4598 311 4650 καὶ
345 4596 439 4648 ἐπ’
468 4593 816 4663 ἀμφοτέρων
864 4592 983 4646 τῶν
1025 4590 1323 4661 σταθμῶν,
1361 4591 1462 4649 καὶ
1491 4593 1781 4661 παρελεύσ-

194 4705 388 4744 σεται
432 4688 647 4753 Κύριος
692 4685 808 4752 τὴν
857 4686 1063 4752 θύραν,
1095 4684 1194 4737 καὶ
1244 4685 1356 4737 οὐκ
1414 4683 1638 4753 ἀφήσει
1676 4684 1786 4739 τὸν

190 4779 614 4847 ὀλοθρεύοντα
644 4775 941 4831 εἰσελθεῖν
973 4778 1061 4843 εις
1097 4775 1205 4841 τὰς
1242 4776 1435 4841 οίκίας
1462 4774 1631 4845 ὑμῶν
1670 4791 1786 4829 πα-

192 4874 410 4937 τάξαι.
444 4871 611 4941 Δῆλον
656 4869 764 4942 γάρ
805 4870 880 4933 ὡς
934 4869 1093 4933 ἄλλος
1123 4868 1326 4938 Κύριος
1358 4869 1417 4921 ὃν
1452 4869 1601 4937 λέγει
1646 4888 1788 4941 παρ-

192 4964 535 5019 ελεύσεσθαι
567 4965 661 5015 καὶ
692 4964 819 5025 τοὺς
854 4960 1182 5029 Αἰγυπτίους
1213 4960 1470 5027 πατάξαι,
1501 4962 1594 5013 καὶ
1632 4961 1788 5027 ἄλλος

191 5063 228 5113 ὁ
274 5058 356 5129 μὴ
406 5055 706 5124 συγχωρῶν
742 5055 836 5107 τὸν
888 5052 1244 5121 ὀλοθρεύοντα
1280 5053 1539 5105 εἰσελθεῖν
1572 5056 1651 5117 εἰς
1692 5056 1787 5118 τὰς

190 5152 326 5206 τῶν
370 5150 719 5221 Ἰσραηλιτῶν
752 5149 929 5211 οἰκίας
963 5149 1056 5201 καὶ
1091 5147 1327 5213 πατάξαι
1357 5148 1576 5211 αὐτούς.
1601 5150 1789 5203 Τοιοῦ-

190 5261 305 5297 τον
327 5241 390 5294 δέ
416 5242 531 5293 ἐστι
564 5239 737 5293 καὶτὸ
764 5240 893 5310 περὶ
924 5238 1019 5292 τοῦ
1047 5236 1275 5310 Βαλαὰμ
1296 5240 1601 5310 εἰρημένον.
1628 5242 1789 5309 Λέγει

190 5335 322 5406 γὰρ
349 5335 384 5402 ἡ
414 5331 606 5403 Γραφὴ
636 5331 926 5402 ἐπιτρέψαι
955 5330 1056 5401 μὲν
1080 5331 1228 5402 αὐτῷ
1253 5332 1343 5385 τὸν
1366 5332 1499 5386 Θεὸν
1527 5334 1781 5389 ἀπελθεῖν

1889 4609 2021 4661 sinet
2059 4620 2409 4671 percussorem
2456 4603 2659 4673 ingredi
2708 4602 2893 4653 domus
2931 4609 3120 4650 uestras
3165 4596 3230 4645 uti
3264 4608 3443 4660 percu-

1891 4696 2125 4752 tiendum
2148 4698 2197 4749 h.
2228 4696 2443 4750 Clarum
2482 4704 2567 4749 est
2599 4693 2766 4747 alium
2794 4706 2914 4745 esse
2949 4690 3253 4747 Dominum,
3293 4698 3454 4753 quem

1892 4790 2022 4845 dicit
2077 4788 2428 4843 transiturum
2483 4786 2550 4841 ad
2601 4782 2981 4854 percutiendos
3041 4778 3345 4849 Egyptius,
3402 4784 3455 4827 et

1895 4880 2057 4934 alium
2088 4880 2177 4948 qui
2227 4879 2507 4947 prohibeat
2560 4890 2627 4931 ne
2688 4874 3021 4945 ingrediatur
3077 4882 3361 4939 percussor
3402 4866 3457 4918 in

1894 4973 2082 5025 domos
2131 4970 2501 5025 lsraelitarum
2536 4976 2591 5022 et
2626 4964 2899 5035 percutiat
2936 4963 3099 5031 ipsos.
3129 4958 3259 5013 Tale
3295 4957 3456 5010 etiam

1894 5073 1979 5117 est
2007 5061 2135 5115 illud
2174 5063 2239 5115 de
2278 5061 2494 5111 Balaam
2530 5057 2790 5111 dictumi.
2820 5053 2960 5107 Dicit
2987 5051 3132 5105 enim
3168 5047 3451 5114 Scriptura

1894 5152 2207 5222 permisisse
2231 5152 2446 5220 quidem
2476 5148 2550 5203 illi
2578 5151 2743 5203 Deum
2770 5156 2827 5199 ut
2857 5146 2959 5198 iret
2989 5142 3054 5195 ad
3075 5155 3169 5194 eos
3199 5138 3287 5207 qui
3314 5135 3459 5188 illum

1896 5245 2191 5309 vocabant;
2226 5245 2421 5298 iratum
2460 5256 2587 5296 vero
2632 5241 2796 5295 Deum
2837 5234 2982 5307 quod
3022 5232 3462 5302 proﬁcisceretur

1887 5338 1953 5393 ad
1981 5337 2117 5392 illos.
2154 5334 2219 5389 Et
2248 5334 2337 5389 hic
2366 5333 2528 5387 alium
2560 5330 2823 5387 insinuari
2854 5329 2933 5384 ait
2977 5327 3142 5380 Deum
3178 5322 3267 5392 qui
3315 5320 3461 5374 illum

268 5476 295 5503 α
326 5462 796 5539 [[Aljegtxuvtl.
856 5462 883 5503 ἀ
910 5461 1042 5518 Ibid.
1210 5472 1234 5501 ο
1258 5460 1302 5516 Il
1323 5460 1447 5517 Cor.
1471 5479 1546 5530 τι,
1576 5464 1629 5519 4.
1714 5465 1731 5504 ί
1762 5465 1891 5523 Luc.
1912 5488 1930 5525 ι

1795 5484 1891 5523 ιυο.
1912 5470 2131 5539 “1,13.
2213 5472 2238 5511 8
2263 5467 2283 5522 ι
2311 5469 2487 5524 Paral.
2508 5484 2621 5535 ut,
2654 5468 2706 5535 i;
2728 5467 2767 5521 ll
2790 5466 3084 5535 Regnum,
3107 5458 3157 5513 1.
3234 5455 3263 5495 ιι
3290 5451 3457 5507 Exod.

192 5552 318 5601 xu,
371 5534 464 5598 ‘22,
496 5532 588 5589 25.
671 5534 885 5592 iNunt.
940 5548 1040 5597 xu,
1091 5532 1180 5588 20.

1485 5649 1721 5706 VARLE
1762 5651 2160 5709 LECTIONES.‘

290 5742 339 5772 ’⁸
361 5739 528 5817 ᾳῦτθῆ
560 5740 671 5817 [ξεῖ
705 5740 915 5817 99τῖοῆ
958 5758 976 5817 ἶ
1015 5740 1174 5817 αάτάν
1212 5758 1282 5817 ςε
1346 5742 1389 5770 ’⁷
1420 5740 1563 5796 δευτ.
1591 5760 1639 5801 c.
1674 5744 1763 5801 ει.
1841 5745 1886 5778 ’⁸
1908 5744 2249 5799 ἐπέσεισενΑ
2274 5760 2285 5796 ;
2310 5745 2565 5817 ἐποίησεν
2596 5763 2656 5809 ς.
2734 5745 2777 5775 ²⁹
2796 5740 2966 5813 ὀργήν
2994 5756 3054 5803 ς.
3131 5731 3175 5763 ³⁰
3206 5725 3377 5799 ὲρήοη
3399 5742 3457 5788 ς.

194 5814 255 5846 ⁸⁸
295 5810 395 5866 καὶ
429 5813 548 5864 add.
574 5812 639 5865 A.
712 5811 756 5842 ³⁸
798 5811 863 5864 δι’
894 5812 1091 5881 ἐτέρων
1124 5814 1166 5864 Δ
1202 5829 1216 5865 :
1260 5810 1445 5880 ἕτερον
1472 5827 1532 5874 ς.
