4208 6442
788 412 930 481 1075

1907 411 2161 471 PilOTll
2204 411 2708 473 ΡΛΊῚΠΛΒΟΙΙΕ
2736 417 2844 476 CP.

3888 437 4034 505 1076

788 531 1003 580 moneat
1049 528 1109 578 ut
1141 520 1533 590 proﬁciscatur,
1560 528 1615 573 et
1648 516 1813 573 alium
1850 520 1941 588 qui
1977 520 2056 573 ira
2105 536 2347 575 commo-

2454 520 2697 593 [46211]
2735 524 2868 591 πρὸς
2902 526 3026 589 τοὺς
3063 529 3382 599 καλοῦντας,
3414 537 3734 610 ὀργισθῆναι
3766 544 3823 597 δὲ
3858 546 4029 616 θυμῷ

788 628 978 671 veatur
1012 618 1064 671 in
1101 615 1272 669 illum.
1304 612 1487 681 Neque
1518 612 1662 666 enim
1704 612 2037 665 irascebatur
2075 612 2173 676 illi,
2209 615 2348 681 quod

787 709 1096 762 mandatum
1149 714 1561 774 exsequeretur,
1601 703 1693 772 qui
1746 703 1798 755 id
1854 716 2205 771 praeceperat,
2256 704 2349 758 sed

787 802 870 852 vel
916 801 1264 866 imperantem
1312 810 1418 850 non
1461 795 1743 864 oportebat
1780 796 1976 865 2826
2036 797 2219 861 irasci,
2258 808 2352 848 aut

785 893 833 944 si
866 893 1188 943 irasceretur
1217 888 1285 940 ob
1329 887 1498 954 ipsius
1546 888 1861 949 discessum,
1911 902 2015 939 non
2070 887 2351 954 oportebat

787 984 1072 1051 imperare.
1111 981 1247 1050 Ergo
1288 980 1543 1048 Eulogius
1577 980 1925 1047 quaestionem
1969 994 2062 1047 per
2090 979 2351 1048 homony-

786 1077 947 1128 mism
976 1073 1093 1146 [seu
1117 1072 1594 1141 asquivocationem
1626 1071 1980 1141 declaratam]
2009 1072 2220 1126 videtur
2242 1072 2349 1125 sol-

785 1183 929 1220 wre.
951 1166 1053 1220 Sed
1081 1166 1211 1220 mihi
1247 1164 1455 1217 videtur
1481 1180 1511 1217 a
1542 1164 1881 1217 Theodoreto
1896 1165 2125 1231 aliisque
2147 1167 2352 1220 sanctis

785 1259 1038 1313 Patribus
1071 1257 1420 1312 dubitationis
1440 1257 1667 1326 questio
1690 1257 1881 1310 melius
1902 1272 2024 1309 esse
2054 1257 2245 1310 soluta.
2270 1258 2351 1311 Di-

788 1353 858 1405 cit
886 1366 1033 1414 vero,
1068 1347 1265 1402 Davide
1288 1347 1341 1400 in
1372 1349 1706 1401 numerando
1737 1346 1926 1414 populo
1946 1356 2225 1415 peccante,
2257 1362 2352 1413 po-

788 1442 970 1510 pulum
1022 1440 1233 1495 dedisse
1277 1453 1484 1507 pmnas,
1539 1454 1645 1492 non
1688 1439 1827 1505 quod
1873 1436 1962 1489 ille
2018 1438 2352 1490 numerando

789 1534 1046 1600 peccarit,
1082 1532 1175 1586 sed
1211 1530 1493 1600 parricida:
1519 1527 1771 1582 Absaloni
1806 1526 2001 1581 bellum
2042 1528 2179 1596 patri
2220 1527 2351 1581 inle-

790 1622 929 1676 renti
962 1623 1237 1691 suppetias
1279 1620 1461 1673 tulerit
1500 1620 1750 1688 pepulus,
1780 1628 1833 1672 et
1862 1618 2126 1672 seditione
2162 1620 2349 1672 eadem

786 1716 1037 1783 abreptus
1068 1710 1360 1782 praetulerit
1388 1710 1537 1765 illum
1580 1712 1670 1779 qui
1704 1724 1769 1763 ex
1806 1724 1901 1764 sua
1930 1710 2225 1764 ambitione
2258 1725 2349 1763 seu

786 1808 1038 1875 superbia
1074 1821 1296 1875 regnum
1326 1813 1599 1873 rapuerat,
1642 1802 1717 1857 illi
1750 1802 1839 1872 qui
1876 1818 1903 1856 a
1935 1802 2045 1857 Deo
2076 1804 2127 1856 in
2170 1819 2350 1873 regem

2571 615 2703 710 Θεὸν
2734 618 2815 710 δτι
2847 617 3139 710 ἐπορεύετο
3166 625 3301 692 πρὸς
3340 630 3558 693 αὐτούς.
3594 633 3890 690 Κάνταῦθα
3914 615 4031 710 γάρ

2450 704 2607 755 ἄλλον
2634 705 3023 761 αίνίττεσθαί³³
3040 728 3171 779 φησι
3200 715 3329 767 Θεὸν
3348 719 3438 771 τὸν
3463 721 3832 792 ἐπιτρέψαντα
3852 704 4031 799 αὐτῷ,

2452 796 2730 892 καὶΔάλλον
2772 799 2863 892 τὸν
2896 800 3217 871 ὀργισθέντα
3262 808 3416 878 θυμῷ
3457 816 3543 867 ἐπ’
3579 818 3776 871 αὐτόν·
3809 821 3869 873 οὑ
3919 796 4032 892 γάρ

2451 886 2515 937 ἂν
2544 888 2572 939 6
2609 890 2901 959 ἐπιτρέψας
2955 894 3222 965 ὠργίζετο
3272 902 3348 971 τῷ
3400 906 3745 976 πληρώσαντι
3788 912 3850 963 τὸ
3901 886 4031 965 sm;

2450 982 2683 1073 τραπεν,
2708 984 2820 1035 ἀλλ’
2849 984 3271 1057 ἢὲπιτρέψαντα
3303 995 3398 1046 οὑκ
3428 996 3533 1049 ἔδει
3564 1000 3885 1070 θυμοῦσθαι,
3918 1005 3951 1073 ἦ
3981 1005 4030 1036 ³⁵

2452 1070 2753 1139 θυμοῦσθαι
2788 1074 3047 1141 μέλλοντα
3077 1080 3331 1133 ἀπελθεῖν
3382 1087 3484 1137 οὐκ
3529 1088 3635 1139 ἔδει
3682 1070 4027 1157 ἐπιτρέπειν.

2452 1163 2622 1225 Αὐτὸς
2651 1164 2748 1232 μὲν
2772 1166 2913 1219 οὕτω
2942 1168 3089 1221 δοκεῖ
3118 1188 3237 1234 πως
3262 1174 3350 1225 διὰ
3386 1176 3483 1245 τῆς
3504 1179 3822 1247 ὁμωνυμίας
3855 1182 3897 1212 ³⁵
3927 1184 4029 1250 τὴν

2451 1255 2778 1322 ἀμφιϐολίαν
2805 1257 3119 1313 ἑπιλύεσθαι
3143 1278 3155 1290 ·
3194 1262 3413 1331 ἄμεινον
3442 1266 3499 1318 δέ
3529 1284 3620 1335 μοι
3646 1269 3791 1320 δοκεῖ
3820 1269 4031 1322 Θεοδω-

2456 1346 2603 1413 ρήτῳ
2633 1363 2691 1397 τε
2736 1350 2827 1399 καὶ
2852 1351 2962 1412 τοῖς
2994 1351 3172 1415 ἄλλοις
3211 1355 3377 1423 ἱεροῖς
3406 1357 3630 1426 ἀνδράσι
3665 1377 4029 1428 πραγματευ-

2454 1434 2609 1503 θῆναι
2645 1436 2746 1504 τῆς
2772 1440 3139 1511 προκειμένης
3186 1445 3417 1514 ἀπορίας
3447 1448 3544 1515 τὴν
3570 1450 3838 1503 ἐπίλυσιν.
3864 1452 4027 1518 Λέγει

2452 1527 2507 1578 δὲ
2536 1530 2631 1581 καὶ
2668 1528 2760 1581 τοῦ
2790 1531 2954 1583 Δασὶδ
2978 1534 3036 1585 ὲν
3082 1537 3148 1603 τῇ
3191 1536 3487 1607 ἀριθμήσει
3517 1540 3937 1609 ἁμαρτήσαντος
3966 1544 4029 1593 τὸ

2454 1622 2657 1690 πλῆθος
2714 1624 2966 1693 ὑποσχεῖν
2995 1627 3093 1696 τὴν
3141 1630 3434 1697 τιμωρίαν,
3459 1631 3519 1681 οὐ
3554 1632 3689 1683 διότι
3727 1632 3769 1662 ³⁸
3820 1634 4028 1696 ἐκεῖνος

2453 1715 2759 1784 ἠρίθμησεν
2793 1756 2807 1778 ,
2858 1716 2972 1768 ἀλλ’
3017 1717 3097 1770 ὅτι
3147 1718 3225 1785 τῷ
3273 1721 3576 1791 πατραλοία
3630 1721 4026 1793 ’Λϐεσσαλὼμ,

2456 1808 2611 1874 χεῖρα
2660 1807 2924 1877 πολεμίαν
2979 1810 3433 1873 ὲπανατείναντος
3464 1814 3508 1843 ³⁷
3546 1813 3623 1882 τῷ
3670 1817 3861 1885 πατρὶ,
3901 1832 4026 1867 συν-

785 1873 980 1953 unctus
1013 1873 1156 1953 erat:
1189 1897 1329 1967 Ergo
1372 1897 1565 1958 soluta,
1604 1907 1662 1948 ut
1704 1896 1936 1958 videtur,
1979 1897 2146 1964 prima
2200 1912 2346 1965 qua:-

2453 1899 2651 1967 αντῆρέ
2682 1916 2738 1950 τε
2772 1901 2801 1951 6
2830 1900 2955 1963 λαὸς
2988 1901 3081 1953 καὶ
3114 1902 3526 1967 συνεστασίασε,
3564 1906 3911 1974 προτιμήσας
3939 1906 4028 1955 τὸν

784 1994 980 2054 stione,
1020 1992 1183 2047 solvit
1222 2000 1276 2045 et
1319 1990 1562 2055 alteram,
1596 2004 1714 2059 qua:
1748 1989 1817 2041 ita
1860 1989 2042 2042 habet.
2070 1988 2348 2054 Quomodo

789 2085 1195 2155 intelligendum
1226 2094 1311 2139 est
1340 2083 1479 2153 quod
1508 2084 1795 2152 Apostolus
1824 2081 1953 2135 alibi
1979 2082 2109 2135 dicit
2144 2100 2154 2134 :
2195 2079 2349 2133 Chri-

782 2188 925 2230 stum
971 2176 1209 2229 habitare
1252 2176 1305 2228 in
1345 2175 1585 2227 cordibus
1620 2175 1809 2226 nostris
1835 2184 1879 2237 ι;
1926 2172 2119 2225 alicubi
2173 2186 2299 2225 vero
2334 2192 2346 2225 :

786 2270 1050 2339 Quotquot
1078 2270 1132 2319 in
1168 2267 1373 2318 Christo
1408 2265 1653 2332 baptizati
1686 2265 1831 2326 estis,
1854 2263 2116 2315 Christum
2141 2264 2348 2315 induis-

784 2364 848 2415 tis
869 2363 917 2427 ι,
948 2376 1067 2416 cum
1107 2374 1359 2428 magnum
1409 2360 1480 2410 sit
1525 2357 1815 2411 discrimen
1860 2356 2001 2409 inter
2033 2358 2350 2410 tabernacu-

784 2456 895 2508 lum
930 2464 984 2508 et
1015 2455 1408 2506 indumentum.
1442 2451 1626 2504 Vestis
1666 2452 1807 2503 enim
1837 2465 2100 2501 summam
2140 2458 2347 2503 tantum

785 2558 966 2601 Cutem
1019 2546 1210 2614 tangit,
1262 2544 1667 2597 tabernaculum
1724 2557 1850 2595 vero
1902 2552 2069 2593 totum
2135 2543 2346 2609 recipit.

784 2637 1032 2691 Allirmat
1062 2639 1207 2691 enim
1233 2637 1489 2690 distincta
1515 2638 1723 2689 ratione
1751 2636 1999 2688 eumdem
2029 2649 2146 2688 esse
2173 2650 2351 2703 regem

785 2739 841 2781 et
894 2738 1200 2796 pastorem;
1234 2742 1408 2793 regem
1449 2728 1669 2794 quidem
1728 2726 2029 2787 hominum,
2076 2736 2350 2794 pastorem

785 2833 915 2870 vero
942 2820 1223 2871 brutornm
1258 2818 1568 2886 appellavit,
1599 2816 1663 2869 ad
1705 2817 1909 2868 varium
1944 2831 2097 2869 usuin
2138 2832 2348 2879 eorum,

781 2911 873 2977 qui
895 2911 1171 2965 beneﬁciis
1191 2912 1257 2964 ab
1278 2926 1341 2964 eo
1358 2908 1678 2963 afﬁciuntur.
1696 2908 1878 2977 Neque
1902 2910 2043 2962 enim
2064 2912 2349 2979 quisquam

786 3010 931 3053 recte
966 3000 1179 3053 dicatur
1206 3016 1297 3054 res
1332 3000 1711 3058 animantium,
1744 3014 1917 3065 neque
1948 3010 2131 3063 pastor
2178 3000 2351 3053 homi-

780 3108 930 3145 num.
973 3091 1048 3143 lta
1085 3100 1405 3157 presenteni
1443 3104 1655 3157 quoque
1695 3090 1870 3141 locum
1913 3089 2040 3142 licet
2080 3088 2348 3157 interpre—

780 3184 881 3236 tari
912 3200 924 3233 :
956 3181 1174 3234 Habitat
1193 3183 1349 3245 enim,
1378 3190 1435 3233 ut
1468 3182 1579 3248 ipse
1594 3190 1812 3234 sanctus
1841 3180 2034 3233 Paulus
2069 3182 2249 3243 docet,
2275 3197 2353 3233 sa-

777 3279 973 3345 pientia
996 3275 1086 3327 Dei
1108 3276 1160 3327 in
1178 3277 1241 3327 iis
1258 3275 1446 3341 quibus
1476 3276 1785 3341 imperat,et
1810 3274 1897 3339 qui
1921 3274 1975 3325 in
2002 3274 2093 3325 illo
2125 3273 2345 3325 radicati

777 3376 826 3419 et
853 3364 1459 3433 supermdiﬁcutisunt‘.
1496 3364 1677 3418 lndttit
1724 3376 1899 3417 autem
1939 3364 2215 3417 Christum
2256 3364 2349 3431 qui

776 3461 927 3515 illum
985 3470 1168 3529 postea
1224 3475 1440 3513 rursum
1505 3474 1711 3513 exuere
1771 3467 1967 3527 potest.
2012 3458 2350 3526 Quapropter

777 3554 974 3607 merito
999 3553 1065 3607 de
1100 3552 1357 3606 radicatis
1416 3551 1469 3606 in
1510 3565 1574 3604 eo
1608 3549 1805 3605 dicitur
1832 3550 1979 3603 illutn
2021 3550 2268 3603 habitare
2296 3550 2348 3602 in

775 3644 875 3697 eis.
904 3642 1037 3697 Aliis
1066 3652 1248 3697 autem
1273 3642 1343 3696 ob
1372 3641 1801 3711 inexplicabilem
1827 3641 2168 3694 clementiam
2194 3654 2345 3694 suam

776 3734 1150 3787 indumentum
1191 3734 1278 3797 lit,
1304 3733 1499 3802 quibus
1523 3742 1893 3803 tegumentum
1936 3731 2156 3801 praebet,
2188 3746 2254 3783 ne
2277 3730 2345 3783 ab

773 3825 1025 3896 aquilone
1061 3838 1225 3881 vento
1268 3841 1461 3894 aspero
1495 3824 1822 3895 frigideque,
1872 3826 1963 3894 qui
2006 3825 2346 3894 pestilentem

773 3931 827 3973 et
858 3918 1194 3974 exitiabilem
1237 3922 1520 3975 animabus
1560 3918 1705 3974 aﬂlat
1746 3934 1957 3981 auram,
1999 3918 2250 3971 conversi
2282 3917 2347 3970 ad

770 4012 1048 4067 Christum
1082 4025 1304 4081 pereant
1338 4031 1351 4066 :
1386 4014 1427 4066 Α
1462 4014 1599 4082 facie
1632 4014 1769 4066 enim
1799 4011 2059 4079 aquilonis
2101 4011 2349 4062 exardes-

772 4114 888 4157 cent
921 4105 1140 4157 malam.
1174 4104 1269 4159 llis
1307 4105 1472 4174 igitur
1519 4105 1728 4159 duabus
1777 4101 2168 4172 quazstionibus
2204 4100 2351 4154 solu-

772 4200 865 4259 tis,
900 4199 1187 4268 epistolam
1235 4198 1374 4251 hanc
1425 4214 1546 4252 cum
1611 4207 1855 4250 votorum
1916 4192 2352 4260 comprecatione

773 4290 913 4343 ﬁnit.

2450 1991 2509 2054 ἐξ
2553 1992 2841 2054 αὐθαδείας
2886 1993 3211 2062 ἁρπάσαντα
3242 1996 3339 2061 τὴν
3370 1996 3542 2064 ἀρχὴν
3589 1994 3681 2047 τοῦ
3722 1996 3867 2065 παρά
3891 1995 4027 2048 Θεοῦ

2453 2086 2528 2143 είς
2562 2082 2782 2149 βασιλέα
2816 2083 3148 2152 χρισθέντος.
3186 2086 3298 2155 Τὴν
3351 2085 3442 2137 οὖν
3497 2086 3717 2156 πρώτην
3768 2088 4025 2139 ὲπιλυσάο

2454 2189 2613 2241 μενος
2648 2172 2740 2240 (ὡς
2771 2173 2968 2241 ἔδοξεν)
2996 2174 3249 2243 ἀπορίαν,
3296 2175 3571 2227 ὲπιλύεται
3602 2178 3693 2228 καὶ
3728 2178 3826 2244 τὴν
3844 2176 4027 2227 δευτέ-

2456 2282 2552 2332 ραν
2579 2264 2805 2332 ἔχουσαν
2842 2264 3017 2317 οὓτω·
3053 2266 3167 2327 πῶς
3196 2266 3277 2318 δεῖ
3305 2268 3493 2336 νοῆσαι
3528 2270 3602 2335 πῆ
3638 2268 3736 2336 μὲν
3774 2267 4028 2334 λέγοντος

2451 2357 2542 2409 τοῦ
2560 2356 2877 2409 Ἀποστόλου
2896 2359 2964 2410 ἐν
2983 2357 3111 2423 ταῖς
3133 2357 3401 2425 καρδίαις
3425 2356 3591 2426 ἡμῶν
3612 2359 3914 2411 κατοικεῖν
3928 2359 4031 2411 τὸν

2452 2447 2728 2513 Χριστὸν,
2770 2448 2845 2515 πῆ
2872 2448 2957 2499 δέ’
2987 2449 3161 2501 Ὀσοι
3189 2451 3275 2513 εἰς
3316 2448 3571 2515 Χριστὸν
3590 2448 3994 2513 ἐϐαπτίσθητε
4014 2492 4027 2513 ,

2453 2540 2709 2607 Χριστὸν
2728 2539 3117 2606 ἐνεδύσασθε,
3157 2540 3399 2611 μεγάλης
3428 2539 3594 2610 οῠσης
3633 2544 3731 2609 τῆς
3765 2542 4029 2611 διαφοράς

2453 2633 2719 2701 οἰκήσεώς
2740 2650 2797 2684 τε
2822 2636 2915 2685 καὶ
2944 2634 3237 2696 ὲνδύσεως’
3266 2636 3298 2703 ἡ
3336 2635 3433 2703 μὲν
3464 2634 3571 2703 γάρ
3598 2634 3657 2685 τὸ
3686 2634 4027 2695 ἐπιπόλαιον,

2453 2726 2485 2792 ή
2516 2724 2573 2777 δὲ
2604 2726 2664 2777 τὸ
2692 2726 2779 2777 διά
2812 2725 3006 2795 βάθους
3035 2728 3355 2796 παρίστησι.
3382 2727 3541 2794 Λέγει
3565 2727 3620 2780 δὲ
3643 2728 3735 2779 τὸν
3764 2727 3893 2779 νοῦν
3916 2728 4031 2781 δια-

2457 2816 2655 2884 κρίνων
2682 2818 2787 2878 ὅτι,
2820 2817 3066 2887 καθάπερ
3088 2818 3249 2880 αὐτὸς
3270 2817 3362 2871 καὶ
3386 2818 3636 2887 βασιλεὺς
3666 2820 3905 2888 ὑπάρχει
3939 2820 4032 2871 καὶ

2455 2907 2676 2978 ποιμὴν,
2729 2910 2823 2961 καὶ
2861 2908 3111 2978 βασιλεὺς
3145 2910 3242 2979 μὲν
3275 2910 3380 2962 τῶν
3425 2910 3657 2978 λογικῶν
3685 2954 3699 2976 ,
3734 2912 3944 2981 ποιμὴν
3977 2912 4031 2964 δὲ

2454 3000 2560 3052 τῶν
2612 3002 2841 3067 ἀλόγων,
2900 3002 3037 3073 πρὸς
3089 3002 3186 3071 τὴν
3235 3001 3488 3071 διάφορον
3540 3004 3729 3071 χρείαν
3773 3003 3885 3054 τῶν
3936 3002 4031 3072 τὴν

2455 3094 2769 3160 εὐεργεσίαν
2814 3094 3115 3163 δεχομένων
3156 3096 3553 3165 ὀνομαζόμενος
3586 3095 3730 3163 (οὔτε
3781 3096 3894 3165 γάρ
3949 3111 4031 3155 τις

2456 3187 2663 3252 ἀλόγων
2692 3186 2996 3255 βασιλεύειν
3034 3188 3258 3249 εἰκότως
3312 3189 3527 3258 λεχθείη
3567 3188 3691 3259 [317
3739 3186 3858 3256 Β.],
3900 3187 4023 3239 οὔτε

2456 3276 2764 3344 ποιμαίνειν
2792 3276 2861 3329 τὰ
2891 3276 3128 3347 λογικὰ),
3162 3277 3303 3330 οὕτω
3333 3278 3411 3329 δεῖ
3437 3275 3481 3307 ³⁸
3506 3279 3644 3329 νοεῖν
3674 3278 3768 3328 καὶ
3805 3278 3869 3329 τὸ
3901 3293 4032 3347 προσ

2456 3369 2726 3435 κείμενον.
2758 3370 3033 3423 Κατοικεῖ
3057 3370 3154 3439 μὲν
3195 3372 3324 3438 γάρ,
3355 3371 3429 3433 ὡς
3470 3369 3628 3431 αὐτὸς
3680 3372 3708 3421 ό
3746 3368 4031 3429 θεσπέσιος

2456 3461 2599 3527 λέγει
2625 3460 2852 3523 Παῦλος,
2888 3461 2924 3527 ἡ
2959 3461 3064 3514 τοῦ
3090 3461 3235 3514 Θεοῦ
3255 3464 3440 3530 σοφία
3458 3462 3525 3514 ἐν
3549 3456 3638 3526 Οἷς
3656 3460 4031 3513 πολιτεύεται

2456 3555 2551 3606 καὶ
2585 3553 2641 3606 οἳ
2670 3553 3122 3620 καθεστήκασιν
3148 3554 3513 3623 ἐῤῥιζωμένοι
3553 3570 3615 3606 τε
3672 3552 3773 3605 καὶ
3801 3554 4033 3620 τεθεμοο

2455 3646 2550 3697 καὶ
2589 3647 2645 3698 οἳ
2669 3648 3119 3714 καθεστήκασιν
3160 3646 3403 3699 ἐνδύεται
3431 3646 3485 3697 δὲ
3509 3646 3598 3697 τὸν
3622 3645 3858 3714 Χριστὸν
3885 3645 3978 3696 καὶ
4007 3646 4034 3695 ὁ

2456 3738 2617 3790 πάλιν
2670 3738 2831 3790 αὑτὸν
2885 3739 3182 3807 δυνάμενος
3242 3738 3633 3790 ἀποδύσασθαι.
3683 3737 3773 3788 Διό
3830 3753 4031 3805 φαμεν,

2472 3829 2891 3899 Ἐρῤιςωμένοις
2930 3833 2985 3883 ὲν
3029 3829 3177 3899 αὑτῷ
3207 3830 3427 3893 δικαίως
3450 3831 3779 3896 ἐγκατοικεῖ,
3826 3830 3941 3887 τοῖς
3979 3828 4033 3878 δὲ

2455 3920 2631 3982 ἄλλοις
2654 3920 2741 3973 διά
2779 3921 2876 3991 τὴν
2900 3922 3104 3990 ἄφατον
3127 3922 3534 3993 φιλανθρωπίαν
3566 3921 3768 3989 ἔνδυμα
3798 3920 4029 3986 γίνεται,

2454 4011 2712 4079 παρέχων
2755 4011 2989 4080 σκέπην,
3039 4013 3125 4066 ἵνα
3181 4014 3254 4082 μὴ
3310 4012 3417 4065 ἀπὸ
3466 4011 3561 4064 τοῦ
3612 4012 3785 4081 βορῤἄ
3812 4010 3881 4073 ³⁸,
3940 4007 4031 4061 τοῦ

2454 4100 2692 4169 σκληροῦ
2752 4102 2847 4153 καὶ
2900 4102 3115 4173 ψυχροῦ
3172 4104 3416 4174 ἀνέμου,
3470 4106 3581 4166 τοῖς
3642 4102 4033 4170 ἐπιστρέφουσι

2456 4192 2590 4261 πρὸς
2639 4194 2801 4245 αὑτὸν
2846 4196 3183 4265 ὲπιτρίόοιτο
3217 4195 3380 4249 ἄδικα
3424 4197 3517 4249 καὶ
3542 4194 3868 4264 ψυχοφθόρα
3910 4196 4031 4245 tert-

2456 4286 2742 4347 πνέοντος·
2788 4287 2932 4340 Ἀπὸ
2976 4287 3303 4355 προσώπου
3339 4288 3450 4356 γὰρ
3497 4286 3690 4354 βορῤᾶ
3728 4285 4031 4351 ἐκκαυθή-

770 4396 939 4434 σεται
973 4379 1041 4432 τὰ
1069 4381 1113 4409 ⁸ο
1148 4377 1321 4431 κακά.
1356 4377 1465 4439 Τὰς
1492 4376 1583 4428 οὖν
1604 4376 1697 4428 δύο
1725 4375 1927 4437 ταύτας
1959 4375 2193 4444 ἀπορίας
2220 4374 2617 4443 ὲπιλυσάμενος
2640 4377 2695 4427 ἐν
2726 4377 2899 4449 ταύτῃ
2929 4380 2995 4447 τῇ
3061 4380 3319 4447 ἐπιστολῇ
3381 4381 3459 4441 είς
3519 4379 3795 4447 ὲξαίτησιν
3864 4395 4032 4448 προσ-

769 4476 945 4546 ευχῶν
979 4476 1224 4544 τελευτᾷ.

841 4569 985 4623 Idem
1029 4568 1207 4623 adhuc
1261 4567 1514 4637 Eulogius
1567 4568 1619 4620 in
1680 4568 1815 4620 libro
1872 4582 1963 4620 seu
2028 4571 2423 4637 argumentoD

767 4680 912 4718 nono
938 4665 1234 4719 declaravit
1276 4679 1337 4717 ea
1374 4665 1569 4732 quibus
1603 4663 1723 4716 vita:
1756 4662 2012 4716 solitaria;
2048 4663 2165 4715 laus
2216 4646 2347 4716 con-

768 4760 992 4819 tinetur,
1026 4766 1079 4811 et
1120 4758 1248 4825 quid
1293 4757 1364 4810 sit
1411 4756 1707 4809 monachus
1741 4755 2017 4818 describit,
2056 4767 2215 4823 atque
2260 4770 2348 4807 ra-

767 4851 967 4903 tionem
1026 4848 1142 4916 ejns
1197 4848 1410 4903 vivendi
1449 4848 1691 4915 exponit.
1757 4847 2013 4901 Hortatur
2059 4849 2181 4901 vita:
2232 4863 2348 4902 mo-

766 4943 988 4995 nasticaa
1043 4942 1301 5002 cultores,
1342 4950 1401 4994 ut
1455 4944 1521 4994 ad
1566 4940 1917 5009 professionis
1968 4941 2341 5009 prmscriptum

764 5035 933 5087 vitam
984 5034 1292 5096 instituant,
1326 5043 1380 5085 et
1429 5047 1487 5085 se
1532 5034 1597 5085 ad
1629 5032 1925 5085 solitariam
1958 5033 2120 5085 vitam
2154 5043 2209 5085 et
2241 5034 2342 5087 Ec-

764 5126 942 5177 clesia:
987 5124 1252 5178 unitatem
1296 5123 1493 5193 283a
1528 5122 1888 5177 conforment.
1936 5123 2102 5176 Erant
2140 5136 2335 5185 autem,

764 5232 900 5281 qnns
936 5216 1081 5272 illius
1111 5217 1406 5271 admonitio
1444 5217 1681 5283 respicit,
1725 5231 1791 5269 ex
1828 5216 2060 5268 factione
2094 5226 2147 5268 et
2192 5228 2337 5269 secta

766 5306 1079 5371 Severiana,
1114 5307 1189 5360 uti
1222 5322 1328 5361 non
1363 5316 1446 5360 est
1478 5308 1789 5364 obscurum,
1825 5307 2035 5372 quibus,
2072 5313 2340 5374 quomodo

766 5397 1169 5465 [lucreticorum
1230 5400 1467 5469 ipsorum
1528 5397 1827 5468 majorum]
1882 5399 2163 5452 sententiae
2216 5414 2339 5451 cum

840 5547 850 5583 ι
899 5536 1095 5604 Ειιὴρε.
1134 5552 1216 5599 ιιι,
1248 5536 1334 5590 Π.
1416 5536 1439 5573 κ
1470 5535 1647 5589 Galat.
1678 5551 1758 5599 ιιι,
1782 5534 1870 5587 27.

1993 5533 2007 5570 1
2044 5532 2253 5586 Coloss.
2288 5547 2347 5595 ιι,
2382 5530 2431 5583 7.

2526 4569 2646 4620 Ἔτι
2682 4566 2741 4618 δὲ
2778 4567 2807 4617 6
2834 4565 2995 4627 αὐτὸς
3022 4564 3410 4634 καθωμίλησεν
3432 4565 3475 4595 δι
3513 4566 3572 4617 ὲν
3605 4564 3682 4635 τῷ
3712 4565 3756 4617 θ’
3792 4568 4029 4638 σημείῳ,

2454 4663 2518 4715 δι’
2551 4654 2626 4715 ὧν
2673 4659 2949 4728 ἐγκώμιον
2988 4658 3084 4728 μὲν
3117 4657 3467 4711 διαπλέκεται
3497 4657 3590 4710 τοῦ
3626 4660 3857 4727 μονάδος
3893 4661 4028 4729 βίου,

2455 4756 2549 4807 καλ⁵
2583 4752 2634 4805 τί
2667 4752 2799 4803 ποτέ
2829 4753 2981 4801 ὲστιν
3012 4752 3039 4802 6
3073 4750 3322 4819 μοναχὸς,
3358 4750 3694 4819 ὑπογράφει·
3730 4751 3826 4803 καὶ
3871 4754 4031 4804 αὑτὸν

2453 4845 2510 4896 δὲ
2537 4843 2634 4912 τῆς
2665 4842 2834 4910 αὐτῆς
2856 4840 3133 4903 πολιτείας
3159 4841 3512 4907 ἀπαγγέλλει.
3535 4842 3797 4912 Παραινεῖ
3830 4844 3889 4896 δὲ
3909 4847 4030 4906 τοὺς

2454 4938 2554 5005 τῆς
2591 4934 2819 5004 μονάδος
2854 4934 3133 4995 πολιτείας
3173 4933 3411 5001 ἐραστὰς
3440 4935 3579 4987 κατά
3609 4935 3671 4984 τὸ
3702 4936 4029 5004 ἐπάγγελμα

2452 5024 2855 5087 πολιτεύεσθαι,
2886 5026 2979 5075 καὶ
3000 5027 3065 5091 τῇ
3106 5022 3357 5092 μονότητι
3391 5024 3481 5074 καὶ
3512 5025 3579 5093 τῇ
3606 5022 3651 5052 δ’
3686 5024 3905 5092 ὲνοτήτι
3934 5024 4028 5091 τῆς

2465 5118 2791 5188 Ἐκκλησίας
2850 5116 3307 5185 συναρμόζεσθαι.
3365 5115 3567 5186 Εῖησαν
3627 5115 3704 5180 δὲ,
3753 5117 3893 5185 πρὸς
3941 5118 4027 5179 οὓς

2450 5210 2674 5281 ἀφεώρα
2711 5211 2743 5279 ἡ
2780 5210 3123 5277 παραίνεσις,
3157 5208 3254 5276 τῆς
3302 5207 3546 5275 Σεὸήρου
3589 5207 3896 5278 διασπορᾶς
3939 5209 4024 5259 καὶ

2451 5305 2775 5371 κατατομῆς⁷
2825 5302 3041 5371 μερίδες
3087 5302 3185 5351 οὐκ
3235 5300 3437 5370 ἄσημοι
3484 5300 3559 5332 ⁸³’
3608 5296 3691 5363 οἷς
3725 5301 3876 5363 ὅπως
3932 5301 4022 5370 μὲν

2453 5400 2715 5467 μάχονται
2742 5396 2849 5447 τῶν
2883 5396 3137 5466 πατέρων
3168 5396 3346 5448 αὐτῶν
3373 5395 3428 5447 αἱ
3458 5395 3607 5460 δόξαι
3640 5395 3777 5465 πρὸς
3805 5398 4016 5456 ἑαυτάς.

2536 5539 2571 5558 ’³³
2605 5527 2807 5582 Jeretn.
2844 5544 2920 5593 νι,
2968 5528 3018 5580 1.

2078 5625 2316 5679 VARle
2359 5622 2758 5679 LICCTIONES.

844 5723 887 5751 ³³
928 5723 1257 5775 αἰνίττεσθαι
1314 5738 1423 5776 om.
1462 5722 1522 5777 Β.
1627 5724 1671 5753 ³³
1699 5725 1732 5789 ἧ
1768 5724 1807 5773 Δ
1841 5740 1852 5772 :
1887 5723 1917 5790 ἢ
1950 5724 1994 5771 εἰ
2026 5740 2083 5784 ς.

768 5793 807 5822 ³⁷
836 5795 1243 5846 ἑπανατεὲναυτι
1268 5795 1378 5847 liet
1412 5812 1553 5847 corr.
1591 5796 1627 5845 Λ
1662 5812 1671 5843 :
1708 5795 2157 5852 ἐπανατείναντος
2194 5812 2250 5857 ς.

764 5863 992 5931 λ”ςητεν
1030 5881 1091 5920 c.
1170 5867 1212 5894 "
1240 5868 1465 5921 alterum
1500 5868 1564 5936 τῇ
1598 5866 1719 5921 aJd.
1749 5870 1812 5916 Α.
1894 5865 1935 5893 ³³
1962 5866 2110 5933 pqae

2198 5723 2240 5753 ³⁵
2272 5722 2587 5789 ὁμιυνυίίας
2624 5720 2671 5789 Α
2701 5735 2709 5765 2
2746 5716 2997 5789 ὁμονοίας
3040 5733 3098 5777 ς’-

2331 5794 2373 5821 ³⁸
2399 5793 2475 5842 δεῖ
2502 5791 2544 5842 Α
2578 5809 2588 5839 ;
2620 5788 2682 5857 δή
2716 5804 2774 5849 τ.

2036 5866 2167 5933 ςιίνξυς
2196 5867 2251 5917 ’,ᾗ
2272 5882 2290 5915 r.
2318 5865 2522 5939 ἀπηξιον
2554 5879 2612 5924 ς.

3210 5718 3252 5746 ⁸⁸
3283 5716 3343 5767 οὐ
3377 5716 3512 5768 διότι
3544 5718 3583 5768 ,λ

3232 5788 3275 5819 ⁸⁸
3298 5788 3365 5839 τὰ
3390 5788 3515 5841 add’.
3553 5792 3615 5841 Λ.

3639 5736 3648 5768 ;
3688 5716 3803 5768 οὐδ’
3844 5717 3917 5767 ὅτε
3950 5729 3998 5774 ς.

3696 5790 3740 5816 ⁴¹
3772 5786 3999 5853 καθωμον

2856 5787 2898 5817 ³ο
2926 5788 3061 5857 βορά
3089 5786 3153 5842 Α.
