4208 6442
223 350 346 417 1071

1242 353 1763 413 BIBLIOTHECA.
1802 376 1868 387 --
1895 354 2058 418 COD.
2096 356 2364 423 CCXXX.

3280 354 3415 418 1078

216 460 355 520 ὅπως
402 456 461 508 δὲ
509 454 647 533 προς
677 454 816 528 [463
849 455 946 527 IL]
996 457 1263 527 ἀλλήλας,
1314 458 1406 510 καὶ
1452 458 1658 528 οὐδαμῆ
1706 454 1767 508 τδ
1794 456 1878 515 Ai

1752 464 1767 507 δ
1794 459 1840 515 Α
1868 456 1996 527 ipsis
2024 464 2331 517 auctoribus
2355 472 2408 518 et
2431 478 2551 517 cum
2576 462 2696 517 aliis
2717 462 2949 530 ejusdem
2974 472 3134 518 sectae
3156 472 3414 533 pugnent.

218 549 474 617 στάσιμον
510 531 630 601 οὑδὲ
658 548 718 601 τὸ
754 548 952 616 πάγιον
1001 549 1235 619 ἔχουσιν,
1279 550 1677 619 ἀπογυμνώσας
1705 565 1765 600 τε

220 642 309 694 καὶ
336 640 825 712 άνακαλυψάμενος
847 642 910 706 ⁸⁸,
935 642 999 695 ὲκ
1025 646 1124 713 τῆς
1158 643 1363 696 ἐκεῖθεν
1392 642 1619 703 ἀτοπίας
1640 642 1769 713 ὁρᾷν

216 732 413 794 αὐτοὺς
438 734 575 801 πρὸς
603 734 702 802 τὴν
729 733 925 786 ἕνωσιν
947 735 1047 802 τῆς
1086 734 1408 804 Ἐκκλησίας
1438 734 1767 788 ὑποτίθεται.

218 817 352 881 Τοὺς
396 818 494 888 μὲν
522 819 633 890 γὰρ
669 821 905 890 παράγει
937 822 1193 887 λέγοντας
1228 821 1491 887 σώζεσθαι
1524 822 1621 886 τὰς
1653 824 1764 875 δια-

218 910 386 978 φοράς
418 910 560 979 μετὰ
606 911 707 980 τὴν
749 912 964 976 ἕνωσιν,
996 913 1183 985 ὥσπερ
1232 916 1326 967 καὶ
1358 915 1613 983 Σεϐῆρον,
1645 916 1771 978 τοὺς

217 999 268 1048 δὲ
290 997 559 1061 σώζεσθαι
583 1001 867 1071 μηδαμῶς,
894 1001 1079 1073 ὥσπερ
1106 1004 1202 1056 καὶ
1227 1004 1485 1073 Τιμόθεον
1509 1007 1566 1058 ἐν
1595 1004 1772 1067 ωιλοις

217 1097 273 1141 τε
310 1090 407 1142 καὶ
441 1091 498 1142 ὲν
530 1086 609 1154 οἷς
640 1092 781 1146 κατὰ
812 1090 905 1144 τοῦ
941 1094 999 1145 ὲν
1038 1094 1211 1161 ἁγίοις
1245 1093 1569 1161 ἀγωνίζεται
1606 1094 1771 1147 Δέον-

216 1194 325 1242 τος.
357 1181 434 1233 Οὑ
476 1182 635 1249 μόνον
677 1181 733 1234 δὲ
764 1182 925 1247 αὐτὸς
962 1183 1061 1237 οὑκ
1113 1184 1362 1251 ἀνέχεται
1402 1184 1567 1253 φάναι
1607 1183 1775 1249 σώζει

220 1270 365 1335 σθαι,
394 1270 527 1325 ἀλλὰ
565 1274 658 1326 καὶ
688 1273 941 1338 ἀσεϐείας
974 1274 1190 1344 ἐνόχους
1220 1275 1508 1345 ἀποφαίνει
1542 1276 1686 1341 τοὺς,
1718 1274 1775 1329 εί

218 1378 364 1425 τινες
392 1362 662 1425 σώζεσθαι
695 1364 804 1418 τῶν
834 1366 1050 1434 φύσεων
1076 1367 1175 1436 τὴν
1215 1366 1488 1437 διαφοράν
1507 1367 1645 1437 μετὰ
1675 1366 1774 1437 τὴν

220 1454 412 1506 ἕνωσιν
470 1455 903 1523 δογματίζουσιν.
958 1456 1120 1511 Ἀλλὰ
1166 1458 1259 1510 καὶ
1317 1457 1556 1527 Σεϐἦρος
1614 1456 1775 1511 πάλιν

223 1541 488 1606 σώζεσθαι
522 1543 694 1610 λέγων
728 1544 825 1607 τὰς
855 1544 1136 1614 διαφορὰς,
1170 1545 1240 1599 τὰ
1288 1547 1585 1615 πράγματα
1612 1542 1693 1609 οἷς
1737 1548 1772 1614 ἡ

220 1634 451 1703 διαφορὰ
472 1636 854 1704 ἐπιθεωρεῖται
878 1636 940 1688 οὑ
971 1634 1322 1705 συνομολογεϊ
1353 1636 1635 1699 σώζεσθαι.
1668 1638 1776 1689 Καὶ

1868 567 1965 605 nec
2004 568 2224 622 usquam
2255 557 2546 625 quidquam
2586 556 2779 610 stabile
2807 565 2862 610 et
2893 554 3121 610 solidum
3162 554 3416 622 habeam,

1867 644 2110 711 aperiens
2154 646 2534 715 deciaransque
2576 660 2645 701 ex
2700 646 2912 700 illorum
2967 646 3321 711 absurditate,
3372 647 3416 701 si

1868 732 1933 785 ad
1964 732 2211 788 Ecclesia
2241 736 2493 789 unionem
2526 736 2817 804 respiciant
2845 735 3102 789 ostendit.
3135 733 3246 788 Hos
3275 736 3417 789 enim

1868 821 2133 889 producit,
2170 830 2229 874 ut
2282 831 2584 876 asserentes
2624 822 2951 877 diii‘erentias
3008 832 3126 891 post
3165 824 3418 878 unionem

1868 913 2093 975 servari,
2148 912 2225 964 uti
2280 912 2577 978 Severum;
2638 913 2759 969 illos
2811 926 2994 969 autem
3054 922 3111 966 ut
3167 922 3420 981 negantes

1871 1004 2097 1066 servari,
2139 1004 2213 1058 uti
2236 1002 2596 1068 Timotheum,
2622 1020 2742 1059 cum
2767 1007 2818 1058 in
2844 1005 2967 1059 aliis
2990 1004 3159 1073 ipsius
3184 1003 3421 1071 scriptis,

1872 1105 1984 1148 tum
2016 1096 2067 1148 in
2097 1095 2163 1150 iis
2193 1095 2387 1167 quibus
2420 1104 2662 1149 sanctum
2706 1095 2936 1150 Leonem
2974 1103 3266 1162 oppugnat.
3308 1092 3425 1161 ipse

1872 1200 2000 1240 vero
2034 1200 2137 1240 non
2170 1186 2339 1241 solum
2372 1186 2502 1240 dicit
2541 1200 2646 1239 non
2682 1185 2886 1240 servari
2934 1183 3287 1249 diﬂ‘erentias,
3329 1183 3423 1237 sed

1872 1278 2033 1330 etiam
2068 1277 2362 1345 impietatis
2392 1290 2512 1331 reos
2545 1277 2753 1345 peragit
2784 1276 2903 1330 illos
2932 1275 3241 1343 quicunque
3270 1271 3421 1327 diﬂ‘e—

1875 1368 2075 1421 rentias
2111 1378 2229 1435 post
2258 1367 2508 1421 unionem
2549 1368 2754 1420 servari
2792 1366 3006 1421 docent.
3048 1366 3153 1420 Sed
3197 1363 3428 1419 Severus

1873 1472 2058 1513 rursus
2110 1459 2234 1510 dum
2281 1457 2436 1512 docet
2483 1457 2815 1510 differentias
2844 1456 3073 1517 servari.
3110 1470 3199 1509 res
3246 1464 3426 1509 tamen

1875 1550 2069 1619 quibus
2112 1549 2411 1606 diﬂ‘erentia
2447 1552 2814 1620 cognoscitur,
2851 1558 3009 1620 negat
3052 1549 3279 1604 servari.
3317 1547 3429 1603 Nec

1875 1649 2187 1695 constanter
2218 1640 2319 1695 hoc
2351 1642 2548 1709 ubique
2580 1641 2736 1695 docet
2768 1657 2781 1693 :
2818 1639 3130 1693 inconstans
3172 1639 3339 1701 enim,
3375 1647 3430 1692 et

218 1724 278 1776 οὑ
317 1725 594 1794 πανταχοῦ
645 1725 961 1795 δογματίζει
1013 1725 1206 1780 τοῦτο’
1257 1728 1617 1798 παλίντροπος
1667 1728 1773 1799 γάρ
1809 1797 1836 1801 -
1879 1735 1880 1739 Ἴ

1765 1748 1773 1777 ι
1809 1797 1836 1801 _
1879 1732 2204 1787 Vertumnus
2234 1732 2430 1801 aliquis
2465 1741 2557 1786 aut
2590 1730 2813 1785 Proteus
2845 1730 3008 1784 estin
3047 1728 3183 1793 (ide;
3228 1727 3427 1782 etenim

220 1815 336 1866 ἐστι
364 1813 461 1884 τὴν
492 1816 673 1868 πίστιν
702 1816 799 1869 καὶ
849 1816 1227 1887 πολύμορφος⁹
1273 1821 1368 1871 καὶ
1396 1797 1503 1888 γάρ
1540 1819 1597 1871 ἐν
1635 1797 1773 1872 τισιν
1804 1797 1847 1852 Β
1876 1826 1882 1879 i

1771 1839 1773 1859 '
1804 1797 1847 1852 Β
1876 1826 1928 1879 in
1959 1825 2273 1893 quibusdam
2317 1797 2469 1878 libris
2514 1824 2798 1876 conﬁtetur
2829 1822 2970 1888 ipsas
3002 1821 3165 1873 etiam
3200 1832 3286 1872 res
3314 1833 3433 1872 ser-

222 1905 389 1957 αὑτοὺ
423 1904 469 1937 ⁸³
518 1905 697 1972 λόγοις
729 1908 824 1958 καὶ
874 1906 1013 1961 αὐτὰ
1042 1908 1339 1976 διομολογεί
1367 1909 1436 1960 τά
1476 1911 1774 1981 πράγματα

219 1994 506 2057 σώζεσθαι.
539 1996 723 2059 Οὕτως
753 1998 812 2050 οὑ
846 1998 980 2068 πρὸς
1008 1998 1270 2068 ἀλλήλους
1304 1999 1490 2068 μόνον,
1528 2000 1775 2057 ἀλλὰκαὶ

218 2088 357 2157 πρὸς
390 2089 618 2150 ἑαυτοὺς
668 2089 730 2143 τὸ
774 2090 1068 2158 ἀλλόφυλον
1098 2091 1198 2160 τῆς
1231 2091 1504 2152 εὑσεϐείας
1558 2093 1775 2147 στασιά-

217 2178 370 2242 ζουσι
402 2180 705 2250 σύνταγμα.
743 2182 834 2235 Ἐκ
863 2182 1052 2235 τούτου
1084 2183 1367 2253 παραινῶν
1400 2185 1525 2246 τοὺς
1558 2183 1775 2236 στασιά-

217 2272 409 2335 ζοντας
436 2272 512 2343 τῷ
534 2276 838 2343 φρονήματι
861 2276 955 2343 τῆς
979 2275 1257 2339 εὐσεϐείας
1286 2276 1631 2347 συνδραμεῖν,
1653 2279 1772 2330 κατ’

217 2365 519 2436 ὲπιδρὸμὴν
553 2366 753 2434 ἱστορεῖ
792 2368 1107 2437 Μαρκιανὸν
1139 2368 1236 2437 μὲν
1268 2368 1637 2437 συγκροτῆσαι
1674 2370 1773 2439 τὴν

220 2457 278 2507 ἐν
308 2456 614 2525 Καλχηδόνι
656 2458 891 2519 σύνοδον,
932 2461 1024 2511 καὶ
1049 2457 1125 2520 ὡς
1171 2458 1379 2511 ἐκείνου
1416 2460 1507 2511 τὸν
1554 2459 1665 2529 βίον
1697 2463 1774 2511 λι·-

216 2546 412 2608 πόντος
452 2546 601 2598 Λέων
631 2549 732 2616 μὲν
763 2547 999 2616 κατέστη
1030 2546 1136 2599 τῶν
1199 2549 1535 2616 πραγμάτων
1567 2546 1771 2617 κύριος,

216 2638 265 2688 σί
292 2636 351 2689 δὲ
391 2636 678 2704 Αἰγύπτιοι
706 2638 803 2706 τῆς
831 2639 981 2707 ίερᾶς
1019 2638 1525 2707 ἐπαναστρέψαντες
1556 2639 1771 2691 συνόδου

214 2728 466 2797 ταραχῆς
516 2728 837 2797 ἐπλήρωσαν
897 2729 995 2798 τὴν
1025 2728 1371 2797 οἰκουμένην,
1415 2729 1682 2791 δυσσεϐῶς
1718 2746 1774 2781 τε

217 2821 311 2871 καὶ
343 2820 741 2888 πεπλασμένως
766 2820 1098 2889 φημίσαντες
1122 2820 1197 2883 ὡς
1222 2823 1254 2888 ἡ
1280 2819 1489 2883 σύνοδος
1514 2822 1775 2892 Κύριλλον

218 2910 525 2965 ἁπεϐάλετο
546 2912 592 2942 ⁸⁸
620 2916 712 2963 καὶ
742 2912 1031 2981 Νεστόριον
1056 2912 1372 2978 ἀπεδέξατο.
1410 2907 1510 2965 Ὠν
1538 2914 1627 2966 τὸν
1655 2913 1774 2967 άλο-

220 3020 317 3069 γον
368 3005 397 3055 ό
441 3002 589 3055 Λέων
618 3003 996 3055 καταστέλλων
1032 3002 1289 3072 θόρυϐον,
1324 3002 1392 3055 τὰ
1440 3004 1775 3072 ψηφισθέντα

220 3096 278 3145 ἐν
316 3094 620 3162 Καλχηδόνι
645 3094 687 3123 ’⁵⁷
738 3094 831 3146 καὶ
868 3093 935 3146 τά
986 3093 1295 3164 πραχθέντα
1343 3094 1612 3163 πανταχοῦ
1662 3094 1775 3146 δια-

214 3183 442 3251 πέμψας
476 3182 575 3249 τῆς
629 3182 950 3252 οἰκουμένης
995 3183 1111 3249 μετ’
1156 3182 1451 3250 ἐγκυκλίων
1482 3184 1778 3237 κελεύσεων

214 3275 450 3327 ἕκαστον
500 3274 607 3325 τῶν
640 3272 940 3343 ἀρχιερέων
974 3273 1066 3325 καὶ
1094 3275 1303 3343 ίερέων,
1344 3274 1478 3327 ἀλλὰ
1531 3278 1623 3327 καὶ
1656 3279 1779 3339 τοὺς

213 3365 331 3417 ὅσοι
366 3364 426 3416 ἐν
483 3362 560 3433 τῷ
589 3363 854 3433 μοναδικῷ
899 3363 1195 3432 διέλαμπον
1226 3363 1359 3435 βίῳ,
1414 3366 1475 3417 τὸ
1529 3366 1779 3436 φρόνημα

216 3456 401 3509 αὑτῶν
419 3455 712 3526 ἐγγράφως
733 3454 1129 3524 ἀνομολογῆσαι
1157 3452 1452 3520 διετάξατο·
1475 3454 1503 3507 ὃ
1527 3458 1617 3507 καὶ
1646 3473 1780 3527 προ-

216 3548 412 3617 θύμως
446 3548 779 3618 πεπράκασι,
812 3546 921 3598 τῶν
959 3546 1257 3615 ἀρχιερέων
1286 3544 1379 3597 τοῦ
1426 3546 1657 3617 ἀριθμοῦ
1702 3548 1780 3611 είς

216 3636 537 3700 ἑξακοσίους
564 3638 654 3688 καὶ
682 3636 882 3704 χιλίους
912 3632 1039 3706 [880
1072 3633 1162 3705 8.]
1192 3636 1777 3702 συγκεφαλαιωθέντος,

220 3728 457 3799 μηδενὸς
488 3728 1084 3797 ἐτερογνωμονήσαντος
1111 3725 1247 3795 πλὴν
1264 3726 1609 3796 Ἀμφιλοχεου
1626 3727 1718 3780 τοῦ
1738 3728 1780 3758 η

219 3816 485 3886 Σίδης,ὃς
519 3815 635 3885 μετ’
658 3818 718 3868 οὑ
752 3815 889 3869 πολὺ
921 3820 1014 3869 καὶ
1040 3818 1197 3879 αὐτὸς
1226 3818 1293 3869 δι’
1320 3819 1638 3889 ὑπογραφῆς
1668 3837 1785 3873 συν-

212 3906 491 3975 εφώνησε.
524 3904 659 3958 Μεθ’
714 3898 790 3958 ὧν
840 3907 934 3958 καὶ
976 3908 1004 3959 ό
1034 3906 1205 3975 μέγας
1254 3907 1498 3979 Συμεὼν,
1545 3910 1573 3962 ὁ
1610 3912 1667 3963 ὲν
1706 3910 1785 3981 τῷ

219 3998 407 4067 στύλῳ
437 3995 528 4050 τὸν
556 3998 844 4064 άγγελικδν
877 3999 1085 4049 ἐκεῖνον
1113 3997 1227 4067 βίον
1260 3999 1666 4070 διανυσάμενος,
1691 4004 1785 4057 καὶ.

215 4088 557 4160 Βαράδατος,
585 4087 678 4139 καὶ
699 4087 846 4139 ἄλλοι
874 4089 965 4140 τὸν
987 4088 1145 4140 αὑτὸν
1166 4087 1372 4158 βαθμὸν
1394 4090 1493 4159 τῆς
1515 4092 1785 4155 πολιτείας

216 4181 552 4248 φθάσαντες.
580 4180 769 4235 Ταῦτα
807 4176 1117 4249 διαδραμὼν
1164 4181 1257 4230 καὶ
1288 4179 1509 4243 δικαίως
1548 4182 1784 4252 Σεϐἧρον

211 4272 296 4343 τῷ
351 4272 654 4342 ὰναθέματι
714 4270 1179 4342 παραπεμφθῆναι
1233 4276 1719 4345 παραστησάμενος
1738 4273 1784 4306 δ’

212 4367 297 4427 είς
328 4363 487 4425 τέλος
514 4362 774 4415 διέστειλε
805 4363 904 4433 τὴν
936 4361 1189 4426 διάλεξιν.

1872 1914 2009 1967 vari.
2039 1916 2186 1968 Adeo
2217 1929 2321 1967 non
2356 1914 2527 1967 solum
2563 1914 2703 1966 inter
2734 1927 2792 1965 se
2832 1911 2954 1978 ipsi,
2991 1910 3083 1963 sed
3122 1922 3294 1977 neque
3328 1906 3430 1961 sibi

1874 2006 1985 2075 ipse
2009 2006 2285 2075 quisquam
2302 2014 2552 2060 constans
2577 2004 2764 2072 dogma
2792 2001 3202 2072 Babylonicum,
3238 2012 3431 2066 nempe

1872 2105 1927 2151 et
1969 2109 1999 2149 a
2048 2110 2173 2149 vera
2220 2094 2419 2163 pietate
2477 2093 2710 2146 alienum
2761 2092 2980 2145 cudunt.
3023 2088 3156 2143 Hinc
3196 2087 3429 2160 [sumpta

1871 2186 2175 2259 occasione]
2240 2188 2479 2241 hortatus
2537 2186 2894 2249 dissidentes,
2954 2191 3013 2236 ut
3066 2182 3119 2235 in
3178 2178 3434 2234 Ecclesia

1871 2280 2186 2335 sententiam
2229 2278 2576 2339 descendant,
2613 2274 2811 2329 cursim
2865 2281 3049 2327 narrat
3090 2287 3118 2324 a
3156 2269 3438 2324 Marciano.

1869 2372 2361 2427 Chalcedoneusem
2395 2368 2656 2439 synodum
2688 2376 2927 2421 coactam
2954 2382 2969 2427 ;
3000 2362 3259 2427 Leonem,
3292 2359 3431 2413 Mar-

1872 2465 2029 2517 ciano
2059 2473 2288 2525 mortuo,
2319 2458 2597 2515 snli‘ectttm
2634 2472 2854 2511 summat:
2890 2470 3069 2510 rermn
3104 2452 3383 2521 praefuisse
3411 2467 3427 2504 :

1872 2553 2152 2624 .‘Egyptios
2181 2550 2464 2609 concilium
2501 2559 2743 2604 evertere
2777 2555 2998 2601 conatos
3030 2546 3217 2598 orbem
3258 2550 3427 2596 totum

1875 2642 2187 2697 tumultibus
2224 2640 2495 2708 implesse,
2530 2638 2688 2706 impie
2724 2638 2948 2705 licteque
2992 2648 3235 2686 rumores
3275 2647 3430 2699 spar-

1872 2729 2027 2791 sisse,
2057 2728 2308 2798 Cyrillum
2338 2742 2365 2780 a
2394 2726 2597 2796 synodo
2622 2725 2952 2787 damnatum,
2984 2721 3289 2775 Nestoriqu
3342 2736 3426 2773 re-

1874 2833 2083 2887 ceptum
2122 2819 2304 2874 fuisse.
2340 2817 2576 2885 Quorum
2623 2814 2841 2888 [inquit]
2897 2816 3141 2868 insanum
3193 2816 3425 2868 furorem

1876 2910 2172 2979 reprimens
2239 2907 2345 2962 Leo
2416 2906 2628 2960 decreta
2693 2903 2904 2959 concilii
2972 2900 3429 2955 Chalcedonensis

1877 3010 2103 3068 actaque
2148 3013 2267 3053 cum
2310 2993 2598 3063 cucyclicis
2648 3008 2742 3048 seu
2786 2990 3137 3045 circuiaribus
3168 2991 3430 3043 mandatis

1880 3106 1972 3159 per
2021 3099 2188 3141 totum
2235 3088 2420 3141 orbem
2471 3085 2637 3147 misit,
2686 3082 3017 3152 singulisque
3069 3081 3335 3148 episcOpis
3375 3090 3429 3133 et

1881 3179 2223 3251 presbyteris,
2261 3194 2359 3231 nec
2399 3192 2505 3231 non
2549 3176 2614 3229 iis
2649 3175 2738 3244 qui
2783 3175 2832 3227 in
2875 3173 3117 3240 religiosa
3155 3180 3209 3223 et
3248 3168 3429 3251 isona-

1880 3272 2011 3327 stica
2038 3240 2167 3323 vvita
2216 3268 2453 3323 celebres
2502 3267 2839 3319 habebantur
2886 3264 3157 3331 praecepit,
3193 3261 3267 3314 uti
3308 3240 3430 3314 sen-

1882 3361 2100 3415 tentiam
2129 3373 2279 3415 suam
2322 3358 2521 3427 scripto
2554 3354 2960 3426 proﬁterentur.
2988 3352 3137 3418 Quo‘d
3169 3353 3426 3418 episcopi,

1879 3466 2102 3506 numero
2133 3450 2277 3503 mille
2304 3448 2564 3513 sexcenti,
2590 3457 2831 3515 prompte
2858 3460 2989 3499 sane
3015 3443 3255 3499 exsecuti
3282 3451 3427 3502 sunt,

1880 3548 2095 3600 nemine
2127 3544 2215 3613 qui
2255 3543 2411 3597 aliter
2448 3542 2672 3597 sentiret
2710 3539 3043 3608 deprehenso
3076 3548 3268 3607 praeter
3299 3537 3430 3589 Αηιυ

1882 3637 2207 3707 philochium
2259 3636 2399 3688 Sida:
2449 3632 2785 3700 pontiﬁcem,
2836 3630 2925 3699 qui
2985 3639 3162 3681 tamen
3218 3635 3272 3679 et
3324 3626 3433 3691 ipse

1882 3728 2037 3799 paulo
2084 3737 2203 3797 post
2248 3724 2463 3781 concilii
2515 3723 2792 3778 sententia:
2841 3718 3162 3788 subscripsit
3206 3730 3432 3770 consen-

1883 3823 2077 3887 sitque.
2108 3820 2153 3873 Α
2198 3820 2393 3889 quibus
2427 3818 2574 3871 stetit
2607 3824 2660 3869 et
2697 3814 2917 3868 Simeon
2959 3811 3049 3880 qui
3096 3810 3147 3862 in
3188 3808 3433 3861 columna

1883 3914 2117 3969 coalitum
2180 3912 2339 3964 vitam
2395 3907 2746 3963 aemulabatur
2799 3902 3042 3975 [Simeon
3097 3896 3436 3969 styiita].,et

1883 4002 2197 4065 Baradalus,
2232 3999 2428 4068 aliique
2456 4002 2701 4051 eamdem
2730 3992 2941 4047 vivendi
2983 3990 3250 4043 rationem
3290 4002 3436 4041 secu-

1887 4097 1944 4150 ti.
1975 4094 2068 4148 llis
2094 4091 2337 4146 oratione
2363 4086 2629 4151 decursis,
2653 4099 2775 4141 cum
2804 4082 2997 4153 283!)
3024 4080 3284 4135 Severum
3316 4094 3435 4131 ana-

1886 4190 2123 4243 themate
2171 4183 2533 4256 proscriptum
2571 4178 2818 4244 dixisset,
2860 4173 3281 4245 disputatioucm
3332 4169 3437 4224 line

1884 4277 2173 4336 concludit.

286 4455 408 4508 Καὶ
442 4455 471 4506 ό
503 4452 700 4522 ἑφεξῆς
726 4452 785 4506 δὲ
826 4452 979 4521 λόγος
1010 4452 1460 4524 προδιαϐάλλεται
1482 4456 1527 4487 ⁵⁸
1559 4458 1657 4526 μὲν
1684 4458 1780 4527 τὴν
1812 4472 1856 4529 ι)

1770 4476 1780 4507 ι
1812 4472 1856 4529 ι)
1954 4456 2194 4524 Sequens
2219 4448 2390 4506 oratio
2416 4447 2657 4503 eamdem
2675 4442 2890 4515 pmi‘ert
2912 4438 3341 4508 inscriptionem,
3378 4443 3432 4489 et

214 4547 397 4617 αὐτὴν
418 4548 748 4617 ἐπιγραφὴν,
764 4546 1082 4617 παραίνεσιν
1104 4548 1161 4600 δὲ
1189 4549 1325 4618 πρὸς
1343 4552 1469 4616 τοὺς
1489 4550 1782 4615 διεστῶτας

212 4639 316 4709 τῆς
352 4637 680 4707 Ἐκκλησίας
706 4640 1025 4707 είσηγεῖται,
1042 4640 1105 4693 ὲκ
1119 4642 1217 4711 τῆς
1239 4641 1371 4709 πρὸς
1393 4641 1653 4712 ἀλλήλους
1674 4645 1781 4697 τῶν

214 4728 613 4799 αἱρετιξόντων
642 4728 919 4782 κάνταῦθα
952 4730 1129 4800 μάχης
1158 4747 1216 4784 τε
1242 4732 1336 4783 καὶ
1367 4732 1626 4804 διαφορᾶς
1660 4750 1779 4786 συνο

216 4820 355 4872 ιδεῖν
375 4817 441 4869 τὸ
470 4818 567 4886 τῆς
599 4815 919 4887 Ἐκκλησίας
944 4819 1099 4890 ὀρθὸν
1122 4820 1371 4890 φρόνημα
1424 4823 1777 4893 παρακαλῶν.

216 4912 389 4979 Λέγει
418 4910 479 4962 δὲ
524 4910 620 4963 καὶ
647 4910 767 4963 ὅθεν
788 4912 1101 4981 κατετμήθη
1151 4914 1232 4975 εἰς
1264 4914 1460 4984 μυρίας
1492 4916 1779 4985 διαιρέσεις

216 5004 316 5057 καὶ
360 5002 537 5071 τομὰς
571 5004 604 5071 ἠ
664 5003 909 5072 αξρετικὴ
955 5002 1098 5067 δόξα.
1138 5004 1500 5075 Ἐπερωτῶσα
1554 5007 1661 5077 γὰρ
1711 5008 1779 5061 τά

214 5092 392 5145 τέκνα
424 5091 528 5160 τῆς
580 5089 925 5161 Ἐκκλησίας,
958 5093 1024 5156 εί,
1057 5092 1304 5164 καθάπερ
1350 5094 1441 5147 δύο
1467 5096 1565 5158 τὰς
1592 5096 1779 5166 φύσεις

214 5183 502 5250 λέγουσιν,
523 5178 665 5234 οὕτω
688 5182 784 5235 καὶ
808 5182 907 5246 τὰς
932 5183 1254 5248 ὑποστάσεις
1275 5185 1452 5253 λέγειν
1478 5187 1777 5257 ἀνέχονται,

214 5275 318 5325 καὶ
350 5271 480 5324 ἐπεὶ
518 5270 648 5340 μίαν
674 5271 921 5339 λέγωσιν
946 5274 1038 5326 ἐπὶ
1060 5273 1295 5344 Χριστοῦ
1336 5275 1435 5347 τὴν
1467 5277 1779 5343 ὑπόστασιν,

216 5361 334 5436 ἆρα
362 5363 463 5416 καὶ
494 5364 625 5433 μίαν
652 5361 816 5433 φύσιν
842 5364 929 5418 ἐπ’
966 5365 1129 5419 αὑτοῦ
1169 5367 1574 5437 δογματίζουσι,
1614 5369 1784 5422 ταῦτα

1886 4546 2314 4604 adhortationem
2346 4540 2412 4595 ad
2430 4554 2524 4595 eos
2542 4538 2797 4597 continet.
2812 4533 2900 4603 qui
2927 4533 2994 4585 ab
3024 4530 3262 4584 Ecclesia
3280 4528 3437 4581 dissi-

1882 4642 2095 4702 debant,
2130 4652 2233 4706 qua
2254 4642 2455 4697 mouet,
2486 4638 2541 4683 ut
2562 4643 2687 4683 suas
2706 4627 2844 4681 inter
2863 4640 2920 4678 se
2937 4636 3159 4692 pugnas,
3190 4632 3436 4672 suorum-

1883 4749 1985 4802 que
2010 4726 2369 4784 dissensiones
2399 4720 2789 4780 hareticorum,
2823 4730 2943 4770 cum
2990 4712 3241 4765 Ecclesia:
3286 4718 3434 4761 recto

1884 4836 2144 4879 consensu
2159 4818 2443 4887 respiciant
2462 4804 3159 4880 componantqueﬂstendit
3178 4812 3438 4870 prmierea

1882 4913 2021 4968 unde
2043 4883 2330 4963 factumsit
2350 4914 2407 4957 ut
2424 4902 2663 4971 Opinatio
2680 4897 2927 4953 haeretica
2950 4897 2999 4947 in
3026 4893 3263 4946 inliuiias
3286 4883 3437 4957 quasi

1886 5013 2058 5059 sectas
2085 5008 2139 5055 et
2168 4995 2461 5053 sententias
2489 4992 2745 5047 distracta
2790 5002 2843 5042 et
2885 4986 3087 5041 divulsa
3137 4986 3227 5038 sit.
3272 4984 3441 5036 inter-

1887 5109 2079 5161 rogans
2113 5091 2255 5145 enim
2290 5083 2555 5159 [haeresis]
2588 5082 2848 5137 Ecclesia:
2884 5079 3020 5134 illios
3058 5093 3148 5141 an,
3181 5076 3437 5144 quemad-

1888 5186 2101 5240 modum
2142 5183 2274 5235 duas
2319 5178 2396 5250 [in
2426 5171 2668 5245 Christo]
2718 5182 2938 5225 naturas
2988 5176 3259 5232 asserunt,
3293 5179 3439 5218 asse-

1888 5286 2010 5333 rant
2036 5274 2283 5329 similiter
2309 5280 2363 5323 et
2389 5269 2521 5323 duas
2561 5278 2847 5334 personas,
2877 5270 2932 5315 et
2963 5275 3085 5315 cum
3117 5258 3442 5326 respondent

1890 5378 2051 5421 unam
2076 5374 2195 5417 esse
2224 5360 2275 5413 in
2308 5356 2523 5412 Christo
2561 5352 2898 5423 hypostasin,
2950 5347 3144 5419 quaerit
3178 5361 3244 5401 an
3279 5347 3423 5399 ctian

1521 5565 1750 5621 VARUS
1786 5556 2176 5619 LECTIONES.

296 5704 348 5734 “
370 5696 609 5753 ἀποκαλ.
651 5716 711 5762 ς.
786 5698 830 5729 ⁸³
863 5698 1009 5769 αὑτῷ
1039 5717 1096 5764 ς.

1156 5699 1219 5763 ,⁸⁸
1254 5699 1586 5753 ἀπεϐάλλετο
1618 5716 1675 5761 ς.
1754 5698 1795 5727 ⁸⁷
1837 5695 2007 5749 Χαλκ.
2038 5694 2101 5746 Α.

2202 5690 2246 5719 ⁸⁸
2277 5686 2370 5740 τοῦ
2408 5686 2445 5739 Α
2484 5702 2495 5737 :
2528 5684 2620 5751 τῆς
2656 5702 2713 5746 ς.
2790 5682 2832 5711 δ’
2866 5679 3349 5752 παραστησάμενος
3371 5707 3436 5718 ~-

225 5770 501 5826 διέστειλε
534 5769 576 5823 Α
605 5785 618 5821 ³
653 5754 1421 5838 ἇυπησάμεθος”-’διέστησε
1450 5786 1509 5833 ς.
1582 5754 2131 5839 ’θ’πιραδιχϐἁλλεται
2167 5776 2227 5825 ς,
2281 5756 2459 5812 ntalim
2488 5754 2872 5824 :pob’diiatat.
