4208 6442
776 378 910 441 1079

1847 384 2103 443 PHUTII
2136 386 2634 445 PATRIARCHE
2667 389 2773 447 CP.

3850 392 4004 457 1080

773 492 1016 543 asserant
1054 501 1210 539 unam
1256 489 1544 541 naturam?
1584 490 1690 545 Sed
1733 492 1865 545 nihil
1910 494 2098 548 horum
2146 496 2329 549 liacte-
2362 499 2407 555 Δ

2362 499 2407 555 Δ
2437 500 2764 570 ὲπερωτῶσα
2786 500 2827 531 ⁸¹
2864 500 2894 568 ἡ
2931 499 3138 567 αἵρεσις
3168 491 3242 552 ὧν
3275 499 3370 567 μὲν
3399 497 3629 567 ἐζήτησε
3655 499 3698 530 ³⁸
3739 500 3874 563 τέως
3897 505 4007 553 οὐ-

775 594 877 634 nus
922 593 1155 645 unquam
1204 594 1323 645 quae
1376 582 1596 635 haeresis
1639 586 1907 651 quaasivit,
1943 586 2009 639 ab
2056 586 2331 657 [Ecclesiae

776 665 921 736 liliis]
956 667 1179 721 audivit.
1217 665 1463 723 Vicissim
1500 679 1678 724 autem
1710 680 1765 725 et
1794 672 1862 727 ab
1896 672 2131 728 Ecclesia
2170 676 2330 729 inter-

779 768 996 828 rogatur
1034 758 1276 821 lueresis,
1307 774 1405 813 cur
1439 760 1490 813 id
1524 765 1770 829 quaerat?
1799 778 1865 817 an
1896 768 2034 833 quod
2064 766 2336 819 existimet

777 860 1022 905 naturam
1051 858 1103 903 et
1134 864 1416 917 personam
1446 866 1566 906 esse
1596 853 1757 914 idem,
1784 865 1837 908 et
1867 866 2149 923 propterea
2183 867 2335 925 putet

775 955 869 994 ens
922 941 1011 1008 qui
1068 951 1316 994 asseram
1371 942 1504 996 duas
1563 955 1817 1007 naturas,
1870 948 2031 999 etiam
2090 962 2336 1003 asserere

776 1034 908 1085 duas
943 1030 1240 1097 personas?
1277 1031 1384 1084 Aut
1417 1040 1624 1096 contra,
1662 1035 1751 1101 qui
1796 1050 1954 1088 unam
1983 1036 2334 1104 proﬁteantur

778 1137 1086 1187 personam,
1122 1124 1284 1176 etiam
1331 1139 1491 1177 unam
1539 1126 1778 1195 proﬁteri
1832 1138 2079 1181 naturam
2114 1128 2338 1183 censet?

779 1213 915 1269 llinc
948 1222 1077 1267 nato
1113 1216 1478 1269 contentionis
1511 1218 1681 1283 initio,
1722 1218 1915 1273 bellum
1951 1218 2076 1272 illud
2124 1219 2336 1274 ltzereti-

779 1320 963 1357 rorum
998 1307 1138 1361 inter
1179 1320 1238 1359 se
1285 1308 1698 1377 digladiantium
1746 1311 2024 1379 multiplex
2057 1321 2111 1365 et
2150 1312 2339 1381 impla—

779 1395 951 1449 cabile
996 1398 1226 1462 exstitit,
1290 1398 1504 1454 idemne
1553 1402 1625 1455 sit
1680 1412 1870 1454 natura
1912 1412 1964 1455 et
2011 1402 2336 1472 hypostasis.

782 1487 994 1541 Etenim
1018 1489 1061 1543 si
1093 1490 1321 1544 dicimus
1350 1507 1508 1544 unam
1551 1494 1601 1545 in
1632 1493 1896 1547 Trinitate
1931 1502 2174 1547 naturam
2200 1510 2339 1559 esse,

781 1580 1089 1633 necessario
1121 1581 1404 1635 dicendum
1446 1585 1579 1650 erit;,
1610 1599 1769 1637 unam
1806 1600 2017 1653 quoque
2071 1600 2190 1641 esse
2240 1587 2342 1656 hy-

781 1671 1039 1732 postasin.
1095 1671 1203 1725 Aut
1249 1674 1293 1727 si
1337 1682 1448 1727 tres
1503 1675 1820 1745 hypostases
1848 1719 1863 1740 ,
1909 1686 2099 1730 natura
2131 1693 2343 1748 quoque

785 1761 836 1811 in
867 1769 977 1814 tres
1005 1761 1111 1813 erit
1138 1762 1421 1829 partienda
1455 1772 1695 1816 naturas.
1730 1762 1862 1818 Hinc
1893 1767 2185 1819 c0mmenti
2218 1776 2343 1819 sunt

2429 592 2516 642 ὁὲν
2547 592 2734 644 ἀκούει
2782 590 3042 662 [46411.],
3093 593 3538 661 ἀντεπερωτᾶται
3591 591 3648 643 δὲ
3693 591 3845 661 παρὰ
3892 593 4006 660 τῆς

2444 682 2762 752 Ἐκκλησίας
2786 684 2838 735 τί
2871 684 3068 753 δήποτε
3095 682 3265 736 ταῦτα
3286 684 3482 753 ὲρωτᾷῦ
3519 679 3628 753 ἆρα
3660 682 3768 753 γὰρ
3797 685 4007 737 ταὺτὺν

2430 776 2641 841 ἡγεῖται
2677 775 2836 840 φύσιν
2858 776 2949 826 καὶ
2972 775 3289 836 ὑπόστασιν,
3324 774 3416 826 καὶ
3450 774 3539 826 διὰ
3570 775 3726 826 τοῦτο
3754 777 3880 836 τοὺς
3904 775 4009 827 δύο

2431 864 2684 931 λέγοντας
2716 864 2901 931 φύσεις
2932 865 3139 935 νομίζει
3191 864 3285 917 δύο
3333 864 3426 917 καὶ
3461 866 3790 926 ὑποστάσεις
3841 866 4005 928 δοξα-

2432 955 2564 1019 ζειν,
2592 955 2628 1023 ᾕ
2659 954 2924 1007 ἀνάπαλιν
2957 954 3081 1016 τοὺς
3115 954 3243 1023 μίαν
3280 955 3577 1006 ὑπόστασιν
3606 955 3867 1020 λέγοντας
3907 956 4006 1005 καὶ

2435 1044 2563 1114 μίαν
2596 1044 2755 1112 φύσιν
2788 1044 3158 1113 συνομολογεῖν
3182 1045 3427 1113 νομίζεις
3472 1045 3668 1113 Ἀρχὴν
3695 1040 3789 1095 οὖν
3811 1044 4005 1095 τοιαύ-

2432 1154 2531 1205 την
2564 1137 2664 1205 τῆς
2721 1137 2983 1205 κινήσεως
3024 1135 3315 1204 λαϐούσης,
3363 1136 3458 1187 καὶ
3509 1136 3537 1186 6
3572 1136 3738 1196 πολὺς
3795 1137 4006 1196 ἐκεῖνος

2435 1229 2528 1279 καὶ
2556 1227 2812 1284 ἄσπονδος
2840 1227 2946 1278 τῶν
2970 1225 3349 1296 αἱρετιζόντων
3369 1227 3424 1278 ὲν
3449 1226 3658 1287 ἑαυτοῖς
3687 1226 4002 1296 συνεῤῥὰγη

2438 1318 2689 1385 πόλεμος,
2722 1319 2769 1368 εί
2792 1315 2987 1367 ταύτὸν
3008 1316 3166 1383 φύσις
3199 1316 3291 1369 καὶ
3314 1315 3629 1377 ὑπόστασις,
3658 1317 3782 1367 ἐπεὶ
3804 1317 3852 1347 ⁸³
3878 1317 4008 1383 μίαν

2439 1414 2598 1481 φύσιν
2627 1415 2717 1465 ἐπὶ
2743 1413 2841 1481 τῆς
2885 1411 3114 1479 Τριάδος
3151 1412 3349 1480 φαμὲν,
3390 1410 3483 1462 καὶ
3539 1410 3666 1478 μίαν
3717 1408 3999 1476 ὀμολογεῖι

2438 1503 2651 1572 ἀνάγκη
2679 1502 2777 1573 τὴν
2799 1502 3173 1571 ὑπόστασιν,ῆ
3203 1502 3324 1553 ἐπεὶ
3345 1500 3442 1561 τὰς
3472 1500 3800 1559 ὑποστάσεις
3830 1504 3983 1566 τρεῖς

2440 1595 2533 1646 κα)⁹
2558 1596 2591 1663 ἡ
2630 1594 2790 1661 φύσις
2816 1596 2892 1655 εἰς
2914 1597 3061 1662 τρεῖς
3088 1592 3423 1663 διαιρείσθω.
3454 1592 3717 1644 Κάκεῖθεν
3749 1590 3878 1643 ἄλλο
3912 1590 4011 1658 μὲν

2444 1686 2729 1752 σημαίνειν
2754 1684 2850 1753 τὴν
2880 1683 3061 1751 φύσιν,
3111 1683 3239 1738 ἄλλο
3268 1683 3324 1735 δὲ
3375 1683 3659 1752 σημαίνειν
3693 1683 3792 1751 τὴν
3822 1682 4012 1733 οὑσίαν

2442 1775 2772 1838 ἀνέπλασαν,
2802 1776 2894 1827 καὶ
2928 1777 3026 1844 τὴν
3060 1775 3220 1843 φύσιν
3268 1774 3427 1828 πάλιν
3461 1776 3540 1835 είς
3592 1774 3816 1843 γενικὴν
3847 1772 4014 1840 φύσιν

782 1851 925 1905 aliud
967 1866 1084 1907 esse
1131 1863 1402 1918 naturam,
1448 1864 1503 1909 et
1550 1855 1693 1907 aliud
1739 1855 2047 1908 essentiam.
2083 1855 2340 1910 Naturam
2373 1832 2412 1886 Β

2373 1832 2412 1886 Β
2444 1868 2536 1918 καὶ
2586 1832 2770 1927 ῖδικὰς
2807 1832 2997 1934 φύσεις
3028 1832 3417 1935 κατεμέρισαν.
3455 1832 3565 1919 Kal
3596 1832 3731 1934 πρὸς
3922 1863 4010 1917 τὸν

784 1958 996 1997 rursum
1033 1945 1329 1999 diviserunt
1372 1947 1423 1999 in
1472 1945 1779 2014 generalem
1826 1953 1880 1998 et
1917 1947 2216 2014 singulares
2248 1962 2345 2001 na-

786 2048 954 2090 turas.
984 2033 1051 2088 Et
1079 2050 1200 2089 cum
1235 2037 1299 2089 ad
1336 2035 1579 2105 Sergium
1611 2037 1801 2090 scribit
1834 2034 2067 2091 Severus
2096 2057 2109 2092 :
2147 2038 2345 2105 Unam,

788 2124 1315 2192 inquit,.essentiam
1389 2124 1650 2181 Christum
1700 2145 1811 2183 esse
1866 2131 2100 2184 volumus
2141 2134 2345 2197 dicere,

790 2232 851 2267 ne
920 2219 1340 2270 concurrentium
1404 2220 1755 2287 differentiam
1817 2222 2139 2290 auferamus.
2206 2223 2347 2278 Nam

786 2307 863 2360 vel
929 2324 1035 2363 una
1086 2310 1245 2363 semel
1291 2324 1415 2363 nata
1469 2316 1688 2366 essentia
1740 2324 1831 2366 aut
1864 2316 2019 2368 etiam
2070 2316 2345 2385 qualitate,

784 2401 1044 2467 quomodo
1096 2403 1285 2453 mansit
1346 2412 1676 2470 naturarum,
1717 2421 1780 2457 ea:
1830 2407 2015 2475 quibus
2074 2424 2207 2459 unus
2258 2424 2347 2461 ea:-

787 2493 928 2544 sistit
972 2492 1232 2555 Christus,
1273 2495 1556 2547 secundum
1601 2498 1881 2549 essentiam
1918 2498 2257 2566 differentia?
2294 2498 2351 2554 Si

788 2585 923 2636 enim
957 2602 1063 2637 una
1102 2586 1333 2653 qualitas
1385 2597 1458 2639 est
1511 2598 1558 2639 et
1600 2590 1846 2651 essentia,
1885 2590 2081 2657 frustra
2114 2592 2350 2657 deinceps

788 2678 933 2746 ponit
986 2679 1355 2745 diﬁerenliam.
1414 2680 1479 2733 Et
1533 2696 1685 2743 sane,
1736 2680 1929 2749 quibus
1988 2681 2355 2737 fundamentis

794 2768 950 2819 nixus
995 2782 1152 2819 unam
1203 2781 1447 2821 asserere
1494 2771 1788 2822 essentiam
1844 2770 2076 2826 Severus
2118 2781 2350 2834 recusat,

794 2856 982 2908 iisdem
1030 2856 1114 2909 vel
1168 2857 1368 2912 invitus
1421 2873 1620 2927 negare
1674 2862 1889 2930 cogitur
1930 2878 2089 2915 unam
2136 2879 2252 2916 csse
2300 2864 2350 2914 in

792 2946 1009 3000 tiliristo
1060 2959 1330 3001 naturam.
1382 2949 1632 3003 Nonnulli
1684 2968 1845 3020 porro
1887 2969 1950 3007 ex
1996 2955 2351 3021 impudentio-

800 3038 966 3098 i-ibus,
1000 3050 1297 3105 maturam,
1338 3054 1643 3108 personam,
1698 3045 1984 3096 essentiam
2041 3046 2179 3098 idem
2236 3060 2355 3099 esse

2445 1959 2831 2025 γραμματικὸν
2888 1958 3111 2026 Σέργιον
3168 1960 3196 2010 6
3246 1958 3483 2028 Σεόἧρος
3540 1959 3793 2026 γράφων·
3855 1958 4016 2010 Μίαν

2446 2048 2681 2107 οὐσίαν,
2712 2048 2896 2116 φησὶν,
2921 2047 3110 2099 ειπεῖν
3137 2047 3243 2100 τὸν
3272 2048 3527 2114 Χριστὸν
3555 2048 3927 2114 ἐϐουλόμεθα
3946 2047 4014 2107 ⁵“,

2446 2138 2547 2189 ἵνα
2577 2137 2694 2189 τῶν
2729 2141 3148 2191 συνελθόντων
3169 2137 3282 2205 τὴν
3324 2138 3614 2206 διαφορὰν
3651 2138 3735 2207 μὴ
3791 2137 4017 2192 ἀνέλω-

2444 2248 2575 2299 μεν.
2609 2229 2757 2296 Μιᾶς
2803 2231 2911 2299 γὰρ
2961 2230 3233 2294 καθάπαξ
3264 2229 3665 2299 γεγενημένης
3708 2231 3927 2295 οὐσίας
3977 2229 4017 2295 ἢ

2450 2319 2546 2373 καὶ
2575 2323 2909 2385 ποιότητος.
2943 2320 3066 2386 πῶς
3092 2322 3175 2373 ἐτι
3194 2320 3490 2388 μεμένηκε
3513 2318 3631 2371 τῶν
3652 2320 3919 2387 φύσεων,
3948 2318 4018 2379 ἐξ

2449 2406 2534 2465 ὧν
2559 2408 2645 2477 εἷς
2665 2415 2695 2465 ό
2730 2412 3001 2479 Χριστὸς,
3040 2413 3077 2479 ἠ
3108 2414 3233 2464 κατ’
3264 2414 3480 2465 οὐσίαν
3503 2410 3794 2479 διαφορίὶ;
3828 2414 3881 2463 εὶ
3911 2409 4019 2476 γὰρ

2446 2505 2553 2572 μία
2588 2506 2829 2569 ποιότης
2862 2504 2955 2555 καὶ
2988 2503 3186 2565 οὐσία,
3218 2502 3290 2554 τὰ
3339 2501 3444 2567 τῆς
3480 2501 3764 2570 διαφορᾶς
3804 2505 4023 2555 λοιπὸν

2452 2592 2681 2661 φροῦδα
2708 2594 3054 2658 καθέστηκε.
3079 2592 3269 2644 Καίτοι
3294 2610 3354 2659 γε
3379 2593 3437 2654 ἐξ
3460 2587 3532 2644 ὧν
3556 2594 3652 2660 τὴν
3684 2595 3813 2660 μίαν
3836 2595 4020 2646 οὐσίαν

2454 2684 2627 2735 εἰπεῖν
2655 2685 2682 2733 ὁ
2706 2681 2939 2750 Σεϐἧρος
2969 2683 3332 2750 παραιτεῖται,
3372 2683 3434 2731 ὲκ
3468 2680 3573 2731 τῶν
3605 2681 3783 2731 αὐτῶν
3834 2682 3929 2733 καὶ
3962 2681 4023 2733 τὸ

2459 2774 2585 2839 μίαν
2639 2771 2811 2837 λέγειν
2848 2770 3007 2836 φύσιν
3058 2772 3147 2821 ἐπὶ
3182 2769 3439 2837 Χριστοῦ,
3475 2771 3575 2821 κᾶν
3612 2770 3683 2838 μὴ
3751 2769 4020 2838 βούλοιτο,

2458 2862 2827 2933 παρῃτήσατο.
2860 2862 3013 2925 Τινὲς
3042 2862 3096 2913 δὲ
3130 2860 3237 2913 τῶν
3287 2860 3819 2928 ἁπηρυθριασμένως
3844 2862 3890 2891 ⁵⁵
3924 2859 4017 2927 φύ-

2460 2974 2542 3007 σιν
2574 2958 2664 3008 καὶ
2701 2956 2998 3007 ὑπόστασιν
3037 2954 3129 3005 καὶ
3160 2954 3346 3005 οὑσὶαν
3392 2952 3586 3003 ταὺτὸν
3637 2952 3809 3003 εἰπεῖν
3866 2952 4023 3003 ἐκδε-

2459 3048 2703 3115 ξαμένων
2734 3048 2779 3078 ⁸³
2814 3048 2905 3099 καὶ
2938 3047 3027 3097 ἐπὶ
3059 3045 3156 3112 τῆς
3192 3043 3350 3107 ἁγίας
3383 3043 3614 3113 Τριὰδος
3643 3045 3791 3114 τρεῖς
3836 3042 4025 3103 οὑσίας

797 3128 1163 3192 ;ι.Ιιηίιῑοηιθς,
1222 3146 1326 3183 non
1382 3133 1708 3185 horruerunt
1766 3131 2033 3186 aliirmare
2085 3138 2249 3187 etiam
2303 3138 2459 3219 inC‘

2380 3158 2422 3219 ρ
2457 3138 2633 3205 λέγειν
2661 3139 2758 3189 οὑκ
2787 3135 3109 3205 ἔφριξαν,δι⁹
3138 3132 3211 3186 ὧν
3239 3133 3405 3185 καὶτὸ
3436 3135 3578 3202 τρεῖς
3608 3133 3759 3193 θεοὺς
3791 3133 3883 3183 καὶ
3903 3133 4025 3183 θεο-

798 3231 984 3271 δίιηςω
1029 3219 1294 3274 Trinitate
1338 3232 1448 3276 tres
1498 3239 1619 3277 esse
1651 3225 1935 3287 essentias,
1973 3226 2110 3280 unde
2152 3238 2204 3281 ct
2249 3239 2357 3282 tres

799 3310 929 3363 deos
960 3320 1015 3365 et
1055 3320 1165 3366 tres
1206 3313 1446 3374 deitates,
1481 3316 1583 3369 etsi
1616 3330 1720 3368 non
1756 3316 1939 3377 verbo,
1974 3328 2150 3373 mente
2181 3330 2357 3374 tamen

800 3404 1013 3457 docent.
1057 3403 1121 3457 Et
1152 3406 1206 3459 hi
1239 3406 1453 3473 quidem
1484 3406 1809 3461 damnantur
1838 3410 2004 3463 veluti
2036 3419 2144 3465 tres
2177 3427 2365 3467 essen-

804 3498 905 3550 tias
937 3496 1133 3568 284a
1182 3499 1234 3551 in
1288 3497 1552 3553 Trinitate
1597 3500 1902 3569 prodigiose
1949 3502 2241 3569 cudentes,
2308 3505 2361 3559 lii

801 3602 931 3641 vero
964 3590 1104 3655 quod
1151 3604 1254 3643 non
1302 3590 1516 3658 pr0prie
1561 3590 1722 3644 Deum
1763 3589 1978 3645 Patrem
2020 3604 2105 3646 aut
2142 3593 2359 3659 Filium,

805 3688 897 3733 aut
926 3678 1182 3746 Spiritum
1225 3689 1468 3734 sanctum
1500 3682 1604 3734 dici
1646 3692 1921 3737 censeant.
1963 3684 2054 3737 lsti
2096 3700 2225 3737 vero
2254 3685 2363 3738 for—

803 3778 950 3823 tasse
979 3770 1106 3837 sint,
1140 3772 1229 3838 qui
1263 3782 1470 3826 tantum
1500 3774 1741 3841 signatas
1771 3790 1864 3829 seu
1896 3774 2208 3844 ﬁgurativas
2235 3792 2362 3847 pro-

804 3863 1062 3928 prietates
1088 3874 1279 3933 putant
1305 3880 1425 3920 esse
1458 3867 1792 3937 liypostases.
1831 3868 1906 3921 Ita
1936 3868 1987 3921 in
2023 3869 2215 3923 multas
2242 3885 2364 3924 sen-

806 3953 1000 4008 tentias
1028 3966 1081 4007 et
1113 3970 1327 4010 errores
1372 3956 1506 4010 alios
1554 3959 1766 4012 illorum
1801 3958 2032 4013 dissecta
2067 3969 2212 4013 secta
2242 3976 2366 4028 pro-

802 4056 984 4111 gressa
1032 4052 1149 4109 est,
1191 4046 1637 4110 quemadmodum
1684 4054 1739 4101 et
1780 4047 1846 4099 de
1893 4046 2193 4101 differentia
2237 4062 2366 4102 con-

802 4134 1137 4187 currentium
1186 4136 1237 4189 in
1282 4134 1501 4191 Christo
1542 4148 1875 4191 naturarum.
1920 4137 2055 4192 Aliis
2086 4140 2228 4193 enim
2266 4155 2365 4193 nu-

803 4226 1081 4293 gatoribus
1114 4227 1287 4281 visum
1316 4238 1398 4282 est
1431 4230 1605 4297 perire
1640 4229 2002 4284 differentiam
2050 4242 2170 4300 post
2214 4232 2367 4285 unio-

803 4334 926 4372 nem
958 4331 1270 4374 naturarum
1304 4339 1315 4374 :
1346 4322 1467 4375 aliis
1512 4322 1717 4376 servari
1757 4322 2114 4377 dill‘erentiam
2156 4323 2367 4391 judica-

806 4422 950 4476 tum;
997 4413 1088 4480 qui
1140 4423 1195 4467 et
1251 4415 1352 4482 ipsi
1414 4413 1659 4469 bifariam
1715 4416 1869 4469 divisi
1912 4427 2058 4470 sunt.
2096 4414 2233 4469 Nam
2274 4416 2365 4487 qui

2461 3248 2650 3299 τητας,
2682 3232 2729 3281 εί
2764 3228 2857 3280 καὶ
2885 3228 2958 3297 μὴ
2976 3228 3019 3258 ⁵⁷
3048 3230 3112 3294 τῇ
3139 3229 3311 3295 φωνῇ,
3342 3227 3451 3286 τοῖς
3480 3242 3539 3291 γε
3570 3226 3800 3292 νοήμασι
3830 3224 4023 3290 δογμα-

2462 3320 2689 3383 τίζουσι.
2727 3320 2836 3371 Καὶ
2880 3321 2926 3370 οἱ
2973 3318 3070 3387 μὲν
3106 3318 3523 3385 κατακρίνονται
3556 3314 3629 3376 ὼς
3661 3317 3808 3384 τρεῖς
3837 3315 4030 3375 οὐσίας

2462 3412 2554 3462 ἐπὶ
2582 3410 2681 3477 τῆς
2714 3408 2939 3478 Τριάδος
2977 3406 3410 3477 τερατευόμενοι,
3451 3406 3499 3455 οἱ
3539 3404 3592 3456 δὲ
3626 3404 3698 3464 ὡς
3732 3405 3790 3454 οὑ
3822 3404 4027 3470 κυρίως

2462 3500 2592 3553 Θεὸν
2613 3502 2703 3552 τὸν
2734 3498 3004 3568 Πατέραῆ
3030 3498 3119 3548 τὸν
3146 3496 3270 3548 Υἱὸν
3300 3495 3332 3565 ἢ
3354 3496 3413 3546 τὸ
3440 3494 3659 3561 Πνεῦμα
3683 3493 4029 3557 δοξάζοντες·

2465 3587 2608 3646 οὗτοι
2635 3593 2678 3644 δ’
2704 3592 2769 3643 ἂν
2802 3588 2908 3642 εἷεν
2938 3591 2985 3641 οἱ
3013 3587 3231 3657 μόνα.τὰ
3268 3586 3737 3655 χαρακτηριστικὰ
3764 3581 4030 3651 ἰδιώματα

2467 3685 2563 3745 τὰς
2588 3682 2912 3742 ὑποστάσεις
2942 3675 3079 3731 εἶναι
3111 3675 3546 3744 δογματίζοντες.
3593 3678 3701 3727 Καὶ
3734 3677 3811 3736 εἰς
3853 3673 4031 3724 πολλά

2464 3776 2600 3832 ἄλλα
2632 3774 2857 3827 τοιαῦτα
2886 3773 2914 3824 6
2964 3770 3225 3841 μερισμὺς
3254 3768 3297 3800 ⁸⁸
3333 3769 3515 3829 αὑτοῖς
3549 3765 3642 3818 καὶ
3675 3767 3707 3835 ὴ
3748 3763 4034 3833 κατατομῇ

2465 3866 2849 3937 προελήλυθεν,
2874 3862 3061 3929 ὥσπερ
3088 3862 3182 3913 καὶ
3213 3860 3342 3928 περὶ.
3363 3859 3460 3925 τῆς
3484 3857 3741 3926 διαφορᾶς
3763 3854 3865 3907 τῶν
3899 3872 4031 3906 συν-

2468 3958 2733 4011 ελθουσῶν
2766 3957 2856 4007 ἐπὶ
2870 3955 2915 3986 ⁸⁹
2946 3950 3181 4021 Χριστοῦ
3224 3952 3456 4019 φύσεων.
3481 3948 3604 4009 Τοῖς
3634 3945 3852 4017 μὲνγὰρ
3888 3947 4032 4014 μετό

2464 4051 2561 4119 τὴν
2612 4049 2806 4100 ἕνωσιν
2839 4045 2913 4116 μὴ
2970 4042 3331 4112 φυλάττεσθαι
3379 4040 3476 4109 τὴν
3526 4038 3784 4107 διαφορὰν
3827 4036 4032 4106 eri-.10:

2468 4139 2857 4211 φαντάζεσθαι,
2890 4139 3003 4198 τοῖς
3026 4136 3084 4189 δὲ
3125 4134 3393 4197 σώζεσθαι
3427 4132 3524 4200 τὴν
3551 4130 3810 4200 διαφορὰν
3835 4130 3867 4195 ἡ
3894 4131 4033 4197 ὁμου

2467 4234 2622 4301 λογία
2651 4233 2860 4300 γέγονε.
2897 4229 3017 4301 [881
3057 4226 3150 4299 3.]
3186 4229 3315 4295 Διχῆ
3341 4225 3396 4277 δὲ
3436 4226 3529 4277 καὶ
3558 4217 3703 4277 οὗτοι
3738 4221 4023 4291 διετμήθης

2470 4344 2588 4381 σαν.
2621 4326 2683 4377 Οἱ
2722 4324 2818 4393 μὲν
2845 4324 2953 4391 γὰρ
2998 4320 3095 4390 τὴν
3138 4316 3401 4386 διαφορὰν
3445 4314 3827 4385 ὁμολογοῦντες
3857 4309 4031 4374 σώζε-

2470 4418 2593 4471 σθαι
2639 4417 2705 4469 τὰ
2759 4410 2834 4467 ὧν
2881 4415 2913 4481 ἡ
2944 4409 3175 4480 διαφορὰ
3222 4407 3414 4472 σώζειν
3448 4407 3509 4460 οὑ
3562 4405 3943 4475 βούλονται-οῖ
3976 4404 4033 4455 δὲ

802 4500 1158 4556 differentiam
1206 4519 1428 4559 manere
1471 4506 1693 4571 volunt,
1730 4506 1917 4559 nolunt
1949 4517 2125 4560 tamen
2156 4522 2217 4559 ea
2252 4524 2365 4559 ma-
2395 4496 2440 4552 Ῑ)

2395 4496 2440 4552 Ῑ)
2470 4510 2695 4563 κάκεῖνα
2728 4506 2832 4558 ὑπὸ
2874 4504 2971 4573 τῆς
3004 4499 3419 4569 ἀναγκαζούσης
3466 4496 3792 4559 ἀκολουθίας
3826 4512 4031 4563 συγχω-

803 4609 931 4649 nere
970 4610 1063 4664 per
1106 4610 1224 4664 quae
1263 4596 1475 4649 exsistit
1516 4595 1837 4651 dill'erentia.
1877 4596 1981 4653 Alii
2022 4613 2146 4653 vero
2178 4607 2231 4650 et
2272 4599 2361 4651 illa

801 4700 1055 4749 manere,
1111 4696 1333 4755 cogente
1387 4687 1689 4741 necessaria
1743 4689 2169 4757 consequentia,
2222 4705 2364 4757 saepe

798 4774 1160 4829 concedentes
1193 4776 1315 4845 (alia
1364 4776 1476 4830 haec
1520 4787 1603 4830 est
1648 4777 1855 4832 insania
1895 4789 2055 4846 atque
2077 4781 2356 4846 amentia),

799 4867 930 4919 duas
975 4873 1152 4921 tamen
1200 4876 1422 4920 naturas
1457 4867 1730 4936 appellare
1760 4868 1973 4935 penitus
2021 4878 2357 4927 aversantur.

799 4956 914 5013 Vox
955 4960 1097 5014 enim
1142 4961 1267 5024 duo,
1306 4960 1578 5031 inquiunt,
1612 4975 1706 5028 per
1738 4972 1920 5028 partes
1955 4972 2009 5016 et
2054 4979 2149 5031 per
2182 4980 2239 5019 se
2277 4981 2362 5019 res

798 5050 1109 5106 dilferentes
1148 5052 1402 5105 ostendit.
1449 5049 1545 5107 His
1595 5052 1830 5105 breviter
1863 5055 2171 5123 disputatis,
2206 5058 2361 5127 longa

798 5142 1174 5197 exhortatione
1201 5143 1345 5198 hunc
1371 5159 1585 5214 quoque
1616 5144 1815 5198 librum
1852 5145 1987 5200 linit.

868 5254 1043 5309 Aliam
1084 5256 1387 5312 orationem
1426 5258 1701 5327 componit
1732 5267 1918 5313 contra
1954 5262 2211 5327 Agnoitas
2245 5264 2363 5319 sive

801 5351 1118 5419 ignorantes.
1182 5349 1476 5405 Monacbos
1518 5360 1697 5406 autem
1756 5354 2016 5421 quosdam
2053 5356 2127 5407 ait
2161 5370 2228 5409 ex
2264 5355 2364 5409 Pa-

2473 4602 2690 4672 ροῦντες
2748 4597 3000 4658 πολλάκις
3037 4593 3223 4664 (ἄλλος
3270 4590 3439 4660 λῆρος
3489 4586 3646 4639 τοῦτο
3688 4586 3732 4617 ⁸⁸
3764 4584 3856 4637 καὶ
3896 4584 4034 4637 am

2470 4690 2807 4761 παράνοια),
2849 4688 2941 4739 δύο
2977 4684 3179 4746 ταύτας
3222 4682 3401 4749 λέγειν
3451 4677 3708 4748 οὐμενοῦν
3754 4676 3862 4728 οὐδ’
3896 4674 4032 4736 ὅλως

2467 4785 2745 4852 ἀνέχονται
2768 4797 2780 4811 ο
2806 4783 2839 4850 ὴ
2871 4778 2978 4849 γὰρ
3025 4778 3117 4829 δύο
3157 4773 3331 4843 φωνὴ,
3366 4772 3552 4841 φασὶν,
3601 4768 3703 4822 ἀνὰ
3733 4768 3896 4838 μέρος
3942 4767 4033 4818 καί

2470 4874 2589 4929 καθ’
2639 4870 2807 4927 ἑαυτὰ
2872 4871 2940 4922 τὰ
2999 4867 3323 4936 διαφέροντα
3383 4862 3582 4931 τίθησι.
3616 4859 3802 4911 Ταῦτα
3847 4858 3941 4910 καὶ
3969 4857 4034 4909 τὸ

2470 4968 2689 5022 τοιαῦτα
2718 4967 2807 5020 διὰ
2856 4965 3101 5035 βραχέων
3142 4959 3385 5029 προθεὶς,
3437 4957 3531 5009 καὶ
3559 4955 3658 5025 τὴν
3718 4954 4033 5021 παραίνεσιτ

2475 5060 2901 5127 πλατυνὰμενος,
2932 5055 3023 5106 καὶ
3044 5054 3134 5106 τὸν
3165 5051 3408 5121 παρόντα
3441 5046 3746 5101 καταπαύει
3786 5044 3961 5111 λόγον.

2538 5264 2743 5333 Γράφει
2788 5260 2943 5326 λόγον
2987 5259 3172 5325 ἓτερον
3218 5254 3358 5306 κατὰ
3388 5249 3710 5318 ’Δγνοητῶν.
3751 5247 4033 5315 Μοναχοὺς

2469 5359 2524 5411 δέ
2559 5373 2710 5419 τινας
2739 5355 2846 5407 τῶν
2900 5354 2964 5403 ἐκ
3015 5351 3112 5419 τῆς
3144 5348 3287 5400 κατὰ
3335 5347 3402 5399 τὰ
3437 5342 3782 5415 Ἰεροσόλυμα
3826 5342 4032 5410 ὲρήμοτ

2087 5514 2316 5571 VARI/ﬁ
2356 5512 2643 5574 LECTION
2655 5512 2753 5568 ES.

876 5654 916 5685 ⁶¹
950 5654 1044 5705 ὲπε
1132 5652 1277 5704 τῶσα
1310 5653 1347 5705 Α
1384 5669 1398 5707 ;
1438 5652 1772 5722 ἐπιζητοῦσα
1807 5672 1866 5717 ς.

876 5739 914 5769 κο
948 5726 1008 5773 υὺ
1050 5669 1368 5790 εὲὑλόμεθα.
1446 5724 1490 5754 ’⁸
1519 5725 1866 5790 ἁπηρυθριασ

809 5721 914 5773 imo
948 5726 1008 5773 υὺ
1050 5721 1368 5789 βουλόμεθα.

811 5792 938 5859 οειός
981 5788 1059 5855 τί
1118 5794 1161 5823 "
1189 5788 1279 5845 Eni.
1310 5791 1399 5845 τοῦ
1438 5794 1538 5863 Χρ.
1579 5788 1647 5857 ςξ
1714 5795 1758 5825 ⁶⁰
1790 5788 1942 5845 τοῦτο
1975 5797 2012 5845 Α
2053 5812 2061 5839 :
2107 5788 2257 5858 οὗτος
2296 5813 2352 5859 ςι

1944 5654 1987 5685 ⁸³
2020 5654 2320 5723 ἐπεζήτησε
2360 5658 2460 5723 μέν
2495 5674 2554 5719 ς.

1446 5724 1490 5754 ’⁸
1519 5725 2048 5801 ἁπηρυθριασμένων
2083 5741 2161 5801 Τ..
2217 5728 2261 5757 ⁵⁸
2291 5726 2633 5796 ἐκδεξάμενοι
2668 5740 2725 5787 ς.

2630 5656 2674 5687 ⁸³
2709 5663 2831 5708 ante
2858 5653 2981 5703 ἐπεὶ
3013 5646 3521 5718 ἱιιεοτυοτίιιιίῷστε.
3599 5642 3645 5671 ⁸⁸
3679 5635 4033 5718 ἐβουλόμεθαῖ

2829 5722 2873 5753 ³⁷
2909 5723 2984 5791 μὴ
3047 5719 3165 5774 add.
3202 5721 3265 5770 Λ.
3343 5715 3389 5747 ⁵⁸
3418 5714 3448 5765 ὁ
3484 5709 3751 5782 μερισμός
3800 5710 3841 5760 Α
3874 5726 3888 5761 ε
3920 5709 4035 5776 ὀρι.
