4208 6442
234 383 372 449 1081

1277 380 1801 442 BIBLIOTHECA.
1817 404 1883 417 -··
1922 382 2084 444 COD.
2124 384 2388 445 CCXXX.

3309 381 3445 452 1082

229 500 451 566 κινῆσαι
494 493 642 563 λέγει
670 493 730 548 τὸ
756 493 952 563 δόγμα,
979 492 1029 545 οἳ
1059 492 1279 560 ἄγνοιαν
1302 494 1379 563 τῷ
1414 496 1600 564 Κυρίῳ
1626 494 1782 561 ἡμῶν
1814 498 1859 552 Α
1886 494 1891 544 l

1814 498 1859 552 Δ
1886 494 2091 549 Ιαεειῑιιιι
2138 498 2426 550 solitudine
2461 496 2727 551 excitasse
2766 495 3043 567 [pravum]
3086 497 3302 569 dogma,
3350 501 3444 569 qui

240 586 418 655 Ἰησοῦ
448 585 666 655 Χριστῷ
688 584 1007 654 περιάπτειν
1033 583 1353 653 ὑπήχθησαν
1377 582 1436 648 ἐξ
1458 577 1531 636 ὧν
1552 600 1613 635 τε
1635 580 1786 635 εἷπεν

228 680 395 741 αὐτός
414 695 430 709 ·
462 677 583 732 Ποῦ
617 677 913 732 τεθείκατε
945 675 1247 744 Λάζαρον;
1280 675 1402 728 καί·
1439 674 1646 739 Οὐδεὶς
1666 671 1787 726 οἶδε

229 773 350 836 τὴν
367 769 526 837 ὤραν
560 769 800 834 ἐκείνην
823 768 860 835 ἢ
896 768 1010 835 τὴν
1044 768 1267 836 ἡμέραν
1299 767 1439 820 οὐδὲ
1469 767 1513 798 ⁸⁸
1557 768 1591 819 ό
1630 767 1784 831 Υἱὸς,

232 861 405 924 καὶ-ἐξ
422 862 590 914 ἀλλων
604 860 1042 929 τοιουτοτρόπων.
1060 860 1118 910 Ὀ
1135 860 1188 911 δὲ
1208 858 1349 929 ἱερὸς
1362 858 1616 924 Εὑλόγιος
1634 852 1785 919 οὗτος

214 953 368 1017 ,1465
402 952 491 1023 IL]
526 952 646 1005 οὔτε
669 953 807 1005 κατά
833 952 892 1005 τὸ
918 951 1271 1022 ἀνθρώπινον,
1298 950 1474 1020 πολλῷ
1497 951 1553 1003 δὲ
1589 949 1788 1019 μᾶλλον

232 1047 357 1096 οὐδὲ
388 1046 527 1096 κατά
554 1044 612 1096 τὸ
634 1043 776 1095 θεῖον
813 1045 1021 1110 ἀγνοεῖν
1043 1044 1133 1095 τὸν
1156 1042 1357 1110 Κύριον
1390 1042 1543 1111 ἡμῶν
1585 1040 1789 1111 Ἰησοῦν

234 1135 472 1202 Χριστὸν
502 1135 622 1188 οὔτε
651 1136 741 1187 τὸν
772 1135 939 1201 τάφον
971 1134 1061 1185 τοῦ
1086 1133 1356 1202 Λαζάρου,
1394 1132 1516 1186 οὔτε
1557 1134 1654 1201 τὴν
1701 1133 1789 1184 τέ-

230 1228 381 1279 λειον
421 1230 628 1296 ἡμέραν
658 1227 999 1281 διατείνεται.
1032 1226 1167 1279 Οὔτε
1205 1227 1312 1297 γάρ
1332 1226 1394 1279 τὸ
1433 1226 1789 1296 ἀνθρώπινον,

232 1322 315 1381 εἰς
352 1320 477 1388 μίαν
515 1321 809 1372 ὑπόστασιν
843 1318 1087 1371 συνελθὸν
1118 1319 1182 1387 τῇ
1240 1319 1522 1387 ἀπροσίτῳ
1565 1317 1659 1369 καὶ
1703 1316 1795 1368 οὐ·

236 1412 420 1462 σιώδει
455 1413 635 1477 σοφίᾳ,
666 1412 923 1479 ἀγνοήσει
945 1411 1007 1463 ἄν
1032 1427 1103 1473 τι,
1136 1409 1324 1479 ὥσπερ
1344 1408 1492 1462 οὐδὲν
1516 1408 1623 1461 τῶν
1649 1424 1792 1477 παρ-

232 1502 429 1566 όντων,
494 1502 635 1554 οὕτω
657 1502 719 1571 δὴ
747 1502 866 1554 οὐδὲ
901 1501 1007 1553 τῶν
1056 1500 1351 1570 μελλόντων
1374 1541 1388 1566 ,
1418 1498 1541 1551 οὗτε
1570 1499 1793 1565 διαψευ-

234 1590 436 1657 σθῆναι
462 1590 683 1644 δύναται
713 1592 773 1643 τὸ
824 1592 1111 1660 εἰρημένον
1164 1592 1291 1659 παρ’
1338 1590 1535 1643 αὐτοῦ’
1587 1589 1793 1644 Πάντα

233 1682 359 1735 ὅσα
403 1682 527 1748 ἔχει
559 1684 590 1734 d
638 1680 860 1748 Πατὴρ,
890 1680 1000 1748 ἐμά
1022 1680 1212 1742 ἐστιν,
1241 1682 1287 1732 εἰ
1334 1681 1407 1750 μὴ
1445 1682 1552 1749 ἄρα
1581 1681 1673 1732 καὶ
1702 1680 1793 1731 τὸν

1898 588 2124 641 Domino
2165 597 2349 642 nostro
2392 587 2516 642 Iesu
2569 587 2789 643 Christo
2842 588 3224 656 ignorantiam,
3269 605 3335 644 ex
3380 590 3448 646 iis

1894 695 2010 746 qua?
2036 680 2150 745 ipse
2180 680 2335 745 dixit,
2363 681 2639 749 assignare
2662 680 2838 734 conati
2868 692 2996 736 sunt
3029 699 3042 736 :
3069 679 3170 736 Ubi
3200 684 3446 748 posuistis

1894 769 2153 822 Lazarum
2170 770 2229 822 ιιῖ
2254 769 2451 841 [inquit
2472 770 2748 841 Dominus]
2770 784 2822 824 et
2850 790 2862 825 :
2897 772 3060 825 Nemo
3086 774 3224 825 novit
3246 776 3445 837 horam,

1893 870 1981 911 aut
2007 859 2143 911 diem
2164 861 2309 911 illum
2338 900 2353 924 ,
2388 877 2545 926 neque
2582 858 2756 913 Filius
2780 862 3003 913 hominis
3036 869 3084 927 ο,
3119 872 3279 930 atque
3322 862 3449 915 item

1894 968 1957 1005 ex
1988 952 2105 1003 aliis
2141 954 2240 1004 hoc
2270 967 2436 1018 genus
2470 954 2669 1005 verbis.
2717 953 2947 1008 Sanctus
2978 962 3155 1007 autem
3200 952 3451 1022 Eulogius

1896 1044 2026 1106 iste,
2069 1040 2341 1095 Christum
2388 1041 2570 1097 Iesum
2623 1043 2903 1096 Dominum
2956 1054 3228 1105 nostrum,
3278 1059 3452 1112 neque

1896 1141 2187 1188 secundum
2226 1137 2613 1188 humanitatem
2646 1137 2883 1204 quidem,
2915 1137 3081 1188 multo
3116 1136 3293 1189 minus
3324 1152 3452 1189 vero

1896 1229 2187 1282 secundum
2221 1226 2555 1281 divinitatem
2590 1227 2868 1296 ignorasse
2901 1226 3203 1294 sepulcrum
3238 1224 3451 1291 Lazari,

1898 1340 2073 1392 neque
2103 1325 2263 1377 etiam
2305 1324 2449 1376 illum
2490 1324 2734 1376 ultimum
2765 1324 2904 1376 diem
2936 1323 3233 1376 contendit.
3271 1320 3460 1390 Neque

1896 1416 2038 1469 enim
2105 1415 2409 1469 humanitas
2476 1413 2677 1470 Christi
2744 1414 2796 1467 in
2849 1430 3008 1467 unam
3053 1412 3455 1467 inaccessibilis

1897 1517 1949 1561 et
2010 1506 2379 1560 substantialis
2467 1504 2743 1574 sapientiae
2832 1503 3142 1571 hypostasin
3222 1502 3457 1556 admissa

1898 1597 2184 1665 quidquam
2225 1596 2371 1649 velut
2410 1609 2588 1648 rerum
2630 1593 2997 1661 praesentium,
3031 1593 3102 1645 ita
3152 1590 3456 1644 futurarum

1897 1690 2096 1759 poterit
2144 1689 2389 1757 ignorare
2425 1704 2438 1740 :
2479 1700 2653 1755 neque
2698 1684 2886 1738 falsum
2934 1699 3051 1737 esse
3100 1692 3273 1753 potest
3315 1682 3459 1749 qnnd

233 1774 459 1842 Πατέρα
492 1773 624 1841 πρὸς
644 1771 739 1841 τὴν
771 1772 991 1837 ἄγνοιαν
1020 1772 1070 1823 oi.
1100 1771 1276 1823 πάντα
1308 1772 1612 1840 τολμῶντες
1653 1787 1793 1840 παρ-
1826 1829 1863 1848 ἢ

1826 1829 1863 1848 η
1900 1781 2033 1834 dixit
2064 1799 2078 1834 :
2111 1778 2303 1832 Omnia
2346 1793 2661 1848 qutzcunque
2703 1777 2856 1828 habet
2892 1774 3069 1839 Pater,
3104 1792 3216 1827 mea
3246 1784 3368 1827 sunt
3407 1782 3456 1836 P,

232 1864 533 1917 ελκύσωπι.
571 1862 644 1915 Τὸ
692 1863 874 1932 μέντοι
914 1880 977 1930 γε
1025 1864 1187 1929 φάναι
1214 1865 1305 1915 τὸν
1368 1864 1628 1932 Σωτῆρα*
1670 1862 1793 1916 Ποῦ

232 1958 541 2008 τεθείκατε
596 1952 895 2020 Δάζαρον;
944 1954 1021 2013 είς
1087 1952 1368 2004 ἐπίστασιν
1429 1951 1522 2003 καὶ
1576 1951 1795 2020 μνήμην

234 2047 443 2113 ἄγοντα
475 2044 519 2076 ⁸⁸
553 2045 678 2106 τοὺς
708 2043 979 2112 παρόντας
1008 2043 1113 2095 τῶν
1156 2042 1424 2095 Ἰουδαίων
1456 2044 1649 2095 εἰπεῖν.
1684 2043 1797 2094 Καὶ

232 2138 301 2189 οὐ
329 2136 486 2188 τοῦτο
514 2136 695 2204 μόνον,
722 2134 858 2187 ἀλλὰ
887 2134 979 2187 καὶ
1026 2135 1187 2204 ἕτερά
1227 2151 1347 2187 τινα
1377 2133 1795 2203 διαπράξασθαι,

235 2229 433 2297 ὥσπερ
460 2228 549 2279 τό·
582 2228 818 2281 Λύσατε
849 2226 1033 2279 αὐτὸν
1076 2226 1175 2278 καὶ
1213 2224 1392 2293 ἄφετε
1415 2222 1689 2292 ὑπάγειν,
1715 2224 1799 2276 ἵνα

235 2321 302 2385 ἐξ
330 2313 405 2372 ὧν
436 2336 495 2371 τε
530 2319 671 2371 κατά
714 2319 875 2388 μέρος
906 2316 1042 2369 εἶδον
1071 2318 1166 2369 καὶ
1209 2316 1266 2381 ἐξ
1302 2309 1376 2369 ὧν
1403 2317 1662 2385 ἤκουσαν,
1713 2332 1799 2367 πι-

237 2412 372 2465 στὸν
397 2412 495 2481 μὲν
530 2413 591 2465 τὸ
614 2412 839 2479 ὁρᾶσθαι
872 2411 960 2463 καὶ
996 2409 1495 2480 ἀναμφισϐήτητον,
1523 2406 1799 2473 ἀνεξάλει-

238 2522 381 2557 πτον
410 2504 465 2555 δὲ
498 2504 826 2572 παραδοθείη
870 2506 934 2571 τῇ
969 2503 1174 2571 μνήμῃ.
1202 2501 1362 2568 Λέγει
1407 2501 1462 2553 δὲ
1497 2502 1575 2553 ὅτι
1607 2501 1700 2553 καὶ
1734 2500 1800 2551 τὰ

239 2599 337 2648 ἐπὶ
366 2593 599 2665 Χριστοῦ
631 2595 894 2662 λεγόμενα
918 2594 983 2645 τὰ
1015 2594 1112 2661 μὲν
1155 2594 1295 2645 κατά
1328 2592 1623 2662 ἀναφορὰν,
1647 2592 1713 2644 τὰ
1746 2593 1803 2645 δὲ

237 2689 386 2739 κατά
411 2687 665 2756 ἀλήθειαν
695 2685 932 2752 λέγεται·
954 2684 1090 2736 κατά
1122 2683 1397 2751 ἀναφορὰν
1421 2684 1517 2751 μὲν
1539 2683 1599 2735 τὸ
1622 2685 1802 2754 ἀμαρ-

236 2783 369 2832 τίαν
392 2782 552 2831 αὑτὸν
587 2780 679 2829 καὶ
707 2779 950 2846 κατάραν
975 2777 1111 2846 ὑπὲρ
1140 2777 1293 2845 ἡμῶν
1321 2776 1570 2841 γενέσθαι
1595 2778 1675 2832 (οὺ
1697 2778 1803 2843 γὰρ

236 2875 437 2937 γέγονε
485 2870 675 2931 ταῦτα,
706 2869 818 2919 ἀλλ’
875 2863 957 2921 οἷα
989 2868 1084 2936 τῆς
1139 2867 1382 2935 κεφαλῆς
1432 2868 1802 2936 οἰκειουμένης

237 2966 311 3014 τὰ
349 2962 442 3013 τοῦ
481 2962 607 3012 ἰδίου
643 2959 910 3029 σώματος,
944 2960 1100 3021 αὐτὸς
1133 2959 1201 3009 τά
1231 2959 1322 3011 τοῦ
1369 2959 1616 3027 σώματος
1667 2962 1801 3011 ἀνα.-

234 3056 519 3121 δέλεταιγ
576 3054 716 3104 κατὰ
749 3052 1005 3120 ἀλήθειαν
1048 3051 1101 3103 δὲ
1135 3052 1350 3117 λέγεται
1400 3052 1679 3120 ἄνθρωπός
1745 3068 1802 3102 τε

236 3150 529 3213 γεγονέναι
574 3148 668 3197 καί
696 3146 946 3210 πεινῆσαι
980 3145 1070 3195 καὶ
1116 3136 1337 3212 διειλῆσαι
1386 3145 1477 3195 καὶ
1505 3144 1572 3195 τὰ
1618 3145 1798 3212 ὃμοια.
1831 3158 1872 3214 C

239 3241 411 3292 Ὥστε
442 3239 599 3296 εἴτις
636 3237 808 3289 ἐθέλοι
834 3238 1012 3303 λέγειν
1046 3237 1257 3302 ἀγνοεῖν
1304 3234 1465 3286 αὑτὸν
1502 3233 1639 3286 κατά
1670 3236 1801 3287 ἀνα-

236 3332 442 3399 φορὰν,
475 3330 548 3392 ὡς
586 3329 684 3380 οὐκ
716 3330 869 3391 ἐκτὸς
919 3327 1136 3393 ἀγνοίας
1186 3328 1334 3388 ὄντος
1376 3325 1537 3377 αὑτοῦ
1573 3325 1664 3377 τοῦ
1697 3324 1803 3376 σώ-

239 3437 420 3491 ματος
474 3421 589 3487 ἠτοι
642 3422 740 3487 τῆς
791 3416 1135 3486 ἀνθρωπίνης
1199 3416 1493 3481 φύσεωςδδ,
1531 3410 1596 3484 ἧς
1656 3418 1805 3467 ἐστιν

239 3510 413 3570 αὐτὸς
444 3508 653 3577 κεφαλὴ
680 3509 745 3571 ⁸⁸,
776 3508 873 3559 οὐκ
916 3506 980 3558 ἀν
1030 3506 1127 3575 μὲν
1160 3505 1262 3568 ἔξω
1289 3504 1381 3556 τοῦ
1418 3505 1622 3566 εἰκότος
1653 3522 1806 3573 περι-

234 3600 515 3668 ενεχθείη,
542 3600 600 3651 οὐ
639 3598 745 3667 μὴν
788 3597 1083 3664 ἀγνοοῦντα
1116 3597 1211 3666 τὴν
1239 3595 1331 3648 τοῦ
1365 3597 1575 3664 Πατρδς
1615 3599 1806 3663 σοφίαν

234 3692 539 3755 εοξάσειεν.
599 3689 735 3740 Ἀλλ’
789 3692 837 3740 εἰ
890 3689 984 3739 τό·
1050 3688 1172 3741 Ποῦ
1226 3689 1519 3741 τεθείκατε
1572 3689 1801 3751 αὺτόν;

236 3786 474 3848 ἄγνοιαν
499 3780 593 3833 τοῦ
649 3778 884 3849 Χριστοῦ
928 3781 1253 3848 κατηγορεῖν
1301 3780 1423 3841 τοὺς
1454 3778 1807 3841 ἀπαιδεύτους

238 3872 527 3933 ἀνέπεισε,
564 3868 676 3932 πῶς
702 3870 825 3938 οὐχὶ
850 3870 941 3921 καὶ
964 3870 1041 3938 τῷ
1073 3872 1244 3937 Πατρὶ
1278 3870 1377 3937 τὴν
1401 3870 1565 3938 αὐτὴν
1590 3870 1810 3937 ἄγνοιαν

236 3960 602 4030 ἑπιῤῥίψουσι
650 3957 1125 4027 διαπυνθανομένῳ
1171 3958 1265 4009 καὶ
1307 3957 1515 4023 λέγοντι
1546 3958 1681 4026 πρὸς
1720 3957 1809 4008 τὸν

253 4051 459 4118 Ἀδάμ·
506 4050 629 4102 Ποῦ
651 4046 742 4111 εἷ;
778 4048 870 4100 καὶ
913 4046 1046 4116 πρὸς
1089 4050 1180 4098 τὸν
1237 4047 1653 4116 ἀδελφοκτόνον·
1688 4047 1810 4100 Ποῦ

235 4144 420 4194 ἐστιν
450 4140 611 4192 Ἀὄὲλ
644 4143 676 4192 ό
710 4138 974 4206 ἀδελφός
1004 4154 1154 4201 σου;
1193 4139 1317 4190 καί·
1350 4138 1591 4207 Κραυγὴ
1630 4138 1809 4192 Σοδό-

234 4250 374 4302 μων
407 4231 506 4283 καὶ
527 4229 836 4297 Γομόρῤας
866 4228 1297 4293 πεπλήθυγται,
1330 4232 1425 4281 καὶ
1458 4231 1515 4281 αἱ
1540 4230 1811 4296 ἁμαρτίαι

239 4321 447 4377 αὐτῶν
468 4322 719 4391 μεγάλαι
744 4321 979 4389 σφόδρα
998 4337 1010 4349 ·
1034 4322 1291 4384 καταϐὰς
1315 4320 1359 4352 ⁸⁸
1385 4315 1497 4374 οὖν
1516 4320 1735 4389 ὄψομαι
1761 4324 1813 4373 εὶ

240 4413 403 4469 κατὰ
458 4413 572 4480 τὴν
617 4414 885 4481 κραυγὴν
916 4412 1112 4465 αὐτῶν
1148 4412 1581 4465 συντελοῦνται
1605 4452 1618 4475 ,
1644 4415 1695 4464 εὶ
1746 4412 1812 4463 δὲ

1896 1872 1996 1926 nisi
2047 1880 2103 1926 et
2162 1870 2342 1933 Patri,
2403 1868 2533 1921 nihil
2584 1883 2687 1922 non
2732 1868 3032 1930 audentes,
3094 1866 3455 1932 ignorantiam

1896 1964 2189 2017 ascribeut.
2224 1961 2509 2015 Enimvero
2540 1960 2641 2015 hoc
2672 1958 2815 2027 quod
2858 1959 2995 2011 dixit
3039 1955 3286 2011 Salvator
3314 1976 3325 2009 :
3357 1954 3459 2009 Ubi

1894 2054 2140 2122 posuistis
2166 2051 2466 2105 Lazarum?
2501 2066 2564 2106 eo
2605 2050 2807 2105 dixisse
2844 2049 2940 2109 ait.
2976 2057 3033 2101 ut
3073 2048 3123 2101 id
3165 2054 3460 2116 praesentes

1896 2144 2061 2200 Judaei
2094 2146 2317 2208 scirent,
2352 2145 2671 2211 illornmque
2704 2141 3019 2196 memoriam
3050 2139 3312 2193 ﬁrmaret.
3347 2138 3461 2191 lmo

1899 2254 2002 2292 non
2042 2237 2142 2291 hoc
2170 2236 2364 2299 solum,
2393 2235 2484 2288 sed
2532 2244 2586 2288 et
2636 2234 2741 2286 alia
2791 2234 3031 2299 quadam
3071 2231 3120 2283 id
3168 2245 3337 2299 genus
3378 2228 3459 2282 fe-

1898 2332 2038 2382 cisse
2085 2326 2352 2385 aliirmat.
2406 2337 2463 2379 ut
2512 2324 2641 2378 illud
2694 2341 2709 2379 :
2764 2322 2960 2377 Solvite
3006 2338 3160 2384 eum,
3207 2331 3251 2373 et
3305 2321 3462 2373 sinite

1900 2420 2041 2471 abire
2074 2428 2125 2477 (ι,
2172 2429 2229 2469 ιιι
2266 2433 2332 2470 ex
2379 2416 2443 2469 iis
2477 2431 2594 2483 quae
2642 2414 2922 2483 speciatim
2960 2413 3221 2476 viderant,
3254 2422 3308 2465 et
3344 2427 3464 2480 qua!

1902 2509 2201 2570 audierant,
2233 2506 2389 2559 ﬁdem
2420 2506 2697 2559 oculorum
2742 2514 2988 2559 testatant
3024 2513 3078 2557 et
3110 2504 3461 2555 indubitatam

1904 2596 2149 2668 [Judzeis]
2200 2596 2439 2659 faceret;
2500 2594 2771 2649 memoriae
2820 2608 2946 2647 vero
3001 2593 3208 2646 illorum
3268 2594 3465 2644 factum

1904 2701 2172 2753 nunquam
2214 2687 2627 2740 oblitterantlunt
2676 2685 3005 2754 inﬁgerelur.
3079 2683 3240 2737 Docet
3302 2684 3467 2735 etiam

1903 2778 2003 2830 alia
2040 2780 2104 2829 de
2144 2776 2364 2831 Christo
2417 2778 2555 2828 dicta
2610 2789 2704 2843 per
2742 2774 2987 2841 ﬁguram,
3020 2775 3123 2827 alia
3171 2774 3465 2827 secundum

1906 2868 1979 2919 rei
2048 2869 2348 2921 veritatem.
2411 2866 2662 2934 Figurate
2716 2865 2914 2918 dicitur
2970 2864 3114 2915 illum
3167 2880 3262 2930 pro
3314 2862 3469 2915 nobis

1904 2958 2097 3029 234i:
2124 2969 2397 3026 peccatum
2433 2968 2487 3011 et
2515 2957 2856 3010 maledictum
2889 2954 3088 3009 factum
3120 2970 3265 3020 esse;
3300 2970 3471 3022 ueqm:

1905 3052 2046 3103 enim
2092 3048 2193 3102 fuit
2236 3050 2528 3116 quidquam
2571 3048 2786 3101 horum.
2824 3046 2927 3101 Sed
2960 3047 3120 3100 veluti
3167 3048 3267 3099 sibi
3310 3055 3475 3113 caput

1905 3140 2145 3194 vindicat
2181 3154 2240 3191 ea
2278 3154 2397 3208 quae
2438 3150 2562 3192 sunt
2600 3137 2791 3206 reliqui
2824 3138 3087 3205 corporis,
3120 3138 3187 3189 itu
3222 3136 3470 3190 Christus

1906 3249 1966 3287 ea
1997 3247 2116 3301 qua:
2153 3233 2397 3300 corporis
2434 3240 2558 3284 sunt
2606 3231 2707 3284 sibi
2753 3230 3011 3298 assignat.
3044 3230 3349 3282 Secundum
3397 3244 3475 3280 rc.

1907 3327 2187 3379 veritatem
2220 3336 2397 3377 autent
2430 3323 2631 3377 dicitur
2665 3324 2826 3377 homo
2858 3322 3048 3383 iactus,
3092 3333 3149 3375 et
3192 3322 3473 3385 esuriissr,

1908 3426 1962 3469 et
2008 3416 2263 3480 sitivisse,
2302 3424 2355 3467 et
2409 3415 2509 3469 hoc
2562 3429 2733 3483 genus
2782 3414 2999 3467 similia.
3044 3413 3198 3478 Quod
3248 3413 3291 3473 si
3344 3428 3474 3479 ergo

1907 3509 2031 3578 quis
2080 3506 2206 3561 velit
2252 3508 2451 3570 dicere,
2492 3522 2612 3559 eum
2651 3506 2877 3576 ﬁgurate
2914 3516 2968 3558 et
3009 3504 3339 3572 anapltorice
3380 3504 3481 3556 διι-

1910 3600 2037 3667 quid
2073 3599 2338 3665 ignorare,
2372 3612 2436 3651 eo
2465 3598 2606 3665 quod
2646 3612 2842 3666 corpus
2883 3611 2989 3649 nou
3025 3599 3095 3649 sit
3137 3606 3289 3648 extra
3330 3596 3479 3663 igno-

1912 3694 2165 3753 rantiam,
2198 3702 2287 3744 aut
2322 3691 2552 3743 humana
2585 3705 2686 3744 vox
2718 3691 2869 3758 cujus
2914 3691 3024 3759 ipse
3066 3700 3225 3756 caput
3263 3700 3365 3751 est,
3434 3689 3479 3742 is

1911 3799 2015 3838 non
2070 3784 2302 3836 absurdo
2355 3782 2628 3852 loquetur,
2678 3797 2852 3850 neque
2892 3782 3108 3835 interim
3167 3780 3343 3834 Patris
3393 3796 3480 3834 sa-

1913 3875 2165 3941 pientiatn
2231 3874 2508 3942 ignorasse
2568 3873 2767 3941 aliquid
2820 3873 3053 3926 docebit.
3116 3872 3221 3927 Sed
3283 3873 3327 3925 si
3390 3872 3477 3923 illa

1910 3964 2072 4018 verba
2105 3982 2117 4019 :
2150 3962 2248 4018 Ubi
2288 3965 2539 4033 posuistis
2558 3980 2675 4019 eum
2704 3964 2729 4018 ξ)
2762 3964 2829 4017 ad
2854 3964 3055 4017 Christi
3090 3966 3276 4029 ipsius,
3310 3964 3479 4030 impe-

1914 4058 2001 4110 riti
2053 4058 2328 4120 homines,
2373 4055 2612 4110 referunt
2658 4056 3038 4125 ignorantiam,
3072 4056 3342 4123 quomodo
3375 4070 3482 4107 nun

1913 4145 2154 4199 eamdem
2174 4148 2526 4216 ignorantiam
2550 4147 2603 4199 in
2629 4146 2837 4200 Patrem
2860 4145 3124 4211 rejicieut,
3165 4148 3378 4211 quando
3402 4146 3471 4196 in-

1915 4248 2151 4308 terrogat
2197 4248 2252 4293 et
2298 4238 2425 4293 dicit
2448 4241 2512 4292 ad
2530 4240 2792 4293 Adatnunt
2831 4259 2844 4293 :
2880 4236 2975 4292 Ubi
2998 4256 3051 4292 es
3088 4240 3149 4291 εἳ
3177 4249 3229 4292 et
3277 4242 3339 4291 ad
3370 4238 3480 4290 l'ra«-

1916 4332 2193 4384 tricidatu:
2238 4329 2338 4383 Ubi
2361 4341 2431 4383 est
2473 4331 2598 4383 Abel
2617 4331 2781 4397 frater
2805 4330 3002 4383 tuus“?
3030 4339 3085 4383 et
3114 4329 3361 4383 :Clamor
3390 4326 3473 4381 So-

1914 4428 2186 4474 domorum
2215 4432 2261 4475 et
2297 4420 2754 4474 Gomorrhworum
2774 4422 3149 4487 multiplicatus
3172 4433 3265 4483 est,
3296 4432 3341 4472 et
3364 4437 3482 4487 pec-

234 4507 353 4577 μὴ,
385 4507 486 4558 ἵνα
538 4504 680 4573 γνῶ.
726 4505 934 4574 Ἐρωτᾷ
980 4504 1033 4556 δὲ
1080 4505 1172 4555 καὶ
1206 4506 1234 4555 ὁ
1277 4502 1480 4573 Ἰησοῦς
1527 4503 1587 4554 τὸ
1631 4503 1812 4569 δαιμό-
1846 4488 1886 4541 ί)

1846 4488 1886 4541 D
1916 4522 2037 4565 cata
2066 4528 2241 4564 eorum
2278 4527 2468 4579 magna
2499 4510 2649 4564 valde
2689 4525 2708 4563 :
2736 4512 3048 4563 descendam
3078 4525 3199 4577 ergo
3228 4520 3274 4561 et
3304 4510 3482 4561 ridebo

240 4619 363 4655 νιον
382 4618 396 4629 ·
440 4600 501 4653 Τί
532 4599 721 4666 ὄνομά
750 4614 879 4659 σοι;
915 4598 1133 4648 κάκεῖνο
1164 4595 1552 4663 ἀποκρίνεται·
1582 4593 1811 4661 Λετεὼν

242 4688 441 4758 ὄνομά
465 4706 587 4756 μοι,
616 4688 705 4741 ὅτι
750 4687 969 4740 πολλοὶ
1005 4686 1212 4752 ἐσμεν.
1254 4684 1410 4737 Ἀ).λά
1448 4684 1541 4735 καὶ
1578 4686 1688 4745 τοῖς
1722 4699 1813 4734 τυ-

241 4784 406 4852 φλοῖς
437 4782 615 4847 λέγει·
656 4781 715 4834 Τί
738 4779 938 4833 θέλετε
959 4777 1190 4843 ποιήσω
1226 4774 1400 4843 ὺμῖν;
1442 4774 1536 4826 καὶ
1569 4774 1683 4831 πῶς
1713 4777 1812 4828 οὐκ

251 4878 377 4929 ἔστι
403 4875 570 4929 ταῦτα
596 4875 825 4943 φανερὸν
844 4873 918 4935 ὼς
943 4874 1043 4925 οὐκ
1069 4870 1286 4937 ἀγνοίας
1311 4865 1398 4940 ἦν,
1417 4868 1552 4923 ἀλλά
1572 4871 1631 4922 τὸ
1656 4871 1753 4939 μὲν
1770 4872 1815 4903 ⁸⁸

244 4968 514 5036 ἐπερωτᾷ
539 4968 633 5019 ἀπ’
663 4965 825 5019 αὑτοῦ
850 4964 943 5017 τοῦ
970 4964 1242 5033 δαιμονίου
1275 4962 1399 5035 [884
1420 4961 1511 5033 3.]
1536 4964 1593 5016 τὸ
1617 4963 1816 5032 πλῆθος

246 5059 364 5112 τῶν
396 5059 794 5111 κατοικούντων
840 5060 951 5119 τοῖς
1006 5056 1270 5127 μαθηταῖς
1318 5054 1577 5118 ἐπιδεῖξαι
1629 5054 1815 5123 βουλό-

253 5165 444 5219 μενος,
480 5148 553 5211 ὡς
578 5150 619 5180 ⁸⁷
672 5150 736 5201 ἂν
773 5148 993 5217 μάθοιεν
1035 5149 1109 5209 ὡς
1166 5147 1258 5200 καὶ
1311 5146 1420 5200 τῶν
1454 5146 1663 5198 πολλῶν
1716 5146 1814 5217 ἢδη

252 5240 633 5309 περιγέγονεν,
651 5242 834 5293 πίστιν
855 5242 1037 5303 αὐτοῖς
1059 5240 1103 5271 ’⁸
1126 5240 1219 5292 καὶ
1250 5238 1448 5309 θάρσος
1469 5238 1695 5300 ἐντιθεὶς
1711 5238 1816 5292 τοῦ

251 5331 476 5385 πατεῖν
493 5331 690 5384 ἐπάνω
706 5332 898 5400 ὄφεων
929 5332 1027 5385 καὶ
1064 5332 1369 5399 σκορπίων
1380 5330 1478 5383 καὶ
1497 5330 1595 5383 ἐπὶ
1612 5327 1821 5386 πᾶσαν

1183 5330 1478 5398 ρπιωνκαὶ
1497 5327 1821 5386 ἐπὶπᾱσαν
1928 5329 2291 5399 superiorem,
2340 5338 2393 5383 et
2450 5330 2605 5383 tidem
2666 5329 2845 5383 ﬁrmet

333 5452 360 5479 ιι
387 5440 543 5496 Joau.
577 5459 627 5497 xI
655 5484 670 5505 ,
699 5445 787 5498 54.
830 5453 855 5480 ο
886 5444 1049 5500 Marc.
1086 5460 1204 5502 xm.
1233 5443 1324 5499 3‘2.
1400 5458 1429 5496 ι)
1456 5442 1611 5497 Joan.
1658 5459 1769 5509 xvi,
1801 5444 1887 5499 15.
1964 5453 1993 5493 (ι

1086 5460 1204 5502 xm.
1233 5443 1324 5499 3‘2.
1400 5458 1429 5496 ι)
1456 5442 1611 5497 Joan.
1658 5459 1769 5509 xvi,
1801 5444 1887 5499 15.
1964 5453 1993 5493 (ι
2023 5443 2150 5497 ibid.
2182 5443 2270 5497 55.
2352 5451 2372 5479 ι’
2404 5439 2540 5497 Gen.
2574 5456 2653 5507 tn,
2685 5442 2739 5497 9.

256 5528 419 5576 xvm,
460 5512 551 5567 9.0.
628 5521 655 5549 ιι
690 5514 855 5570 Marc.
890 5532 943 5581 v,
972 5515 1023 5569 9.
1103 5524 1121 5552 κ
1161 5514 1351 5569 Matth.
1386 5530 1475 5578 xx,
1506 5513 1597 5568 52.

1918 4615 2092 4657 utrum
2109 4604 2388 4657 clamorem
2408 4620 2557 4656 suum
2577 4601 2690 4673 [qui
2717 4604 2860 4657 venit
2880 4603 2943 4653 ad
2968 4602 3073 4671 me]
3096 4616 3246 4667 opere
3262 4600 3483 4668 comple-

1918 4695 2076 4750 verint
2095 4710 2270 4759 necne,
2288 4704 2339 4746 ut
2356 4695 2541 4746 sciam‘
2554 4731 2569 4747 .
2587 4692 2888 4758 lnterrogat
2903 4703 2955 4745 et
2972 4690 3127 4745 Jesus
3141 4692 3485 4745 daemonium:

1921 4788 2075 4854 Quod
2123 4786 2218 4839 tibi
2269 4802 2454 4840 nomen
2500 4784 2619 4838 est?
2656 4795 2709 4837 et
2772 4784 2898 4837 illud
2950 4783 3240 4851 respondet
3278 4800 3291 4835 :
3332 4781 3485 4849 Legio

1923 4878 2049 4931 mihi
2084 4894 2266 4930 nomen
2301 4886 2398 4940 est,
2437 4879 2558 4944 quia
2588 4876 2736 4928 multi
2759 4882 3014 4928 sumus“.
3052 4875 3189 4939 Quin
3225 4883 3280 4926 et
3318 4888 3486 4927 rtecos

1921 4964 2222 5033 interrogat
2252 4982 2266 5017 :
2292 4964 2432 5027 Quid
2460 4964 2616 5016 vultis
2645 4965 2841 5030 faciam
2870 4964 3009 5014 vobis
3034 4963 3098 5014 V?
3128 4962 3191 5015 Et
3222 4964 3487 5031 quomodo

1925 5073 2029 5111 non
2067 5067 2231 5123 patet,
2266 5056 2378 5109 hac
2424 5071 2527 5109 non
2572 5070 2637 5109 ex
2686 5055 2989 5123 ignorantia
3028 5053 3295 5122 quaesita?
3327 5052 3430 5106 Sed
3465 5070 3488 5101 at

1927 5144 2260 5201 daemonibus
2298 5147 2510 5212 quidem
2544 5146 2757 5210 qmerit,
2788 5155 2984 5211 quanta
3022 5145 3092 5196 sit
3124 5143 3487 5197 obsidentium

1930 5238 2233 5300 multitudo,
2266 5238 2616 5305 utdiscipulis
2644 5238 2896 5291 ostendat
2926 5252 2986 5290 se
3012 5237 3120 5303 jam
3157 5235 3339 5289 multis
3370 5249 3488 5287 esse

2896 5345 2911 5381 :
2965 5328 3289 5396 animosque
3347 5326 3490 5379 addit

2837 5447 2861 5476 ⁸
2890 5438 3025 5496 Gen.
3058 5455 3131 5505 tv,
3162 5440 3217 5494 9.
3300 5440 3319 5475 ι
3351 5438 3489 5493 Gen.

1538 5604 1767 5659 VARIA‘Z
1798 5603 2201 5661 LECTIONES.

333 5697 376 5729 "
401 5700 502 5768 ὴμ.
533 5700 745 5769 ἐκείνην
772 5699 894 5754 οὐδέ
927 5717 986 5763 ς.
1063 5699 1106 5729 ⁸⁸
1135 5700 1393 5767 ἐνάγοντα
1423 5702 1485 5752 Α.

254 5770 510 5831 καταὸάς
539 5787 599 5833 ς.
676 5771 719 5801 ⁸⁸
750 5772 845 5839 μέν
867 5770 909 5824 Α
944 5785 956 5820 :
994 5770 1190 5838 μήν’ς.

1583 5699 1626 5728 ⁸³
1660 5696 1873 5764 φύσεως
1901 5698 1945 5749 Α
1982 5716 1996 5751 :
2037 5695 2220 5766 omni};
2248 5713 2306 5759 ς.

1288 5770 1331 5800 ⁶⁷
1360 5770 1434 5833 ὡς
1468 5780 1590 5825 ante
1623 5769 1718 5823 καὶ
1767 5768 1889 5823 add.
1920 5769 1987 5823 Α.

2384 5698 2428 5727 ⁴⁵
2459 5696 2617 5759 αὐτὸς
2646 5698 2680 5768 ἠ
2714 5696 2923 5768 κεφαλή
2957 5714 3018 5763 ς.

3096 5694 3138 5730 ⁸⁸
3162 5695 3362 5765 σφόδρα
3392 5698 3486 5747 καὶ

2088 5763 2132 5797 ⁸⁸
2161 5763 2345 5830 αὐτοῖς
2372 5767 2569 5822 πίστιν
2599 5784 2658 5831 ς.
