  <div class='ocr_page' id='page_1' title='image "/cluster/home/n/w/nwhite01/storage/ocr_20150623/103/nnc1.0046979689/558.png"; bbox 0 0 4208 6442; ppageno 0'>
   <div class='ocr_carea' id='block_1_1' title="bbox 210 418 349 483">
    <p class='ocr_par' dir='ltr' id='par_1_1' title="bbox 210 418 349 483">
     <span class='ocr_line' id='line_1_1' title="bbox 210 418 349 483; baseline -0.014 0"><span class='ocrx_word' id='word_1_1' title='bbox 210 418 349 483; x_wconf 85' lang='grc'><strong>1085</strong></span> 
     </span>
    </p>
   </div>
   <div class='ocr_carea' id='block_1_2' title="bbox 1266 413 2389 479">
    <p class='ocr_par' dir='ltr' id='par_1_2' title="bbox 1266 413 2389 479">
     <span class='ocr_line' id='line_1_2' title="bbox 1266 413 2389 479; baseline -0.004 -2"><span class='ocrx_word' id='word_1_2' title='bbox 1266 417 1776 479; x_wconf 84' lang='lat' dir='ltr'><strong>BIBLIOTHECA.</strong></span> <span class='ocrx_word' id='word_1_3' title='bbox 1816 438 1887 449; x_wconf 83' lang='lat'><strong>—</strong></span> <span class='ocrx_word' id='word_1_4' title='bbox 1924 413 2087 473; x_wconf 89' lang='lat' dir='ltr'><strong>COD.</strong></span> <span class='ocrx_word' id='word_1_5' title='bbox 2126 414 2389 474; x_wconf 81' lang='lat' dir='ltr'><strong>CCXXX.</strong></span> 
     </span>
    </p>
   </div>
   <div class='ocr_carea' id='block_1_3' title="bbox 3282 413 3414 477">
    <p class='ocr_par' dir='ltr' id='par_1_3' title="bbox 3282 413 3414 477">
     <span class='ocr_line' id='line_1_3' title="bbox 3282 413 3414 477; baseline 0 0"><span class='ocrx_word' id='word_1_6' title='bbox 3282 413 3414 477; x_wconf 79' lang='lat'><strong>1086</strong></span> 
     </span>
    </p>
   </div>
   <div class='ocr_carea' id='block_1_4' title="bbox 204 525 1784 601">
    <p class='ocr_par' dir='ltr' id='par_1_4' title="bbox 204 530 1759 601">
     <span class='ocr_line' id='line_1_4' title="bbox 204 530 1759 601; baseline -0.002 -17"><span class='ocrx_word' id='word_1_7' title='bbox 204 530 637 601; x_wconf 78' lang='grc' dir='ltr'>συνακμάσαντα</span> <span class='ocrx_word' id='word_1_8' title='bbox 665 530 723 582; x_wconf 82' lang='grc' dir='ltr'>δὲ</span> <span class='ocrx_word' id='word_1_9' title='bbox 752 530 893 583; x_wconf 86' lang='grc' dir='ltr'><strong>κατά</strong></span> <span class='ocrx_word' id='word_1_10' title='bbox 921 546 983 596; x_wconf 86' lang='grc' dir='ltr'><strong>γε</strong></span> <span class='ocrx_word' id='word_1_11' title='bbox 1028 530 1073 562; x_wconf 75' lang='grc'>’³</span> <span class='ocrx_word' id='word_1_12' title='bbox 1120 531 1244 591; x_wconf 82' lang='grc' dir='ltr'>τοὺς</span> <span class='ocrx_word' id='word_1_13' title='bbox 1293 532 1516 600; x_wconf 85' lang='grc' dir='ltr'>χρόνους</span> <span class='ocrx_word' id='word_1_14' title='bbox 1560 531 1759 597; x_wconf 80' lang='grc' dir='ltr'><strong>Σίμωνι</strong></span> 
     </span>
    </p>
   </div>
   <div class='ocr_carea' id='block_1_5' title="bbox 1798 525 3412 601">
    <p class='ocr_par' dir='ltr' id='par_1_5' title="bbox 1798 525 3412 596">
     <span class='ocr_line' id='line_1_5' title="bbox 1798 525 3412 596; baseline 0.001 -15"><span class='ocrx_word' id='word_1_15' title='bbox 1798 537 2039 592; x_wconf 71' lang='lat' dir='ltr'><strong>Actum,</strong></span> <span class='ocrx_word' id='word_1_16' title='bbox 2095 541 2402 596; x_wconf 89' lang='lat' dir='ltr'><strong>portentose</strong></span> <span class='ocrx_word' id='word_1_17' title='bbox 2462 526 2784 590; x_wconf 75' lang='lat' dir='ltr'><strong>commenti,</strong></span> <span class='ocrx_word' id='word_1_18' title='bbox 2842 525 2909 580; x_wconf 84' lang='lat' dir='ltr'><strong>ab</strong></span> <span class='ocrx_word' id='word_1_19' title='bbox 2970 526 3138 594; x_wconf 86' lang='lat' dir='ltr'><strong>ipsius</strong></span> <span class='ocrx_word' id='word_1_20' title='bbox 3198 528 3412 583; x_wconf 86' lang='lat' dir='ltr'><strong>nomine</strong></span> 
     </span>
    </p>
   </div>
   <div class='ocr_carea' id='block_1_6' title="bbox 206 616 1762 691">
    <p class='ocr_par' dir='ltr' id='par_1_6' title="bbox 206 616 1762 691">
     <span class='ocr_line' id='line_1_6' title="bbox 206 616 1762 691; baseline -0.003 -16"><span class='ocrx_word' id='word_1_21' title='bbox 206 620 281 689; x_wconf 83' lang='grc' dir='ltr'>τῷ</span> <span class='ocrx_word' id='word_1_22' title='bbox 312 621 487 689; x_wconf 83' lang='grc' dir='ltr'><strong>Μάγῳ</strong></span> <span class='ocrx_word' id='word_1_23' title='bbox 519 635 533 650; x_wconf 79' lang='grc'><strong><em>⁸</em></strong></span> <span class='ocrx_word' id='word_1_24' title='bbox 565 620 657 672; x_wconf 72' lang='grc' dir='ltr'><strong>καὶ</strong></span> <span class='ocrx_word' id='word_1_25' title='bbox 684 618 871 671; x_wconf 79' lang='grc' dir='ltr'>τοῦτον</span> <span class='ocrx_word' id='word_1_26' title='bbox 907 616 1041 673; x_wconf 73' lang='grc' dir='ltr'>εἶναι</span> <span class='ocrx_word' id='word_1_27' title='bbox 1076 620 1165 671; x_wconf 83' lang='grc' dir='ltr'><strong>τὸν</strong></span> <span class='ocrx_word' id='word_1_28' title='bbox 1210 621 1645 691; x_wconf 82' lang='grc' dir='ltr'>προφητευθέντα</span> <span class='ocrx_word' id='word_1_29' title='bbox 1674 637 1762 670; x_wconf 81' lang='grc' dir='ltr'>τε-</span> 
     </span>
    </p>
   </div>
   <div class='ocr_carea' id='block_1_7' title="bbox 205 710 1763 780">
    <p class='ocr_par' dir='ltr' id='par_1_7' title="bbox 205 710 1763 780">
     <span class='ocr_line' id='line_1_7' title="bbox 205 710 1763 780; baseline -0.001 -17"><span class='ocrx_word' id='word_1_30' title='bbox 205 710 561 780; x_wconf 79' lang='grc' dir='ltr'>ριτευόμενοι</span> <span class='ocrx_word' id='word_1_31' title='bbox 593 711 651 775; x_wconf 75' lang='grc' dir='ltr'>ἐξ</span> <span class='ocrx_word' id='word_1_32' title='bbox 695 710 857 762; x_wconf 81' lang='grc' dir='ltr'>αὐτοῦ</span> <span class='ocrx_word' id='word_1_33' title='bbox 898 710 994 777; x_wconf 79' lang='grc' dir='ltr'><strong>τὴν</strong></span> <span class='ocrx_word' id='word_1_34' title='bbox 1042 711 1357 779; x_wconf 79' lang='grc' dir='ltr'>ἐπωνυμίαν</span> <span class='ocrx_word' id='word_1_35' title='bbox 1407 711 1619 779; x_wconf 78' lang='grc' dir='ltr'>ἔφερον.</span> <span class='ocrx_word' id='word_1_36' title='bbox 1668 716 1763 761; x_wconf 92' lang='grc' dir='ltr'><strong>Δο-</strong></span> 
     </span>
    </p>
   </div>
   <div class='ocr_carea' id='block_1_8' title="bbox 204 798 1764 871">
    <p class='ocr_par' dir='ltr' id='par_1_8' title="bbox 204 798 1764 871">
     <span class='ocr_line' id='line_1_8' title="bbox 204 798 1764 871; baseline -0.001 -18"><span class='ocrx_word' id='word_1_37' title='bbox 204 801 396 871; x_wconf 80' lang='grc' dir='ltr'>σθηνοὶ</span> <span class='ocrx_word' id='word_1_38' title='bbox 440 802 779 870; x_wconf 84' lang='grc' dir='ltr'>καλούμενοι.</span> <span class='ocrx_word' id='word_1_39' title='bbox 838 798 1003 863; x_wconf 72' lang='grc' dir='ltr'>Οὗτος</span> <span class='ocrx_word' id='word_1_40' title='bbox 1050 802 1104 853; x_wconf 83' lang='grc' dir='ltr'><strong>δὲ</strong></span> <span class='ocrx_word' id='word_1_41' title='bbox 1159 801 1414 870; x_wconf 81' lang='grc' dir='ltr'>ὑῦριστῆς</span> <span class='ocrx_word' id='word_1_42' title='bbox 1449 802 1545 869; x_wconf 85' lang='grc' dir='ltr'>μὲν</span> <span class='ocrx_word' id='word_1_43' title='bbox 1577 802 1764 868; x_wconf 80' lang='grc' dir='ltr'>γέγονε</span> 
     </span>
    </p>
   </div>
   <div class='ocr_carea' id='block_1_9' title="bbox 203 891 1763 963">
    <p class='ocr_par' dir='ltr' id='par_1_9' title="bbox 203 891 1763 963">
     <span class='ocr_line' id='line_1_9' title="bbox 203 891 1763 963; baseline -0.003 -16"><span class='ocrx_word' id='word_1_44' title='bbox 203 894 315 946; x_wconf 88' lang='grc' dir='ltr'><strong>τῶν</strong></span> <span class='ocrx_word' id='word_1_45' title='bbox 344 894 438 947; x_wconf 83' lang='grc' dir='ltr'>τοῦ</span> <span class='ocrx_word' id='word_1_46' title='bbox 469 894 602 945; x_wconf 82' lang='grc' dir='ltr'>Θεοῦ</span> <span class='ocrx_word' id='word_1_47' title='bbox 638 894 952 963; x_wconf 82' lang='grc' dir='ltr'><strong>προφητῶν,</strong></span> <span class='ocrx_word' id='word_1_48' title='bbox 983 894 1236 962; x_wconf 79' lang='grc' dir='ltr'>ὐδριστὴς</span> <span class='ocrx_word' id='word_1_49' title='bbox 1291 893 1347 945; x_wconf 85' lang='grc' dir='ltr'>δὲ</span> <span class='ocrx_word' id='word_1_50' title='bbox 1399 893 1629 961; x_wconf 82' lang='grc' dir='ltr'>μάλιστα</span> <span class='ocrx_word' id='word_1_51' title='bbox 1672 891 1763 943; x_wconf 78' lang='grc' dir='ltr'>τοῦ</span> 
     </span>
    </p>
   </div>
   <div class='ocr_carea' id='block_1_10' title="bbox 215 980 1763 1053">
    <p class='ocr_par' dir='ltr' id='par_1_10' title="bbox 215 980 1763 1053">
     <span class='ocr_line' id='line_1_10' title="bbox 215 980 1763 1053; baseline -0.002 -18"><span class='ocrx_word' id='word_1_52' title='bbox 215 983 390 1036; x_wconf 81' lang='grc' dir='ltr'>’ἰούδα</span> <span class='ocrx_word' id='word_1_53' title='bbox 418 982 510 1034; x_wconf 80' lang='grc' dir='ltr'>τοῦ</span> <span class='ocrx_word' id='word_1_54' title='bbox 545 984 660 1044; x_wconf 77' lang='grc' dir='ltr'>ἐνὸς</span> <span class='ocrx_word' id='word_1_55' title='bbox 698 983 807 1033; x_wconf 88' lang='grc' dir='ltr'><strong>τῶν</strong></span> <span class='ocrx_word' id='word_1_56' title='bbox 844 982 1049 1034; x_wconf 85' lang='grc' dir='ltr'>δώδεκα</span> <span class='ocrx_word' id='word_1_57' title='bbox 1092 982 1464 1051; x_wconf 87' lang='grc' dir='ltr'>πατριαρχῶν,</span> <span class='ocrx_word' id='word_1_58' title='bbox 1503 982 1627 1053; x_wconf 87' lang='grc'>[885</span> <span class='ocrx_word' id='word_1_59' title='bbox 1673 980 1763 1051; x_wconf 64' lang='lat' dir='ltr'><strong>IL]</strong></span> 
     </span>
    </p>
   </div>
   <div class='ocr_carea' id='block_1_11' title="bbox 205 1072 1765 1143">
    <p class='ocr_par' dir='ltr' id='par_1_11' title="bbox 205 1072 1765 1143">
     <span class='ocr_line' id='line_1_11' title="bbox 205 1072 1765 1143; baseline -0.001 -18"><span class='ocrx_word' id='word_1_60' title='bbox 205 1074 345 1141; x_wconf 85' lang='grc' dir='ltr'>μηδὲ</span> <span class='ocrx_word' id='word_1_61' title='bbox 398 1075 519 1134; x_wconf 81' lang='grc' dir='ltr'>τοὺς</span> <span class='ocrx_word' id='word_1_62' title='bbox 556 1074 682 1142; x_wconf 76' lang='grc' dir='ltr'>περὶ</span> <span class='ocrx_word' id='word_1_63' title='bbox 726 1072 889 1125; x_wconf 77' lang='grc' dir='ltr'>αὑτοῦ</span> <span class='ocrx_word' id='word_1_64' title='bbox 939 1074 984 1104; x_wconf 80' lang='grc'>⁷³</span> <span class='ocrx_word' id='word_1_65' title='bbox 1034 1072 1256 1143; x_wconf 86' lang='grc' dir='ltr'><strong>μυρίους</strong></span> <span class='ocrx_word' id='word_1_66' title='bbox 1307 1073 1562 1135; x_wconf 75' lang='grc' dir='ltr'>ἐπαίνους</span> <span class='ocrx_word' id='word_1_67' title='bbox 1616 1073 1765 1140; x_wconf 82' lang='grc' dir='ltr'><strong>παρὰ</strong></span> 
     </span>
    </p>
   </div>
   <div class='ocr_carea' id='block_1_12' title="bbox 208 1164 1763 1233">
    <p class='ocr_par' dir='ltr' id='par_1_12' title="bbox 208 1164 1763 1233">
     <span class='ocr_line' id='line_1_12' title="bbox 208 1164 1763 1233; baseline -0.011 -4"><span class='ocrx_word' id='word_1_68' title='bbox 208 1167 306 1232; x_wconf 77' lang='grc' dir='ltr'><strong>εῆς</strong></span> <span class='ocrx_word' id='word_1_69' title='bbox 350 1166 649 1232; x_wconf 82' lang='grc' dir='ltr'>Μωσαῖκῆς</span> <span class='ocrx_word' id='word_1_70' title='bbox 694 1165 914 1232; x_wconf 79' lang='grc' dir='ltr'>Γραφῆς</span> <span class='ocrx_word' id='word_1_71' title='bbox 946 1164 1275 1233; x_wconf 75' lang='grc' dir='ltr'>αἰσχυνθείς.</span> <span class='ocrx_word' id='word_1_72' title='bbox 1318 1166 1450 1226; x_wconf 82' lang='grc' dir='ltr'>Τοὺς</span> <span class='ocrx_word' id='word_1_73' title='bbox 1483 1164 1575 1215; x_wconf 78' lang='grc' dir='ltr'><strong>οὖν</strong></span> <span class='ocrx_word' id='word_1_74' title='bbox 1612 1164 1763 1232; x_wconf 76' lang='grc' dir='ltr'>εἰρη-</span> 
     </span>
    </p>
   </div>
   <div class='ocr_carea' id='block_1_13' title="bbox 205 1256 1765 1327">
    <p class='ocr_par' dir='ltr' id='par_1_13' title="bbox 205 1256 1765 1327">
     <span class='ocr_line' id='line_1_13' title="bbox 205 1256 1765 1327; baseline 0.001 -19"><span class='ocrx_word' id='word_1_75' title='bbox 205 1258 405 1327; x_wconf 77' lang='grc' dir='ltr'>μένους</span> <span class='ocrx_word' id='word_1_76' title='bbox 452 1258 661 1319; x_wconf 80' lang='grc' dir='ltr'>πάντας</span> <span class='ocrx_word' id='word_1_77' title='bbox 713 1257 925 1310; x_wconf 82' lang='grc' dir='ltr'>πλύνων</span> <span class='ocrx_word' id='word_1_78' title='bbox 971 1261 1063 1309; x_wconf 81' lang='grc' dir='ltr'><strong>καί</strong></span> <span class='ocrx_word' id='word_1_79' title='bbox 1115 1256 1396 1322; x_wconf 71' lang='grc' dir='ltr'>διατελῶν,</span> <span class='ocrx_word' id='word_1_80' title='bbox 1447 1258 1526 1318; x_wconf 84' lang='grc' dir='ltr'><strong>είς</strong></span> <span class='ocrx_word' id='word_1_81' title='bbox 1578 1256 1765 1309; x_wconf 79' lang='grc' dir='ltr'>ἑαυτὸν</span> 
     </span>
    </p>
   </div>
   <div class='ocr_carea' id='block_1_14' title="bbox 203 1346 1765 1418">
    <p class='ocr_par' dir='ltr' id='par_1_14' title="bbox 203 1346 1765 1418">
     <span class='ocr_line' id='line_1_14' title="bbox 203 1346 1765 1418; baseline 0 -20"><span class='ocrx_word' id='word_1_82' title='bbox 203 1350 384 1401; x_wconf 72' lang='grc' dir='ltr'>πάντα</span> <span class='ocrx_word' id='word_1_83' title='bbox 401 1350 493 1401; x_wconf 74' lang='grc' dir='ltr'><strong>καὶ</strong></span> <span class='ocrx_word' id='word_1_84' title='bbox 510 1349 605 1416; x_wconf 85' lang='grc' dir='ltr'><strong>τὴν</strong></span> <span class='ocrx_word' id='word_1_85' title='bbox 619 1349 951 1418; x_wconf 75' lang='grc' dir='ltr'>προφητείαν</span> <span class='ocrx_word' id='word_1_86' title='bbox 969 1350 1062 1401; x_wconf 73' lang='grc' dir='ltr'><strong>καὶ</strong></span> <span class='ocrx_word' id='word_1_87' title='bbox 1080 1350 1176 1418; x_wconf 79' lang='grc' dir='ltr'>τὴν</span> <span class='ocrx_word' id='word_1_88' title='bbox 1193 1349 1357 1417; x_wconf 82' lang='grc' dir='ltr'>ἀλλην</span> <span class='ocrx_word' id='word_1_89' title='bbox 1371 1348 1641 1416; x_wconf 83' lang='grc' dir='ltr'>περιέσπα</span> <span class='ocrx_word' id='word_1_90' title='bbox 1654 1346 1765 1399; x_wconf 75' lang='grc' dir='ltr'>θειο</span> 
     </span>
    </p>
   </div>
   <div class='ocr_carea' id='block_1_15' title="bbox 202 1438 1767 1509">
    <p class='ocr_par' dir='ltr' id='par_1_15' title="bbox 202 1438 1767 1509">
     <span class='ocr_line' id='line_1_15' title="bbox 202 1438 1767 1509; baseline -0.003 -17"><span class='ocrx_word' id='word_1_91' title='bbox 202 1441 395 1507; x_wconf 80' lang='grc' dir='ltr'><strong>ότητα.</strong></span> <span class='ocrx_word' id='word_1_92' title='bbox 416 1442 653 1509; x_wconf 81' lang='grc' dir='ltr'>Μυρίαις</span> <span class='ocrx_word' id='word_1_93' title='bbox 682 1441 737 1492; x_wconf 83' lang='grc' dir='ltr'>δὲ</span> <span class='ocrx_word' id='word_1_94' title='bbox 772 1442 864 1492; x_wconf 76' lang='grc' dir='ltr'><strong>καὶ</strong></span> <span class='ocrx_word' id='word_1_95' title='bbox 906 1440 1177 1502; x_wconf 79' lang='grc' dir='ltr'>ποικίλαις</span> <span class='ocrx_word' id='word_1_96' title='bbox 1200 1440 1383 1502; x_wconf 86' lang='grc' dir='ltr'>ἀλλαις</span> <span class='ocrx_word' id='word_1_97' title='bbox 1407 1438 1637 1499; x_wconf 87' lang='grc' dir='ltr'>νοθείαις</span> <span class='ocrx_word' id='word_1_98' title='bbox 1670 1440 1767 1505; x_wconf 83' lang='grc' dir='ltr'>τὴν</span> 
     </span>
    </p>
   </div>
   <div class='ocr_carea' id='block_1_16' title="bbox 203 1530 1766 1602">
    <p class='ocr_par' dir='ltr' id='par_1_16' title="bbox 203 1530 1766 1602">
     <span class='ocr_line' id='line_1_16' title="bbox 203 1530 1766 1602; baseline -0.003 -16"><span class='ocrx_word' id='word_1_99' title='bbox 203 1535 506 1601; x_wconf 79' lang='grc' dir='ltr'>Μωσαῖκὴν</span> <span class='ocrx_word' id='word_1_100' title='bbox 540 1534 865 1602; x_wconf 84' lang='grc' dir='ltr'>ὀκτὰτευχον</span> <span class='ocrx_word' id='word_1_101' title='bbox 906 1532 1403 1601; x_wconf 83' lang='grc' dir='ltr'>κατακιϐδηλεύσας</span> <span class='ocrx_word' id='word_1_102' title='bbox 1424 1572 1436 1594; x_wconf 87' lang='grc'><strong>,</strong></span> <span class='ocrx_word' id='word_1_103' title='bbox 1470 1531 1565 1584; x_wconf 82' lang='grc' dir='ltr'>καὶ</span> <span class='ocrx_word' id='word_1_104' title='bbox 1604 1530 1766 1599; x_wconf 69' lang='grc' dir='ltr'>ἕτερά</span> 
     </span>
    </p>
   </div>
   <div class='ocr_carea' id='block_1_17' title="bbox 201 1624 1767 1694">
    <p class='ocr_par' dir='ltr' id='par_1_17' title="bbox 201 1624 1767 1694">
     <span class='ocr_line' id='line_1_17' title="bbox 201 1624 1767 1694; baseline -0.003 -17"><span class='ocrx_word' id='word_1_105' title='bbox 201 1641 330 1678; x_wconf 81' lang='grc' dir='ltr'>τινα</span> <span class='ocrx_word' id='word_1_106' title='bbox 348 1625 749 1694; x_wconf 79' lang='grc' dir='ltr'>συγγράμματα</span> <span class='ocrx_word' id='word_1_107' title='bbox 781 1624 935 1693; x_wconf 87' lang='grc' dir='ltr'><strong>μωρά</strong></span> <span class='ocrx_word' id='word_1_108' title='bbox 950 1642 1005 1675; x_wconf 86' lang='grc' dir='ltr'><strong>τε</strong></span> <span class='ocrx_word' id='word_1_109' title='bbox 1034 1626 1125 1675; x_wconf 78' lang='grc' dir='ltr'><strong>καὶ</strong></span> <span class='ocrx_word' id='word_1_110' title='bbox 1152 1624 1409 1675; x_wconf 86' lang='grc' dir='ltr'>ἀλλόκοτα</span> <span class='ocrx_word' id='word_1_111' title='bbox 1428 1624 1518 1675; x_wconf 76' lang='grc' dir='ltr'>καὶ</span> <span class='ocrx_word' id='word_1_112' title='bbox 1538 1624 1767 1675; x_wconf 90' lang='grc' dir='ltr'>ἀπεναν-</span> 
     </span>
    </p>
   </div>
   <div class='ocr_carea' id='block_1_18' title="bbox 200 1714 1768 1787">
    <p class='ocr_par' dir='ltr' id='par_1_18' title="bbox 200 1714 1768 1787">
     <span class='ocr_line' id='line_1_18' title="bbox 200 1714 1768 1787; baseline -0.001 -19"><span class='ocrx_word' id='word_1_113' title='bbox 200 1715 299 1768; x_wconf 83' lang='grc' dir='ltr'><strong>τία</strong></span> <span class='ocrx_word' id='word_1_114' title='bbox 339 1716 385 1748; x_wconf 75' lang='grc'>⁷⁸</span> <span class='ocrx_word' id='word_1_115' title='bbox 414 1716 787 1785; x_wconf 78' lang='grc' dir='ltr'>πνευματικῆς</span> <span class='ocrx_word' id='word_1_116' title='bbox 829 1714 955 1786; x_wconf 72' lang='grc'><strong>[467</strong></span> <span class='ocrx_word' id='word_1_117' title='bbox 977 1716 1067 1787; x_wconf 84' lang='lat' dir='ltr'><strong>H.]</strong></span> <span class='ocrx_word' id='word_1_118' title='bbox 1090 1716 1404 1784; x_wconf 83' lang='grc' dir='ltr'>νομοθεσίας</span> <span class='ocrx_word' id='word_1_119' title='bbox 1433 1716 1768 1785; x_wconf 83' lang='grc' dir='ltr'>συντεταχὼς</span> 
     </span>
    </p>
   </div>
   <div class='ocr_carea' id='block_1_19' title="bbox 200 1806 1767 1878">
    <p class='ocr_par' dir='ltr' id='par_1_19' title="bbox 200 1806 1767 1878">
     <span class='ocr_line' id='line_1_19' title="bbox 200 1806 1767 1878; baseline -0.002 -17"><span class='ocrx_word' id='word_1_120' title='bbox 200 1809 323 1872; x_wconf 74' lang='grc' dir='ltr'>τοῖς</span> <span class='ocrx_word' id='word_1_121' title='bbox 354 1807 691 1877; x_wconf 79' lang='grc' dir='ltr'>πειθομένοις</span> <span class='ocrx_word' id='word_1_122' title='bbox 720 1809 1028 1861; x_wconf 86' lang='grc' dir='ltr'>κατέλιπεν.</span> <span class='ocrx_word' id='word_1_123' title='bbox 1071 1809 1441 1878; x_wconf 83' lang='grc' dir='ltr'>Ἀπεκήρυττε</span> <span class='ocrx_word' id='word_1_124' title='bbox 1466 1808 1520 1860; x_wconf 78' lang='grc' dir='ltr'>δὲ</span> <span class='ocrx_word' id='word_1_125' title='bbox 1538 1807 1631 1859; x_wconf 72' lang='grc' dir='ltr'>καὶ</span> <span class='ocrx_word' id='word_1_126' title='bbox 1670 1806 1767 1876; x_wconf 79' lang='grc' dir='ltr'><strong>τὴν</strong></span> 
     </span>
    </p>
   </div>
   <div class='ocr_carea' id='block_1_20' title="bbox 202 1898 1767 1968">
    <p class='ocr_par' dir='ltr' id='par_1_20' title="bbox 202 1898 1767 1968">
     <span class='ocr_line' id='line_1_20' title="bbox 202 1898 1767 1968; baseline -0.004 -13"><span class='ocrx_word' id='word_1_127' title='bbox 202 1901 526 1955; x_wconf 77' lang='grc' dir='ltr'>ἀνάστασιν.</span> <span class='ocrx_word' id='word_1_128' title='bbox 565 1900 629 1951; x_wconf 83' lang='grc' dir='ltr'>Δί</span> <span class='ocrx_word' id='word_1_129' title='bbox 662 1900 758 1968; x_wconf 81' lang='grc' dir='ltr'><strong>μὲν</strong></span> <span class='ocrx_word' id='word_1_130' title='bbox 789 1899 881 1951; x_wconf 83' lang='grc' dir='ltr'><strong>οὒν</strong></span> <span class='ocrx_word' id='word_1_131' title='bbox 920 1899 1131 1967; x_wconf 81' lang='grc' dir='ltr'>μερίδες</span> <span class='ocrx_word' id='word_1_132' title='bbox 1171 1898 1312 1950; x_wconf 72' lang='grc' dir='ltr'>οὕτω</span> <span class='ocrx_word' id='word_1_133' title='bbox 1336 1900 1412 1959; x_wconf 88' lang='grc' dir='ltr'><strong>είς</strong></span> <span class='ocrx_word' id='word_1_134' title='bbox 1446 1898 1767 1959; x_wconf 83' lang='grc' dir='ltr'>ἀντιπάλους</span> 
     </span>
    </p>
   </div>
   <div class='ocr_carea' id='block_1_21' title="bbox 200 1989 1765 2061">
    <p class='ocr_par' dir='ltr' id='par_1_21' title="bbox 200 1989 1765 2061">
     <span class='ocr_line' id='line_1_21' title="bbox 200 1989 1765 2061; baseline -0.002 -15"><span class='ocrx_word' id='word_1_135' title='bbox 200 1992 304 2046; x_wconf 77' lang='grc' dir='ltr'>καὶ</span> <span class='ocrx_word' id='word_1_136' title='bbox 354 1990 702 2061; x_wconf 80' lang='grc' dir='ltr'>βλασφήμους</span> <span class='ocrx_word' id='word_1_137' title='bbox 732 1989 884 2054; x_wconf 70' lang='grc' dir='ltr'>δόξας</span> <span class='ocrx_word' id='word_1_138' title='bbox 922 1992 1287 2059; x_wconf 81' lang='grc' dir='ltr'>διετέτμηντο.</span> <span class='ocrx_word' id='word_1_139' title='bbox 1343 1990 1661 2042; x_wconf 85' lang='grc' dir='ltr'>Ἐπιδιδόασι</span> <span class='ocrx_word' id='word_1_140' title='bbox 1709 1990 1765 2043; x_wconf 75' lang='grc' dir='ltr'>δὲ</span> 
     </span>
    </p>
   </div>
   <div class='ocr_carea' id='block_1_22' title="bbox 199 2081 1766 2152">
    <p class='ocr_par' dir='ltr' id='par_1_22' title="bbox 199 2081 1766 2152">
     <span class='ocr_line' id='line_1_22' title="bbox 199 2081 1766 2152; baseline -0.004 -14"><span class='ocrx_word' id='word_1_141' title='bbox 199 2082 305 2138; x_wconf 77' lang='grc' dir='ltr'>καὶ</span> <span class='ocrx_word' id='word_1_142' title='bbox 354 2082 625 2145; x_wconf 80' lang='grc' dir='ltr'>λιὸέλλους</span> <span class='ocrx_word' id='word_1_143' title='bbox 684 2083 821 2152; x_wconf 84' lang='grc' dir='ltr'>ὑπέρ</span> <span class='ocrx_word' id='word_1_144' title='bbox 866 2100 923 2134; x_wconf 89' lang='grc' dir='ltr'><strong>τε</strong></span> <span class='ocrx_word' id='word_1_145' title='bbox 970 2083 1011 2115; x_wconf 81' lang='grc'><strong>⁷⁸</strong></span> <span class='ocrx_word' id='word_1_146' title='bbox 1062 2081 1152 2134; x_wconf 83' lang='grc' dir='ltr'>τοῦ</span> <span class='ocrx_word' id='word_1_147' title='bbox 1198 2081 1394 2134; x_wconf 75' lang='grc' dir='ltr'>οἰκείου</span> <span class='ocrx_word' id='word_1_148' title='bbox 1429 2083 1766 2151; x_wconf 85' lang='grc' dir='ltr'>φρονήματος</span> 
     </span>
    </p>
   </div>
   <div class='ocr_carea' id='block_1_23' title="bbox 198 2172 1764 2243">
    <p class='ocr_par' dir='ltr' id='par_1_23' title="bbox 198 2172 1764 2243">
     <span class='ocr_line' id='line_1_23' title="bbox 198 2172 1764 2243; baseline -0.004 -16"><span class='ocrx_word' id='word_1_149' title='bbox 198 2174 302 2227; x_wconf 78' lang='grc' dir='ltr'>καὶ</span> <span class='ocrx_word' id='word_1_150' title='bbox 333 2174 473 2226; x_wconf 88' lang='grc' dir='ltr'><strong>κατά</strong></span> <span class='ocrx_word' id='word_1_151' title='bbox 503 2173 596 2225; x_wconf 83' lang='grc' dir='ltr'>τοῦ</span> <span class='ocrx_word' id='word_1_152' title='bbox 621 2174 1021 2243; x_wconf 86' lang='grc' dir='ltr'>ἀντικειμένου,</span> <span class='ocrx_word' id='word_1_153' title='bbox 1060 2172 1215 2243; x_wconf 72' lang='grc' dir='ltr'>μερὶς</span> <span class='ocrx_word' id='word_1_154' title='bbox 1248 2172 1480 2239; x_wconf 81' lang='grc' dir='ltr'>ἑκατέρα</span> <span class='ocrx_word' id='word_1_155' title='bbox 1511 2172 1600 2222; x_wconf 72' lang='grc' dir='ltr'>τὸν</span> <span class='ocrx_word' id='word_1_156' title='bbox 1639 2172 1764 2240; x_wconf 78' lang='grc' dir='ltr'>παρ’</span> 
     </span>
    </p>
   </div>
   <div class='ocr_carea' id='block_1_24' title="bbox 202 2260 1763 2336">
    <p class='ocr_par' dir='ltr' id='par_1_24' title="bbox 202 2260 1763 2336">
     <span class='ocr_line' id='line_1_24' title="bbox 202 2260 1763 2336; baseline -0.002 -17"><span class='ocrx_word' id='word_1_157' title='bbox 202 2268 393 2329; x_wconf 81' lang='grc' dir='ltr'>αὐτοῖς</span> <span class='ocrx_word' id='word_1_158' title='bbox 440 2267 873 2336; x_wconf 75' lang='grc' dir='ltr'>πρεσϐευόμενον</span> <span class='ocrx_word' id='word_1_159' title='bbox 905 2268 1187 2335; x_wconf 71' lang='grc' dir='ltr'>προφήτην</span> <span class='ocrx_word' id='word_1_160' title='bbox 1236 2260 1376 2317; x_wconf 73' lang='grc' dir='ltr'>εἶναι</span> <span class='ocrx_word' id='word_1_161' title='bbox 1423 2263 1763 2334; x_wconf 85' lang='grc' dir='ltr'>προτιμῶσα.</span> 
     </span>
    </p>
   </div>
   <div class='ocr_carea' id='block_1_25' title="bbox 201 2356 1768 2427">
    <p class='ocr_par' dir='ltr' id='par_1_25' title="bbox 201 2356 1768 2427">
     <span class='ocr_line' id='line_1_25' title="bbox 201 2356 1768 2427; baseline -0.003 -15"><span class='ocrx_word' id='word_1_162' title='bbox 201 2358 439 2420; x_wconf 75' lang='grc' dir='ltr'>Καθίζει</span> <span class='ocrx_word' id='word_1_163' title='bbox 470 2358 524 2409; x_wconf 83' lang='grc' dir='ltr'>δὲ</span> <span class='ocrx_word' id='word_1_164' title='bbox 550 2357 751 2409; x_wconf 80' lang='grc' dir='ltr'>τούτων</span> <span class='ocrx_word' id='word_1_165' title='bbox 794 2356 1049 2427; x_wconf 77' lang='grc' dir='ltr'>δικαστὴς</span> <span class='ocrx_word' id='word_1_166' title='bbox 1080 2360 1106 2409; x_wconf 85' lang='grc' dir='ltr'>ὁ</span> <span class='ocrx_word' id='word_1_167' title='bbox 1150 2357 1294 2425; x_wconf 77' lang='grc' dir='ltr'>ἱερὸς</span> <span class='ocrx_word' id='word_1_168' title='bbox 1332 2356 1582 2422; x_wconf 80' lang='grc' dir='ltr'>Εὐλὸγιος</span> <span class='ocrx_word' id='word_1_169' title='bbox 1634 2356 1768 2423; x_wconf 88' lang='grc' dir='ltr'><strong>μετά</strong></span> 
     </span>
    </p>
   </div>
   <div class='ocr_carea' id='block_1_26' title="bbox 203 2448 1770 2518">
    <p class='ocr_par' dir='ltr' id='par_1_26' title="bbox 203 2448 1770 2518">
     <span class='ocr_line' id='line_1_26' title="bbox 203 2448 1770 2518; baseline -0.002 -16"><span class='ocrx_word' id='word_1_170' title='bbox 203 2451 430 2502; x_wconf 79' lang='grc' dir='ltr'>συνόδου</span> <span class='ocrx_word' id='word_1_171' title='bbox 464 2450 733 2517; x_wconf 77' lang='grc' dir='ltr'>ἀρχιερεῖς</span> <span class='ocrx_word' id='word_1_172' title='bbox 784 2466 841 2500; x_wconf 90' lang='grc' dir='ltr'><strong>τε</strong></span> <span class='ocrx_word' id='word_1_173' title='bbox 864 2450 969 2501; x_wconf 89' lang='grc' dir='ltr'><strong>τῶν</strong></span> <span class='ocrx_word' id='word_1_174' title='bbox 1000 2449 1282 2518; x_wconf 76' lang='grc' dir='ltr'>ἐπισήμων</span> <span class='ocrx_word' id='word_1_175' title='bbox 1313 2449 1404 2500; x_wconf 77' lang='grc' dir='ltr'><strong>καὶ</strong></span> <span class='ocrx_word' id='word_1_176' title='bbox 1456 2450 1579 2510; x_wconf 83' lang='grc' dir='ltr'>τοὺς</span> <span class='ocrx_word' id='word_1_177' title='bbox 1630 2448 1770 2515; x_wconf 86' lang='grc' dir='ltr'>λαμ-</span> 
     </span>
    </p>
   </div>
   <div class='ocr_carea' id='block_1_27' title="bbox 198 2536 1768 2609">
    <p class='ocr_par' dir='ltr' id='par_1_27' title="bbox 198 2536 1768 2609">
     <span class='ocr_line' id='line_1_27' title="bbox 198 2536 1768 2609; baseline -0.001 -18"><span class='ocrx_word' id='word_1_178' title='bbox 198 2540 381 2609; x_wconf 70' lang='grc' dir='ltr'>προὺς</span> <span class='ocrx_word' id='word_1_179' title='bbox 417 2538 522 2589; x_wconf 88' lang='grc' dir='ltr'><strong>τῶν</strong></span> <span class='ocrx_word' id='word_1_180' title='bbox 547 2538 603 2589; x_wconf 84' lang='grc' dir='ltr'>ὲν</span> <span class='ocrx_word' id='word_1_181' title='bbox 626 2536 897 2605; x_wconf 76' lang='grc' dir='ltr'>ἀξιώμασι</span> <span class='ocrx_word' id='word_1_182' title='bbox 923 2536 1193 2607; x_wconf 83' lang='grc' dir='ltr'>πλήρωμα</span> <span class='ocrx_word' id='word_1_183' title='bbox 1226 2538 1551 2605; x_wconf 80' lang='grc' dir='ltr'>ποιουμένης</span> <span class='ocrx_word' id='word_1_184' title='bbox 1576 2552 1589 2565; x_wconf 74' lang='grc'><strong><em>⁸</em></strong></span> <span class='ocrx_word' id='word_1_185' title='bbox 1614 2537 1768 2605; x_wconf 79' lang='lat' dir='ltr'><strong>Map-</strong></span> 
     </span>
    </p>
   </div>
   <div class='ocr_carea' id='block_1_28' title="bbox 200 2627 1768 2697">
    <p class='ocr_par' dir='ltr' id='par_1_28' title="bbox 200 2627 1768 2697">
     <span class='ocr_line' id='line_1_28' title="bbox 200 2627 1768 2697; baseline -0.001 -15"><span class='ocrx_word' id='word_1_186' title='bbox 200 2630 396 2691; x_wconf 80' lang='grc' dir='ltr'>κιανὸς</span> <span class='ocrx_word' id='word_1_187' title='bbox 424 2630 464 2659; x_wconf 73' lang='grc' dir='ltr'><strong>τ’</strong></span> <span class='ocrx_word' id='word_1_188' title='bbox 489 2628 543 2679; x_wconf 83' lang='grc' dir='ltr'>δὲ</span> <span class='ocrx_word' id='word_1_189' title='bbox 582 2628 900 2695; x_wconf 81' lang='grc' dir='ltr'>τηνικαῦτα,</span> <span class='ocrx_word' id='word_1_190' title='bbox 941 2628 998 2689; x_wconf 74' lang='grc' dir='ltr'>ὃς</span> <span class='ocrx_word' id='word_1_191' title='bbox 1020 2631 1128 2689; x_wconf 86' lang='grc' dir='ltr'>τοῖς</span> <span class='ocrx_word' id='word_1_192' title='bbox 1162 2629 1485 2694; x_wconf 84' lang='grc' dir='ltr'>Ῥωμαϊκοῖς</span> <span class='ocrx_word' id='word_1_193' title='bbox 1529 2627 1768 2697; x_wconf 84' lang='grc' dir='ltr'>ἐνίδρυτο</span> 
     </span>
    </p>
   </div>
   <div class='ocr_carea' id='block_1_29' title="bbox 200 2716 1765 2788">
    <p class='ocr_par' dir='ltr' id='par_1_29' title="bbox 200 2716 1765 2788">
     <span class='ocr_line' id='line_1_29' title="bbox 200 2716 1765 2788; baseline -0.003 -16"><span class='ocrx_word' id='word_1_194' title='bbox 200 2720 528 2788; x_wconf 77' lang='grc' dir='ltr'>σκήπτροις,</span> <span class='ocrx_word' id='word_1_195' title='bbox 576 2718 798 2786; x_wconf 80' lang='grc' dir='ltr'>ἓὸδομον</span> <span class='ocrx_word' id='word_1_196' title='bbox 842 2718 958 2779; x_wconf 74' lang='grc' dir='ltr'>ἔτος</span> <span class='ocrx_word' id='word_1_197' title='bbox 991 2718 1117 2787; x_wconf 81' lang='grc' dir='ltr'>ήνυε</span> <span class='ocrx_word' id='word_1_198' title='bbox 1150 2716 1247 2783; x_wconf 78' lang='grc' dir='ltr'><strong>τῆς</strong></span> <span class='ocrx_word' id='word_1_199' title='bbox 1282 2716 1573 2786; x_wconf 74' lang='grc' dir='ltr'>βασιλείας.</span> <span class='ocrx_word' id='word_1_200' title='bbox 1620 2718 1765 2785; x_wconf 84' lang='grc' dir='ltr'>Γυμ-</span> 
     </span>
    </p>
   </div>
   <div class='ocr_carea' id='block_1_30' title="bbox 199 2805 1765 2876">
    <p class='ocr_par' dir='ltr' id='par_1_30' title="bbox 199 2805 1765 2876">
     <span class='ocr_line' id='line_1_30' title="bbox 199 2805 1765 2876; baseline -0.004 -15"><span class='ocrx_word' id='word_1_201' title='bbox 199 2809 380 2870; x_wconf 81' lang='grc' dir='ltr'>νάσας</span> <span class='ocrx_word' id='word_1_202' title='bbox 428 2808 483 2859; x_wconf 75' lang='grc' dir='ltr'>δὲ</span> <span class='ocrx_word' id='word_1_203' title='bbox 529 2807 599 2857; x_wconf 82' lang='grc' dir='ltr'>τὰ</span> <span class='ocrx_word' id='word_1_204' title='bbox 628 2807 756 2875; x_wconf 88' lang='grc' dir='ltr'>παρ’</span> <span class='ocrx_word' id='word_1_205' title='bbox 803 2808 1073 2874; x_wconf 78' lang='grc' dir='ltr'>ἑκατέρων</span> <span class='ocrx_word' id='word_1_206' title='bbox 1111 2805 1371 2873; x_wconf 81' lang='grc' dir='ltr'>λεγόμενα</span> <span class='ocrx_word' id='word_1_207' title='bbox 1403 2809 1430 2858; x_wconf 86' lang='grc' dir='ltr'>ὁ</span> <span class='ocrx_word' id='word_1_208' title='bbox 1477 2809 1615 2876; x_wconf 80' lang='grc' dir='ltr'>ἱερὸς</span> <span class='ocrx_word' id='word_1_209' title='bbox 1663 2808 1765 2860; x_wconf 83' lang='grc' dir='ltr'><strong>Εὑ-</strong></span> 
     </span>
    </p>
   </div>
   <div class='ocr_carea' id='block_1_31' title="bbox 198 2898 1767 2968">
    <p class='ocr_par' dir='ltr' id='par_1_31' title="bbox 198 2898 1767 2968">
     <span class='ocr_line' id='line_1_31' title="bbox 198 2898 1767 2968; baseline -0.001 -16"><span class='ocrx_word' id='word_1_210' title='bbox 198 2901 405 2968; x_wconf 84' lang='grc' dir='ltr'>λόγιος.</span> <span class='ocrx_word' id='word_1_211' title='bbox 455 2899 547 2949; x_wconf 74' lang='grc' dir='ltr'>καὶ</span> <span class='ocrx_word' id='word_1_212' title='bbox 587 2899 683 2967; x_wconf 86' lang='grc' dir='ltr'><strong>τῆς</strong></span> <span class='ocrx_word' id='word_1_213' title='bbox 708 2898 963 2967; x_wconf 76' lang='grc' dir='ltr'>ἀληθείας</span> <span class='ocrx_word' id='word_1_214' title='bbox 998 2898 1289 2967; x_wconf 79' lang='grc' dir='ltr'>ἑκατέρους</span> <span class='ocrx_word' id='word_1_215' title='bbox 1335 2898 1609 2964; x_wconf 80' lang='grc' dir='ltr'>διελέγξας</span> <span class='ocrx_word' id='word_1_216' title='bbox 1663 2917 1767 2966; x_wconf 85' lang='grc' dir='ltr'>μα-</span> 
     </span>
    </p>
   </div>
   <div class='ocr_carea' id='block_1_32' title="bbox 200 2986 1768 3062">
    <p class='ocr_par' dir='ltr' id='par_1_32' title="bbox 200 2986 1768 3062">
     <span class='ocr_line' id='line_1_32' title="bbox 200 2986 1768 3062; baseline -0.003 -17"><span class='ocrx_word' id='word_1_217' title='bbox 200 2991 350 3062; x_wconf 82' lang='grc' dir='ltr'><strong>κράν</strong></span> <span class='ocrx_word' id='word_1_218' title='bbox 392 2986 815 3058; x_wconf 81' lang='grc' dir='ltr'>ἀφισταμένους,</span> <span class='ocrx_word' id='word_1_219' title='bbox 846 2990 936 3039; x_wconf 83' lang='grc' dir='ltr'><strong>τὸν</strong></span> <span class='ocrx_word' id='word_1_220' title='bbox 988 2989 1084 3057; x_wconf 80' lang='grc' dir='ltr'>μὲν</span> <span class='ocrx_word' id='word_1_221' title='bbox 1110 2991 1575 3058; x_wconf 57' lang='grc' dir='ltr'>προφητευιῳενον</span> <span class='ocrx_word' id='word_1_222' title='bbox 1636 3008 1768 3060; x_wconf 86' lang='grc' dir='ltr'>γρα-</span> 
     </span>
    </p>
   </div>
   <div class='ocr_carea' id='block_1_33' title="bbox 198 3080 1768 3151">
    <p class='ocr_par' dir='ltr' id='par_1_33' title="bbox 198 3080 1768 3151">
     <span class='ocr_line' id='line_1_33' title="bbox 198 3080 1768 3151; baseline 0 -16"><span class='ocrx_word' id='word_1_223' title='bbox 198 3085 390 3149; x_wconf 81' lang='grc' dir='ltr'>φικοῖς</span> <span class='ocrx_word' id='word_1_224' title='bbox 433 3082 742 3149; x_wconf 83' lang='grc' dir='ltr'>παρέστησε</span> <span class='ocrx_word' id='word_1_225' title='bbox 794 3084 973 3150; x_wconf 82' lang='grc' dir='ltr'>ῥητοῖς</span> <span class='ocrx_word' id='word_1_226' title='bbox 1009 3081 1097 3132; x_wconf 86' lang='grc' dir='ltr'><strong>τὸν</strong></span> <span class='ocrx_word' id='word_1_227' title='bbox 1132 3080 1331 3150; x_wconf 83' lang='grc' dir='ltr'>Κύριον</span> <span class='ocrx_word' id='word_1_228' title='bbox 1364 3081 1519 3150; x_wconf 80' lang='grc' dir='ltr'>ήμῶν</span> <span class='ocrx_word' id='word_1_229' title='bbox 1564 3082 1768 3151; x_wconf 72' lang='grc' dir='ltr'>Ἰησοῦν</span> 
     </span>
    </p>
   </div>
   <div class='ocr_carea' id='block_1_34' title="bbox 197 3168 1765 3245">
    <p class='ocr_par' dir='ltr' id='par_1_34' title="bbox 197 3168 1765 3245">
     <span class='ocr_line' id='line_1_34' title="bbox 197 3168 1765 3245; baseline -0.003 -17"><span class='ocrx_word' id='word_1_230' title='bbox 197 3174 443 3245; x_wconf 75' lang='grc' dir='ltr'>Χριστὸν</span> <span class='ocrx_word' id='word_1_231' title='bbox 481 3174 572 3225; x_wconf 84' lang='grc' dir='ltr'><strong>τὸν</strong></span> <span class='ocrx_word' id='word_1_232' title='bbox 622 3172 871 3241; x_wconf 71' lang='grc' dir='ltr'>ἀληθινὸν</span> <span class='ocrx_word' id='word_1_233' title='bbox 901 3172 1032 3223; x_wconf 79' lang='grc' dir='ltr'>Θεὸν</span> <span class='ocrx_word' id='word_1_234' title='bbox 1066 3168 1225 3234; x_wconf 75' lang='grc' dir='ltr'>εἶναι,</span> <span class='ocrx_word' id='word_1_235' title='bbox 1274 3173 1396 3233; x_wconf 78' lang='grc' dir='ltr'>τοὺς</span> <span class='ocrx_word' id='word_1_236' title='bbox 1444 3172 1500 3224; x_wconf 88' lang='grc' dir='ltr'>δὲ</span> <span class='ocrx_word' id='word_1_237' title='bbox 1553 3173 1765 3241; x_wconf 81' lang='grc' dir='ltr'>μακράν</span> 
     </span>
    </p>
   </div>
   <div class='ocr_carea' id='block_1_35' title="bbox 195 3261 1762 3332">
    <p class='ocr_par' dir='ltr' id='par_1_35' title="bbox 195 3261 1762 3332">
     <span class='ocr_line' id='line_1_35' title="bbox 195 3261 1762 3332; baseline 0 -17"><span class='ocrx_word' id='word_1_238' title='bbox 195 3281 266 3317; x_wconf 76' lang='grc' dir='ltr'><strong>τε</strong></span> <span class='ocrx_word' id='word_1_239' title='bbox 317 3265 412 3316; x_wconf 81' lang='grc' dir='ltr'>καὶ</span> <span class='ocrx_word' id='word_1_240' title='bbox 456 3263 840 3332; x_wconf 81' lang='grc' dir='ltr'>χαλεπωτάτην</span> <span class='ocrx_word' id='word_1_241' title='bbox 890 3261 1335 3331; x_wconf 82' lang='grc' dir='ltr'>ἀποπλανηθῆναι</span> <span class='ocrx_word' id='word_1_242' title='bbox 1377 3263 1603 3332; x_wconf 78' lang='grc' dir='ltr'>πλάνην,</span> <span class='ocrx_word' id='word_1_243' title='bbox 1642 3265 1762 3326; x_wconf 70' lang='grc' dir='ltr'>τοὺς</span> 
     </span>
    </p>
   </div>
   <div class='ocr_carea' id='block_1_36' title="bbox 200 3354 1769 3425">
    <p class='ocr_par' dir='ltr' id='par_1_36' title="bbox 200 3354 1769 3425">
     <span class='ocr_line' id='line_1_36' title="bbox 200 3354 1769 3425; baseline 0 -18"><span class='ocrx_word' id='word_1_244' title='bbox 200 3356 311 3425; x_wconf 68' lang='grc' dir='ltr'>μὲν</span> <span class='ocrx_word' id='word_1_245' title='bbox 385 3354 591 3423; x_wconf 78' lang='grc' dir='ltr'>Ἰησοῦν</span> <span class='ocrx_word' id='word_1_246' title='bbox 644 3356 735 3406; x_wconf 80' lang='grc' dir='ltr'>τὸν</span> <span class='ocrx_word' id='word_1_247' title='bbox 788 3354 880 3405; x_wconf 85' lang='grc' dir='ltr'>τοῦ</span> <span class='ocrx_word' id='word_1_248' title='bbox 943 3355 1096 3419; x_wconf 83' lang='grc' dir='ltr'>Ναυῆ</span> <span class='ocrx_word' id='word_1_249' title='bbox 1156 3356 1247 3406; x_wconf 83' lang='grc' dir='ltr'><strong>τὸν</strong></span> <span class='ocrx_word' id='word_1_250' title='bbox 1300 3356 1769 3425; x_wconf 65' lang='grc' dir='ltr'>προᾳητευόμενον</span> 
     </span>
    </p>
   </div>
   <div class='ocr_carea' id='block_1_37' title="bbox 195 3445 1773 3516">
    <p class='ocr_par' dir='ltr' id='par_1_37' title="bbox 195 3445 1773 3516">
     <span class='ocr_line' id='line_1_37' title="bbox 195 3445 1773 3516; baseline -0.003 -14"><span class='ocrx_word' id='word_1_251' title='bbox 195 3445 350 3503; x_wconf 70' lang='grc' dir='ltr'>εἶναι</span> <span class='ocrx_word' id='word_1_252' title='bbox 403 3446 842 3514; x_wconf 80' lang='grc' dir='ltr'>κενολογοῦντας,</span> <span class='ocrx_word' id='word_1_253' title='bbox 902 3448 1026 3509; x_wconf 71' lang='grc' dir='ltr'>τοὺς</span> <span class='ocrx_word' id='word_1_254' title='bbox 1076 3447 1132 3499; x_wconf 84' lang='grc' dir='ltr'>δὲ</span> <span class='ocrx_word' id='word_1_255' title='bbox 1188 3446 1391 3514; x_wconf 76' lang='grc' dir='ltr'>Δὸσθην</span> <span class='ocrx_word' id='word_1_256' title='bbox 1438 3448 1470 3516; x_wconf 82' lang='grc' dir='ltr'>ἢ</span> <span class='ocrx_word' id='word_1_257' title='bbox 1527 3448 1773 3500; x_wconf 82' lang='grc' dir='ltr'>Δοσίθεον</span> 
     </span>
    </p>
   </div>
   <div class='ocr_carea' id='block_1_38' title="bbox 1866 618 3411 690">
    <p class='ocr_par' dir='ltr' id='par_1_38' title="bbox 1866 618 3411 690">
     <span class='ocr_line' id='line_1_38' title="bbox 1866 618 3411 690; baseline 0.001 -16"><span class='ocrx_word' id='word_1_258' title='bbox 1866 622 2121 676; x_wconf 86' lang='lat' dir='ltr'><strong>Dostheni</strong></span> <span class='ocrx_word' id='word_1_259' title='bbox 2175 623 2531 690; x_wconf 79' lang='lat' dir='ltr'><strong>cegnominati</strong></span> <span class='ocrx_word' id='word_1_260' title='bbox 2590 631 2732 673; x_wconf 86' lang='lat' dir='ltr'><strong>sunt.</strong></span> <span class='ocrx_word' id='word_1_261' title='bbox 2792 618 2887 673; x_wconf 89' lang='lat' dir='ltr'><strong>llic</strong></span> <span class='ocrx_word' id='word_1_262' title='bbox 2940 620 2993 673; x_wconf 88' lang='lat' dir='ltr'><strong>in</strong></span> <span class='ocrx_word' id='word_1_263' title='bbox 3055 620 3266 674; x_wconf 87' lang='lat' dir='ltr'><strong>divinos</strong></span> <span class='ocrx_word' id='word_1_264' title='bbox 3318 621 3411 676; x_wconf 83' lang='lat' dir='ltr'><strong>Dei</strong></span> 
     </span>
    </p>
   </div>
   <div class='ocr_carea' id='block_1_39' title="bbox 1864 710 3409 782">
    <p class='ocr_par' dir='ltr' id='par_1_39' title="bbox 1864 710 3409 782">
     <span class='ocr_line' id='line_1_39' title="bbox 1864 710 3409 782; baseline -0.001 -15"><span class='ocrx_word' id='word_1_265' title='bbox 1864 716 2154 782; x_wconf 84' lang='lat' dir='ltr'><strong>prophetas</strong></span> <span class='ocrx_word' id='word_1_266' title='bbox 2201 714 2506 775; x_wconf 81' lang='lat' dir='ltr'><strong>maledicus,</strong></span> <span class='ocrx_word' id='word_1_267' title='bbox 2557 713 2887 776; x_wconf 83' lang='lat' dir='ltr'><strong>patissimum</strong></span> <span class='ocrx_word' id='word_1_268' title='bbox 2923 722 3099 765; x_wconf 87' lang='lat' dir='ltr'><strong>tamen</strong></span> <span class='ocrx_word' id='word_1_269' title='bbox 3133 713 3184 765; x_wconf 91' lang='lat' dir='ltr'><strong>in</strong></span> <span class='ocrx_word' id='word_1_270' title='bbox 3217 710 3409 765; x_wconf 71' lang='lat' dir='ltr'><strong>ludam</strong></span> 
     </span>
    </p>
   </div>
   <div class='ocr_carea' id='block_1_40' title="bbox 1866 802 3413 871">
    <p class='ocr_par' dir='ltr' id='par_1_40' title="bbox 1866 802 3413 871">
     <span class='ocr_line' id='line_1_40' title="bbox 1866 802 3413 871; baseline -0.002 -13"><span class='ocrx_word' id='word_1_271' title='bbox 1866 822 2029 858; x_wconf 90' lang='lat' dir='ltr'><strong>unum</strong></span> <span class='ocrx_word' id='word_1_272' title='bbox 2060 807 2124 857; x_wconf 89' lang='lat' dir='ltr'><strong>de</strong></span> <span class='ocrx_word' id='word_1_273' title='bbox 2150 805 2428 857; x_wconf 78' lang='lat' dir='ltr'><strong>duodecim</strong></span> <span class='ocrx_word' id='word_1_274' title='bbox 2460 804 2784 871; x_wconf 68' lang='lat' dir='ltr'><strong>patriairchis</strong></span> <span class='ocrx_word' id='word_1_275' title='bbox 2810 802 3247 860; x_wconf 76' lang='lat' dir='ltr'><strong>contumeliosus.</strong></span> <span class='ocrx_word' id='word_1_276' title='bbox 3281 802 3413 855; x_wconf 83' lang='lat' dir='ltr'><strong>nihil</strong></span> 
     </span>
    </p>
   </div>
   <div class='ocr_carea' id='block_1_41' title="bbox 1868 892 3415 949">
    <p class='ocr_par' dir='ltr' id='par_1_41' title="bbox 1868 892 3415 949">
     <span class='ocr_line' id='line_1_41' title="bbox 1868 892 3415 949; baseline -0.002 -1"><span class='ocrx_word' id='word_1_277' title='bbox 1868 896 2133 949; x_wconf 79' lang='lat' dir='ltr'><strong>reveritus</strong></span> <span class='ocrx_word' id='word_1_278' title='bbox 2162 894 2449 947; x_wconf 89' lang='lat' dir='ltr'><strong>immensas</strong></span> <span class='ocrx_word' id='word_1_279' title='bbox 2478 894 2544 946; x_wconf 87' lang='lat' dir='ltr'><strong>de</strong></span> <span class='ocrx_word' id='word_1_280' title='bbox 2571 893 2661 946; x_wconf 90' lang='lat' dir='ltr'><strong>illo</strong></span> <span class='ocrx_word' id='word_1_281' title='bbox 2694 894 2742 944; x_wconf 92' lang='lat' dir='ltr'><strong>in</strong></span> <span class='ocrx_word' id='word_1_282' title='bbox 2774 894 3137 946; x_wconf 74' lang='lat' dir='ltr'><strong>voluminibus</strong></span> <span class='ocrx_word' id='word_1_283' title='bbox 3170 892 3415 945; x_wconf 81' lang='lat' dir='ltr'><strong>Mosaicis</strong></span> 
     </span>
    </p>
   </div>
   <div class='ocr_carea' id='block_1_42' title="bbox 1864 970 3415 1057">
    <p class='ocr_par' dir='ltr' id='par_1_42' title="bbox 1864 970 3415 1057">
     <span class='ocr_line' id='line_1_42' title="bbox 1864 970 3415 1057; baseline -0.003 -15"><span class='ocrx_word' id='word_1_284' title='bbox 1864 991 2189 1057; x_wconf 74' lang='lat' dir='ltr'><strong>perscriptas</strong></span> <span class='ocrx_word' id='word_1_285' title='bbox 2247 970 2447 1039; x_wconf 72' lang='lat' dir='ltr'><strong>laudes.</strong></span> <span class='ocrx_word' id='word_1_286' title='bbox 2508 984 2599 1040; x_wconf 88' lang='lat' dir='ltr'><strong>His</strong></span> <span class='ocrx_word' id='word_1_287' title='bbox 2649 1000 2776 1053; x_wconf 84' lang='lat' dir='ltr'><strong>ergo</strong></span> <span class='ocrx_word' id='word_1_288' title='bbox 2835 984 3111 1053; x_wconf 86' lang='lat' dir='ltr'><strong>prophetis</strong></span> <span class='ocrx_word' id='word_1_289' title='bbox 3164 986 3415 1037; x_wconf 91' lang='lat' dir='ltr'><strong>omnibus</strong></span> 
     </span>
    </p>
   </div>
   <div class='ocr_carea' id='block_1_43' title="bbox 1864 1076 3413 1145">
    <p class='ocr_par' dir='ltr' id='par_1_43' title="bbox 1864 1076 3413 1145">
     <span class='ocr_line' id='line_1_43' title="bbox 1864 1076 3413 1145; baseline -0.005 -12"><span class='ocrx_word' id='word_1_290' title='bbox 1864 1080 2100 1144; x_wconf 80' lang='lat' dir='ltr'><strong>explosis</strong></span> <span class='ocrx_word' id='word_1_291' title='bbox 2138 1076 2543 1145; x_wconf 79' lang='lat' dir='ltr'><strong>exsibilatisque</strong></span> <span class='ocrx_word' id='word_1_292' title='bbox 2574 1078 2686 1145; x_wconf 90' lang='lat' dir='ltr'><strong>ipse</strong></span> <span class='ocrx_word' id='word_1_293' title='bbox 2716 1076 2815 1129; x_wconf 85' lang='lat' dir='ltr'><strong>sibi</strong></span> <span class='ocrx_word' id='word_1_294' title='bbox 2845 1077 3024 1130; x_wconf 80' lang='lat' dir='ltr'><strong>omnia</strong></span> <span class='ocrx_word' id='word_1_295' title='bbox 3054 1086 3107 1129; x_wconf 88' lang='lat' dir='ltr'><strong>et</strong></span> <span class='ocrx_word' id='word_1_296' title='bbox 3135 1076 3413 1139; x_wconf 84' lang='lat' dir='ltr'><strong>vaticinia,</strong></span> 
     </span>
    </p>
   </div>
   <div class='ocr_carea' id='block_1_44' title="bbox 1839 1168 3415 1239">
    <p class='ocr_par' dir='ltr' id='par_1_44' title="bbox 1839 1168 3415 1239">
     <span class='ocr_line' id='line_1_44' title="bbox 1839 1168 3415 1239; baseline -0.002 -17"><span class='ocrx_word' id='word_1_297' title='bbox 1839 1170 1915 1222; x_wconf 74' lang='lat' dir='ltr'><strong>&#39;et</strong></span> <span class='ocrx_word' id='word_1_298' title='bbox 1945 1171 2137 1239; x_wconf 75' lang='lat' dir='ltr'><strong>285b</strong></span> <span class='ocrx_word' id='word_1_299' title='bbox 2172 1170 2426 1238; x_wconf 88' lang='lat' dir='ltr'><strong>reliquam</strong></span> <span class='ocrx_word' id='word_1_300' title='bbox 2461 1170 2792 1222; x_wconf 87' lang='lat' dir='ltr'><strong>divinitatem</strong></span> <span class='ocrx_word' id='word_1_301' title='bbox 2828 1168 3116 1237; x_wconf 84' lang='lat' dir='ltr'><strong>arrogavit.</strong></span> <span class='ocrx_word' id='word_1_302' title='bbox 3160 1168 3415 1222; x_wconf 63' lang='lat' dir='ltr'><strong>Octateuo</strong></span> 
     </span>
    </p>
   </div>
   <div class='ocr_carea' id='block_1_45' title="bbox 1866 1261 3419 1331">
    <p class='ocr_par' dir='ltr' id='par_1_45' title="bbox 1866 1261 3419 1331">
     <span class='ocr_line' id='line_1_45' title="bbox 1866 1261 3419 1331; baseline -0.003 -14"><span class='ocrx_word' id='word_1_303' title='bbox 1866 1268 2022 1317; x_wconf 89' lang='lat' dir='ltr'><strong>chum</strong></span> <span class='ocrx_word' id='word_1_304' title='bbox 2077 1266 2272 1331; x_wconf 91' lang='lat' dir='ltr'><strong>spuriis</strong></span> <span class='ocrx_word' id='word_1_305' title='bbox 2323 1263 2535 1328; x_wconf 78' lang='lat' dir='ltr'><strong>scriptis</strong></span> <span class='ocrx_word' id='word_1_306' title='bbox 2576 1272 2630 1315; x_wconf 91' lang='lat' dir='ltr'><strong>et</strong></span> <span class='ocrx_word' id='word_1_307' title='bbox 2662 1262 2805 1315; x_wconf 91' lang='lat' dir='ltr'><strong>omni</strong></span> <span class='ocrx_word' id='word_1_308' title='bbox 2842 1277 3040 1330; x_wconf 79' lang='lat' dir='ltr'><strong>genere</strong></span> <span class='ocrx_word' id='word_1_309' title='bbox 3082 1261 3252 1315; x_wconf 90' lang='lat' dir='ltr'><strong>mistis</strong></span> <span class='ocrx_word' id='word_1_310' title='bbox 3296 1275 3419 1313; x_wconf 90' lang='lat' dir='ltr'><strong>cor-</strong></span> 
     </span>
    </p>
   </div>
   <div class='ocr_carea' id='block_1_46' title="bbox 1868 1352 3417 1422">
    <p class='ocr_par' dir='ltr' id='par_1_46' title="bbox 1868 1352 3417 1422">
     <span class='ocr_line' id='line_1_46' title="bbox 1868 1352 3417 1422; baseline -0.003 -15"><span class='ocrx_word' id='word_1_311' title='bbox 1868 1355 2088 1422; x_wconf 89' lang='lat' dir='ltr'><strong>ruptelis</strong></span> <span class='ocrx_word' id='word_1_312' title='bbox 2118 1354 2458 1415; x_wconf 89' lang='lat' dir='ltr'><strong>adulteravit,</strong></span> <span class='ocrx_word' id='word_1_313' title='bbox 2490 1353 2727 1421; x_wconf 87' lang='lat' dir='ltr'><strong>aliosque</strong></span> <span class='ocrx_word' id='word_1_314' title='bbox 2757 1353 2919 1405; x_wconf 90' lang='lat' dir='ltr'><strong>libros</strong></span> <span class='ocrx_word' id='word_1_315' title='bbox 2950 1352 3173 1405; x_wconf 88' lang='lat' dir='ltr'><strong>stultitia</strong></span> <span class='ocrx_word' id='word_1_316' title='bbox 3207 1364 3258 1403; x_wconf 85' lang='lat' dir='ltr'><strong>et</strong></span> <span class='ocrx_word' id='word_1_317' title='bbox 3288 1367 3417 1419; x_wconf 86' lang='lat' dir='ltr'><strong>por-</strong></span> 
     </span>
    </p>
   </div>
   <div class='ocr_carea' id='block_1_47' title="bbox 1869 1443 3418 1513">
    <p class='ocr_par' dir='ltr' id='par_1_47' title="bbox 1869 1443 3418 1513">
     <span class='ocr_line' id='line_1_47' title="bbox 1869 1443 3418 1513; baseline -0.003 -16"><span class='ocrx_word' id='word_1_318' title='bbox 1869 1446 2029 1498; x_wconf 86' lang='lat' dir='ltr'><strong>tentis</strong></span> <span class='ocrx_word' id='word_1_319' title='bbox 2071 1445 2278 1513; x_wconf 84' lang='lat' dir='ltr'><strong>plenos,</strong></span> <span class='ocrx_word' id='word_1_320' title='bbox 2331 1444 2632 1512; x_wconf 72' lang='lat' dir='ltr'><strong>divinisque</strong></span> <span class='ocrx_word' id='word_1_321' title='bbox 2682 1443 2885 1512; x_wconf 86' lang='lat' dir='ltr'><strong>legibus</strong></span> <span class='ocrx_word' id='word_1_322' title='bbox 2930 1445 3236 1497; x_wconf 73' lang='lat' dir='ltr'><strong>contrarios</strong></span> <span class='ocrx_word' id='word_1_323' title='bbox 3286 1458 3418 1495; x_wconf 90' lang='lat' dir='ltr'><strong>con-</strong></span> 
     </span>
    </p>
   </div>
   <div class='ocr_carea' id='block_1_48' title="bbox 1866 1536 3422 1606">
    <p class='ocr_par' dir='ltr' id='par_1_48' title="bbox 1866 1536 3422 1606">
     <span class='ocr_line' id='line_1_48' title="bbox 1866 1536 3422 1606; baseline -0.003 -13"><span class='ocrx_word' id='word_1_324' title='bbox 1866 1538 2179 1598; x_wconf 88' lang='lat' dir='ltr'><strong>sarcinavit,</strong></span> <span class='ocrx_word' id='word_1_325' title='bbox 2228 1539 2447 1606; x_wconf 79' lang='lat' dir='ltr'><strong>suisque</strong></span> <span class='ocrx_word' id='word_1_326' title='bbox 2496 1537 2712 1589; x_wconf 81' lang='lat' dir='ltr'><strong>asseclis</strong></span> <span class='ocrx_word' id='word_1_327' title='bbox 2759 1537 2995 1603; x_wconf 90' lang='lat' dir='ltr'><strong>reliquit.</strong></span> <span class='ocrx_word' id='word_1_328' title='bbox 3048 1536 3422 1589; x_wconf 79' lang='lat' dir='ltr'><strong>ResurreCtio—</strong></span> 
     </span>
    </p>
   </div>
   <div class='ocr_carea' id='block_1_49' title="bbox 1867 1625 3420 1696">
    <p class='ocr_par' dir='ltr' id='par_1_49' title="bbox 1867 1625 3420 1696">
     <span class='ocr_line' id='line_1_49' title="bbox 1867 1625 3420 1696; baseline -0.001 -15"><span class='ocrx_word' id='word_1_329' title='bbox 1867 1643 1989 1681; x_wconf 90' lang='lat' dir='ltr'><strong>nem</strong></span> <span class='ocrx_word' id='word_1_330' title='bbox 2022 1643 2234 1696; x_wconf 86' lang='lat' dir='ltr'><strong>quoque</strong></span> <span class='ocrx_word' id='word_1_331' title='bbox 2263 1628 2495 1695; x_wconf 87' lang='lat' dir='ltr'><strong>negavit:</strong></span> <span class='ocrx_word' id='word_1_332' title='bbox 2530 1625 2619 1681; x_wconf 69' lang='lat' dir='ltr'><strong>lla:</strong></span> <span class='ocrx_word' id='word_1_333' title='bbox 2649 1642 2777 1691; x_wconf 78' lang='lat' dir='ltr'><strong>ergo</strong></span> <span class='ocrx_word' id='word_1_334' title='bbox 2808 1626 3067 1680; x_wconf 79' lang='lat' dir='ltr'><strong>factiones</strong></span> <span class='ocrx_word' id='word_1_335' title='bbox 3110 1628 3180 1679; x_wconf 86' lang='lat' dir='ltr'><strong>ita</strong></span> <span class='ocrx_word' id='word_1_336' title='bbox 3213 1627 3265 1679; x_wconf 91' lang='lat' dir='ltr'><strong>in</strong></span> <span class='ocrx_word' id='word_1_337' title='bbox 3310 1626 3420 1679; x_wconf 86' lang='lat' dir='ltr'><strong>dis-</strong></span> 
     </span>
    </p>
   </div>
   <div class='ocr_carea' id='block_1_50' title="bbox 1866 1718 3420 1785">
    <p class='ocr_par' dir='ltr' id='par_1_50' title="bbox 1866 1718 3420 1785">
     <span class='ocr_line' id='line_1_50' title="bbox 1866 1718 3420 1785; baseline 0 -14"><span class='ocrx_word' id='word_1_338' title='bbox 1866 1719 2117 1783; x_wconf 86' lang='lat' dir='ltr'><strong>sidentes,</strong></span> <span class='ocrx_word' id='word_1_339' title='bbox 2148 1718 2442 1772; x_wconf 88' lang='lat' dir='ltr'><strong>contrarias</strong></span> <span class='ocrx_word' id='word_1_340' title='bbox 2485 1729 2538 1771; x_wconf 89' lang='lat' dir='ltr'><strong>et</strong></span> <span class='ocrx_word' id='word_1_341' title='bbox 2587 1718 2778 1785; x_wconf 87' lang='lat' dir='ltr'><strong>impias</strong></span> <span class='ocrx_word' id='word_1_342' title='bbox 2822 1728 2995 1771; x_wconf 74' lang='lat' dir='ltr'><strong>sectus</strong></span> <span class='ocrx_word' id='word_1_343' title='bbox 3042 1726 3095 1771; x_wconf 89' lang='lat' dir='ltr'><strong>et</strong></span> <span class='ocrx_word' id='word_1_344' title='bbox 3142 1719 3420 1784; x_wconf 82' lang='lat' dir='ltr'><strong>opiniones</strong></span> 
     </span>
    </p>
   </div>
   <div class='ocr_carea' id='block_1_51' title="bbox 1866 1804 3420 1876">
    <p class='ocr_par' dir='ltr' id='par_1_51' title="bbox 1866 1804 3420 1876">
     <span class='ocr_line' id='line_1_51' title="bbox 1866 1804 3420 1876; baseline -0.001 -15"><span class='ocrx_word' id='word_1_345' title='bbox 1866 1808 2115 1861; x_wconf 68' lang='lat' dir='ltr'><strong>dissectte</strong></span> <span class='ocrx_word' id='word_1_346' title='bbox 2172 1806 2403 1861; x_wconf 82' lang='lat' dir='ltr'><strong>fuerant.</strong></span> <span class='ocrx_word' id='word_1_347' title='bbox 2463 1804 2703 1876; x_wconf 89' lang='lat' dir='ltr'><strong>Utraque</strong></span> <span class='ocrx_word' id='word_1_348' title='bbox 2762 1821 2922 1874; x_wconf 91' lang='lat' dir='ltr'><strong>porro</strong></span> <span class='ocrx_word' id='word_1_349' title='bbox 2980 1805 3143 1859; x_wconf 82' lang='lat' dir='ltr'><strong>factio</strong></span> <span class='ocrx_word' id='word_1_350' title='bbox 3207 1805 3420 1859; x_wconf 85' lang='lat' dir='ltr'><strong>libellos</strong></span> 
     </span>
    </p>
   </div>
   <div class='ocr_carea' id='block_1_52' title="bbox 1798 1886 3416 1965">
    <p class='ocr_par' dir='ltr' id='par_1_52' title="bbox 1798 1886 3416 1965">
     <span class='ocr_line' id='line_1_52' title="bbox 1798 1886 3416 1965; baseline -0.004 -16"><span class='ocrx_word' id='word_1_351' title='bbox 1798 1886 1841 1943; x_wconf 81' lang='grc' dir='ltr'>Β</span> <span class='ocrx_word' id='word_1_352' title='bbox 1869 1912 1965 1965; x_wconf 93' lang='lat' dir='ltr'><strong>pro</strong></span> <span class='ocrx_word' id='word_1_353' title='bbox 2006 1913 2101 1951; x_wconf 90' lang='lat' dir='ltr'><strong>sua</strong></span> <span class='ocrx_word' id='word_1_354' title='bbox 2146 1898 2433 1960; x_wconf 87' lang='lat' dir='ltr'><strong>sententia,</strong></span> <span class='ocrx_word' id='word_1_355' title='bbox 2473 1907 2527 1950; x_wconf 93' lang='lat' dir='ltr'><strong>et</strong></span> <span class='ocrx_word' id='word_1_356' title='bbox 2569 1906 2756 1950; x_wconf 90' lang='lat' dir='ltr'><strong>contra</strong></span> <span class='ocrx_word' id='word_1_357' title='bbox 2798 1896 3157 1948; x_wconf 82' lang='lat' dir='ltr'><strong>adversariam</strong></span> <span class='ocrx_word' id='word_1_358' title='bbox 3190 1906 3416 1962; x_wconf 87' lang='lat' dir='ltr'><strong>partem,</strong></span> 
     </span>
    </p>
   </div>
   <div class='ocr_carea' id='block_1_53' title="bbox 1866 1984 3423 2055">
    <p class='ocr_par' dir='ltr' id='par_1_53' title="bbox 1866 1984 3423 2055">
     <span class='ocr_line' id='line_1_53' title="bbox 1866 1984 3423 2055; baseline -0.004 -14"><span class='ocrx_word' id='word_1_359' title='bbox 1866 2001 2019 2041; x_wconf 90' lang='lat' dir='ltr'><strong>suum</strong></span> <span class='ocrx_word' id='word_1_360' title='bbox 2074 2001 2298 2055; x_wconf 67' lang='lat' dir='ltr'><strong>quaeque</strong></span> <span class='ocrx_word' id='word_1_361' title='bbox 2351 1988 2663 2055; x_wconf 84' lang='lat' dir='ltr'><strong>prophetam</strong></span> <span class='ocrx_word' id='word_1_362' title='bbox 2715 1986 2869 2039; x_wconf 87' lang='lat' dir='ltr'><strong>alteri</strong></span> <span class='ocrx_word' id='word_1_363' title='bbox 2921 1984 3251 2053; x_wconf 60' lang='lat' dir='ltr'><strong>praferendo</strong></span> <span class='ocrx_word' id='word_1_364' title='bbox 3301 2000 3423 2053; x_wconf 88' lang='lat' dir='ltr'><strong>por-</strong></span> 
     </span>
    </p>
   </div>
   <div class='ocr_carea' id='block_1_54' title="bbox 1865 2076 3422 2146">
    <p class='ocr_par' dir='ltr' id='par_1_54' title="bbox 1865 2076 3422 2146">
     <span class='ocr_line' id='line_1_54' title="bbox 1865 2076 3422 2146; baseline -0.003 -15"><span class='ocrx_word' id='word_1_365' title='bbox 1865 2079 2024 2131; x_wconf 75' lang='lat' dir='ltr'><strong>rexit.</strong></span> <span class='ocrx_word' id='word_1_366' title='bbox 2081 2076 2309 2132; x_wconf 86' lang='lat' dir='ltr'><strong>Sanctus</strong></span> <span class='ocrx_word' id='word_1_367' title='bbox 2364 2076 2618 2146; x_wconf 79' lang='lat' dir='ltr'><strong>Eulogius</strong></span> <span class='ocrx_word' id='word_1_368' title='bbox 2668 2092 2786 2129; x_wconf 92' lang='lat' dir='ltr'><strong>cum</strong></span> <span class='ocrx_word' id='word_1_369' title='bbox 2838 2077 3039 2146; x_wconf 86' lang='lat' dir='ltr'><strong>synodo</strong></span> <span class='ocrx_word' id='word_1_370' title='bbox 3098 2076 3422 2142; x_wconf 76' lang='lat' dir='ltr'><strong>frequentis-</strong></span> 
     </span>
    </p>
   </div>
   <div class='ocr_carea' id='block_1_55' title="bbox 1866 2166 3421 2236">
    <p class='ocr_par' dir='ltr' id='par_1_55' title="bbox 1866 2166 3421 2236">
     <span class='ocr_line' id='line_1_55' title="bbox 1866 2166 3421 2236; baseline -0.002 -17"><span class='ocrx_word' id='word_1_371' title='bbox 1866 2168 2025 2230; x_wconf 87' lang='lat' dir='ltr'><strong>sima,</strong></span> <span class='ocrx_word' id='word_1_372' title='bbox 2056 2168 2401 2235; x_wconf 76' lang='lat' dir='ltr'><strong>pontificibus</strong></span> <span class='ocrx_word' id='word_1_373' title='bbox 2446 2167 2601 2235; x_wconf 89' lang='lat' dir='ltr'><strong>plena</strong></span> <span class='ocrx_word' id='word_1_374' title='bbox 2650 2167 2945 2236; x_wconf 87' lang='lat' dir='ltr'><strong>insignibus</strong></span> <span class='ocrx_word' id='word_1_375' title='bbox 2993 2177 3152 2235; x_wconf 91' lang='lat' dir='ltr'><strong>atque</strong></span> <span class='ocrx_word' id='word_1_376' title='bbox 3196 2166 3421 2219; x_wconf 90' lang='lat' dir='ltr'><strong>illustri-</strong></span> 
     </span>
    </p>
   </div>
   <div class='ocr_carea' id='block_1_56' title="bbox 1865 2256 3424 2326">
    <p class='ocr_par' dir='ltr' id='par_1_56' title="bbox 1865 2256 3424 2326">
     <span class='ocr_line' id='line_1_56' title="bbox 1865 2256 3424 2326; baseline -0.001 -15"><span class='ocrx_word' id='word_1_377' title='bbox 1865 2259 1964 2312; x_wconf 93' lang='lat' dir='ltr'><strong>bus</strong></span> <span class='ocrx_word' id='word_1_378' title='bbox 1996 2260 2252 2326; x_wconf 79' lang='lat' dir='ltr'><strong>dignitate</strong></span> <span class='ocrx_word' id='word_1_379' title='bbox 2294 2259 2443 2323; x_wconf 89' lang='lat' dir='ltr'><strong>viris,</strong></span> <span class='ocrx_word' id='word_1_380' title='bbox 2479 2259 2640 2325; x_wconf 75' lang='lat' dir='ltr'><strong>judex</strong></span> <span class='ocrx_word' id='word_1_381' title='bbox 2690 2257 2771 2311; x_wconf 82' lang='lat' dir='ltr'><strong>his</strong></span> <span class='ocrx_word' id='word_1_382' title='bbox 2819 2260 3081 2325; x_wconf 72' lang='lat' dir='ltr'><strong>prmsedit.</strong></span> <span class='ocrx_word' id='word_1_383' title='bbox 3121 2256 3424 2310; x_wconf 74' lang='lat' dir='ltr'><strong>Marciam-3</strong></span> 
     </span>
    </p>
   </div>
   <div class='ocr_carea' id='block_1_57' title="bbox 1866 2349 3425 2419">
    <p class='ocr_par' dir='ltr' id='par_1_57' title="bbox 1866 2349 3425 2419">
     <span class='ocr_line' id='line_1_57' title="bbox 1866 2349 3425 2419; baseline -0.001 -14"><span class='ocrx_word' id='word_1_384' title='bbox 1866 2364 2168 2416; x_wconf 83' lang='lat' dir='ltr'><strong>susceptum</strong></span> <span class='ocrx_word' id='word_1_385' title='bbox 2244 2352 2520 2419; x_wconf 84' lang='lat' dir='ltr'><strong>imperium</strong></span> <span class='ocrx_word' id='word_1_386' title='bbox 2593 2349 2889 2403; x_wconf 82' lang='lat' dir='ltr'><strong>Romanum</strong></span> <span class='ocrx_word' id='word_1_387' title='bbox 2960 2352 3243 2419; x_wconf 89' lang='lat' dir='ltr'><strong>septimum</strong></span> <span class='ocrx_word' id='word_1_388' title='bbox 3310 2349 3425 2417; x_wconf 69' lang='lat' dir='ltr'><strong>jam</strong></span> 
     </span>
    </p>
   </div>
   <div class='ocr_carea' id='block_1_58' title="bbox 1867 2442 3423 2511">
    <p class='ocr_par' dir='ltr' id='par_1_58' title="bbox 1867 2442 3423 2511">
     <span class='ocr_line' id='line_1_58' title="bbox 1867 2442 3423 2511; baseline -0.001 -16"><span class='ocrx_word' id='word_1_389' title='bbox 1867 2460 2063 2496; x_wconf 88' lang='lat' dir='ltr'><strong>annmn</strong></span> <span class='ocrx_word' id='word_1_390' title='bbox 2096 2442 2735 2497; x_wconf 84' lang='lat' dir='ltr'><strong>administrabat.Beatus</strong></span> <span class='ocrx_word' id='word_1_391' title='bbox 2762 2442 3014 2511; x_wconf 86' lang='lat' dir='ltr'><strong>Eulogius</strong></span> <span class='ocrx_word' id='word_1_392' title='bbox 3032 2442 3423 2506; x_wconf 77' lang='lat' dir='ltr'><strong>discussisqu</strong></span> 
     </span>
    </p>
   </div>
   <div class='ocr_carea' id='block_1_59' title="bbox 1867 2531 3423 2604">
    <p class='ocr_par' dir='ltr' id='par_1_59' title="bbox 1867 2531 3423 2604">
     <span class='ocr_line' id='line_1_59' title="bbox 1867 2531 3423 2604; baseline -0.003 -17"><span class='ocrx_word' id='word_1_393' title='bbox 1867 2537 1933 2589; x_wconf 91' lang='lat' dir='ltr'><strong>ab</strong></span> <span class='ocrx_word' id='word_1_394' title='bbox 1974 2546 2201 2603; x_wconf 87' lang='lat' dir='ltr'><strong>utraque</strong></span> <span class='ocrx_word' id='word_1_395' title='bbox 2247 2545 2398 2604; x_wconf 90' lang='lat' dir='ltr'><strong>parte</strong></span> <span class='ocrx_word' id='word_1_396' title='bbox 2437 2534 2839 2597; x_wconf 88' lang='lat' dir='ltr'><strong>asserebantur,</strong></span> <span class='ocrx_word' id='word_1_397' title='bbox 2872 2543 2926 2587; x_wconf 91' lang='lat' dir='ltr'><strong>et</strong></span> <span class='ocrx_word' id='word_1_398' title='bbox 2966 2541 3191 2601; x_wconf 90' lang='lat' dir='ltr'><strong>utraque</strong></span> <span class='ocrx_word' id='word_1_399' title='bbox 3220 2531 3423 2584; x_wconf 83' lang='lat' dir='ltr'><strong>erroris</strong></span> 
     </span>
    </p>
   </div>
   <div class='ocr_carea' id='block_1_60' title="bbox 1869 2623 3425 2695">
    <p class='ocr_par' dir='ltr' id='par_1_60' title="bbox 1869 2623 3425 2695">
     <span class='ocr_line' id='line_1_60' title="bbox 1869 2623 3425 2695; baseline -0.004 -15"><span class='ocrx_word' id='word_1_400' title='bbox 1869 2644 1897 2680; x_wconf 88' lang='lat' dir='ltr'><strong>a</strong></span> <span class='ocrx_word' id='word_1_401' title='bbox 1938 2629 2166 2681; x_wconf 88' lang='lat' dir='ltr'><strong>veritate</strong></span> <span class='ocrx_word' id='word_1_402' title='bbox 2208 2630 2394 2695; x_wconf 86' lang='lat' dir='ltr'><strong>procul</strong></span> <span class='ocrx_word' id='word_1_403' title='bbox 2427 2626 2616 2679; x_wconf 85' lang='lat' dir='ltr'><strong>remoti</strong></span> <span class='ocrx_word' id='word_1_404' title='bbox 2654 2625 2920 2686; x_wconf 82' lang='lat' dir='ltr'><strong>convicta,</strong></span> <span class='ocrx_word' id='word_1_405' title='bbox 2957 2623 3102 2675; x_wconf 90' lang='lat' dir='ltr'><strong>illum</strong></span> <span class='ocrx_word' id='word_1_406' title='bbox 3132 2637 3159 2673; x_wconf 90' lang='lat' dir='ltr'><strong>a</strong></span> <span class='ocrx_word' id='word_1_407' title='bbox 3193 2623 3425 2689; x_wconf 87' lang='lat' dir='ltr'><strong>prophe-</strong></span> 
     </span>
    </p>
   </div>
   <div class='ocr_carea' id='block_1_61' title="bbox 1871 2712 3425 2787">
    <p class='ocr_par' dir='ltr' id='par_1_61' title="bbox 1871 2712 3425 2787">
     <span class='ocr_line' id='line_1_61' title="bbox 1871 2712 3425 2787; baseline -0.005 -15"><span class='ocrx_word' id='word_1_408' title='bbox 1871 2720 1939 2772; x_wconf 89' lang='lat' dir='ltr'><strong>tis</strong></span> <span class='ocrx_word' id='word_1_409' title='bbox 1966 2718 2273 2787; x_wconf 68' lang='lat' dir='ltr'><strong>prtedictum</strong></span> <span class='ocrx_word' id='word_1_410' title='bbox 2308 2718 2578 2779; x_wconf 78' lang='lat' dir='ltr'><strong>Messism,</strong></span> <span class='ocrx_word' id='word_1_411' title='bbox 2608 2732 2673 2769; x_wconf 83' lang='lat' dir='ltr'><strong>ex</strong></span> <span class='ocrx_word' id='word_1_412' title='bbox 2708 2715 3001 2783; x_wconf 85' lang='lat' dir='ltr'><strong>Scripturis</strong></span> <span class='ocrx_word' id='word_1_413' title='bbox 3036 2716 3208 2768; x_wconf 88' lang='lat' dir='ltr'><strong>sacris</strong></span> <span class='ocrx_word' id='word_1_414' title='bbox 3243 2712 3425 2765; x_wconf 80' lang='lat' dir='ltr'><strong>docuit</strong></span> 
     </span>
    </p>
   </div>
   <div class='ocr_carea' id='block_1_62' title="bbox 1866 2808 3421 2864">
    <p class='ocr_par' dir='ltr' id='par_1_62' title="bbox 1866 2808 3421 2864">
     <span class='ocr_line' id='line_1_62' title="bbox 1866 2808 3421 2864; baseline -0.005 -1"><span class='ocrx_word' id='word_1_415' title='bbox 1866 2826 1987 2863; x_wconf 88' lang='lat' dir='ltr'><strong>esse</strong></span> <span class='ocrx_word' id='word_1_416' title='bbox 2037 2809 2317 2863; x_wconf 90' lang='lat' dir='ltr'><strong>Dominum</strong></span> <span class='ocrx_word' id='word_1_417' title='bbox 2374 2822 2613 2864; x_wconf 92' lang='lat' dir='ltr'><strong>nostrum</strong></span> <span class='ocrx_word' id='word_1_418' title='bbox 2669 2808 2849 2864; x_wconf 79' lang='lat' dir='ltr'><strong>Jesum</strong></span> <span class='ocrx_word' id='word_1_419' title='bbox 2900 2808 3172 2861; x_wconf 80' lang='lat' dir='ltr'><strong>Christum</strong></span> <span class='ocrx_word' id='word_1_420' title='bbox 3236 2818 3421 2859; x_wconf 82' lang='lat' dir='ltr'><strong>verum</strong></span> 
     </span>
    </p>
   </div>
   <div class='ocr_carea' id='block_1_63' title="bbox 1868 2900 3423 2972">
    <p class='ocr_par' dir='ltr' id='par_1_63' title="bbox 1868 2900 3423 2972">
     <span class='ocr_line' id='line_1_63' title="bbox 1868 2900 3423 2972; baseline -0.003 -18"><span class='ocrx_word' id='word_1_421' title='bbox 1868 2902 2033 2955; x_wconf 88' lang='lat' dir='ltr'><strong>Deum</strong></span> <span class='ocrx_word' id='word_1_422' title='bbox 2086 2920 2099 2955; x_wconf 92' lang='lat'>:</span> <span class='ocrx_word' id='word_1_423' title='bbox 2143 2902 2260 2956; x_wconf 87' lang='lat' dir='ltr'><strong>illos</strong></span> <span class='ocrx_word' id='word_1_424' title='bbox 2313 2918 2439 2957; x_wconf 86' lang='lat' dir='ltr'><strong>vero</strong></span> <span class='ocrx_word' id='word_1_425' title='bbox 2493 2902 2813 2972; x_wconf 87' lang='lat' dir='ltr'><strong>gravissimo</strong></span> <span class='ocrx_word' id='word_1_426' title='bbox 2868 2915 3053 2954; x_wconf 82' lang='lat' dir='ltr'><strong>errore</strong></span> <span class='ocrx_word' id='word_1_427' title='bbox 3107 2900 3423 2962; x_wconf 83' lang='lat' dir='ltr'><strong>laborasse;</strong></span> 
     </span>
    </p>
   </div>
   <div class='ocr_carea' id='block_1_64' title="bbox 1868 2991 3421 3062">
    <p class='ocr_par' dir='ltr' id='par_1_64' title="bbox 1868 2991 3421 3062">
     <span class='ocr_line' id='line_1_64' title="bbox 1868 2991 3421 3062; baseline -0.003 -17"><span class='ocrx_word' id='word_1_428' title='bbox 1868 2993 1965 3046; x_wconf 85' lang='lat' dir='ltr'><strong>hos</strong></span> <span class='ocrx_word' id='word_1_429' title='bbox 2012 2994 2227 3061; x_wconf 86' lang='lat' dir='ltr'><strong>quidem</strong></span> <span class='ocrx_word' id='word_1_430' title='bbox 2283 2996 2422 3062; x_wconf 92' lang='lat' dir='ltr'><strong>quod</strong></span> <span class='ocrx_word' id='word_1_431' title='bbox 2476 2993 2660 3047; x_wconf 81' lang='lat' dir='ltr'><strong>Jesum</strong></span> <span class='ocrx_word' id='word_1_432' title='bbox 2714 2991 2854 3045; x_wconf 83' lang='lat' dir='ltr'><strong>Nave</strong></span> <span class='ocrx_word' id='word_1_433' title='bbox 2907 2993 3053 3044; x_wconf 91' lang='lat' dir='ltr'><strong>illum</strong></span> <span class='ocrx_word' id='word_1_434' title='bbox 3106 2992 3421 3058; x_wconf 73' lang='lat' dir='ltr'><strong>prophetam</strong></span> 
     </span>
    </p>
   </div>
   <div class='ocr_carea' id='block_1_65' title="bbox 1870 3082 3419 3152">
    <p class='ocr_par' dir='ltr' id='par_1_65' title="bbox 1870 3082 3419 3152">
     <span class='ocr_line' id='line_1_65' title="bbox 1870 3082 3419 3152; baseline -0.002 -17"><span class='ocrx_word' id='word_1_435' title='bbox 1870 3087 2282 3151; x_wconf 65' lang='lat' dir='ltr'><strong>praenuntiatum</strong></span> <span class='ocrx_word' id='word_1_436' title='bbox 2336 3084 2595 3152; x_wconf 80' lang='lat' dir='ltr'><strong>[ingerent</strong></span> <span class='ocrx_word' id='word_1_437' title='bbox 2629 3102 2643 3137; x_wconf 92' lang='lat'><strong>:</strong></span> <span class='ocrx_word' id='word_1_438' title='bbox 2677 3083 2794 3136; x_wconf 92' lang='lat' dir='ltr'><strong>illos</strong></span> <span class='ocrx_word' id='word_1_439' title='bbox 2826 3097 2956 3137; x_wconf 87' lang='lat' dir='ltr'><strong>vero</strong></span> <span class='ocrx_word' id='word_1_440' title='bbox 2992 3083 3133 3151; x_wconf 87' lang='lat' dir='ltr'><strong>quod</strong></span> <span class='ocrx_word' id='word_1_441' title='bbox 3186 3082 3419 3133; x_wconf 89' lang='lat' dir='ltr'><strong>Dosthen</strong></span> 
     </span>
    </p>
   </div>
   <div class='ocr_carea' id='block_1_66' title="bbox 1872 3177 3426 3246">
    <p class='ocr_par' dir='ltr' id='par_1_66' title="bbox 1872 3177 3426 3246">
     <span class='ocr_line' id='line_1_66' title="bbox 1872 3177 3426 3246; baseline -0.002 -16"><span class='ocrx_word' id='word_1_442' title='bbox 1872 3192 1965 3230; x_wconf 90' lang='lat' dir='ltr'><strong>seu</strong></span> <span class='ocrx_word' id='word_1_443' title='bbox 2003 3179 2312 3232; x_wconf 87' lang='lat' dir='ltr'><strong>Dosithettm</strong></span> <span class='ocrx_word' id='word_1_444' title='bbox 2352 3179 2571 3246; x_wconf 89' lang='lat' dir='ltr'><strong>itnpium</strong></span> <span class='ocrx_word' id='word_1_445' title='bbox 2615 3184 2921 3246; x_wconf 70' lang='lat' dir='ltr'><strong>portentose</strong></span> <span class='ocrx_word' id='word_1_446' title='bbox 2953 3177 3426 3228; x_wconf 83' lang='lat' dir='ltr'><strong>comminisceren-</strong></span> 
     </span>
    </p>
   </div>
   <div class='ocr_carea' id='block_1_67' title="bbox 1876 3269 3425 3338">
    <p class='ocr_par' dir='ltr' id='par_1_67' title="bbox 1876 3269 3425 3338">
     <span class='ocr_line' id='line_1_67' title="bbox 1876 3269 3425 3338; baseline -0.001 -18"><span class='ocrx_word' id='word_1_447' title='bbox 1876 3279 1979 3322; x_wconf 91' lang='lat' dir='ltr'><strong>tur.</strong></span> <span class='ocrx_word' id='word_1_448' title='bbox 2016 3272 2189 3336; x_wconf 84' lang='lat' dir='ltr'><strong>Atque</strong></span> <span class='ocrx_word' id='word_1_449' title='bbox 2228 3270 2298 3322; x_wconf 89' lang='lat' dir='ltr'><strong>ita</strong></span> <span class='ocrx_word' id='word_1_450' title='bbox 2352 3270 2632 3323; x_wconf 88' lang='lat' dir='ltr'><strong>concilium</strong></span> <span class='ocrx_word' id='word_1_451' title='bbox 2682 3271 2855 3323; x_wconf 89' lang='lat' dir='ltr'><strong>solvit.</strong></span> <span class='ocrx_word' id='word_1_452' title='bbox 2908 3269 3011 3323; x_wconf 88' lang='lat' dir='ltr'><strong>Sed</strong></span> <span class='ocrx_word' id='word_1_453' title='bbox 3052 3280 3425 3338; x_wconf 83' lang='lat' dir='ltr'><strong>argumentum</strong></span> 
     </span>
    </p>
   </div>
   <div class='ocr_carea' id='block_1_68' title="bbox 1874 3361 3423 3430">
    <p class='ocr_par' dir='ltr' id='par_1_68' title="bbox 1874 3361 3423 3430">
     <span class='ocr_line' id='line_1_68' title="bbox 1874 3361 3423 3430; baseline -0.002 -18"><span class='ocrx_word' id='word_1_454' title='bbox 1874 3370 1928 3413; x_wconf 90' lang='lat' dir='ltr'><strong>et</strong></span> <span class='ocrx_word' id='word_1_455' title='bbox 1964 3361 2239 3414; x_wconf 89' lang='lat' dir='ltr'><strong>decretum</strong></span> <span class='ocrx_word' id='word_1_456' title='bbox 2284 3376 2403 3414; x_wconf 89' lang='lat' dir='ltr'><strong>cum</strong></span> <span class='ocrx_word' id='word_1_457' title='bbox 2437 3361 2659 3430; x_wconf 87' lang='lat' dir='ltr'><strong>Eulogio</strong></span> <span class='ocrx_word' id='word_1_458' title='bbox 2698 3363 2855 3429; x_wconf 87' lang='lat' dir='ltr'><strong>periit</strong></span> <span class='ocrx_word' id='word_1_459' title='bbox 2888 3380 2900 3415; x_wconf 91' lang='lat'>:</span> <span class='ocrx_word' id='word_1_460' title='bbox 2938 3362 3129 3415; x_wconf 90' lang='lat' dir='ltr'><strong>tertius</strong></span> <span class='ocrx_word' id='word_1_461' title='bbox 3166 3361 3297 3414; x_wconf 91' lang='lat' dir='ltr'><strong>liber</strong></span> <span class='ocrx_word' id='word_1_462' title='bbox 3326 3373 3423 3410; x_wconf 78' lang='lat' dir='ltr'><strong>so-</strong></span> 
     </span>
    </p>
   </div>
   <div class='ocr_carea' id='block_1_69' title="bbox 1880 3454 2926 3521">
    <p class='ocr_par' dir='ltr' id='par_1_69' title="bbox 1880 3454 2926 3521">
     <span class='ocr_line' id='line_1_69' title="bbox 1880 3454 2926 3521; baseline 0.002 -18"><span class='ocrx_word' id='word_1_463' title='bbox 1880 3462 2084 3519; x_wconf 86' lang='lat' dir='ltr'><strong>perstes</strong></span> <span class='ocrx_word' id='word_1_464' title='bbox 2114 3454 2165 3504; x_wconf 91' lang='lat' dir='ltr'><strong>in</strong></span> <span class='ocrx_word' id='word_1_465' title='bbox 2199 3463 2405 3505; x_wconf 82' lang='lat' dir='ltr'><strong>nostras</strong></span> <span class='ocrx_word' id='word_1_466' title='bbox 2446 3468 2633 3505; x_wconf 81' lang='lat' dir='ltr'><strong>mauus</strong></span> <span class='ocrx_word' id='word_1_467' title='bbox 2664 3454 2926 3521; x_wconf 78' lang='lat' dir='ltr'><strong>pervenit.</strong></span> 
     </span>
    </p>
   </div>
   <div class='ocr_carea' id='block_1_70' title="bbox 196 3537 3427 3612">
    <p class='ocr_par' dir='ltr' id='par_1_70' title="bbox 196 3537 3427 3612">
     <span class='ocr_line' id='line_1_70' title="bbox 196 3537 3427 3612; baseline -0.001 -19"><span class='ocrx_word' id='word_1_468' title='bbox 196 3541 299 3593; x_wconf 82' lang='grc' dir='ltr'><strong>τὸν</strong></span> <span class='ocrx_word' id='word_1_469' title='bbox 349 3538 581 3607; x_wconf 70' lang='grc' dir='ltr'>δυσσεϐῆ</span> <span class='ocrx_word' id='word_1_470' title='bbox 636 3537 1145 3610; x_wconf 83' lang='grc' dir='ltr'>τερατολογοῦντας.</span> <span class='ocrx_word' id='word_1_471' title='bbox 1214 3538 1321 3591; x_wconf 76' lang='grc' dir='ltr'><strong>Καὶ</strong></span> <span class='ocrx_word' id='word_1_472' title='bbox 1364 3538 1503 3590; x_wconf 77' lang='grc' dir='ltr'>οὕτω</span> <span class='ocrx_word' id='word_1_473' title='bbox 1580 3540 1670 3589; x_wconf 82' lang='grc' dir='ltr'><strong>τὸν</strong></span> <span class='ocrx_word' id='word_1_474' title='bbox 1715 3539 1965 3607; x_wconf 85' lang='grc' dir='ltr'>σύλλογον</span> <span class='ocrx_word' id='word_1_475' title='bbox 2040 3542 2262 3606; x_wconf 84' lang='grc' dir='ltr'>διαλύει,</span> <span class='ocrx_word' id='word_1_476' title='bbox 2344 3542 2772 3611; x_wconf 80' lang='grc' dir='ltr'>συντελευτώσης</span> <span class='ocrx_word' id='word_1_477' title='bbox 2816 3542 2963 3612; x_wconf 87' lang='grc' dir='ltr'>αὑτῷ</span> <span class='ocrx_word' id='word_1_478' title='bbox 3013 3542 3107 3594; x_wconf 79' lang='grc' dir='ltr'><strong>καὶ</strong></span> <span class='ocrx_word' id='word_1_479' title='bbox 3150 3541 3246 3609; x_wconf 88' lang='grc' dir='ltr'><strong>τῆς</strong></span> <span class='ocrx_word' id='word_1_480' title='bbox 3295 3540 3427 3591; x_wconf 72' lang='grc' dir='ltr'>ὑπο·</span> 
     </span>
    </p>
   </div>
   <div class='ocr_carea' id='block_1_71' title="bbox 197 3627 2988 3704">
    <p class='ocr_par' dir='ltr' id='par_1_71' title="bbox 197 3627 2988 3704">
     <span class='ocr_line' id='line_1_71' title="bbox 197 3627 2988 3704; baseline 0 -20"><span class='ocrx_word' id='word_1_481' title='bbox 197 3633 409 3691; x_wconf 80' lang='grc' dir='ltr'>θέσεως</span> <span class='ocrx_word' id='word_1_482' title='bbox 450 3631 543 3681; x_wconf 73' lang='grc' dir='ltr'>καὶ</span> <span class='ocrx_word' id='word_1_483' title='bbox 581 3630 677 3697; x_wconf 87' lang='grc' dir='ltr'><strong>τῆς</strong></span> <span class='ocrx_word' id='word_1_484' title='bbox 726 3631 1085 3696; x_wconf 73' lang='grc' dir='ltr'>ὲκφωνήσεως</span> <span class='ocrx_word' id='word_1_485' title='bbox 1134 3630 1225 3679; x_wconf 73' lang='grc' dir='ltr'><strong>καὶ</strong></span> <span class='ocrx_word' id='word_1_486' title='bbox 1259 3627 1349 3680; x_wconf 85' lang='grc' dir='ltr'>τοῦ</span> <span class='ocrx_word' id='word_1_487' title='bbox 1399 3628 1767 3697; x_wconf 76' lang='grc' dir='ltr'>περιελθόντος</span> <span class='ocrx_word' id='word_1_488' title='bbox 1806 3632 1884 3693; x_wconf 83' lang='grc' dir='ltr'><strong>είς</strong></span> <span class='ocrx_word' id='word_1_489' title='bbox 1912 3632 2009 3693; x_wconf 75' lang='grc' dir='ltr'>τὰς</span> <span class='ocrx_word' id='word_1_490' title='bbox 2035 3635 2305 3704; x_wconf 78' lang='grc' dir='ltr'>ἡμετέρας</span> <span class='ocrx_word' id='word_1_491' title='bbox 2336 3636 2517 3703; x_wconf 84' lang='grc' dir='ltr'>χεῖρας</span> <span class='ocrx_word' id='word_1_492' title='bbox 2544 3634 2723 3702; x_wconf 91' lang='grc' dir='ltr'>τρίτου</span> <span class='ocrx_word' id='word_1_493' title='bbox 2744 3633 2988 3701; x_wconf 82' lang='grc' dir='ltr'>τεύχους.</span> 
     </span>
    </p>
   </div>
   <div class='ocr_carea' id='block_1_72' title="bbox 287 3720 1771 3792">
    <p class='ocr_par' dir='ltr' id='par_1_72' title="bbox 287 3720 1771 3792">
     <span class='ocr_line' id='line_1_72' title="bbox 287 3720 1771 3792; baseline -0.009 -15"><span class='ocrx_word' id='word_1_494' title='bbox 287 3726 380 3777; x_wconf 85' lang='grc' dir='ltr'>Ἐν</span> <span class='ocrx_word' id='word_1_495' title='bbox 428 3722 599 3791; x_wconf 77' lang='grc' dir='ltr'>τούτῳ</span> <span class='ocrx_word' id='word_1_496' title='bbox 630 3721 708 3790; x_wconf 78' lang='grc' dir='ltr'>τῷ</span> <span class='ocrx_word' id='word_1_497' title='bbox 746 3720 934 3789; x_wconf 78' lang='grc' dir='ltr'>βιὸλίῳ</span> <span class='ocrx_word' id='word_1_498' title='bbox 971 3720 1069 3789; x_wconf 85' lang='grc' dir='ltr'>τὴν</span> <span class='ocrx_word' id='word_1_499' title='bbox 1106 3721 1397 3773; x_wconf 78' lang='grc' dir='ltr'>ἀνάστασιν</span> <span class='ocrx_word' id='word_1_500' title='bbox 1452 3723 1481 3772; x_wconf 85' lang='grc' dir='ltr'>ὁ</span> <span class='ocrx_word' id='word_1_501' title='bbox 1532 3738 1771 3792; x_wconf 78' lang='grc' dir='ltr'>συγγρα-</span> 
     </span>
    </p>
   </div>
   <div class='ocr_carea' id='block_1_73' title="bbox 197 3816 1772 3890">
    <p class='ocr_par' dir='ltr' id='par_1_73' title="bbox 197 3816 1772 3890">
     <span class='ocr_line' id='line_1_73' title="bbox 197 3816 1772 3890; baseline -0.001 -16"><span class='ocrx_word' id='word_1_502' title='bbox 197 3823 339 3890; x_wconf 57' lang='lat' dir='ltr'><strong>ipsi);</strong></span> <span class='ocrx_word' id='word_1_503' title='bbox 402 3822 467 3873; x_wconf 81' lang='grc' dir='ltr'>ὲκ</span> <span class='ocrx_word' id='word_1_504' title='bbox 524 3820 632 3872; x_wconf 91' lang='grc' dir='ltr'><strong>τῶν</strong></span> <span class='ocrx_word' id='word_1_505' title='bbox 684 3817 993 3872; x_wconf 62' lang='grc' dir='ltr'>θίωσαῖκῶν</span> <span class='ocrx_word' id='word_1_506' title='bbox 1054 3816 1363 3887; x_wconf 86' lang='grc' dir='ltr'>μαρτυριῶν</span> <span class='ocrx_word' id='word_1_507' title='bbox 1410 3818 1772 3872; x_wconf 74' lang='grc' dir='ltr'>ἐπιδεικνύναι</span> 
     </span>
    </p>
   </div>
   <div class='ocr_carea' id='block_1_74' title="bbox 198 3907 1771 3981">
    <p class='ocr_par' dir='ltr' id='par_1_74' title="bbox 198 3907 1771 3981">
     <span class='ocr_line' id='line_1_74' title="bbox 198 3907 1771 3981; baseline -0.001 -15"><span class='ocrx_word' id='word_1_508' title='bbox 198 3912 455 3967; x_wconf 83' lang='grc' dir='ltr'>σπεύδων</span> <span class='ocrx_word' id='word_1_509' title='bbox 485 3912 711 3963; x_wconf 71' lang='grc' dir='ltr'>τοιαῦτα</span> <span class='ocrx_word' id='word_1_510' title='bbox 744 3928 815 3979; x_wconf 79' lang='grc' dir='ltr'>φη</span> <span class='ocrx_word' id='word_1_511' title='bbox 835 3926 950 3961; x_wconf 86' lang='grc' dir='ltr'>σιν·</span> <span class='ocrx_word' id='word_1_512' title='bbox 1007 3908 1070 3962; x_wconf 84' lang='lat' dir='ltr'><strong>El</strong></span> <span class='ocrx_word' id='word_1_513' title='bbox 1125 3908 1197 3978; x_wconf 77' lang='grc' dir='ltr'>μὴ</span> <span class='ocrx_word' id='word_1_514' title='bbox 1253 3909 1555 3979; x_wconf 85' lang='grc' dir='ltr'>πανάληθες</span> <span class='ocrx_word' id='word_1_515' title='bbox 1604 3907 1671 3981; x_wconf 77' lang='grc' dir='ltr'>ἦν</span> <span class='ocrx_word' id='word_1_516' title='bbox 1711 3912 1771 3965; x_wconf 83' lang='grc' dir='ltr'>τὸ</span> 
     </span>
    </p>
   </div>
   <div class='ocr_carea' id='block_1_75' title="bbox 195 4000 1772 4073">
    <p class='ocr_par' dir='ltr' id='par_1_75' title="bbox 195 4000 1772 4073">
     <span class='ocr_line' id='line_1_75' title="bbox 195 4000 1772 4073; baseline -0.01 -3"><span class='ocrx_word' id='word_1_517' title='bbox 195 4007 300 4072; x_wconf 73' lang='grc' dir='ltr'><strong>τῆς</strong></span> <span class='ocrx_word' id='word_1_518' title='bbox 332 4004 680 4064; x_wconf 71' lang='grc' dir='ltr'>ἀναστάσεως</span> <span class='ocrx_word' id='word_1_519' title='bbox 726 4001 939 4070; x_wconf 79' lang='grc' dir='ltr'>χρῆμα,</span> <span class='ocrx_word' id='word_1_520' title='bbox 980 4000 1097 4063; x_wconf 79' lang='grc' dir='ltr'><strong>πῶς</strong></span> <span class='ocrx_word' id='word_1_521' title='bbox 1135 4001 1286 4069; x_wconf 75' lang='grc' dir='ltr'>ἔλεγε</span> <span class='ocrx_word' id='word_1_522' title='bbox 1332 4002 1465 4072; x_wconf 83' lang='grc' dir='ltr'>πρὸς</span> <span class='ocrx_word' id='word_1_523' title='bbox 1526 4002 1772 4073; x_wconf 79' lang='grc' dir='ltr'>’Δὸραὰμ</span> 
     </span>
    </p>
   </div>
   <div class='ocr_carea' id='block_1_76' title="bbox 194 4092 1769 4161">
    <p class='ocr_par' dir='ltr' id='par_1_76' title="bbox 194 4092 1769 4161">
     <span class='ocr_line' id='line_1_76' title="bbox 194 4092 1769 4161; baseline 0 -14"><span class='ocrx_word' id='word_1_524' title='bbox 194 4100 223 4147; x_wconf 72' lang='grc' dir='ltr'>ὁ</span> <span class='ocrx_word' id='word_1_525' title='bbox 253 4094 389 4155; x_wconf 86' lang='grc' dir='ltr'>Θεός</span> <span class='ocrx_word' id='word_1_526' title='bbox 410 4110 424 4123; x_wconf 89' lang='grc'>·</span> <span class='ocrx_word' id='word_1_527' title='bbox 466 4094 547 4145; x_wconf 79' lang='grc' dir='ltr'><strong>Σὺ</strong></span> <span class='ocrx_word' id='word_1_528' title='bbox 585 4092 652 4145; x_wconf 82' lang='grc' dir='ltr'>δὲ</span> <span class='ocrx_word' id='word_1_529' title='bbox 676 4093 983 4161; x_wconf 75' lang='grc' dir='ltr'>ἀπελεύσῃ</span> <span class='ocrx_word' id='word_1_530' title='bbox 1013 4093 1158 4159; x_wconf 84' lang='grc' dir='ltr'>πρὸς</span> <span class='ocrx_word' id='word_1_531' title='bbox 1186 4095 1327 4159; x_wconf 82' lang='grc' dir='ltr'>τοὺς</span> <span class='ocrx_word' id='word_1_532' title='bbox 1373 4096 1627 4159; x_wconf 81' lang='grc' dir='ltr'>πατέρας</span> <span class='ocrx_word' id='word_1_533' title='bbox 1655 4110 1769 4147; x_wconf 88' lang='grc' dir='ltr'><strong>σου</strong></span> 
     </span>
    </p>
   </div>
   <div class='ocr_carea' id='block_1_77' title="bbox 194 4184 1770 4255">
    <p class='ocr_par' dir='ltr' id='par_1_77' title="bbox 194 4184 1770 4255">
     <span class='ocr_line' id='line_1_77' title="bbox 194 4184 1770 4255; baseline -0.004 -14"><span class='ocrx_word' id='word_1_534' title='bbox 194 4186 327 4255; x_wconf 80' lang='grc' dir='ltr'><strong>μετ’</strong></span> <span class='ocrx_word' id='word_1_535' title='bbox 375 4186 639 4252; x_wconf 70' lang='grc' dir='ltr'>εἰρήνης,</span> <span class='ocrx_word' id='word_1_536' title='bbox 708 4185 912 4251; x_wconf 66' lang='grc' dir='ltr'>ταφείς</span> <span class='ocrx_word' id='word_1_537' title='bbox 968 4184 1009 4216; x_wconf 79' lang='grc'><strong>⁷⁷</strong></span> <span class='ocrx_word' id='word_1_538' title='bbox 1050 4186 1118 4237; x_wconf 83' lang='grc' dir='ltr'>ἐν</span> <span class='ocrx_word' id='word_1_539' title='bbox 1162 4185 1324 4253; x_wconf 79' lang='grc' dir='ltr'>γήρει</span> <span class='ocrx_word' id='word_1_540' title='bbox 1391 4184 1591 4249; x_wconf 56' lang='lat' dir='ltr'><strong>acadd);</strong></span> <span class='ocrx_word' id='word_1_541' title='bbox 1648 4185 1770 4245; x_wconf 85' lang='grc' dir='ltr'>Πῶς</span> 
     </span>
    </p>
   </div>
   <div class='ocr_carea' id='block_1_78' title="bbox 194 4272 1768 4344">
    <p class='ocr_par' dir='ltr' id='par_1_78' title="bbox 194 4272 1768 4344">
     <span class='ocr_line' id='line_1_78' title="bbox 194 4272 1768 4344; baseline -0.002 -15"><span class='ocrx_word' id='word_1_542' title='bbox 194 4278 310 4344; x_wconf 81' lang='grc' dir='ltr'><strong>γάρ</strong></span> <span class='ocrx_word' id='word_1_543' title='bbox 360 4275 425 4328; x_wconf 77' lang='grc' dir='ltr'><strong>ἂν</strong></span> <span class='ocrx_word' id='word_1_544' title='bbox 454 4272 619 4343; x_wconf 79' lang='grc' dir='ltr'>ἀπῄει</span> <span class='ocrx_word' id='word_1_545' title='bbox 662 4276 755 4326; x_wconf 65' lang='grc' dir='ltr'><strong>καλ⁸</strong></span> <span class='ocrx_word' id='word_1_546' title='bbox 793 4274 928 4343; x_wconf 83' lang='grc' dir='ltr'>πρὸς</span> <span class='ocrx_word' id='word_1_547' title='bbox 954 4274 1159 4337; x_wconf 87' lang='grc' dir='ltr'>ποίους,</span> <span class='ocrx_word' id='word_1_548' title='bbox 1203 4276 1250 4325; x_wconf 91' lang='grc' dir='ltr'><strong>εί</strong></span> <span class='ocrx_word' id='word_1_549' title='bbox 1281 4273 1540 4343; x_wconf 85' lang='grc' dir='ltr'>μηδαμῶς</span> <span class='ocrx_word' id='word_1_550' title='bbox 1576 4276 1768 4342; x_wconf 84' lang='grc' dir='ltr'>μηκέτι</span> 
     </span>
    </p>
   </div>
   <div class='ocr_carea' id='block_1_79' title="bbox 199 4359 1767 4437">
    <p class='ocr_par' dir='ltr' id='par_1_79' title="bbox 199 4359 1767 4437">
     <span class='ocr_line' id='line_1_79' title="bbox 199 4359 1767 4437; baseline -0.003 -17"><span class='ocrx_word' id='word_1_551' title='bbox 199 4370 347 4437; x_wconf 83' lang='grc' dir='ltr'>μήτε</span> <span class='ocrx_word' id='word_1_552' title='bbox 376 4368 534 4427; x_wconf 77' lang='grc' dir='ltr'>αὐτὸς</span> <span class='ocrx_word' id='word_1_553' title='bbox 566 4365 610 4396; x_wconf 80' lang='grc'>’⁸</span> <span class='ocrx_word' id='word_1_554' title='bbox 648 4364 869 4433; x_wconf 76' lang='grc' dir='ltr'>ἔμελλεν</span> <span class='ocrx_word' id='word_1_555' title='bbox 902 4359 1059 4427; x_wconf 82' lang='grc' dir='ltr'>εἶναι,</span> <span class='ocrx_word' id='word_1_556' title='bbox 1102 4366 1238 4431; x_wconf 83' lang='grc' dir='ltr'>μήτε</span> <span class='ocrx_word' id='word_1_557' title='bbox 1272 4364 1408 4433; x_wconf 87' lang='grc' dir='ltr'>πρὸς</span> <span class='ocrx_word' id='word_1_558' title='bbox 1440 4363 1532 4427; x_wconf 85' lang='grc' dir='ltr'><strong>οὓς</strong></span> <span class='ocrx_word' id='word_1_559' title='bbox 1564 4365 1767 4435; x_wconf 80' lang='grc' dir='ltr'>ἀπῄει;</span> 
     </span>
    </p>
   </div>
   <div class='ocr_carea' id='block_1_80' title="bbox 194 4455 1767 4524">
    <p class='ocr_par' dir='ltr' id='par_1_80' title="bbox 194 4455 1767 4524">
     <span class='ocr_line' id='line_1_80' title="bbox 194 4455 1767 4524; baseline -0.003 -12"><span class='ocrx_word' id='word_1_560' title='bbox 194 4460 327 4521; x_wconf 81' lang='grc' dir='ltr'>Πῶς</span> <span class='ocrx_word' id='word_1_561' title='bbox 386 4458 463 4509; x_wconf 72' lang='grc' dir='ltr'><strong>δὲ’</strong></span> <span class='ocrx_word' id='word_1_562' title='bbox 500 4457 658 4508; x_wconf 76' lang='grc' dir='ltr'>πάλιν</span> <span class='ocrx_word' id='word_1_563' title='bbox 704 4455 821 4523; x_wconf 86' lang='grc' dir='ltr'>μετ’</span> <span class='ocrx_word' id='word_1_564' title='bbox 872 4455 1026 4521; x_wconf 81' lang='grc' dir='ltr'>ὀλίγα</span> <span class='ocrx_word' id='word_1_565' title='bbox 1080 4455 1141 4506; x_wconf 85' lang='grc' dir='ltr'><strong>τὸ</strong></span> <span class='ocrx_word' id='word_1_566' title='bbox 1198 4456 1338 4524; x_wconf 75' lang='grc' dir='ltr'>ἱερὸν</span> <span class='ocrx_word' id='word_1_567' title='bbox 1395 4455 1573 4522; x_wconf 81' lang='grc' dir='ltr'>λόγιόν</span> <span class='ocrx_word' id='word_1_568' title='bbox 1635 4472 1767 4524; x_wconf 81' lang='grc' dir='ltr'>φησι</span> 
     </span>
    </p>
   </div>
   <div class='ocr_carea' id='block_1_81' title="bbox 195 4544 1761 4619">
    <p class='ocr_par' dir='ltr' id='par_1_81' title="bbox 195 4544 1761 4619">
     <span class='ocr_line' id='line_1_81' title="bbox 195 4544 1761 4619; baseline -0.003 -16"><span class='ocrx_word' id='word_1_569' title='bbox 195 4552 333 4619; x_wconf 82' lang='grc' dir='ltr'>περὶ</span> <span class='ocrx_word' id='word_1_570' title='bbox 365 4547 559 4601; x_wconf 79' lang='grc' dir='ltr'><strong>αὑτοῦ·</strong></span> <span class='ocrx_word' id='word_1_571' title='bbox 588 4548 695 4601; x_wconf 75' lang='grc' dir='ltr'><strong>Καὶ</strong></span> <span class='ocrx_word' id='word_1_572' title='bbox 750 4544 1010 4598; x_wconf 74' lang='grc' dir='ltr'>ἐκλιπὼν</span> <span class='ocrx_word' id='word_1_573' title='bbox 1058 4545 1355 4597; x_wconf 82' lang='grc' dir='ltr'>ἀπέθανεν</span> <span class='ocrx_word' id='word_1_574' title='bbox 1404 4546 1645 4613; x_wconf 78' lang='grc' dir='ltr'>Ἀϐραὰμ</span> <span class='ocrx_word' id='word_1_575' title='bbox 1690 4546 1761 4599; x_wconf 81' lang='grc' dir='ltr'><strong>έν</strong></span> 
     </span>
    </p>
   </div>
   <div class='ocr_carea' id='block_1_82' title="bbox 1942 3726 3426 3797">
    <p class='ocr_par' dir='ltr' id='par_1_82' title="bbox 1942 3726 3426 3797">
     <span class='ocr_line' id='line_1_82' title="bbox 1942 3726 3426 3797; baseline 0.003 -19"><span class='ocrx_word' id='word_1_576' title='bbox 1942 3727 1996 3778; x_wconf 83' lang='lat' dir='ltr'><strong>In</strong></span> <span class='ocrx_word' id='word_1_577' title='bbox 2037 3728 2136 3780; x_wconf 87' lang='lat' dir='ltr'><strong>hoc</strong></span> <span class='ocrx_word' id='word_1_578' title='bbox 2176 3736 2364 3781; x_wconf 88' lang='lat' dir='ltr'><strong>auctor</strong></span> <span class='ocrx_word' id='word_1_579' title='bbox 2411 3728 2855 3781; x_wconf 89' lang='lat' dir='ltr'><strong>resurrectionem</strong></span> <span class='ocrx_word' id='word_1_580' title='bbox 2892 3744 2956 3781; x_wconf 82' lang='lat' dir='ltr'><strong>ex</strong></span> <span class='ocrx_word' id='word_1_581' title='bbox 3007 3726 3202 3797; x_wconf 80' lang='lat' dir='ltr'><strong>Moysis</strong></span> <span class='ocrx_word' id='word_1_582' title='bbox 3233 3730 3426 3782; x_wconf 77' lang='lat' dir='ltr'><strong>tatu-lis</strong></span> 
     </span>
    </p>
   </div>
   <div class='ocr_carea' id='block_1_83' title="bbox 1874 3818 3425 3887">
    <p class='ocr_par' dir='ltr' id='par_1_83' title="bbox 1874 3818 3425 3887">
     <span class='ocr_line' id='line_1_83' title="bbox 1874 3818 3425 3887; baseline 0.001 -15"><span class='ocrx_word' id='word_1_583' title='bbox 1874 3828 2123 3872; x_wconf 76' lang='lat' dir='ltr'><strong>testatum</strong></span> <span class='ocrx_word' id='word_1_584' title='bbox 2172 3818 2350 3874; x_wconf 83' lang='lat' dir='ltr'><strong>facere</strong></span> <span class='ocrx_word' id='word_1_585' title='bbox 2375 3820 2633 3873; x_wconf 81' lang='lat' dir='ltr'><strong>connixus</strong></span> <span class='ocrx_word' id='word_1_586' title='bbox 2672 3820 2785 3873; x_wconf 69' lang='lat' dir='ltr'><strong>haec</strong></span> <span class='ocrx_word' id='word_1_587' title='bbox 2829 3820 3099 3887; x_wconf 84' lang='lat' dir='ltr'><strong>disputat:</strong></span> <span class='ocrx_word' id='word_1_588' title='bbox 3141 3821 3287 3885; x_wconf 85' lang='lat' dir='ltr'><strong>Quod</strong></span> <span class='ocrx_word' id='word_1_589' title='bbox 3325 3821 3425 3873; x_wconf 86' lang='lat' dir='ltr'><strong>nisi</strong></span> 
     </span>
    </p>
   </div>
   <div class='ocr_carea' id='block_1_84' title="bbox 1874 3910 3427 3979">
    <p class='ocr_par' dir='ltr' id='par_1_84' title="bbox 1874 3910 3427 3979">
     <span class='ocr_line' id='line_1_84' title="bbox 1874 3910 3427 3979; baseline 0.001 -19"><span class='ocrx_word' id='word_1_590' title='bbox 1874 3910 2149 3963; x_wconf 76' lang='lat' dir='ltr'><strong>verissima</strong></span> <span class='ocrx_word' id='word_1_591' title='bbox 2172 3921 2313 3964; x_wconf 80' lang='lat' dir='ltr'><strong>esset</strong></span> <span class='ocrx_word' id='word_1_592' title='bbox 2337 3911 2402 3964; x_wconf 88' lang='lat' dir='ltr'><strong>de</strong></span> <span class='ocrx_word' id='word_1_593' title='bbox 2432 3912 2823 3964; x_wconf 88' lang='lat' dir='ltr'><strong>resurrectione</strong></span> <span class='ocrx_word' id='word_1_594' title='bbox 2843 3911 3126 3970; x_wconf 85' lang='lat' dir='ltr'><strong>sententia,</strong></span> <span class='ocrx_word' id='word_1_595' title='bbox 3158 3912 3427 3979; x_wconf 80' lang='lat' dir='ltr'><strong>quomodo</strong></span> 
     </span>
    </p>
   </div>
   <div class='ocr_carea' id='block_1_85' title="bbox 1870 3999 3425 4055">
    <p class='ocr_par' dir='ltr' id='par_1_85' title="bbox 1870 3999 3425 4055">
     <span class='ocr_line' id='line_1_85' title="bbox 1870 3999 3425 4055; baseline 0.001 -4"><span class='ocrx_word' id='word_1_596' title='bbox 1870 3999 2071 4053; x_wconf 86' lang='lat' dir='ltr'><strong>diceret</strong></span> <span class='ocrx_word' id='word_1_597' title='bbox 2122 4001 2187 4052; x_wconf 87' lang='lat' dir='ltr'><strong>ad</strong></span> <span class='ocrx_word' id='word_1_598' title='bbox 2237 4001 2594 4052; x_wconf 80' lang='lat' dir='ltr'><strong>Abrahamum</strong></span> <span class='ocrx_word' id='word_1_599' title='bbox 2646 3999 2784 4053; x_wconf 87' lang='lat' dir='ltr'><strong>Dens</strong></span> <span class='ocrx_word' id='word_1_600' title='bbox 2830 4018 2844 4055; x_wconf 91' lang='lat'><strong>:</strong></span> <span class='ocrx_word' id='word_1_601' title='bbox 2889 3999 2966 4053; x_wconf 86' lang='lat' dir='ltr'><strong>Tu</strong></span> <span class='ocrx_word' id='word_1_602' title='bbox 3013 4015 3184 4054; x_wconf 76' lang='lat' dir='ltr'><strong>autem</strong></span> <span class='ocrx_word' id='word_1_603' title='bbox 3229 4003 3324 4053; x_wconf 87' lang='lat' dir='ltr'><strong>ibis</strong></span> <span class='ocrx_word' id='word_1_604' title='bbox 3360 4004 3425 4052; x_wconf 78' lang='lat' dir='ltr'><strong>ad</strong></span> 
     </span>
    </p>
   </div>
   <div class='ocr_carea' id='block_1_86' title="bbox 1868 4092 3425 4158">
    <p class='ocr_par' dir='ltr' id='par_1_86' title="bbox 1868 4092 3425 4158">
     <span class='ocr_line' id='line_1_86' title="bbox 1868 4092 3425 4158; baseline 0.004 -18"><span class='ocrx_word' id='word_1_605' title='bbox 1868 4101 2039 4157; x_wconf 81' lang='lat' dir='ltr'><strong>putres</strong></span> <span class='ocrx_word' id='word_1_606' title='bbox 2092 4101 2203 4143; x_wconf 88' lang='lat' dir='ltr'><strong>tuos</strong></span> <span class='ocrx_word' id='word_1_607' title='bbox 2247 4107 2363 4143; x_wconf 87' lang='lat' dir='ltr'><strong>cum</strong></span> <span class='ocrx_word' id='word_1_608' title='bbox 2400 4107 2541 4157; x_wconf 75' lang='lat' dir='ltr'><strong>pate,</strong></span> <span class='ocrx_word' id='word_1_609' title='bbox 2568 4092 2802 4158; x_wconf 86' lang='lat' dir='ltr'><strong>sepultus</strong></span> <span class='ocrx_word' id='word_1_610' title='bbox 2832 4093 2884 4144; x_wconf 89' lang='lat' dir='ltr'><strong>in</strong></span> <span class='ocrx_word' id='word_1_611' title='bbox 2925 4104 3182 4146; x_wconf 81' lang='lat' dir='ltr'><strong>senectute</strong></span> <span class='ocrx_word' id='word_1_612' title='bbox 3208 4092 3339 4144; x_wconf 85' lang='lat' dir='ltr'><strong>bona</strong></span> <span class='ocrx_word' id='word_1_613' title='bbox 3375 4092 3425 4146; x_wconf 69' lang='grc' dir='ltr'>δ.</span> 
     </span>
    </p>
   </div>
   <div class='ocr_carea' id='block_1_87' title="bbox 1870 4182 3427 4255">
    <p class='ocr_par' dir='ltr' id='par_1_87' title="bbox 1870 4182 3427 4255">
     <span class='ocr_line' id='line_1_87' title="bbox 1870 4182 3427 4255; baseline 0.002 -20"><span class='ocrx_word' id='word_1_614' title='bbox 1870 4184 2146 4249; x_wconf 81' lang='lat' dir='ltr'><strong>Quomodo</strong></span> <span class='ocrx_word' id='word_1_615' title='bbox 2204 4182 2344 4235; x_wconf 88' lang='lat' dir='ltr'><strong>enim</strong></span> <span class='ocrx_word' id='word_1_616' title='bbox 2396 4184 2586 4248; x_wconf 82' lang='lat' dir='ltr'><strong>abiret,</strong></span> <span class='ocrx_word' id='word_1_617' title='bbox 2638 4194 2693 4237; x_wconf 89' lang='lat' dir='ltr'><strong>et</strong></span> <span class='ocrx_word' id='word_1_618' title='bbox 2749 4183 2815 4238; x_wconf 87' lang='lat' dir='ltr'><strong>ad</strong></span> <span class='ocrx_word' id='word_1_619' title='bbox 2848 4199 2984 4255; x_wconf 85' lang='lat' dir='ltr'><strong>quos</strong></span> <span class='ocrx_word' id='word_1_620' title='bbox 3024 4183 3216 4248; x_wconf 86' lang='lat' dir='ltr'><strong>abiret,</strong></span> <span class='ocrx_word' id='word_1_621' title='bbox 3246 4184 3289 4238; x_wconf 91' lang='lat' dir='ltr'><strong>si</strong></span> <span class='ocrx_word' id='word_1_622' title='bbox 3337 4185 3427 4238; x_wconf 64' lang='lat' dir='ltr'><strong>ille</strong></span> 
     </span>
    </p>
   </div>
   <div class='ocr_carea' id='block_1_88' title="bbox 1869 4273 3426 4344">
    <p class='ocr_par' dir='ltr' id='par_1_88' title="bbox 1869 4273 3426 4344">
     <span class='ocr_line' id='line_1_88' title="bbox 1869 4273 3426 4344; baseline -0.002 -16"><span class='ocrx_word' id='word_1_623' title='bbox 1869 4275 2044 4328; x_wconf 89' lang='lat' dir='ltr'><strong>nullus</strong></span> <span class='ocrx_word' id='word_1_624' title='bbox 2094 4274 2320 4344; x_wconf 88' lang='lat' dir='ltr'><strong>amplius</strong></span> <span class='ocrx_word' id='word_1_625' title='bbox 2366 4273 2581 4330; x_wconf 78' lang='lat' dir='ltr'><strong>futurus</strong></span> <span class='ocrx_word' id='word_1_626' title='bbox 2629 4284 2765 4339; x_wconf 85' lang='lat' dir='ltr'><strong>erat,</strong></span> <span class='ocrx_word' id='word_1_627' title='bbox 2802 4284 2857 4329; x_wconf 86' lang='lat' dir='ltr'><strong>et</strong></span> <span class='ocrx_word' id='word_1_628' title='bbox 2895 4289 3000 4328; x_wconf 91' lang='lat' dir='ltr'><strong>non</strong></span> <span class='ocrx_word' id='word_1_629' title='bbox 3030 4285 3214 4330; x_wconf 82' lang='lat' dir='ltr'><strong>essent</strong></span> <span class='ocrx_word' id='word_1_630' title='bbox 3243 4276 3277 4329; x_wconf 92' lang='lat' dir='ltr'><strong>ii</strong></span> <span class='ocrx_word' id='word_1_631' title='bbox 3313 4290 3426 4327; x_wconf 83' lang='lat' dir='ltr'><strong>am-</strong></span> 
     </span>
    </p>
   </div>
   <div class='ocr_carea' id='block_1_89' title="bbox 1867 4369 3427 4439">
    <p class='ocr_par' dir='ltr' id='par_1_89' title="bbox 1867 4369 3427 4439">
     <span class='ocr_line' id='line_1_89' title="bbox 1867 4369 3427 4439; baseline 0.002 -18"><span class='ocrx_word' id='word_1_632' title='bbox 1867 4370 2003 4439; x_wconf 88' lang='lat' dir='ltr'><strong>plius</strong></span> <span class='ocrx_word' id='word_1_633' title='bbox 2022 4370 2087 4422; x_wconf 86' lang='lat' dir='ltr'><strong>ad</strong></span> <span class='ocrx_word' id='word_1_634' title='bbox 2107 4385 2238 4439; x_wconf 88' lang='lat' dir='ltr'><strong>quos</strong></span> <span class='ocrx_word' id='word_1_635' title='bbox 2250 4370 2640 4425; x_wconf 87' lang='lat' dir='ltr'><strong>abituruserat?</strong></span> <span class='ocrx_word' id='word_1_636' title='bbox 2668 4369 3011 4439; x_wconf 85' lang='lat' dir='ltr'><strong>thuomodo</strong></span> <span class='ocrx_word' id='word_1_637' title='bbox 3032 4386 3241 4424; x_wconf 88' lang='lat' dir='ltr'><strong>rursum</strong></span> <span class='ocrx_word' id='word_1_638' title='bbox 3273 4370 3427 4439; x_wconf 88' lang='lat' dir='ltr'><strong>paulo</strong></span> 
     </span>
    </p>
   </div>
   <div class='ocr_carea' id='block_1_90' title="bbox 1868 4460 3429 4530">
    <p class='ocr_par' dir='ltr' id='par_1_90' title="bbox 1868 4460 3429 4530">
     <span class='ocr_line' id='line_1_90' title="bbox 1868 4460 3429 4530; baseline -0.001 -15"><span class='ocrx_word' id='word_1_639' title='bbox 1868 4460 2005 4515; x_wconf 89' lang='lat' dir='ltr'><strong>inl&#39;ra</strong></span> <span class='ocrx_word' id='word_1_640' title='bbox 2034 4462 2100 4515; x_wconf 88' lang='lat' dir='ltr'><strong>de</strong></span> <span class='ocrx_word' id='word_1_641' title='bbox 2123 4462 2210 4516; x_wconf 88' lang='lat' dir='ltr'><strong>illo</strong></span> <span class='ocrx_word' id='word_1_642' title='bbox 2239 4462 2473 4516; x_wconf 90' lang='lat' dir='ltr'><strong>divinum</strong></span> <span class='ocrx_word' id='word_1_643' title='bbox 2496 4463 2568 4517; x_wconf 87' lang='lat' dir='ltr'><strong>ait</strong></span> <span class='ocrx_word' id='word_1_644' title='bbox 2596 4462 2863 4530; x_wconf 84' lang='lat' dir='ltr'><strong>eloquium</strong></span> <span class='ocrx_word' id='word_1_645' title='bbox 2888 4476 2903 4513; x_wconf 90' lang='lat'><strong>:</strong></span> <span class='ocrx_word' id='word_1_646' title='bbox 2932 4460 2999 4515; x_wconf 87' lang='lat' dir='ltr'><strong>Et</strong></span> <span class='ocrx_word' id='word_1_647' title='bbox 3021 4462 3263 4529; x_wconf 78' lang='lat' dir='ltr'><strong>deﬁciens</strong></span> <span class='ocrx_word' id='word_1_648' title='bbox 3289 4479 3429 4515; x_wconf 79' lang='lat' dir='ltr'><strong>mor-</strong></span> 
     </span>
    </p>
   </div>
   <div class='ocr_carea' id='block_1_91' title="bbox 1865 4554 3428 4623">
    <p class='ocr_par' dir='ltr' id='par_1_91' title="bbox 1865 4554 3428 4623">
     <span class='ocr_line' id='line_1_91' title="bbox 1865 4554 3428 4623; baseline 0.001 -18"><span class='ocrx_word' id='word_1_649' title='bbox 1865 4562 1984 4606; x_wconf 85' lang='lat' dir='ltr'><strong>tuus</strong></span> <span class='ocrx_word' id='word_1_650' title='bbox 2049 4563 2122 4606; x_wconf 84' lang='lat' dir='ltr'><strong>est</strong></span> <span class='ocrx_word' id='word_1_651' title='bbox 2170 4554 2431 4605; x_wconf 80' lang='lat' dir='ltr'><strong>Abraham</strong></span> <span class='ocrx_word' id='word_1_652' title='bbox 2472 4554 2526 4606; x_wconf 84' lang='lat' dir='ltr'><strong>in</strong></span> <span class='ocrx_word' id='word_1_653' title='bbox 2576 4564 2831 4606; x_wconf 79' lang='lat' dir='ltr'><strong>senectute</strong></span> <span class='ocrx_word' id='word_1_654' title='bbox 2859 4554 3030 4620; x_wconf 86' lang='lat' dir='ltr'><strong>bona,</strong></span> <span class='ocrx_word' id='word_1_655' title='bbox 3083 4566 3428 4623; x_wconf 67' lang='lat' dir='ltr'><strong>provecta’qne</strong></span> 
     </span>
    </p>
   </div>
   <div class='ocr_carea' id='block_1_92' title="bbox 193 4632 1784 4714">
    <p class='ocr_par' dir='ltr' id='par_1_92' title="bbox 193 4636 1759 4711">
     <span class='ocr_line' id='line_1_92' title="bbox 193 4636 1759 4711; baseline 0.018 -36"><span class='ocrx_word' id='word_1_656' title='bbox 193 4642 370 4711; x_wconf 60' lang='grc' dir='ltr'>γήρει</span> <span class='ocrx_word' id='word_1_657' title='bbox 436 4637 629 4701; x_wconf 74' lang='grc' dir='ltr'>καλῷ,</span> <span class='ocrx_word' id='word_1_658' title='bbox 680 4639 1018 4703; x_wconf 79' lang='grc' dir='ltr'>πρεσϐύτης</span> <span class='ocrx_word' id='word_1_659' title='bbox 1065 4637 1161 4688; x_wconf 77' lang='grc' dir='ltr'><strong>καί</strong></span> <span class='ocrx_word' id='word_1_660' title='bbox 1214 4637 1450 4705; x_wconf 77' lang='grc' dir='ltr'>πλήρης</span> <span class='ocrx_word' id='word_1_661' title='bbox 1491 4636 1759 4705; x_wconf 73' lang='grc' dir='ltr'>ἡμερῶν.</span> 
     </span>
    </p>
   </div>
   <div class='ocr_carea' id='block_1_93' title="bbox 1798 4632 3428 4714">
    <p class='ocr_par' dir='ltr' id='par_1_93' title="bbox 1798 4632 3428 4714">
     <span class='ocr_line' id='line_1_93' title="bbox 1798 4632 3428 4714; baseline 0 -19"><span class='ocrx_word' id='word_1_662' title='bbox 1798 4632 1835 4685; x_wconf 82' lang='lat' dir='ltr'><strong>D</strong></span> <span class='ocrx_word' id='word_1_663' title='bbox 1863 4644 2055 4703; x_wconf 75' lang='lat' dir='ltr'><strong>wtatis,</strong></span> <span class='ocrx_word' id='word_1_664' title='bbox 2098 4652 2147 4695; x_wconf 86' lang='lat' dir='ltr'><strong>et</strong></span> <span class='ocrx_word' id='word_1_665' title='bbox 2178 4643 2358 4708; x_wconf 84' lang='lat' dir='ltr'><strong>plenus</strong></span> <span class='ocrx_word' id='word_1_666' title='bbox 2387 4644 2611 4707; x_wconf 85' lang='lat' dir='ltr'><strong>dierum,</strong></span> <span class='ocrx_word' id='word_1_667' title='bbox 2656 4654 3095 4714; x_wconf 78' lang='lat' dir='ltr'><strong>congregatusque</strong></span> <span class='ocrx_word' id='word_1_668' title='bbox 3123 4653 3195 4697; x_wconf 86' lang='lat' dir='ltr'><strong>est</strong></span> <span class='ocrx_word' id='word_1_669' title='bbox 3230 4646 3299 4696; x_wconf 88' lang='lat' dir='ltr'><strong>ad</strong></span> <span class='ocrx_word' id='word_1_670' title='bbox 3334 4660 3428 4710; x_wconf 86' lang='lat' dir='ltr'><strong>po-</strong></span> 
     </span>
    </p>
   </div>
   <div class='ocr_carea' id='block_1_94' title="bbox 194 4728 1765 4797">
    <p class='ocr_par' dir='ltr' id='par_1_94' title="bbox 194 4728 1765 4797">
     <span class='ocr_line' id='line_1_94' title="bbox 194 4728 1765 4797; baseline -0.002 -11"><span class='ocrx_word' id='word_1_671' title='bbox 194 4734 297 4787; x_wconf 77' lang='grc' dir='ltr'><strong>καί</strong></span> <span class='ocrx_word' id='word_1_672' title='bbox 335 4731 664 4797; x_wconf 85' lang='grc' dir='ltr'>προσετέθη</span> <span class='ocrx_word' id='word_1_673' title='bbox 699 4728 848 4796; x_wconf 82' lang='grc' dir='ltr'>πρὸς</span> <span class='ocrx_word' id='word_1_674' title='bbox 890 4728 996 4781; x_wconf 78' lang='grc' dir='ltr'>τὸν</span> <span class='ocrx_word' id='word_1_675' title='bbox 1032 4729 1187 4781; x_wconf 76' lang='grc' dir='ltr'>λαὸν</span> <span class='ocrx_word' id='word_1_676' title='bbox 1234 4729 1460 4793; x_wconf 63' lang='lat' dir='ltr'><strong>abem};</strong></span> <span class='ocrx_word' id='word_1_677' title='bbox 1508 4730 1602 4793; x_wconf 90' lang='grc' dir='ltr'><strong>Τίς</strong></span> <span class='ocrx_word' id='word_1_678' title='bbox 1658 4732 1765 4797; x_wconf 82' lang='grc' dir='ltr'><strong>γὰρ</strong></span> 
     </span>
    </p>
   </div>
   <div class='ocr_carea' id='block_1_95' title="bbox 190 4819 1765 4892">
    <p class='ocr_par' dir='ltr' id='par_1_95' title="bbox 190 4819 1765 4892">
     <span class='ocr_line' id='line_1_95' title="bbox 190 4819 1765 4892; baseline -0.002 -14"><span class='ocrx_word' id='word_1_679' title='bbox 190 4825 292 4878; x_wconf 80' lang='grc' dir='ltr'><strong>τοῦ</strong></span> <span class='ocrx_word' id='word_1_680' title='bbox 364 4824 440 4892; x_wconf 77' lang='grc' dir='ltr'><strong>μὴ</strong></span> <span class='ocrx_word' id='word_1_681' title='bbox 492 4822 642 4883; x_wconf 75' lang='grc' dir='ltr'>ὄντος</span> <span class='ocrx_word' id='word_1_682' title='bbox 712 4819 1035 4891; x_wconf 85' lang='grc' dir='ltr'>προσθήκη,</span> <span class='ocrx_word' id='word_1_683' title='bbox 1093 4820 1187 4873; x_wconf 76' lang='grc' dir='ltr'><strong>καὶ</strong></span> <span class='ocrx_word' id='word_1_684' title='bbox 1243 4821 1359 4882; x_wconf 88' lang='grc' dir='ltr'><strong>πῶς</strong></span> <span class='ocrx_word' id='word_1_685' title='bbox 1421 4822 1765 4892; x_wconf 85' lang='grc' dir='ltr'>προστίθεται</span> 
     </span>
    </p>
   </div>
   <div class='ocr_carea' id='block_1_96' title="bbox 190 4911 1761 4984">
    <p class='ocr_par' dir='ltr' id='par_1_96' title="bbox 190 4911 1761 4984">
     <span class='ocr_line' id='line_1_96' title="bbox 190 4911 1761 4984; baseline -0.001 -17"><span class='ocrx_word' id='word_1_686' title='bbox 190 4918 311 4978; x_wconf 79' lang='grc' dir='ltr'>τοῖς</span> <span class='ocrx_word' id='word_1_687' title='bbox 371 4914 445 4984; x_wconf 80' lang='grc' dir='ltr'>μὴ</span> <span class='ocrx_word' id='word_1_688' title='bbox 499 4912 617 4965; x_wconf 79' lang='grc' dir='ltr'>οὖσι</span> <span class='ocrx_word' id='word_1_689' title='bbox 666 4911 727 4964; x_wconf 78' lang='grc' dir='ltr'><strong>τὸ</strong></span> <span class='ocrx_word' id='word_1_690' title='bbox 780 4912 837 4964; x_wconf 80' lang='grc' dir='ltr'><strong>δν</strong></span> <span class='ocrx_word' id='word_1_691' title='bbox 883 4913 925 4942; x_wconf 78' lang='grc'><strong>⁷⁸</strong></span> <span class='ocrx_word' id='word_1_692' title='bbox 953 4930 967 4976; x_wconf 90' lang='grc'>;</span> <span class='ocrx_word' id='word_1_693' title='bbox 1000 4913 1063 4964; x_wconf 88' lang='grc' dir='ltr'>Τί</span> <span class='ocrx_word' id='word_1_694' title='bbox 1094 4912 1149 4964; x_wconf 82' lang='grc' dir='ltr'><strong>δὲ</strong></span> <span class='ocrx_word' id='word_1_695' title='bbox 1176 4912 1321 4979; x_wconf 86' lang='grc' dir='ltr'>λέγει</span> <span class='ocrx_word' id='word_1_696' title='bbox 1362 4915 1613 4984; x_wconf 71' lang='grc' dir='ltr'>καὶπερὶ</span> <span class='ocrx_word' id='word_1_697' title='bbox 1670 4914 1761 4966; x_wconf 84' lang='grc' dir='ltr'>τοῦ</span> 
     </span>
    </p>
   </div>
   <div class='ocr_carea' id='block_1_97' title="bbox 203 5004 1763 5071">
    <p class='ocr_par' dir='ltr' id='par_1_97' title="bbox 203 5004 1763 5071">
     <span class='ocr_line' id='line_1_97' title="bbox 203 5004 1763 5071; baseline -0.001 -11"><span class='ocrx_word' id='word_1_698' title='bbox 203 5005 429 5070; x_wconf 73' lang='grc' dir='ltr'>Ἰακὼϐ,</span> <span class='ocrx_word' id='word_1_699' title='bbox 453 5006 535 5056; x_wconf 85' lang='grc' dir='ltr'><strong>ὅτι</strong></span> <span class='ocrx_word' id='word_1_700' title='bbox 560 5004 959 5071; x_wconf 80' lang='grc' dir='ltr'>Συνήχθησαν</span> <span class='ocrx_word' id='word_1_701' title='bbox 983 5004 1204 5069; x_wconf 83' lang='grc' dir='ltr'>πάντες</span> <span class='ocrx_word' id='word_1_702' title='bbox 1237 5007 1290 5057; x_wconf 89' lang='lat' dir='ltr'><strong>ol</strong></span> <span class='ocrx_word' id='word_1_703' title='bbox 1316 5005 1427 5057; x_wconf 78' lang='lat' dir='ltr'><strong>vlui</strong></span> <span class='ocrx_word' id='word_1_704' title='bbox 1455 5006 1639 5059; x_wconf 78' lang='grc' dir='ltr'>αὐτοῦ</span> <span class='ocrx_word' id='word_1_705' title='bbox 1666 5007 1763 5059; x_wconf 79' lang='grc' dir='ltr'>καὶ</span> 
     </span>
    </p>
   </div>
   <div class='ocr_carea' id='block_1_98' title="bbox 191 5090 1757 5165">
    <p class='ocr_par' dir='ltr' id='par_1_98' title="bbox 191 5090 1757 5165">
     <span class='ocr_line' id='line_1_98' title="bbox 191 5090 1757 5165; baseline -0.002 -16"><span class='ocrx_word' id='word_1_706' title='bbox 191 5097 392 5150; x_wconf 79' lang='grc' dir='ltr'>πᾶσαι</span> <span class='ocrx_word' id='word_1_707' title='bbox 427 5097 491 5147; x_wconf 88' lang='lat' dir='ltr'><strong>al</strong></span> <span class='ocrx_word' id='word_1_708' title='bbox 544 5094 878 5165; x_wconf 71' lang='grc' dir='ltr'>θυγατέρες,</span> <span class='ocrx_word' id='word_1_709' title='bbox 926 5094 1020 5145; x_wconf 80' lang='grc' dir='ltr'>καὶ</span> <span class='ocrx_word' id='word_1_710' title='bbox 1050 5090 1237 5161; x_wconf 68' lang='grc' dir='ltr'>ἦλθον</span> <span class='ocrx_word' id='word_1_711' title='bbox 1268 5095 1312 5125; x_wconf 83' lang='grc'><strong>⁸⁸</strong></span> <span class='ocrx_word' id='word_1_712' title='bbox 1346 5094 1757 5159; x_wconf 74' lang='grc' dir='ltr'>παρακαλέσαι</span> 
     </span>
    </p>
   </div>
   <div class='ocr_carea' id='block_1_99' title="bbox 189 5182 1759 5253">
    <p class='ocr_par' dir='ltr' id='par_1_99' title="bbox 189 5182 1759 5253">
     <span class='ocr_line' id='line_1_99' title="bbox 189 5182 1759 5253; baseline -0.003 -11"><span class='ocrx_word' id='word_1_713' title='bbox 189 5188 405 5248; x_wconf 82' lang='grc' dir='ltr'>αὑτὸν,</span> <span class='ocrx_word' id='word_1_714' title='bbox 438 5186 535 5238; x_wconf 72' lang='grc' dir='ltr'>καὶ</span> <span class='ocrx_word' id='word_1_715' title='bbox 566 5187 677 5238; x_wconf 80' lang='grc' dir='ltr'>οὐκ</span> <span class='ocrx_word' id='word_1_716' title='bbox 705 5185 883 5252; x_wconf 77' lang='grc' dir='ltr'>ἤθελε</span> <span class='ocrx_word' id='word_1_717' title='bbox 926 5182 1416 5253; x_wconf 73' lang='grc' dir='ltr'>παρακαλεῖσθαι,</span> <span class='ocrx_word' id='word_1_718' title='bbox 1454 5184 1649 5252; x_wconf 75' lang='grc' dir='ltr'>λέγων</span> <span class='ocrx_word' id='word_1_719' title='bbox 1670 5184 1759 5237; x_wconf 83' lang='grc' dir='ltr'>ὅτι</span> 
     </span>
    </p>
   </div>
   <div class='ocr_carea' id='block_1_100' title="bbox 190 5274 1795 5344">
    <p class='ocr_par' dir='ltr' id='par_1_100' title="bbox 190 5274 1795 5344">
     <span class='ocr_line' id='line_1_100' title="bbox 190 5274 1795 5344; baseline -0.004 -11"><span class='ocrx_word' id='word_1_720' title='bbox 190 5278 619 5344; x_wconf 67' lang='grc' dir='ltr'>Καταῶῆσομαι</span> <span class='ocrx_word' id='word_1_721' title='bbox 674 5276 824 5343; x_wconf 85' lang='grc' dir='ltr'>πρὸς</span> <span class='ocrx_word' id='word_1_722' title='bbox 886 5277 993 5328; x_wconf 85' lang='grc' dir='ltr'>τὸν</span> <span class='ocrx_word' id='word_1_723' title='bbox 1052 5278 1186 5328; x_wconf 74' lang='grc' dir='ltr'>υἱόν</span> <span class='ocrx_word' id='word_1_724' title='bbox 1228 5292 1345 5343; x_wconf 85' lang='grc' dir='ltr'>μου</span> <span class='ocrx_word' id='word_1_725' title='bbox 1395 5274 1627 5327; x_wconf 81' lang='grc' dir='ltr'>πενθῶν</span> <span class='ocrx_word' id='word_1_726' title='bbox 1679 5280 1795 5341; x_wconf 84' lang='grc' dir='ltr'>είς·</span> 
     </span>
    </p>
   </div>
   <div class='ocr_carea' id='block_1_101' title="bbox 1866 4733 3429 4803">
    <p class='ocr_par' dir='ltr' id='par_1_101' title="bbox 1866 4733 3429 4803">
     <span class='ocr_line' id='line_1_101' title="bbox 1866 4733 3429 4803; baseline 0 -17"><span class='ocrx_word' id='word_1_727' title='bbox 1866 4735 2043 4803; x_wconf 83' lang='lat' dir='ltr'><strong>pulum</strong></span> <span class='ocrx_word' id='word_1_728' title='bbox 2071 4736 2309 4789; x_wconf 71' lang='lat' dir='ltr'><strong>suumc‘l</strong></span> <span class='ocrx_word' id='word_1_729' title='bbox 2340 4733 2591 4801; x_wconf 66' lang='lat' dir='ltr'><strong>Quaenam</strong></span> <span class='ocrx_word' id='word_1_730' title='bbox 2628 4736 2969 4803; x_wconf 80' lang='lat' dir='ltr'><strong>congregatio</strong></span> <span class='ocrx_word' id='word_1_731' title='bbox 2998 4735 3055 4789; x_wconf 82' lang='lat' dir='ltr'><strong>iit</strong></span> <span class='ocrx_word' id='word_1_732' title='bbox 3090 4736 3155 4789; x_wconf 91' lang='lat' dir='ltr'><strong>ad</strong></span> <span class='ocrx_word' id='word_1_733' title='bbox 3188 4735 3259 4797; x_wconf 92' lang='lat' dir='ltr'><strong>id,</strong></span> <span class='ocrx_word' id='word_1_734' title='bbox 3288 4735 3429 4803; x_wconf 88' lang='lat' dir='ltr'><strong>quod</strong></span> 
     </span>
    </p>
   </div>
   <div class='ocr_carea' id='block_1_102' title="bbox 1867 4823 3431 4893">
    <p class='ocr_par' dir='ltr' id='par_1_102' title="bbox 1867 4823 3431 4893">
     <span class='ocr_line' id='line_1_102' title="bbox 1867 4823 3431 4893; baseline 0 -16"><span class='ocrx_word' id='word_1_735' title='bbox 1867 4840 1969 4877; x_wconf 91' lang='lat' dir='ltr'><strong>non</strong></span> <span class='ocrx_word' id='word_1_736' title='bbox 2017 4824 2143 4877; x_wconf 84' lang='lat' dir='ltr'><strong>est?</strong></span> <span class='ocrx_word' id='word_1_737' title='bbox 2188 4823 2253 4877; x_wconf 87' lang='lat' dir='ltr'><strong>Et</strong></span> <span class='ocrx_word' id='word_1_738' title='bbox 2283 4825 2547 4893; x_wconf 86' lang='lat' dir='ltr'><strong>quomodo</strong></span> <span class='ocrx_word' id='word_1_739' title='bbox 2582 4824 2631 4876; x_wconf 89' lang='lat' dir='ltr'><strong>id</strong></span> <span class='ocrx_word' id='word_1_740' title='bbox 2669 4825 2808 4891; x_wconf 88' lang='lat' dir='ltr'><strong>quod</strong></span> <span class='ocrx_word' id='word_1_741' title='bbox 2849 4835 2951 4886; x_wconf 85' lang='lat' dir='ltr'><strong>est,</strong></span> <span class='ocrx_word' id='word_1_742' title='bbox 2986 4823 3106 4876; x_wconf 86' lang='lat' dir='ltr'><strong>addi</strong></span> <span class='ocrx_word' id='word_1_743' title='bbox 3149 4834 3323 4891; x_wconf 84' lang='lat' dir='ltr'><strong>potest</strong></span> <span class='ocrx_word' id='word_1_744' title='bbox 3367 4826 3431 4877; x_wconf 90' lang='lat' dir='ltr'><strong>iis</strong></span> 
     </span>
    </p>
   </div>
   <div class='ocr_carea' id='block_1_103' title="bbox 1866 4912 3431 4985">
    <p class='ocr_par' dir='ltr' id='par_1_103' title="bbox 1866 4912 3431 4985">
     <span class='ocr_line' id='line_1_103' title="bbox 1866 4912 3431 4985; baseline 0.002 -21"><span class='ocrx_word' id='word_1_745' title='bbox 1866 4930 1984 4985; x_wconf 77' lang='lat' dir='ltr'><strong>qua:</strong></span> <span class='ocrx_word' id='word_1_746' title='bbox 2018 4931 2120 4969; x_wconf 90' lang='lat' dir='ltr'><strong>non</strong></span> <span class='ocrx_word' id='word_1_747' title='bbox 2156 4916 2317 4969; x_wconf 80' lang='lat' dir='ltr'><strong>sunt?</strong></span> <span class='ocrx_word' id='word_1_748' title='bbox 2344 4913 2481 4979; x_wconf 85' lang='lat' dir='ltr'><strong>Quid</strong></span> <span class='ocrx_word' id='word_1_749' title='bbox 2513 4929 2673 4983; x_wconf 91' lang='lat' dir='ltr'><strong>porro</strong></span> <span class='ocrx_word' id='word_1_750' title='bbox 2715 4917 2779 4967; x_wconf 88' lang='lat' dir='ltr'><strong>de</strong></span> <span class='ocrx_word' id='word_1_751' title='bbox 2811 4913 2974 4967; x_wconf 83' lang='lat' dir='ltr'><strong>Jacob</strong></span> <span class='ocrx_word' id='word_1_752' title='bbox 3001 4915 3131 4967; x_wconf 91' lang='lat' dir='ltr'><strong>dicit</strong></span> <span class='ocrx_word' id='word_1_753' title='bbox 3156 4916 3177 4967; x_wconf 76' lang='grc' dir='ltr'><strong><em>τ</em></strong></span> <span class='ocrx_word' id='word_1_754' title='bbox 3199 4912 3431 4983; x_wconf 81' lang='lat' dir='ltr'><strong>Congre—</strong></span> 
     </span>
    </p>
   </div>
   <div class='ocr_carea' id='block_1_104' title="bbox 1865 5002 3428 5073">
    <p class='ocr_par' dir='ltr' id='par_1_104' title="bbox 1865 5002 3428 5073">
     <span class='ocr_line' id='line_1_104' title="bbox 1865 5002 3428 5073; baseline -0.001 -19"><span class='ocrx_word' id='word_1_755' title='bbox 1865 5004 1972 5073; x_wconf 83' lang='lat' dir='ltr'><strong>gati</strong></span> <span class='ocrx_word' id='word_1_756' title='bbox 2001 5014 2123 5055; x_wconf 81' lang='lat' dir='ltr'><strong>sunt</strong></span> <span class='ocrx_word' id='word_1_757' title='bbox 2147 5020 2320 5056; x_wconf 85' lang='lat' dir='ltr'><strong>omnes</strong></span> <span class='ocrx_word' id='word_1_758' title='bbox 2345 5004 2443 5070; x_wconf 86' lang='lat' dir='ltr'><strong>lilii</strong></span> <span class='ocrx_word' id='word_1_759' title='bbox 2469 5014 2517 5054; x_wconf 88' lang='lat' dir='ltr'><strong>et</strong></span> <span class='ocrx_word' id='word_1_760' title='bbox 2550 5002 2694 5069; x_wconf 72' lang='lat' dir='ltr'><strong>ﬁlim,</strong></span> <span class='ocrx_word' id='word_1_761' title='bbox 2725 5016 2776 5054; x_wconf 82' lang='lat' dir='ltr'><strong>ut</strong></span> <span class='ocrx_word' id='word_1_762' title='bbox 2800 5003 3019 5055; x_wconf 84' lang='lat' dir='ltr'><strong>lenirent</strong></span> <span class='ocrx_word' id='word_1_763' title='bbox 3047 5002 3282 5056; x_wconf 87' lang='lat' dir='ltr'><strong>dolorem</strong></span> <span class='ocrx_word' id='word_1_764' title='bbox 3338 5023 3428 5069; x_wconf 81' lang='lat' dir='ltr'><strong>pu-</strong></span> 
     </span>
    </p>
   </div>
   <div class='ocr_carea' id='block_1_105' title="bbox 1867 5092 3433 5160">
    <p class='ocr_par' dir='ltr' id='par_1_105' title="bbox 1867 5092 3433 5160">
     <span class='ocr_line' id='line_1_105' title="bbox 1867 5092 3433 5160; baseline -0.001 -17"><span class='ocrx_word' id='word_1_765' title='bbox 1867 5094 1979 5152; x_wconf 89' lang='lat' dir='ltr'><strong>tris,</strong></span> <span class='ocrx_word' id='word_1_766' title='bbox 2002 5102 2049 5145; x_wconf 86' lang='lat' dir='ltr'><strong>et</strong></span> <span class='ocrx_word' id='word_1_767' title='bbox 2075 5092 2236 5145; x_wconf 85' lang='lat' dir='ltr'><strong>noluit</strong></span> <span class='ocrx_word' id='word_1_768' title='bbox 2263 5093 2664 5146; x_wconf 83' lang='lat' dir='ltr'><strong>consolationem</strong></span> <span class='ocrx_word' id='word_1_769' title='bbox 2684 5095 2934 5160; x_wconf 82' lang='lat' dir='ltr'><strong>accipere,</strong></span> <span class='ocrx_word' id='word_1_770' title='bbox 2964 5095 3054 5146; x_wconf 86' lang='lat' dir='ltr'><strong>sed</strong></span> <span class='ocrx_word' id='word_1_771' title='bbox 3073 5097 3168 5147; x_wconf 85' lang='lat' dir='ltr'><strong>ait:</strong></span> <span class='ocrx_word' id='word_1_772' title='bbox 3208 5094 3433 5145; x_wconf 65' lang='lat' dir='ltr'><strong>Descen-</strong></span> 
     </span>
    </p>
   </div>
   <div class='ocr_carea' id='block_1_106' title="bbox 1866 5184 3431 5255">
    <p class='ocr_par' dir='ltr' id='par_1_106' title="bbox 1866 5184 3431 5255">
     <span class='ocr_line' id='line_1_106' title="bbox 1866 5184 3431 5255; baseline 0 -20"><span class='ocrx_word' id='word_1_773' title='bbox 1866 5185 1985 5235; x_wconf 85' lang='lat' dir='ltr'><strong>dam</strong></span> <span class='ocrx_word' id='word_1_774' title='bbox 2022 5184 2091 5235; x_wconf 87' lang='lat' dir='ltr'><strong>ad</strong></span> <span class='ocrx_word' id='word_1_775' title='bbox 2117 5184 2292 5250; x_wconf 66' lang='lat' dir='ltr'><strong>ﬁlium</strong></span> <span class='ocrx_word' id='word_1_776' title='bbox 2327 5202 2493 5238; x_wconf 85' lang='lat' dir='ltr'><strong>meum</strong></span> <span class='ocrx_word' id='word_1_777' title='bbox 2522 5186 2717 5255; x_wconf 77' lang='lat' dir='ltr'><strong>286a</strong></span> <span class='ocrx_word' id='word_1_778' title='bbox 2774 5190 2948 5255; x_wconf 85' lang='lat' dir='ltr'><strong>lugens</strong></span> <span class='ocrx_word' id='word_1_779' title='bbox 2996 5187 3048 5237; x_wconf 86' lang='lat' dir='ltr'><strong>in</strong></span> <span class='ocrx_word' id='word_1_780' title='bbox 3087 5186 3350 5253; x_wconf 80' lang='lat' dir='ltr'><strong>infernum</strong></span> <span class='ocrx_word' id='word_1_781' title='bbox 3384 5192 3431 5235; x_wconf 71' lang='grc' dir='ltr'><strong>ά.</strong></span> 
     </span>
    </p>
   </div>
   <div class='ocr_carea' id='block_1_107' title="bbox 1870 5274 3433 5345">
    <p class='ocr_par' dir='ltr' id='par_1_107' title="bbox 1870 5274 3433 5345">
     <span class='ocr_line' id='line_1_107' title="bbox 1870 5274 3433 5345; baseline 0 -20"><span class='ocrx_word' id='word_1_782' title='bbox 1870 5274 2147 5338; x_wconf 78' lang='lat' dir='ltr'><strong>Quomodo</strong></span> <span class='ocrx_word' id='word_1_783' title='bbox 2169 5274 2479 5344; x_wconf 77' lang='lat' dir='ltr'><strong>intelligitur</strong></span> <span class='ocrx_word' id='word_1_784' title='bbox 2498 5277 2786 5331; x_wconf 80' lang='lat' dir='ltr'><strong>descensus</strong></span> <span class='ocrx_word' id='word_1_785' title='bbox 2803 5278 2918 5345; x_wconf 87' lang='lat' dir='ltr'><strong>ejus</strong></span> <span class='ocrx_word' id='word_1_786' title='bbox 2946 5277 3035 5345; x_wconf 88' lang='lat' dir='ltr'><strong>qui</strong></span> <span class='ocrx_word' id='word_1_787' title='bbox 3064 5292 3165 5329; x_wconf 89' lang='lat' dir='ltr'><strong>non</strong></span> <span class='ocrx_word' id='word_1_788' title='bbox 3190 5278 3433 5329; x_wconf 68' lang='lat' dir='ltr'><strong>eaStsliz?</strong></span> 
     </span>
    </p>
   </div>
   <div class='ocr_carea' id='block_1_108' title="bbox 190 5364 1784 5439">
    <p class='ocr_par' dir='ltr' id='par_1_108' title="bbox 190 5364 1766 5439">
     <span class='ocr_line' id='line_1_108' title="bbox 190 5364 1766 5439; baseline -0.005 -15"><span class='ocrx_word' id='word_1_789' title='bbox 190 5371 397 5438; x_wconf 76' lang='grc' dir='ltr'>ᾆδην;</span> <span class='ocrx_word' id='word_1_790' title='bbox 447 5369 569 5431; x_wconf 88' lang='grc' dir='ltr'>Πῶς</span> <span class='ocrx_word' id='word_1_791' title='bbox 626 5368 735 5439; x_wconf 82' lang='grc' dir='ltr'><strong>γὰρ</strong></span> <span class='ocrx_word' id='word_1_792' title='bbox 777 5368 841 5421; x_wconf 83' lang='grc' dir='ltr'>ἂν</span> <span class='ocrx_word' id='word_1_793' title='bbox 896 5366 1207 5435; x_wconf 78' lang='grc' dir='ltr'>ἐπινοηθείη</span> <span class='ocrx_word' id='word_1_794' title='bbox 1257 5365 1479 5428; x_wconf 77' lang='grc' dir='ltr'>κάθοδος</span> <span class='ocrx_word' id='word_1_795' title='bbox 1540 5364 1634 5417; x_wconf 81' lang='grc' dir='ltr'><strong>τοῦ</strong></span> <span class='ocrx_word' id='word_1_796' title='bbox 1690 5369 1766 5434; x_wconf 84' lang='grc' dir='ltr'>μὴ</span> 
     </span>
    </p>
   </div>
   <div class='ocr_carea' id='block_1_109' title="bbox 1798 5364 3434 5439">
    <p class='ocr_par' dir='ltr' id='par_1_109' title="bbox 1872 5366 3434 5433">
     <span class='ocr_line' id='line_1_109' title="bbox 1872 5366 3434 5433; baseline -0.001 -15"><span class='ocrx_word' id='word_1_797' title='bbox 1872 5375 1925 5418; x_wconf 90' lang='lat' dir='ltr'><strong>et</strong></span> <span class='ocrx_word' id='word_1_798' title='bbox 1956 5369 2219 5433; x_wconf 88' lang='lat' dir='ltr'><strong>quomodo</strong></span> <span class='ocrx_word' id='word_1_799' title='bbox 2243 5366 2519 5421; x_wconf 80' lang='lat' dir='ltr'><strong>descendit</strong></span> <span class='ocrx_word' id='word_1_800' title='bbox 2546 5369 2610 5422; x_wconf 88' lang='lat' dir='ltr'><strong>ad</strong></span> <span class='ocrx_word' id='word_1_801' title='bbox 2637 5370 2820 5430; x_wconf 84' lang='lat' dir='ltr'><strong>lilium,</strong></span> <span class='ocrx_word' id='word_1_802' title='bbox 2847 5370 2933 5433; x_wconf 80' lang='lat' dir='ltr'><strong>qui</strong></span> <span class='ocrx_word' id='word_1_803' title='bbox 2989 5384 3053 5422; x_wconf 77' lang='lat' dir='ltr'><strong>ex</strong></span> <span class='ocrx_word' id='word_1_804' title='bbox 3083 5368 3373 5423; x_wconf 77' lang='lat' dir='ltr'><strong>deliranu-n</strong></span> <span class='ocrx_word' id='word_1_805' title='bbox 3403 5386 3434 5417; x_wconf 80' lang='grc' dir='ltr'>υ</span> 
     </span>
    </p>
   </div>
   <div class='ocr_carea' id='block_1_110' title="bbox 270 5516 1808 5584">
    <p class='ocr_par' dir='ltr' id='par_1_110' title="bbox 270 5516 1808 5584">
     <span class='ocr_line' id='line_1_110' title="bbox 270 5516 1808 5584; baseline -0.006 -7"><span class='ocrx_word' id='word_1_806' title='bbox 270 5526 297 5564; x_wconf 74' lang='lat' dir='ltr'><strong>b</strong></span> <span class='ocrx_word' id='word_1_807' title='bbox 322 5524 461 5577; x_wconf 83' lang='lat' dir='ltr'><strong>Gen.</strong></span> <span class='ocrx_word' id='word_1_808' title='bbox 497 5520 696 5584; x_wconf 67' lang='lat'><strong>“.15.</strong></span> <span class='ocrx_word' id='word_1_809' title='bbox 775 5530 797 5557; x_wconf 73' lang='grc' dir='ltr'><strong>ε</strong></span> <span class='ocrx_word' id='word_1_810' title='bbox 835 5520 966 5573; x_wconf 83' lang='lat' dir='ltr'><strong>Gen.</strong></span> <span class='ocrx_word' id='word_1_811' title='bbox 999 5535 1121 5583; x_wconf 70' lang='lat' dir='ltr'><strong>xxv,</strong></span> <span class='ocrx_word' id='word_1_812' title='bbox 1155 5518 1208 5572; x_wconf 78' lang='lat'><strong>5.</strong></span> <span class='ocrx_word' id='word_1_813' title='bbox 1283 5518 1306 5556; x_wconf 70' lang='grc' dir='ltr'>ἀ</span> <span class='ocrx_word' id='word_1_814' title='bbox 1337 5518 1469 5573; x_wconf 85' lang='lat' dir='ltr'><strong>Gen.</strong></span> <span class='ocrx_word' id='word_1_815' title='bbox 1494 5534 1697 5579; x_wconf 72' lang='lat' dir='ltr'><strong>xxxvii,</strong></span> <span class='ocrx_word' id='word_1_816' title='bbox 1722 5516 1808 5570; x_wconf 72' lang='grc'><strong>55.</strong></span> 
     </span>
    </p>
   </div>
   <div class='ocr_carea' id='block_1_111' title="bbox 1486 5628 2150 5687">
    <p class='ocr_par' dir='ltr' id='par_1_111' title="bbox 1486 5628 2150 5687">
     <span class='ocr_line' id='line_1_111' title="bbox 1486 5628 2150 5687; baseline 0.003 -7"><span class='ocrx_word' id='word_1_817' title='bbox 1486 5628 1719 5682; x_wconf 61' lang='grc' dir='ltr'>γΑιιιΛῑ</span> <span class='ocrx_word' id='word_1_818' title='bbox 1753 5628 2150 5687; x_wconf 76' lang='lat' dir='ltr'><strong>LEC&#39;I&#39;IONES.</strong></span> 
     </span>
    </p>
   </div>
   <div class='ocr_carea' id='block_1_112' title="bbox 1266 5720 3421 5791">
    <p class='ocr_par' dir='ltr' id='par_1_112' title="bbox 1266 5720 3421 5791">
     <span class='ocr_line' id='line_1_112' title="bbox 1266 5720 3421 5791; baseline 0.002 -18"><span class='ocrx_word' id='word_1_819' title='bbox 1266 5723 1309 5751; x_wconf 65' lang='grc' dir='ltr'>τδ</span> <span class='ocrx_word' id='word_1_820' title='bbox 1342 5722 1433 5773; x_wconf 80' lang='grc' dir='ltr'>ἀπ’</span> <span class='ocrx_word' id='word_1_821' title='bbox 1480 5723 1722 5782; x_wconf 73' lang='grc' dir='ltr'>ἐναντίας</span> <span class='ocrx_word' id='word_1_822' title='bbox 1772 5723 1833 5775; x_wconf 77' lang='grc' dir='ltr'><strong>Α.</strong></span> <span class='ocrx_word' id='word_1_823' title='bbox 1939 5723 1983 5751; x_wconf 84' lang='grc'>⁷⁵</span> <span class='ocrx_word' id='word_1_824' title='bbox 2015 5740 2069 5772; x_wconf 86' lang='grc' dir='ltr'><strong>τε</strong></span> <span class='ocrx_word' id='word_1_825' title='bbox 2122 5723 2241 5773; x_wconf 75' lang='lat' dir='ltr'><strong>add.</strong></span> <span class='ocrx_word' id='word_1_826' title='bbox 2275 5724 2339 5773; x_wconf 77' lang='grc' dir='ltr'><strong>Α.</strong></span> <span class='ocrx_word' id='word_1_827' title='bbox 2443 5722 2487 5750; x_wconf 77' lang='grc'><strong>⁷⁸</strong></span> <span class='ocrx_word' id='word_1_828' title='bbox 2521 5720 2856 5791; x_wconf 66' lang='grc' dir='ltr'>Μαρκιανρςι</span> <span class='ocrx_word' id='word_1_829' title='bbox 2905 5722 3203 5791; x_wconf 78' lang='grc' dir='ltr'>Μαυρίκιος</span> <span class='ocrx_word' id='word_1_830' title='bbox 3233 5722 3421 5778; x_wconf 76' lang='lat' dir='ltr'><strong>Fohrt-</strong></span> 
     </span>
    </p>
   </div>
   <div class='ocr_carea' id='block_1_113' title="bbox 1524 5788 3264 5862">
    <p class='ocr_par' dir='ltr' id='par_1_113' title="bbox 1524 5788 3264 5862">
     <span class='ocr_line' id='line_1_113' title="bbox 1524 5788 3264 5862; baseline 0.002 -18"><span class='ocrx_word' id='word_1_831' title='bbox 1524 5794 1565 5825; x_wconf 68' lang='grc'><strong>³⁸</strong></span> <span class='ocrx_word' id='word_1_832' title='bbox 1591 5792 1650 5844; x_wconf 74' lang='grc' dir='ltr'><strong>τὸ</strong></span> <span class='ocrx_word' id='word_1_833' title='bbox 1684 5792 1763 5861; x_wconf 55' lang='grc' dir='ltr'>ὃν]</span> <span class='ocrx_word' id='word_1_834' title='bbox 1799 5794 1994 5847; x_wconf 84' lang='lat' dir='ltr'><strong>rectius</strong></span> <span class='ocrx_word' id='word_1_835' title='bbox 2024 5793 2079 5842; x_wconf 70' lang='grc' dir='ltr'>τὸ</span> <span class='ocrx_word' id='word_1_836' title='bbox 2119 5792 2191 5862; x_wconf 78' lang='grc' dir='ltr'>μὴ</span> <span class='ocrx_word' id='word_1_837' title='bbox 2219 5792 2295 5849; x_wconf 76' lang='grc' dir='ltr'><strong>ὅντ</strong></span> <span class='ocrx_word' id='word_1_838' title='bbox 2328 5791 2396 5847; x_wconf 75' lang='lat' dir='ltr'><strong>cf.</strong></span> <span class='ocrx_word' id='word_1_839' title='bbox 2427 5808 2477 5859; x_wconf 78' lang='grc' dir='ltr'>ρ.</span> <span class='ocrx_word' id='word_1_840' title='bbox 2514 5788 2636 5845; x_wconf 65' lang='lat'><strong>286.</strong></span> <span class='ocrx_word' id='word_1_841' title='bbox 2714 5791 2757 5823; x_wconf 79' lang='grc'><strong>⁸⁸</strong></span> <span class='ocrx_word' id='word_1_842' title='bbox 2779 5788 2959 5862; x_wconf 75' lang='grc' dir='ltr'>ἦλθον]</span> <span class='ocrx_word' id='word_1_843' title='bbox 2997 5788 3182 5861; x_wconf 71' lang='grc' dir='ltr'>ᾕυελον</span> <span class='ocrx_word' id='word_1_844' title='bbox 3222 5798 3264 5847; x_wconf 79' lang='grc' dir='ltr'><strong>Δ</strong></span> 
     </span>
    </p>
   </div>
   <div class='ocr_carea' id='block_1_114' title="bbox 836 5722 1163 5785">
    <p class='ocr_par' dir='ltr' id='par_1_114' title="bbox 836 5722 1163 5785">
     <span class='ocr_line' id='line_1_114' title="bbox 836 5722 1163 5785; baseline 0 -12"><span class='ocrx_word' id='word_1_845' title='bbox 836 5725 880 5754; x_wconf 86' lang='grc'><strong>⁷³</strong></span> <span class='ocrx_word' id='word_1_846' title='bbox 915 5722 1075 5773; x_wconf 78' lang='grc' dir='ltr'>αὐτόν</span> <span class='ocrx_word' id='word_1_847' title='bbox 1104 5740 1163 5785; x_wconf 72' lang='grc' dir='ltr'>ς.</span> 
     </span>
    </p>
   </div>
   <div class='ocr_carea' id='block_1_115' title="bbox 269 5726 728 5791">
    <p class='ocr_par' dir='ltr' id='par_1_115' title="bbox 269 5726 728 5791">
     <span class='ocr_line' id='line_1_115' title="bbox 269 5726 728 5791; baseline 0.009 -18"><span class='ocrx_word' id='word_1_848' title='bbox 269 5726 728 5791; x_wconf 75' lang='grc' dir='ltr'>τ’γεΑετες.</span> 
     </span>
    </p>
   </div>
   <div class='ocr_carea' id='block_1_116' title="bbox 896 5788 1440 5859">
    <p class='ocr_par' dir='ltr' id='par_1_116' title="bbox 896 5788 1440 5859">
     <span class='ocr_line' id='line_1_116' title="bbox 896 5788 1440 5859; baseline 0.007 -15"><span class='ocrx_word' id='word_1_849' title='bbox 896 5796 938 5825; x_wconf 63' lang='grc'><strong>⁵⁸</strong></span> <span class='ocrx_word' id='word_1_850' title='bbox 973 5789 1157 5859; x_wconf 62' lang='grc' dir='ltr'>αὺτὺςι</span> <span class='ocrx_word' id='word_1_851' title='bbox 1195 5788 1343 5856; x_wconf 69' lang='grc' dir='ltr'>οὗτος</span> <span class='ocrx_word' id='word_1_852' title='bbox 1378 5798 1440 5848; x_wconf 78' lang='grc' dir='ltr'><strong>Α.</strong></span> 
     </span>
    </p>
   </div>
   <div class='ocr_carea' id='block_1_117' title="bbox 195 5796 816 5864">
    <p class='ocr_par' dir='ltr' id='par_1_117' title="bbox 195 5796 816 5864">
     <span class='ocr_line' id='line_1_117' title="bbox 195 5796 816 5864; baseline -0.01 -11"><span class='ocrx_word' id='word_1_853' title='bbox 195 5812 334 5852; x_wconf 69' lang='lat' dir='ltr'><strong>Cilla.</strong></span> <span class='ocrx_word' id='word_1_854' title='bbox 411 5796 454 5829; x_wconf 88' lang='grc'><strong>⁷⁷</strong></span> <span class='ocrx_word' id='word_1_855' title='bbox 484 5798 708 5864; x_wconf 82' lang='grc' dir='ltr'>τραφείς</span> <span class='ocrx_word' id='word_1_856' title='bbox 755 5796 816 5847; x_wconf 78' lang='grc' dir='ltr'>Α.</span> 
     </span>
    </p>
   </div>
  </div>
