4208 6442
218 421 360 492 1089

917 532 1081 587 EAA'.

248 624 591 693 Σωφρονιου
625 621 1054 691 Ἰεροσολύμων·
1070 620 1362 685 συνοδικὴ
1406 618 1742 683 Ἐπιστολή.

289 713 634 782 Ἀνεγνώσθη
668 712 976 783 Σωφρονίω
1023 710 1412 780 Ἰεροσολύμων
1444 710 1779 779 πατριάρχου

224 806 567 872 Συνοδικὴ,
620 806 653 875 ἡ
712 805 992 870 ἀπεστάλη
1048 804 1104 853 ὲν
1166 801 1355 870 Ῥώμῃ
1417 800 1653 868 Ὀνωρίῳ
1704 799 1782 868 τῷ

214 898 423 965 ταύτης
477 899 789 965 ἑπάρχοντι.
840 894 987 962 Αὕτη
1037 896 1068 961 ή
1111 892 1365 961 ἐπιστολὴ
1420 892 1629 961 πλήρης
1684 892 1783 960 μέν

217 990 368 1040 ἐστιν
414 989 726 1048 εὐσεϐείας,
783 984 1147 1053 ἐννεωτερίζει
1191 984 1246 1037 δὲ
1292 983 1552 1052 πολλαχοῦ
1592 984 1639 1015 ⁹⁰
1674 987 1784 1043 τοῖς

218 1082 453 1149 ῥήμασι,
500 1079 751 1150 καθάπερ
809 1097 892 1141 τις
940 1078 1116 1140 πῶλος
1151 1075 1618 1144 ὲπιγαυρούμενος
1673 1077 1784 1135 τοῖς

219 1170 585 1237 σκιρτήμασι.
640 1170 784 1237 Πλὴν
840 1170 942 1237 τήν
988 1184 1045 1220 τε
1103 1167 1380 1237 ὀρθόδοξον
1420 1168 1494 1229 ὡς
1553 1165 1785 1234 μάλιστα

219 1260 449 1327 γνώμην
503 1259 801 1325 ἐξακριϐοἶ,
860 1262 953 1312 καὶ
1008 1259 1115 1311 τῶν
1169 1259 1328 1329 ίερῶν
1382 1258 1665 1328 δογμάτων
1723 1257 1785 1310 οὐ

217 1349 325 1417 τὴν
354 1349 620 1416 τυχοῦσαν
667 1350 903 1418 μάθησιν
942 1350 1327 1403 ἐπιδείκνυται.
1382 1350 1469 1401 Ἐν
1504 1349 1675 1422 ταύτῃ
1718 1351 1786 1419 τῇ

219 1440 483 1508 ἐπιστολῇ
536 1441 786 1506 εὑρήσεις
843 1442 936 1493 καὶ
990 1442 1209 1507 Μάγνον
1268 1442 1366 1493 σὺν
1427 1440 1786 1510 Ἀπολιναρίῳ

221 1529 773 1599 ἀναθεματιζόμενον,
824 1533 919 1584 καὶ
945 1531 1289 1601 Θεοδώρητον
1315 1530 1415 1599 τῆς
1458 1531 1783 1597 Ἐκκλησίας

226 1624 337 1673 ούκ
366 1623 898 1692 ἀποκηρυττόμενον,
936 1625 983 1676 εί
1022 1623 1114 1676 καὶ
1145 1626 1203 1675 ὲν
1234 1616 1317 1685 οἷς
1350 1622 1621 1691 Κυρίλλου
1652 1638 1787 1676 κατ-

223 1714 526 1781 εψηφίσατο
584 1714 645 1767 τὸ
682 1715 940 1784 ἀδόκιμον
990 1715 1083 1769 καὶ
1137 1714 1382 1785 μεμπτὸν
1418 1715 1785 1782 ἀπηνέγκατο.

234 1801 401 1853 Ἀλλὰ
450 1804 544 1853 καὶ
579 1803 653 1865 ὡς
706 1804 861 1867 ἄλλος
915 1806 1015 1873 μέν
1070 1806 1217 1857 ἐστιν
1272 1804 1551 1873 Ὠριγένης
1596 1804 1625 1855 6
1680 1820 1787 1857 πα-

1193 422 1712 485 BIBLIOTHECA.
1742 444 1807 455 ’-
1829 416 1993 477 COD.
2031 416 2330 477 CCXXXI.

1804 537 1853 590 Δ

2517 516 2794 573 CCXXXI.

1997 611 2278 681 prhronii
2310 608 2729 680 Hierosolymam
2766 610 3018 678 synodica
3051 607 3318 679 Epistola.

1953 702 2077 772 Legi
2116 702 2407 769 Epistolam
2456 701 2761 770 synodica»:
2788 700 3078 769 Sophronii
3124 702 3448 771 patriarcha

1883 794 2373 863 llierosnlymitani,
2418 791 2651 847 llonorio
2684 791 2927 845 Romano
2960 793 3269 861 imperatori
3310 796 3441 848 mis-

1880 905 2017 943 sam.
2066 886 2191 942 Haec
2230 886 2449 954 epistola
2482 887 2633 955 plena
2673 899 2756 940 est
2788 888 3005 955 pietate,
3053 889 3204 941 novis
3248 890 3446 956 passim

1882 979 2082 1040 verbis,
2134 987 2191 1030 ut
2228 978 2347 1045 equi
2393 977 2568 1046 pullus
2612 976 2834 1030 saltibus
2873 975 3130 1044 gaudens,
3167 976 3269 1030 nisi
3303 964 3447 1045 ηιιυιί

1885 1079 2087 1125 rectam
2118 1070 2420 1137 Opinionem
2446 1067 2731 1136 diligenter
2763 1069 3050 1130 examinet,
3085 1077 3139 1120 et
3168 1082 3447 1123 sacrorum

1885 1165 2192 1231 dogmatutn
2223 1175 2325 1213 non
2350 1158 2623 1212 fortuitam
2652 1172 2770 1211 esse
2798 1157 3158 1226 cnguitionetn
3183 1160 3449 1218 ostendat.

1886 1253 1944 1308 In
1978 1253 2077 1306 hac
2112 1250 2335 1318 epistola
2378 1250 2620 1303 inuenias
2650 1246 2896 1317 Magnum
2949 1263 3068 1301 cum
3115 1249 3451 1317 Apollinario

1886 1343 2406 1399 excomtuunicatutn
2451 1352 2503 1393 et
2555 1339 2945 1393 Theodoretutn
2982 1338 3048 1391 ab
3084 1338 3321 1394 Ecclesia
3345 1357 3450 1395 nou

1889 1435 2205 1495 abmissum,
2243 1432 2342 1485 etsi
2388 1429 2475 1484 ubi
2519 1429 2773 1499 Cyrillum
2813 1430 3106 1493 damnavit,
3149 1445 3369 1499 pravum
3398 1442 3454 1485 ιιι

1890 1528 2084 1581 malum
2144 1526 2461 1580 asseruerit.
2517 1522 2620 1575 Sed
2652 1532 2706 1575 et
2740 1522 2877 1590 quod
2917 1521 3051 1575 alius
3086 1522 3156 1576 sit
3195 1522 3453 1594 Origenes

1891 1622 2169 1688 antiquus,
2204 1618 2339 1670 alius
2371 1616 2459 1684 qui
2495 1624 2611 1682 post
2642 1615 2793 1666 illum
2822 1624 3041 1668 vocatus
3075 1614 3450 1680 Adamantius,

1891 1711 2136 1778 quodque
2177 1723 2299 1762 cum
2348 1707 2466 1760 aliis
2496 1706 2762 1759 haereticis
2790 1705 3174 1759 condemnetur
3218 1704 3454 1761 Jacobus

1894 1800 2085 1870 Syrus,
2122 1814 2149 1853 a
2191 1814 2293 1865 quo
2326 1800 2699 1853 haereticorum
2740 1799 3129 1865 Acephalorum
3170 1808 3317 1852 secta
3358 1815 3455 1853 no-

220 1891 394 1954 λαιός,
446 1895 631 1961 ’ἐτερος
676 1894 731 1945 δὲ
781 1897 808 1945 6
864 1896 981 1962 μετ’
1030 1896 1258 1956 ἐκεῖνον.
1314 1896 1341 1947 6
1386 1894 1431 1926 "
1476 1892 1787 1963 ἐπικληθείς

1824 1879 1863 1937 Β
1893 1909 2009 1945 tuen
2057 1891 2239 1945 traxit.
2269 1889 2434 1959 Rogat
2466 1900 2641 1943 autem
2672 1892 2782 1943 haec
2806 1889 3050 1956 epistola,
3084 1890 3127 1943 si
3166 1891 3291 1958 quid
3319 1906 3455 1959 pra:-

244 1985 604 2054 Ἀδαμάντιος
639 2002 651 2015 ·
696 1988 788 2039 καὶ
838 1986 913 2049 ὡς
954 1989 1064 2050 τοῖς
1118 1987 1298 2049 ἄλλοις
1343 1986 1635 2055 αίρετικοῖς
1666 2003 1791 2037 συν-

220 2075 680 2143 αναθεματίζεται
726 2080 754 2129 6
795 2076 962 2146 Σύρος
1016 2076 1288 2139 Ἰάκωϐος.
1336 2076 1460 2148 [469
1498 2076 1589 2147 Η.]
1627 2076 1683 2141 ἐξ
1730 2066 1791 2127 οῦ

219 2167 327 2236 τὴν
382 2168 697 2233 ἐπωνυμίαν
752 2170 811 2219 τὸ
860 2168 965 2221 τῶν
1014 2169 1321 2236 ’Δκεφάλων
1366 2168 1656 2238 αἱρετικῶν
1685 2167 1792 2220 εἱλ-

223 2274 363 2308 mss
403 2258 679 2327 σύστημα.
735 2261 975 2311 Λίτείται
1008 2259 1063 2311 δὲ
1101 2260 1133 2329 ή
1170 2259 1446 2328 ἐπιστολὴ,
1499 2260 1590 2311 καὶ
1632 2261 1682 2311 εἰ
1741 2275 1793 2310 τι

221 2345 503 2416 παρώφθη
560 2349 666 2399 τῶν
722 2350 1041 2414 ὀφειλόντων
1097 2348 1359 2419 ρηΟῆναι,
1417 2349 1506 2401 τὸν
1577 2350 1793 2419 Ῥώμης

235 2438 495 2508 Ὀνώριον
553 2439 678 2511 [889
722 2439 813 2509 IL]
852 2438 946 2493 οἷα
997 2442 1061 2512 δὴ
1109 2442 1203 2495 καὶ
1252 2441 1547 2511 δυνάμενον
1590 2442 1795 2511 ταύτης

1896 1984 2197 2037 termissum
2227 1983 2297 2036 sit
2320 1985 2639 2050 eorumlqute
2668 1981 2773 2034 dici
2798 1982 3115 2047 debuerant,
3156 1981 3448 2061 Honorium

1893 2071 2192 2128 Romanum
2212 2073 2610 2141 imperatorem,
2637 2080 2694 2123 ut
2733 2072 2820 2138 qui
2841 2082 3037 2138 posset,
3058 2086 3117 2126 ea
3136 2082 3190 2126 et
3213 2073 3455 2143 impleret

1904 2174 1959 2219 et
1987 2166 2299 2233 corrigeret.
2317 2162 2628 2216 Habiturum
2652 2170 2827 2214 autem
2858 2178 2914 2216 se
2936 2176 3179 2231 magnam
3202 2166 3451 2232 gratiam,

1895 2254 1941 2308 si
1970 2264 2091 2307 voto
2136 2270 2237 2307 non
2286 2255 2581 2306 frustratus
2614 2251 2798 2315 fuerit,
2826 2261 2878 2305 et
2902 2268 3169 2320 nunquam
3210 2254 3449 2307 beneﬁcii

1897 2352 2260 2404 in‘nnetnorem
2284 2350 2414 2403 fore.
2449 2347 2570 2401 "me
2599 2359 2778 2401 autem
2814 2349 2862 2399 in
2889 2349 2985 2400 Ιιιιιτ
3013 2348 3272 2404 Oratione
3294 2364 3457 2420 syno-

1901 2443 2017 2497 dica
2047 2444 2215 2497 sancti
2253 2441 2539 2505 Sophronii
2602 2440 2825 2510 epistola
2858 2444 3035 2493 tradit.

222 2537 558 2606 ποιήσασθαι
582 2537 677 2589 καὶ
699 2537 795 2607 τὴν
823 2538 1102 2607 διόρθωσιν
1138 2538 1231 2591 καὶ
1264 2537 1359 2607 τὴν
1380 2538 1792 2608 ἀναπλήρωσιν·
1838 2539 2080 2609 μεγάλην
2150 2540 2195 2591 δ’
2247 2538 2312 2591 ἂν
2355 2536 2708 2605 ὁμολογήσειν
2755 2538 2852 2604 τὴν
2887 2536 3064 2605 χάριν,
3117 2538 3165 2589 εί
3228 2538 3301 2606 μὴ
3345 2536 3453 2589 δια-

225 2627 427 2696 μάρτοι
471 2627 568 2696 τῆς
621 2630 907 2697 αἰτήσεως.
952 2630 1045 2681 καὶ
1099 2628 1366 2697 μηδέποτε
1442 2632 1675 2698 φανῆναι
1724 2630 1822 2699 τῆς
1896 2632 2211 2700 εὐεργεσίας
2271 2629 2583 2697 ἀγνώμονα.
2665 2627 2824 2681 Ἀλλά
2874 2627 3045 2680 ταῦτα
3110 2629 3206 2697 μὲν
3269 2631 3325 2679 ὲν
3380 2629 3456 2681 τῶ

226 2721 421 2788 βιϐλίῳ
462 2720 643 2786 ἔλεγεν
672 2722 705 2789 ὴ
750 2720 994 2789 συνοόικὴ
1027 2721 1335 2791 Σωφρονίου
1357 2721 1449 2774 τοῦ
1484 2722 1787 2788 ἀγιωτάτου
1829 2723 2105 2792 ἐπιστολή.

298 2814 390 2865 Ἑν
428 2813 483 2865 δὲ
515 2813 593 2881 τῷ
622 2814 768 2883 αύτῴ
798 2815 1133 2884 περιείχοντο
1160 2817 1341 2885 τεύχει
1370 2818 1591 2886 χρήσεις
1622 2819 1791 2883 ἁγίων

227 2905 325 2954 καὶ
362 2902 629 2970 διαφόρων
664 2905 940 2973 Ιῖατέρων,
980 2904 1085 2955 τῶν
1124 2922 1181 2957 τε
1218 2909 1659 2976 προγενεστέρων
1695 2911 1792 2978 τῆς

220 2993 494 3062 τετάρτης
530 2994 743 3046 συνόδου
778 2998 869 3047 καὶ
908 2996 1016 3047 τῶν
1062 2999 1179 3049 κατ’
1225 2998 1391 3069 αὐτὴν
1430 3000 1792 3069 ἀκμασάντων

225 3087 319 3137 καὶ
380 3087 485 3137 τών
533 3087 610 3139 ἔτι
668 3089 1163 3155 μεταγενεστέρων.
1206 3091 1268 3141 Αἰ
1316 3090 1371 3141 δὲ
1428 3093 1647 3159 χρήσεις
1696 3093 1793 3161 τὴν

222 3179 427 3246 διπλῆν
495 3179 775 3246 ἐνέργειαν
847 3183 937 3233 ἐπὶ
998 3181 1233 3250 Χριστοῦ
1296 3181 1389 3234 τοῦ
1442 3183 1577 3236 Θεοῦ
1633 3185 1790 3253 ήμῶν

1963 2819 2015 2871 ln
2046 2820 2144 2873 hoc
2176 2818 2447 2872 volumine
2470 2820 2878 2872 continebantur
2910 2819 3214 2873 testimonia
3240 2830 3457 2875 sancto-

1900 2926 2014 2962 rmn
2037 2912 2302 2963 variorum
2334 2911 2569 2968 Patrum.
2623 2908 2714 2976 qui
2748 2918 2869 2961 ante
2924 2921 3170 2978 quartam
3196 2917 3455 2980 synodum

1894 3000 2127 3059 fuerunt,
2182 3010 2234 3054 et
2268 3001 2355 3067 qui
2388 3010 2507 3069 post
2554 3000 2694 3052 illam
2749 2998 3063 3062 ﬂoruerunt,
3116 3012 3166 3057 et
3193 3015 3308 3069 post
3344 3007 3453 3056 nati

1892 3102 2031 3147 sunt.
2050 3090 2177 3156 Quae
2206 3092 2510 3144 testimonia
2538 3091 2800 3157 duplicem
2837 3091 2886 3143 ia
2912 3091 3123 3145 Christo
3148 3093 3254 3146 Deo
3276 3105 3457 3147 nostro

1895 3185 2255 3252 operationem
2286 3183 2661 3248 prtoilicarunt,
2689 3198 2916 3251 quarum
2948 3186 3215 3254 principes
3241 3197 3296 3239 et
3321 3201 3455 3251 prte-

226 3271 635 3337 ἀνεκήρυττόν,
698 3265 772 3323 ὧν
834 3273 1065 3341 πατέρες
1124 3274 1218 3325 καὶ
1272 3275 1593 3343 γεννήτορες
1651 3273 1789 3345 ἦσαν

1824 3294 1861 3352 c
1899 3276 2037 3341 cipni
2058 3286 2230 3335 erant,
2252 3275 2356 3325 Leo
2376 3276 2572 3326 veteris
2592 3272 2771 3325 [totum
2795 3274 3055 3340 pontifex,
3076 3287 3126 3329 et
3151 3286 3338 3343 quarta
3372 3278 3455 3329 illa

223 3361 385 3412 Λέων
433 3377 491 3411 τε
544 3361 571 3410 6
620 3362 715 3430 τῆς
780 3364 1151 3432 πρεσϐυτέρας
1210 3363 1422 3433 Ῥώμης
1468 3367 1792 3435 ἀρχιερεὺς,

226 3452 329 3501 καὶ
346 3452 482 3517 αὑτὴ
500 3454 531 3518 ἠ
555 3453 782 3521 τετάρτη
804 3454 895 3505 καὶ
911 3454 1260 3523 οἱκουμενικὴ
1287 3455 1417 3521 ἀγία
1440 3456 1670 3519 σύνοδος,
1692 3459 1795 3510 Πέ-

221 3560 251 3595 τ
266 3561 360 3612 ρος
390 3562 447 3594 τε
470 3546 496 3593 6
518 3545 717 3613 Μύρων
737 3546 1023 3609 ὁσιώτατος
1057 3549 1369 3610 ἐπίσκοπος,
1400 3550 1491 3600 καὶ
1523 3550 1559 3600 Γ
1564 3550 1795 3611 εννάδιος

224 3638 255 3685 ὀ
282 3636 924 3701 Κωνσταντινουπόλεως,
953 3639 1046 3689 καὶ
1067 3640 1094 3691 6
1122 3639 1219 3706 τῆς
1237 3641 1480 3709 Φωτικῆς
1503 3642 1795 3703 ἐπίσκοπος

222 3727 403 3793 ὄνομα
436 3726 704 3794 Διάδοχος,
741 3727 835 3787 καὶ
869 3728 1182 3798 Ἐφραίμιος
1199 3731 1243 3760 ’⁸
1286 3732 1313 3783 6
1340 3730 1436 3797 τῆς
1473 3730 1796 3801 Ἀντιοχείας

222 3817 544 3885 ἀρχιερεὺς,
580 3818 635 3878 ὃς
682 3820 776 3870 καὶ
820 3821 959 3870 κατᾶ
991 3819 1097 3871 τῶν
1132 3821 1436 3887 Ἀκεφάλων
1482 3822 1539 3874 εν
1584 3822 1795 3883 πολλοῖς

225 3908 579 3975 συντάγμασι
611 3910 871 3975 γενναίως
898 3910 1201 3980 ὴνδρίσατο,
1236 3912 1327 3963 καὶ
1349 3911 1618 3976 Διονύσιος
1640 3914 1669 3965 6
1695 3929 1795 3965 πο-

221 3996 324 4055 λὺς
370 3997 470 4062 μὲν
515 3996 610 4065 τὴν
656 3996 924 4063 γλῶσσαν,
961 3998 1159 4051 πλείων
1187 3999 1243 4052 δὲ
1274 4000 1318 4032 ⁸³
1346 4003 1445 4069 τὴν
1493 4000 1741 4072 Θεωρίαν,
1768 4004 1797 4055 6

223 4086 483 4155 μαθητὴς
521 4086 733 4139 Παύλου
780 4090 872 4141 καὶ
915 4088 1005 4141 τοῦ
1037 4090 1271 4158 Χριστοῦ
1302 4091 1508 4160 μάρτυς
1550 4093 1645 4144 καὶ
1687 4092 1795 4145 τῶν

236 4176 483 4244 Ἀθηνῶν
501 4177 547 4207 ’⁸
570 4177 883 4243 ἐπίσκοπος,
916 4180 1006 4233 καὶ
1037 4178 1312 4243 Ἰουστίνος
1363 4182 1392 4235 6
1443 4187 1796 4252 μαρτυρικοῖς

220 4269 425 4336 αἵμασι
476 4268 777 4335 βεϐαιώσας
819 4272 881 4323 τὸ
922 4271 1241 4340 φιλόσοφον,
1288 4273 1383 4325 καὶ
1427 4274 1455 4326 6
1502 4272 1797 4336 πολύαθλος

236 4360 645 4429 Ἀλεξανδρείας
678 4362 1012 4426 Ἀθανάσιος,
1044 4364 1337 4435 Γρηγόριός
1363 4382 1422 4417 τε
1448 4367 1475 4417 6
1494 4365 1591 4433 τῆς
1614 4365 1793 4418 Θεολο-

221 4448 356 4515 γίας
396 4449 772 4516 μυσταγωγὸς,
808 4453 900 4504 καὶ
931 4455 1027 4522 τῆς
1060 4453 1385 4523 Ἐκκλησίας
1415 4456 1443 4507 6
1469 4455 1668 4522 κόσμος
1691 4453 1795 4507 Βα-

220 4538 429 4600 σίλειος
448 4578 462 4599 ,
496 4541 586 4591 καὶ
612 4541 639 4591 6
670 4541 909 4611 ποταμὸς
942 4543 1048 4595 τῶν
1079 4543 1250 4609 λόγων
1275 4546 1303 4596 6
1333 4544 1551 4612 Νύσσης
1590 4544 1795 4615 Γρηγό-

220 4647 366 4699 ριος,
402 4631 495 4682 καὶ
535 4633 562 4683 6
609 4634 901 4704 νικηφόρος
934 4634 1216 4704 Κύριλλος.
1254 4637 1345 4689 καὶ
1394 4639 1422 4689 6
1468 4636 1566 4706 τῆς
1609 4637 1791 4690 ἐνθέου

218 4721 544 4790 παρρησίας
595 4722 828 4792 γνώμων
878 4725 1123 4795 ἀκίνητος
1151 4727 1241 4778 καὶ
1287 4729 1385 4794 τῆς
1434 4726 1731 4791 εὐσεϐείας,
1761 4728 1790 4779 6

218 4812 571 4866 Μεδιολάνων
613 4814 954 4885 Ἀμὸρόσιος,
987 4820 1078 4869 καὶ
1107 4818 1135 4868 6
1163 4816 1396 4887 χρυσοῦς
1428 4819 1524 4887 τὴν
1546 4818 1789 4885 γλῶτταν

217 4904 321 4955 καὶ
352 4902 415 4954 τὸ
447 4904 620 4973 στόμα
657 4906 908 4975 Ἰωάννης
957 4909 984 4960 6
1032 4908 1642 4971 Κωνσταντινουπόλεως
1673 4908 1791 4960 επί-

217 5009 453 5055 σκοπος,
485 4996 576 5045 καὶ
606 4995 927 5065 Σεϐηριανὸς
975 5000 1002 5049 6
1047 4996 1319 5057 Γασάλων,
1354 4997 1446 5050 καὶ
1476 4999 1503 5049 6
1533 5000 1589 5050 ἐν
1619 4996 1792 5064 ἁγίοις

214 5084 480 5144 Θεόδοτος
511 5084 812 5153 (Ἀγκύρας
843 5083 992 5149 οὗτος
1022 5088 1397 5156 ὲπεστάτησε),
1427 5089 1518 5139 καὶ
1543 5088 1792 5157 Ἰωάννης

214 5175 245 5223 ὀ
282 5172 900 5236 Κωνσταντινουπόλεως
919 5216 933 5237 ,
960 5177 987 5227 6
1026 5178 1088 5227 ἐκ
1118 5176 1507 5239 Καππαδοκίας
1537 5177 1706 5229 ἕλκων
1730 5177 1789 5227 τὸ

217 5264 382 5331 γένος
408 5264 498 5314 καὶ
527 5263 585 5315 τὸ
618 5265 922 5334 ἐπώνυμον,
952 5267 1088 5337 ἀνὴρ
1119 5267 1317 5338 ἀρετῆς
1341 5269 1672 5338 οἰκητήριον,
1694 5270 1787 5321 καὶ

214 5356 246 5407 ό
306 5355 364 5402 ὲν
417 5353 591 5419 ἁγίοις
621 5354 897 5423 Εύλόγιος,
930 5356 958 5406 6
984 5356 1080 5424 τῆς
1115 5342 1511 5428 Ἀλεξανδρείας
1536 5358 1785 5428 ἀρχιεπί-

218 5465 451 5512 σκοπος,
482 5451 510 5501 6
544 5451 754 5514 πολλοῖς
802 5454 976 5521 λόγοις
1006 5454 1322 5506 καταὸαλὼν
1360 5456 1455 5523 τὴν
1497 5454 1604 5506 τῶν
1639 5456 1787 5506 Ἀκε-

217 5540 413 5610 φάλων
440 5540 777 5608 δυσσέϐειαν,
810 5544 902 5596 καὶ
936 5545 1181 5613 Ἰωάννης
1209 5546 1236 5595 ὁ
1264 5546 1321 5595 ἐν
1358 5544 1529 5611 ἁγίοις
1569 5542 1791 5595 ἐπίσκο-

1898 3366 2094 3435 287α
2112 3366 2443 3419 ωευιηειιίεο
2468 3366 2723 3434 synodus,
2750 3364 2938 3419 Petrus
2957 3370 3325 3421 sanctissimus
3340 3368 3457 3437 My-

1907 3471 2083 3509 rorum
2144 3458 2451 3523 episcopus,
2514 3452 2819 3507 Gennadius
2855 3454 3363 3525 Constantinopolis,
3404 3470 3457 3513 et

1898 3546 2129 3600 Pboticze
2143 3546 2425 3613 episcopus
2448 3546 2659 3600 nomine
2680 3546 2996 3611 Diadocbus,
3020 3557 3071 3601 et
3089 3546 3457 3616 Euphra'mius

1898 3640 2197 3694 Antiochia:
2248 3637 2461 3704 prarsul,
2510 3637 2599 3704 qui
2650 3640 2808 3689 etiam
2848 3648 3033 3691 contra
3076 3640 3372 3707 Acepbalos
3404 3642 3453 3694 in

1899 3727 2077 3782 multis
2122 3727 2271 3781 libris
2302 3736 2517 3781 strenue
2561 3727 2803 3781 certarit.
2861 3726 2926 3780 Et
2971 3727 3251 3799 Dionysius
3275 3734 3459 3802 copio-

1899 3834 1991 3873 sus
2033 3819 2246 3887 quidem
2296 3817 2492 3878 verbis.
2539 3818 2808 3885 copiosior
2852 3828 3027 3873 tamen
3073 3823 3455 3889 speculatione,

1901 3906 2194 3976 discipulus
2249 3906 2417 3960 sancti
2454 3904 2629 3971 Pauli,
2661 3905 2861 3961 Christi
2895 3920 3121 3979 martyr,
3157 3913 3453 3967 Athenien-

1896 4001 2034 4055 sium
2071 4000 2389 4066 episc0pus;
2421 4008 2476 4052 et
2504 3996 2748 4051 Justinus
2779 3999 3017 4067 martyrii
3045 4002 3303 4070 sanguine
3335 4006 3453 4073 phi-

1897 4091 2198 4161 losOpbiam
2266 4088 2594 4143 conﬁrmans
2646 4107 2662 4152 ;
2713 4098 2767 4142 et
2818 4098 3067 4143 strenuus
3128 4093 3457 4149 Athanasius

1895 4180 2228 4236 Alexandria:
2267 4178 2491 4249 praesul;
2546 4189 2600 4233 et
2641 4177 2950 4248 Gregorius.
2977 4180 3251 4254 theologia:
3302 4200 3455 4240 arca-

1898 4291 2023 4329 num
2043 4289 2175 4337 vas;
2202 4284 2251 4327 et
2288 4274 2448 4327 decus
2489 4272 2761 4335 Ecclesiae.
2792 4272 3017 4329 Basilius
3049 4292 3064 4339 ;
3094 4286 3147 4329 et
3170 4276 3453 4333 verborum

1896 4363 2092 4418 ﬂumen
2146 4362 2417 4434 Nyssenus
2449 4380 2465 4429 ;
2492 4374 2546 4417 et
2578 4364 2731 4417 fortis
2757 4363 2952 4419 athleta
2984 4365 3230 4437 Cyrillus
3258 4384 3273 4432 ;
3308 4377 3363 4423 et
3400 4372 3453 4423 in

1898 4452 1994 4507 Dei
2019 4452 2283 4507 sententia
2307 4451 2476 4506 libere
2498 4453 2803 4508 confitenda
2834 4455 3091 4512 infractus
3113 4460 3451 4525 Ambrosius,

1900 4544 2179 4599 Mediolani
2214 4544 2438 4599 antistes
2470 4561 2485 4610 ;
2517 4554 2569 4599 et
2596 4560 2785 4601 aureus
2808 4561 2901 4601 ore
2931 4558 2985 4601 et
3014 4548 3189 4619 lingua
3218 4550 3452 4609 Joannes

1824 4626 1867 4680 Ι)
1897 4633 2432 4701 Constantinopoleos
2481 4635 2761 4703 episc0pus
2792 4653 2807 4703 ;
2840 4644 2894 4691 et
2918 4635 3239 4693 Severianus
3267 4638 3450 4695 Gaba-

1893 4728 2063 4781 lorum
2105 4744 2120 4791 ;
2160 4735 2213 4781 et
2235 4736 2449 4781 sanctus
2469 4726 2796 4794 Theodotus,
2822 4730 2911 4797 qni
2946 4730 3166 4801 Auryrte
3208 4733 3437 4801 praefuit;

1892 4826 1948 4870 et
1991 4813 2248 4879 Joannes,
2298 4814 2887 4884 Constantinopolitano
2926 4834 3122 4886 genere
3168 4830 3222 4875 et
3255 4838 3455 4893 cogno-

1895 4905 2037 4958 mine
2062 4902 2365 4971 Cappadox,
2396 4904 2554 4957 homo
2582 4920 2708 4958 vere
2736 4907 2948 4959 virtutis
2987 4908 3315 4964 domicilium
3345 4929 3360 4977 ;
3398 4923 3454 4965 ct

1896 4997 2087 5051 beatus
2118 4993 2393 5063 Eulogius,
2433 4995 2712 5063 episcOpus
2740 4996 3097 5064 Alexandriae,
3138 5000 3228 5067 qui
3268 5001 3452 5057 multis

1898 5087 2074 5142 verbis
2101 5085 2492 5152 Acephalorum
2521 5088 2839 5139 sententiam
2876 5088 3066 5143 refellit
3096 5108 3109 5156 ;
3141 5101 3195 5146 et
3217 5089 3451 5147 Joannes

1895 5174 2120 5229 antistes
2158 5174 2652 5243 Scythopolitanus,
2686 5176 2774 5244 qui
2816 5177 2967 5229 docte
2997 5188 3047 5230 et
3071 5180 3155 5246 pie
3178 5180 3242 5232 de
3285 5194 3451 5250 syno-

1891 5267 1959 5320 do
1987 5266 2407 5323 Chalcedonensi
2426 5270 2637 5336 scripsit
2666 5284 2681 5331 ;
2714 5279 2768 5323 et
2799 5268 3143 5325 llerat-lianus
3166 5273 3450 5342 episcOpus

1890 5358 2358 5423 Chalcedonensis,
2392 5360 2627 5428 quicum
2661 5361 2965 5415 Manichteis
3010 5364 3299 5417 niaximum
3328 5379 3449 5418 cer-

1896 5462 2072 5504 tamen
2132 5450 2292 5515 iniit;
2324 5458 2378 5505 et
2403 5450 2659 5506 Leontius
2695 5452 2987 5507 solitariam
3014 5466 3067 5508 et
3094 5459 3443 5509 monasticam

1899 5543 2060 5595 vitam
2092 5541 2333 5608 ducens;
2365 5551 2419 5597 et
2449 5541 2634 5598 beatus
2659 5542 2973 5599 Anastasius
3000 5543 3443 5615 Theopolitanus,

1478 5661 1702 5716 VARUS
1748 5657 2145 5715 LECTIONES.

296 5751 342 5826 ξ’
374 5749 643 5820 πολλαχοῦ
696 5756 735 5809 Λ
771 5776 783 5809 ;
821 5756 1089 5825 πανταχοῦ
1134 5769 1212 5817 ς.’
1267 5759 1307 5786 θ’
1341 5759 1367 5807 ὁ
1396 5765 1518 5811 ante
1552 5756 1863 5826 ἐπικληθείς
1896 5773 2003 5811 υιιι.
2040 5757 2103 5808 Δ.

221 5820 392 5873 ναίων
428 5836 490 5883 ς’.

2181 5754 2224 5784 ⁹¹
2258 5751 2588 5821 Εύφραίμιος
2619 5768 2674 5815 ς.
2755 5752 2802 5783 ⁹⁹
2832 5751 3010 5804 πλεῖον
3041 5767 3100 5813 ς’.

3194 5751 3241 5786 ⁸⁸
3277 5751 3441 5822 Ἀθη-
