4208 6442
217 411 350 476 1097

1271 401 1796 490 BIBLIOTHECA.
1825 425 1893 437 -·
1930 400 2092 462 COD.
2125 402 2457 464 CCXXXII.

3349 408 3483 475 1098

213 518 775 592 κλεισμένων.--”Οτι
803 517 833 570 ό
859 511 1095 584 Χριστὸς
1114 512 1215 567 οὐκ
1239 513 1474 567 ἀπέθετο
1495 513 1594 583 τὴν
1617 513 1797 582 σάρκα

1903 526 2018 580 quae
2037 510 2087 564 in
2119 510 2385 580 negando,
2410 508 2593 565 carnis
2619 523 2780 565 unam
2798 519 3045 569 naturam
3099 529 3242 579 esse,
3290 518 3481 589 impu-

216 616 359 684 μετά
385 613 486 682 τὴν
518 609 837 668 ἀνάστασιν,
870 604 1009 659 ἀλλά
1051 605 1186 675 μετά
1214 606 1313 673 τῆς
1344 605 1544 673 σαρκὸς
1573 604 1632 657 ἐν
1655 600 1805 674 δεξιᾷ

212 702 508 766 καθέζεται
537 698 634 752 τοῦ
672 696 885 767 Πατρός
903 710 919 726 '
952 694 1048 748 ul
1076 694 1141 747 ἐκ
1166 692 1261 746 τοῦ
1289 693 1685 763 ἀντικειμένου,
1727 692 1806 758 ὡς

215 791 497 846 ἐλεύσεται
547 788 674 860 [473
702 785 797 857 IL]
830 787 928 857 μὲν
960 787 1144 854 κρίναι
1183 785 1392 850 ζῶντας
1422 786 1517 839 καὶ
1549 785 1801 855 νεκροὺς,

212 882 399 935 οὐκέτι
426 880 483 933 δέ
518 878 700 949 σάρκα
731 876 889 947 έχων,
922 875 1061 930 ἀλλά
1093 874 1484 947 θεοειδέστερον
1518 875 1701 946 σῶμα.
1733 904 1805 917 -

216 970 416 1025 ’οτιού
444 969 582 1039 μετά
602 968 824 1038 σαρκὸς,
853 967 988 1023 ἀλλά
1013 970 1195 1038 γυμνῇ
1214 969 1282 1037 τῇ
1309 966 1521 1036 θεότητι
1540 970 1683 1021 κατά
1704 967 1804 1039 τὴν

212 1061 478 1132 δευτέραν
508 1058 813 1129 παρουσίαν
842 1060 871 1110 ό
896 1059 1175 1128 Δεσπότης
1204 1059 1585 1129 παραγίνεται.
1631 1058 1805 1113 Τοῦτο

212 1149 275 1202 δέ
299 1148 530 1218 θέμενος
558 1147 588 1199 ό
608 1146 846 1216 Γόῦαρος
875 1147 954 1210 είς
986 1146 1303 1215 κεφάλαιον,
1324 1149 1418 1201 καὶ
1446 1148 1669 1216 χρήσεις
1696 1164 1804 1200 πα-

215 1237 480 1310 ραγαγὼν
527 1237 690 1292 Τίτου
738 1235 1043 1290 ἐπισκόπου
1095 1236 1379 1306 Βόστρων,
1417 1236 1618 1307 μυρίας
1662 1234 1803 1308 ἔχων

215 1332 416 1399 ἐτέρας
444 1329 772 1396 συναγαγεῖν
796 1327 854 1382 αἱ
876 1327 1347 1391 κατασκευάζουσι
1372 1327 1434 1379 τὸ
1457 1328 1533 1408 μὴ
1552 1328 1595 1360 "
1617 1330 1799 1399 γυμνῇ

215 1425 288 1493 τῇ
320 1422 536 1492 θεότητι
560 1418 963 1490 παραγενέσθαι
988 1418 1082 1473 τὸν
1102 1420 1378 1489 Δεσπότην
1407 1420 1659 1490 Χριστὸν,
1693 1420 1804 1473 πά·-

220 1530 325 1575 σας
368 1511 585 1581 παρῆκε
617 1511 711 1563 καὶ
739 1510 996 1579 οὐδεμιᾶς
1042 1509 1314 1579 ἐμνήσθη,
1348 1510 1626 1580 πανταχοῦ
1668 1527 1805 1580 προ-

218 1604 484 1672 πηδῶσαν
507 1601 674 1655 αὑτοῦ
704 1600 801 1670 τῆς
830 1600 1010 1670 ψυχῆς
1047 1599 1355 1663 ἐπιδεικνὺς
1392 1603 1492 1671 τὴν
1524 1600 1801 1666 ἀσέϐειαν,

214 1697 351 1763 ἥτις
382 1695 440 1744 ἐν
467 1695 534 1762 τῇ
561 1692 869 1760 ἀπαρνήσει
894 1692 994 1759 τῆς
1017 1691 1224 1761 σαρκὸς
1256 1691 1384 1760 μίαν
1407 1691 1569 1758 φύσιν
1597 1690 1802 1760 δογμα-

1920 602 2058 655 dens
2080 609 2186 667 est,
2219 601 2528 656 ostendens.
2564 629 2634 642 —
2656 600 2866 671 Corpus
2900 604 3253 675 impossibile,
3304 609 3482 665 invul-

1918 690 2182 746 nerabile.
2213 700 2269 746 et
2299 691 2627 759 immortale,
2678 692 2907 749 alterius
2949 706 3032 751 est
3059 698 3380 756 substantia:
3430 710 3487 757 et

1908 782 2270 852 generationis
2294 797 2455 851 quam
2493 796 2690 851 corpus
2715 792 2960 840 nostrum
2990 801 3007 840 :
3038 796 3094 842 et
3120 789 3367 843 mortalia
3416 790 3483 845 -in

1910 874 2372 943 incorruptionem
2438 882 2496 927 et
2578 872 3038 932 immortalitatem
3121 879 3482 945 transeuntia,

1910 963 2263 1019 mutationem
2295 963 2614 1018 substantiae
2639 966 2947 1021 admittunt.
2969 997 3043 1009 —
3068 968 3319 1025 Delinitio
3351 985 3485 1025 una-

1907 1070 2137 1127 quaque
2193 1055 2427 1125 perfecta
2470 1070 2719 1123 manens,
2782 1058 3129 1115 deﬁnitorum
3199 1071 3487 1117 conservat

1909 1158 2199 1203 naturam:
2246 1150 2289 1204 si
2329 1149 2454 1218 quis
2492 1163 2623 1205 vero
2650 1149 2719 1205 ab
2754 1150 2846 1205 illo
2913 1151 3117 1222 aliquid
3178 1154 3484 1220 sustulerit,

1906 1241 2024 1297 eive
2047 1241 2333 1306 addiderit,
2356 1241 2634 1296 definitum
2654 1243 2988 1300 dissolvitur.
3017 1244 3141 1300 Haec
3169 1246 3277 1300 duo
3326 1246 3489 1315 igitur

1906 1332 2105 1401 capita.
2144 1333 2601 1401 quemadmodum
2624 1342 2679 1387 et
2704 1348 2870 1402 parra
2904 1334 2995 1387 ilia
3028 1337 3182 1405 prius
3220 1332 3389 1402 dicta,
3418 1351 3487 1391 ex

1906 1438 2008 1477 uua
2045 1431 2197 1490 parte
2224 1432 2459 1487 tantum,
2509 1432 2700 1478 etnon
2730 1440 2795 1478 ex
2838 1434 3066 1492 utraque
3112 1430 3485 1496 oppositorum

1906 1514 2230 1568 testimoniis
2288 1514 2631 1569 muniuntur.
2702 1514 2848 1570 Deus
2918 1514 3149 1571 Verbum
3207 1525 3350 1571 totus
3404 1527 3489 1573 est

1905 1606 1958 1659 in
1986 1607 2225 1671 omni,et
2263 1620 2427 1674 super
2456 1620 2639 1669 omne,
2660 1618 2715 1661 et
2763 1614 2908 1661 totus
2968 1616 3053 1663 est
3094 1623 3324 1677 corpore
3344 1610 3489 1677 quod

1904 1696 2004 1749 sibi
2043 1698 2381 1766 bypostatice
2449 1696 2719 1761 adunivit,
2742 1707 2797 1751 et
2826 1699 3147 1766 simpliciter
3188 1701 3490 1756 divinitatis

211 1786 391 1849 τὶζειν
411 1781 978 1837 ἀναιδεύεται.-”οτι
997 1782 1058 1835 τὸ
1086 1782 1295 1845 ἀπαθὲς
1321 1782 1419 1835 καὶ
1445 1782 1687 1853 ἄτρωτον
1708 1782 1802 1836 καὶ⁵

1907 1785 2214 1840 substantia
2261 1795 2372 1840 tum
2410 1796 2626 1850 natura,
2654 1800 2779 1840 cum
2820 1788 3022 1842 virtute
3067 1798 3121 1843 et
3148 1790 3489 1857 operatione,

211 1874 487 1927 ἀθάνατον
517 1872 679 1941 σῶμα
704 1869 1042 1940 ἐτεροούσιόν
1066 1871 1111 1903 ¹⁸
1137 1872 1251 1924 ἐστι
1276 1871 1368 1925 καὶ⁸
1394 1872 1701 1941 ἐτερογενές
1722 1871 1799 1941 τῷ

1903 1877 2082 1929 omnia
2100 1876 2356 1945 complet,
2378 1886 2433 1931 et
2455 1889 2549 1944 per
2578 1877 2792 1946 singula
2811 1887 2992 1932 creata
3036 1878 3491 1934 communicando

211 1965 476 2035 ἡμετέρῳ
507 1962 719 2033 σώματι
744 1976 761 1993 ⁸
797 1962 892 2014 καὶ
935 1963 1019 2015 ὅτι
1068 1962 1137 2015 τά
1187 1962 1465 2031 φθαρτά¹⁹
1500 1964 1595 2017 καὶ
1637 1963 1802 2031 θνητά

1909 1980 1969 2020 se
2001 1968 2066 2021 ad
2102 1968 2414 2022 universum
2444 1968 2657 2021 transit.
2691 1965 2760 2021 Et
2793 1982 2901 2022 non
2946 1968 3041 2022 ita.
3072 1967 3214 2022 Deus
3238 1984 3337 2023 sua
3362 1970 3489 2024 sub—

211 2059 299 2119 ei;
325 2054 638 2125 ἀφθαρσίαν
665 2054 760 2106 καὶ
790 2052 1089 2107 ἀθανασίαν
1123 2052 1523 2122 μεταϐάλλοντα
1544 2054 1643 2124 τὴν
1673 2056 1802 2107 κατ1

1909 2058 2109 2111 stantia
2138 2065 2221 2111 est
2240 2068 2394 2111 extra
2434 2058 2770 2123 universum,
2804 2059 2855 2112 iu
2910 2062 3166 2113 omnibus
3220 2075 3351 2115 vero
3377 2061 3492 2117 suis

211 2150 411 2203 οὐσίαν
443 2146 652 2218 τροπὴν
675 2145 1206 2214 ἐπιδέχεται.-’οτι
1233 2143 1462 2206 ἕκαστος
1481 2145 1604 2215 ὅρος
1631 2144 1802 2213 μένων

1907 2159 1989 2203 est
2024 2148 2333 2204 virtutibus.
2360 2150 2587 2204 ——Ante
2639 2153 2824 2206 lttttlttli
2856 2154 3184 2207 creationem
3229 2152 3369 2208 Deus
3394 2170 3493 2208 an-

213 2239 444 2305 ἐντελὴς
488 2238 587 2305 τήν
630 2235 739 2287 τῶν
786 2234 1021 2305 ὁριστῶν
1051 2231 1305 2297 διασώζει
1334 2232 1495 2301 φύσιν
1515 2249 1529 2264 ⁸
1560 2235 1607 2285 εί
1638 2233 1694 2285 δέ
1720 2249 1802 2296 τις

1907 2238 2054 2305 gelos
2086 2241 2309 2293 creavit.
2335 2238 2399 2292 Et
2418 2253 2523 2292 non
2542 2241 2753 2302 sic,sed
2776 2243 2952 2309 primo
2975 2244 3060 2296 die
3087 2257 3194 2311 quo
3222 2243 3483 2296 mundum

212 2330 411 2381 τούτου
439 2326 628 2395 ἀφέλοι
655 2342 710 2378 τι
742 2326 775 2395 ἢ
807 2326 1129 2394 προσθήσει,
1162 2324 1222 2375 τὸ
1247 2324 1459 2395 ὁριστὸν
1498 2322 1791 2378 διαλύεται.

1903 2326 2123 2380 iecit.—
2146 2327 2341 2397 28θὸ
2366 2328 2552 2397 Angeli
2576 2338 2632 2381 et
2658 2330 2928 2387 «laniones
2954 2333 3271 2403 corporibus
3296 2334 3493 2386 uniun-

213 2422 409 2475 Ταῦτα
430 2422 612 2474 τοίνυν
631 2420 700 2474 τά
720 2419 815 2473 δύο
836 2420 1127 2488 κεφάλαια,
1145 2420 1332 2490 ὥσπερ
1355 2418 1537 2472 καὶτὰ
1560 2418 1740 2490 μικρῷ
1751 2420 1797 2452 ⁸⁸

1909 2424 2024 2480 tur,
2055 2426 2113 2472 et
2141 2429 2353 2483 contra,
2379 2422 2555 2473 neutri
2575 2420 2766 2474 borum
2791 2424 3110 2491 corporibus
3137 2426 3492 2478 uniuntur.—

213 2513 460 2583 πρόσθεν
487 2511 773 2583 εἰρημένα,
804 2511 1120 2581 μονομερῶς
1145 2512 1241 2564 καὶ
1288 2510 1391 2563 οὐκ
1441 2509 1502 2575 ἐξ
1539 2510 1802 2581 ἐκατέρου

1909 2509 2100 2580 Angeli
2114 2516 2169 2563 et
2184 2510 2474 2564 rationales
2494 2512 2711 2578 anima,
2734 2522 2790 2567 et
2808 2528 2997 2570 omnes
3007 2525 3271 2570 creatura
3293 2516 3493 2571 intelli-

211 2608 330 2661 τῶν
360 2604 753 2674 ἀντικειμένων
778 2603 879 2665 τὰς
906 2603 1133 2671 χρήσεις
1169 2599 1639 2665 ἐδέξαντο.-”Οτι
1660 2605 1688 2656 ό
1709 2600 1802 2655 τοῦ

1910 2600 2123 2670 gibiles,
2146 2608 2335 2654 natura
2361 2602 2500 2669 ipsa,
2519 2612 2576 2656 et
2597 2606 2889 2658 secundum
2907 2616 3156 2660 naturam
3177 2607 3494 2675 incorrupti-

214 2697 361 2752 Θεοῦ
386 2697 558 2763 Λόγος
590 2695 709 2757 ὅλος
742 2693 891 2747 ἐστὶν
920 2693 978 2744 ἐν
1002 2690 1081 2761 τῷ
1114 2692 1281 2745 παντὶ
1312 2693 1406 2746 xui.
1428 2691 1569 2761 ὑπὲρ
1588 2692 1649 2745 τὸ
1671 2693 1802 2758 πᾶν,

1911 2690 2044 2745 biles
2071 2700 2127 2744 et
2156 2690 2645 2746 immortulessunt.
2672 2693 2737 2747 Et
2759 2710 2791 2749 e
2816 2698 3112 2759 contrario,
3137 2711 3241 2749 non
3270 2706 3491 2763 natura,

213 2789 314 2841 καὶ
338 2789 461 2849 ὅλος
488 2787 635 2839 ἐστὶν
652 2787 696 2818 ¹¹
734 2787 791 2838 ἐν
856 2784 935 2854 τῷ
986 2783 1199 2853 σώματι
1250 2782 1279 2835 ὸ
1338 2782 1461 2836 καθ’
1515 2784 1802 2837 ὐπόστασιι.

1920 2784 2010 2837 sed
2030 2784 2203 2852 gratia
2222 2792 2347 2837 sunt
2377 2784 2739 2851 immortales;
2770 2798 2959 2840 natura
2989 2802 3119 2842 vero
3145 2788 3292 2843 solus
3329 2788 3490 2843 Deus.

210 2883 433 2952 ἥνωσεν
465 2878 643 2949 ἐαυτῷ
664 2891 681 2908 ’
728 2879 823 2931 καὶ
866 2876 1049 2938 ἁπλῶς
1093 2876 1127 2944 ή
1160 2877 1260 2942 τῆς
1287 2873 1538 2945 θεότητος
1580 2875 1737 2928 οὐσία
1771 2876 1862 2929 καὶ
1899 2875 2057 2943 φύσει
2085 2876 2180 2928 καὶ¹
2208 2876 2274 2945 τῇ
2301 2875 2531 2944 δυνάμει
2556 2876 2651 2929 καὶ
2670 2879 2737 2946 τῇ
2773 2878 3025 2947 ἐνεργείᾳ
3053 2878 3233 2931 πάντα
3272 2879 3489 2950 πληροῖ.

210 2975 312 3027 καὶ
332 2971 403 3026 δι’
424 2970 656 3024 ἑκάστου
683 2971 791 3024 τῶν
820 2970 988 3023 όντων
1014 2969 1172 3022 δίεισι
1198 2971 1266 3038 τῇ
1294 2968 1431 3037 πρὸς
1449 2967 1510 3020 τὸ
1532 2968 1640 3021 πᾶν
1661 2967 1980 3036 ἀνακράσει.
2015 2967 2127 3019 Καὶ
2153 2966 2236 3019 ὅτι
2265 2966 2363 3035 οὐχ
2391 2964 2560 3028 οὕτως
2582 3005 2598 3027 .
2629 2966 2745 3020 ἀλλ’
2808 2967 2839 3019 ό
2903 2968 3035 3032 Θεὸς
3094 2970 3254 3034 ἐκτός
3314 2973 3427 3025 ἐστι
3443 2975 3492 3007 ¹¹

210 3064 313 3116 τοῦ
348 3063 551 3125 παντὸς
575 3061 696 3115 κατ’
728 3061 937 3124 οὐσίαν,
969 3064 1027 3115 ἐν
1058 3062 1191 3114 πᾶσι
1222 3060 1280 3115 δέ
1310 3062 1426 3115 ἐστι
1453 3062 1574 3123 ταῖς
1609 3058 1802 3112 ἐαυτοῦ
1840 3058 2150 3126 δυνάμεσιν.
2172 3056 2369 3110 -Ὃτι
2400 3056 2508 3127 πρὸ
2535 3057 2636 3125 τῆς
2674 3057 2769 3110 τοῦ
2800 3058 3005 3127 κόσμου
3066 3059 3333 3127 γενέσεως
3398 3062 3493 3115 καὶ

210 3159 490 3229 ἀγγέλους
517 3162 546 3213 ό
578 3158 711 3219 Θεὸς
740 3156 920 3209 ἔκτισε
946 3174 960 3188 ·
1013 3158 1106 3209 καὶ
1136 3158 1217 3210 δτι
1245 3157 1343 3226 οὐχ
1371 3155 1572 3220 οὕτως,
1607 3156 1721 3210 ἀλλ’
1744 3157 1803 3208 ὲν
1837 3158 1904 3225 τῇ
1937 3153 2126 3225 πρώτῃ
2154 3154 2252 3223 τῆς
2272 3154 2660 3223 κοσμογενείας
2687 3154 3090 3225 ἡμέρῳ-Ὅτι
3152 3155 3203 3208 οί
3269 3154 3491 3224 ἄγγελοι

211 3257 314 3307 καὶ
338 3253 388 3304 oi
413 3249 663 3319 δαίμονες
696 3248 944 3317 σώμασιν
971 3248 1208 3317 ήνωνται
1228 3289 1242 3311 ,
1275 3250 1368 3301 καὶ
1398 3249 1480 3301 ὅτι
1521 3247 1791 3318 οὐδέτεροι
1829 3246 2006 3300 αὐτῶν
2037 3246 2249 3314 σώμασι
2278 3244 2737 3313 ήνωνται.-“’οτι
2758 3246 2809 3297 oi
2842 3245 3062 3313 άγγελοι
3092 3247 3187 3300 καὶ
3254 3247 3313 3300 αί
3404 3248 3493 3302 λο-

210 3344 380 3413 γεκαὶ
404 3342 575 3411 ψυχαὶ
599 3342 692 3394 καὶ
724 3342 902 3395 πάντα
931 3342 999 3395 τά
1028 3343 1191 3411 νοερά
1220 3344 1497 3412 κτίσματα
1519 3342 1677 3410 φύσει
1707 3342 1801 3394 καὶ
1837 3341 1978 3395 κατὰ
2004 3341 2165 3409 φύσιν
2194 3339 2331 3392 εἰσὶν
2361 3335 2643 3408 ἄφθαρτα·
2671 3339 2766 3392 καὶ
2799 3340 2864 3391 ἐκ
2928 3339 3025 3393 τοῦ
3092 3339 3491 3410 ἀντικειμένου,

209 3437 301 3491 ὅτι
348 3434 414 3487 οὗ
459 3433 639 3500 φύσει,
666 3433 801 3486 ἀλλά
847 3434 1031 3503 χάριτί
1078 3437 1216 3489 είσιν
1262 3436 1539 3497 ἀθάνατοι,
1568 3436 1728 3504 φύσει
1753 3434 1810 3487 δέ
1850 3435 2007 3504 μόνος
2043 3436 2072 3487 ό
2108 3432 2260 3495 Θεός.

289 3523 422 3595 [897
458 3521 550 3594 IL]
574 3523 696 3577 Ὀτι
730 3525 780 3576 οἱ
818 3522 1036 3591 ἄγγελοι
1087 3524 1443 3588 κατελθόντες
1473 3526 1538 3577 ἐκ
1565 3525 1675 3580 τῶν
1716 3525 1802 3578 οὖ-

1977 3522 2163 3592 Angeli
2192 3521 2582 3578 descendentes
2613 3522 2793 3578 ecmlo
2820 3521 2871 3575 in
2905 3532 3127 3589 terram,
3152 3536 3371 3577 carnem
3395 3521 3493 3576 ha-

214 3616 409 3690 ρανῶν
452 3616 533 3677 είς
584 3614 685 3682 τὴν
738 3613 843 3684 γῆν
898 3616 1078 3685 σάρκα
1094 3616 1141 3647 ’³
1165 3633 1222 3669 τε
1252 3615 1409 3685 [σχον
1442 3616 1556 3681 ,καὶ
1618 3616 1802 3669 παιδο-

1903 3614 2153 3680 buerunt,
2202 3622 2258 3668 et
2304 3614 2578 3682 genitalia,
2604 3623 2659 3668 et
2694 3627 2813 3668 cum
2848 3612 3164 3667 mulieribus
3211 3613 3485 3667 commisti

212 3706 357 3760 ποιά
395 3705 559 3774 μόρια
594 3743 612 3767 ,
664 3704 763 3756 καὶ
813 3706 932 3767 ταῖς
970 3705 1219 3771 γυναιξὶν
1266 3704 1628 3776 ὁμιλήσαντες
1677 3706 1802 3767 τοὺς

1903 3706 2145 3774 gigantes
2175 3715 2534 3771 procrearunt
2569 3720 2583 3757 :
2628 3711 2683 3756 et
2728 3705 3028 3757 docuerunt
3068 3702 3190 3757 illos
3248 3712 3393 3757 artes
3433 3715 3488 3757 et

212 3797 494 3866 γίγαντας
544 3796 862 3865 ἐγέννησαν,
892 3797 988 3848 καὶ
1030 3794 1275 3860 ἐδίδαξαν
1305 3796 1500 3859 αὐτοὺς
1526 3796 1719 3867 τέχνας
1740 3812 1802 3849 τε

210 3890 315 3943 καὶ
367 3886 725 3956 κακοτεχνίας
758 3900 775 3915 ’
810 3887 859 3938 οἱ
892 3886 950 3939 δέ
981 3885 1236 3953 γίγαντες
1298 3886 1513 3954 ἀλόγοις
1553 3886 1803 3956 μιγέντες

210 3980 526 4049 ἐγέννησαν
571 3976 895 4047 τερατώδεις
937 3978 1255 4048 ἀνθρώπους
1296 3979 1391 4031 καὶ
1423 3978 1675 4049 δαιμόνια
1702 3980 1805 4051 ἆῤ-

212 4070 356 4142 ρενά
387 4085 446 4121 τε
472 4071 561 4121 καὶ
617 4067 814 4136 θήλεαο
844 4067 1162 4130 κολάζονται
1197 4068 1255 4121 δέ
1283 4069 1333 4121 oi
1362 4068 1584 4136 ἀγγελοι
1606 4072 1802 4123 ἐκεῖνοι

208 4161 353 4215 ἔνθα
404 4160 504 4227 τῆς
539 4158 644 4226 γῆς
677 4156 787 4229 πῦρ
820 4160 1125 4213 ἀναδίδοται
1156 4160 1251 4213 καὶ
1281 4160 1461 4231 θερμά
1480 4160 1646 4215 ῦδατα
1665 4178 1679 4192 ο
1707 4163 1802 4215 καὶ

207 4255 300 4307 ὅτι
343 4254 401 4304 αἱ
456 4250 626 4319 ψυχαὶ
679 4251 789 4303 τῶν
832 4250 1168 4321 ἁμαρτωλῶν
1223 4251 1477 4319 δαιμόνια
1534 4252 1799 4320 γίνονται.

208 4345 336 4397 Καὶ
364 4343 702 4405 τούναντίον,
724 4342 808 4394 ὅτι
832 4342 1060 4411 ἀσαρκοι
1080 4343 1232 4405 ὄντες
1256 4346 1305 4396 oi
1326 4345 1803 4415 ἀποστατήσαντες

206 4434 447 4501 ἄγγελοι
496 4433 557 4485 οὐ
590 4433 657 4486 δι’
687 4432 918 4498 ἑαυτῶν,
964 4434 1099 4487 ἀλλά
1137 4435 1224 4487 διὰ
1288 4436 1470 4504 μέσων
1499 4437 1801 4508 ἀνθρώπων

205 4524 501 4593 ἐμίγησαν
549 4525 676 4585 ταῖς
724 4524 963 4591 γυναιξὶ,
1027 4525 1230 4593 μᾶλλον
1254 4526 1311 4579 δὲ
1340 4526 1463 4579 οὔτε
1494 4528 1561 4580 δι’
1595 4530 1802 4582 ἑαυτῶν

206 4612 346 4667 οὔτε
371 4613 462 4665 διὰ
494 4612 675 4681 μέσων
724 4613 1027 4683 ἀνθρώπων
1049 4629 1063 4643 ·
1088 4616 1184 4668 καὶ
1235 4617 1318 4669 ὃτι
1340 4618 1401 4669 οὐ
1436 4617 1799 4687 μεταϐάλλου-

211 4704 376 4756 σιν¹⁸
433 4704 490 4755 αἱ
538 4703 649 4757 τῶν
687 4704 990 4773 ἀνθρώπων
1043 4705 1213 4776 ψυχαὶ
1282 4711 1360 4771 εἰς
1416 4709 1690 4778 δαιμόνια.
1733 4740 1803 4752 -

208 4792 355 4863 [ΓΗ
390 4789 481 4861 IL]
529 4791 655 4844 Ὀτι
722 4793 751 4844 ὁ
787 4794 1013 4862 οὐρανὸς
1070 4795 1361 4865 σφαιρικός
1417 4798 1661 4851 ἐστικαὶ
1706 4798 1801 4851 κύ-

1902 3795 2070 3850 malas
2105 3806 2268 3848 artes.
2303 3792 2561 3864 Gigantes
2600 3807 2729 3848 vero
2772 3807 2892 3847 cum
2927 3793 3102 3848 brutis
3136 3794 3489 3864 congredien-

1904 3888 2004 3950 tes,
2037 3887 2281 3941 homines
2326 3884 2659 3955 prodigiosos
2695 3899 2959 3955 genuere,
2987 3893 3037 3941 et
3078 3884 3349 3941 daemones
3378 3895 3488 3939 tam

1902 3976 2041 4029 virili
2089 3990 2251 4043 quam
2303 3974 2549 4030 muliebri
2590 3977 2788 4045 specie.
2822 3974 2901 4029 Illi
2960 3975 3133 4045 angeli
3174 3976 3488 4055 puniuntur.

1904 4064 1993 4117 ubi
2030 4074 2294 4119 terrarum
2323 4064 2461 4132 ignis
2484 4066 2663 4118 eclitur
2694 4077 2858 4133 atque
2901 4064 3159 4134 erumpit,
3200 4075 3255 4118 et
3313 4066 3484 4119 calida

1904 4172 2064 4227 aqua.
2097 4156 2304 4210 Animae
2331 4164 2673 4222 peccatorum
2728 4154 2993 4209 daemonia
3020 4164 3165 4210 sunt.
3202 4153 3269 4209 Et
3297 4167 3484 4210 contra

1901 4262 2089 4303 omnes
2114 4246 2285 4316 angeli
2312 4246 2561 4313 rebelles,
2582 4260 2702 4300 cum
2722 4246 2837 4299 sine
2854 4260 3014 4300 carne
3040 4244 3236 4300 fuerint
3260 4260 3365 4300 non
3392 4262 3487 4317 per

1902 4357 1979 4408 se,
2011 4342 2103 4397 sed
2136 4343 2216 4395 usi
2240 4341 2554 4395 hominibus
2587 4340 2732 4394 velut
2778 4340 3165 4401 instrumentis,
3211 4341 3486 4409 congressi

1902 4442 2026 4488 sunt
2077 4447 2199 4488 cum
2250 4432 2486 4497 feminis;
2519 4440 2574 4485 at
2608 4432 2784 4500 potius
2821 4447 2995 4502 neque
3038 4448 3134 4503 per
3171 4446 3248 4495 se,
3307 4448 3480 4501 neque

1903 4524 2209 4578 hominibus
2268 4524 2350 4578 usi
2390 4524 2535 4576 velut
2577 4524 2787 4587 mediis,
2845 4534 2900 4577 et
2927 4539 3031 4577 non
3076 4534 3353 4578 mutantur
3384 4526 3486 4579 bo-

1902 4617 2105 4669 minum
2127 4616 2317 4669 anima
2357 4616 2409 4667 in
2434 4616 2715 4669 daemonia.
2736 4645 2809 4655 —
2830 4614 3037 4671 Cwlum
3064 4615 3351 4671 rotundum
3378 4626 3484 4677 est,

1904 4722 2075 4774 neque
2105 4707 2156 4759 in
2183 4707 2369 4761 orbem
2402 4707 2649 4759 vertitur.
2676 4705 2741 4760 Et
2791 4722 2896 4761 non
2945 4717 3030 4762 est
3075 4707 3384 4773 rotundum,
3426 4719 3484 4762 et

1904 4800 1957 4851 in
2014 4800 2197 4852 orbem
2248 4798 2497 4851 vertitur.
2529 4827 2602 4838 —
2625 4797 2739 4851 Hoc
2790 4797 2933 4866 quod
2964 4798 3163 4851 dictum
3198 4816 3210 4851 :
3250 4796 3482 4859 Spiritus

210 4885 339 4953 κλῳ
364 4883 413 4914 ³⁸
469 4884 694 4935 κινεῖται
746 4897 761 4913 ο
799 4884 895 4935 καὶ
938 4884 1020 4936 ὃτι
1072 4885 1195 4937 οὔτε
1216 4886 1264 4918 ⁸⁸
1318 4888 1604 4958 σφαιρικός
1652 4890 1798 4943 ἐστιν

1903 4888 2113 4942 Domini
2154 4888 2420 4955 ferebatur
2456 4903 2613 4955 super
2635 4888 2854 4955 aquosi,
2880 4887 2966 4941 hic
2993 4886 3228 4955 Spiritus
3260 4896 3481 4943 sanctus

204 4972 345 5026 οὔτε
373 4970 419 5001 ⁸⁷
481 4969 667 5039 κὺκλῳ
708 4974 959 5025 κινεῐται.
1028 5003 1101 5014 —
1165 4974 1291 5028 Ὀτι
1368 4976 1430 5029 τὸ
1488 4978 1798 5047 εἰρημένον,

1910 4977 2029 5041 fuit;
2063 4985 2115 5031 et
2137 4984 2321 5032 contra
2342 4974 2579 5044 Spiritus
2610 4984 2832 5030 sanctus
2858 4974 3106 5038 nonfuit,
3140 4980 3234 5031 sed
3258 4991 3426 5030 unum
3452 4993 3487 5031 ο

206 5060 475 5127 Πνεῦμα
520 5060 670 5114 Θεοῦ
717 5062 1038 5129 ἐπεφέρετο
1068 5063 1269 5117 ἐπάγω
1308 5066 1417 5119 τοῦ
1458 5066 1698 5133 ὕδατος,
1737 5069 1800 5121 τὸ

1906 5077 2137 5137 quatuor
2157 5068 2544 5121 elementis.——
2572 5066 2695 5120 Dies
2736 5066 3046 5121 Dominicus
3091 5066 3231 5120 idem
3286 5077 3394 5131 est,
3430 5079 3488 5122 et

204 5150 455 5219 Πνεῦμα
500 5149 561 5201 τὸ
614 5150 770 5218 ἅγιον
812 5148 918 5223 ἦν·
980 5154 1075 5207 καὶ
1147 5156 1230 5209 ὅτι
1279 5156 1341 5209 οὐ
1371 5156 1433 5209 τὸ
1466 5158 1690 5227 Πνεῦμα
1734 5159 1795 5211 τὸ

1903 5168 2121 5214 octavus
2145 5167 2200 5212 et
2225 5159 2427 5227 primus
2453 5172 2468 5221 ;
2496 5166 2551 5212 et
2601 5170 2703 5210 non
2754 5157 2852 5211 sic.
2875 5182 2948 5197 —
2970 5157 3176 5211 Anima
3207 5158 3483 5213 hominum

201 5243 381 5308 ἅγιον
403 5234 493 5307 ἦν,
517 5238 653 5291 ἀλλά
683 5240 745 5292 τὸ
768 5239 826 5293 ἐν
848 5241 957 5294 τῶν
972 5245 1254 5313 τεσσάρων
1275 5247 1572 5315 στοιχείων.
1589 5275 1656 5285 -
1677 5248 1799 5299 Ὀτι

1909 5258 2031 5304 sunt
2060 5264 2286 5316 corpora
2314 5246 2700 5316 intelligibilia,
2729 5255 2785 5301 et
2804 5248 2989 5302 eadem
3019 5246 3188 5317 ﬁgura
3214 5259 3482 5317 sunt,quu

199 5336 237 5402 ἡ
261 5327 519 5401 κυριακὴ
546 5328 729 5399 ἡμέρα
754 5333 788 5401 ii
809 5332 948 5403 αὐτή
980 5335 1129 5387 ἐστιν
1154 5338 1186 5404 ή
1204 5336 1248 5367 ’⁸
1270 5336 1430 5409 ὀγδόη
1461 5338 1556 5391 καὶ
1586 5337 1796 5408 πρώτη⁹

1907 5342 2078 5396 forma
2092 5340 2330 5395 exterior
2357 5340 2687 5407 corporis;et
2710 5353 2741 5395 e
2759 5340 3053 5407 contrario,
3073 5340 3385 5411 incorporea
3401 5353 3484 5397 est

388 5441 527 5497 δεη-
558 5459 596 5508 "
620 5442 678 5509 ²ν
1515 5530 1748 5586 nam:
1780 5533 2182 5591 LECTIONES.

278 5630 326 5662 ι’
365 5626 445 5695 μὴ
476 5624 599 5700 add.
626 5624 717 5700 AL
771 5624 813 5653 "
846 5623 1150 5700 ἕτερρρσιον
1178 5640 1239 5700 qr
1318 5623 1358 5655 "
1388 5621 1602 5700 φθαρεᾲ
1648 5627 1744 5678 καὶ
1770 5627 1892 5682 add.
2058 5629 2103 5700 ξ’
2147 5629 2400 5700 μικρὰς.
2474 5633 2517 5700 η
2551 5634 2695 5685 ἐστὶν
2729 5636 2756 5686 ό
2780 5634 2837 5685 ἐν
2869 5651 2908 5696 ς·
2981 5633 3025 5664 ’ί
3057 5634 3203 5685 ἐστὶν
3228 5631 3385 5693 ἐκτὸς
3412 5649 3471 5693 ς.

205 5706 255 5735 υ
294 5691 517 5773 signa;
680 5693 726 5773 ’ξ
762 5691 1185 5773 μεταϐάλλουσιν
1208 5693 1291 5773 A':
1326 5691 1853 5773 pctawk‘levzatj.
1888 5698 1960 5751 cf.
1988 5698 2092 5773 col.
2134 5691 2269 5754 11οὒ
2301 5691 2423 5754 Βὶι
2454 5699 2516 5755 C.
2592 5704 2636 5735 "
2670 5703 2763 5755 καὶ
2816 5691 2998 5773 κύῖιλῳ
3022 5705 3065 5757 Α
3100 5722 3111 5757 ;
3141 5701 3264 5755 οὔτε
3295 5691 3476 5771 κύκλῳ

207 5789 276 5836 ς,
362 5759 414 5798 ³⁷⁸
433 5765 515 5817 ὅτι
535 5761 660 5814 οὔτε
689 5762 733 5812 Α
763 5777 776 5812 :
802 5761 879 5812 ὅτι
906 5761 968 5811 οὐ
1003 5776 1063 5822 ς.
1129 5760 1184 5790 ’³⁷
1215 5759 1338 5813 οὕτε
1369 5761 1413 5812 Δ
1446 5778 1457 5813 :
1492 5762 1585 5813 καὶ
1615 5778 1677 5825 ς’.
1752 5764 1795 5797 ⁸⁸
1830 5769 1863 5836 ή
1892 5781 1998 5821 om.
2018 5767 2082 5821 Δ.

567 5854 837 5916 Panos.
869 5850 985 5911 (in.
1021 5850 1181 5911 Cll].
2960 5862 3039 5921 35
