4208 6442
768 410 902 477 1099

1897 400 2161 464 ΡΗΟΤῘΙ
2194 402 2698 465 ΡΑΤΒΙΑΗΕΠἉΕ
2738 406 2846 467 CP.

3894 411 4036 476 ιιοο

762 525 1027 587 anima,ct
1042 520 1310 592 corporeis
1324 534 1428 576 non
1445 518 1723 590 subjicitur
1738 517 1942 589 ﬁguris.
1963 549 2025 560 —
2039 520 2244 573 Anima:
2260 521 2346 573 ho«

2456 520 2550 573 καὶ
2577 522 2659 576 ότι
2699 521 2841 591 οὐχί.
2864 549 2933 561 —
2964 520 3083 575 Ὀτι
3127 521 3355 592 σώματά
3398 525 3505 579 eiet
3528 525 3692 597 νοερὰ
3719 527 3777 579 αι
3804 527 3923 582 τῶν
3943 530 4040 583 άν-

767 614 972 670 minum
1014 622 1140 667 ante
1165 612 1343 667 mundi
1375 611 1811 665 constitutionem
1842 608 2080 671 fuerunt,
2110 618 2164 664 et
2199 608 2351 663 cretis

772 707 825 760 in
847 717 1075 771 corpora
1109 704 1457 768 transierunt,
1488 711 1544 756 ut
1568 700 1744 755 Moses
1768 709 1823 755 et
1842 700 2133 769 prophetae.
2164 696 2351 753 Socra-

767 807 868 863 tes,
890 796 1060 859 Plato.
1081 797 1312 851 Joannes
1350 794 1609 862 Baptista,
1639 791 2107 861 apostolorumque
2133 792 2348 855 anima,

768 900 820 940 ct
846 889 960 957 ipsa
987 888 1148 943 etiam
1167 886 1387 941 Christi.
1414 883 1478 938 Et
1500 884 1830 947 econtrario,
1846 898 1952 937 non
1975 891 2099 937 ante
2124 896 2346 949 corpora

770 979 826 1032 in
862 979 1003 1032 coelo
1032 984 1186 1031 erant
1237 976 1509 1030 hominum
1541 976 1755 1037 animm.
1781 974 1873 1029 sed
1894 973 1945 1027 in
1970 973 2209 1043 corporis
2224 980 2349 1026 ortu

763 1070 1139 1122 substiterunt.
1187 1067 1440 1122 Anteiuit
1456 1080 1674 1134 corpus,
1698 1065 1887 1119 deinde
1907 1064 2125 1118 anima:
2152 1062 2230 1119 vel
2254 1078 2351 1133 po-

773 1160 898 1223 tius,
932 1172 1025 1212 nec
1051 1158 1198 1227 prius
1256 1165 1401 1220 sunt,
1433 1171 1529 1210 nec
1558 1164 1679 1225 post
1704 1162 1848 1220 sunt,
1881 1153 1976 1209 sed
2005 1154 2165 1208 simul
2214 1153 2350 1208 essi-

773 1258 946 1303 Slunt.
995 1248 1205 1318 Corpus
1235 1247 1423 1301 Adami
1463 1246 1585 1300 fecit
1616 1246 1755 1300 Deus
1794 1258 1826 1299 e
1875 1252 2015 1298 terra
2047 1261 2061 1298 :
2090 1253 2146 1299 et
2185 1258 2290 1298 non
2318 1259 2349 1299 ο

768 1349 930 1399 terra.
960 1340 1052 1393 sed
1079 1353 1143 1392 ex
1180 1352 1316 1405 aqua
1342 1344 1395 1389 et
1424 1332 2015 1403 vento.—-Spiracuium
2037 1334 2178 1402 quod
2208 1333 2349 1387 Deus

772 1430 1053 1495 inspiravit
1079 1430 1131 1481 in
1167 1428 1357 1481 faciem
1380 1425 1569 1502 Adami
1607 1425 1987 1494 temporarium
2014 1425 2131 1489 fuit,
2162 1440 2259 1479 nec
2290 1434 2349 1479 ut

761 1531 994 1573 a'tcrnus
1021 1519 1275 1585 Spiritus;
1304 1527 1357 1571 et
1393 1532 1495 1571 non
1526 1517 1907 1585 temporarium
1938 1514 2054 1579 fuit,
2111 1516 2203 1569 sed
2227 1516 2346 1567 atti—

763 1626 883 1663 rnus
916 1610 1112 1679 290a
1140 1607 1557 1663 immortalis.—
1587 1605 1991 1669 Temporarium
2020 1606 2344 1674 spiraculum

772 1716 877 1754 non
916 1702 1032 1765 fuit,
1063 1715 1233 1768 neque
1264 1700 1465 1759 anima,
1496 1700 1589 1752 sed
1620 1712 1795 1759 mens,
1827 1705 1883 1747 ut
1912 1711 1940 1749 e
1969 1697 2139 1749 tribus
2174 1695 2340 1764 parti-

770 1792 870 1845 bus
929 1792 1090 1845 homo
1125 1791 1503 1853 constituatur,
1538 1795 1735 1851 mente,
1773 1787 1951 1839 anima
2007 1796 2062 1839 et
2098 1800 2341 1855 corpore.

2452 610 2688 682 θρὼπων
2734 613 2925 684 ψυχαὶ,
2976 615 3072 669 καὶ
3091 614 3566 687 διατετυπωμέναι
3590 614 3734 673 κατὰ
3758 619 3824 672 τὺ
3842 621 4038 689 φαινό-

2454 717 2615 770 μενον
2665 702 2866 768 ἔξωθεν
2906 704 3002 758 τοῦ
3053 705 3307 774 σώματος
3359 709 3545 779 σχῆμα
3568 726 3584 742 ο
3643 710 3741 763 καὶ
3802 711 3869 763 εκ
3936 712 4037 765 τοῦ

2449 791 2848 861 ἀντικειμένου,
2886 794 2968 847 ὅτι
2988 792 3280 865 άσώματός
3299 796 3449 851 ἐστιν
3476 800 3509 868 ἠ
3536 799 3683 868 ψυχὴ
3718 799 3815 853 καὶ
3844 815 4040 869 σωμα-

2449 882 2622 944 τικοῖς
2645 882 2744 952 οὐχ
2794 882 3083 938 ὑπόκειται
3135 884 3347 949 τύποις.
3369 916 3439 927 -
3465 888 3589 941 Ὅτι
3619 890 3675 942 αί
3696 887 3872 959 ψυχαὶ
3922 892 4033 959 πρὸ

2448 970 2548 1039 τῆς
2607 970 2702 1024 τοῦ
2751 971 2958 1041 κόσμου
3018 973 3334 1044 ὑπέστησαν
3358 976 3692 1047 καταϐολῆς,
3723 978 3819 1032 καὶ
3856 980 3944 1032 ὅτι
3974 982 4037 1033 ἑκ

2447 1060 2560 1114 τῶν
2591 1061 2836 1132 οὐρανῶν
2852 1066 2931 1127 εῑς
2945 1065 3014 1118 τὰ
3040 1066 3270 1135 σώματα
3291 1067 3668 1137 κατέϐησαν”,
3691 1068 3885 1140 ὥσπερ
3912 1071 4038 1124 Μω-

2451 1152 2551 1221 σῆς
2603 1154 2699 1207 καὶ
2721 1155 2772 1208 οι
2802 1156 3077 1226 προφῆται
3098 1159 3193 1209 καὶ
3220 1158 3519 1228 Σωκράτης
3540 1159 3633 1212 καὶ
3669 1160 3904 1214 Πλάτων
3938 1162 4037 1214 καὶ

2447 1246 2476 1297 6
2509 1246 2815 1315 βαπτιστὴς
2875 1246 3127 1317 Ἰωάννης
3156 1247 3249 1299 καὶ
3279 1248 3387 1301 τῶν
3412 1250 3729 1302 ἀποστόλων
3760 1252 3820 1304 αι
3840 1252 4034 1320 ψυχαὶ,

2446 1336 2583 1390 ἀλλὰ
2611 1338 2705 1390 καὶ
2733 1338 2870 1407 αὐτή
2888 1354 2953 1405 γε
2973 1340 3007 1408 ἡ
3036 1338 3130 1392 τοῦ
3157 1339 3385 1408 Κυρίου.
3436 1341 3549 1394 Καὶ
3573 1345 3637 1395 ἐκ
3667 1342 3764 1395 τοῦ
3792 1344 4035 1396 ἀντικει-

2450 1425 2635 1494 μένου,
2682 1428 2766 1480 ὃτι
2799 1427 2907 1498 πρὸ
2958 1428 3068 1480 τῶν
3101 1431 3369 1497 σωμάτων
3400 1432 3500 1484 οὐκ
3533 1427 3673 1501 ἦσαν
3702 1434 3761 1485 αἱ
3786 1434 3961 1503 ψυχαὶ
3976 1437 4036 1487 έν

2446 1516 2684 1587 οὐρανῷ,
2716 1519 2831 1571 ἀλλ’
2854 1520 2914 1572 ὲν
2938 1522 3006 1589 τῇ
3029 1518 3123 1572 τοῦ
3172 1520 3426 1590 σώματος
3456 1523 3667 1588 γενέσει
3691 1524 4030 1594 ὑπέστησαν,

2447 1608 2791 1678 προῦπάρχει
2829 1609 3013 1679 μέντοι
3034 1626 3099 1677 γε
3131 1610 3177 1641 ³⁸
3206 1611 3266 1663 τὸ
3291 1610 3470 1680 σῶμα,
3498 1607 3617 1665 εἶτα
3657 1614 3689 1681 ἡ
3720 1613 3901 1684 ψυχή·
3931 1616 3965 1683 ἢ
3987 1616 4030 1647 ³⁸

2450 1698 2911 1766 μᾶλλον,ῦτιοῦτε
2940 1700 3385 1772 προῦπάρχουσιν
3403 1702 3528 1755 οὗτε
3558 1704 4030 1773 μεθυπάρχουστν,

2448 1789 2582 1841 άλλά
2612 1790 3049 1861 συνυπάρχουσιν
3104 1792 3384 1862 ἀλλήλαις.
3404 1823 3475 1833 -
3515 1794 3635 1847 Ὀτι
3662 1794 3724 1846 τὸ
3748 1794 3911 1864 σῶμα
3933 1795 4030 1849 τοῦ

764 1882 829 1935 Ει
856 1883 986 1935 nihil
1024 1884 1289 1937 dictorum
1346 1880 1445 1932 fuit
1478 1878 1793 1947 inspiratum
1822 1876 1949 1931 illud
1995 1878 2343 1947 spiraculum,

2460 1879 2630 1949 Ἀδὰμ
2648 1882 2756 1936 ἀπὸ
2932 1844 3165 1937 ἔπλασεν
3189 1844 3391 1944 όΙΘεός·
3420 1885 3514 1937 καὶ
3535 1844 3740 1939 ῦτιήοῦκ

761 1973 854 2025 sed
885 1971 1117 2043 Spiritus
1149 1981 1387 2025 sanctus.
1426 1969 1491 2022 Et
1532 1982 1638 2020 non
1675 1967 1785 2033 ipse
1814 1968 2107 2022 fuitanima
2139 1980 2345 2035 .neque

770 2084 922 2125 mens
948 2068 1264 2136 appellatus,
1288 2069 1382 2120 sed
1414 2080 1604 2121 creans
1626 2059 2148 2123 animam—Terra,
2183 2074 2343 2127 aqua,

766 2170 819 2213 et
871 2159 1071 2227 reliqua
1129 2159 1395 2212 elementa
1427 2166 1703 2211 mutantur
1754 2156 1805 2209 in
1850 2153 2072 2216 fructus,
2107 2164 2159 2205 et
2195 2153 2347 2220 plan-

764 2261 867 2314 tas,
915 2261 970 2304 et
1040 2251 1192 2304 cibus
1248 2250 1301 2304 in
1358 2263 1584 2317 corpora
1651 2255 1707 2301 et
1767 2257 1984 2308 nervos,
2039 2253 2092 2297 et
2144 2242 2346 2311 reliqua

764 2343 1002 2394 membra
1070 2339 1331 2407 corporis.
1407 2338 1472 2393 Et
1527 2353 1559 2393 e
1632 2335 1908 2391 contrario
1962 2350 1977 2387 :
2037 2342 2179 2388 terra
2241 2346 2345 2386 non

762 2432 1092 2486 convertitur
1132 2431 1185 2485 in
1239 2430 1469 2499 plantas,
1524 2438 1577 2483 et
1622 2428 1849 2490 fructus,
1896 2440 1993 2480 nec
2032 2425 2345 2478 alimentum

761 2525 813 2574 in
836 2535 1031 2590 corpus
1057 2518 1525 2574 nostrum—Post
1548 2528 1771 2570 mortem
1800 2516 1977 2569 anima
2021 2529 2193 2583 neque
2221 2529 2341 2568 cor-

762 2627 881 2680 pus,
913 2625 1084 2678 neque
1132 2609 1438 2678 sepulcrum
1472 2608 1700 2661 excedit.
1732 2607 1797 2660 Et
1826 2621 1856 2660 e
1885 2606 2159 2660 contrario
2184 2643 2199 2667 ,
2240 2620 2345 2658 non

764 2710 944 2755 manet
971 2714 1095 2752 cum
1144 2712 1370 2766 corpore
1424 2699 1627 2757 anima,
1663 2711 1837 2765 neque
1864 2695 1916 2749 in
1950 2695 2217 2763 sepulcro.
2247 2694 2347 2749 llic

761 2788 906 2841 mille
935 2786 1255 2840 testimoniis
1272 2785 1551 2839 abundans
1573 2782 1839 2847 Gobarus,
1866 2784 2140 2838 Severiani
2171 2785 2341 2837 solum

760 2879 1083 2933 Gabalorum
1102 2876 1441 2938 antistitis,et
1460 2876 1642 2929 lrenaai
1662 2874 2168 2931 adhibuit.——Onme
2183 2890 2347 2943 gene-

765 2982 943 3023 ratum
1004 2967 1359 3036 corruptibile
1411 2978 1492 3019 est
1543 2979 1596 3019 et
1650 2964 1893 3029 mortale,
1951 2965 2222 3019 voluntate
2254 2965 2343 3017 Dei

763 3070 942 3112 manet
978 3059 1261 3112 insolubile
1305 3066 1358 3110 et
1391 3057 1818 3122 incorruptibile.
1848 3056 1913 3109 Et
1960 3069 1991 3109 e
2036 3057 2337 3117 contrario,

2447 1969 2560 2023 ἀλλ’
2593 1970 2653 2035 ἐξ
2716 1971 2907 2034 ὕδατος
2944 1972 3040 2026 καὶ
3080 1973 3499 2041 πνεύματος.-
3521 1976 3645 2028 Ὀτι
3679 1977 3712 2044 ή
3745 1976 3907 2046 πνοὴ,
3962 1979 4032 2046 ἢν

2448 2061 2778 2132 ἐνεφύσησεν
2798 2064 2826 2115 6
2849 2062 2982 2125 Θεὸς
2999 2064 3077 2124 εἰς
3104 2063 3164 2115 τὸ
3186 2064 3479 2131 πρόσωπον
3507 2064 3601 2117 τοῦ
3630 2066 3827 2135 ’Δδὰμ,
3861 2067 4031 2137 πρόσ-

2448 2168 2636 2221 καιρος
2656 2148 2724 2221 ἦν
2754 2153 2847 2205 καὶ
2895 2154 2993 2221 οὐχ
3015 2153 3090 2215 ὼς
3110 2153 3172 2205 τὸ
3198 2153 3421 2223 Πνεῦμα
3463 2154 3681 2208 αἰώνιον
3710 2171 3728 2185 ·
3791 2158 3893 2210 καὶ
3948 2160 4034 2212 ὅτι

2446 2244 2508 2296 οῦ
2537 2244 2875 2314 πρόσκαιρος
2898 2241 2988 2314 ἦν,
3022 2246 3160 2299 ἀλλὰ
3180 2246 3327 2315 ψυχὴ
3360 2246 3647 2309 ἀθάνατος.
3675 2278 3743 2291 -
3770 2250 3898 2303 Ὅτι
3943 2252 4030 2318 οὐ,

2448 2334 2783 2403 πρόσκαιρος
2804 2331 2869 2404 ἦν
2895 2334 3016 2387 οὔτε
3057 2335 3225 2405 ψυχὴ,
3286 2336 3421 2389 ἀλλὰ
3482 2336 3626 2399 νοῦς,
3654 2337 3731 2401 ὡς
3763 2338 3829 2392 ὲκ
3859 2341 4031 2410 τριῶν

2449 2424 2766 2490 συγκεῖσθαι
2818 2425 3001 2493 μερῶν
3047 2427 3136 2477 τὸν
3185 2424 3493 2493 ἄνθρωπον,
3521 2425 3614 2479 νοῦ
3633 2443 3690 2478 τε
3720 2428 3818 2481 καὶ
3848 2429 4027 2499 ψυχῆς

2450 2511 2541 2563 καὶ
2585 2510 2837 2581 σώματος
2862 2528 2876 2545 ο
2936 2514 3028 2564 καὶ
3077 2514 3158 2568 ὅτι
3218 2515 3371 2566 οὐδὲν
3398 2516 3509 2567 τῶν
3551 2516 3868 2593 εἰρημένων
3897 2515 3964 2589 ἦν
3995 2523 4031 2589 η

2447 2600 2827 2671 ὲμφυσηθεϊσα
2874 2599 3032 2671 πνοὴ,
3084 2601 3222 2653 άλλά
3250 2603 3312 2654 τὸ
3335 2601 3558 2671 Πνεῦμα
3594 2604 3656 2656 τὸ
3701 2604 3885 2670 ἅγιον,
3941 2609 4033 2659 καὶ

2447 2687 2546 2739 οὐκ
2590 2688 2721 2740 αὐτὸ
2779 2686 2925 2757 ψυχὴ
2976 2687 3097 2739 οὐδὲ
3134 2686 3260 2749 νοῦς
3306 2690 3675 2758 χρηματίσαν,
3704 2692 3850 2744 ἀλλὰ
3876 2694 4027 2765 δεδη-

2452 2778 2789 2847 μιουργηκὸς
2832 2780 2931 2847 τὴν
2990 2778 3278 2847 ψυχήν.-
3303 2779 3425 2831 Ὀτι
3453 2782 3487 2848 ἡ
3512 2784 3584 2849 γῆ
3623 2784 3719 2834 καὶ
3764 2784 3829 2836 τὸ
3888 2784 4032 2856 ’ὕδωρ

2447 2870 2541 2921 καὶ
2570 2871 2639 2920 τὰ
2666 2868 2829 2920 λοιπὰ
2865 2870 3107 2937 στοιχεῖα
3160 2869 3486 2937 μεταϐάλλει
3534 2873 3613 2933 εἰς
3630 2874 3759 2934 τοὺς
3782 2878 4033 2945 καρποὺς

2448 2959 2542 3009 καὶ
2566 2959 2631 3009 τά
2656 2958 2818 3025 φυτά,
2851 2960 2945 3010 καὶ
2979 2960 3011 3027 ἠ
3039 2960 3214 3029 τροφὴ
3271 2962 3353 3022 είς
3384 2962 3561 3029 σάρκα
3591 2964 3685 3014 καὶ
3730 2966 3907 3035 νεῦρα
3940 2969 4034 3021 καὶ

2445 3048 2513 3099 τὰ
2535 3047 2698 3100 λοιπὰ
2736 3050 2875 3117 μέρη
2896 3048 2991 3101 τοῦ
3016 3048 3269 3119 σώματος
3296 3066 3309 3081 ο
3341 3052 3440 3103 καὶ
3473 3054 3537 3106 ἐκ
3561 3053 3658 3106 τοῦ
3710 3056 4035 3128 ἀντικειμέ-

766 3159 955 3203 natura
986 3159 1293 3215 corruptum
1329 3161 1435 3199 non
1471 3154 1646 3214 potest
1670 3145 2075 3211 incorruptibile
2098 3159 2218 3197 esse
2244 3159 2339 3198 vo-

2447 3155 2558 3196 νου.
2605 3140 2688 3191 ὅτι
2718 3141 2779 3191 οὐ
2816 3141 3139 3208 μεταϐάλλει
3175 3143 3207 3210 ὴ
3243 3141 3315 3210 γῆ
3343 3146 3423 3205 είς
3451 3146 3521 3197 τά
3540 3145 3584 3175 ³⁸
3608 3147 3756 3212 φυτά
3780 3150 3879 3202 καὶ
3910 3154 4033 3213 τοὺς

768 3241 969 3291 luntate
1002 3237 1117 3291 Dei.
1149 3236 1429 3289 Contraria
1462 3237 1603 3288 enim
1636 3234 1911 3287 docetsibi
1945 3235 2046 3286 hoc
2070 3248 2342 3297 asserens,

764 3342 815 3386 ει
842 3329 1327 3398 impOSsibilitatem
1379 3324 1620 3379 Creatori
1646 3326 1906 3394 assignat.
1939 3325 2018 3378 Ad
2060 3326 2199 3378 hanc
2233 3327 2350 3391 opi-

767 3422 979 3473 nionem
1015 3417 1436 3469 ronﬁrmandam
1497 3415 1857 3468 testimonium
1902 3414 2117 3466 adducit
2153 3413 2346 3467 Justini

769 3512 1037 3579 Martyris,
1064 3510 1198 3561 libro
1228 3522 1336 3575 quo
1368 3508 1602 3573 gentium
1634 3519 1847 3558 errores
1879 3502 2097 3567 reiutat,
2137 3514 2192 3559 et
2218 3519 2347 3558 con-

770 3614 848 3657 tra
880 3601 1120 3655 Platonis
1161 3607 1532 3667 argumentum
1573 3596 1850 3653 dicentis:
1873 3594 2005 3649 Cum
2044 3595 2172 3663 facti
2200 3597 2342 3660 estis,

773 3694 1092 3745 immortales
1126 3706 1225 3742 non
1286 3688 1434 3748 estis,
1467 3702 1627 3753 neque
1679 3686 1888 3737 omnino
1924 3685 2344 3747 indissolubiles;

766 3799 927 3853 neque
958 3782 1118 3851 igitur
1146 3777 1619 3840 dissolvemini,nec
1650 3776 1943 3828 moriemini
1983 3788 2165 3840 morte,
2200 3777 2343 3828 nacti

765 3877 947 3943 legem,
975 3888 1088 3941 qua
1115 3888 1226 3924 mea
1284 3868 1550 3922 voluntate
1589 3867 1781 3935 fortior
1822 3876 1919 3919 est.
1950 3867 2070 3933 Ipse
2126 3868 2341 3934 quidem

765 3965 966 4033 Ilartyr
1000 3960 1335 4015 Platonicum
1375 3972 1606 4026 arguens
1637 3954 1909 4022 sortitisma
1954 3956 2189 4009 ostendit
2220 3954 2343 4009 Pla-

768 4065 945 4106 tonem
977 4051 1288 4105 Creatorem
1330 4047 1614 4107 inducere,
1656 4047 1812 4115 quasi
1849 4055 2035 4099 contra
2070 4060 2127 4099 se
2167 4047 2340 4113 ipsum

770 4145 1019 4212 loquatur
1040 4152 1093 4195 et
1130 4139 1329 4193 nullam
1361 4136 1801 4203 consequentiam
1857 4134 2017 4189 dictis
2045 4136 2336 4189 adhibeat:

768 4236 848 4288 vel
880 4234 1022 4288 enim
1055 4246 1277 4286 necesse
1299 4239 1383 4283 est
1434 4244 1592 4283 omne
1640 4236 1952 4297 generatum
1992 4226 2341 4294 corruptibile

765 4336 886 4376 esse
901 4320 1191 4374 secundum
1212 4318 1447 4385 priorem
1478 4315 1867 4375 deiinitionem,
1894 4312 1973 4366 vel
2006 4328 2126 4365 eum
2159 4314 2340 4367 dicen-

767 4412 834 4466 do
866 4425 1023 4465 omne
1049 4419 1361 4479 generatum
1380 4404 1727 4474 corruptibile
1753 4418 1873 4457 esse
1897 4403 2129 4457 mentiri.
2162 4400 2336 4458 Goba-

2448 3232 2714 3299 καρποὺς,
2744 3229 2867 3283 οὔτε
2902 3232 2934 3301 ἡ
2966 3233 3140 3302 τροφὴ
3173 3234 3254 3296 είς
3284 3234 3344 3285 τὸ
3370 3235 3640 3305 ἡμέτερον
3695 3239 3886 3308 σῶμα.
3915 3243 4032 3295 Ὅτι

2450 3322 2592 3387 μετὰ
2645 3322 2870 3375 θάνατον
2901 3324 3103 3394 ἡψυχὴ
3155 3323 3280 3377 οὒτε
3328 3325 3424 3379 τοῦ
3473 3327 3727 3397 σώματος
3780 3331 3913 3385 οὔτε
3939 3334 4031 3386 τοῦ

2446 3414 2615 3481 τάφου
2668 3415 2959 3483 χωρίζεται
2985 3432 3000 3446 ·
3038 3419 3131 3469 καὶ
3165 3419 3227 3469 ἐκ
3253 3418 3346 3471 τοῦ
3398 3420 3801 3490 ἀντικειμένου,
3862 3427 3950 3479 ὅτι
3973 3428 4031 3479 οὐ

2446 3505 2855 3575 παραμένειτῷ
2891 3504 3160 3577 σώματιὴ
3189 3508 3336 3579 ψυχὴ
3397 3509 3520 3562 οὔτε
3557 3513 3636 3579 τῷ
3679 3515 3864 3583 τάφῳ.
3915 3518 4033 3569 Ἐνο

2445 3597 2617 3649 ταῦθα
2646 3598 2700 3648 δὲ
2728 3598 2936 3666 μυρίων
2969 3597 3219 3668 εὐπορῶν
3241 3601 3268 3651 ό
3289 3600 3525 3670 Γόϐαρος
3558 3603 3833 3672 χρήσεων,
3858 3607 4034 3679 Σεδη-

2447 3685 2631 3755 ριανοῦ
2670 3687 2830 3753 μόνον
2854 3686 2948 3738 τοῦ
2977 3687 3235 3739 Γαϐάλων
3266 3689 3358 3739 καὶ
3420 3691 3712 3760 Είρηναίου
3745 3696 4032 3764 παρέθηκε

2445 3776 2784 3845 χρήσεις.-
2834 3776 2954 3828 Ὅτι
3011 3778 3120 3829 πᾶν
3183 3777 3407 3845 γενητὸν
3459 3778 3698 3848 φθαρτόν
3750 3782 3871 3836 ἐστι
3936 3784 4033 3836 καὶ

2447 3866 2658 3935 θνητὸν,
2684 3854 2937 3935 βουλῆσει
2966 3867 3021 3919 δὲ
3043 3866 3177 3920 Θεοῦ
3206 3867 3455 3936 διαμένει
3480 3869 3676 3923 άλυτον
3700 3872 3798 3925 καὶ
3813 3873 4033 3943 ἀφθαρ-

2443 3974 2554 4009 τον.
2615 3958 2725 4010 Καὶ
2754 3957 2818 4010 ὲκ
2848 3956 2940 4009 τοῦ
2982 3957 3249 4022 ἐναντίου,
3307 3959 3390 4011 ὃτι
3417 3959 3478 4012 τὸ
3505 3958 3664 4027 φύσει
3689 3962 3935 4031 φθαρτὸν
3962 3967 4031 4018 οὑ

2441 4044 2664 4099 δύναται
2740 4044 3020 4114 ἄφθαρτον
3060 4040 3200 4099 εἶναι
3253 4046 3504 4116 βουλήσει
3554 4046 3710 4102 Θεοῦ.
3774 4050 4034 4106 Ἐναντία

2442 4136 2549 4205 γάρ
2598 4136 2724 4207 [900
2763 4135 2856 4207 8.]
2910 4136 3120 4202 δοξάζει
3174 4137 3353 4207 ἑαυτῷ
3395 4140 3424 4190 6
3470 4138 3626 4192 τοῦτο
3674 4140 3871 4207 λέγων,
3933 4145 4034 4195 καὶ

2440 4225 2677 4276 ἀδύνατα
2732 4225 3018 4293 χαρίζεται
3046 4226 3125 4294 τῷ
3164 4227 3512 4296 Δημιουργῷ.
3567 4228 3783 4297 Ταύτης
3819 4229 3877 4282 δὴ
3926 4232 4031 4299 τῆς

2440 4314 2596 4381 δόξης
2629 4314 2825 4382 χρῆσιν
2863 4314 2963 4382 μὲν
2986 4314 3296 4383 παρέθηκεν
3328 4314 3456 4383 [ιῖὕ
3477 4315 3570 4385 Η.]
3594 4319 3657 4369 ὲκ
3686 4317 3780 4370 τοῦ
3810 4318 4027 4388 μάρτυ-

2448 4420 2538 4473 ρος
2585 4405 2871 4457 Ἰουστίνου
2905 4421 2918 4434 ·
2962 4403 3041 4473 τῷ
3102 4404 3158 4455 δὲ
3212 4406 3347 4473 πρὸς
3403 4408 3503 4476 τὴν
3550 4406 3865 4476 Ἑλληνικὴν
3924 4408 4029 4477 μὲν

768 4509 877 4570 rus.
912 4503 1516 4571 gentileargumentum
1556 4504 1804 4549 evertens
1838 4495 2028 4547 nititur
2058 4493 2122 4545 ad
2156 4492 2342 4548 Eccieo

2448 4494 2603 4571 δόξαν
2638 4495 2993 4563 συνενήνεκτο
3014 4472 3192 4563 μάχη,
3226 4472 3320 4547 καὶ
3351 4472 3769 4559 τοῦ-Πλάτωνος
3802 4472 4030 4567 έλεγχος

768 4594 860 4646 sia
893 4593 1199 4660 opinionem
1237 4590 1538 4643 traducere.

2452 4584 2886 4647 κατεσκευάζετο
2950 4583 3255 4651 εἰρηκότος,
3297 4585 3572 4651 Ἐπείπερ
3591 4588 3634 4618 ³⁸
3696 4588 3979 4657 ἐγένεσθε
4006 4627 4027 4652 ,

768 4689 1048 4744 ἀθάνατοι
1097 4687 1215 4755 μὲν
1269 4687 1381 4739 οὐκ
1448 4683 1587 4734 ἕστε
1636 4679 1779 4734 οὐδὲ
1811 4678 2022 4733 (Mutat
2076 4678 2344 4747 πάμπαν,
2385 4680 2548 4732 οῦτοι
2577 4680 2621 4710 ³⁸
2650 4675 2859 4747 τομὴν
2879 4675 3228 4744 λυθήσεσθε
3251 4677 3395 4731 οὐδὲ
3420 4680 3704 4743 τεύξεσθε
3763 4683 4030 4737 θανάτου

769 4785 994 4849 μοίρης,
1030 4778 1139 4846 τῆς
1172 4777 1322 4846 ἐμῆς
1347 4772 1709 4841 βουλήσεως
1743 4772 2135 4840 ἰσχυροτέρου
2192 4771 2426 4840 δεσμοῦ
2448 4770 2491 4801 ³⁸
2526 4772 2843 4839 λαχόντες.
2872 4768 2984 4820 Καὶ
3034 4769 3063 4821 6
3130 4767 3229 4837 μὲν
3292 4767 3521 4839 μάρτυς,
3574 4770 3635 4821 τὸ
3682 4770 4031 4827 Πλατωνικὸν

768 4874 1053 4943 διελέγχων
1086 4872 1346 4939 σόφισμα,
1372 4866 1704 4921 ἐπιδείκνυσι
1727 4865 1817 4917 τὸν
1856 4864 2116 4917 Πλάτωνα
2153 4865 2245 4916 τόν
2278 4880 2339 4917 τε
2378 4860 2719 4934 Δημιουργὸν
2768 4860 3056 4927 εἰσάγοντα
3080 4858 3342 4912 τάναντία
3405 4858 3632 4927 λέγοντα
3695 4860 3893 4931 ἑαυτῷ,
3933 4864 4033 4915 καὶ

769 4966 957 5036 εἱρμὸν
973 4960 1288 5023 ἀκολουθίας
1311 4959 1499 5011 οὐδένα
1529 4960 1639 5020 τοῖς
1668 4955 1981 5027 εἰρημένοις
2005 4954 2337 5025 ἁρμόζοντα·
2377 4956 2411 5025 ἢ
2445 4956 2555 5024 γὰρ
2588 4952 2805 5021 ἀνάγκη
2851 4953 3002 5004 πᾶσα
3024 4950 3085 5002 τὸ
3114 4950 3339 5019 γενητὸν
3370 4947 3610 5018 φθαρτὸν
3674 4947 3817 5003 εἶναι
3879 4956 4030 5007 κατὰ

775 5062 859 5115 τὸν
924 5058 1188 5128 πρότερον
1244 5056 1388 5124 ὅρον,
1439 5054 1473 5123 ἢ
1512 5051 1803 5121 ψεύδεσθαι
1851 5049 2077 5117 λέγοντα
2138 5052 2247 5103 πᾶν
2312 5049 2373 5101 τὺ
2447 5048 2739 5117 γενόμενον
2796 5042 3035 5115 φθαρτὸν
3074 5038 3235 5097 εἷναι.
3267 5042 3669 5111 ὐδὲΓόϐαρος
3720 5043 4034 5117 τδνἘλλη-

770 5154 914 5208 νικὸν
937 5153 1156 5220 ἔλεγχον
1189 5150 1267 5212 εἰς
1300 5150 1612 5219 ἀνατροπὴν
1637 5145 1953 5208 ἐκϐιάζεται
1978 5145 2211 5216 χρῆσθαι
2240 5144 2335 5199 τοῦ
2378 5148 2729 5215 φρονήματος
2750 5140 2844 5194 τοῦ
2875 5136 3353 5209 ἐκκλησιαστικοῦ.

838 5242 964 5297 ﬂare
1018 5243 1178 5311 igitur
1232 5241 1412 5309 priora
1450 5238 1627 5307 capita
1694 5234 1903 5289 duobus
1964 5244 2018 5287 et
2054 5235 2343 5289 contrariis

2519 5232 2600 5284 Τὰ
2628 5229 2808 5283 τοίνυν
2857 5228 3124 5298 εἰρημένα
3158 5226 3432 5295 κεφάλαια
3484 5226 3703 5291 διπλαῖς
3747 5229 3843 5282 καὶ
3882 5230 4033 5285 ἀντι-

772 5334 1112 5396 testimoniis,
1154 5339 1213 5384 ut
1243 5330 1471 5399 putavit,
1521 5329 1810 5391 adornans,
1847 5328 1913 5381 ad
1939 5340 2001 5381 ea
2030 5339 2150 5394 qua:
2183 5326 2344 5379 unius

2451 5320 2730 5392 κειμέναις
2759 5318 3045 5389 χρήσεσιν,
3092 5316 3167 5379 ὡς
3190 5314 3426 5385 ἐνόμιζε,
3449 5317 3899 5383 κατασκευάζων,
3939 5323 4034 5374 tul

773 5427 940 5496 partis
973 5432 1181 5479 tantum
1209 5428 1335 5474 sunt
1354 5419 1647 5474 descendit.
1665 5419 1729 5473 Et
1760 5418 1936 5487 primo
1959 5415 2175 5484 quidem
2194 5415 2344 5481 dicit,

2451 5416 2519 5467 τὰ
2544 5409 2826 5483 μονομερῆ
2874 5407 3038 5463 πάλιν
3094 5406 3431 5478 μεταϐαίνει.
3491 5407 3601 5460 Καὶ
3650 5408 3869 5477 πρῶτον
3933 5412 4035 5479 μέν

2064 5573 2299 5630 νΑιιιλΕ
2326 5570 2728 5631 LECTIONES.

847 5700 891 5731 "
915 5700 1221 5768 μετέϐησαν
1247 5715 1307 5763 ς’.
1334 5768 1363 5771 μ
1408 5697 1684 5771 “130m:
1691 5695 1796 5771 ΔΑ..
1856 5692 1896 5723 ³³
1916 5690 1987 5771 1i]
2016 5690 2111 5771 καὶ
2271 5692 2424 5771 ’ξείς
2444 5691 2512 5744 τά
2540 5692 2631 5771 A__:
2654 5692 2740 5771 εἰς
2772 5692 2952 5771 σάρκα
2970 5691 3065 5746 καὶ
3093 5688 3260 5757 νεῦρα
3287 5688 3382 5741 καὶ
3435 5686 3502 5740 τὰ
3542 5702 3604 5750 ς.

783 5760 966 5823 Τιιιιὼὶ
986 5786 1036 5838 p.
1070 5760 1272 5823 nostrai
1284 5768 1411 5822 edit.
1446 5760 1591 5831 63,6.
1666 5764 1711 5797 “
1743 5760 1889 5815 οὗτοι
1916 5760 1984 5827 Β,
2005 5760 2123 5814 οὔτι
2151 5763 2196 5814 Δ
2233 5777 2248 5814 :
2282 5760 2404 5815 οὔτε
2436 5778 2498 5824 ς.
2575 5761 2620 5793 ⁸³
2652 5760 2854 5829 θεσμοῦ
2884 5776 2945 5823 ς’.

3708 5686 3756 5720 ³³
3776 5686 4033 5760 imit-sp]
