4208 6442
256 396 398 460 1101

1315 389 1838 453 BIBLIOTHECA.
1882 414 1947 426 -
1973 387 2140 450 COD.
2178 385 2511 449 CCXXXII.

3360 388 3499 452 1102

254 524 444 576 φησιν,
493 504 628 573 ὅπερ
657 503 773 557 ἐστὶ
798 502 896 571 τῆς
920 503 1045 572 δλης
1070 499 1373 565 συντάξεως
1400 501 1448 572 η’
1476 502 1569 554 καὶ¹
1590 502 1633 554 λ’
1649 502 1819 567 κεφά-

1931 499 2071 568 quod
2108 498 2270 552 totius
2304 492 2548 564 opusculi
2571 499 2833 562 caputest
2861 492 3192 549 tricesimum
3226 504 3503 551 octavum.

248 600 402 651 λαιον
419 596 485 659 ³⁸,
516 596 663 657 ὅπως
716 593 929 658 ἐδόξασε
954 594 1081 664 περὶ
1143 594 1241 663 τῆς
1271 592 1363 647 τοῦ
1407 592 1614 663 Κυρίου
1670 591 1826 662 ἡμῶν

251 688 715 756 ὲνανθρωπήσεως
746 685 774 735 6
804 688 862 738 ὲν
882 687 1059 753 ἁγίοις
1092 687 1407 749 Εὑστάθιος,
1430 688 1458 739 6
1482 685 1584 753 τῆς
1623 685 1825 738 Ἀντιοο

251 778 410 845 χείας
458 776 866 847 ἀρχιερωσύνης
897 778 1285 847 προεδρεύσας,
1318 778 1521 845 ἑφεξῆς
1550 778 1606 830 δὲ
1629 778 1775 838 ὅπως
1798 777 1827 828 6

250 867 555 934 ἁγιώτατος
591 866 877 937 Κύριλλος,
906 869 933 919 6
962 868 1057 934 τῆς
1075 867 1479 936 Ἀλεξανδρείας
1511 866 1821 937 ἀρχιερεύς·

248 959 348 1010 καὶ
396 958 544 1018 ὅπως
574 957 801 1024 ἐνόησαν
830 959 875 1009 οί
901 960 997 1027 τῆς
1032 958 1357 1027 Ἐκκλησίας
1402 958 1713 1012 διδάσκαλοι
1742 957 1823 1021 16,

248 1048 395 1112 Περὶ
427 1047 495 1100 δὲ
515 1046 626 1115 τῆς
654 1047 878 1114 ἡμέρας
902 1048 1137 1113 ἐκείνης
1161 1049 1258 1101 καὶ
1283 1046 1393 1115 τῆς
1416 1034 1574 1115 ὧρας
1627 1048 1827 1112 οὐδεὶς

247 1137 437 1201 οἶδεν,
465 1137 605 1191 οὐδὲ
626 1139 679 1189 ol
703 1139 964 1206 ἄγγελοι,
987 1137 1127 1191 οὐδὲ
1144 1140 1177 1191 ό
1201 1140 1354 1204 Υἱὸς,
1373 1142 1425 1192 εί
1444 1138 1527 1208 μὴ
1554 1140 1586 1191 ό
1600 1137 1823 1206 Πατὴρ,

249 1230 351 1282 καὶ
378 1230 525 1292 ὅπως
558 1228 713 1281 τοῦτο
750 1228 985 1297 Σεϐἧρος
1015 1229 1253 1299 ἐνόησεν.

323 1321 513 1373 Ταῦτα
572 1322 887 1392 μονομερῶς
909 1322 1130 1376 διελθὼν
1156 1324 1224 1378 τὰ
1257 1324 1529 1394 κεφάλαια
1565 1326 1825 1395 μεταδαί-

249 1429 334 1463 νει
367 1412 529 1464 πάλιν
555 1414 648 1464 ἐπὶ
686 1414 782 1482 τὴν
812 1413 1005 1483 διπλῆν
1034 1415 1373 1485 προκομιδὴν
1404 1403 1509 1469 τῶν
1551 1418 1820 1486 χρήσεων,

248 1503 350 1555 καὶ
398 1506 631 1555 ποιεῖται
664 1504 957 1571 κεφάλαιον
982 1504 1025 1574 β’
1048 1507 1140 1559 καὶ
1176 1506 1229 1575 μ’
1263 1507 1344 1560 ὅτι
1368 1509 1396 1559 6
1422 1507 1623 1577 Κύριος
1668 1508 1826 1577 ἡμῶν

262 1591 586 1662 Ἰησοῦςὸ³²
637 1595 870 1663 Χριστος
913 1595 1427 1667 ὲγαλακτοτροφήθη
1464 1599 1528 1651 ὲκ
1559 1597 1659 1666 τῆς
1697 1598 1824 1650 Θεο-

248 1681 415 1731 τόκου
445 1683 680 1750 Μαρίας,
708 1683 899 1736 καὶὸτι
927 1684 1024 1735 οὐκ
1044 1684 1581 1755 ἑγαλακτοτροφήθη.
1599 1718 1667 1729 -
1702 1688 1823 1740 Ὀτι

247 1771 335 1835 16,
372 1771 434 1824 Ὀ
464 1771 532 1824 δὲ
555 1775 899 1841 μικρότερος
925 1773 995 1826 ἐν
1013 1772 1087 1840 τῇ
1102 1775 1389 1841 βασιλείᾳ
1412 1775 1530 1829 τῶν
1551 1776 1823 1845 οὐρανῶν

1928 587 2199 656 quomodo
2222 587 2287 640 de
2306 583 2515 639 Domini
2551 582 2922 635 incarnatione
2954 582 3143 637 beatus
3192 583 3507 641 Eustathius

1926 677 2289 731 Antiochenns
2325 673 2593 728 antistites
2622 672 2883 739 docuerit,
2914 682 2969 728 et
2996 682 3051 728 ut
3101 675 3289 730 beatus
3312 674 3507 745 3906

1926 767 2163 837 Cyrillus
2196 766 2621 829 Alexandrinus,
2653 773 2708 819 et
2734 778 2836 833 qua
2878 766 3082 819 ratione
3101 765 3206 822 hoc
3256 766 3507 823 doctores

1932 857 2187 911 Ecclesia:
2241 855 2607 909 intellexerint
2659 854 2778 907 :De
2804 852 2888 908 die
2914 854 3025 917 illo,
3058 854 3136 908 vel
3178 854 3312 908 Isara
3358 870 3508 907 nemo

1926 946 2042 1010 scit,
2062 961 2220 1015 neque
2236 945 2424 1014 angeli,
2444 959 2603 1014 neque
2628 941 2677 997 F
2680 943 2823 1009 ilius,
2838 944 2941 998 nisi
2956 942 3113 998 Pater
3131 941 3178 1011 i;
3203 951 3257 1001 et
3278 958 3509 1014 quomo-

1926 1037 1995 1091 do
2024 1037 2126 1092 hoc
2158 1035 2389 1092 Severus
2424 1035 2767 1091 intellexerit.

1998 1323 2123 1377 llaec
2145 1323 2321 1393 capita
2359 1322 2519 1378 unius
2560 1320 2827 1392 opinionis
2856 1335 3185 1392 prosequens
3233 1322 3510 1382 descendit

1929 1416 2119 1469 iterum
2151 1414 2215 1468 ad
2243 1428 2304 1467 ea
2334 1428 2453 1481 quze
2492 1412 2732 1480 duplices
2788 1412 3071 1479 opiniones
3126 1412 3421 1479 continent,
3449 1421 3512 1466 et

1929 1512 2089 1571 caput
2109 1503 2403 1557 constituit.
2421 1502 2676 1556 Dominus
2692 1500 3038 1556 nosterJesus
3054 1502 3299 1556 Christus
3316 1502 3454 1558 lacte
3478 1516 3510 1557 0

1926 1593 2077 1646 beata
2109 1593 2323 1662 Virgine
2345 1593 2578 1646 nutritus
2594 1602 2694 1656 est,
2719 1601 2774 1645 et
2795 1606 2898 1645 non
2920 1592 3055 1646 lacte
3071 1594 3303 1645 nutritus
3329 1600 3511 1647 est.—

1928 1681 2177 1735 Mim’mus
2204 1685 2258 1733 in
2304 1699 2457 1751 regno
2497 1683 2739 1735 calorum
2780 1680 2950 1749 major
2985 1692 3062 1734 est
3096 1681 3300 1735 Joanne
3326 1682 3510 1749 Bapti—

1928 1783 2009 1824 sta
2048 1772 2097 1833 ι,
2131 1772 2195 1824 de
2225 1786 2282 1825 se
2322 1772 2436 1839 ipso
2466 1771 2601 1823 dixit
2626 1769 2909 1834 Salvator;
2937 1778 2991 1823 et
3016 1785 3118 1823 nou
3150 1772 3217 1825 de
3279 1784 3337 1823 se
3367 1770 3508 1839 ipso.

246 1860 464 1931 μείζων
489 1862 660 1916 ἐστίν
689 1863 965 1917 Ἰωάννου
994 1863 1099 1917 τοῦ
1132 1865 1496 1929 βαπτιστοῦ,
1530 1869 1657 1935 περὶ
1694 1869 1819 1919 ἐαυ-

1929 1862 2013 1914 sed
2062 1862 2128 1914 de
2160 1859 2363 1916 Joanne
2412 1860 3094 1929 evangelista.—-Dominus
3132 1871 3316 1915 noster
3352 1860 3508 1915 Jesus

248 1950 349 2003 106
412 1946 564 2003 εἶπεν
589 1953 617 2004 6
650 1952 838 2020 Σωτήρ
871 1966 884 1981 '
931 1952 1025 2005 καὶ
1079 1954 1160 2005 ὅτι
1184 1954 1244 2005 οὑ
1277 1955 1406 2023 περὶ
1456 1956 1674 2019 ἑαυτοῦ,
1700 1956 1831 2009 ἀλλὰ

248 2041 386 2110 περὶ
428 2041 671 2095 Ἰωάννου
730 2042 823 2095 τοῦ
872 2042 1282 2111 εὐαγγελιστοῦ.
1316 2076 1384 2087 ·-
1414 2047 1593 2101 Ὀτιό
1630 2049 1833 2115 Κύριος

248 2132 414 2200 ἡμῶν
461 2131 661 2202 Ἰησοῦς
685 2135 711 2185 6
730 2133 960 2202 Χριστὸς
990 2135 1033 2187 λ’
1063 2135 1325 2190 ἐνιαυτῶν
1348 2136 1607 2209 ὑπάρχων
1639 2140 1832 2191 ἐσταυ-

252 2221 443 2290 ρώθη·
484 2224 577 2276 καὶ
603 2225 682 2276 ὅτι
723 2224 782 2275 οὐ
814 2224 878 2289 λ’,
908 2226 1044 2280 ἀλλὰ
1100 2234 1149 2296 γ’
1177 2230 1271 2281 καὶ
1301 2227 1379 2280 λι.
1424 2232 1519 2282 καὶ
1565 2230 1647 2283 δτι
1682 2232 1743 2283 οὐ
1784 2224 1833 2298 γρ

250 2312 353 2364 καὶ
378 2312 440 2376 λ’,
458 2312 594 2365 ἀλλᾶ
622 2320 673 2381 μ’
694 2331 709 2346 ο
742 2314 835 2367 καὶ
857 2316 936 2369 ὅτι
956 2316 1080 2370 061s
1106 2318 1230 2384 ³³λ’,
1263 2318 1398 2373 ἑτῶν
1421 2319 1542 2373 οὔτε
1569 2328 1621 2391 μ’
1648 2323 1828 2392 μόνον,

250 2404 394 2457 ἀλλὰ
429 2402 521 2456 καὶ
554 2404 736 2470 πλέον,
768 2407 827 2458 οὐ
855 2405 988 2459 πολὺ
1029 2409 1135 2461 τῶν
1170 2415 1211 2462 ν’
1244 2410 1586 2481 ἀφεστηκώς.
1620 2443 1684 2456 -υ
1708 2414 1832 2467 Ὀτι

251 2496 315 2547 ἂν
348 2488 393 2559 ᾧ
424 2494 600 2564 καιρῷ
651 2494 934 2563 παρέδωκε
988 2500 1100 2558 τοῖς
1153 2498 1421 2567 μαθηταῖς
1459 2502 1487 2553 6
1518 2502 1717 2573 Κύριος
1772 2502 1833 2555 16

250 2587 358 2655 τῆς
386 2586 571 2653 καινῆς
615 2585 876 2655 διαθήκης
910 2589 1224 2657 μυστήριον,
1274 2591 1333 2643 τὸ
1385 2592 1608 2660 νομικὸν
1660 2592 1829 2661 ἔφαγε

250 2680 467 2742 πάσχα·
491 2679 581 2730 καὶ
600 2680 679 2730 ὃτι
697 2679 797 2730 οὐκ
814 2680 984 2746 ἔφαγε
1003 2678 1302 2746 τηνικαῦτα
1313 2680 1373 2732 16
1384 2683 1603 2751 νομικὸν
1624 2684 1827 2753 πάσχα.

251 2787 329 2801 --
359 2763 534 2817 Ὀτιὸ
560 2764 791 2833 χαλκοῦς
836 2767 979 2833 ὄφις,
1007 2765 1066 2820 6v
1096 2767 1309 2835 ὕψωσεν
1356 2770 1414 2820 ὲν
1465 2774 1530 2840 τῇ
1582 2774 1773 2842 ἐρήμῳ
1804 2777 1831 2827 6

250 2852 488 2921 Μωσῆς,
534 2854 701 2917 τύπος
732 2850 797 2925 ἦν
828 2855 920 2907 τοῦ
945 2857 1233 2909 Δεσπότου’
1262 2860 1353 2910 καὶ
1385 2861 1462 2913 ὅτι
1491 2862 1610 2931 οὐχὶ
1639 2864 1827 2927 τύπος,

248 2942 398 2995 ἀλλὰ
452 2943 761 3007 ἀντίτυπος.
788 2977 857 2988 —
889 2949 1009 3000 ’Ότι
1045 2950 1073 3001 6
1106 2949 1167 3000 16
1202 2949 1361 3003 ὠτίον
1415 2952 1685 3017 ἀπικόψας
1734 2958 1827 3009 106

248 3031 450 3085 δούλου
495 3034 589 3087 τοῦ
633 3035 932 3106 ἀρχιερέως
958 3038 1156 3107 Θωμᾶς
1183 3034 1251 3109 ἦν
1278 3054 1291 3069 ⁸
1328 3042 1422 3092 καὶ
1449 3042 1530 3094 ὅτι
1553 3045 1673 3113 οὐχὶ
1707 3045 1824 3098 Θω-

252 3125 372 3192 μᾶς
402 3120 488 3194 ἦν,
522 3127 658 3179 ἀλλὰ
698 3128 923 3196 Πέτρος.
946 3158 1017 3173 -ν-
1050 3131 1170 3183 Ὅτι
1188 3132 1327 3184 κατὰ
1377 3133 1467 3185 τὸν
1515 3138 1700 3205 καιρὸν
1731 3138 1821 3189 τοῦ

246 3213 463 3276 πάθους
481 3217 512 3282 ἠ
532 3216 721 3286 θεότης
753 3218 1023 3288 ἐχωρίσθη
1052 3219 1144 3271 106
1170 3220 1417 3289 σώματος
1445 3224 1539 3277 106
1565 3226 1824 3296 Χριστοῦ·

248 3303 387 3375 [476
415 3304 507 3375 IL]
542 3307 636 3357 καὶ
662 3308 743 3359 ὅτι
769 3307 893 3359 οὔτε
924 3309 1021 3377 τῆς
1051 3309 1229 3378 ψυχῆς
1264 3308 1386 3363 οὕτε
1413 3312 1504 3364 τοῦ
1576 3314 1825 3384 σώματος

246 3396 285 3462 ἡ
341 3393 531 3460 θεότης
574 3394 865 3464 ἐχωρίσθη.
889 3424 958 3435 -
993 3396 1115 3447 Ὀτι
1162 3395 1355 3466 λύτρον
1408 3398 1528 3451 ἀντὶ
1564 3399 1659 3451 106
1693 3417 1825 3452 κατ-

246 3482 519 3551 εχομένου
567 3483 855 3553 ἀνθρώπου
919 3484 996 3554 τῷ
1043 3484 1223 3556 ἐχθρῷ
1255 3486 1314 3538 16
1343 3488 1551 3553 οἰκεῖον,
1576 3490 1603 3541 6
1636 3489 1826 3560 Σωτὴρ

246 3572 460 3626 ἔδωκεν
492 3568 650 3643 αἷμα,
682 3574 775 3627 τοῦ
797 3574 990 3646 ἐχθροῦ
1017 3576 1172 3630 10610
1200 3579 1576 3649 αίρησαμένου
1602 3597 1615 3610 ·
1646 3582 1739 3634 καὶ
1767 3582 1827 3634 τὸ

1933 1949 2178 2004 Christus
2211 1952 2480 2003 tricesimo
2516 1950 2692 2003 aetatis
2714 1964 2852 2002 anno
2883 1949 3169 2004 cruciﬁxus
3190 1960 3292 2015 est,
3322 1960 3376 2004 et
3401 1965 3506 2005 non

1932 2038 2620 2103 tricesimo,sedtricesimo
2644 2040 2822 2092 tertio.
2858 2039 2921 2093 Et
2959 2055 3062 2094 non
3096 2041 3365 2096 tricesimo
3410 2050 3509 2095 ter.

1936 2129 2028 2197 tio,
2062 2134 2156 2189 sed
2181 2131 2620 2201 quadragesimo;
2660 2140 2715 2185 et
2750 2145 2848 2185 nec
2878 2130 3149 2186 tricesimo
3179 2133 3335 2187 tertio
3358 2172 3374 2197 ,
3408 2146 3509 2186 nec

1930 2230 2089 2282 etiam
2127 2227 2299 2282 solum
2330 2224 2760 2294 quadragesimo,
2793 2223 2885 2277 sed
2916 2224 3167 2291 amplius,
3208 2240 3310 2278 non
3368 2225 3507 2278 mul-

1934 2329 2042 2373 tum
2069 2334 2095 2370 a
2115 2317 2557 2387 quinquagesimo
2574 2316 2952 2369 distans.—Eo
2970 2325 3209 2384 tempore
3224 2331 3331 2384 quo
3350 2314 3508 2372 Jesus

1931 2409 2178 2464 Christus
2210 2409 2429 2462 tradidit
2472 2406 2746 2475 discipulis
2784 2408 2905 2461 novi
2947 2405 3271 2461 Testamenti
3306 2418 3507 2477 myste-

1934 2501 2093 2565 rium,
2121 2501 2315 2569 pascha
2337 2499 2628 2553 secundum
2663 2496 2833 2566 legem
2864 2498 3117 2563 comedit,
3138 2506 3190 2552 et
3215 2498 3356 2567 quod
3382 2508 3511 2553 tunc

1930 2606 2035 2643 non
2068 2589 2360 2644 comederit
2388 2588 2587 2657 pascha
2617 2585 3082 2656 legale.—A§neus
3104 2602 3326 2655 serpens
3350 2603 3509 2655 quem

1931 2679 2108 2734 Moses
2152 2680 2203 2732 in
2233 2693 2415 2732 eremo
2438 2679 2630 2739 erexit,
2661 2688 2815 2746 typus
2849 2676 3183 2743 iuitChristi,
3214 2688 3267 2731 et
3299 2694 3402 2733 non
3428 2685 3513 2748 ty-

1930 2786 2048 2839 pus.
2079 2770 2169 2824 sed
2191 2767 2681 2839 antitypus.—Fuit
2716 2768 2968 2833 Thomas,
2990 2768 3080 2836 qui
3116 2782 3272 2822 servo
3318 2768 3513 2823 summi

1928 2859 2529 2913 sacerdotisauriculam
2553 2859 2878 2927 amputavit;
2906 2870 3078 2912 etnon
3120 2857 3222 2912 fuit
3250 2858 3511 2924 Thomas,

1928 2951 2018 3001 sed
2038 2947 2585 3017 Petrus.—Tempore
2604 2948 2866 3016 passionis
2884 2947 3057 3003 deitas
3074 2965 3105 3004 e
3120 2965 3344 3019 corpore
3363 2950 3513 3005 Chriv

1928 3039 1991 3091 sti
2011 3038 2277 3103 discessit,
2293 3047 2344 3091 et
2360 3054 2465 3092 non
2485 3038 2731 3093 discessit
2748 3037 2815 3092 ab
2833 3040 3007 3093 anima
3030 3054 3173 3094 necs
3195 3055 3517 3109 corpore.—

1929 3126 2175 3180 Snlvator
2213 3129 2409 3197 lytrum
2445 3141 2542 3195 pro
2574 3127 2809 3180 humano
2863 3141 3061 3195 genere
3101 3130 3509 3197 comprehenso,

1932 3220 2202 3287 proprium
2238 3218 2453 3272 inimico
2469 3218 2783 3287 sanguinem
2806 3217 2970 3283 dedit,
2994 3217 3215 3273 inimico
3245 3220 3384 3273 hunc
3414 3221 3513 3274 eli-

1932 3319 2108 3377 gente.
2133 3307 2200 3362 Et
2215 3322 2244 3363 e
2260 3308 2548 3370 contrario,
2566 3324 2674 3362 non
2708 3307 2944 3373 inimico,
2963 3308 3056 3362 sed
3080 3309 3186 3362 Deo
3208 3307 3352 3363 Patri
3371 3311 3515 3365 hunc

1932 3402 2144 3455 obtulit.
2166 3430 2236 3439 —
2252 3400 2548 3455 Gloriosius
2563 3406 2616 3454 et
2632 3398 3002 3454 admirabilius
3040 3398 3285 3454 Christus
3332 3415 3517 3454 resur-

1933 3492 2071 3546 rexit
2108 3506 2269 3559 quam
2300 3492 2353 3546 in
2380 3500 2562 3545 monte
2598 3490 3010 3559 transﬁguratus
3029 3500 3129 3544 est.
3147 3490 3210 3544 Et
3233 3506 3517 3558 resurgens

1935 3598 2039 3636 non
2076 3583 2302 3636 mutavit
2342 3597 2538 3651 corpus
2567 3585 2619 3635 in
2642 3581 2863 3650 gloriam
2886 3580 2986 3634 sibi
3014 3579 3266 3645 debitam,
3292 3582 3383 3636 sed
3412 3581 3518 3635 tale

246 3663 653 3733 ἀντικείμενον,
693 3663 769 3727 ὼς
817 3666 936 3734 οὐχὶ
987 3664 1065 3736 τῷ
1092 3666 1293 3736 ἐχθρῷ,
1324 3668 1459 3720 ἀλλὰ
1483 3669 1558 3737 τῷ
1582 3669 1701 3739 Θεῷ
1734 3670 1828 3723 καὶ

1934 3673 2247 3725 monstravit
2260 3672 2414 3739 quale
2425 3682 2544 3727 erat
2556 3681 2680 3725 ante
2693 3679 2942 3724 mortem.
2968 3670 3031 3724 Et
3050 3671 3149 3724 hoc
3161 3672 3372 3739 quidem
3388 3672 3519 3726 dicit

250 3753 439 3823 Πατρὶ
487 3755 829 3824 προσήνεγκε
883 3755 1060 3809 10610.
1107 3785 1176 3795 —
1225 3757 1346 3809 Ὅτι
1416 3760 1667 3829 κρεῖσσον
1736 3760 1828 3814 καὶ

1940 3760 2200 3830 Cyrillus,
2234 3760 2327 3815 sed
2359 3760 2688 3815 contrarium
2713 3758 2997 3829 Dionysius
3049 3757 3459 3813 Alexandrinus.

248 3846 705 3914 θαυμασιώτερον
752 3847 850 3915 τῆς
872 3849 929 3899 ὲν
950 3846 1027 3917 τῷ
1051 3847 1167 3917 δρει
1225 3864 1293 3917 με
1336 3849 1744 3919 ταμορφώσεως
1794 3850 2319 3921 ἀνέστηόΧριστός·
2360 3852 2453 3905 καὶ
2517 3852 2598 3904 ὅτι
2663 3851 2724 3903 οὐ
2768 3848 3243 3919 μετεστοιχείωσεν
3276 3849 3520 3902 ἀναστὰς

246 3940 319 3993 16
347 3940 509 4010 σῶμα
558 3940 695 4010 πρὸς
752 3940 910 4004 δόξαν
952 3940 1051 4011 τὴν
1100 3940 1249 4010 αὐτῷ
1302 3943 1817 4013 κεχρεωστημένην,
1855 3945 1993 3997 ἀλλὰ
2041 3946 2282 3999 τοιοῦτον
2316 3946 2515 4011 ἔδειξεν
2556 3937 2665 3998 οἷον
2694 3938 2763 4013 ἦν
2794 3945 2888 3996 καὶ
2936 3942 3043 4013 πρὸ
3108 3942 3202 3996 τοῦ
3262 3943 3513 4001 θανάτου.

248 4032 372 4085 Καὶ
413 4017 572 4084 τοῦτο
620 4030 718 4101 μὲν
773 4031 919 4100 λέγει
968 4032 1257 4102 Κύριλλος,
1289 4034 1350 4087 16
1402 4035 1459 4087 δὲ
1512 4036 1837 4089 ἀντίθετονό
1888 4037 2290 4109 Ἀλεξανδρείας
2310 4038 2601 4100 Διονύσιος.

329 4122 453 4194 [901
484 4122 578 4193 η.]
610 4124 729 4174 Ὀτι
767 4123 825 4174 ἑν
851 4125 917 4192 τῇ
951 4123 1226 4196 δωδεκάτῃ
1282 4122 1377 4176 106
1424 4125 1641 4192 πρώτου
1672 4125 1828 4193 μηνὸς

2012 4127 2337 4181 Duodecimo
2361 4124 2517 4195 primi
2544 4123 2744 4179 mensis
2767 4120 3039 4176 Christum
3066 4121 3227 4176 Maria
3260 4123 3310 4176 in
3356 4123 3516 4178 domo

250 4213 452 4286 ἠλειψε
472 4214 564 4265 16v
595 4213 796 4284 Κύριον
815 4212 1109 4282 ὴΜαρία³⁹
1143 4212 1300 4283 μύρῳ
1326 4214 1384 4265 έν
1417 4212 1565 4282 οἰκία
1594 4214 1828 4281 Σίμωνος

1944 4217 2181 4271 Simonis
2230 4216 2422 4284 leprosi
2473 4223 2747 4285 unguento
2789 4213 2976 4276 unxit,
3022 4222 3076 4268 et
3111 4212 3319 4293 decimo
3355 4213 3515 4267 tertio

248 4303 356 4356 τοῦ
413 4302 638 4373 λεπροῦ,
693 4303 751 4354 ὲν
808 4301 865 4353 δὲ
919 4304 985 4371 τῇ
1046 4306 1113 4368 ιγ’
1158 4301 1220 4353 16
1274 4301 1536 4370 μυστικὸν
1572 4302 1828 4354 δεῖπνονί

1943 4307 2202 4362 Christus
2256 4321 2465 4360 sacram
2502 4319 2711 4359 cmnam
2753 4302 3029 4370 discipulis
3076 4302 3239 4355 dedit.
3296 4301 3515 4355 Decimo

250 4395 469 4465 Κύριος
526 4394 861 4463 παραδίδωσι
916 4394 1029 4455 τοῖς
1077 4391 1368 4461 μαθηταῖς,
1397 4394 1455 4444 tv
1513 4392 1568 4443 δὲ
1608 4395 1673 4462 τῇ
1700 4392 1756 4444 ιδ’
1783 4392 1828 4443 τί

1944 4407 2135 4468 quarto
2165 4397 2454 4452 salutarem
2496 4395 2800 4464 passionem
2842 4393 3025 4446 subiit.
3066 4392 3283 4444 Decimo
3313 4392 3506 4458 quinto

247 4487 533 4554 σωτήριον
595 4482 804 4551 ὑπέστη
840 4482 1032 4546 πάθος,
1084 4482 1141 4533 ἑν
1174 4481 1231 4534 δὲ
1282 4484 1347 4551 τῇ
1403 4480 1462 4533 ιε’
1517 4482 1581 4534 ὲκ
1632 4481 1828 4551 νεκρῶη

1946 4489 2243 4544 resurrexit
2292 4502 2322 4541 a
2361 4487 2607 4549 mortuis,
2658 4496 2710 4539 et
2758 4485 2965 4538 decimo
3020 4492 3172 4537 sexto
3210 4489 3517 4550 assumptus

245 4578 464 4641 ἀνέστη
488 4575 602 4637 ,καὶ⁵
627 4577 694 4643 τῇ
717 4580 790 4638 ις’
816 4573 861 4604 ⁸⁸
889 4570 1187 4640 ἀνελήφθη’
1211 4571 1243 4641 ἢ
1277 4573 1373 4641 οὑχ
1399 4571 1591 4633 οὕτως,
1621 4572 1757 4625 ἀλλὰ
1785 4576 1828 4641 1i

1959 4588 2059 4633 est.
2088 4577 2181 4630 Vel
2214 4592 2318 4631 non
2360 4576 2557 4645 291a
2590 4577 2658 4629 ita
2687 4592 2699 4627 :
2732 4576 2825 4628 sed
2860 4574 3068 4627 decimo
3089 4579 3281 4638 quarto
3306 4584 3515 4623 sacram

249 4667 362 4737 μὲν
395 4664 458 4717 ιδ’
491 4665 552 4715 τὸ
579 4664 840 4731 μυστικὸν
884 4662 1054 4730 ἔφαγε
1096 4662 1330 4725 δεῖπνον,
1363 4664 1428 4730 τῇ
1463 4662 1518 4714 δὲ
1548 4667 1608 4714 ιε’
1638 4662 1828 4713 totatu-

1941 4683 2152 4725 cmnam
2188 4668 2561 4728 manducavit,
2610 4664 2817 4719 decimo
2852 4663 3041 4732 quinto
3083 4660 3374 4715 crucifixus
3402 4668 3513 4721 est,

248 4755 438 4829 ρώθη,
498 4753 694 4822 ἀνέστη
722 4752 778 4805 δὲ
800 4755 867 4823 τῇ
900 4758 973 4820 ις’
996 4752 1069 4784 ⁸⁸⁸
1108 4752 1142 4822 ἢ
1194 4753 1277 4804 ὅτι
1331 4752 1453 4804 οὐδὲ
1502 4750 1677 4814 τοῦτο,
1721 4751 1828 4803 ἁλλ¹

1947 4762 2160 4817 decimo
2208 4769 2359 4813 sexto
2402 4757 2715 4810 resurrexit.
2746 4754 2839 4808 Vel
2868 4767 3038 4817 neque
3093 4752 3215 4814 hoc,
3249 4750 3342 4805 sed
3372 4760 3517 4819 post

243 4849 339 4901 ὅτι
394 4848 697 4915 τριήμερος
763 4845 859 4913 μὲν
906 4843 998 4895 καὶ
1026 4844 1084 4895 ιν
1127 4844 1193 4912 τῇ
1254 4843 1505 4911 Κυριακῇ
1557 4841 1828 4911 γέγονενή

1937 4851 2209 4911 triduum,
2245 4858 2299 4903 et
2329 4850 2380 4901 in
2426 4847 2703 4901 Dominica
2744 4844 2883 4899 facta
2927 4852 3006 4898 est
3054 4839 3404 4903 resurrectio,
3461 4847 3518 4893 et

244 4936 354 4990 106
413 4935 617 5006 Κυρίου
672 4934 986 4997 ἀνάστασις,
1038 4933 1131 4986 καὶ
1187 4932 1327 5001 μετὰ
1372 4938 1425 4999 μ’
1483 4931 1697 5002 ἡμέρας
1746 4933 1828 4985 ἁν-

1939 4951 2062 5013 post
2097 4941 2452 5011 quadraginta
2477 4938 2595 4992 dies
2619 4945 2925 5004 assumptus
2949 4943 3055 4988 est.

248 5029 500 5084 ελήωθη.

671 5118 773 5187 τῆς
826 5116 1061 5187 ἑσπέρας
1106 5116 1209 5185 τῆς
1256 5116 1320 5178 ε’,
1352 5116 1439 5168 ὅτε
1492 5116 1551 5167 τὸ
1583 5115 1828 5184 μυστιχὸι

2020 5119 2066 5171 Α
2090 5129 2315 5185 vespera
2340 5114 2528 5183 quinta
2553 5126 2674 5165 cum
2712 5110 2970 5165 Dominus
2999 5120 3211 5163 ctenam
3238 5102 3514 5173 discipulis

243 5217 481 5270 δεῖπνον
505 5213 533 5264 6
563 5209 773 5278 Κύριος
804 5207 1094 5277 παρεδίδου
1147 5209 1261 5269 τοῖς
1299 5205 1588 5275 μαθηταῖς,
1622 5206 1743 5259 τότε
1782 5206 1828 5257 τί

1948 5205 2116 5272 dedit,
2147 5214 2275 5259 tunc
2314 5215 2513 5270 corpus
2533 5214 2688 5256 suum
2712 5196 3055 5253 sacriﬁcavit.

249 5306 427 5375 σῶμα
462 5300 627 5355 αὑτοῦ
661 5300 903 5354 ἐτέθυτο.

324 5475 343 5516 ι
383 5460 555 5516 Marc.
586 5473 707 5522 κιιι,
747 5455 838 5513 52.
921 5454 948 5494 ¹ι
974 5451 1107 5508 Luc.
1136 5468 1233 5518 vn,
1258 5450 1349 5507 ΞΒ.

1561 5577 1793 5632 νΑιιιιΕ
1833 5572 2238 5632 LECTIONES.

363 5692 408 5723 ³⁸
436 5688 706 5751 κεφάλαια
732 5703 791 5751 ς.
898 5684 941 5716 ³¹
980 5682 1007 5735 6
1036 5690 1091 5735 et
1138 5679 1199 5751 1_6_
1231 5688 1297 5751 et
1350 5676 1576 5751 alterum
1606 5673 1800 5751 6__add.
1830 5671 1891 5724 Λ.
2002 5670 2045 5702 ³⁸
2082 5666 2203 5721 οὕτε
2239 5670 2279 5719 Β
2310 5683 2323 5721 :
2351 5667 2413 5720 οὐ
2442 5683 2502 5730 ς’.

244 5764 304 5797 δ’
344 5759 445 5830 ις’]
473 5743 871 5824 έξακαιδεκάτῃ
890 5753 949 5809 B.
1024 5752 1067 5783 ⁸⁸
1104 5747 1201 5819 ις’]
1225 5746 1617 5813 ἑξακαιδεκάτῃ
1649 5743 1710 5795 Β.

2598 5667 2641 5701 ³⁸
2661 5662 2733 5722 cf.
2756 5660 2965 5719 Suicer.
2995 5661 3186 5718 Thess.
3218 5673 3259 5725 ι,
3291 5672 3341 5729 p.
3367 5654 3493 5712 386.
