4208 6442
728 390 865 454 1103

1897 383 2153 446 PHOTII
2198 385 2702 445 PATRIARCHJE
2734 385 2839 452 (ΣΡ.

3843 387 3983 453 1104

796 501 1069 556 llactenus
1115 495 1328 568 quidem
1369 496 1433 550 de
1474 494 1853 551 communibus
1886 496 2149 552 doctrinis
2194 498 2297 551 Ec-
2330 552 2335 564 Α

2474 499 2649 566 Μέχρι
2688 499 2786 567 μὲν
2811 493 2905 552 obv
2944 497 3147 551 τούτων
3207 497 3470 566 περὶτῶν
3492 498 3689 553 κοινῶν
3712 499 3815 570 τῆς
3857 504 3985 555 Ἐκ-

724 593 907 648 clesize
957 598 1011 644 et
1044 588 1427 658 qurestionibus
1457 601 1553 657 per
1599 588 1783 640 omnia
1821 585 1935 642 fere
1971 588 2146 656 capita
2189 588 2299 642 dis-

726 683 920 746 seruit,
953 681 1267 750 plerumque
1297 694 1392 749 pcr
1421 678 1695 733 contraria
1727 678 2036 732 tesﬁmonia
2070 678 2299 733 alteram

725 772 1170 829 contradictionis
1194 780 1397 840 partem
1421 769 1771 832 conﬁrmans,
1795 784 1964 838 pauca
1986 784 2117 825 vero
2142 770 2301 824 unius

726 868 995 935 opinionis
1026 864 1351 920 testimoniis
1380 862 1727 918 conﬁrmans.
1770 862 1906 917 llinc
1932 872 2113 917 autem
2146 878 2295 931 qua:-

729 958 851 1011 dam
900 956 1073 1024 capita
1106 954 1451 1021 particularia
1484 967 1711 1009 numero
1746 952 2044 1008 octodecim
2076 960 2295 1014 tractat,

725 1058 823 1100 ut:
857 1044 1053 1111 Quales
1089 1044 1369 1113 opiniones
1412 1043 1663 1098 habuerit
1711 1042 1944 1097 Severus
1984 1042 2051 1098 de
2096 1042 2300 1098 sanctis

726 1140 981 1195 Ecclesia
1019 1138 1431 1195 sacerdotibus?
1486 1146 1539 1192 et
1578 1139 1845 1206 quomodo
1881 1134 2083 1190 sentiat
2128 1132 2196 1187 de
2232 1132 2299 1186 iis

727 1245 846 1298 quas
884 1230 1025 1284 dicta
1059 1238 1185 1284 sunt
1215 1242 1243 1280 a
1279 1225 1478 1297 Cyrillo
1510 1235 1563 1281 et
1622 1225 1829 1281 Joanne
1866 1225 1919 1279 in
1964 1223 2191 1293 epistola
2229 1222 2295 1275 ad

726 1315 989 1371 Thomam
1012 1314 1382 1370 Germanicea
1428 1314 1776 1385 episcopum?
1804 1322 1858 1367 et
1896 1313 2039 1381 quod
2084 1326 2146 1366 ea
2178 1324 2300 1381 quae

725 1405 868 1461 dicta
900 1414 1027 1462 sunt
1057 1404 1123 1460 de
1157 1406 1550 1459 restauratione
1598 1419 1779 1459 rerum
1811 1418 1839 1457 a
1871 1402 2130 1472 Gregorio
2162 1400 2299 1472 Nys-

727 1512 860 1552 seno
887 1512 992 1551 non
1025 1498 1234 1566 probet,
1267 1509 1440 1565 neque
1464 1494 1685 1565 Papiam
1709 1497 2019 1563 episcopum
2049 1492 2301 1560 llieropo—

727 1589 976 1651 litanum,
1007 1596 1061 1642 et
1090 1596 1408 1657 martyrem,
1449 1600 1553 1640 nec
1586 1594 1829 1640 sanctum
1866 1584 2125 1637 Irenzeum
2194 1581 2301 1634 Lu-

728 1680 1084 1747 gdunensem.
1120 1676 1211 1731 ubi
1246 1677 1433 1731 dicunt
1458 1690 1682 1747 regnum
1723 1674 1980 1729 calorum
2010 1686 2131 1727 esse
2163 1671 2300 1724 frui-

726 1769 929 1823 tionem
956 1768 1245 1838 quamdam
1271 1768 1519 1823 ciborum
1545 1766 1906 1821 sensibilium.

2402 590 2629 658 κλησίας
2672 590 2960 659 δογμάτων
3012 607 3072 642 τε
3114 590 3207 642 καὶ
3255 590 3587 660 ζητημάτων
3631 590 3833 660 μικροῦ
3891 592 3985 646 διὰ

2401 680 2619 732 πάντων
2646 682 2757 732 τῶν
2784 680 3095 747 κεφαλαίων
3135 682 3373 734 ἐποιεῖτο
3396 680 3488 733 τὸν
3513 680 3690 747 λόγον,
3722 681 3791 733 τά
3822 680 3983 734 πλεῖ-

2401 786 2504 823 στα
2532 770 2631 839 μὲν
2679 770 2745 823 δι’
2796 770 3193 841 ἀντικειμένων
3231 774 3485 841 χρήσεων
3514 771 3779 842 ἑκάτερον
3809 772 3983 842 μέρος

2400 862 2502 929 τῆς
2529 861 2853 925 ἀντιθέσεως
2888 862 3218 933 ἐπικουρῶν,
3250 863 3407 930 ὀλίγα
3449 863 3507 915 δέ
3533 864 3626 915 καὶ
3648 862 3984 932 μονομερέσι

2403 952 2734 1021 μαρτυρίαις
2782 953 3136 1008 ἐπισεσαιῶν.
3199 952 3483 1005 Ἐντεῦθεν
3532 953 3590 1006 δέ
3630 954 3760 1023 περί
3815 969 3983 1006 τινων

2404 1042 2587 1095 ίδικῶν
2610 1044 2919 1111 κεφαλαίων
2945 1045 3040 1097 τὸν
3079 1044 3314 1115 ἀριθμὸν
3341 1044 3717 1098 ὀκτωκαίδεκα
3744 1043 3983 1113 διαλαμ-

2400 1130 2575 1192 δάνει,
2606 1125 2716 1184 οἷον
2752 1133 2905 1197 τίνας
2930 1130 3079 1203 εἶχεν
3106 1134 3402 1203 ὑπολήψεις
3432 1133 3673 1205 Σεσῆρος
3702 1135 3838 1205 περὶ
3870 1134 3982 1187 τῶν

2397 1223 2496 1291 τῆς
2532 1223 2861 1294 Ἐκκλησίας
2914 1226 3082 1280 ὁσίων
3127 1226 3539 1296 μυσταγωγῶνς
3583 1226 3678 1279 καὶ
3702 1226 3857 1289 ὅπως
3885 1227 3967 1278 δι-

2402 1312 2561 1381 ετέθη
2587 1313 2724 1380 πρὸς
2746 1312 2815 1367 τά
2843 1314 3110 1384 εἰρημένα
3133 1314 3284 1385 παρά
3308 1313 3578 1384 Κυρίλλου
3600 1316 3693 1367 καὶ
3726 1314 3978 1369 Ἰωάννου

2400 1403 2459 1454 ἐν
2487 1406 2550 1473 τῇ
2582 1404 2717 1471 πρὸς
2754 1404 2958 1475 Θωμᾶν
2980 1405 3072 1459 τὸν
3089 1406 3389 1459 ἐπίσκοπον
3414 1406 3853 1477 Γερμανικείαςς
3888 1408 3980 1459 καὶ

2402 1494 2483 1547 ὅτι
2512 1495 2590 1565 τῷ
2636 1498 2694 1547 ἐν
2723 1498 2901 1564 ἁγίοις
2962 1499 3275 1569 Γρηγορίῳ,
3306 1500 3384 1568 τῷ
3412 1500 3699 1569 ἐπισκόπῳ
3730 1500 3977 1568 Νύσσης,

2398 1583 2469 1635 τὰ
2494 1584 2761 1653 εἰρημένα
2783 1587 2913 1657 περὶ
2937 1588 3442 1650 ἀποκαταστάσεως
3478 1588 3580 1640 οὑκ
3621 1587 3975 1657 ἀποδέχεται,

2401 1674 2461 1725 ού
2497 1674 2601 1745 μὴν
2632 1675 2745 1727 ἁλλ’
2772 1678 2895 1730 οὑδέ
2926 1677 3144 1730 Παπίαν
3172 1678 3264 1730 τὸν
3296 1677 3653 1748 Ἱεραπόλεως
3678 1678 3980 1731 ἐπίσκοπον

2404 1766 2497 1817 καὶ
2530 1766 2805 1837 μάρτυρα,
2860 1769 2982 1821 ούδέ
3028 1769 3317 1838 Εἰρηναῐον
3363 1768 3455 1822 τὸν
3503 1769 3649 1822 ὅσιον
3678 1768 3981 1822 ἐπίσκοπον

726 1860 1110 1929 Δουγδούνων,
1183 1863 1241 1915 ἐν
1319 1855 1403 1924 οἷς
1472 1860 1723 1929 λέγουσιν
1800 1857 2074 1927 αἰσθητῶν
2134 1873 2297 1907 τινων
2337 1853 2643 1926 βρωμάτων
2686 1860 2990 1915 ἀπόλαυσιν
3040 1856 3303 1932 εἶναιτὴν
3331 1862 3440 1914 τῶν
3506 1862 3754 1932 οὐρανῶν
3824 1861 3979 1931 βασι-

725 1956 779 2008 λε
791 1956 894 2011 ίαν.

798 2049 963 2104 Divus
988 2049 1219 2104 Basilius
1245 2056 1497 2103 sanctum
1534 2046 1843 2116 Dionysium
1877 2043 2300 2099 Alexandrinum
2331 2042 2377 2102 B

732 2144 784 2196 in
817 2142 949 2196 locis
974 2141 1157 2193 multis
1180 2154 1283 2192 non
1315 2138 1575 2200 admittit,
1605 2138 1838 2190 maxime
1861 2135 1951 2189 ubi
1978 2134 2302 2189 Arianorum

728 2232 977 2286 haeresim
1006 2228 1307 2283 conﬁrmat.
1336 2225 1583 2281 Defendit
1607 2226 1754 2279 illum
1792 2234 1977 2280 nonut
2000 2224 2161 2291 impia
2184 2236 2304 2275 scu-

731 2326 974 2385 tientem,
1009 2322 1104 2375 sed
1132 2320 1275 2389 quod
1312 2320 1477 2374 niniio
1506 2316 1800 2371 Sabellium
1824 2315 2164 2385 oppugnandi
2190 2324 2304 2367 stu-

730 2416 818 2469 dio
849 2414 1011 2467 verba
1040 2422 1197 2466 tenus
1224 2412 1275 2463 in
1303 2411 1641 2464 contrariam
1672 2406 1949 2462 deﬂexerit
1972 2406 2301 2475 opinionem.

731 2504 869 2569 Quin
912 2515 967 2556 et
998 2504 1063 2555 de
1113 2502 1316 2569 Spiritu
1365 2511 1553 2554 sancto
1592 2499 1754 2565 impia
1802 2498 1947 2551 illum
1984 2496 2145 2547 verba
2186 2494 2306 2546 lun-

729 2596 881 2650 dere.
927 2591 1243 2660 —-Magnus
1291 2590 1617 2644 Athanasius
1665 2590 1805 2642 hunc
1852 2586 2165 2655 Dionysium
2207 2586 2302 2637 dc-

732 2686 902 2739 femlit
937 2701 952 2737 :
988 2683 1310 2751 Dionysius,
1380 2680 1583 2747 inquit,
1656 2694 1914 2747 nunquam
1972 2676 2126 2729 sensit
2188 2690 2303 2727 cum

732 2775 969 2840 Arionis,
1013 2789 1102 2826 nec
1147 2774 1416 2825 veritatem
1446 2770 1729 2839 ignoravit,
1763 2785 1852 2821 nec
1900 2768 1965 2819 ab
2017 2767 2139 2818 aliis
2198 2766 2305 2830 epi-

732 2868 905 2933 scopis
929 2864 1215 2932 impietatis
1237 2861 1525 2914 damnatus
1546 2867 1643 2924 est,
1674 2874 1764 2911 nec
1791 2858 2017 2911 Arinnas
2051 2871 2193 2909 saces
2222 2856 2303 2907 lo-

732 2968 879 3009 cutus
910 2966 1019 3016 est,
1054 2964 1306 3019 tanquam
1344 2952 1601 3003 docendo.
1656 2949 1797 3014 Quin
1840 2958 1894 3001 et
1936 2948 2305 3002 Theodoretus

729 3046 915 3097 eadem
964 3044 1030 3095 de
1065 3042 1165 3095 hoc
1208 3039 1466 3107 Dionysio
1519 3037 1700 3089 habet.
1733 3063 1803 3075 —-
1829 3036 2063 3104 Apponit
2086 3036 2153 3086 ad
2191 3034 2305 3085 [nec

733 3132 1067 3193 testimonia,
1111 3139 1164 3182 et
1190 3127 1462 3197 quomodo
1500 3126 1830 3192 Theophilus
1859 3133 2061 3178 etcum
2100 3136 2165 3177 eo
2194 3132 2303 3176 tota

730 3223 963 3295 synodus
977 3236 1104 3289 erga
1125 3221 1340 3273 beatum
1363 3214 1627 3270 Joannem
1650 3215 2095 3284 Cbrysostomum
2114 3210 2301 3264 affecta

730 3313 995 3368 l’nerit.--
1020 3309 1246 3376 Qualem
1307 3306 1594 3361 habuerint
1659 3305 1965 3371 opinionem
2020 3302 2089 3355 de
2147 3302 2304 3355 beato

2476 2041 2597 2093 Ὀτι
2627 2039 2907 2103 Facilem;
2933 2042 2961 2093 ὁ
2987 2042 3044 2093 ἐν
3072 2040 3248 2109 ἁγίοις
3270 2040 3363 2093 τὸν
3390 2042 3449 2093 ἐν
3486 2042 3667 2108 ἁγίοις
3698 2042 3980 2095 Διονύσιον

2417 2129 2827 2200 Ἀλεξανδρείας
2873 2130 2975 2183 οὑκ
3024 2131 3084 2182 ἐν
3112 2130 3324 2192 πολλοῖς
3358 2130 3714 2201 ἀποδέχεται,
3743 2133 3982 2201 μάλιστα

2402 2217 2458 2269 δέ
2490 2220 2547 2271 ἐν
2578 2215 2657 2280 οἷς
2700 2220 2759 2271 τὸ
2824 2220 3117 2289 Ἀρειανῶν
3160 2220 3311 2281 ἔθνος
3355 2220 3713 2288 ἐπερείδεται.
3760 2223 3983 2275 Ἀπολο-

2404 2313 2580 2376 γεῖται
2611 2312 2666 2362 δὲ
2695 2312 2837 2379 ὑπὲρ
2868 2310 3035 2363 αὑτοῦ
3067 2312 3141 2373 ὡς
3167 2312 3266 2363 οὑκ
3291 2310 3477 2364 ἀσεϐεῖ
3498 2312 3716 2382 γνώμῃ,
3760 2314 3983 2383 μάχῃδέ

2404 2406 2469 2472 τῇ
2502 2403 2637 2470 πρὸς
2667 2404 2972 2456 Σαϐἐλλιον.
2998 2404 3080 2465 εἰς
3130 2402 3231 2472 τὴν
3264 2402 3542 2455 ἀντίθετον
3572 2404 3716 2455 κατά
3742 2406 3873 2466 τοὺς
3899 2405 3984 2456 λό-

2404 2512 2533 2560 γους
2562 2495 2967 2564 περιτραπῆναι
3024 2495 3360 2563 δυσφημίαν.
3420 2494 3495 2546 Ob
3557 2494 3664 2563 μὴν
3714 2494 3858 2546 ἀλλά
3890 2499 3984 2547 καὶ

2406 2589 2535 2654 περὶ
2564 2585 2658 2636 τοῦ
2700 2586 2837 2637 Ιινεύ
2851 2603 3017 2654 ματος
3042 2586 3145 2638 οὑκ
3167 2588 3383 2652 εὐαγεῖς
3426 2586 3587 2639 αὑτὸν
3615 2588 3835 2654 ἀφεῖναι
3870 2607 3983 2657 φω·

2406 2676 2520 2737 νάς.
2534 2707 2605 2715 —
2623 2678 2779 2729 Ἀ).λά
2805 2680 2897 2730 καὶ
2918 2680 2945 2729 ὁ
2969 2678 3034 2744 μέ
3051 2696 3137 2743 τας
3154 2678 3469 2741 Ἀθανὰσιος
3487 2678 3580 2732 τοῦ
3597 2680 3767 2733 αὑτοῦ
3792 2682 3984 2751 ἀνδρὸς

2405 2765 2682 2817 Διονυσίου
2714 2766 3208 2835 ύπεραπολογείται
3231 2783 3244 2796 ·
3294 2767 3373 2820 Τὰ
3398 2768 3508 2836 γὰρ
3544 2769 3795 2834 Ἀρείου,
3828 2773 3981 2837 φησὶ,

2407 2860 2714 2923 Διονύσιος
2757 2860 2893 2911 οὔτε
2942 2858 3247 2926 ἐφρόνησε
3298 2874 3466 2921 ποτε.
3521 2860 3658 2913 οὔτε
3713 2860 3985 2927 ἠγνόησε

2409 2948 2533 3017 1477
2573 2949 2663 3017 il.j
2695 2948 2809 3013 τὴν
2835 2948 3126 3012 ἀλήθειαν
3147 2962 3159 2977 ·
3190 2949 3328 3001 οὔτε
3348 2952 3457 3016 γὰρ
3486 2949 3587 3018 ὑφ’
3614 2948 3837 3016 ἐτέρων
3860 2951 3985 3002 ἐπι-

2404 3039 2649 3090 σκόπων
2677 3039 2767 3089 ἐπ’
2785 3039 3025 3105 ἀσεϐείᾳ
3058 3040 3463 3107 κατεγνώσθη,
3488 3040 3625 3093 οὔτε
3642 3042 3749 3105 τὰς
3765 3040 3985 3109 Ἀματ-

2404 3128 2577 3193 νικὰς
2600 3129 2800 3195 φωνὰς
2824 3127 3144 3197 ἐφθέγγετο
3171 3131 3254 3193 ὡς
3274 3128 3658 3197 δογματίζων.
3690 3130 3857 3184 Ἀλλά
3889 3133 3983 3183 καὶ

2404 3219 2748 3289 Θεοδώρητος
2778 3222 2904 3281 τοὺς
2932 3220 3129 3281 absab;
3158 3220 3298 3289 ὑπὲρ
3324 3219 3417 3272 τοῦ
3449 3220 3745 3290 εἰρημένου
3797 3224 3983 3273 Διονυο

2406 3310 2521 3362 σίου
2550 3310 2843 3380 λογισμοὺς
2881 3311 3223 3364 ἀποδίδωσιν.
3249 3339 3319 3350 -
3352 3310 3471 3362 Ἔτι
3502 3311 3609 3381 μὴν
3645 3311 3984 3380 παρατίθησι

730 3401 940 3458 Joanne
981 3401 1369 3469 Chrysostomo
1402 3396 1656 3465 episcopo
1697 3390 2335 3460 Constantinopolitanot

2412 3378 2739 3471 μαρτυρίας,
2776 3402 2868 3454 καὶ
2893 3403 3042 3464 ὅπως
3069 3402 3167 3471 μὲν
3184 3401 3393 3470 διετέθη
3411 3378 3667 3468 Θεόφιλος
3700 3378 3797 3453 καὶ
3828 3404 3862 3471 ή
3888 3378 3984 3455 σὺν

729 3493 965 3566 Cyrillus
994 3501 1049 3546 et
1076 3489 1310 3544 Atticus.
1338 3516 1407 3527 —
1439 3485 1581 3553 Quid
1609 3484 1846 3539 senserit
1874 3493 2097 3538 sanctus
2138 3481 2307 3537 Isido-

730 3600 827 3641 rus
869 3583 1139 3639 Pelusiota
1184 3580 1251 3635 de
1293 3576 1595 3647 Theophila
1634 3586 1691 3632 et
1729 3576 1931 3647 Cyrillo
1968 3576 2307 3628 Alexandriae

730 3676 1021 3747 episcopis,
1057 3679 1228 3741 deque
1257 3669 1464 3724 Joanne
1504 3668 1925 3738 (ibrysostomo;
1966 3666 2084 3720 illos
2110 3665 2304 3734 2910

728 3769 839 3824 odii
868 3780 996 3837 erga
1030 3762 1292 3819 Joannem
1346 3760 1795 3831 Chrysostomum
1830 3760 2129 3819 aenusavit,
2167 3759 2308 3809 hunc

729 3870 858 3910 vero
908 3853 1151 3908 laudavit
1203 3861 1257 3905 et
1303 3850 1491 3903 coluit.
1520 3872 1591 3885 —
1618 3847 1889 3911 Severus,
1942 3845 2203 3913 impulsus
2249 3852 2309 3897 ut

734 3950 948 4001 beatum
982 3944 1245 3997 lsidorum
1284 3939 1733 4007 reprehenderet,
1760 3952 1863 3991 non
1893 3938 2107 3991 inventa
2142 3950 2304 3990 causa

733 4039 933 4106 aliqua,
965 4034 1164 4103 allingit
1202 4031 1275 4085 illi
1308 4031 1453 4098 quod
1481 4043 1606 4082 cum
1638 4029 1871 4097 Origene
1914 4028 2169 4090 senserit,
2202 4026 2305 4081 etsi

732 4130 872 4182 idem
905 4127 1095 4179 iterum
1128 4137 1222 4193 per
1250 4136 1393 4185 sese,
1422 4135 1451 4171 a
1485 4120 1715 4173 veritate
1746 4128 2033 4187 superatus
2064 4118 2116 4169 id
2147 4131 2302 4169 revo-

730 4231 911 4274 t-et.-
930 4218 1009 4269 Ad
1040 4217 1155 4269 haec
1184 4213 1400 4283 qualem
1433 4211 1745 4279 opinionem
1770 4209 2018 4263 habuerit
2046 4206 2305 4277 Hippoly-

729 4323 817 4364 tus
839 4317 893 4362 et
915 4304 1247 4375 Epiphanius
1270 4304 1335 4356 de
1353 4300 1576 4355 Nicolao
1603 4314 1633 4354 e
1658 4309 1863 4367 septem
1886 4299 2128 4353 diaconis
2153 4283 2259 4352 un‘o
2282 4316 2297 4354 :

729 4413 786 4455 et
815 4399 959 4469 quod
993 4396 1168 4449 valide
1199 4394 1348 4447 illum
1380 4392 1763 4446 condemnent.
1793 4419 1861 4431 —
1890 4390 2117 4445 Divinus
2150 4388 2305 4461 lgna-

730 4494 838 4545 tins
894 4500 947 4543 et
993 4485 1246 4543 Clemens
1292 4483 1649 4547 Stromateus,
1700 4480 1960 4535 Eusebius
2016 4478 2301 4550 Pamphili,

732 4581 775 4636 Τ
782 4580 1110 4636 heodoretus
1144 4574 1269 4646 Cyri
1310 4574 1597 4643 episcopus
1628 4570 2018 4625 Nicolaitarum
2050 4571 2306 4625 damnant

730 4672 1010 4735 heresim;
1032 4668 1127 4723 sed
1168 4668 1342 4735 ipsum
1376 4664 1657 4719 Nicolaum
1691 4662 1850 4717 talem
1887 4663 2054 4716 fuisse
2084 4671 2298 4731 negant.
2333 4696 2377 4752 ι)

730 4795 801 4807 —
832 4762 1152 4831 Hippolytus
1205 4766 1260 4809 et
1299 4757 1532 4809 lrenaeus
1570 4754 1855 4823 epistolam
1893 4752 2044 4806 Pauli
2095 4753 2161 4806 ad
2194 4752 2301 4807 He-

730 4864 905 4917 brms
944 4860 1131 4912 dicunt
1177 4872 1282 4909 non
1325 4866 1450 4907 esse
1491 4849 1655 4904 illius.
1699 4849 1951 4903 Clemens
1976 4844 2213 4913 quidem.
2248 4852 2302 4897 et

731 4952 1012 5011 Eusebius,
1039 4948 1379 5013 aliorumque
1408 4941 1627 4996 Patrum
1660 4952 1945 4993 consessus
1974 4936 2111 4989 hanc
2137 4935 2300 4988 etiam

731 5043 851 5095 aliis
895 5041 1291 5098 adnumerant,
1340 5046 1395 5088 et
1436 5034 1586 5086 aiunt
1626 5032 1765 5083 hunc
1795 5027 2127 5083 Clementem
2164 5027 2301 5078 hanc

728 5149 792 5186 ex
820 5131 1045 5185 Hebraeo
1069 5123 1791 5191 transtulisse.—0rigenem
1822 5129 1875 5173 et
1898 5117 2296 5185 Theognostum

732 5237 959 5291 magnus
982 5221 1069 5273 ille
1094 5218 1419 5271 Athanasius
1450 5211 1842 5270 Alexandrinus
1867 5209 1915 5260 in
1944 5207 2125 5260 multis
2147 5206 2297 5259 libris

730 5313 987 5365 admittit.
1022 5308 1083 5361 Et
1112 5308 1267 5360 Titus
1290 5306 1625 5363 Bostrorum,
1655 5310 1709 5354 et
1740 5298 2034 5365 Gregorius
2060 5294 2291 5349 Theolo-

729 5415 829 5467 gus
864 5398 916 5451 in
956 5395 1202 5465 epistolis
1246 5392 1497 5447 eunidem
1547 5388 1882 5442 Philocalum
1930 5387 2191 5438 nominat.
2231 5383 2295 5437 Et

730 5490 1005 5556 Nysaenus
1062 5485 1407 5539 laudabiliter
1466 5482 1583 5547 ejus
1645 5478 1970 5531 mentionem
2022 5474 2184 5537 facit,
2239 5488 2293 5531 ct

2408 3491 2558 3560 αύτῷ
2589 3491 2807 3554 σύνοδος
2836 3492 2969 3561 πρὸς
3002 3492 3096 3545 τὸν
3125 3494 3183 3544 ἐν
3206 3492 3380 3557 ἁγίοις
3433 3491 3685 3557 Ἰωάννην
3714 3492 3808 3542 τὸν
3840 3492 3984 3560 Χρυο

2410 3582 2704 3651 σόστομον·
2749 3584 2847 3634 καὶ
2877 3582 3040 3644 ποίας
3090 3581 3221 3651 εσχε
3267 3582 3426 3646 δόξας
3477 3580 3719 3643 ’Δττικδς
3743 3581 3840 3633 καὶ
3873 3581 3984 3635 Κύο

2409 3673 2587 3741 ριλλος
2648 3674 2776 3742 περὶ
2834 3671 2928 3724 τοῦ
2980 3672 3148 3726 αὑτοῦ
3178 3671 3487 3739 ἀγιωτὰτου
3546 3670 3799 3723 Ἰωάννου
3831 3672 3989 3723 Κων-

2409 3764 2935 3825 σταντινουπόλεωςο
2966 3764 3062 3817 καὶ
3087 3763 3206 3826 οῖας
3237 3764 3396 3831 ισχεν
3436 3761 3736 3832 ὑπολήψεις
3764 3762 3794 3814 δ
3826 3762 3983 3814 εὐλα-

2408 3852 2664 3915 ϐέστατος
2720 3852 2989 3921 Ἰσίδωρος
3036 3852 3065 3904 ὁ
3095 3852 3190 3904 τοὺ
3230 3850 3530 3919 Πηλουσίου
3555 3851 3687 3921 περὶ
3720 3850 3981 3919 Θεοφίλου

2408 3941 2499 3993 καὶ
2525 3941 2796 4009 Κυρίλλου
2825 3941 2931 3992 τῶν
2974 3939 3377 4010 ’Δλεξανδρείας
3414 3940 3683 4009 ἰεραρχῶν
3718 3940 3815 3992 καὶ
3857 3940 3983 4009 περὶ

2408 4031 2499 4082 τοῦ
2534 4033 2590 4081 ἐν
2616 4031 2791 4095 ἁγίοις
2830 4032 3075 4083 Ἰωάννου
3135 4030 3230 4083 τοῦ
3287 4030 3700 4098 Χρυσοστόμου.
3754 4029 3833 4092 ὡς
3857 4032 3983 4091 τοὺς

2411 4122 2511 4190 μὲν
2560 4122 2723 4173 ἕνεκα
2764 4125 2863 4191 τῆς
2906 4122 3042 4190 πρὸς
3092 4118 3185 4173 τδν
3239 4120 3626 4189 Χρυσόστομον
3669 4118 3976 4189 ἀπεχθείας

2406 4214 2650 4275 ἐκάκιζε,
2700 4212 2793 4263 τὸν
2841 4212 2899 4264 δὲ
2947 4212 3139 4282 ἐπῄνει
3178 4228 3238 4264 τε
3266 4212 3359 4263 καὶ
3393 4209 3725 4279 ἐθαύμαζεν.
3752 4237 3824 4250 -
3859 4210 3981 4263 Ὀτι

2408 4303 2645 4372 Σεὸἦρος
2692 4302 2783 4355 τὸν
2842 4304 2902 4355 ἐν
2965 4303 3141 4369 ἁγίοις
3198 4300 3469 4371 Ἰσίδωρον
3528 4298 3849 4370 μέμψασθαι
3884 4299 3982 4368 μιν

2410 4393 2702 4464 ὁρμηθεὶς,
2726 4394 2825 4445 οὑκ
2854 4394 2993 4462 έχων
3010 4393 3067 4445 δέ
3087 4392 3234 4456 δθεν,
3273 4393 3463 4461 φήμην
3500 4390 3650 4460 αὑτῷ
3675 4390 3982 4460 περιπλάτ-

2404 4502 2487 4539 τει
2528 4484 2964 4555 Ὦριγενιασμοῦ,
2996 4485 3047 4536 εἰ
3089 4483 3187 4538 καὶ
3230 4483 3439 4552 ταύτην
3463 4482 3623 4545 αὑτὸς
3641 4480 3810 4535 πάλιν
3848 4483 3978 4537 ἀπο-

2409 4576 2740 4638 σκευάζεται
2768 4575 2835 4629 δι’
2862 4573 3081 4639 ἐαυτοῦ,
3110 4574 3218 4628 ὑπὸ
3250 4574 3350 4644 τῆς
3371 4574 3626 4647 ἀληθείας
3648 4574 3978 4643 νικώμενος.

2407 4691 2475 4705 —-
2504 4665 2624 4717 Ἔτι
2670 4665 2727 4718 δὲ
2770 4665 2931 4728 ποίας
2970 4663 3267 4734 ὑπολήψεις
3308 4663 3467 4734 έσχεν
3519 4662 3837 4725 Ἱππόλυτος
3887 4663 3979 4715 καὶ

2418 4757 2728 4825 Ἐπιφὰνιος
2766 4757 2811 4787 ⁸⁸
2857 4758 2985 4827 περὶ
3010 4757 3279 4811 Νικολάου
3311 4756 3406 4810 τοῦ
3433 4755 3551 4819 ἐνὸς
3573 4755 3683 4807 τῶν
3706 4753 3751 4819 ζ’
3787 4753 3976 4807 διακόο

2399 4864 2524 4911 νων,
2562 4848 2657 4900 καὶ
2688 4848 2770 4901 ὅτι
2799 4849 3031 4917 ἰσχυρῶς
3054 4847 3218 4901 αὑτοῦ
3252 4846 3779 4915 καταγινώσκουσιν,
3804 4842 3978 4911 Ἰγνά-

2398 4952 2511 4998 τιος
2552 4938 2778 5005 μέντοιὸ
2821 4937 3100 5007 θεοφόρος,
3133 4938 3227 4991 καὶ
3267 4938 3499 5007 Κλήμης
3524 4938 3554 4989 ὀ
3590 4935 3976 5005 στρευματεὺς,

2402 5029 2493 5081 καὶ
2523 5026 2779 5088 Εὐσέϐιος
2812 5029 2839 5079 ὁ
2897 5028 3209 5098 Παμφίλου,
3250 5029 3345 5083 καὶ
3361 5026 3704 5096 Θεοδώρητος
3735 5024 3976 5097 [9041ι.]

2404 5122 2431 5172 ὁ
2453 5120 2634 5189 Κύρου
2661 5120 2756 5189 τὴν
2785 5121 2882 5189 μὲν
2918 5120 3256 5174 Νικολαϊτῶν
3294 5118 3803 5187 καταγινώσκουσιν
3827 5120 3980 5187 αἶρε·

2406 5229 2507 5276 σιν,
2539 5212 2626 5264 τὸν
2650 5212 2705 5265 δὲ
2740 5213 3001 5265 Νικόλαον
3030 5212 3105 5283 μὴ
3133 5210 3369 5265 τοιοῦτον
3397 5211 3443 5242 ⁸³
3472 5204 3615 5262 εἶναι
3642 5208 3978 5275 ἀποφαίνον-

2401 5321 2602 5357 ται.-
2653 5306 2772 5357 Ὀτι
2800 5305 3114 5367 Ἱππόλυτος
3167 5304 3264 5356 καὶ
3333 5303 3622 5371 Εἰρηναῖος
3683 5300 3787 5369 τὴν
3842 5301 3977 5371 πρὸς

2412 5394 2690 5462 Ἐϐραίους
2719 5394 3003 5465 ἐπιστολὴν
3032 5394 3243 5448 Παύλου
3270 5394 3370 5446 οὑκ
3409 5392 3618 5446 ἐκείνου
3642 5386 3786 5445 εῐναί
3816 5408 3975 5460 φασι,

2402 5486 2631 5555 Κλήμης
2662 5486 2843 5553 μέντοι
2895 5488 2987 5539 καὶ
3026 5484 3285 5548 Εὐσέϐιος
3324 5484 3419 5537 καὶ
3461 5482 3630 5545 πολὺς
3656 5481 3823 5545 ἄλλος
3867 5482 3975 5534 τῶν

2000 5607 2225 5663 VARl/E
2262 5610 2659 5670 LECTIONES.

801 5731 845 5757 δ’
892 5728 1077 5794 Ἐπιφ.
1101 5735 1225 5778 ante
1266 5726 1507 5777 laeuuam
1538 5724 1604 5774 Α.
1676 5724 1722 5752 ⁵³
1754 5722 1826 5792 μὴ
1849 5722 1936 5774 τὸν
1965 5722 2199 5775 τοιοῦτον
2232 5742 2289 5785 ς’.
