4208 6442
257 414 391 477 1105

1272 420 1792 484 BIBLIOTIIECA.
1823 446 1894 460 -
1929 424 2092 486 COD.
2118 424 2483 491 CCXXXIII.

3357 436 3495 503 1106

254 530 531 600 θευφόρων
556 529 813 600 Πατέρων
843 532 1028 600 ὅμιλος
1069 534 1186 595 ταῖς
1209 533 1395 597 ἄλλαις
1427 535 1822 605 συναριθμοῦσι
1851 542 1897 599 Α

1851 542 1897 599 Α
1926 537 2211 609 Dionysius
2258 542 2661 598 Alexandrinus
2693 544 2759 598 ad
2806 544 2946 600 hunc
2975 549 3224 603 eumdem
3260 552 3489 609 scribit:

253 622 458 692 ταύτην
479 622 808 687 ἐπιστολαῖς,
828 624 921 676 καί
947 641 1111 692 φασιν
1136 626 1305 696 αὐτὴν
1336 630 1395 678 ὲκ
1418 626 1517 695 τῆς
1548 626 1827 696 Ἐϐραῖδος

258 713 605 784 μεταφράσαι
643 714 735 766 τὸν
768 716 1060 785 είρημένον
1109 717 1424 785 Κλήμεντα.
1443 746 1512 757 —-
1535 718 1657 771 Ὀτι
1688 718 1828 786 Ὠρι-

255 803 424 873 γένην
463 805 557 857 καὶ
610 804 955 872 Θεόγνωστον
1014 807 1044 859 ὅ
1100 823 1162 859 τε
1214 808 1387 877 μέγας
1434 807 1752 870 Ἀθανάσιος
1798 809 1827 860 6

268 891 677 965 Ἀλεξανδρείας
693 896 755 949 tv
772 896 988 959 πολλοῖς
1025 896 1319 967 ἀπεδέχετο
1340 897 1516 965 λόγοις
1546 898 1642 950 καὶ
1668 898 1825 961 Τίτος

254 983 285 1036 6
316 984 589 1053 Βόστρων,
622 989 719 1041 καὶ
745 989 775 1042 6
795 988 1046 1056 θεολόγος
1096 990 1395 1061 Γρηγόριος
1428 991 1488 1043 έν
1517 988 1825 1053 επιστολαῖς

255 1074 547 1141 φιλόκαλον
568 1077 732 1131 αὐτὸν
747 1077 921 1147 λέγει,
944 1078 1041 1133 καὶ
1075 1079 1105 1131 6
1135 1078 1352 1150 Νύσσης
1375 1079 1433 1134 6t
1458 1080 1721 1150 εὐφήμως
1746 1080 1828 1143 είς

258 1168 487 1237 μνήμην
511 1167 654 1236 ἁγει.
695 1168 862 1223 ’Λλλὰ
916 1171 1011 1224 καὶ
1039 1170 1314 1236 Διονύσιος
1354 1173 1384 1225 6
1427 1168 1829 1241 Ἀλεξανδρείας

1923 642 1977 681 et
1999 640 2117 696 post
2141 641 2368 686 mortem
2398 633 2540 687 illius
2564 634 2811 689 scribens
2833 635 2899 689 ad
2921 635 3289 693 'I'heotecnum
3313 641 3493 698 Ctesa-

1926 719 2156 772 riensem
2179 721 2492 790 episcopum
2515 723 2698 777 laudat
2722 723 3030 794 Origenem,
3065 736 3228 797 atque
3252 729 3489 787 Alexan-

1922 808 2017 861 der
2062 806 2495 879 llierapolitamts
2539 814 2607 869 ad
2652 814 2941 883 Origenem
2996 818 3283 885 scribens,
3315 822 3497 876 verbis

1921 908 2042 950 eum
2070 896 2357 967 plurimum
2393 901 3039 976 delinit.—'I‘heopbilus
3081 917 3137 965 et
3161 908 3492 981 Epiphanius

1928 989 2215 1063 Origenem
2270 993 2559 1065 plurimum
2609 1010 2949 1057 aversantur.
2979 1002 3213 1070 —Quid
3263 1006 3497 1060 senserit

1932 1083 2121 1140 beatus
2140 1082 2457 1157 Hippolytus
2482 1090 2550 1146 de
2575 1089 2767 1149 heresi
2797 1092 3274 1160 lamminarum.
3296 1103 3350 1152 et
3369 1096 3498 1166 quid

1934 1172 2227 1244 Gregorius
2264 1176 2556 1250 Nyssenus.

256 1260 397 1331 πρὸς
430 1261 590 1315 αὐτὸν
605 1262 811 1318 έκεῖνον
841 1263 1090 1333 γράφων,
1115 1264 1197 1318 ιτι
1237 1265 1293 1319 δι
1315 1267 1409 1321 καὶ
1433 1266 1571 1337 μετὰ
1592 1265 1821 1320 θάνατον
1856 1265 2066 1322 ἐκείνου
2089 1271 2224 1341 πρὸς
2258 1272 2548 1328 Θεότεκνον
2582 1275 2674 1330 τδν
2695 1279 2796 1345 τῆς
2870 1276 3209 1349 Καισαρείας
3266 1275 3487 1330 ιπίσκο-

256 1369 363 1405 πον
404 1353 652 1421 γράφων,
688 1354 757 1408 δι’
813 1354 1052 1409 έπαίνων
1088 1355 1182 1408 τὸν
1219 1355 1498 1427 Ὦριγένην
1538 1356 1682 1425 άγει.
1710 1357 1823 1412 Καὶ
1875 1356 2219 1429 Ἀλέξανδρος
2251 1362 2280 1415 6
2309 1362 2661 1434 Ἱεραπόλεως
2722 1364 3021 1430 ιπίσκοπος
3087 1364 3184 1419 καὶ
3252 1364 3495 1436 μάρτυς,

257 1446 401 1520 πρὸς
423 1445 513 1497 τὴν
539 1444 701 1498 αὐτὸν
743 1445 1027 1517 Ὠριγένην
1075 1447 1324 1517 γράφων,
1376 1446 1498 1499 λίαν
1536 1446 1831 1501 οἰκειοῦται
1866 1447 1958 1500 τὸν
1995 1449 2167 1520 ἁνδρα
2234 1453 2348 1516 τοῖς
2396 1454 2593 1524 λόγοις.
2624 1484 2696 1495 -
2755 1454 2877 1510 Ὀτι
2920 1456 3177 1525 Θεόφιλος
3224 1455 3323 1525 μὶν
3390 1457 3488 1508 καὶ

271 1538 591 1607 Ἐπιφὰνιος
618 1536 737 1590 λίαν
755 1536 1117 1608 ἐκτρέπονται
1136 1537 1228 1590 τὸν
1262 1536 1831 1608 Ὦριγένην.--Τίνας
1904 1537 2197 1608 ὑπολήψεις
2259 1539 2405 1613 εῖχεν
2456 1546 2486 1598 6
2535 1544 2837 1614 ἁγιώτατος
2874 1544 3183 1611 Ἱππόλυτος
3224 1550 3349 1620 περὶ
3399 1551 3500 1621 τῆς

256 1631 373 1686 τῶν
418 1628 802 1685 Μοντανιστῶν
864 1630 1149 1701 αἱρέσεως,
1196 1630 1295 1683 καὶ
1323 1631 1473 1693 τίνας
1510 1633 1539 1683 6
1570 1632 1625 1682 ὲν
1651 1631 1824 1697 ἁγίοις
1860 1632 1959 1702 τῆς
1986 1633 2205 1706 Νύσσης
2232 1636 2554 1710 Γρηγόριος.

332 1721 417 1774 Τὰ
454 1720 551 1789 μὲν
578 1715 671 1772 οὖν
697 1718 1043 1791 μερικώτερα
1063 1721 1172 1773 τῶν
1187 1719 1496 1789 κεφαλαίων
1519 1722 1577 1772 tv
1603 1718 1829 1782 τούτοιςο

260 1812 428 1866 πάλιν
448 1811 505 1864 6t
533 1810 624 1864 επί
657 1828 711 1864 τι
745 1812 1055 1881 κοινότερον
1100 1811 1440 1881 μεταϐαίνει,
1476 1813 1565 1865 καὶ
1595 1812 1831 1881 παρατί-

2009 1724 2134 1779 llaec
2176 1727 2393 1796 quidem
2433 1727 2781 1798 particularia
2824 1729 2994 1797 magis
3027 1743 3189 1799 quam
3232 1730 3408 1797 capita
3446 1731 3499 1785 in

1938 1817 2039 1871 his.
2076 1817 2274 1873 Iterum
2315 1834 2445 1875 vero
2488 1822 2540 1875 in
2577 1821 2705 1890 quid
2735 1822 3077 1876 communius
3110 1822 3403 1886 delabitur,
3444 1832 3500 1878 et

262 1894 405 1973 θησι’
423 1903 646 1972 χρήσεις
669 1902 752 1955 δτι
783 1904 982 1965 παντὸς
1031 1901 1327 1966 τεθνεῶτος
1362 1903 1509 1972 ψυχὴ
1541 1901 1831 1972 ὠφελεῖται
1858 1930 1906 1989 Β

1858 1930 1906 1989 Β
1938 1904 2094 1959 uﬂ‘ert
2138 1908 2471 1965 testimonia.
2494 1938 2563 1951 —
2589 1911 2784 1965 Anima
2824 1912 3003 1966 onmis
3048 1912 3246 1968 mortui
3280 1911 3499 1981 juvatur

264 1994 502 2065 μέγιστα
528 1992 618 2047 διὰ
641 1991 753 2046 τῶν
781 1992 922 2063 ὑπὲρ
942 1992 1105 2046 αὐτοῦ
1127 1991 1252 2065 [478
1276 1992 1369 2066 IL]
1400 1994 1830 2063 ἐπιτελουμένων

1939 1996 2170 2051 maxime
2204 2009 2299 2065 per
2324 2014 2530 2068 preces,
2563 2000 2883 2067 oblationes,
2915 2010 2971 2057 et
3000 2001 3375 2076 eleetnosynas
3406 2019 3501 2073 pro

261 2083 442 2153 εὐχῶν
472 2083 567 2136 καὶ⁵
598 2085 922 2155 προσφορῶν
950 2085 1041 2136 καὶ
1076 2083 1478 2154 ἐλεημοσυνῶν,
1510 2086 1604 2137 καὶ
1625 2086 1689 2137 ὲκ
1734 2082 1830 2137 τοῦ

260 2176 671 2245 ἀντικειμένου,
698 2176 785 2230 ὃτι
816 2176 915 2246 οὐχ
938 2175 1133 2239 οὕτως.

335 2264 442 2319 Τδν
483 2269 581 2336 μὶν
603 2266 698 2321 οὖν
718 2268 954 2337 Γόϐαρον
978 2273 1139 2342 μέχρι
1159 2269 1365 2325 τούτων
1384 2268 1495 2324 τῶν
1524 2268 1834 2338 κεφαλαίων

263 2358 358 2411 τὸν
396 2358 560 2412 πόνον
591 2356 829 2431 εὕρομεν
860 2361 1279 2431 ἀναδεξάμενον.

966 2453 1127 2507 ΣΛΓ.

297 2542 614 2611 Γερμαγοῦ
681 2544 1078 2678 αατριαρέῗὲλ
1113 2544 1803 2612 Κωνσταντινουκόλεως

1079 2632 1170 2678 ος.

1079 2632 1170 2679 ος.

346 2703 691 2774 ’Δνεγνώσθη
724 2702 928 2773 βιϐλίον
959 2704 1050 2759 τὸν
1066 2706 1124 2757 ὲν
1154 2705 1333 2773 ἁγίοις
1363 2705 1644 2776 Γερμανδν
1674 2704 1839 2776 φέρον

263 2794 610 2863 συγγραφέα,
658 2794 717 2858 ὃς
756 2796 895 2865 μετὰ
957 2796 1019 2848 τδ
1100 2795 1341 2860 Κυζίκου
1396 2796 1839 2867 χειροτονηθῆναι

265 2886 895 2950 Κωνσταντινουπόλεως
931 2888 1302 2957 ὲχρημὰτισεν
1340 2887 1631 2958 ἀρχιερεύς
1652 2904 1667 2919 ·
1699 2888 1841 2943 ἀντ-

263 2976 627 3043 αποδοτικός
640 2978 696 3030 6t
709 2978 746 3045 ἢ
762 2978 1086 3043 ἀνόθευτος
1097 2979 1193 3047 τὴν
1208 2980 1517 3051 επιγραφὴν
1536 2979 1666 3050 ἔχει,
1687 2980 1716 3033 6
1728 2981 1841 3033 ἴσον

265 3065 335 3118 ἂν
352 3066 441 3135 εῖη
464 3068 593 3136 περὶ
614 3065 658 3098 ⁵⁸
686 3068 782 3137 τῆς
807 3068 1096 3121 άνοθεύτου
1117 3067 1226 3121 τῶν
1254 3068 1602 3138 βεϐιωμένων
1634 3070 1843 3140 ἀνθρώ-

270 3172 396 3218 ποις
420 3156 852 3220 ἁνταποδόσεως.
876 3159 987 3229 Τῆς
1008 3159 1105 3229 μὲν
1141 3159 1235 3212 οὖν
1258 3160 1569 3231 ἐπιγραφῆς
1599 3163 1633 3231 ή
1670 3164 1845 3229 ἑπαγ-

1936 2102 1997 2144 se
2031 2087 2222 2145 factas.
2251 2089 2319 2147 Et
2343 2106 2373 2147 e
2397 2092 2670 2149 contrario
2697 2107 2805 2149 non
2832 2094 2932 2149 sic.

2009 2266 2282 2324 Hactenus
2328 2268 2547 2339 quidem
2601 2270 2901 2336 reperimus
2946 2268 3217 2327 Gobarum
3263 2270 3501 2342 capitum

1943 2373 2161 2413 suorum
2194 2357 2434 2414 libellum
2464 2358 2788 2415 confecisse.

2537 2448 2869 2507 CCXXXIII.

1943 2536 2189 2592 Germani
2249 2538 2566 2614 patriaqltar
2619 2540 2929 2614 CP.__liDcr
2993 2542 3348 2614 apologstictts
3410 2560 3505 2611 pro

2425 2607 2678 2680 Gregorio
2720 2609 2773 2664 Ν
2776 2628 2980 2683 yssetto.

2015 2696 2140 2768 Legi
2170 2698 2361 2754 librum
2385 2712 2606 2756 auctore
2631 2702 2927 2765 Germano,
2951 2703 3042 2773 qni
3070 2703 3301 2772 primum
3325 2702 3506 2775 Cyzici

1943 2788 2265 2855 ordinatus,
2345 2800 2466 2859 post
2521 2793 3147 2862 Constantinopolitanus
3204 2794 3509 2863 patriarcha

1948 2878 2066 2945 fuit,
2096 2882 2187 2950 qui
2236 2881 2373 2938 liber
2407 2884 2740 2949 inscribitur,
2778 2883 3087 2939 Retribnens
3122 2896 3171 2940 et
3200 2886 3464 2955 legitimus
3488 2903 3509 2940 :

1947 2976 2087 3042 quod
2119 2976 2341 3044 perinde
2371 2986 2453 3031 est
2486 2992 2549 3032 ac
2577 2976 2773 3047 2926
2806 2978 2851 3032 si
2910 2978 3111 3032 dixeris
3142 2995 3157 3031 :
3194 2979 3265 3033 De
3300 2994 3420 3031 vera
3458 2987 3513 3032 et.

1950 3063 2185 3134 legitima
2228 3065 2611 3132 retributione,
2647 3069 2789 3136 quod
2836 3068 3161 3137 rependatur
3203 3069 3512 3123 hominibus

1951 3165 2106 3221 prout
2172 3157 2428 3210 vixerint.
2470 3155 2537 3211 Et
2579 3159 2694 3213 haec
2756 3160 2970 3227 quidem
3020 3160 3158 3214 tituli
3208 3158 3509 3227 inscriptio.

266 3246 430 3313 γελία
453 3246 697 3319 τοιαύτη,
754 3249 1087 3316 ἀγωνίζεται
1112 3249 1170 3302 6t
1218 3252 1248 3303 6
1270 3250 1428 3318 λόγος
1449 3252 1545 3304 τὸν
1577 3252 1636 3305 tv
1667 3252 1842 3320 ἁγίοις
1870 3273 1916 3335 C

1870 3273 1916 3335 ρ
1951 3246 2238 3301 Contendit
2254 3262 2383 3303 vero
2404 3246 2722 3317 Gregorium
2748 3247 2933 3318 Nysae:
2957 3249 3267 3318 episcopum
3291 3249 3511 3315 ejusque

267 3339 372 3406 τῆς
393 3335 612 3407 Νύσσης
632 3339 931 3411 Γρηγόριον
977 3342 1071 3394 καὶ
1109 3342 1178 3395 τὰ
1215 3341 1403 3396 τούτου
1431 3343 1847 3413 συγγράμματα

266 3427 369 3495 τῆς
413 3428 741 3497 Ὠριγενείου
762 3432 1073 3500 παρασχεῖν
1094 3430 1353 3501 ελεύθερα
1381 3430 1581 3501 λώϐης.
1606 3432 1717 3486 Καὶ
1739 3432 1847 3502 γὰρ

266 3513 354 3583 οἷς
389 3519 486 3572 τοῦ
515 3520 793 3590 δαιμονίου
817 3522 984 3589 φύλου
1012 3522 1108 3576 καὶ
1136 3522 1243 3575 τῶν
1271 3524 1353 3586 είς
1381 3522 1603 3577 κόλασιν
1629 3522 1849 3577 ἀτελεύ-

269 3627 441 3680 τητον
468 3612 989 3682 παραπεμπομένων
1033 3611 1337 3677 ἀνθρώπων
1368 3615 1400 3682 ἠ
1445 3613 1607 3682 λῆρος
1637 3614 1848 3666 ἁποκα-

272 3703 541 3762 τάστασις
565 3702 741 3770 φίλον,
789 3696 936 3755 οὗτοι
983 3702 1070 3770 δή,
1102 3703 1200 3756 ἁτε
1223 3704 1317 3754 τὸν
1342 3702 1513 3771 ἄνδρα
1561 3703 1763 3772 ὑψηλόν
1789 3720 1848 3755 τε

270 3794 391 3855 τοῖς
413 3791 647 3860 δόγμασι
703 3792 799 3844 καὶ
854 3791 1023 3845 πολὺν
1054 3796 1167 3855 τοῖς
1220 3792 1331 3846 τῶν
1369 3792 1543 3862 λόγων
1582 3794 1850 3863 ῥεύμασιν

272 3882 504 3944 ειδότες,
553 3882 650 3936 καὶ
704 3882 967 3953 λαμπράν
992 3882 1093 3953 τῆς
1139 3883 1420 3947 εὐσεϐείας
1447 3886 1548 3954 τήν
1581 3884 1850 3955 ὑπόληψιν

275 3976 361 4036 εἰς
384 3973 591 4034 πάντας
612 3972 937 4043 άνθρώπους
989 3974 1423 4046 περιηχηθεῖσαν
1468 3976 1723 4047 ὁρῶντες,
1755 3978 1855 4029 trt-

274 4065 541 4118 εϐἁλοντο
566 4063 610 4097 ⁸⁸
664 4067 980 4134 παρενεῖραι
1016 4069 1128 4128 τοῖς
1148 4066 1359 4118 ἐκείνου
1384 4069 1733 4136 φωτιστικοῖς
1758 4068 1853 4123 καὶ

279 4150 577 4220 σωτηρίοις
614 4149 793 4218 λόγοις
830 4151 899 4204 τὰ
942 4150 1155 4222 ζοφώδη
1185 4153 1280 4207 καὶ
1313 4154 1535 4225 ὀλέθρια
1572 4156 1670 4225 τῆς
1709 4157 1854 4227 Ὠρι-

275 4241 479 4310 γένους
530 4241 865 4310 ὀνειρώεεως
928 4242 1339 4313 ἀμϐλωθρίδια,
1389 4247 1456 4317 τῇ
1506 4245 1603 4298 τοῦ
1657 4246 1852 4319 ἀνδρὸς

275 4330 618 4402 περιωνύμῳ
652 4332 699 4363 ⁸⁸
747 4333 916 4403 ἁρετῇ
964 4349 1023 4387 τε
1064 4335 1160 4388 καὶ
1202 4333 1401 4402 γνώσει
1445 4336 1545 4407 τήν
1571 4336 1856 4407 αίρετικὴν

276 4421 579 4477 ὑποϐαλεῖν
624 4422 897 4493 λαθραίως
950 4423 1324 4495 διανοηθέντες
1376 4426 1659 4483 ἀπόνοιαν.
1706 4428 1852 4483 Διότι

274 4512 445 4566 τοῦτο
472 4511 572 4581 μιν
594 4512 932 4583 προσθήκαις
946 4513 1141 4578 νόθοις,
1162 4513 1321 4567 τοῦτο
1348 4514 1410 4567 6t
1440 4517 1532 4568 καὶ
1558 4515 1853 4589 διαστροφῇ

1948 3338 2145 3406 scripta
2194 3338 2263 3393 ab
2305 3338 2554 3410 Origenis
2584 3355 2772 3395 errore
2811 3355 2931 3396 esse
2976 3340 3256 3394 immunia.
3302 3339 3512 3394 Etenim

1946 3429 2143 3497 quibus
2178 3429 2424 3485 delirium
2458 3429 2590 3486 illud
2634 3432 2845 3500 placet,
2903 3430 3233 3487 daemonibus
3259 3440 3314 3485 et
3342 3430 3514 3484 homi-

1949 3520 2107 3573 nibus
2157 3518 2209 3572 in
2254 3528 2514 3573 aeternam
2568 3533 2780 3590 postiam
2822 3520 3086 3589 conjectis
3142 3518 3513 3573 liberationem

1948 3609 2074 3665 inde
2100 3610 2547 3680 exspectandam:
2582 3610 2657 3664 illi
2681 3610 2847 3680 (quod
2875 3611 3049 3663 virum
3074 3610 3315 3664 doctrina
3340 3608 3517 3675 singu-

1951 3700 2154 3764 larem,
2202 3709 2261 3754 et
2304 3698 2613 3768 eloquentia
2660 3701 2924 3770 insignem
2968 3716 3090 3755 cum
3140 3708 3515 3769 agnoscerent,

1949 3792 2261 3858 claramque
2291 3791 2596 3847 sanctitatis
2640 3792 3097 3848 existimationem
3138 3804 3234 3861 per
3277 3790 3516 3846 omnium

1950 3896 2044 3935 ora
2072 3884 2413 3937 decantatam
2440 3882 2709 3951 viderent)
2732 3882 2971 3952 aggressi
3007 3890 3137 3937 sunt
3163 3880 3327 3939 claris
3350 3891 3404 3935 et
3428 3895 3519 3935 su-

1954 3972 2213 4027 lntaribus
2244 3972 2361 4042 ejus
2405 3973 2621 4040 scriptis
2665 3973 2900 4028 obscura
2952 3986 3017 4029 ac
3057 3971 3359 4043 perniciosa
3393 3970 3519 4025 Ori-

1951 4061 2162 4130 geniani
2198 4062 2373 4114 somni
2412 4075 2620 4115 venena
2656 4062 2983 4149 admiscere,
3009 4060 3306 4129 virtutique
3341 4058 3517 4114 homi-

1956 4154 2130 4215 nis,et
2156 4153 2415 4207 doctrinae
2432 4152 2628 4207 celebri
2654 4152 2960 4207 haareticam
2990 4151 3201 4206 occulte
3229 4150 3519 4204 amentiam

1954 4244 2238 4311 subjicere.
2264 4242 2443 4309 Quare
2474 4244 2667 4311 partim
2698 4242 3077 4298 additameutis
3129 4240 3279 4295 falsis
3321 4239 3519 4310 partim

1956 4334 2119 4388 rectis
2154 4334 2489 4403 argumentis
2519 4332 2779 4389 violenter
2808 4332 3056 4396 detortis,
3090 4331 3253 4387 multa
3282 4345 3347 4386 ex
3380 4330 3519 4385 irre-

1957 4424 2406 4492 prehensibilibus
2435 4425 2554 4495 ejus
2586 4424 2950 4479 monumentis
2990 4421 3311 4477 calumniari
3339 4419 3520 4477 conati

1957 4527 2102 4568 sunt.
2129 4514 2329 4569 Contra
2370 4530 2504 4584 quos
2530 4514 2831 4571 Germanus
2860 4515 3079 4583 pietatis
3106 4525 3364 4583 patronus
3393 4527 3522 4565 acu-

275 4603 391 4655 τῶν
425 4601 605 4673 ὀρθῶν
657 4602 934 4674 λογισμῶν
968 4602 1321 4677 βεϐιασμένη,
1363 4604 1532 4659 πολλὰ
1566 4606 1677 4660 τῶν
1698 4608 1855 4678 ἁμωο
1888 4600 1933 4656 D

1888 4600 1933 4656 D
1963 4609 2073 4651 tum
2128 4601 2371 4654 veritatis
2410 4602 2644 4671 gladium
2692 4604 2993 4671 stringens,
3031 4612 3084 4654 et
3132 4601 3354 4654 vulnere
3400 4614 3522 4669 pro-

282 4694 478 4763 μήτων
492 4694 702 4746 ἑκείνου
718 4695 1108 4763 συνταγμάτων
1128 4695 1611 4766 κατακιϐδηλεύειν
1628 4699 1857 4770 ἐπειρά-

281 4786 483 4855 θησαν.
514 4786 650 4840 Καθ*
676 4780 752 4840 ὧν
768 4788 1047 4857 Γερμανὸς
1080 4788 1224 4858 ότής
1248 4787 1535 4851 εὐσεϐείας
1561 4791 1858 4860 συνήγορος

280 4875 381 4941 ὀξὺ
412 4873 515 4943 τῆς
540 4874 800 4945 ἀληθείας
826 4876 1057 4945 ιπαφεὶς
1087 4877 1153 4930 τὸ
1208 4876 1384 4944 ξίφος,
1416 4878 1513 4931 καὶ
1541 4880 1769 4949 νεκροὺς
1789 4882 1855 4951 τῇ

281 4965 475 5035 πληγῇ
509 4962 684 5020 λιπὼν
711 4966 839 5028 τοὺς
863 4965 1178 5035 πολεμίους,
1241 4965 1537 5037 νικηφόρον
1558 4969 1651 5020 καὶ
1680 4984 1861 5039 πρωτ-

282 5057 602 5126 αγωνιστήν
646 5056 741 5110 τὸν
769 5056 893 5111 καθ’
934 5051 997 5111 οὐ
1045 5057 1144 5120 τὰς
1193 5057 1488 5122 επιϐουλὰς
1525 5060 1560 5129 ή
1607 5058 1858 5129 αίρετική

282 5147 506 5217 φάλαγξ
530 5147 907 5219 έῤῥᾳδιούργει
941 5150 1036 5202 καὶ
1060 5149 1433 5214 κατεσκεύαζε
1457 5159 1857 5222 παρεστήσατο.

285 5238 423 5311 [905
458 5236 552 5310 8.]
591 5240 747 5292 Ἔστι
784 5239 884 5309 μὲν
914 5233 1009 5292 οὖν
1052 5242 1081 5293 6
1108 5239 1248 5309 ἁνὴρ
1277 5242 1336 5292 tv
1356 5240 1433 5310 τῷ
1462 5240 1691 5310 παρόντι
1717 5240 1861 5311 λόγῳ

285 5330 536 5400 καθαρός
564 5347 625 5383 τε
653 5331 749 5384 καὶ
798 5329 1020 5400 διειδής,
1053 5332 1147 5384 καὶ
1186 5333 1287 5394 τὰς
1315 5334 1373 5385 tv
1397 5332 1623 5401 ὀνόμασι
1652 5333 1860 5402 τροπάς

285 5421 565 5491 εὐστόχως
591 5421 1047 5492 ὐποϐαλλόμενος,
1087 5422 1183 5476 καὶ
1225 5425 1325 5493 τήν
1376 5424 1475 5493 μὲν
1507 5424 1706 5494 φράσιν
1732 5424 1859 5495 ήδύ-

288 5533 421 5579 νων,
450 5515 550 5583 οὐχ
580 5514 945 5585 ύφελκόμενος
974 5515 1032 5569 6t
1075 5517 1213 5587 πρὸς
1242 5517 1579 5586 ψυχρότητα,
1614 5521 1863 5585 γενναῖος

293 5605 397 5675 μὲν
453 5604 543 5658 τοῦ
591 5605 870 5660 ἐπιϐαλεῖν
897 5608 963 5675 τῇ
1024 5607 1304 5677 προθέσει,
1336 5609 1520 5677 ὅμοιος
1549 5608 1605 5661 δὲ
1633 5608 1863 5665 διελθεῖν

1962 4702 2166 4745 stratos
2201 4693 2381 4747 hostes
2417 4692 2746 4761 relinquens,
2787 4693 3047 4747 victorem
3080 4691 3520 4757 superioremque

1961 4795 2083 4835 eum
2119 4781 2399 4836 constituit
2428 4783 2479 4836 in
2520 4796 2682 4851 quem
2714 4782 2963 4838 haeretica
3000 4781 3259 4836 colluvies
3301 4779 3523 4834 insidias

1963 4882 2236 4927 struxerat
2264 4884 2318 4928 et
2344 4884 2619 4942 posuerat.
2653 4872 2825 4943 Hujus
2847 4875 3018 4944 stylus
3047 4874 3101 4927 in
3134 4874 3234 4928 hoc
3258 4870 3521 4940 opusculo

1964 4980 2129 5035 purus
2166 4979 2233 5019 ac
2265 4964 2460 5031 clarus,
2493 4965 2889 5034 verborumque
2920 4975 3100 5033 tropos
3135 4961 3362 5017 feliciter
3385 4962 3525 5015 arri-

1965 5058 2140 5127 piens,
2175 5056 2356 5123 phrasi
2388 5065 2611 5112 venusta
2640 5066 2695 5112 et
2729 5055 2985 5125 eleganti,
3015 5068 3119 5109 non
3166 5054 3231 5107 ad
3262 5053 3523 5123 {rigidita-

1964 5155 2071 5201 tem
2096 5161 2344 5216 vergens,
2377 5148 2649 5215 proposito
2679 5147 2851 5199 valide
2893 5146 3184 5208 insistens,
3228 5158 3324 5212 par
3361 5142 3523 5196 etiam

1964 5235 2017 5289 in
2051 5234 2483 5289 contentionibus
2502 5234 2875 5303 suscipiendis,
2902 5231 3141 5300 nihilque
3168 5230 3302 5285 citra
3335 5242 3522 5283 neces-

1963 5330 2176 5383 sitatem
2210 5327 2539 5390 imtniscens,
2570 5327 2700 5382 nihil
2723 5328 2865 5397 quod
2890 5327 3035 5381 dictu
3060 5324 3130 5379 sit
3161 5320 3521 5377 necessarium

1972 5420 2409 5489 praetermittens,
2448 5427 2560 5473 tum
2594 5419 2999 5474 constructione
3037 5427 3092 5472 et
3116 5410 3526 5485 epicheremati-

1972 5513 2089 5577 bus,
2128 5522 2236 5565 tum
2281 5511 2793 5581 enthymematibus,
2828 5519 2883 5564 et
2907 5518 2989 5563 est
3016 5506 3180 5561 veluti
3209 5505 3351 5558 clara
3379 5516 3525 5555 sanat:

1971 5605 2227 5663 doctrina:
2250 5619 2462 5660 norma.
2500 5604 2576 5658 lta
2606 5613 2661 5659 et
2692 5603 2904 5657 illormn
2937 5601 2979 5656 si
3005 5599 3127 5670 quis
3157 5598 3521 5654 vehementes,

1563 5701 1789 5755 VAllIIE
1834 5698 2237 5758 LECTIONES.

358 5794 402 5823 ⁵⁸
440 5793 567 5860 περὶ
596 5807 703 5845 om.
741 5792 802 5845 Β.
885 5792 928 5823 ³³
950 5791 1305 5846 ἐπεσάλλοντο
1335 5810 1394 5857 ς.

1473 5795 1514 5826 ³⁸
1542 5794 1784 5847 πολυωνύ
1794 5812 1876 5860 μῳ
1907 5796 2008 5857 ης.
