4208 6442
766 410 899 474 “01

1921 414 2182 475 ΡΠΟΤΙΙ
2225 414 2727 475 ΡᾹΤΒΙΛΠΕΙΙᾸΞ
2767 416 2873 477 CP.

3870 411 4020 477 1108

760 516 955 578 claras,
997 524 1051 571 et
1084 526 1283 585 gratas,
1314 526 1367 571 et
1402 516 1734 583 spiritualem
1773 518 2069 573 doctrinam
2094 529 2331 573 ostenta-
2366 534 2409 589 Α

2366 534 2409 589 Α
2436 521 2503 575 τὰ
2524 520 2897 589 ἀγωνίσματα,
2919 518 3014 572 καὶ
3044 517 3138 572 τοῦ
3173 519 3272 589 μὲν
3301 518 3595 589 ἀναγκαίου
3621 520 3785 589 μηδὲν
3807 516 4020 582 limo"

761 607 890 659 tioni
913 606 1255 673 praetereuntes
1282 609 1520 663 scribere
1544 610 1820 665 orationes
1870 612 2033 679 cupit,
2061 611 2334 679 egregium

763 706 845 750 est
870 698 1196 765 exemplum,
1226 709 1279 753 et
1312 700 1615 754 inuitatione
1641 700 1881 770 dignum.

2441 607 2831 676 παραπλέων,
2894 605 3044 658 οὐδὲν
3098 605 3155 658 δὲ
3228 604 3338 657 τῶν
3391 605 3714 672 ὀφειλόντων
3773 602 4019 673 ῥηθῆναι

2444 699 2721 769 παρορῶν,
2754 697 2876 750 οὔτε
2904 699 3024 758 ταῖς
3049 698 3409 758 κατασκευαῖς
3432 694 3554 747 οὔτε
3589 697 3697 757 τοῖς
3718 692 4020 761 ἐπιχειρή-

765 805 927 857 μασιν
980 788 1100 841 οὕτε
1156 792 1263 851 τοῖς
1300 789 1696 861 ἐνθυμήμασιν.
1757 792 1894 844 Ἀλλ’
1951 792 2097 845 ἐστιν
2124 790 2313 858 ὥσπερ
2338 788 2446 841 τῶν
2505 788 2744 841 εὐσεϐῶν
2780 787 3065 857 δογμάτων
3122 787 3299 837 κανὼν
3324 785 3723 855 ἀπαρέγκλιτος
3755 786 3825 846 δ’,
3853 782 4007 837 οὕτω

765 880 861 931 καὶ
891 878 1021 941 τῶν,
1050 879 1101 931 εί
1148 897 1231 941 τις
1295 880 1465 931 ἐθέλει
1510 880 1553 911 ⁸⁸
1582 882 1770 947 λόγους
1791 884 2046 951 ’γράφειν
2073 883 2329 942 δυνατοὺς
2369 881 2461 931 καὶ
2486 881 2678 945 σαφεῖς
2701 880 2795 931 καὶ
2824 878 3115 949 χαρίεντας
3170 877 3267 928 καὶ
3321 881 3700 947 πνευματικὴν
3749 876 4017 928 διδασκα-

767 972 886 1023 λῖαν
918 971 1299 1039 προτιμῶντας
1321 972 1417 1040 τῆς
1442 974 1767 1039 ἐπιδείξεως,
1790 972 1951 1024 καλὸν
1980 972 2333 1041 παράδειγμα
2373 972 2464 1024 καὶ
2496 968 2881 1039 ἀξιοζήλωτον.

834 1058 992 1112 Notat
1019 1062 1161 1113 enim
1192 1062 1363 1128 primo
1422 1062 1738 1116 luereticum
1772 1063 1988 1131 dogma,
2029 1060 2175 1130 quod
2213 1062 2322 1113 dte-

766 1163 951 1203 niones
990 1150 1042 1202 in
1084 1152 1361 1219 antiquum
1430 1164 1654 1219 statum,
1710 1162 1762 1207 et
1784 1168 1876 1208 eos
1914 1154 2004 1222 qui
2033 1154 2084 1205 in
2113 1151 2330 1221 ﬂagitiis

768 1240 877 1294 suis
910 1240 1225 1303 moriuntur,
1264 1251 1384 1309 post
1438 1257 1623 1309 ptenas
1676 1243 1999 1298 delinitasin
2047 1243 2328 1297 beatorum

772 1344 1050 1383 numerum
1084 1332 1453 1400 aggregandos
1480 1344 1727 1402 nugatur.
1752 1332 1965 1386 Refellit
1988 1346 2115 1385 vero
2139 1331 2330 1385 fabulis

769 1419 975 1483 plenam
1006 1420 1356 1487 impietatem,
1381 1423 1610 1491 primum
1638 1437 1668 1477 e
1701 1424 1910 1477 Domini
1951 1422 2143 1491 292s
2205 1437 2325 1476 ver-

772 1510 872 1570 bis,
898 1510 1019 1564 hinc
1054 1526 1119 1565 ex
1153 1512 1461 1581 apostolicis
1499 1515 1747 1577 decretis,
1778 1516 1976 1583 quibus
2012 1524 2065 1566 et
2100 1515 2328 1583 pr0piie-

773 1610 945 1654 tarum
1000 1604 1301 1656 testimonia
1356 1605 1556 1670 adjicit,
1634 1606 1778 1660 clare
1838 1607 2204 1670 ostendentia,
2275 1617 2331 1662 ut

770 1698 965 1742 reterns
984 1692 1649 1759 estjustorumineﬂ‘abilis
1674 1694 1879 1759 l'ruitio,
1920 1698 1997 1748 sic
2032 1708 2083 1750 et
2105 1712 2328 1765 peccan-

775 1778 903 1831 tium
925 1783 1304 1847 sempiternam
1328 1793 1485 1854 atque
1518 1785 1780 1838 inﬁnitam
1811 1801 2020 1853 paruam
2046 1787 2278 1841 futuram
2308 1806 2322 1843 :

2520 1056 2904 1125 Ἐπιρῤαπίζει
2983 1057 3081 1125 μὲν
3136 1055 3231 1108 οὖν
3296 1054 3558 1123 πρότερον
3611 1053 3673 1105 τὸ
3729 1052 4019 1122 αἱρετικὸν

2429 1148 2624 1216 δόγμα,
2647 1147 2675 1199 δ
2704 1147 2803 1215 τῆς
2856 1146 3354 1208 ἀποκαταστάσεως
3389 1144 3498 1196 τῶν
3528 1144 3801 1213 δαιμόνων
3834 1144 3919 1205 είς
3949 1143 4013 1194 τὸ

2432 1236 2807 1307 ἀρχαῖοννκαὶ
2861 1235 2970 1288 τῶν
3020 1238 3077 1288 ἐν
3122 1236 3419 1305 ἁμαρτίαις
3475 1234 3899 1286 καταλυσάντων
3922 1234 4019 1285 τὸν

2434 1328 2567 1397 βίον,
2598 1327 2735 1397 μετά
2758 1328 2803 1357 δ’
2838 1344 2988 1389 τινας
3051 1328 3241 1389 ποινὰς
3287 1325 3595 1395 ὡρισμένας
3627 1326 3704 1386 είς
3732 1326 3826 1376 τὸν
3851 1325 4019 1394 χορὸν

2433 1420 2540 1471 τῶν
2571 1418 2787 1470 δικαίων
2822 1417 3097 1487 μετελθεῖν
3152 1416 3525 1485 τερατεύεται.
3578 1414 3824 1481 Ἐλέγχει
3865 1416 3921 1465 δὲ
3956 1415 4018 1465 τὸ

2445 1509 2689 1579 μυθῶδες
2713 1506 2872 1559 τοῦτο
2906 1506 3223 1574 δυσσέϐημα
3246 1506 3459 1575 πρῶτον
3496 1505 3592 1573 μὲν
3616 1505 3675 1568 ἐξ
3698 1504 3884 1556 αὐτῶν
3904 1503 4016 1556 τῶν

2439 1598 2785 1650 Δεσποτικῶν
2839 1597 3030 1666 φωνῶν
3054 1637 3069 1660 ,
3099 1596 3349 1663 δεύτερον
3380 1596 3435 1647 δὲ
3464 1596 3511 1626 ⁸⁸
3542 1596 3605 1647 ἐκ
3629 1595 3739 1646 τῶν
3770 1596 4015 1646 ἀποστο-

2431 1691 2593 1741 λικῶν
2618 1688 3006 1757 κηρυγμάτων,
3036 1681 3116 1748 οἷς
3146 1684 3271 1757 [479
3287 1684 3376 1751 IL]
3403 1685 3497 1737 καὶ
3518 1685 3862 1752 προφητικάς
3892 1687 4015 1736 ἐπι-

2434 1781 2689 1833 συνάπτει
2728 1778 3052 1849 μαρτυρίας,
3098 1776 3519 1846 τρανολογούσας
3562 1774 3750 1843 ὥσπερ
3791 1774 4015 1826 αἰώνιον

775 1883 875 1921 non
932 1873 1089 1924 modo
1147 1884 1324 1925 autem
1383 1876 1705 1929 testimoniis
1756 1876 1931 1929 allatis
2002 1878 2312 1933 bmreticum
2360 1876 2437 1930 Βτ

2360 1876 2397 1930 Β
2422 1870 2519 1941 τὴν
2548 1871 2656 1923 τῶν
2677 1869 2897 1922 δικαίων
2920 1868 3273 1935 ἀνεκλάλητον
3291 1868 3603 1925 ἀπόλαυσιν,
3620 1864 3763 1917 οὕτω
3788 1865 3887 1916 καὶ
3912 1866 4014 1931 τὴν

773 1969 929 2027 atque
965 1961 1242 2027 profanum
1272 1964 1590 2018 condemnat
1628 1981 1910 2030 venenum,
1946 1982 2129 2021 verum
2165 1973 2323 2023 etiam
2346 2002 2370 2011 »ο
2428 1980 2435 1995 ‘

2360 2004 2370 2011 .
2428 1961 2533 2013 τῶν
2552 1958 2884 2028 ἁμαρτωλῶν
2904 1956 3256 2026 ἀτελεύτητον
3276 1973 3334 2008 τε
3354 1957 3443 2007 καὶ
3459 1955 3824 2007 ἀνυπόστατον
3855 1952 4014 2005 κόλα-

772 2064 802 2101 e
835 2052 1033 2104 sanctis
1055 2051 1321 2107 Patribus.
1356 2054 1655 2119 Quinetiam
1702 2057 1944 2120 validius,
1988 2074 2052 2113 ex
2089 2061 2325 2127 ejusdem

775 2141 1006 2207 propriis
1050 2145 1263 2210 scriptis
1301 2160 1527 2212 quorum
1560 2147 1759 2215 perfide
1801 2148 2018 2202 lia-resis-
2047 2161 2327 2217 patronum

776 2231 1017 2293 accipere
1053 2246 1305 2302 aggressa
1357 2244 1472 2288 est:
1503 2252 1569 2290 ex
1622 2240 1703 2291 bis
1743 2239 1993 2293 omnibus
2046 2243 2151 2309 piis
2214 2257 2330 2296 sen-

777 2319 957 2372 tcntiis
985 2330 1036 2373 et
1062 2320 1242 2375 verbis
1274 2322 1642 2377 calamitosam
1692 2324 1835 2375 illam
1867 2326 2168 2393 animmque
2201 2340 2322 2393 pcr—

777 2410 1030 2463 niciosam
1071 2411 1304 2465 fabulam
1356 2429 1383 2466 a
1418 2424 1531 2467 toto
1564 2415 1707 2468 clero
1753 2416 2124 2471 ecclesiastico
2182 2419 2327 2469 iilum

774 2514 1038 2563 amovere,
1070 2503 1211 2569 pium
1250 2518 1376 2556 vero
1409 2506 1619 2573 dogma,
1656 2508 1915 2559 malitiam
1948 2522 2167 2559 exosum
2205 2524 2331 2559 con-

776 2590 988 2643 lirmare
1018 2602 1067 2645 et
1100 2593 1308 2659 erigere
1338 2606 1578 2662 apparet,
1611 2597 1673 2647 ad
1717 2599 2193 2667 ctuudemquoque
2222 2613 2331 2651 mo-

775 2682 897 2733 dum
932 2681 1197 2738 instruere
1243 2700 1304 2740 ac
1355 2688 1564 2741 munire
1614 2690 1857 2743 veritatis
1915 2689 2131 2749 vallum,
2192 2694 2330 2742 unde

775 2774 979 2826 hostem
1002 2790 1185 2829 arcere
1217 2778 1266 2829 in
1300 2788 1543 2847 promptu
1576 2781 1664 2833 sit.
1702 2779 1851 2833 Dicta
1897 2780 2098 2849 reliqua
2142 2782 2331 2835 deinde

771 2864 940 2915 sancti
980 2864 1153 2919 Patris
1202 2866 1377 2929 al'l'ert,
1431 2870 1624 2935 quibus
1669 2870 1897 2937 improbi
1952 2886 2013 2923 ac
2098 2885 2329 2937 nequam

774 2964 1062 3017 sectarum,
1092 2971 1379 3024 caupones,
1438 2960 1617 3011 vinum
1650 2975 1801 3028 aqua:
1853 2963 2141 3013 miscentes
2178 2963 2323 3013 adul-

774 3054 950 3096 terare
1006 3045 1113 3107 illa,
1168 3048 1292 3111 quin
1354 3050 1529 3117 potius
1586 3052 1988 3103 ecclesiasucas
2060 3052 2330 3104 doctrinas

772 3134 949 3185 conati
985 3146 1130 3187 sunt.
1163 3136 1267 3189 llas
1297 3153 1458 3204 porro
1484 3154 1664 3193 sacras
1711 3142 2011 3193 sententias
2062 3141 2329 3192 adducens

772 3223 837 3274 de
866 3223 1185 3291 Origenistis
1227 3228 1275 3279 in
1316 3230 1544 3297 propriis
1586 3232 1867 3284 sententiis
1917 3231 2175 3285 convictis
2213 3234 2329 3298 qui-

774 3315 870 3365 bus
904 3315 973 3364 illi
1012 3317 1145 3369 nialc
1187 3321 1492 3380 utebantur,
1552 3322 1881 3387 triumphum
1933 3325 2058 3390 egit.
2124 3323 2327 3390 Repre-

772 3403 1007 3457 beudens
1060 3416 1165 3458 tom
1212 3412 1351 3475 quod
1407 3410 1638 3477 legitima
1692 3412 1907 3480 quidem
1951 3413 2241 3465 audacibus
2280 3421 2331 3464 et

772 3495 1171 3561 impudentibus
1236 3500 1615 3555 additamentis
1671 3502 1944 3571 illegitima
2013 3502 2322 3567 redderent,

769 3592 879 3635 tum
914 3599 1038 3637 vero
1066 3588 1424 3640 additamenta
1487 3590 1887 3652 continuantes,
1948 3606 2081 3645 nova
2139 3608 2328 3661 magna

770 3675 1068 3740 arrogantia
1104 3684 1155 3729 et
1197 3678 1509 3743 stupiditatc
1558 3680 1621 3731 ad
1673 3680 1978 3733 bznreticam
2028 3696 2176 3734 suam
2210 3682 2327 3749 opi-

768 3763 979 3817 nionem
1007 3780 1065 3817 ea
1116 3769 1369 3821 audacter
1401 3770 1796 3840 detorquereut.
1846 3771 1929 3834 Et,
1986 3781 2039 3825 ut
2090 3772 2329 3828 breviter

767 3853 938 3906 dicam
979 3858 1181 3919 omnia,
1211 3860 1379 3911 sancti
1415 3860 1571 3928 hujus
1622 3860 1795 3915 Patris
1832 3863 2028 3931 scripta
2080 3864 2144 3915 ab
2177 3866 2327 3917 omni

768 3946 1012 3999 haeretica
1063 3952 1345 4015 pravitate,
1371 3962 1423 4004 et
1460 3966 1488 4004 a
1548 3952 1837 4015 calumnia,
1868 3969 1985 4019 quae
2022 3954 2073 4006 iu
2136 3956 2327 4023 impie-

768 4045 929 4091 tatem
973 4040 1164 4106 vergit,
1200 4041 1455 4093 immunia
1513 4058 1631 4095 esse
1674 4044 1932 4096 declarat.
1978 4043 2101 4097 Uth
2168 4061 2328 4113 porro

768 4130 1076 4183 immunitas
1107 4142 1161 4184 et
1208 4134 1569 4200 improbitatis
1609 4134 1859 4188 refutatio
1906 4142 1959 4188 et
2008 4150 2071 4188 ex
2109 4147 2324 4191 antece-

762 4220 1011 4275 dentibus
1049 4223 1145 4276 loci
1180 4224 1479 4291 depravati,
1514 4236 1567 4279 et
1594 4242 1657 4279 ex
1690 4228 2151 4295 consequentibus
2190 4243 2323 4282 con-

762 4310 939 4363 ticitur
960 4322 1011 4364 et
1039 4314 1443 4368 demonstratur
1476 4335 1488 4379 ;
1551 4327 1603 4371 et
1629 4332 1696 4370 ex
1728 4318 1849 4371 aliis
1882 4321 2155 4373 sexcentis
2186 4320 2326 4374 beati

758 4403 1004 4471 Gregorii
1053 4404 1278 4474 Nysseni
1319 4406 1490 4469 libris,
1530 4408 1620 4475 qui
1678 4409 1979 4463 orthodoxe
2007 4420 2058 4464 et
2092 4411 2328 4478 legitime

2432 2068 2534 2102 σιν.
2574 2050 2686 2101 Οὐκ
2720 2050 2784 2099 ἐκ
2820 2047 2927 2100 τῶν
2960 2048 3268 2116 εἰρημένων
3294 2047 3348 2097 δὲ
3385 2046 3543 2111 μόνον
3570 2045 3821 2114 χρήσεων
3838 2044 3901 2094 τὸ
3927 2046 4013 2094 αἱ-

2434 2143 2640 2209 ρετικὸν
2670 2140 2761 2193 καὶ
2778 2138 3071 2205 ἀλλόφυλον
3089 2138 3411 2190 καταϐάλλει
3443 2137 3725 2205 φρύαγμα,
3750 2136 3889 2188 ἀλλά
3917 2138 4013 2187 καὶ

2432 2231 2489 2294 ἐξ
2516 2231 2692 2283 ἀλλων
2725 2230 2885 2299 ίερῶν
2912 2228 3141 2298 ἀνδρῶν,
3165 2229 3252 2280 ναὶ
3275 2228 3337 2297 δὴ
3363 2228 3442 2295 (τὸ
3471 2227 3883 2295 κραταιότερον)
3916 2228 4013 2278 καὶ

2432 2325 2493 2374 ἐκ
2517 2322 2714 2389 λογίων
2745 2323 2911 2375 αὑτοῦ
2940 2322 3169 2385 ἐκείνου,
3201 2321 3259 2372 ὃν
3294 2321 3337 2350 ⁸¹
3368 2320 3765 2388 κακομηχάνως
3796 2322 3829 2386 ἡ
3858 2319 4011 2386 αἴρε-

2435 2431 2515 2476 σις
2569 2415 2867 2482 συνήγορον
2929 2413 3112 2464 λαϐεῖν
3170 2413 3487 2478 ¹ὴγωνίζζετο.
3547 2412 3640 2461 Διά
3701 2409 3765 2478 δὴ
3803 2410 4011 2461 τούτων

2435 2502 2661 2555 ἀπασῶν
2690 2504 2796 2553 τῶν
2838 2500 3150 2569 ἱερολογιῶν
3178 2502 3237 2552 τὸ
3267 2501 3362 2569 μὲν
3395 2498 3689 2553 παθοποιδν
3720 2498 3816 2549 καὶ
3840 2498 4010 2565 ψυχο-

2437 2596 2635 2663 φθόρον
2666 2594 2845 2660 πάσης
2886 2592 3343 2660 ἐκκλησιαστικῆς
3368 2591 3723 2660 χοροστασίας
3768 2589 4010 2640 ἀπελαύο

2436 2707 2539 2739 νων
2586 2686 2865 2754 ἀνεδείχθη
2924 2685 3297 2754 μυθολόγημα,
3358 2683 3418 2732 τὸ
3466 2683 3519 2733 δὲ
3556 2684 3653 2751 τῆς
3718 2681 4007 2738 εύσεϐεάς

2439 2779 2803 2846 μισοπόνηρον
2868 2776 3149 2845 κρατύνων
3214 2791 3271 2825 τε
3333 2776 3425 2825 καὶ
3474 2773 3689 2839 ἀνυψῶν
3728 2772 4008 2839 φρόνημα.

2435 2870 2589 2921 Οὕτω
2617 2870 2672 2919 δὲ
2703 2868 3175 2937 προδιασκευάσας
3199 2866 3291 2917 καὶ
3318 2856 3796 2935 κραταιωσαμενος
3824 2864 3884 2914 τὸ
3915 2866 4009 2931 τῆς

2439 2961 2696 3030 ἀληθείας
2750 2960 3035 3028 ὀχύρωμα,
3070 2958 3129 3021 ἐξ
3173 2953 3233 3008 οὗ
3266 2957 3591 3008 καταϐαλεῖν
3652 2957 3782 3023 ῥᾷον
3816 2954 4009 3021 ἔμελλε

2433 3052 2522 3102 τὸν
2556 3054 2601 3082 ⁸⁸
2654 3051 2931 3117 πολέμιον,
2990 3049 3059 3100 τὰ
3117 3050 3255 3117 ρητά
3311 3047 3493 3099 λοιπὸν
3543 3046 3678 3114 μετά
3702 3044 3884 3097 ταῦτα
3914 3043 4005 3095 τοῦ

2437 3140 2582 3210 ἱεροῦ
2620 3143 2846 3210 προάγει
2880 3140 3111 3209 Πατρδς,
3143 3134 3224 3200 οἷς
3258 3140 3306 3191 oi
3336 3138 3493 3190 κακοὶ
3524 3137 3617 3189 καὶ
3646 3136 3882 3203 πονηροὶ
3902 3136 4007 3187 τῶν

2431 3232 2713 3299 δογμάτων
2744 3230 2979 3298 κάπηλοι
3002 3230 3091 3283 τὸν
3115 3224 3256 3281 οἶνον
3300 3230 3453 3281 ὕδατι
3498 3226 3789 3297 μιγνύντες
3821 3226 4007 3295 M681;-

2430 3324 2605 3374 λεύειν
2637 3323 2792 3381 αὐτὰ,
2834 3322 3030 3389 μᾶλλον
3063 3323 3117 3373 δὲ
3148 3323 3216 3374 τά
3245 3324 3342 3390 τῆς
3386 3321 3710 3387 Ἐκκλησίας
3743 3320 4008 3388 ἐμελέτηε

2435 3431 2532 3465 σαν
2558 3414 2877 3482 διδάγματα.
2916 3412 3100 3465 Ταῦτα
3128 3412 3191 3481 δὴ
3220 3413 3287 3465 τὰ
3323 3412 3443 3481 ἱερὰ
3499 3411 3636 3481 ρητά
3677 3411 3723 3442 ³⁸
3759 3411 4005 3479 προθεὶς,

2432 3505 2741 3566 ἑαλωκότας
2802 3505 2888 3555 ἐπ’
2940 3503 3242 3573 αὐτοφώρῳ
3298 3506 3421 3565 τοὺς
3463 3502 3882 3572 Ὦριγενιαστάς
3930 3501 4006 3564 οἷς

2432 3597 2797 3665 ἐκακούργουν
2834 3594 3218 3665 ἐθριάμϐευσε,
3248 3594 3404 3647 τοῦτο
3423 3594 3522 3662 μὲν
3550 3593 4008 3663 ἀπηρυθριασμέ-

2434 3704 2551 3748 ναις
2602 3687 2696 3739 καὶ
2750 3685 3129 3753 ἀναισχύντοις
3207 3684 3543 3753 προσθήκαις
3588 3684 4006 3745 ἐπινοθεύοντας

2430 3778 2720 3845 διελέγχων
2777 3776 2844 3829 τὰ
2897 3776 3179 3839 ἀνόθευτα,
3223 3776 3379 3829 τοῦτο
3435 3775 3491 3827 δὲ
3534 3775 3628 3827 καὶ
3676 3775 3739 3827 τὸ
3781 3777 4004 3844 συνεχὲς

2431 3869 2813 3938 ὑφορωμένους
2847 3872 2945 3937 τῆς
2968 3866 3313 3937 προσθήκης,
3339 3869 3402 3919 ἐκ
3429 3866 3626 3934 πολλῆς
3648 3868 3821 3935 ἄλλης
3848 3867 4004 3919 αύθα·

2430 3960 2574 4020 δείας
2604 3976 2659 4010 τε
2721 3960 2813 4010 καὶ
2844 3959 3122 4023 ἀπονοίας,
3162 3958 3297 4025 πρὸς
3356 3960 3454 4028 τὴν
3502 3959 3791 4028 αἱρετικῆν
3823 3960 4003 4011 αὐτῶν

2431 4051 2671 4103 ἐπίνοιαν
2702 4051 3211 4119 ἀποθρασυνθέντας
3230 4050 3595 4112 ἐκϐιάζεσθαι.
3622 4051 3751 4113 Καὶ,
3782 4050 3857 4111 ὡς
3876 4051 4004 4111 ἔπος

2431 4147 2623 4207 εἰπεῖν,
2653 4145 2828 4213 πάσης
2855 4144 2976 4206 τοὺς
3002 4144 3093 4196 τοῦ
3110 4143 3300 4212 ἀνδρὸς
3324 4142 3776 4212 ἀπηλλαγμένους
3809 4143 4005 4202 πόνους

2430 4238 2719 4304 ἀποφαίνει
2788 4238 3068 4307 αίρετικῆς
3120 4252 3178 4286 τε
3207 4234 3495 4303 ἐπιϐουλῆς
3521 4235 3615 4286 καὶ
3641 4234 4004 4300 συκοφαντίας

2430 4328 2721 4398 ἀφορώσης
2784 4334 2862 4389 εἰς
2924 4326 3197 4379 ἀσέϐειαν.
3244 4326 3306 4377 Ἦ
3366 4326 3421 4377 δὲ
3452 4325 3737 4393 ἀπαλλαγὴ
3778 4326 4003 4393 καὶτῆς

2431 4417 2816 4487 κακουργίαςὸ
2852 4416 3069 4485 ἐλεγχος
3117 4416 3180 4467 ἐκ
3222 4432 3280 4467 τε
3312 4414 3419 4467 τῶν
3454 4417 3879 4484 προηγουμένων
3907 4414 4002 4465 τοῦ

758 4496 1018 4558 sentiunt,
1054 4506 1199 4552 recte
1228 4499 1529 4564 excutiens,
1564 4508 1623 4552 ut
1663 4516 1819 4554 nemo
1860 4502 2051 4555 melius
2101 4506 2152 4556 in
2182 4504 2319 4555 salu-
2353 4518 2404 4576 D

2353 4518 2404 4576 D
2432 4504 2951 4574 κεκακουργημένου
2987 4505 3032 4536 ⁵⁸
3057 4504 3255 4573 χωρίου
3280 4506 3371 4556 καὶ
3400 4503 3506 4555 τῶν
3528 4504 3808 4571 ἑπομένων
3839 4520 4003 4553 κατα-

761 4594 905 4640 tares
941 4603 1129 4655 preces
1180 4603 1241 4643 ac
1291 4590 1477 4643 laudes
1530 4591 1619 4644 Dei
1663 4590 1907 4644 laborem
1954 4594 2111 4646 liniit.
2178 4592 2323 4647 Libri

758 4685 938 4729 autem
967 4692 1101 4745 quos
1150 4679 1360 4735 insidiis
1386 4682 1635 4749 excipere
1666 4684 1909 4738 haeretici
1972 4683 2142 4737 moliti
2174 4694 2324 4748 sunt,

758 4774 810 4819 et
839 4781 975 4834 quos
1012 4768 1313 4825 Germanus
1350 4775 1593 4829 veritatis
1634 4784 1998 4845 propugnator
2038 4774 2329 4843 primarius

758 4859 828 4912 ab
855 4859 1122 4920 latronum
1154 4863 1350 4916 insultu
1396 4866 1513 4919 sine
1546 4881 1682 4922 noxa
1724 4867 1984 4929 servavit,
2046 4876 2171 4919 sunt
2200 4865 2330 4918 Dia-

759 4955 909 5017 hgus
964 4953 1033 5003 ad
1070 4951 1367 5008 Macrinam
1412 4972 1643 5010 sororem
1698 4960 1762 5010 de
1819 4957 1995 5009 anima
2031 4975 2047 5021 ;
2086 4967 2137 5011 et
2174 4957 2329 5013 Liber

760 5041 1128 5105 catechetictu,
1157 5053 1212 5099 et
1237 5044 1323 5100 ille
1355 5046 1445 5115 qui
1476 5045 1551 5102 De
1576 5048 1805 5116 perfecta
1832 5052 1937 5101 vita
1964 5049 2325 5102 narrationem

760 5132 1024 5184 continet.

2429 4594 2752 4659 σκευὰζεταί
2780 4612 2837 4646 τε
2878 4596 2970 4646 καὶ
3000 4595 3461 4657 ἀνακαλύπτεται,
3494 4593 3587 4645 καὶ
3626 4592 3685 4656 ἐξ
3727 4593 3905 4645 ἄλλων
3947 4592 4003 4643 δὲ

2428 4686 2522 4738 τοῦ
2583 4687 2871 4738 θεσπεσίου
2917 4686 3217 4755 Γρηγορίου
3265 4686 3471 4755 μυρίων
3508 4686 3700 4753 λόγων,
3754 4684 3817 4735 τὸ
3846 4683 4005 4751 ὀρθὸν

2426 4777 2798 4841 διασωζὸντων
2826 4776 2920 4829 καὶ
2952 4777 3258 4830 ἀνόθευτον.
3291 4778 3397 4831 Καὶ
3421 4777 3590 4829 ταῦτα
3626 4775 3809 4839 καλῶς
3855 4779 4004 4841 ἀγω-

2430 4870 2738 4939 νισάμενος,
2800 4867 2894 4917 καὶ
2946 4866 3021 4927 ὡς
3068 4866 3167 4917 ούκ
3229 4868 3293 4919 ἀν
3337 4884 3421 4929 τις
3453 4866 3611 4927 ἀλλος
3644 4864 3895 4933 ἄμεινον,
3926 4866 4006 4923 είς

2438 4957 2737 5026 σωτηρίους
2766 4957 2925 5024 εύχάς
2964 4958 3059 5009 καὶ
3084 4956 3289 5023 δοξολο]
3308 4959 3390 5019 ἰας
3414 4955 3549 5008 Θεοῦ
3574 4957 3919 5024 ἀποπερατοτ
3946 4954 4006 5005 τὸ

2436 5046 2801 5116 φιλοπόνημα.
2840 5047 2904 5098 Οἱ
2934 5047 2989 5098 δὲ
3043 5046 3213 5114 λόγοι,
3261 5046 3353 5109 οὓς
3383 5046 3633 5100 ὑπελθεῖν
3668 5046 3914 5114 ἐνέδραις
3945 5044 4004 5095 τὸ

2435 5137 2728 5205 ἀλλόφυλον
2791 5138 3116 5206 ἐτεχνάσατο
3151 5141 3196 5171 ⁸³
3231 5142 3325 5191 καὶ
3366 5142 3394 5191 ὀ
3433 5139 3581 5207 παρά
3614 5139 3712 5207 τῆς
3739 5136 4003 5204 ἀληθείας

758 5221 979 5290 ταχθεὶς
1045 5224 1346 5293 στρατηγὸς
1403 5224 1504 5301 τῆς
1557 5226 1855 5297 λῃστρικῆς
1898 5225 2087 5293 ἐφόδου
2134 5226 2318 5279 κακῶν
2348 5227 2578 5289 ἀπαθεῖς
2634 5224 2949 5289 διεσώσατο,
3015 5227 3043 5278 ὃ
3097 5244 3154 5278 τε
3210 5226 3613 5310 Περιηψυιῆς
3667 5229 3783 5278 ἐστι
3854 5227 4002 5289 πρὸς

762 5311 875 5377 τὴν
895 5312 1171 5383 ἀδελφὴν
1210 5317 1521 5384 Μακρῖναν
1565 5320 1870 5388 Διάλογος,
1930 5322 2017 5371 καὶ
2076 5318 2138 5388 δὴ
2170 5320 2261 5371 καὶ
2294 5322 2320 5371 ὁ
2362 5318 2769 5385 Κατηχητικὸς
2822 5320 2915 5372 καὶ
2947 5320 2975 5371 ὁ
3029 5320 3167 5389 Περὶ
3203 5321 3435 5374 τε.ίείου
3469 5321 3514 5351 ⁸⁸
3532 5320 3675 5384 ,ϐίου
3736 5321 3837 5391 τὴν
3889 5323 4001 5373 εἶα·

764 5408 959 5474 ήγησιν
991 5408 1401 5478 ἀναδεξάμενος.

2056 5522 2283 5576 νΑιιιΑε
2331 5520 2739 5576 LECTIONES.

834 5608 879 5638 "
902 5608 1295 5687 ἀπαρέγέλιτος
1325 5616 1594 5687 Scaliger:
1626 5618 1742 5671 libri
1777 5616 2243 5687 ἀτπαρεγκλητος.

768 5693 909 5749 corr,
948 5679 987 5729 Β
1029 5696 1040 5727 ε
1102 5677 1175 5737 ὧν
1196 5677 1288 5749 ςξ
1332 5690 1374 5719 ⁸³
1400 5677 1509 5743 τδεῖ1
1538 5688 1595 5740 τὸ
1623 5690 1683 5741 Α.

769 5748 971 5808 τελείου
1021 5764 1079 5810 ς’.

2321 5613 2365 5644 ⁸⁸
2394 5614 2560 5667 ἐθέλοι
2586 5614 2647 5665 Β.
2722 5609 2765 5645 δ’
2793 5609 2929 5678 μετά
2978 5612 3017 5663 Α
3052 5628 3064 5664 :
3094 5611 3231 5663 κατά
3262 5628 3323 5673 ς.

1761 5690 1805 5721 u
1849 5682 2007 5757 ρηξά]
2038 5682 2255 5754 ῥήματα
2294 5686 2351 5739 Β.
2388 5685 2432 5715 ⁸⁵
2462 5682 2935 5754 κακουργουμένου
2979 5682 3038 5735 Β.
3113 5683 3159 5714 ⁸³
3189 5683 3509 5753 ἐτεχνήσατο
3544 5700 3603 5746 ς.

3397 5612 3441 5643 ⁸⁰
3472 5612 3527 5664 δὲ
3558 5627 3666 5665 om.
3693 5614 3757 5666 Δ,
3871 5614 3910 5641 ⁸³
3939 5614 3997 5665 ὃν

3397 5698 3509 5734 uso
3544 5700 3603 5735 ς.
3682 5685 3729 5715 ⁵⁸
3757 5685 3879 5735 περὶ
3904 5682 3993 5733 τού

3757 5700 3879 5755 περι
3904 5700 3927 5732 τ
