4208 6442
710 414 838 479 1111

1806 399 2065 459 ΡΙΙΟΤΙΙ
2106 392 2605 457 PATRIABCIIE
2642 389 2748 449 ΟΡ.

3823 377 3960 441 1112

706 521 1108 584 administratio
1153 514 1441 571 commissa
1489 522 1593 568 est.
1632 512 1711 567 Ad
1763 512 1867 564 boc
1914 510 2057 563 cnim
2096 505 2329 575 angeli!

2404 505 2504 571 ιλης
2535 502 2697 552 εἴδεσι
2729 509 3155 563 πεπιστευμενον
3199 491 3484 561 διοίκησιν.
3511 487 3727 544 Τούτων
3752 488 3798 519 "
3834 489 3958 556 γὰρ

707 617 874 673 creati
915 630 944 668 a
982 613 1107 674 Deo,
1139 621 1195 663 ut
1220 609 1377 661 rebus
1414 606 1479 659 ab
1514 606 1627 672 ipso
1673 602 1883 658 eﬂ'ectis
1931 610 2229 671 prazessent
2261 614 2276 650 :

714 719 772 761 ut
803 708 938 758 Deus
963 700 1181 770 quidem
1214 709 1550 750 communem
1580 701 1635 747 et
1689 690 1994 761 generalem
2032 688 2277 741 omnium

719 794 1109 867 providentiam
1145 802 1362 858 gerens,
1389 800 1492 854 qua
1518 799 1697 839 rerum
1751 780 1995 834 omnium
2044 786 2281 846 potestas

720 896 775 941 et
829 884 1110 952 imperium
1144 882 1211 933 ab
1242 881 1357 947 ipso
1402 877 1619 945 pendet.
1683 873 1892 939 Reliqui
1942 886 2069 924 vero
2106 867 2280 938 angeli

725 976 777 1028 in
809 975 874 1027 iis
904 971 1091 1025 oﬂ'iciis
1119 968 1182 1021 ad
1239 982 1357 1034 qua:
1407 966 1529 1020 illos
1556 966 1695 1017 Deus
1725 963 1868 1027 fecit,
1920 971 1976 1015 et
2008 958 2278 1029 praefecit,

724 1077 1000 1119 mansere:
1034 1059 1275 1113 diabolus
1298 1054 1746 1124 vcroarrogantia
1764 1053 1955 1115 elatus,
1976 1061 2029 1105 et
2051 1050 2103 1103 in
2124 1051 2284 1102 rebus

718 1169 828 1209 suae
857 1153 977 1207 ﬁdei
1011 1150 1333 1211 commissis,
1367 1147 1563 1201 invidia
1600 1147 1859 1199 adversus
1886 1157 1981 1195 nos
1999 1148 2281 1207 concepta,

718 1243 954 1313 perﬁdus
984 1242 1157 1296 factus
1174 1250 1277 1294 est.
1312 1236 1771 1301 Quemadmodum
1802 1243 1855 1287 ct
1884 1234 1941 1294 ii,
1970 1233 2061 1299 qui
2099 1240 2282 1298 postea

718 1349 1004 1401 corporum
1042 1345 1223 1385 amore
1250 1330 1417 1398 capti,
1454 1344 1575 1383 cum
1612 1326 1825 1380 ﬁliabus
1866 1326 2144 1378 hominum
2188 1336 2284 1391 per

720 1438 957 1476 amorem
986 1433 1109 1475 sunt
1162 1420 1460 1487 congressi.
1502 1418 1644 1471 Nam
1676 1429 1731 1471 et
1762 1417 1891 1484 ipsis
1924 1415 2089 1480 Dens,
2124 1418 2200 1465 uti
2232 1421 2286 1465 et

720 1514 1050 1575 hominibus,
1104 1511 1327 1564 liberum
1378 1510 1523 1564 dedit
1586 1507 1676 1580 [ad
1705 1508 1901 1561 bonum
1950 1506 2281 1574 eligerlum,

718 1615 813 1659 aut
837 1604 1057 1671 malum]
1099 1602 1404 1655 arbitrium.

791 1867 854 1922 Et
886 1882 981 1937 per
1005 1868 1263 1938 pelliceas
1310 1870 1522 1925 tunicas
1568 1878 1796 1924 mortem
1840 1866 2118 1936 intelligit.
2154 1865 2288 1918 Nar-
2322 1854 2360 1906 Β

722 1972 807 2015 rat
834 1962 978 2016 enim
1020 1962 1087 2017 de
1120 1963 1325 2015 Adam:
1365 1977 1521 2029 quem
1568 1961 1712 2015 Deus
1763 1960 2107 2027 omnipotens
2165 1972 2288 2009 cum

722 2050 1081 2106 immortalem
1118 2050 1359 2114 fecisset,
1410 2052 1585 2106 sciens
1616 2065 1739 2103 eum
1769 2064 1835 2103 ex
1876 2049 2087 2102 insidiis
2141 2046 2291 2117 [dia-

725 2136 874 2208 boli]
907 2138 1102 2192 malum
1136 2138 1367 2205 factum,
1404 2141 1476 2193 uti
1507 2150 1558 2193 et
1589 2140 1678 2193 ille
1717 2147 1835 2191 erat
1892 2139 1981 2205 qui
2032 2152 2157 2190 eum
2196 2138 2291 2189 dc-

727 2238 963 2295 ceperat,
1034 2231 1303 2293 diabolus,
1353 2242 1634 2299 pr0pterea
1698 2230 1771 2283 illi
1806 2230 2060 2296 pelliceas
2114 2238 2292 2281 vestes

728 2320 1092 2385 concinnavit,
1122 2323 1272 2390 quasi
1296 2322 1441 2375 illum
1471 2324 1700 2377 iuduens
1733 2321 2083 2382 mortalitate,
2117 2329 2172 2371 ut
2201 2335 2295 2387 per

729 2410 968 2479 corporis
1011 2411 1332 2467 solutionem
1381 2427 1540 2467 omne
1572 2412 1713 2482 quod
1743 2412 1794 2466 itt
1823 2425 1887 2465 eo
1916 2410 2111 2463 malum
2140 2418 2294 2473 erat,

729 2513 1045 2557 moreretur.

798 2594 1001 2648 Sancto
1032 2593 1194 2651 Paulo
1224 2595 1381 2651 binas
1407 2597 1763 2651 revelationes
1800 2597 2092 2666 contigisse
2127 2594 2294 2649 dicit:

732 2700 900 2753 neque
949 2688 1094 2740 enim
1130 2688 1442 2756 Apostolus,
1472 2689 1682 2757 inquit,
1712 2689 2023 2758 paradisum
2054 2688 2105 2741 in
2141 2687 2299 2741 tertio

733 2776 867 2831 cmlo
888 2776 1136 2840 collocat,
1172 2778 1248 2831 uti
1310 2788 1503 2831 nerunt
1555 2780 1644 2847 qui
1696 2780 1913 2833 subtilia
1978 2780 2095 2847 ejus
2136 2778 2299 2831 verba

734 2868 1185 2929 :mimadvertunt,
1228 2870 1441 2937 quando
1477 2869 1638 2925 dicit:
1667 2870 1789 2923 Scio
1820 2870 2081 2923 hominem
2114 2869 2302 2939 Imjus-

735 2961 870 3014 modi
927 2972 1135 3028 raptum
1192 2978 1352 3028 usque
1398 2963 1465 3013 ad
1503 2962 1711 3015 tertium
1744 2961 2012 3014 caelum".
2049 2961 2146 3013 Et:
2182 2958 2301 3013 Scio

735 3050 1031 3117 lmjusmodi
1083 3051 1379 3114 hominem,
1426 3051 1527 3103 sive
1581 3051 1634 3102 in
1687 3066 1935 3117 corpore,
1996 3050 2099 3103 sive
2156 3060 2303 3101 extra

735 3142 1085 3208 corpus,Deus
1101 3144 1232 3207 scit;
1252 3145 1498 3209 quoniam
1526 3152 1709 3209 raptus
1743 3154 1813 3195 est
1845 3142 1897 3193 in
1923 3142 2227 3208 paradisum
2255 3149 2302 3191 η.

2382 597 2413 661 ἡ
2447 592 2575 661 [τῶν
2609 584 2877 656 ἀγγέλων]
2916 586 3177 643 σύστασις
3202 582 3283 649 τῷ
3311 580 3430 649 Θεῷ
3470 580 3561 632 ἐπὶ
3600 577 3829 647 προνοίᾳ
3861 591 3960 641 γε·

2380 682 2593 749 γονέναι
2627 679 2669 710 ⁸⁸
2720 678 2832 737 τοῖς
2893 673 2985 726 ὑπ’
3041 671 3205 724 αὐτοῦ
3264 667 3813 738 διακεκοσμηνένοις,
3873 664 3961 714 ἵνα

2379 774 2476 840 τὴν
2528 772 2623 839 μὲν
2668 766 2996 833 παντελικὴν
3060 762 3156 815 καὶ
3202 760 3429 828 γενικὴν
3458 760 3502 789 ”
3569 758 3599 810 6
3649 756 3783 816 Θεὸς
3822 754 3961 822 ἔχων

2380 864 2487 913 τῶν
2518 863 2654 914 ὅλων
2686 857 2937 926 πρόνοιαν
3027 852 3087 905 τὸ
3113 851 3282 919 κῦρος
3329 851 3423 902 καί¹
3450 847 3507 900 τὸ
3539 847 3740 917 κράτος
3780 843 3960 896 ἀπάν-

2382 972 2488 1005 των
2524 951 2684 1011 αὐτὸς
2714 945 3115 1015 ἀνηρτημένος.
3157 941 3296 994 Ἀλλ’
3327 942 3377 992 oi
3410 939 3509 1009 μὲν
3542 938 3741 1000 λοιποὶ,
3773 936 3860 1002 ἐφ’
3888 928 3964 985 ὧν

2384 1041 2647 1103 αὑτοῦςτο
2696 1037 2917 1105 ἐποίησε
2968 1036 3063 1087 καὶ
3112 1031 3392 1093 διετάξατο
3448 1030 3475 1081 6
3518 1028 3670 1089 Θεὸς,
3700 1026 3960 1092 ἔμειναν·

2384 1134 2543 1193 αὐτὸς
2570 1130 2625 1181 δὲ
2658 1127 2910 1195 ἐνύϐρισε
2945 1125 3039 1177 καὶ
3077 1122 3312 1191 πονηρὸς
3354 1121 3484 1189 περὶ
3512 1118 3609 1187 τὴν
3642 1116 3753 1167 τῶν
3802 1131 3968 1166 πεπι-

2387 1223 2694 1291 στευμένων
2738 1218 2955 1284 ἐγένετο
3004 1215 3310 1283 διοίκησιν,
3369 1211 3565 1279 φθόνον
3628 1206 3969 1274 ἐγκισσήσας

2385 1314 2506 1368 καθ’
2534 1312 2713 1381 ἡμῶν,
2738 1309 2927 1377 ῶσπερ
2962 1306 3056 1357 καὶ
3089 1306 3137 1357 οἱ
3170 1302 3310 1373 μετά
3360 1300 3533 1352 ταῦτα
3583 1296 3803 1367 σαρκῶν
3839 1297 3968 1364 ἐρα-

2389 1406 2603 1466 σθέντες
2636 1402 2762 1473 [909
2794 1399 2886 1469 IL]
2915 1398 3008 1450 καὶ
3049 1398 3169 1457 ταῖς
3201 1394 3310 1445 τῶν
3344 1389 3646 1459 ἀνθρώπων
3682 1388 3765 1449 εἰς
3818 1386 3970 1453 φιλο-

2386 1497 2580 1565 τησίαν
2616 1482 2974 1563 ὁμιλήσαντες
2998 1487 3357 1555 θυγατράσιν.
3382 1482 3712 1552 Αὺθαίρετον
3741 1478 3849 1546 γὰρ
3876 1478 3971 1529 καὶ

2388 1590 2568 1649 αὐτοῖς
2622 1587 2764 1654 ἐχειν
2828 1582 2963 1651 πρὸς
3003 1582 3242 1646 ἐκάτερα
3295 1574 3579 1637 διετάξατο
3645 1570 3905 1638 βούλησιν
3944 1569 3971 1617 6

2389 1681 2543 1740 Θεὸς,
2579 1674 2667 1728 οἷα
2700 1676 2794 1728 καὶ
2847 1673 2940 1724 ἐπὶ
2980 1670 3089 1723 τῶν
3121 1667 3449 1737 ἀνθρώπων,
3510 1665 3617 1715 Καὶ
3649 1661 3765 1722 πῶς
3812 1656 3971 1711 τοῦτο

2391 1770 2621 1840 ληπτέον
2644 1785 2660 1831 ;
3918 1744 3919 1747 Ἴ

2463 1862 2582 1913 Ὅτι
2616 1854 2974 1927 δερματίνους
3006 1850 3241 1921 χιτῶνας
3281 1848 3372 1901 τὸν
3403 1845 3635 1899 θά-ιατιῐν
3672 1858 3827 1910 φησι.
3864 1839 3967 1891 Λέο

2391 1968 2477 2014 γει
2508 1950 2613 2019 γὰρ
2647 1947 2776 2015 περὶ
2818 1944 2913 1997 τοῦ
2958 1943 3149 2009 ’Λδάμ,
3178 1940 3236 1990 ὃν
3269 1940 3296 1990 ὁ
3328 1938 3462 1998 Θεὸς
3493 1939 3519 1987 ὁ
3574 1931 3975 1998 παντοκράτωρ

2396 2043 2656 2096 ἀθάνατον
2708 2036 2876 2089 κακὸν
2934 2034 2993 2099 ἐξ
3046 2030 3340 2096 ἐπιϐουλῆς
3399 2026 3521 2079 ἰδὼν
3569 2023 3971 2091 γεγενημένον.

2396 2132 2517 2205 [481
2554 2128 2646 2201 H.]
2680 2126 2926 2193 καθάπερ
2976 2123 3071 2175 καὶ
3123 2123 3151 2173 6
3199 2120 3478 2186 πλανὴσας
3527 2115 3686 2167 αὑτὸν
3729 2108 3975 2169 διάϐολος

2392 2221 2480 2295 ἦν,
2512 2223 2637 2283 τοὺς
2672 2218 3027 2289 δερματίνους
3046 2213 3281 2283 χιτῶνας
3318 2210 3407 2263 διὰ
3438 2208 3598 2261 τοῦτο
3635 2200 3976 2256 κατεσκεύα-

2398 2333 2507 2378 σεν,
2539 2311 2703 2366 οἱονεὶ
2728 2311 3012 2379 νεκρότητι
3036 2302 3350 2374 περιϐαλὼν
3378 2300 3562 2361 αὐτὸν,
3584 2299 3731 2358 ὅπως
3761 2294 3851 2345 διὰ
3882 2295 3979 2361 τῆς

2397 2407 2599 2467 λύσεως
2652 2400 2747 2455 τοῦ
2791 2398 3043 2467 σώματος
3077 2399 3186 2450 πᾶν
3233 2396 3294 2447 τὸ
3350 2394 3409 2444 ἐν
3439 2389 3589 2460 αὐτῷ
3637 2386 3905 2456 γεννηθὲν
3935 2388 3976 2417 τί

2399 2498 2567 2553 κακὸν
2593 2497 2637 2527 ⁷⁸
2664 2492 2936 2562 ἀποθάνῃ.

2473 2591 2595 2642 Ὅτι
2647 2586 2741 2638 δύο
2798 2580 3171 2649 ἀποκαλύψεις
3208 2578 3342 2648 φησὶ
3376 2576 3662 2644 γεγονέναι
3711 2575 3791 2644 τῷ
3845 2574 3985 2641 ἁγίῳ

2403 2682 2615 2746 Παύλῳ.
2647 2678 2809 2744 Λέγει
2844 2676 2976 2745 γὰρ,
3018 2673 3157 2725 Ἀλλ’
3189 2672 3235 2702 ⁷³
3267 2670 3385 2722 οὐδὲ
3429 2670 3457 2720 6
3492 2667 3820 2727 Ἀπόστολος
3852 2668 3982 2717 ὑπο-

2401 2770 2606 2822 τίθεται
2638 2763 2777 2818 εἶναι
2806 2765 2897 2817 τὸν
2951 2761 3284 2830 παράδεισον
3324 2759 3381 2809 ἐν
3410 2756 3488 2826 τῷ
3541 2754 3709 2824 τρίτῳ
3771 2750 3987 2821 οὐρανῷ

2403 2865 2514 2921 τοῖς
2563 2858 2778 2912 λεπτῶν
2825 2854 3133 2924 ἀκροᾶσθαι
3167 2850 3341 2916 λόγων
3391 2847 3800 2911 ἐπισταμένοις.
3844 2839 3990 2895 Οἶδα

2404 2955 2511 3023 γὰρ
2549 2952 2655 3005 τὸν
2703 2948 2975 3002 τοιοῦτον
3011 2940 3354 3012 ἁρπαγέντα
3394 2938 3505 3001 ἕως
3568 2938 3772 3002 τρίτου
3812 2937 3991 2998 οὐρα-

2404 3045 2536 3106 νοῦ,
2567 3043 2735 3108 λέγων
2755 3056 2768 3069 ’
2794 3040 2889 3091 καὶ
2909 3032 3041 3090 οῖδα
3081 3035 3187 3088 τὸν
3206 3031 3479 3086 τοιοῦτον
3511 3028 3849 3093 ἄνθρωπον,
3874 3025 3993 3075 sire

2408 3140 2475 3189 ἐν
2494 3135 2715 3202 σώματι
2736 3131 2780 3161 ⁷⁸
2801 3130 2922 3182 εἴτε
2939 3126 3115 3195 χωρίς
3135 3124 3240 3177 τοῦ
3264 3124 3558 3191 σώματος,
3579 3122 3611 3173 ὀ
3642 3120 3787 3181 Θεὸς
3807 3113 3990 3173 οἶδεν.

737 3233 879 3288 Duas
950 3234 1187 3289 illustres
1239 3235 1594 3289 revelationes
1628 3249 1685 3287 se
1741 3234 1941 3288 vidisse
1994 3230 2301 3297 signiﬁcat:

2412 3224 2497 3277 ὄτι
2536 3196 2769 3289 ἡρπάγη
2802 3220 2889 3282 εὶς
2927 3216 3033 3268 τὸν
3063 3212 3449 3280 παράδεισον,
3484 3210 3576 3261 δύο
3617 3205 3995 3272 ἀποκαλύψεις

736 3327 817 3380 bis
849 3326 1133 3382 manifeste
1168 3338 1387 3398 raptus;
1419 3328 1584 3381 semel
1617 3328 1833 3396 quidem
1888 3341 2057 3395 usque
2089 3328 2153 3379 ad
2194 3332 2307 3377 ter-

740 3424 871 3472 tium
903 3419 1095 3473 (:tBlttm
1122 3417 1311 3489 [semel
1339 3428 1513 3470 autem
1538 3417 1589 3469 in
1616 3418 1948 3485 paradisum.
1989 3418 2117 3471 Illud
2142 3419 2309 3471 enim:

738 3512 866 3564 Scio
913 3525 1119 3576 raptum
1167 3509 1473 3577 hujusmodi
1528 3525 1689 3577 usque
1739 3509 1807 3560 ad
1844 3510 2055 3561 tertium
2093 3506 2311 3577 caelum]

741 3598 954 3667 proprie
987 3594 1254 3663 significat
1285 3595 1357 3647 illi
1394 3596 1788 3663 apparitioucut
1818 3594 2017 3648 factum
2060 3597 2111 3648 in
2146 3594 2307 3647 tertio

742 3686 900 3739 caelo.
940 3684 1073 3737 Illud
1120 3700 1284 3738 vero:
1341 3683 1461 3737 Scio
1509 3701 1716 3738 rursum
1747 3697 1954 3745 raptum
2016 3686 2319 3754 Imjusmodi

742 3777 1025 3839 hominem,
1053 3774 1248 3847 294':
1278 3776 1381 3828 sive
1422 3777 1473 3827 in
1504 3791 1718 3843 corpore
1761 3780 1867 3829 sive
1907 3788 2057 3828 extra
2108 3792 2315 3843 corpus,

746 3868 887 3922 Deus
920 3870 1038 3931 scil,
1076 3869 1319 3936 quoniam
1364 3880 1544 3934 raptus
1589 3877 1665 3920 est
1726 3868 1777 3918 in
1810 3869 2157 3933 paradisum:
2186 3870 2319 3918 alte-

750 3975 868 4013 ram
925 3975 1137 4011 rursum
1175 3958 1567 4026 apparitionem
1613 3957 1715 4010 sibi
1759 3956 1954 4011 factam
1996 3959 2046 4009 in
2074 3958 2323 4026 paradiso

752 4050 1005 4104 ostendit.
1042 4048 1165 4103 Ha-c
1197 4060 1374 4101 autem
1408 4062 1471 4101 eo
1505 4049 1635 4101 dicit
1670 4048 1810 4113 quod
1834 4048 2166 4101 contrarium
2201 4062 2325 4099 scn-

753 4142 950 4193 tieutes
978 4139 1287 4207 paradisum
1316 4146 1521 4190 tantum
1569 4138 1899 4205 spiritualem
1955 4148 2215 4205 ponerent
2259 4153 2322 4190 ex

751 4232 1050 4301 apostolico
1077 4230 1246 4292 dicto,
1277 4230 1421 4283 velut
1466 4230 1556 4297 qui
1588 4243 1749 4297 supra
1791 4227 1987 4281 cadum
2037 4239 2222 4290 esset,
2272 4237 2329 4280 ut

752 4324 878 4377 inde
908 4322 1293 4376 concluderent
1325 4321 1443 4374 sine
1470 4335 1697 4389 corpore
1723 4320 1958 4372 futuram
1994 4318 2047 4371 in
2077 4318 2326 4387 paradiso

755 4419 947 4470 vitam.

831 4598 1001 4655 Docet
1044 4599 1207 4652 etiam
1254 4595 1454 4651 malum
1490 4594 1666 4647 facere
1710 4604 1801 4646 aut
1841 4608 1943 4646 non
1992 4593 2167 4647 facere
2205 4608 2326 4646 essc

756 4693 811 4747 in
847 4700 1031 4746 nostra
1084 4700 1378 4759 potestate,
1410 4689 1533 4757 quia
1571 4703 1675 4741 non
1736 4686 2095 4754 penderemus
2142 4701 2329 4754 pmnas

761 4787 828 4838 de
887 4784 1045 4855 malis
1108 4783 1337 4842 coactis,
1398 4789 1488 4831 aut
1541 4777 1757 4844 [iraaniia
1819 4777 2181 4842 reciperemus
2234 4791 2330 4843 pro

760 4873 1083 4930 benefactis.
1120 4870 1225 4925 Sed
1270 4871 1508 4939 cogitare
1538 4867 1620 4923 vel
1654 4883 1760 4921 non
1796 4869 2031 4935 cogitare
2081 4867 2239 4931 mala,
2278 4868 2328 4919 in

763 4976 950 5019 nostra
1026 4970 1291 5033 potestate
1336 4975 1438 5012 non
1504 4970 1606 5011 est.
1677 4956 1812 5010 lliuc
1883 4957 2061 5009 divum
2111 4956 2330 5010 l‘aulum

764 5059 841 5111 ait
886 5056 1101 5111 dicere:
1167 5050 1290 5106 Non
1328 5053 1464 5120 quod
1511 5052 1624 5103 volo
1667 5050 1761 5101 hoc
1812 5048 1989 5117 facio;
2034 5047 2121 5100 sed
2196 5046 2332 5115 quod

767 5150 914 5209 nolo,
965 5145 1061 5196 hoc
1120 5143 1258 5211 facio
1286 5150 1336 5206 ο,
1381 5146 1480 5194 hoc
1522 5152 1623 5203 est,
1684 5138 1793 5191 Non
1836 5143 1975 5207 quod
2016 5138 2132 5191 volo
2182 5138 2334 5205 cogi-

770 5249 907 5300 tare,
972 5238 1074 5290 hoc
1134 5234 1348 5304 cogito;
1414 5233 1505 5286 sed
1544 5232 1685 5299 quod
1744 5230 1887 5284 nolo.
1950 5230 2115 5283 Porrn
2168 5229 2338 5282 cradi-

770 5338 952 5381 catum
1008 5340 1129 5379 esse
1186 5324 1374 5377 vitium
1426 5323 1563 5376 mala
1620 5322 1910 5392 cogitandi,
1962 5324 2191 5375 allirmat
2242 5336 2338 5390 per

844 5446 878 5468 "'
918 5434 957 5491 ll
982 5436 1107 5491 Cor.
1142 5450 1218 5489 stt
1248 5474 1262 5499 ,
1290 5435 1346 5488 2.
1426 5442 1453 5474 ιι
1490 5434 1618 5487 ibid.
1643 5434 1696 5486 3.
1774 5441 1799 5469 ο
1835 5433 1987 5485 llum.
2023 5448 2116 5495 vn,
2148 5434 2233 5487 15.

2418 3316 2655 3388 μεγάλας
2689 3309 2995 3379 ἑωρακέναι
3037 3304 3343 3376 μηνύει,δὶς
3368 3300 3698 3370 ἀναληφθεὶς
3725 3297 3995 3365 ἐναργῶς,

2415 3407 2561 3469 ἅπαξ
2593 3405 2691 3473 μὲν
2713 3403 2816 3464 ἕως
2837 3399 3019 3470 τρίτου
3066 3396 3315 3467 οὐρανοῦ,
3338 3394 3485 3456 ἅπαξ
3510 3393 3553 3444 δ’
3582 3394 3660 3453 είς
3686 3390 3778 3441 τὸν
3819 3389 4002 3458 παρὰ·

2414 3496 2697 3552 δεισον.Τδ
2726 3493 2865 3561 γάρ·
2893 3488 3035 3543 Οἶδα
3069 3488 3409 3556 ἁρπαγέντα
3448 3486 3554 3538 τὸν
3586 3482 3861 3535 τοιοῦτον
3892 3481 4002 3544 ἓως

2415 3591 2616 3659 τρίτου
2664 3584 2944 3654 οὐρανοῦ,
2986 3584 3130 3643 ἰδίως
3160 3578 3502 3646 ἀποκάλυψιν
3548 3574 3696 3644 αὐτῷ
3728 3574 3872 3625 κατά
3912 3574 4001 3623 τὸν

2422 3682 2604 3749 τρίτον
2642 3675 2867 3746 οὐρανὸν
2896 3673 3197 3741 πεφηνέναι
3226 3672 3270 3702 ⁷⁸
3302 3669 3586 3736 συνίστησι
3609 3682 3624 3696 ο
3659 3665 3721 3717 τὸ
3757 3665 3815 3716 δὲ
3838 3705 3852 3725 ,
3893 3664 4001 3714 Kal

2422 3772 2573 3833 οῖδα,
2618 3768 2781 3820 πάλιν
2833 3764 3256 3833 ἐπιφερόμενον,
3314 3758 3423 3812 τὸν
3462 3756 3735 3810 τοιοῦτον
3782 3756 4007 3823 ἅνθρω-

2423 3879 2557 3923 πον,
2580 3860 2697 3913 εἴτε
2724 3859 2793 3911 ἐν
2822 3857 3046 3924 σώματι
3076 3854 3195 3907 εἴτε
3223 3851 3395 3917 ἐκτὸς
3414 3849 3689 3917 σώματος
3707 3848 3775 3909 ⁷⁸,
3802 3850 3834 3899 u'
3860 3849 4006 3911 Θεὸς

2424 3956 2603 4015 οἶδεν,
2655 3952 2742 4004 ὅτι
2787 3948 3026 4015 ἡρπάγη
3066 3949 3152 4011 εις
3206 3948 3311 3997 τὸν
3366 3941 3755 4010 παράδεισον,
3811 3940 4007 4007 ἑτέραν

2429 4044 2581 4102 αὖθις
2630 4040 2775 4107 αὐτῷ
2842 4032 3266 4105 πεφανερῶσθαι
3327 4033 3468 4084 κατὰ
3519 4030 3611 4081 τὸν
3670 4028 4009 4097 παράδεισον

2428 4130 2766 4199 ἀποκάλυψιν
2821 4128 3080 4181 δείκνυσι.
3114 4125 3304 4178 Ταῦτα
3334 4124 3393 4176 δὲ
3440 4122 3608 4188 λέγει,
3662 4120 3788 4171 ἐπεὶ
3843 4120 3895 4169 οἱ
3943 4118 4009 4169 δι’

2428 4226 2675 4286 ἐναντίας
2710 4222 2799 4274 τὸν
2852 4221 3180 4289 παράδεισον
3220 4215 3407 4283 νοητὸν
3460 4212 3699 4265 ἐτίθεντο
3727 4211 3771 4242 ⁷⁷
3809 4212 3875 4263 ἐκ
3917 4210 4009 4263 τοῦ

2428 4314 2789 4371 ἀποστολικοῦ
2833 4311 3034 4383 ῥητοῦ,
3069 4310 3141 4372 ὡς
3191 4310 3320 4361 ὄντα
3360 4307 3500 4377 ὑπὲρ
3547 4305 3637 4357 τὸν
3677 4304 3911 4372 οὐρανὸν
3942 4304 4008 4364 ⁷⁸,

2432 4412 2518 4462 ἵνα
2556 4410 2614 4459 τὸ
2656 4406 2962 4474 ἀσωμάτως
2988 4402 3241 4469 γενέσθαι
3276 4400 3373 4471 τὴν
3421 4402 3478 4451 ἐν
3510 4398 3589 4467 τῷ
3612 4399 3653 4428 τ’
3690 4396 4009 4465 παραδείσῳ

2357 4518 2409 4575 D
2435 4499 2707 4568 διαγωγὴν
2743 4494 3040 4558 συνάξωσιν
3070 4494 3136 4542 ⁸ο.

2503 4596 2623 4643 Ὅτι
2650 4590 2802 4658 φησι,
2840 4587 2915 4637 Τὸ
2959 4586 3055 4653 μὲν
3094 4582 3297 4652 πρᾶξαι
3327 4581 3359 4650 ἢ
3416 4580 3488 4649 μὴ
3520 4579 3725 4649 πρᾶξαι
3758 4578 3831 4629 τὰ
3868 4575 4009 4629 κακὲ

2428 4684 2510 4750 ἐφ’
2562 4682 2715 4749 ἡμῖν,
2749 4678 2871 4728 ἐπεὶ
2916 4676 3017 4726 οὐκ
3064 4673 3129 4725 ἂν
3178 4672 3331 4732 δίκας
3388 4670 3629 4738 ἐδίδομεν
3670 4667 3782 4719 τῶν
3826 4666 4010 4726 κακῶς

2427 4774 2720 4843 δρωμένων
2752 4770 2782 4836 ἥ
2820 4767 3054 4836 ἀμοιϐὰς
3105 4764 3489 4832 ἐλαμϐάνομεν
3540 4761 3647 4812 τῶν
3695 4759 3884 4821 καλῶς
3910 4774 3924 4788 ε
3952 4758 4011 4808 τὸ

2429 4867 2474 4918 δ’
2506 4862 2875 4931 ἐνθυμηθῆναι
2899 4860 2967 4911 τά
2990 4856 3191 4924 κακὰῆ
3219 4856 3293 4924 μὴ
3317 4856 3419 4905 οὐκ
3441 4853 3525 4921 ἐφ’
3552 4854 3707 4922 ἡμῖν.
3726 4852 3829 4903 Διά
3858 4849 4010 4902 τοῦτο

2434 4958 2526 5010 καὶ
2552 4958 2641 5015 τὸν
2669 4954 2813 5005 θεῖον
2839 4950 3047 5004 Παῦλόν
3076 4964 3211 5017 φησι
3248 4947 3460 5014 λέγειν·
3498 4947 3578 4997 Οὐ
3616 4946 3727 5011 γὰρ
3767 4943 3800 4995 ὃ
3835 4942 4007 5003 θέλω,

2432 5049 2607 5102 τοῦτο
2673 5045 2950 5112 πράσσω,
3000 5042 3137 5095 ἀλλ’
3197 5040 3228 5093 ὃ
3280 5043 3353 5093 οὺ
3394 5039 3564 5097 θέλω.
3604 5036 3781 5089 τοῦτο
3845 5035 4011 5093 ποιῶ,

2442 5141 2743 5201 τουτέστιν,
2778 5140 2875 5207 οὐχ
2908 5138 2936 5189 ὃ
2987 5136 3125 5188 θέλω
3158 5136 3380 5193 ἐννοεῖν.
3410 5130 3568 5182 τοῦτο
3619 5127 3807 5190 ἐννοῶ,
3846 5125 3960 5177 ἀλλ’
3988 5124 4013 5173 ὃ

2438 5233 2510 5302 μὴ
2542 5232 2698 5283 θέλω.
2736 5227 3128 5298 Ἐκριζωθῆναι
3161 5226 3217 5278 δέ
3259 5240 3395 5292 φησι
3426 5222 3518 5273 καὶ
3556 5222 3616 5271 τὸ
3644 5221 3714 5271 τὰ
3744 5218 3894 5269 κακά
3928 5218 4011 5267 ὲν-

2440 5322 2729 5393 θυμεῖσθαι
2758 5321 2845 5374 διὰ
2877 5320 2977 5388 τῆς
3006 5317 3099 5371 τοῦ
3132 5314 3366 5387 φυσικοῦ
3400 5314 3632 5367 θανάτου
3686 5307 4009 5377 παρουσίας,

2055 5548 2287 5605 VARI/l5
2320 5546 2718 5603 LECTIONES.

845 5654 887 5685 ﬂ
917 5652 1072 5705 τοῦτο
1102 5653 1164 5706 Α,
1278 5649 1320 5680 ⁸⁸
1352 5645 1651 5717 γεγονέναι]
1686 5646 1798 5712 lege
1830 5646 2038 5713 γέγονε.

782 5724 879 5779 rev
913 5736 1022 5774 om.
1052 5723 1113 5775 Α.
1184 5722 1229 5754 ⁷³
1259 5714 1394 5787 ἀλλἹ
1426 5717 1592 5779 ἄλλως
1627 5714 1987 5787 superscripto
2021 5717 2175 5777 ἄλλος
2200 5714 2259 5787 Β,

784 5792 831 5829 τ*
858 5792 1010 5853 ἐκτὸς
1055 5791 1149 5845 τοῦ
1181 5786 1426 5850 σώματος
1452 5790 1509 5841 Β.
1586 5788 1629 5818 ⁷⁷
1663 5786 1843 5838 ἔθεντο
1871 5804 1929 5851 ς.

2118 5647 2162 5677 ‘9
2189 5647 2439 5712 γεννικὴν
2468 5659 2527 5705 ς.
2605 5647 2649 5671 ’³⁸
2679 5647 2875 5699 αὐτοὺς
2904 5647 2949 5688 A

2119 5734 2175 5777 ος
2200 5714 2259 5767 Β.
2350 5715 2394 5744 ⁷⁵
2426 5716 2480 5763 ἐν
2510 5711 2586 5779 τῷ
2624 5711 2833 5779 σώματι
2856 5708 2949 5779 HA.

2009 5764 2330 5855 {ine-555%]
2358 5784 2452 5837 ἄνο
2462 5764 2642 5849 ρωτὶον
2683 5764 2745 5833 Ᾰ.

2605 5642 2649 5671 ’³⁸
2679 5637 2875 5699 αὐτοὺς
2904 5636 2949 5688 Α
2976 5650 2989 5685 :
3015 5631 3176 5693 αὐτὸς
3204 5648 3263 5695 ς.
3375 5628 3419 5659 ⁷³
3448 5624 3671 5695 γεηθέν
3707 5640 3767 5699 ς.
3845 5624 4013 5699 ἰ’-κει.

3027 5705 3071 5735 ’1³
3112 5700 3406 5770 πεφηνέναι
3438 5708 3561 5770 ante
3594 5696 3734 5747 κατά
3783 5696 3929 5759 ponit
3953 5695 4013 5744 Βη

2845 5778 2890 5808 τ’
2918 5773 2994 5843 τῷ
3016 5788 3125 5827 om.
3153 5766 3218 5824 Α.
3247 5766 3256 5770 ’
3324 5769 3368 5802 ⁸⁸
3397 5766 3712 5831 συνάξουσι-β
3744 5780 3803 5826 ς.
