4208 6442
212 419 351 486 1113

1196 416 1718 477 BIBLIOTHECA.
1758 440 1823 451 -
1852 416 2015 477 COD.
2035 416 2396 478 .CCXXXIV.

3326 420 3465 489 ιιιι

211 536 336 591 ἐπεὶ
376 533 466 587 καὶ
501 530 588 585 διὰ
616 529 772 584 τοῦτο
804 529 1030 592 θάνατος
1061 529 1218 599 ἐδόθη
1244 532 1394 601 παρὰ
1432 530 1568 583 Θεοῦ
1606 527 1683 598 τῷ
1710 528 1793 592 ἐξ-

1902 538 2221 595 potestatem
2256 532 2447 587 mortis
2478 530 2761 587 naturalis.
2789 530 3082 599 Pmpterea
3106 532 3254 587 enim
3293 549 3323 588 a
3356 535 3466 591 Deo

216 623 585 698 ημαρτηκότι,
620 622 705 674 ἶνα
738 620 812 690 μὴ
840 620 1104 673 ἀθάνατον
1136 619 1291 689 μείνῃ
1318 620 1378 672 τὸ
1408 618 1597 674 κακόν.
1636 617 1793 669 Ἀλλὰ

211 718 332 779 πῶς
356 714 516 769 τοῦτο
555 715 771 781 εἴρηται
795 728 810 777 ;
843 711 1177 780 σημειωτέον
1206 712 1287 762 ὅτι
1312 710 1405 762 καὶ
1434 709 1611 771 ἄλλοις
1638 708 1795 777 ήμῶν

214 807 499 876 Πατράσιν
536 805 771 876 εἴρηται,
803 802 962 873 εἴπερ
988 802 1017 852 ό
1046 802 1272 863 θάνατος
1301 804 1410 864 τοῖς
1449 798 1637 852 τοῦτον
1666 816 1795 867 μετ-

211 896 536 966 ερχομένοις
569 894 707 947 κατὰ
747 893 836 946 τὸν
866 892 1058 962 καιρὸν
1099 894 1306 944 ἐκεῖνον
1338 890 1462 944 οὑτε
1508 891 1790 962 προσθήκη

212 988 340 1039 οὗτε
390 986 578 1054 ὕφεσις
609 986 650 1015 ⁸³
688 984 1102 1055 ἁμαρτημάτων
1137 986 1370 1052 γίνεται.

220 1078 335 1131 Τοῦ
388 1076 575 1130 αὐτοῦ
628 1078 697 1126 ἐκ
753 1074 861 1128 τοῦ
908 1073 1094 1128 αὐτοῦ
1140 1076 1327 1143 λόγου
1368 1072 1795 1129 ἀποστολικῶν

499 1143 701 1212 ῥητῶν
733 1144 1012 1213 ἑρμηνεία
1036 1145 1186 1197 κατὰ
1218 1146 1506 1212 σύνοψιν.

301 1235 646 1305 ’Ᾱνεγνώσθη
682 1232 775 1287 τοῦ
815 1232 979 1286 αὑτοῦ
1004 1235 1067 1286 ὲκ
1109 1233 1202 1285 τοῦ
1246 1233 1412 1287 αὑτοῦ
1455 1235 1617 1303 λόγου
1660 1234 1795 1288 ἀπο-

217 1325 485 1379 πολικῶν
515 1326 692 1395 ῥητῶν
722 1325 986 1395 ἑρμηνεία
1021 1325 1164 1377 κατὰ
1194 1324 1435 1396 σύνοψιν.

294 1418 523 1486 Ἰδωμεν
552 1417 609 1470 δὲ
642 1417 693 1469 τί
731 1413 798 1487 ἦν
824 1417 958 1487 ὅπερ
989 1418 1203 1487 πρῶτον
1243 1419 1323 1479 είς
1347 1417 1438 1470 τὸν
1472 1401 1793 1473 Ἇπόστολον

216 1510 579 1579 προήχθημεν
603 1511 798 1562 εἰπεῖν.
826 1509 899 1561 Τὸ
917 1509 1044 1577 γὰρ,
1088 1508 1235 1577 Ἐγὼ
1260 1508 1326 1561 δὲ
1344 1510 1387 1540 ⁵¹
1416 1509 1578 1574 ἔζων,
1606 1510 1794 1581 λεχθὲν

215 1600 409 1668 αὐτῷ’,
466 1598 643 1668 χωρίς
673 1599 862 1667 νόμου
900 1597 1065 1661 ποτὲ,
1093 1599 1205 1653 ἄνω
1238 1598 1337 1667 τήν
1373 1600 1431 1651 ἐν
1485 1598 1562 1667 τῷ
1611 1616 1792 1669 παρα-

214 1692 403 1761 δείσῳ,
439 1690 692 1762 καθάπερ
728 1688 787 1753 ἐξ
821 1687 997 1759 ἀρχῆς
1030 1688 1365 1758 ὑπεθέμεθα,
1398 1691 1504 1760 πρὸ
1526 1692 1622 1758 τῆς
1653 1692 1794 1742 ἐντο-

213 1783 337 1851 λῆς,
366 1783 465 1834 οὐκ
492 1781 648 1844 ἐκτὸς
679 1780 950 1851 σώματος,
988 1782 1123 1835 ἀλλὰ
1172 1781 1312 1850 μετὰ
1346 1780 1599 1848 σώματος
1636 1782 1795 1851 ἡμῶν

1896 623 2165 687 peccaturi
2204 638 2351 678 mors
2388 624 2639 693 infertur,
2672 640 2737 680 ne
2764 626 2961 679 malum
3003 634 3147 680 esset
3177 636 3464 680 aeternum.

1897 709 2003 763 Sed
2033 726 2138 780 qua
2169 712 2377 766 ratione
2426 713 2527 769 hoc
2575 714 2984 785 intelligendum
3016 717 3139 771 est?
3171 716 3464 771 Sciendum

1896 802 1996 856 hoc
2028 803 2193 857 etiam
2231 805 2299 858 ab
2328 805 2448 860 aliis
2489 807 2687 861 nostris
2718 806 2969 862 Patrihus
3009 824 3129 864 esse
3173 809 3461 863 traditum:

1894 895 2249 951 morientibus
2295 912 2389 965 per
2432 906 2660 954 mortem
2700 912 2924 969 peccata
2973 917 3073 957 nec
3112 902 3302 974 augeri
3366 917 3467 958 nec

1894 998 2090 1037 ηιιιιυι.

1892 1072 2273 1150 Conspendiosa
2332 1080 2586 1143 expositio
2632 1080 2911 1150 dictorum,
2945 1082 3295 1148 quorumdam
3334 1097 3463 1150 apo-

2033 1146 2345 1199 stolicorum
2369 1163 2432 1200 ex
2453 1150 2631 1202 eodem
2652 1151 2823 1202 sancti
2858 1146 3116 1203 Methodii
3144 1151 3304 1204 libro.

1964 1233 2092 1304 Legi
2138 1250 2203 1290 ex
2249 1238 2437 1290 eodem
2494 1237 2641 1293 illius
2701 1238 2840 1293 libro
2888 1240 3328 1309 compendiosam
3357 1240 3469 1297 die-

1892 1333 2104 1379 ctorum
2138 1327 2493 1394 quorumdam
2552 1328 2967 1396 apostolicorum
3007 1329 3466 1397 explanationem.

1970 1416 2257 1469 Videamus
2296 1416 2423 1484 quid
2478 1418 2543 1470 ad
2580 1418 2898 1487 Apostolum
2944 1418 3241 1474 habeamus
3266 1421 3467 1477 dicere.

1895 1507 2027 1561 Illud
2082 1507 2252 1570 enim,
2314 1508 2455 1577 quod
2517 1508 2584 1562 ab
2633 1523 2700 1563 eo
2744 1509 2947 1563 dictum
2982 1520 3105 1565 est:
3168 1508 3281 1581 Ego
3332 1512 3471 1567 vive-

1895 1598 2013 1652 bam
2069 1600 2181 1653 sine
2234 1598 2341 1667 lege
2366 1609 2418 1661 Ρ,
2458 1599 2754 1669 aliquando
2818 1599 3100 1673 [nempe]
3165 1618 3381 1657 sursum
3415 1604 3468 1657 in

1893 1691 2166 1761 paradiso,
2235 1701 2291 1744 ut
2360 1691 2427 1745 ab
2477 1692 2632 1747 initio
2674 1693 2998 1762 posuimus,
3068 1702 3194 1749 ante
3256 1696 3466 1765 legem,

1895 1797 2000 1835 non
2031 1792 2183 1835 extra
2214 1798 2446 1850 corpus,
2479 1784 2572 1837 sed
2619 1798 2740 1837 cum
2786 1799 3013 1852 corpore
3055 1796 3263 1850 nostro,
3300 1786 3466 1840 vitam

215 1876 275 1927 ἐν
309 1877 421 1935 τοῖς
470 1872 917 1943 πρωτοπλάστοις
952 1872 1229 1940 διαγωγὴν
1264 1874 1572 1943 παρεγγυᾷ.
1612 1873 1795 1936 Ἐκτὸς

1902 1874 1954 1928 iu
1981 1875 2328 1942 protoplastis
2347 1886 2521 1929 actam
2560 1876 2766 1939 indicit,
2796 1889 2947 1930 extra
2974 1879 3466 1948 concupiscentiam

213 1964 259 2017 δ’
290 1962 587 2031 ἐπιθυμίας
617 1962 898 2030 διήγομεν,
933 1962 993 2013 οὑ
1045 1961 1406 2027 γινώσκοντες
1437 1962 1573 2025 ὅλως
1607 1963 1799 2015 ἐπιθυ-

219 2055 356 2124 μίας
395 2051 721 2121 προσσολάς.
767 2051 897 2122 [912
926 2051 1018 2123 R.]
1073 2053 1145 2105 Τὸ
1178 2054 1286 2123 γὰρ
1333 2052 1409 2123 μὴ
1448 2053 1591 2123 ἔχειν
1628 2054 1796 2124 διορι-

220 2145 361 2213 σμὸν
395 2143 515 2195 καθ’
537 2142 596 2194 δν
636 2142 718 2195 δεῖ
744 2141 1143 2207 πολιτεύεσθαι,
1175 2144 1307 2212 μηδὲ
1357 2144 1603 2209 ἐξουσίαν
1636 2147 1799 2199 αὑτο-

217 2238 493 2289 δέσποτον
541 2234 724 2304 λογίου
774 2235 909 2303 ποίῳ
945 2234 1071 2307 [482
1114 2234 1207 2307 Η.]
1260 2236 1340 2289 δεῖ
1370 2237 1605 2306 χρῆσθαι
1646 2239 1798 2291 πολι-

218 2327 480 2396 τεύματι,
525 2328 608 2379 ἵνα
630 2326 853 2388 δικαίως
876 2328 906 2395 ἢ
932 2327 1133 2397 τιμηθῇ
1159 2328 1403 2398 ἢψεχθῇ,
1429 2329 1799 2383 ἀνυπεύθυνον

220 2421 429 2482 παντὸς
458 2418 710 2473 λέλεκται
751 2420 1017 2489 ὑπάρχειν
1047 2418 1202 2471 τοῦτο
1223 2410 1584 2489 ἐγκλήματος,
1613 2422 1694 2473 ὅτι
1724 2422 1797 2491 μὴ

219 2511 449 2563 δύναται
491 2511 695 2563 τούτων
723 2529 807 2573 τις
834 2510 1194 2579 ἐπιθυμῆσαι,
1229 2503 1303 2562 ὧν
1347 2512 1420 2578 μή
1454 2511 1759 2565 κεκώλυται
1780 2528 1795 2544 ·

220 2604 330 2656 κᾶν
375 2601 697 2674 ἐπιθυμήσῃ
722 2604 798 2666 δὲ,
844 2604 944 2655 οὑκ
979 2601 1372 2673 αίτιαθήσεται.
1428 2602 1501 2654 To
1528 2604 1636 2671 γὰρ
1675 2606 1795 2657 ἐπι-

220 2695 469 2764 θυμῆσαι
503 2694 603 2745 οὑκ
634 2695 725 2746 ἐπὶ
754 2694 860 2746 τῶν
892 2694 1174 2761 παρόντων
1204 2695 1297 2745 καὶ
1330 2695 1700 2763 ὑποκειμένων
1742 2698 1799 2748 ἐν

218 2787 445 2857 ἐξουσίᾳ
469 2787 675 2850 πίπτει,
707 2786 822 2838 ἀλλ’
847 2785 1063 2838 ἐπὶτῶν
1087 2786 1368 2856 παρόντων
1388 2784 1507 2853 μὲν,
1536 2786 1609 2857 μὴ
1631 2786 1797 2839 όντων

215 2879 263 2931 δ’
302 2883 360 2931 ὲν
386 2877 639 2948 ἐξουσίᾳ·
675 2877 791 2940 πῶς
825 2876 954 2946 γὰρ,
983 2871 1043 2929 οὗ
1096 2877 1169 2947 μὴ
1220 2878 1521 2930 κεκώλυται
1556 2895 1639 2941 τις
1676 2878 1797 2947 μηδ’

215 2970 408 3039 ἐνδεής
434 2970 569 3032 ἐστι,
601 2968 791 3020 τούτου
830 2968 966 3037 cpi;
1017 2970 1138 3019 ὅθεν
1200 2967 1287 3019 διὰ
1324 2968 1479 3019 τοῦτο
1518 2968 1637 3033 Τὴν
1673 2969 1797 3021 ἐπι-

215 3061 449 3125 θυμΙαν
468 3060 579 3110 οὐκ
610 3057 796 3125 ᾔδειν,
816 3059 867 3109 εὶ
891 3056 976 3125 μὴ
1006 3059 1037 3108 ό
1061 3058 1244 3124 νόμος
1263 3055 1491 3121 ἔλεγεν,
1520 3060 1639 3110 Οὐκ
1671 3058 1797 3110 ἐπι-

213 3145 537 3213 θυμήσεις.
585 3146 940 3208 Ἀκούσαντες
986 3146 1124 3215 γάρ·
1170 3146 1313 3198 Ἀπὸ
1350 3144 1417 3197 δὲ
1459 3146 1564 3199 τοῦ
1604 3147 1795 3209 ξύλου

212 3239 329 3292 τοῦ
362 3238 681 3307 γινώσκειν
730 3239 920 3291 καλὸν
950 3238 1046 3290 καὶ
1098 3237 1369 3305 πονηρὸν
1415 3241 1487 3292 οὐ
1531 3239 1795 3307 φάτεσθε

210 3332 321 3385 ἀπ’
347 3331 534 3385 αὐτοῦ
555 3350 567 3362 ·
602 3326 640 3401 ᾖ
666 3332 717 3383 δ’
750 3330 826 3385 ἂν
851 3333 1040 3401 ἡμέρᾳ
1074 3332 1302 3401 φάγητε
1333 3334 1434 3387 ἀπ’
1460 3334 1666 3397 αὐτοῦ,
1699 3338 1797 3388 θαι

210 3424 383 3487 νάτῳ
426 3424 844 3487 ἀποθανεῖσθε,
877 3424 997 3476 τότε
1029 3425 1086 3476 τὸ
1126 3424 1462 3494 ἐπιθυμῆσαι
1508 3425 1796 3478 συνέλαὸον

212 3518 315 3571 καὶ
357 3517 676 3585 ἐκίσσησαν.
723 3518 813 3570 Διὸ
851 3518 913 3588 δή
963 3519 1077 3584 τὴν
1110 3518 1432 3586 ἐπιθυμίαν
1474 3518 1653 3581 καλῶς
1686 3521 1797 3572 οὐκ

213 3608 401 3677 ᾔδειν
433 3608 648 3677 ἐλέχθη,
684 3608 824 3676 εἰμὴ
845 3611 877 3661 ό
893 3610 1074 3677 νόμος
1092 3609 1303 3675 ἔλεγεν
1319 3625 1335 3641 ο
1369 3611 1487 3662 Οὐκ
1512 3609 1799 3678 ἐπιθυμή-

209 3715 378 3763 σεις,
412 3698 529 3750 οὑδὲ
577 3697 798 3761 ἐσθίειν,
834 3700 881 3750 εί
927 3697 999 3767 μὴ
1044 3698 1253 3766 εἴρητο·
1287 3699 1368 3749 Οὐ
1398 3696 1663 3764 φάγεσθε
1696 3696 1798 3750 ἀπ’

209 3785 434 3842 αὑτοῦ.
485 3786 762 3839 Ἐντεῦθεν
825 3787 932 3858 γὰρ
978 3787 1247 3853 ἐκτήσατο
1303 3786 1559 3856 ἀφορμὴν
1602 3787 1683 3848 εἰς
1740 3786 1801 3838 τὸ

208 3878 505 3940 διαπαῖξαί
536 3895 603 3947 με
625 3879 657 3946 ή
682 3878 727 3909 ⁸³
753 3880 1023 3949 ἀμαρτίω
1053 3878 1298 3945 δοθείσης
1327 3880 1432 3949 γὰρ
1458 3879 1555 3948 τῆς
1582 3879 1799 3949 ἐντολῆς

210 3974 349 4041 ἔσχε
390 3972 559 4040 λαϐὴν
596 3974 622 4025 ὁ
654 3972 899 4035 διάϐολος
960 3971 1404 4042 κατεργάσασθαι
1443 3974 1501 4025 ἐν
1546 3973 1668 4043 ἐμοὶ
1703 3973 1803 4044 τὴν

212 4064 559 4130 ἐπιθυμίανο
613 4064 798 4132 Χωρὶς
824 4066 930 4133 γὰρ
977 4065 1165 4133 νόμου
1215 4066 1252 4133 ἠ
1303 4066 1557 4135 ἁμαρτία
1598 4066 1798 4133 νεκρὰ,

211 4152 336 4209 οἷον
379 4157 439 4207 οὐ
476 4156 725 4225 δοθείσης
769 4156 878 4226 γὰρ
910 4157 1007 4224 τῆς
1052 4157 1273 4225 ἐντολῆς
1317 4158 1595 4226 ἄπρακτος
1646 4153 1713 4229 ἦν
1770 4160 1802 4229 ή

211 4247 493 4318 ἁμαρτία.
520 4246 669 4317 Ἐγὼ
687 4247 753 4300 δὲ
773 4246 916 4307 ἕζὶυν
940 4248 1044 4317 πρὸ
1065 4247 1160 4315 τῆς
1182 4248 1396 4317 ἐντολῆς
1420 4249 1721 4319 ἀμέμπτως
1733 4248 1800 4307 ss.

209 4344 321 4396 οὐκ
361 4340 503 4409 ἔχων
541 4339 809 4409 ἐπιταγήν
838 4340 959 4392 καθ’
994 4342 1060 4409 ἥν
1098 4340 1204 4392 ἔδει
1236 4341 1634 4395 πολιτεύεσθαι.
1673 4345 1803 4397 Ἐλ-

212 4435 462 4499 θούσης
485 4431 551 4484 δὲ
589 4430 695 4499 τῆς
726 4430 982 4498 ἐντολῆς
1006 4433 1042 4499 ἡ
1076 4432 1329 4501 ἁμαρτία
1355 4433 1668 4499 ἀνέζησεν,
1694 4436 1805 4504 ἐγὼ

1904 1976 2080 2018 tamen
2140 1966 2396 2029 viximus,
2452 1966 2620 2034 ignari
2676 1967 2889 2034 penitus
2930 1984 3048 2035 quae
3097 1970 3176 2023 vis
3211 1968 3328 2040 [aut
3362 1973 3463 2021 im-

1901 2056 2091 2128 petus]
2144 2067 2287 2110 esset
2321 2058 2793 2125 concupiscentiae.
2846 2057 3055 2111 Etenim
3106 2075 3211 2113 non
3265 2060 3468 2114 habere

1901 2150 1965 2199 ad
1996 2147 2145 2211 cujus
2173 2149 2542 2216 praescriptum
2575 2148 2745 2211 vivas,
2790 2163 2965 2216 neque
2995 2149 3299 2217 explicandi
3328 2150 3460 2215 iussi

1901 2239 2063 2293 divini
2101 2240 2227 2305 (quo
2260 2249 2413 2308 pacto
2438 2240 2725 2293 vivendum
2769 2240 2882 2302 sit,
2925 2249 2983 2291 ut
3010 2240 3092 2293 vel
3124 2241 3305 2293 debito
3334 2256 3470 2309 pra:-

1902 2331 2008 2384 mio
2039 2330 2306 2396 allicinris,
2361 2333 2441 2385 vel
2493 2329 2791 2401 damneris)
2832 2330 3060 2385 liberam
3114 2341 3469 2399 potestatem,

1900 2422 2001 2477 hoc
2039 2425 2105 2476 ab
2138 2426 2282 2477 omni
2342 2439 2526 2477 rermn
2580 2422 2811 2478 crimine
2846 2421 3108 2489 absolvit,
3139 2423 3265 2490 quia
3310 2436 3468 2475 nemo

1902 2517 2104 2583 appetit
2133 2532 2192 2569 ea
2224 2532 2341 2585 quae
2398 2532 2499 2569 non
2535 2516 2913 2585 prohibentur.
2960 2515 3023 2568 Et
3052 2516 3303 2583 quamvis
3338 2529 3469 2568 con-

1899 2606 2147 2674 cupierit,
2202 2624 2303 2661 non
2357 2617 2529 2659 tamen
2580 2606 2941 2659 accusabitur.
2997 2604 3265 2673 Appetere
3322 2605 3465 2657 enim

1901 2713 2005 2751 non
2031 2698 2173 2751 cadit
2202 2699 2252 2751 in
2293 2697 2602 2767 prtesentia,
2634 2706 2689 2750 et
2722 2711 2783 2749 ea
2814 2710 2932 2765 qua:
2956 2696 3010 2748 in
3051 2703 3316 2762 potestate
3350 2704 3473 2747 sunt

1899 2789 2070 2857 posita
2128 2788 2256 2859 [sed
2317 2790 2369 2841 in
2427 2788 2709 2857 praesentia
2752 2786 3003 2854 quidem,
3061 2800 3167 2837 non
3205 2786 3468 2837 tamenin

1898 2889 2169 2950 potestate
2207 2889 2389 2934 nostra
2432 2880 2603 2947 posita
2624 2876 2667 2948 l.
2716 2877 2995 2942 Quomodo
3025 2875 3168 2929 enim
3198 2876 3296 2927 huc
3321 2875 3471 2943 quis-

1899 2974 2041 3041 piam
2068 2982 2229 3036 amet,
2258 2987 2285 3024 a
2310 2987 2416 3040 quo
2444 2986 2547 3023 non
2573 2979 2808 3032 arcetur,
2832 2980 2886 3021 et
2918 2983 3023 3037 quo
3057 2984 3160 3020 non
3209 2967 3411 3035 indiget
3453 2968 3475 3018 ?

1899 3064 2035 3118 llinc
2088 3064 2559 3130 concupiscentiam
2612 3060 2959 3122 nescivissem,
3013 3060 3117 3112 nisi
3169 3060 3251 3112 lea;
3304 3061 3475 3112 dixis-

1900 3166 1973 3209 set
2002 3171 2021 3208 :
2056 3154 2177 3207 Non
2207 3153 2534 3219 concupisces
2565 3159 2614 3201 tt.
2659 3150 2953 3203 Audientes
2999 3149 3141 3203 enim
3170 3165 3184 3203 :
3214 3147 3285 3201 De
3336 3148 3475 3215 ligno

1900 3247 2129 3299 scicntia:
2163 3245 2279 3297 boni
2304 3252 2350 3296 et
2398 3242 2524 3294 mali
2555 3256 2655 3293 non
2693 3238 2885 3310 295d)
2922 3239 3219 3291 comedetis.
3252 3237 3315 3290 In
3341 3256 3473 3307 quo-

1897 3352 2113 3405 cumque
2156 3336 2293 3388 enim
2342 3332 2428 3386 die
2480 3331 2810 3385 comederitis
2866 3345 2931 3383 ex
3004 3346 3088 3392 eo,
3138 3338 3301 3382 morte
3361 3345 3477 3381 mo-

1899 3430 2109 3484 riemini
2150 3439 2193 3492 r,
2278 3437 2401 3480 tunc
2461 3423 2952 3494 concupiscentiam
3021 3422 3362 3491 arripuerunt
3424 3432 3478 3476 ct

1897 3526 2275 3587 conceperunt.
2298 3516 2419 3569 Ideo
2438 3517 2573 3569 bene
2595 3514 2799 3569 dictum
2818 3524 2899 3567 est
2922 3533 2933 3567 :
2990 3512 3476 3580 Cottcupiscentiam

1900 3610 2213 3673 nesciebam,
2248 3608 2348 3661 nisi
2380 3607 2463 3659 lex
2502 3606 2756 3657 dixisset:
2789 3602 2910 3657 Non
2940 3604 3268 3667 concupisces
3291 3612 3335 3653 ³.
3370 3600 3478 3654 Nec

1899 3700 2181 3755 comedere
2208 3696 2624 3769 [appetivissem
2650 3693 2669 3765 ]
2713 3695 2814 3747 nisi
2862 3694 3066 3747 dictum
3092 3692 3273 3745 luisset
3307 3710 3321 3743 :
3357 3689 3476 3742 Non

1901 3789 2175 3843 comedetis
2221 3803 2285 3840 ea:
2319 3787 2430 3839 illo.
2476 3784 2610 3839 lliuc
2650 3786 2795 3838 enim
2866 3790 3147 3847 peccatum
3200 3782 3328 3834 mihi
3356 3781 3476 3833 illu-

1904 3884 2059 3937 dendi
2118 3882 2459 3937 occasionem
2524 3878 2755 3945 accepit.
2813 3875 2949 3928 Dato
3000 3874 3143 3928 enim
3202 3873 3474 3936 mandato,

1902 3975 2145 4028 diabolus
2177 3973 2517 4027 occasionem
2552 3970 2739 4023 habuit
2769 3966 3041 4022 excitandi
3071 3966 3122 4017 in
3156 3979 3241 4018 me
3271 3978 3470 4016 concu-

1904 4065 2243 4134 piscentiam.
2275 4062 2404 4115 Nam
2437 4063 2551 4115 sine
2587 4060 2705 4130 lege
2737 4069 3016 4127 peccatum
3043 4065 3161 4110 erat
3187 4066 3476 4109 mortuum.

1905 4159 2021 4213 Non
2079 4159 2201 4212 data
2274 4156 2418 4209 enim
2492 4154 2639 4223 lege,
2697 4161 2976 4223 peccatum
3038 4149 3189 4217 quasi
3241 4145 3479 4200 ineliicax

1905 4261 2042 4308 erat.
2080 4251 2189 4321 Ego
2228 4260 2406 4303 autem
2450 4248 2693 4301 vivebam
2730 4255 2853 4299 ante
2880 4244 3051 4313 legem
3107 4242 3392 4310 inculpate.
3424 4249 3484 4293 ut

1905 4346 1995 4414 qui
2034 4357 2276 4396 normam
2332 4357 2436 4394 non
2486 4339 2741 4393 haberem
2806 4335 3101 4390 secundum
3141 4347 3300 4401 quam
3337 4332 3483 4384 vive-

1907 4450 2042 4488 rem.
2077 4433 2182 4487 Sed
2217 4425 2581 4486 cunt'venisset
2618 4428 2951 4489 mandatum,
2980 4433 3251 4492 peccatum
3275 4422 3480 4473 revixit.

210 4528 287 4581 es
315 4526 646 4589 ἀπέθανον,
675 4525 773 4579 καί
819 4527 1031 4594 εὐρέοη
1079 4546 1180 4595 μοι
1210 4528 1255 4559 ⁸³
1308 4528 1345 4596 ἠ
1378 4530 1597 4597 ἐντολὴ
1642 4533 1681 4598 ἠ
1722 4534 1800 4596 είς

1913 4525 2022 4593 Ego
2046 4532 2221 4577 autem
2252 4532 2482 4574 mortuus
2508 4534 2645 4581 sum,
2682 4518 2749 4584 εει
2768 4518 3036 4569 inventum
3062 4523 3139 4567 est
3178 4512 3305 4565 mihi
3343 4527 3484 4563 man-

214 4619 407 4685 ζὶυὴν,
438 4618 590 4683 αὕτη
621 4618 666 4649 ⁸⁸
696 4620 783 4682 εἰς
822 4618 1103 4682 θάνατον,
1153 4619 1234 4672 ὅτι
1285 4619 1423 4687 μετὰ
1470 4621 1531 4674 τὸ
1580 4622 1805 4689 νομοθε-

212 4711 397 4779 τῆσαι
426 4710 518 4761 τὸν
562 4708 730 4772 Θεὸν,
773 4709 870 4761 καὶ
913 4708 1316 4764 διαστείλασθαί
1353 4729 1442 4781 μοι
1478 4712 1513 4765 ἃ
1558 4713 1808 4783 ποιητέον

215 4803 322 4857 καὶ
356 4800 434 4871 μὴ
472 4802 721 4869 ποιητέον
743 4841 757 4865 ,
794 4803 1198 4871 κατειργάσατο
1238 4805 1296 4855 ἐν
1326 4805 1448 4872 ἐμοὶ
1491 4804 1589 4874 τὴν
1622 4805 1809 4858 ἐπιθυ·

219 4894 366 4963 μίαν
394 4893 421 4943 ό
454 4892 721 4955 διάὁολος.
763 4893 825 4944 'Il
879 4894 984 4963 γὰρ
1023 4894 1327 4960 ἐπαγγελία
1358 4895 1450 4947 τοῦ
1477 4894 1611 4948 Θεοῦ
1646 4898 1678 4967 ή
1724 4897 1809 4949 δο-

215 4980 389 5036 θεῖσά
423 4997 512 5048 μοι
546 4979 685 5049 αῦτη
719 4982 797 5041 εἰς
828 4980 970 5051 ζωήν
1011 4982 1103 5033 καὶ
1142 4981 1472 5052 ἀφθαρσίαν,
1506 4982 1594 5035 ἵνα
1630 4982 1812 5035 πειθό-

215 5091 395 5145 μενος
422 5072 561 5142 αὑτῇ
608 5072 697 5124 ἀεὶ
738 5072 1000 5126 θάλλοντα
1038 5073 1172 5144 πρὸς
1220 5074 1515 5127 ἀθανασίαν
1549 5074 1661 5143 βίον
1706 5074 1812 5145 ἔχω

213 5166 319 5219 καὶ
373 5162 572 5233 χαρὰν,
605 5161 933 5233 ἁθετήσαντι
983 5164 1153 5231 αὑτὴν
1202 5165 1281 5227 είς
1327 5165 1558 5219 θάνατον
1610 5164 1811 5233 ἀπέϐη,

212 5254 423 5323 ἐπειδὴ
451 5254 482 5307 ὁ
522 5253 789 5317 διάϐολος,
829 5254 887 5306 ὃν
938 5255 1214 5325 ἁμαρτίαν
1252 5254 1347 5307 νῦν
1400 5247 1552 5318 οὗτος
1587 5254 1811 5307 ἐκάλεσε

212 5348 314 5402 διὰ
342 5345 411 5399 τδ
429 5344 764 5416 δημιουργὸν
796 5344 957 5397 αὑτὸν
980 5346 1255 5417 ἁμαρτίας
1285 5347 1573 5417 ὑπάρχειν,
1594 5346 1684 5399 διὰ
1711 5345 1812 5403 τῆς

212 5438 455 5508 ἐντολῆς
501 5437 759 5508 ἀφορμήν
800 5436 980 5490 λαϐὼν
1013 5439 1149 5509 πρὸς
1200 5442 1488 5509 παρακοήν
1532 5437 1814 5508 ἀπατῆσαί

1912 4616 2089 4667 datum
2121 4612 2259 4682 quod
2276 4621 2386 4663 erat
2406 4608 2473 4661 ad
2504 4610 2682 4672 vitam,
2705 4606 2799 4659 hoc
2820 4620 2928 4659 esse
2958 4604 3026 4656 ad
3058 4603 3327 4656 mortem‘.
3349 4598 3484 4653 Nam

1921 4717 2043 4776 post
2078 4706 2244 4772 legem
2289 4718 2316 4755 a
2348 4702 2457 4755 Deo
2492 4701 2678 4761 latam,
2713 4706 2768 4751 et
2794 4696 3108 4750 mandatum
3146 4693 3275 4746 mihi
3304 4693 3486 4745 datum

1912 4798 2039 4868 quid
2089 4796 2392 4849 faciendum
2421 4800 2589 4853 esset,
2643 4797 2899 4858 operatus
2940 4795 3022 4841 est
3063 4786 3114 4839 in
3162 4792 3248 4839 me
3286 4798 3485 4838 concu-

1922 4888 2245 4959 piscentiam
2268 4882 2535 4937 diabolus.
2588 4878 2724 4933 Nam
2767 4876 3055 4946 promissio
3085 4872 3493 4947 [prmeeptuml

1917 4976 2010 5031 Dei
2064 4975 2195 5029 mihi
2252 4974 2375 5027 data
2442 4970 2505 5023 ad
2559 4968 2725 5023 vitam
2785 4978 2838 5021 et
2899 4965 3384 5027 immortalitatem,
3432 4974 3489 5017 ut

1915 5069 2173 5124 obediens
2239 5066 2346 5131 illi,
2400 5066 2563 5117 vitam
2626 5060 2695 5115 ad
2754 5057 3218 5113 immortalitatem
3276 5070 3493 5123 semper

1915 5162 2340 5219 elllorescentem
2379 5158 2632 5221 habeam,
2676 5164 2733 5211 et
2782 5152 3070 5224 gaudeam,
3124 5150 3486 5204 contemnenti

1916 5255 2061 5309 illam
2099 5252 2155 5307 in
2206 5261 2432 5307 mortem
2479 5249 2678 5303 vertit:
2740 5261 2861 5300 cum
2894 5242 3165 5306 diabolus,
3209 5256 3367 5309 quem
3403 5242 3489 5294 hic

1915 5352 2198 5415 peccatum
2231 5341 2546 5405 nominavit,
2580 5354 2646 5393 eo
2692 5339 2835 5407 quod
2886 5336 3002 5405 ipse
3037 5334 3368 5389 architectus
3394 5346 3487 5382 seu

1929 5444 2118 5488 auctor
2150 5432 2221 5487 sit
2266 5431 2494 5501 peccati,
2533 5430 2625 5497 qui
2679 5435 2923 5497 accepta,
2987 5438 3081 5495 per
3142 5431 3487 5493 praeceptum,

293 5588 326 5631 Ρ
358 5573 641 5638 Rettuli,
668 5574 724 5629 9.
799 5584 828 5623 τι
860 5573 1031 5629 Exod.
1066 5591 1159 5643 xx,
1192 5576 1275 5631 17.
1356 5586 1377 5614 τ
1408 5576 1542 5631 Gen.
1571 5577 1738 5640 ",17.

1902 5584 2023 5629 Lom.
2046 5590 2144 5639 vn,
2172 5572 2226 5625 7.
2310 5571 2330 5608 ί
2361 5570 2493 5627 ibid.
2514 5566 2680 5632 9.10.

1543 5670 1777 5726 VARUS
1819 5666 2221 5725 LECTIONES.

294 5765 343 5799 ι’
374 5760 569 5831 ὕφεσις
591 5760 633 5813 Δ
670 5777 684 5814 :
712 5759 995 5831 ῥφαίίρείτες
1029 5778 1088 5825 ς’

214 5839 264 5872 ss
297 5850 402 5907 μω
426 5827 554 5889 ’ωας
582 5831 647 5885 Α.
720 5827 770 5863 ⁸⁸
796 5830 933 5898 αὑτὴ
964 5837 1039 5894 ς.’

1192 5762 1239 5793 η
1272 5763 1382 5831 ἐγὼ
1428 5763 1506 5834 δι]
1552 5764 1707 5820 Rom.
1754 5779 1852 5829 vn,
1878 5768 1933 5829 9.

2029 5760 2076 5793 ⁸³
2109 5762 2143 5831 ή
2167 5758 2289 5815 add.
2325 5757 2388 5812 Α.
2502 5756 2549 5787 ⁸⁵
2575 5744 2902 5821 ἀμέμπτως]
2936 5746 3051 5817 βίον
3081 5744 3369 5817 ἄμεμπτον
3428 5741 3487 5795 ll.
