4208 6442
728 403 863 469 1115
1840 410 2101 476 ΡΗΟΤΙΙ
2140 415 2390 477 PATRU

2310 417 2639 479 lIARCHA‘I
2672 419 2783 479 CP.
3830 422 3972 487 1116

724 513 1008 570 occasione
1046 526 1133 568 me
1180 528 1277 583 per
1314 514 1734 572 lnobedientiam
1766 520 2063 589 decipiendi
2084 560 2101 586 ,
2131 532 2292 579 dece-
2321 533 2367 591 Α

2321 533 2367 591 Α
2395 543 2485 596 με,
2512 526 2798 596 ἀπατήσας
2833 522 3145 587 ἀπέκτεινε,
3172 523 3252 595 τῷ
3273 567 3287 590 ,
3323 518 3405 597 ’ῌ
3431 526 3485 580 δ’
3514 528 3591 582 ἂν
3628 528 3819 599 ἡμέρᾳ
3866 532 3977 600 φά.

728 617 877 677 ptum
906 606 1125 671 occidit,
1154 606 1267 659 lucc
1293 608 1501 661 scilicet
1548 610 1912 667 damnationis
1989 616 2293 668 sententia:

2398 634 2539 687 γητε
2560 617 2660 671 ἀπ’
2684 615 2891 680 αὐτοῦ,
2905 615 3141 682 θανάτῳ
3154 617 3579 684 ἀποθανεῖσθε,
3604 623 3977 692 κατακρίματι

730 697 1070 763 Quocumque
1131 698 1215 748 die
1268 698 1601 753 comederitis
1651 717 1718 755 ea:
1784 702 1903 766 illo,
1958 705 2297 769 moriemini;

2399 708 2701 762 ὑπεύθυνον
2727 707 2981 775 γενέσθαι
3010 707 3519 776 κατεργασάμενος.
3570 709 3751 763 Ὥστε
3785 712 3819 763 d
3865 709 3982 778 μὲν

732 802 879 839 reum
904 788 1098 855 pergit,
1128 798 1181 839 ut
1208 788 1291 841 lea:
1316 790 1523 857 quidem
1547 802 1734 845 sancta
1754 832 1769 855 ,
1792 802 1841 846 et
1858 804 2170 863 pra-ceptum
2206 796 2301 849 Dei

2402 802 2586 868 νόμος
2631 797 2821 864 ἅγιος,
2870 797 2970 850 καὶ
3002 797 3042 863 ἡ
3093 796 3316 863 ἐντολή
3360 796 3467 850 τοῦ
3504 796 3652 850 Θεοῦ
3691 799 3834 866 drla
3886 798 3982 851 και

734 895 993 944 sanctum.
1018 885 1219 953 justum
1254 895 1309 939 et
1345 886 1565 949 bonum,
1602 887 1669 940 ad
1699 886 1927 941 salutem
1962 903 2173 957 nempe,
2194 904 2301 943 non

2401 891 2601 944 δικαία
2635 890 2733 942 καὶ
2764 886 2976 955 ἀγαθὴ,
3017 887 3101 940 ὅτι
3132 887 3209 957 μὴ
3240 886 3333 939 ἐπὶ
3357 885 3436 957 τῷ
3480 885 3703 955 βλάψαι,
3738 888 3860 941 ἀλλ’
3894 888 3984 941 ἐπὶ

732 978 798 1029 ad
836 976 1059 1028 exitium
1098 976 1321 1029 datum:
1354 977 1483 1029 nihil
1520 979 1665 1031 enim
1718 978 1907 1033 inutlle
1955 980 2038 1031 vel
2080 980 2303 1033 noxium

2404 981 2481 1050 τῷ
2501 982 2544 1013 ⁸⁷
2583 981 2754 1033 σῶσαι
2800 977 2990 1048 ἐδόθη·
3028 977 3105 1047 μὴ
3144 976 3253 1046 γὰρ
3281 976 3524 1047 οίὼμεθα
3546 975 3594 1009 ⁸⁸
3624 978 3907 1045 ἀνωφελές
3932 993 3983 1028 τι

734 1082 763 1120 a
798 1066 905 1121 Deo
932 1067 1046 1119 neri
1074 1067 1369 1121 credimus.
1409 1065 1548 1133 Quid
1573 1070 1740 1137 ergo?
1774 1067 1909 1122 Num
1946 1068 2142 1122 bonum
2172 1069 2305 1123 milil

2406 1072 2440 1139 ἢ
2483 1070 2744 1139 βλαϐερὸν
2783 1070 2958 1121 ποιεῖν
3014 1068 3107 1121 τὸν
3151 1066 3306 1121 Θεόν.
3346 1067 3412 1120 Τί
3454 1067 3582 1133 οῦν;
3628 1066 3704 1121 τὸ
3759 1066 3986 1137 ἀγαθὸν

737 1171 967 1213 mortem
1022 1159 1271 1223 crearit,
1336 1162 1481 1227 quod
1544 1161 1857 1214 mandatum
1925 1160 2057 1214 mihi
2120 1162 2304 1213 datum

2408 1159 2536 1226 ἐμοὶ
2581 1159 2819 1227 ἐγένετο
2868 1156 3145 1221 θάνατος,
3188 1155 3217 1208 δ
3255 1154 3349 1208 τοῦ
3406 1156 3666 1225 μεγίστου
3707 1173 3801 1226 μοι
3840 1152 3984 1218 ὡς’*

737 1245 930 1301 summi
953 1246 1079 1299 boni
1106 1260 1270 1300 causa
1297 1246 1411 1301 lieri
1436 1247 1702 1303 debebat?
1725 1249 1910 1314 Absit;
1941 1249 2067 1317 quia
2098 1248 2183 1302 lex
2215 1248 2306 1303 Dei

2411 1252 2581 1303 αἴτιον
2617 1250 2876 1319 ἐσόμενον
2905 1247 3115 1317 ἀγαθοῦ
3147 1247 3495 1317 νομοθέτημα
3536 1246 3729 1317 ἐδόθη;
3764 1244 3862 1313 Μὴ
3895 1246 3987 1315 τύ-

740 1337 869 1391 mihi
905 1350 1245 1405 nequaquam
1292 1351 1454 1391 causa
1485 1336 1605 1401 luit,
1642 1346 1703 1391 ut
1736 1336 2097 1405 corruptionis
2122 1336 2307 1405 iugum

2411 1359 2593 1403 νοιτο,
2627 1341 2709 1393 ὃτι
2742 1341 2818 1410 μὴ
2842 1342 2876 1410 ἡ
2914 1340 3101 1410 ἐντολὴ
3139 1340 3233 1391 τοῦ
3264 1337 3399 1391 Θεοῦ
3442 1339 3523 1401 είς
3548 1338 3611 1389 τὸ
3654 1336 3988 1391 καταδουλω-

740 1428 1012 1492 subirem,
1075 1428 1170 1482 sed
1218 1427 1497 1491 diabolus;
1548 1438 1609 1481 ut
1669 1442 1766 1498 per
1813 1428 2050 1493 bonum,
2109 1429 2310 1480 malum

2414 1430 2575 1495 θῆναι
2610 1447 2676 1499 με
2701 1429 2916 1495 ἐγένετο
2935 1430 3004 1498 τῇ
3037 1427 3213 1497 φθορᾷ
3243 1427 3290 1459 ⁸⁸
3320 1425 3491 1491 αἰτία,
3524 1424 3637 1479 ἀλλ’
3664 1427 3693 1479 δ
3720 1424 3988 1493 διάϐολος,

742 1520 917 1589 palam
952 1518 1124 1583 lieret,
1152 1519 1243 1588 qui
1271 1517 1453 1573 ell'ecit
1486 1520 1627 1587 apud
1661 1535 1747 1575 me
1764 1529 1823 1573 ut
1858 1521 2011 1574 ﬁeret
2035 1529 2090 1575 et
2120 1522 2313 1589 depre-

2415 1521 2502 1573 ἴνα
2533 1519 2821 1589 φανερωθῇ
2858 1518 2949 1571 διὰ
2981 1516 3075 1570 τοῦ
3112 1516 3320 1584 ἀγαθοῦ
3352 1515 3414 1569 τὸ
3455 1515 3625 1570 κακὸν
3666 1516 3791 1587 ἐμοὶ
3821 1533 3991 1571 κατα-

743 1610 1073 1664 lienderetur
1099 1624 1345 1664 summus
1371 1621 1625 1678 peccator
1654 1610 1860 1677 peccati
1888 1619 1942 1665 et
1974 1610 2309 1665 fabricator:

2417 1612 2707 1675 σκευάσας,
2736 1612 2823 1664 ἵνα
2840 1610 3061 1681 γένηται
3092 1610 3185 1662 καὶ
3217 1608 3446 1679 ἐλεγχθῇ
3488 1607 3611 1661 καθ’
3639 1607 3994 1679 ὑπερϐολὴνδ

746 1700 956 1755 Scimus
996 1703 1130 1754 enim
1162 1702 1300 1771 quod
1323 1701 1408 1755 lea:
1448 1703 1740 1771 spiritualis
1777 1712 1919 1767 esti,
1964 1718 2136 1772 eoque
2184 1703 2312 1757 nulli

2417 1703 2641 1774 εὑρετὴς
2670 1703 2765 1771 τῆς
2805 1700 3078 1772 ἁμαρτίας
3106 1700 3446 1771 ἁμαρτωλός.
3472 1698 3602 1772 [183
3628 1697 3719 1770 Η.]
3737 1699 3995 1767 Οἴδαμεν

749 1789 910 1843 ullius
948 1789 1127 1842 damni
1153 1804 1319 1843 causa
1348 1808 1362 1844 :
1422 1791 1724 1858 spiritualia
1745 1792 1888 1845 enim
1919 1792 1985 1845 ab
2018 1792 2311 1846 irrationali

2418 1796 2508 1849 ὅτι
2535 1798 2568 1849 ὀ
2596 1796 2782 1860 νόμος
2799 1793 2930 1845 ἐστὶ
2960 1791 3385 1860 πνευματικὸς,
3408 1791 3487 1844 διὸ
3517 1790 3613 1844 καὶ
3643 1790 3797 1843 οὐδὲν
3823 1790 3998 1853 αίτιος

748 1881 1184 1949 concupiscentia
1242 1891 1299 1935 et
1351 1892 1575 1951 peccato
1622 1885 1809 1951 procul
1866 1885 2146 1939 habitant:
2205 1882 2317 1953 Ego
2350 1876 2390 1929 Β

2350 1876 2390 1929 Β
2418 1887 2528 1955 γὰρ
2563 1886 2767 1956 βλάϐης
2788 1884 2987 1937 οὐδενί·
3006 1884 3195 1955 πόῤῥω
3228 1886 3336 1953 γὰρ
3372 1882 3661 1953 ἐπιθυμίας
3685 1881 3883 1950 ἀλόγου
3904 1883 3998 1934 καὶ

751 1986 926 2027 autem
954 1974 1185 2028 carnalis
1213 1991 1350 2038 sum,
1384 1977 1713 2029 venundatus
1748 1978 1842 2031 sub
1860 1978 2139 2043 peccatis',
2170 1977 2320 2045 quasi

2421 1978 2695 2049 ἁμαρτίας
2722 1977 3056 2046 ἐσκήνηνται
3082 1976 3152 2028 τὰ
3179 1974 3548 2045 πνευματικά.
3583 1973 3732 2043 Ἐγὼ
3755 1973 3827 2026 δὲ
3856 1973 4001 2041 σάρ-

754 2067 987 2121 dicerct:
1019 2065 1129 2135 Ego
1163 2077 1345 2120 autem
1381 2068 1617 2121 carnalis
1650 2084 1797 2131 sum,
1823 2081 1875 2122 et
1902 2068 1954 2121 iu
1986 2069 2163 2122 medio
2199 2068 2321 2121 boui

2424 2073 2591 2135 κινός
2629 2072 2765 2137 ειμι,
2809 2066 3189 2137 πεπραμένος
3224 2068 3343 2123 ὑπὸ
3391 2067 3508 2136 τὴν
3540 2068 3855 2136 ἁμαρτίαν.
3889 2060 4000 2119 οἷον

754 2166 812 2209 et
850 2155 973 2207 mali
1011 2156 1063 2209 in
1111 2155 1285 2209 libero
1335 2156 1559 2209 arbitrio
1607 2159 1955 2221 constitutus,
1999 2168 2059 2210 ut
2110 2158 2160 2210 in
2209 2173 2324 2211 mea

2425 2162 2534 2229 ἐγὼ
2565 2162 2621 2214 δέ
2648 2162 2903 2231 σάρκινος
2956 2159 3053 2223 ὢν,
3094 2160 3188 2212 καὶ
3235 2161 3293 2211 ἐν
3329 2158 3481 2229 μέσῳ
3526 2158 3621 2211 τοῦ
3648 2156 3859 2226 ἀγαθοῦ
3907 2156 4003 2210 καὶ

757 2254 1026 2314 potestate
1047 2246 1139 2309 sit,
1169 2246 1295 2313 quid
1327 2245 1527 2315 295a
1553 2248 1709 2300 velim
1738 2247 1968 2317 eligere:
1997 2243 2160 2300 Posni
2187 2248 2327 2299 enim

2428 2251 2666 2322 πονηροῦ
2710 2250 3073 2314 κατασταθεὶς
3110 2250 3185 2314 ὡς
3212 2249 3579 2315 αὑτεξούσιος,
3621 2250 3709 2304 ἵνα
3758 2249 3849 2302 ἐπ’
3880 2248 4005 2318 ἐμοὶ

758 2350 878 2392 ante
903 2336 1089 2405 {aciem
1136 2348 1303 2402 tuam,
1352 2338 1546 2405 inquit,
1594 2340 1757 2391 vitam
1808 2348 1857 2391 et
1906 2350 2121 2392 mortem
2140 2351 2187 2390 ι.
2216 2338 2325 2406 ligo

2428 2344 2641 2397 ἑλέσθαι
2694 2342 2722 2393 ὃ
2778 2340 3039 2410 βούλομαι
3089 2336 3434 2412 ᾖ(Τέθεικα
3489 2338 3632 2407 γὰρ,
3681 2339 3853 2407 φησὶ,
3891 2336 4007 2405 πρὸ

760 2444 962 2501 pronus
1019 2429 1086 2483 ad
1136 2429 1440 2483 violandam
1482 2429 1649 2497 legem
1695 2430 2031 2499 spiritualent
2081 2431 2331 2485 videlicet

2430 2432 2755 2502 προσώπου
2788 2434 2829 2464 ’⁸
2860 2445 2978 2485 σου
3005 2432 3049 2463 ’⁸
3082 2430 3197 2497 τὴν
3234 2429 3387 2497 ζωὴν
3419 2429 3517 2483 καὶ
3542 2429 3649 2483 τὸν
3679 2429 4003 2498 θάνατον),

761 2521 1050 2591 pracepti;
1104 2529 1159 2575 et
1192 2518 1545 2590 [promptus]
1583 2521 1649 2574 ad
1687 2520 2018 2575 materialem
2047 2518 2178 2591 [seu
2211 2537 2331 2576 car-

2432 2524 2629 2584 νεύσας
2665 2520 2801 2589 πρὸς
2843 2521 2904 2573 τὸ
2952 2518 3298 2589 παρακοῦσαι
3348 2518 3447 2588 μὲν
3488 2517 3582 2571 τοῦ
3630 2516 4007 2587 πνευματικοῦ

766 2610 976 2683 ualent]
1023 2612 1291 2681 serpentis
1343 2612 1599 2666 videlicct
1650 2613 2076 2681 suggestionem,
2116 2624 2333 2682 pr0pter

2431 2616 2621 2683 νόμου,
2649 2610 2761 2666 οἷον
2811 2613 2910 2680 τῆς
2959 2611 3203 2681 ἐντολῆς,
3233 2610 3535 2664 ἐπακοῦσαι
3563 2610 3620 2664 δέ
3659 2610 3755 2664 τοῦ
3795 2608 4008 2673 ὑλικοῦ,

767 2706 906 2760 lianc
946 2704 1268 2758 electionem
1324 2704 1662 2757 venundatus
1711 2703 1880 2757 cecidi
1925 2704 1978 2757 in
2026 2714 2330 2773 peccatum,

2433 2704 2544 2760 οἷον
2576 2705 2669 2758 τοῦ
2708 2706 2885 2772 ὄφεως
2911 2704 3007 2773 τῆς
3056 2702 3407 2771 συμϐουλίας,
3442 2703 3737 2771 πέπραμαι
3784 2701 3875 2754 διὰ
3913 2701 4010 2772 τὴν

766 2796 1030 2851 obnoxius
1060 2795 1295 2849 diabolo.
1324 2794 1458 2848 Hinc
1486 2810 1613 2863 ergo
1641 2795 1898 2849 obsidens
1949 2810 2032 2849 me
2056 2806 2331 2863 peccatum

2435 2799 2692 2867 τοιαύτην
2745 2798 2979 2867 αἵρεσιν,
3020 2795 3148 2867 [915
3177 2794 3265 2864 IL]
3309 2795 3488 2846 πεσὼν
3538 2794 3642 2845 ὑπὸ
3679 2794 3779 2861 τὴν
3824 2794 4013 2862 ἀμαρ-

767 2889 964 2949 ιςιείιιει
997 2896 1051 2939 et
1119 2885 1307 2938 incolit
1348 2894 1512 2951 atque
1547 2885 1818 2939 inhabitat
1870 2885 1922 2938 in
1968 2900 2137 2939 carne
2192 2901 2333 2947 mea,

2436 2892 2579 2950 τίαν,
2623 2889 2700 2957 τῷ
2747 2888 3001 2958 διαϐόλῳ.
3052 2886 3216 2939 Ὅθεν
3248 2885 3500 2939 ἐντεῦθεν
3533 2883 3912 2953 πολιορκῆσάν
3948 2900 4012 2952 με

766 2990 925 3047 pnua
963 2974 1089 3027 mihi
1122 2975 1292 3041 legem
1330 2973 1710 3040 prmrarieanti
1748 2973 2015 3041 imposita,
2048 2983 2107 3027 ut
2137 2988 2339 3027 venun-

2437 2985 2497 3034 τὸ
2522 2981 2689 3034 κακὸν
2716 2980 2973 3044 ἐνιζάνει,
3023 2980 3119 3032 καὶ
3173 2976 3595 3048 ἐμπολιτεύεται
3630 2974 3953 3042 είσοικῆσαν
3973 2977 4017 3007 ’⁸

768 3070 925 3121 darer
948 3076 1187 3135 peccato.
1222 3064 1357 3117 Hinc
1390 3064 1517 3115 illud
1547 3064 1748 3115 dictum
1777 3080 1791 3116 :
1826 3062 1977 3125 Quod
2015 3079 2204 3131 operor
2234 3079 2337 3115 non

2441 3074 2497 3125 ἐν
2522 3074 2586 3141 τῇ
2618 3071 2781 3139 σαρκί
2814 3088 2936 3139 μου,
2963 3069 3121 3139 δίκης
3158 3068 3497 3138 ἐπιτεθείσης
3528 3083 3619 3136 μοι
3657 3064 3757 3135 τὴν
3797 3065 4019 3133 ἐντολὴν

768 3158 1040 3226 intelligo;
1084 3166 1132 3211 et
1159 3156 1295 3222 quod
1329 3156 1437 3218 odi,
1464 3156 1685 3224 (ocior;
1720 3169 1825 3207 non
1852 3163 1937 3207 est
1969 3156 2035 3208 de
2064 3154 2221 3209 factis
2254 3156 2338 3208 in-
2383 3228 2399 3230 Α

2383 3228 2399 3230 Α
2441 3163 2767 3230 ἀθετήσαντι
2798 3159 3070 3230 πραθῆναι
3099 3157 3177 3228 τῷ
3221 3156 3396 3227 κακῷ.
3433 3158 3523 3209 Διὸ
3567 3156 3660 3209 καὶ
3686 3154 3783 3208 τό·
3822 3158 3909 3209 Οὐ
3942 3174 4020 3224 τι·

772 3248 1139 3316 telligendum,
1166 3247 1260 3301 sed
1286 3247 1351 3299 de
1378 3246 1494 3299 solo
1514 3247 1774 3315 cogitatu.
1795 3244 1977 3314 Neque
2007 3248 2149 3301 enim
2172 3256 2255 3302 est
2280 3247 2333 3301 in
2362 3228 2408 3291 (ἶ

2362 3228 2408 3291 C
2441 3228 2652 3307 rdimew
2679 3250 2709 3304 ὃ
2738 3228 3183 3318 κατεργάζομαι,
3232 3248 3327 3301 καί
3347 3262 3360 3277 '
3392 3246 3545 3300 Ποιῶ
3593 3246 3623 3300 δ
3645 3244 3830 3315 μισῶ,
3867 3246 4023 3313 λεγό⁴

768 3349 955 3395 nostra
987 3347 1251 3407 potestate
1273 3339 1513 3406 cogitare
1558 3347 1650 3389 aut
1677 3351 1782 3390 non
1814 3338 2054 3405 cogitare
2084 3338 2338 3392 absurda:

2448 3362 2605 3416 μενον
2640 3343 2737 3395 οὐκ
2768 3341 2863 3393 ἐπὶ
2894 3339 2990 3393 τοῦ
3034 3339 3228 3409 δρᾶσαι
3269 3339 3331 3392 τδ
3360 3338 3564 3407 φαῦλον
3612 3337 4023 3408 παραληπτέον.

770 3431 866 3485 sed
900 3429 998 3490 uti,
1035 3428 1119 3481 vel
1148 3442 1252 3481 non
1286 3428 1361 3480 uti
1391 3426 1819 3495 cogitationibus
1859 3427 2035 3495 rcipsa
2082 3427 2134 3481 in
2188 3428 2342 3481 nobis

2447 3435 2563 3488 ἀλλ’
2593 3433 2687 3485 ἐπὶ
2711 3431 2804 3485 τοῦ
2838 3432 2998 3501 μόνον
3030 3430 3420 3501 ἐνθυμηθῆναι.
3452 3431 3526 3482 Οὐ
3556 3430 3663 3500 γὰρ
3694 3430 3783 3499 ἐφ’
3804 3431 3946 3499 ἡμῖν
3971 3430 4028 3482 τὸ

771 3528 874 3574 est.
912 3517 1043 3571 Nam
1064 3532 1254 3571 arcere
1282 3518 1645 3585 c0gitationes
1664 3517 1739 3569 uti
1770 3516 1925 3570 nobis
1954 3532 2058 3571 non
2084 3517 2342 3584 incidant,

2446 3522 2854 3594 ἐνθυμεῖσθαιῆ
2886 3520 2960 3592 μὴ
2994 3519 3345 3589 ἐνθυμεῖσθαι
3379 3522 3553 3572 χεῖται
3576 3520 3643 3572 τὰ
3670 3518 3871 3579 ἄτοπα,
3896 3518 4029 3572 ἀλλὰ

775 3626 881 3666 non
918 3622 1225 3678 possumus,
1260 3621 1382 3661 cum
1413 3607 1632 3660 aliunde
1654 3614 1931 3677 suggestu
1956 3608 2303 3660 admittamus
2329 3624 2343 3660 :

2444 3617 2507 3668 τὸ
2547 3612 2781 3685 χρῆσθαι
2813 3613 2846 3681 ἢ
2879 3612 2954 3681 μὴ
2984 3610 3222 3680 χρῆσθαι
3262 3612 3375 3671 τοῖς
3429 3608 3798 3679 ἐνθυμήμασι.
3834 3609 4029 3661 Κωλῦο

774 3702 867 3758 sed
892 3700 1224 3764 consentire,
1254 3707 1345 3751 aut
1371 3708 1590 3765 patrare
1619 3713 1727 3751 non
1776 3698 2037 3766 cogimur.
2054 3696 2344 3766 Propterea

2449 3722 2539 3757 σαι
2576 3704 2675 3773 μὲν
2720 3705 2827 3772 γὰρ
2862 3702 3084 3754 πίπτειν
3136 3703 3219 3763 είς
3269 3701 3418 3770 ἡμᾶς
3462 3702 3588 3763 τοὺς
3621 3700 3925 3769 λογισμοὺς
3972 3701 4028 3754 οὗ

781 3791 926 3847 Velle
955 3792 1082 3843 mihi
1116 3790 1326 3861 quidem
1361 3788 1592 3857 adjacet,
1620 3803 1685 3842 ne
1720 3788 1858 3842 mala
1886 3790 2152 3857 cogitem;
2186 3790 2346 3857 perﬁ-

2448 3795 2747 3865 δυνάμεθα,
2786 3792 3235 3863 προσδεχομένων
3271 3792 3429 3861 ήμῶν
3469 3791 3666 3856 ἔξωθεν
3704 3793 4032 3862 είσπνεομέ-

775 3900 888 3939 cere
901 3893 1092 3945 autem,
1123 3890 1181 3934 ut
1204 3879 1291 3933 illa
1323 3880 1689 3947 exstinguatu,
1716 3892 1785 3933 ne
1811 3878 2043 3945 amplius
2068 3880 2232 3932 menti
2259 3893 2348 3931 oc-

2451 3906 2573 3953 νους
2592 3904 2606 3919 ·
2640 3887 2712 3958 μὴ
2742 3886 3031 3956 πεισθῆναι
3068 3884 3253 3954 μέντοι
3279 3884 3311 3954 ἢ
3354 3885 3428 3954 μὴ
3459 3883 3695 3955 χρῆσθαι
3725 3882 4031 3953 δυνάμεθα.

776 3983 1026 4037 currant,
1060 3989 1162 4026 non
1196 3971 1360 4024 habeo
1386 3980 1432 4023 ι.
1465 3969 1601 4035 Quia
1629 3973 1751 4038 hoc,
1776 3981 1832 4023 ut
1860 3970 2105 4024 dicebam
2133 3986 2237 4023 non
2269 3979 2352 4022 est

2450 3984 2540 4035 Δι’)
2582 3982 2642 4033 τὸ
2676 3982 2775 4050 μὲν
2824 3978 2998 4032 θέλειν
3040 3978 3181 4031 αὐτὰ
3212 3978 3289 4049 μὴ
3338 3977 3708 4047 ἐνθυμηθῆναι
3760 3979 4035 4045 παρακεῖ-

776 4068 830 4120 in
880 4075 1063 4119 nostra
1104 4072 1393 4132 potestate,
1423 4072 1482 4115 ut
1506 4061 1577 4115 sit
1616 4076 1812 4116 sensus
1840 4062 1963 4117 talis
1996 4063 2155 4131 hujus
2186 4064 2348 4116 dicti:

2454 4075 2577 4127 σθαι
2602 4074 2671 4135 ⁸⁸,
2710 4072 2772 4125 τὸ
2821 4072 2879 4125 δέ
2934 4069 3379 4141 κατεργάσασθαι
3405 4071 3484 4131 είς
3524 4068 3585 4121 τδ
3616 4067 3909 4134 ἀφανίσαι,
3953 4069 4037 4120 ἴνα

782 4156 907 4211 Νωι
934 4157 1094 4219 enim,
1125 4156 1263 4223 quod
1316 4153 1432 4207 volo
1485 4154 1676 4205 bonum
1735 4153 1899 4217 facio.
1935 4151 2064 4205 Volo
2109 4154 2251 4207 enim
2285 4168 2352 4206 ne

2457 4169 2533 4237 μὴ
2568 4165 2613 4198 ’³
2668 4164 2823 4227 αὖθις
2863 4164 2992 4233 περὶ
3043 4162 3135 4216 τὸν
3171 4161 3431 4231 λογισμὸν
3473 4159 3791 4221 ἀνέλθωσιν,
3826 4157 3915 4221 οῦ,
3956 4161 4035 4213 ὅτι

778 4250 1015 4321 cogitare
1043 4248 1283 4317 quidem,
1309 4261 1429 4315 qua:
1472 4247 1602 4299 milii
1654 4253 1912 4309 noceant;
1995 4245 2095 4299 hoc
2151 4246 2350 4299 etenim

2458 4259 2533 4328 μὴ
2589 4259 2767 4309 κεῖται
2813 4254 2972 4308 τοῦτο
3018 4253 3105 4322 ἐφ’
3132 4254 3286 4323 ἡμῖν,
3323 4252 3397 4315 ὡς
3426 4252 3582 4319 ἔφην.
3630 4245 3910 4313 Ὠςέἷναι
3952 4251 4040 4302 τὸν

779 4342 981 4396 bonum
1025 4352 1247 4405 prorsus
1299 4336 1629 4406 inculpatum
1680 4344 1785 4389 est.
1836 4333 1903 4388 Et
1942 4336 2042 4389 hoc
2101 4334 2350 4403 quidem,

2458 4348 2582 4402 νοῦν
2613 4346 2854 4400 τοιοῦτον
2882 4344 2977 4398 τοῦ
3013 4343 3177 4415 ῥητοῦ
3200 4360 3211 4373 ·
3230 4346 3313 4398 Οὐ
3340 4344 3450 4412 τὰρ
3473 4343 3505 4395 ὃ
3531 4341 3685 4396 θέλω
3722 4340 3875 4394 ποιῶ
3904 4342 4041 4410 ἀγα-

780 4432 923 4501 quod
954 4431 1075 4485 volo
1110 4430 1305 4490 bonum
1331 4468 1345 4492 ,
1378 4444 1485 4482 non
1520 4427 1688 4493 lucio;
1722 4426 1865 4496 quod
1906 4428 2023 4479 oero
2048 4426 2185 4488 nolo,
2215 4426 2353 4493 facio

2460 4441 2585 4493 θόν.
2605 4439 2755 4492 Θέλω
2785 4437 2891 4507 γὰρ
2916 4438 2991 4508 μὴ
3022 4435 3373 4506 ἐνθυμεῖσθαι
3405 4433 3442 4488 θ.
3468 4434 3692 4503 βλάπτει
3722 4451 3814 4503 με,
3845 4433 4040 4501 ἐπειδὴ

781 4524 979 4578 malum
999 4534 1049 4579 ι.
1088 4520 1223 4575 Nolo
1251 4522 1511 4588 cogitare,
1532 4520 1818 4588 cogitando
1838 4518 2053 4571 interim
2087 4532 2205 4584 quze
2234 4518 2353 4568 nolo
2387 4590 2420 4599 ᾳ

2387 4590 2420 4599 _
2456 4533 2613 4586 τοῦτο
2641 4532 2703 4584 τὸ
2736 4530 2939 4599 ἀγαθὸν
2974 4530 3335 4599 πανάμωμον.
3365 4527 3473 4579 Καὶ
3500 4525 3658 4579 τοῦτο
3691 4525 3815 4595 μὲν,
3848 4525 3878 4577 δ
3902 4525 4040 4577 θέλω

780 4614 1039 4682 cogitare.
1097 4614 1272 4679 Atque
1346 4618 1566 4678 propter
1627 4610 1741 4662 haec
1810 4608 1923 4675 ipsa
1980 4606 2118 4659 forte
2186 4606 2350 4659 David
2387 4590 2428 4643 υ

2387 4590 2428 4643 D
2458 4623 2681 4691 ἀγαθὸν,
2718 4590 2978 4675 mima?)-
3011 4621 3039 4673 δ
3066 4590 3136 4672 δὲ.
3168 4590 3243 4690 μδ]
3277 4618 3436 4682 θέλω,
3488 4590 3719 4688 πράσσω
3748 4616 3949 4679 κακὸν,
3980 4617 4039 4668 οὐ

782 4704 949 4759 Deum
975 4698 1281 4778 [supplex]
1330 4698 1503 4761 adiit,
1538 4698 1711 4751 iratus
1753 4696 2174 4765 cogitationibus
2219 4700 2349 4757 suis.

2459 4712 2629 4765 θέλων
2657 4710 2975 4774 ἐννοεῖσθαι,
3017 4708 3114 4761 καὶ
3164 4706 3515 4776 ἐννοούμενος
3544 4706 3579 4759 ἃ
3611 4704 3686 4775 μὴ
3718 4704 3884 4758 θέλω.
3932 4706 4042 4757 Καὶ

782 4809 919 4864 quas
949 4807 1141 4861 passus
1175 4800 1260 4845 est
1296 4791 1528 4844 invitus:
1579 4790 1657 4841 Ab
1716 4788 1936 4842 occultis
1987 4789 2114 4840 meis
2159 4788 2350 4839 munda

2460 4800 2827 4868 ἐπισκέψασθε
2884 4800 2933 4852 εί
2985 4798 3061 4868 μὴ
3115 4796 3204 4850 διὰ
3256 4794 3430 4849 ταῦτα
3477 4796 3618 4849 αὐτὰ
3660 4796 3757 4849 καὶ
3799 4798 3830 4849 ὁ
3876 4795 4040 4865 Δαδὶδ

782 4904 887 4949 me,
913 4894 962 4938 et
996 4886 1059 4936 ab
1082 4883 1268 4936 alienis
1290 4898 1445 4949 parce
1500 4897 1648 4935 servo
1670 4892 1785 4933 tuo.
1818 4879 1876 4932 Si
1912 4879 2011 4931 mei
2037 4895 2139 4931 non
2160 4878 2353 4949 fuerint

2459 4888 2781 4958 ἐνετύγχανε
2809 4888 2887 4958 τῷ
2915 4886 3062 4955 Θεῷ,
3084 4886 3449 4956 δυσχεραίνων
3487 4884 3580 4938 ἐπὶ
3611 4884 3688 4954 τῷ
3722 4883 4041 4953 λογίζεσθαι

780 4977 1062 5039 dominati,
1116 4984 1240 5028 tunc
1294 4974 1665 5027 immaculalus
1716 4988 1825 5034 ero,
1870 4981 1916 5025 et
1959 4972 2277 5023 emundabor
2322 4986 2353 5023 α

2458 4981 2553 5033 καὶ
2568 4979 2731 5031 αὐτὸν
2746 4978 2782 5032 ἃ.
2800 4980 2873 5049 μὴ
2895 4977 3106 5048 ἢθελεν·
3133 4977 3273 5030 Ἀπὸ
3296 4974 3415 5030 τῶν
3434 4977 3702 5044 κρυφίων
3713 4992 3838 5044 μου
3860 4975 4041 5028 καθά-

780 5067 971 5122 delicto
1021 5080 1210 5133 magno
1231 5063 1279 5116 δ.
1326 5063 1393 5117 Et
1431 5063 1545 5131 ipse
1582 5062 1876 5131 Apostolus
1900 5060 2063 5113 alibi:
2115 5057 2353 5113 Consilia

2458 5072 2644 5139 ρισόν
2668 5088 2763 5138 με,
2797 5070 2893 5122 και
2924 5068 3044 5122 ἀπὸ
3071 5069 3119 5101 ’⁸
3145 5068 3482 5134 ἀλλοτρίων
3505 5066 3710 5136 φεῖσαι
3743 5066 3853 5120 τοῦ
3903 5066 4040 5119 δού-

779 5163 1124 5222 destruentes,
1168 5167 1219 5210 et
1268 5173 1473 5210 omnem
1527 5156 1863 5209 altitudinem
1916 5153 2242 5206 extollente»:
2301 5169 2356 5205 se

2462 5162 2576 5212 ,ιου
2627 5174 2764 5211 σου.
2822 5158 2964 5211 Ἐὰν
3006 5156 3091 5227 μή
3149 5174 3269 5226 μου
3329 5155 3871 5225 κατακυριεύσωσι,
3905 5160 4036 5207 τότε

778 5254 1033 5328 adversus
1060 5251 1337 5304 scientiam
1365 5248 1483 5313 Dei,
1502 5260 1549 5302 et
1589 5249 1643 5302 in
1687 5248 2041 5315 captivitatem
2074 5246 2357 5315 redigentes

2463 5248 2698 5315 ἄμωμος
2733 5248 2947 5317 ἔσομαι
2995 5246 3093 5300 καὶ
3139 5245 3656 5315 καθαρισθήσομαι
3696 5243 3820 5299 ἀπὸ
3858 5245 4041 5312 ἁμαρ-

780 5360 986 5398 anu-em
1018 5344 1337 5399 intellectum
1362 5344 1416 5397 in
1439 5342 1738 5408 obsequium
1762 5340 1959 5395 Christi
1991 5350 2039 5393 "-.

2466 5338 2597 5403 είας
2614 5336 2765 5406 μετά
2782 5339 2903 5404 ιης.
2934 5337 3043 5390 Καὶ
3065 5336 3227 5402 αὐτὸς
3258 5336 3317 5390 δέ
3342 5336 3371 5389 ὀ
3406 5333 3731 5396 ’Δπόστολος
3760 5334 3822 5386 ἐν
3874 5333 4043 5403 ἑτέρῳ

852 5494 876 5520 ε
905 5482 1059 5535 Rom.
1093 5498 1188 5545 vn,
1252 5482 1338 5535 ll.
1414 5480 1598 5534 'ibial.
1684 5493 1706 5521 ι
1738 5480 1895 5535 Deut.
1937 5478 2172 5543 xu,l5.
2252 5486 2281 5525 1
2316 5475 2473 5531 Rom.
2512 5490 2612 5539 vn,
2654 5474 2740 5528 15.
2818 5482 2842 5511 ι
2877 5474 3008 5528 ibid.
3050 5472 3136 5527 l8.
3213 5485 3239 5513 ι
3276 5472 3407 5527 ibid.
3435 5468 3521 5526 l9.
3629 5468 3658 5509 δ
3691 5465 3837 5523 Psal.
3881 5481 4042 5527 xvtu,

785 5556 871 5620 I3,
910 5552 997 5608 Η.
1076 5564 1098 5591 ο
1134 5551 1176 5607 ll
1213 5552 1340 5608 Cor.
1377 5568 1429 5616 ι,
1464 5551 1518 5614 ι,
1544 5550 1596 5605 5.

2090 5659 2325 5715 νΑιιιΕ
2386 5656 2679 5714 LECTION
2691 5656 2795 5714 ES.

859 5762 904 5791 "
938 5758 1016 5829 τῷ
1039 5761 1079 5812 Β
1112 5776 1124 5812 :
1153 5760 1217 5813 τὸ
1240 5777 1299 5823 ς’.
1374 5759 1421 5792 ⁸⁸
1447 5757 1672 5830 οίὸμεθα
1714 5775 1775 5821 ς.
1821 5756 1897 5830 _"
1926 5755 2001 5816 ὡς
2046 5754 2273 5830 om._B._
2320 5753 2365 5783 "
2390 5754 2454 5830 ej
2493 5749 2697 5830 φθορᾷ]
2808 5748 3015 5830 saepe;
3044 5749 3085 5800 Β
3112 5757 3167 5802 et
3197 5761 3343 5830 corr.
3381 5748 3443 5799 A.
3518 5745 3561 5829 ’,⁸
3586 5742 3722 5830 πρὸῖ
3747 5758 4042 5830 stimet-inoo

786 5831 925 5900 φησὶ
1043 5810 1130 5861 Ῠ⁹ί
1159 5810 1393 5883 ἁὸιίὸω.
1510 5810 1625 5861 Τίί
1644 5810 1959 5894 domum”
1983 5810 2127 5877 i-orr.
2258 5810 2561 5900 εινοικῆσειίν⁷
2643 5810 3047 5900 ἐἴεξσοξξεῑσθαι
3073 5836 3135 5881 ς.
3190 5816 3280 5900 ﬂ”.
3310 5810 3723 5900 παρακεῖσθαι]
3756 5810 4040 5900 leg-sudum

790 5880 1391 5973 iiiiéﬁiuﬁéuél.‘
1436 5880 1499 5933 ὀἱ
1542 5899 1625 5954 ενα
1659 5898 1735 5968 μὴ
1770 5880 2156 5951 -’ἀνέ>.οωπιν
2181 5890 2265 5945 υς
2293 5891 2381 5944 ἶνα
2408 5880 2499 5943 7.11
2531 5918 2597 5929 -
2630 5888 2704 5959 μὴ
2722 5887 3015 5941 ἀνέλθωτιν
3054 5880 3115 5951 κέ.
3190 5889 3235 5921 ιο
3258 5880 3553 5953 ἀπδςέιιεςιι.
3586 5880 3753 5941 avni,
3797 5880 3882 5934 ιδ.
