4208 6442
760 439 890 504 1119

1896 439 2155 500 PIIOTII
2197 439 2418 498 P.\TRl
2432 440 2469 495 .\
2481 438 2696 497 RCHE
2736 440 2842 499 CP.

3874 440 4015 502 1120

754 549 898 601 exuti
948 561 1152 609 sumus,
1203 556 1257 601 et
1308 547 1501 616 296a
1549 547 1814 615 corporali
1867 549 2321 615 concupiscientia
2351 551 2399 607 Λ
2430 547 2575 617 ρωοέε

2456 547 2690 609 ιωθέντες
2730 548 2785 598 δὲ
2841 546 3132 615 ἐπιθυμίας
3196 550 3386 618 ὑλικῆς
3410 552 3535 619 ,ἥῆν
3594 552 3623 602 6
3668 549 4014 619 πολύτροπος

757 637 982 703 impleti,
1016 652 1175 703 quam
1217 638 1443 689 Callidus
1472 638 1625 690 nobis
1654 653 1875 703 serpens
1915 638 2156 690 immisit.
2190 638 2320 690 llinc

762 727 900 779 Deus
941 735 1189 786 mortem,
1224 742 1329 793 qua
1374 728 1579 779 deleret
1625 728 1675 779 in
1714 729 1865 782 nobis
1890 741 2189 794 peccatum,
2222 745 2323 782 cx-

757 816 1035 881 Cugitnvit.
1066 825 1121 866 ιιι
1163 830 1228 867 ne
1265 816 1314 866 in
1347 816 1519 877 nobis,
1562 818 1605 871 si
1654 818 1986 871 immortales
2032 821 2325 871 mansisse-

762 920 899 964 mus,
929 904 1089 955 etiam
1130 904 1569 971 concupiscentia
1615 922 1826 974 semper
1869 908 2194 973 repnllulaus
2225 909 2325 959 int-

762 993 1003 1045 mortalis
1035 1002 1199 1047 esset.
1254 992 1403 1047 Unde
1442 995 1729 1062 Apostolus
1769 1013 1781 1047 :
1837 994 1955 1048 Scio
2000 997 2137 1046 enim
2185 996 2321 1062 quod

761 1100 862 1134 non
908 1084 1104 1135 habitet
1137 1084 1189 1136 in
1229 1098 1333 1145 me,
1379 1083 1476 1137 hoc
1523 1094 1621 1147 est,
1658 1085 1712 1136 in
1741 1100 1899 1137 carne
1934 1102 2070 1147 mea,
2105 1088 2325 1149 bonum;

762 1171 903 1235 quod
934 1187 1053 1222 t‘lllll
1080 1170 1233 1235 dicit,
1280 1170 1389 1223 vult
1427 1171 1706 1225 declarare
1746 1182 2023 1239 peccatum
2061 1173 2113 1225 in
2147 1175 2325 1235 uultis,

2425 637 2751 704 ἐνεφύσησεν
2810 639 2889 698 είς
2946 638 3091 706 ἡμᾶς
3155 638 3302 705 ὄφις.
3340 639 3431 691 Διὸ
3464 641 3565 691 καὶ-
3589 640 3679 691 τὸν
3724 639 3962 692 θάνατον
3989 641 4016 689 6

2423 730 2552 789 Θεὸς
2574 729 2708 796 πρὸς
2738 728 3014 796 ἀναίρεσιν
3040 727 3139 796 τῆς
3174 730 3449 797 ἁμαρτίας
3475 730 3616 797 ὑπὲρ
3648 729 3809 798 ἡμῶν
3851 729 4019 780 dvexi-

2428 837 2579 888 ρατο,
2609 820 2693 870 ἵνα
2718 821 2793 888 μὴ
2820 820 2876 871 ἐν
2888 818 3177 882 ἀθανάτοις
3205 822 3337 889 ἡμῖν
3358 821 3709 883 ἀνατείλασα,
3740 819 3818 883 ὡς
3849 820 4015 886 ἔφην.

2425 906 2774 979 ἀθάνατος
2798 908 2961 961 Ὅθεν
2987 910 3017 962 6
3058 909 3403 973 Ἀπόστολος,
3440 907 3585 964 οἶδα
3614 912 3725 978 τὰρ
3776 909 3867 962 ὅτι
3903 910 4021 961 οὐκ

2428 998 2583 1051 οἰκεῖ
2624 999 2693 1051 ἐν
2733 997 2881 1066 ἐμοὶ,
2941 998 3255 1053 τουτέστιν
3307 1000 3376 1053 ἐν
3410 998 3483 1067 τῇ
3535 1001 3716 1067 σαρκί
3758 1017 3907 1067 μου.
3954 998 4020 1050 τὸ

2428 1089 2672 1155 ἀγαθὸν,
2710 1091 2886 1157 λέγων
2928 1088 3027 1159 τὴν
3085 1088 3194 1142 ἀπὸ
3240 1089 3337 1160 τῆς
3367 1089 3731 1157 παραϐάσεως
3772 1087 3862 1140 διὰ
3917 1086 4020 1155 τῆς

2429 1179 2717 1246 ἐπιθυμίας
2767 1177 3187 1231 είσοικισθεῖσαν
3251 1180 3331 1241 είς
3359 1178 3505 1246 ἡμᾶς
3566 1175 3842 1246 ἁμαρτίαν
3876 1173 4010 1241 βοῦ-

763 1273 883 1326 post
919 1262 1439 1329 prmvaricationetn,
1475 1276 1571 1329 per
1608 1264 2106 1331 concupiscentiam
2148 1265 2329 1316 nidili-

763 1369 934 1417 casse,
966 1356 1119 1418 cujus
1153 1354 1299 1408 velut
1342 1368 1478 1408 nova
1514 1356 1785 1424 germina,
1816 1357 2178 1422 cogitationes
2208 1372 2331 1407 car-

765 1460 887 1499 nem
942 1446 1218 1500 titillantes
1269 1445 1323 1499 iu
1374 1447 1531 1501 nobis
1568 1462 1784 1515 semper
1843 1447 2171 1500 excitantur.
2220 1446 2333 1499 Duo

763 1533 909 1583 enim
938 1533 1326 1601 cogitationum
1347 1549 1543 1603 genera
1562 1533 1854 1598 exsistunt,
1880 1534 2107 1588 alterum
2136 1550 2164 1586 a
2201 1550 2332 1588 con-

2432 1271 2581 1321 λεται
2628 1268 2872 1337 μηνύειν,
2898 1263 2966 1339 ἦς
3005 1266 3071 1337 δὴ
3096 1266 3348 1337 καθάπερ
3376 1266 3737 1336 βλαστήματα
3762 1267 3806 1297 "
3827 1268 3929 1317 vta.
3969 1266 4019 1319 oi

2434 1356 2704 1426 φιλήδονοι
2741 1358 2867 1425 περὶ
2895 1358 3043 1426 ἡμᾶς
3072 1357 3162 1410 ἀεὶ
3194 1357 3447 1427 λογισμοὶ
3473 1356 3844 1409 συνίστανται.
3891 1357 4023 1407 Δισ-

2436 1451 2503 1502 σά
2544 1449 2653 1517 γάρ
2695 1450 2752 1499 ἐν
2791 1450 2923 1515 ἡμῖν
2948 1447 3223 1518 λογισμῶν
3245 1448 3399 1518 γένη,
3431 1448 3490 1500 τὸ
3517 1447 3617 1517 μὶν
3639 1446 3747 1499 ἀπὸ
3770 1449 3870 1513 τῆς
3902 1448 4022 1497 ἐπι-

2436 1542 2636 1610 θυμίας
2662 1542 2759 1609 τῆς
2780 1538 3207 1607 ἐμφωλευούσης
3240 1538 3398 1607 ἐντῷ
3430 1538 3643 1608 σώματι
3683 1536 4022 1605 συνιστάμε-

766 1624 1139 1691 cupiscieutia,
1170 1640 1229 1679 se
1277 1626 1327 1678 in
1360 1640 1557 1694 corpus
1588 1636 1834 1680 nostrum
1881 1628 2208 1686 insinuante.
2242 1644 2336 1687 ua-
2437 1633 2575 1692 vov,l

2456 1649 2546 1692 νον,
2565 1632 2687 1701 ητις
2710 1632 2767 1696 ἐξ
2793 1631 3035 1692 ἐπινοίας
3055 1631 3099 1661 ¹⁶
3133 1629 3227 1695 (ὡς
3262 1629 3417 1700 ἔφην)
3440 1628 3669 1699 συνίστη
3697 1625 3793 1679 τοῦ
3834 1626 4023 1679 ὑλικοῦ

769 1725 900 1778 ιιιιιι,
935 1716 1074 1783 quod
1118 1730 1181 1768 es
1230 1732 1413 1777 sensu,
1441 1727 1497 1770 ut
1527 1716 1660 1780 disi,
1692 1733 1785 1771 seu
1828 1720 2175 1785 c0gitatione,
2210 1734 2333 1771 (ιον-ι
2440 1719 2572 1771 πνεύ

2456 1719 2772 1787 πνεύματος,
2806 1720 2868 1773 16
2902 1720 2959 1773 δὲ
2985 1720 3094 1772 ἀπὸ
3146 1718 3239 1772 τοῦ
3270 1719 3435 1788 νόμου
3458 1718 3551 1771 τοῦ
3575 1720 3718 1771 κατά
3745 1718 3847 1785 τὴν
3875 1719 4025 1768 ιντο.

770 1805 966 1872 poralis
1000 1806 1221 1875 spiritus
1245 1818 1476 1871 constat;
1506 1809 1734 1862 alterum
1760 1819 1941 1863 autem
1967 1826 1993 1861 τι
2028 1812 2144 1877 lege
2173 1810 2335 1862 divini
2370 1878 2401 1881 _
2440 1811 2562 1881 λὴν,

2456 1813 2562 1881 κῆν,
2594 1810 2651 1862 ὃν
2678 1811 2915 1879 ἔμφυτον
2965 1808 3231 1878 ἐλάϐομεν
3265 1809 3409 1878 ἐχειν
3451 1808 3544 1861 καὶ
3573 1808 3804 1875 φυσικὸν
3837 1808 4027 1873 νόμον,

768 1900 1019 1966 praecepti
1077 1898 1452 1971 [proiectum],
1496 1916 1653 1967 quani
1704 1903 1777 1953 uti
1829 1902 2124 1953 naturalem
2168 1902 2336 1969 legent
2370 1878 2414 1935 Β
2447 1878 2575 1973 πρὸς

2456 1878 2579 1973 πρὸς
2603 1904 2663 1955 16
2694 1878 2855 1955 ialbv
2888 1902 3044 1971 ἡμῶν
3072 1902 3415 1971 ἐξεγείροντα
3439 1900 3530 1953 τὸν
3552 1900 3833 1968 λογισμόν.
3863 1898 4029 1951 Ὀθεν

772 2003 799 2039 a
839 1987 944 2042 Deo
973 1990 1186 2043 insitam
1227 1993 1558 2057 accepimus,
1601 2007 1719 2057 quze
1742 2004 1973 2045 mentem
2013 2004 2248 2045 nostram
2276 1994 2341 2045 ad
2443 1998 2509 2065 τῇ
2540 2014 2575 2065 μ

2456 1998 2509 2065 τῇ
2540 1996 2637 2065 μὲν
2664 1994 2954 2064 νομοθεσίᾳ
2984 1992 3078 2045 τοῦ
3101 1991 3237 2044 Θεοῦ
3267 1993 3406 2045 κατά
3437 1992 3529 2044 τὸν
3562 1990 3685 2043 νοῦν
3725 1990 4031 2059 συνηδόμε-

771 2080 1019 2132 virtutem
1092 2080 1316 2135 excitat.
1373 2080 1527 2136 Unde
1589 2083 2027 2136 condelectamur
2086 2084 2229 2152 legi,
2290 2085 2342 2137 in
2447 2087 2575 2157 θα(·

2456 2087 2512 2140 θα
2543 2086 2723 2157 (τοῦτο
2775 2086 2883 2155 γὰρ
2913 2086 2941 2136 6
2968 2084 3075 2136 ἐσω
3126 2083 3469 2153 ἅνθρωπος),
3524 2085 3591 2153 τῇ
3635 2082 3691 2134 δὲ
3732 2081 4033 2150 νομοθεσία

774 2173 975 2238 animo,
1005 2172 1105 2228 hoc
1135 2174 1279 2228 enim
1309 2175 1535 2228 interior
1574 2175 1735 2229 homo
1771 2188 1873 2231 est.
1904 2176 2028 2245 Legi
2066 2192 2195 2232 vero
2228 2178 2345 2231 dia-
2445 2180 2539 2234 τοῦ

2456 2180 2539 2234 τοῦ
2586 2179 2833 2232 διαϐόλου
2893 2176 3033 2229 κατά
3056 2176 3155 2242 τὴν
3188 2173 3507 2228 ἐνοικοῦσαν
3535 2172 3835 2242 ἐπιθυμίαν
3875 2174 3935 2223 ἐν
3966 2172 4030 2239 τῇ

774 2263 880 2317 buli
940 2262 1423 2337 [condelcctamur]
1483 2272 1776 2322 secundum
1835 2270 2221 2323 inhabitantein
2292 2269 2344 2322 in
2449 2288 2575 2342 σαρ>

2456 2271 2632 2342 σαρκί.
2689 2270 2748 2322 '0
2776 2267 2882 2337 γὰρ
2913 2267 3467 2334 ἀντιστρατευόμενος
3507 2265 3602 2318 καὶ
3640 2262 4034 2332 ἀντιπράσσων

777 2372 943 2411 carne
991 2359 1510 2426 concupiscentiam.
1562 2359 1817 2415 Diabolus
1860 2365 2026 2423 enim,
2062 2363 2152 2431 qui
2188 2378 2348 2431 repu-
2448 2362 2575 2431 τῷν

2456 2362 2525 2431 τῷ
2547 2361 2697 2430 νόμῳ
2728 2358 2819 2411 τοῦ
2861 2357 3019 2419 Θεοῦ,
3049 2350 3159 2409 οἷον
3185 2359 3251 2426 τῇ
3274 2356 3410 2425 πρὸς
3439 2354 3502 2408 16
3530 2353 3736 2421 ἀγαθὸν
3757 2354 3906 2422 ὁρμῇ
3936 2350 4032 2405 τοῦ

779 2460 927 2513 gnat,
973 2461 1026 2504 et
1065 2458 1337 2520 oppugnat
1363 2450 1532 2521 legem
1574 2453 1665 2507 Dei
1696 2454 1848 2522 quasi
1875 2454 2133 2523 impetum
2168 2470 2351 2524 quem—
2449 2454 2575 2515 νοὸς.

2456 2454 2586 2515 νοὸς,
2617 2450 2778 2515 αὑτός
2812 2452 2957 2504 ἐστιν
2984 2452 3013 2503 6
3045 2452 3173 2512 τοὺς
3198 2446 3471 2517 ἐμπαθεῖς
3499 2444 3760 2512 ἀναφύων
3806 2444 3897 2497 ἀεὶ
3942 2444 4037 2497 καὶ

780 2541 900 2592 tlnm
932 2541 1127 2595 ntcnlis
1160 2542 1224 2593 ad
1257 2541 1492 2605 bonum;
1532 2542 1618 2595 liic
1667 2554 1749 2597 est
1788 2544 1877 2611 qui
1912 2559 2107 2599 sensus
2135 2555 2349 2599 nostros
2453 2544 2573 2597 ὑλιχ

2456 2544 2669 2605 ὐλιχοῦς
2705 2541 2839 2611 πρὸς
2881 2540 3111 2608 ἀνομίαν
3153 2536 3593 2608 περισπασμούς.
3625 2536 3798 2603 Τρεῖς
3828 2537 3939 2606 γὰρ
3962 2534 4038 2586 νό-

780 2632 1091 2697 corporules
1125 2642 1179 2685 et
1214 2634 1438 2686 vitiosos
1467 2648 1680 2701 semper
1725 2634 1951 2702 impellit
1982 2635 2048 2688 ad
2098 2635 2350 2704 inipieta-
2456 2651 2575 2703 μους

2456 2650 2589 2703 μους
2642 2630 3033 2699 ὑποτιθέμενος
3080 2629 3109 2680 6
3160 2628 3371 2690 Παῦλος
3422 2626 3727 2694 ἀναφανδὸν
3797 2625 4037 2677 ἐνταῦθα

2457 2742 2545 2793 μοι
2568 2721 2977 2787 καταφαίνεται,
3009 2720 3106 2772 Eva.
3131 2720 3230 2787 μὲν
3267 2719 3359 2772 16v
3376 2720 3417 2749 “
3472 2718 3610 2771 κατά
3627 2717 3688 2769 16
3707 2717 3953 2785 ἔμφυτον
3984 2720 4037 2767 'sv

2454 2816 2583 2883 ἡμῖν
2616 2812 2852 2879 ἀγαθὸνΓ
2872 2811 2931 2863 ὃν
2960 2810 3057 2862 καὶ
3100 2808 3263 2877 νόμον
3298 2807 3486 2875 σαφῶς
3513 2808 3741 2859 ἐκάλεσε
3764 2806 3907 2873 νοὸς,
3945 2807 4039 2859 ἕνα

786 2903 866 2956 bis
914 2902 1133 2961 bonum.
1166 2916 1325 2969 quam
1383 2913 1570 2969 aperte
1621 2901 1833 2955 vocavit
1882 2901 2051 2972 legem
2105 2904 2349 2958 tuentis:
2454 2904 2575 2956 δὲτὴ

2456 2906 2508 2956 δὲ
2524 2904 2612 2955 16v
2636 2906 2699 2954 ἐκ
2728 2900 3031 2971 προσϐολῆς
3061 2901 3447 2971 συνιστάμενον
3476 2901 3639 2970 νόμον
3671 2899 3768 2953 τοῦ
3798 2898 4037 2971 πονηροῦ

784 2992 1029 3057 alteram,
1068 3008 1186 3059 quae
1225 2992 1284 3045 iit
1325 3006 1393 3045 ex
1423 2991 1616 3044 diaboli
1665 2992 1863 3059 impetu
1907 3008 1999 3045 seu
2033 2996 2354 3058 tentatione,
2458 2996 2552 3046 καὶ

2458 2996 2552 3046 καὶ
2584 2996 2661 3057 εἰς
2701 2993 2799 3057 τὰς
2843 2993 3111 3061 ἐμπαθεῖς
3149 2993 3279 3063 [485
3310 2991 3402 3065 H.]
3438 2992 3727 3056 ἑξέλκοντα
3776 2992 4042 3053 πολλάκις

782 3099 903 3139 cum
932 3098 1072 3153 sa'pe
1116 3086 1181 3136 ad
1218 3082 1491 3152 improbas
1533 3082 1767 3135 animam
1797 3082 2061 3151 pertrahit
2093 3082 2357 3152 itnagina-
2460 3108 2575 3158 φανι

2460 3090 2761 3158 φαντασίας
2785 3088 2885 3157 τὴν
2920 3087 3118 3157 ψυχὴν,
3148 3088 3206 3139 6v
3227 3084 3748 3155 ἁντιστρατεύεσθαι
3778 3084 3860 3154 τῷ
3895 3085 4042 3152 νόμῳ

786 3177 980 3241 tiones,
1010 3192 1171 3246 quam
1226 3176 1302 3228 ait
1347 3189 1645 3243 repugnare
1696 3175 1795 3244 legi
1844 3177 2059 3229 mentis.
2118 3174 2354 3230 Tertiam
2384 3214 2428 3272 ϐ
2460 3182 2575 3235 τοῦ

2460 3182 2553 3235 τοῦ
2574 3183 2691 3242 νοὸς
2734 3181 2860 3248 ἔφη.
2899 3180 2994 3231 καί
3025 3179 3209 3248 τρίτον
3246 3180 3339 3231 16v
3383 3178 3522 3231 κατά
3548 3179 3645 3246 τὴν
3677 3178 3962 3246 ἁμαρτίαν
3984 3179 4045 3227 ἐκ

784 3270 1075 3321 secundum
1106 3277 1382 3334 peccatum
1405 3281 1471 3319 ex
1496 3266 1931 3333 c0ucupiscentia
1963 3265 2353 3320 inveterascen-
2392 3265 2427 3272 ’
2459 3272 2559 3341 τῆς

2459 3272 2559 3341 τῆς
2587 3272 2877 3340 ἐπιθυμίας
2906 3272 2950 3302 ⁸⁸
2981 3268 3335 3338 σκιρώσαντα
3377 3271 3433 3321 ἐν
3465 3272 3529 3338 τῇ
3556 3268 3742 3338 σαρκὶ,
3771 3269 3831 3321 ὃν
3868 3270 4049 3337 ἀμαρ-

790 3370 893 3410 tem
930 3359 984 3411 in
1029 3372 1215 3418 carne.
1263 3372 1423 3426 quam
1460 3356 1633 3426 legem
1679 3357 1883 3423 peccati
1931 3355 2261 3411 habitantem
2304 3358 2358 3411 in
2458 3363 2575 3424 τίας

2458 3363 2579 3424 τίας
2627 3363 2789 3430 νόμον
2836 3360 3091 3414 οἰκοῦντα
3149 3363 3208 3413 ἐν
3257 3364 3373 3423 τοῖς
3423 3362 3641 3428 μέλεσιν
3680 3358 3973 3423 ἐκάλεσεν,
4007 3353 4052 3424 ᾧ

791 3450 1051 3503 nit-rubris
1075 3448 1386 3517 appellavit,
1433 3464 1540 3517 qua
1584 3450 1837 3502 inductus
1875 3445 2086 3520 [homo]
2119 3464 2260 3517 szepe
2293 3448 2360 3503 ad
2462 3456 2575 3522 tm;

2462 3454 2829 3522 ἐποχούμενος
2860 3452 3121 3514 πολλάκις
3160 3450 3283 3505 καθ’
3316 3450 3473 3520 ἡμῶν
3506 3450 3886 3518 ἐγκελεύεται,
3918 3452 4053 3521 πρὸς

787 3546 1067 3608 peccatum
1112 3546 1169 3592 et
1206 3538 1478 3608 improbas
1513 3541 1752 3591 actiones
1794 3538 2082 3607 pellicitur.
2141 3537 2363 3592 Videtur
2462 3546 2575 3599 ἀδιν

2462 3546 2676 3599 ἀδικίαν
2697 3546 2790 3597 καὶ
2811 3544 3039 3614 πράξεις
3063 3542 3400 3597 συνελαύνων
3422 3543 3619 3604 κακάς.
3652 3543 3916 3596 Φαίνεται
3946 3546 4053 3612 γὰρ

782 2733 910 2776 tem.
956 2720 1090 2775 Tres
1126 2723 1267 2775 enim
1306 2721 1503 2775 Paulus
1544 2721 1635 2775 hic
1688 2721 1975 2777 manifeste
2024 2725 2156 2777 milii
2208 2724 2352 2793 lt-ges

783 2811 1056 2880 explicare
1096 2811 1345 2865 videtur:
1382 2825 1540 2863 unam
1576 2813 1869 2865 secundum
1908 2814 2128 2866 insitum
2168 2813 2220 2867 in
2256 2828 2354 2867 no-

788 3630 930 3683 enim
959 3630 1110 3697 quasi
1143 3629 1297 3682 nobis
1329 3629 1460 3698 ipsis
1490 3644 1633 3682 nunc
1665 3628 1766 3682 hoc
1810 3628 2025 3693 melius,
2061 3644 2201 3683 nunc
2235 3629 2361 3682 illud

788 3722 1062 3788 deterius;
1117 3732 1173 3776 et
1234 3737 1358 3776 cum
1423 3720 1497 3783 id,
1534 3723 1675 3788 quod
1714 3722 1868 3775 nobis
1912 3724 2121 3775 videtur
2171 3732 2360 3775 natura

793 3813 1005 3878 melius,
1045 3813 1319 3867 deteriore
1351 3812 1440 3867 illo
1480 3813 1752 3881 potentius
1792 3811 1980 3875 fuerit,
2007 3812 2217 3866 animus
2250 3822 2363 3865 toto

792 3907 993 3975 impetu
1031 3905 1202 3959 fertur
1232 3905 1284 3958 in
1312 3906 1543 3970 bonum;
1566 3906 1783 3973 quando
1819 3918 1943 3957 vero
1968 3904 2019 3957 id
2044 3903 2184 3969 quod
2216 3904 2366 3956 dete-

791 3999 905 4052 rius
935 4007 1038 4060 est,
1074 4012 1297 4067 regnum
1330 3996 1625 4051 insolenter
1648 3994 1933 4061 allectarit,
1966 3997 2126 4049 homo
2154 4010 2364 4049 rursum

793 4088 1064 4141 contraria
1116 4088 1200 4139 via
1246 4087 1299 4140 in
1348 4086 1646 4140 deteriores
1690 4088 2048 4155 cogitationes
2095 4094 2151 4140 et
2188 4085 2366 4140 comi-

793 4183 861 4237 lia
897 4194 1137 4250 praceps
1180 4180 1375 4250 agitur.
1408 4179 1707 4249 Eapropter
1740 4180 2023 4249 Apostolus
2049 4181 2116 4234 ab
2139 4194 2204 4234 eo
2225 4180 2369 4233 velut

797 4281 968 4325 morte
1006 4282 1060 4325 et
1089 4272 1256 4325 exitio
1294 4272 1441 4341 cupit
1495 4272 1713 4325 liberari
1746 4270 1795 4334 i,
1829 4271 2282 4338 quemadmodum
2313 4280 2370 4322 et

796 4368 1063 4437 Propheta
1101 4386 1114 4422 :
1166 4370 1244 4420 Ab
1279 4368 1495 4421 occultis
1533 4370 1660 4421 meis
1719 4370 1913 4421 munda
1961 4383 2059 4428 me.
2126 4366 2365 4435 inquiti.

799 4461 914 4528 lpsa
966 4472 1095 4528 ergo
1134 4459 1296 4511 verba
1354 4458 1457 4513 hoc
1502 4456 1783 4511 declarant
1820 4455 2067 4526 Apostoli
2107 4454 2367 4509 dicentis:

2461 3637 2538 3700 ὡς
2563 3639 2777 3699 ἑαυτοῖς
2796 3638 3004 3707 ἡμῖντὸ
3028 3637 3128 3705 μὲν
3145 3636 3191 3668 ⁸³
3217 3635 3447 3705 βέλτιον,
3474 3636 3534 3689 16
3556 3635 3611 3689 δὲ
3636 3638 3823 3706 χεῖρον
3843 3636 3933 3699 ὃν,
3962 3638 4058 3688 καὶ

2464 3730 2590 3781 ὅταν
2626 3727 2879 3798 μέλλῃτδ
2926 3726 3137 3796 βέλτιον
3202 3726 3364 3796 φύσει
3412 3726 3507 3779 τοῦ
3555 3726 3803 3797 χείρονος
3854 3729 4057 3796 ἐγκρα-

2466 3821 2725 3887 τέστερον
2773 3818 3087 3887 γενηθῆναι,
3122 3817 3346 3887 φέρεται
3369 3817 3490 3881 ὅλος
3522 3818 3659 3887 πρὸς
3685 3819 3747 3870 16
3787 3818 4005 3884 ἀγαθὸν
4032 3820 4059 3869 6

2468 3910 2613 3973 νοῦς,
2642 3912 2773 3963 ὅταν
2800 3910 2855 3961 66
2885 3910 2947 3962 16
2975 3911 3156 3979 χεῖρον
3181 3908 3443 3980 ἐπιϐρίσῃ
3495 3909 3828 3972 πλεονάσαν,
3861 3909 4059 3974 άγεται

2468 4004 2628 4056 πάλιν
2690 4002 3063 4072 ἀντιστρόφως
3085 4002 3221 4070 πρὸς
3260 4001 3553 4068 λογισμοὺς
3578 4002 3799 4071 χείρους
3824 4001 3874 4031 ³⁵
3911 4004 3942 4054 ὸ
3967 4004 4060 4055 ἆν-

2468 4094 2705 4163 θρωπος·
2765 4087 2828 4147 οὗ
2860 4094 2925 4163 δὴ
2950 4092 3047 4145 καὶ
3091 4092 3248 4163 χάριν
3270 4093 3300 4145 6
3332 4093 3656 4154 Ἀτώστολος
3701 4092 3935 4161 εὔχεται
3968 4096 4062 4161 ῥυ-

2472 4184 2687 4253 σθῆναι,
2728 4184 2961 4237 θάνατον
2981 4183 3233 4251 αὐτὸ,καὶ
3262 4180 3482 4252 ὀλεθρον
3507 4180 3842 4252 ἡγούμενος,
3867 4182 4063 4252 ὥσπερ

2468 4276 2533 4345 δὴ
2555 4277 2647 4328 καὶ
2677 4277 2705 4327 6
2738 4275 3051 4345 Προφήτηςο
3088 4274 3230 4328 Ἀπὸ
3252 4272 3374 4327 τῶν
3398 4274 3667 4340 κρυφίων
3680 4289 3803 4340 μου
3826 4274 4063 4340 καθάρι-

2475 4368 2593 4419 σόν
2608 4366 2915 4433 με,λέγων.
2931 4364 3077 4417 Αὑτά
3092 4362 3185 4416 οῦν
3214 4364 3284 4415 τά
3306 4364 3530 4434 ῥήματα
3554 4361 3713 4414 τοῦτο
3737 4363 4061 4426 συνιστῶσι,

2474 4455 2596 4526 [917
2630 4454 2719 4526 IL]
2752 4453 3092 4523 Συνήδομαι
3128 4451 3240 4523 γάρ
3266 4451 3348 4518 τῷ
3370 4454 3533 4521 νόμῳ
3556 4452 3665 4506 τοῦ
3718 4453 3876 4506 Θεοῦ
3912 4455 4065 4507 κατὰ

795 4548 1141 4603 Condelector
1188 4549 1322 4599 enim
1358 4545 1457 4615 legi
1499 4547 1782 4600 secundum
1832 4544 2026 4616 2966
2062 4545 2365 4599 interiorem
2404 4560 2448 4613 ι)
2478 4548 2575 4600 τὸν

2478 4548 2583 4600 τὸν
2615 4548 2756 4609 ἔσω,
2780 4546 3051 4613 λέγοντος,
3102 4544 3443 4612 ἄνθρωπον,
3482 4543 3698 4608 ,ϐλέπω
3739 4542 3795 4595 δ’
3853 4544 4065 4611 ἕτερον

796 4641 1083 4704 hominem;
1118 4640 1264 4692 video
1300 4648 1475 4691 autem
1514 4638 1676 4706 legem
1715 4640 1769 4691 in
1815 4640 2056 4691 membris
2091 4637 2219 4690 meis
2246 4652 2374 4689 coit-
2472 4641 2575 4705 νόμ

2472 4641 2662 4705 νόμον
2676 4637 3289 4705 ἀντιστρατευόμενον
3302 4634 3425 4700 τοῖς
3438 4635 3658 4703 μάζεσί
3666 4652 3790 4704 μου
3806 4634 3889 4699 τῷ
3905 4639 4067 4702 νόμῳ

798 4732 1136 4784 ιταάὶεεηιεηι
1184 4731 1284 4798 legi
1321 4730 1505 4782 mentis
1545 4744 1695 4791 metu,
1729 4736 1779 4780 et
1812 4728 2159 4794 captivantem
2199 4742 2279 4779 me
2316 4727 2375 4778 in
2473 4729 2575 4783 τοῦ

2473 4729 2579 4783 τοῦ
2608 4730 2893 4798 νοός-μου,
2912 4726 3531 4796 καίαίχμαιωτίζοντά
3552 4743 3629 4795 με
3652 4726 3735 4790 τῷ
3758 4728 3934 4795 νόμῳ
3959 4726 4067 4792 τῆς

800 4824 910 4890 lege
937 4822 1158 4890 peccati,
1188 4836 1306 4891 qua
1347 4828 1422 4872 est
1476 4820 1530 4870 in
1580 4819 1823 4871 membris
1858 4818 2009 4870 meis.
2050 4814 2256 4885 Infelix
2277 4832 2370 4883 ego

800 4913 975 4978 homo,
1011 4913 1127 4983 quis
1172 4927 1251 4964 me
1297 4910 1535 4964 liberabit
1570 4909 1633 4961 de
1668 4924 1883 4977 corpore
1920 4910 2102 4961 mortis
2130 4908 2289 4977 hujus
2321 4906 2371 4957 1?

801 5001 918 5059 Non
950 5018 1145 5072 corpus
1190 5011 1417 5056 mortem
1472 4999 1777 5069 appellans,
1811 5001 1904 5052 sed
1944 5000 2117 5066 legem
2167 4996 2375 5067 peccati

804 5096 857 5148 in
902 5093 1163 5147 membris
1192 5107 1287 5162 per
1312 5092 1810 5160 pmvaricationem
1865 5090 1917 5142 in
1971 5089 2127 5143 nobis
2158 5089 2375 5141 latitan-

806 5200 933 5253 tem,
966 5198 1019 5242 et
1047 5202 1264 5257 semper
1296 5186 1361 5241 ad
1396 5197 1621 5239 mortem
1654 5186 1858 5252 peccati
1890 5185 2122 5237 animam
2155 5182 2377 5236 trahen-

805 5288 936 5333 tem.
973 5278 1169 5331 Statim
1217 5292 1347 5346 ergo
1384 5276 1544 5330 infert
1586 5276 1795 5345 (utique
1840 5276 2119 5339 liberatus,
2152 5290 2181 5326 a
2227 5273 2373 5342 quali

808 5378 979 5425 morte
1012 5370 1225 5423 liberari
1257 5370 1509 5439 cupiebat
1562 5386 1575 5422 :
1613 5371 1733 5437 quis
1774 5378 1953 5421 autem
1994 5366 2146 5421 illum
2176 5367 2376 5421 libern-

809 5462 937 5528 vit?)
975 5480 987 5515 :
1022 5462 1209 5517 Gratia
1236 5460 1325 5515 Dei
1368 5476 1457 5528 per
1484 5459 1665 5513 Iesum
1710 5458 1977 5513 Christum
2009 5470 2070 5511 ω.
2108 5459 2314 5527 Itaque,
2346 5472 2379 5511 0

911 5585 925 5623 ι
968 5574 1225 5640 Renum,
1258 5575 1349 5630 9-4.
1428 5576 1454 5615 ι
1490 5575 1631 5630 Psal.
1664 5592 1818 5636 xvm,
1860 5575 1945 5629 l5.
2030 5573 2046 5613 ι
2076 5574 2233 5627 Rom.
2261 5572 2575 5638 "522-24.

2476 4820 2769 4889 ἁμαρτίας
2792 4816 2871 4882 τῷ
2887 4817 3016 4871 ὄντι
3036 4817 3105 4870 ἐν
3124 4816 3246 4882 τοῖς
3268 4815 3484 4885 μέλεσι
3504 4833 3646 4884 μου.
3672 4813 4067 4881 ταλαίπωρος

2475 4910 2589 4979 ἐγὼ
2626 4909 2958 4977 ἅνθρωπος.
3014 4907 3107 4972 τίς
3133 4924 3211 4975 με
3262 4907 3518 4975 ,ῥύσεται
3550 4906 3619 4958 ἐκ
3647 4904 3756 4958 τοῦ
3784 4906 4066 4973 σώματος

2478 5000 2587 5054 τοῦ
2621 4999 2880 5055 θανάτου
2898 4998 3151 5059 τούτου;
3192 4996 3255 5049 οὐ
3286 4997 3348 5050 16
3378 4997 3543 5065 σῶμα
3572 4996 3806 5050 θάνατον
3829 4998 4068 5063 amat-

2480 5089 2727 5157 νόμενος,
2754 5100 2757 5101 ⁷
2782 5087 2920 5141 ἀλλά
2971 5090 3067 5139 τὸν
3103 5086 3268 5155 νόμον
3295 5088 3394 5155 τῆς
3446 5085 3719 5156 ἁμαρτίας
3743 5087 3842 5138 16v
3868 5088 3929 5139 ἐν
3957 5088 4067 5147 τοῖς

2484 5180 2671 5248 μέλεσι
2709 5179 2799 5232 διά
2816 5179 2912 5247 τῆς
2938 5176 3304 5247 παραϐάσεως
3326 5180 3383 5229 ἐν
3398 5179 3529 5247 ἡμῖν
3547 5176 3945 5246 ἐμφωλεύοντα
3976 5178 4067 5229 καὶ

2482 5273 2615 5340 πρὸς
2640 5272 2866 5324 θάνατον
2896 5271 2983 5321 ἀεὶ
3006 5270 3097 5322 16v
3111 5270 3157 5302 "
3182 5273 3279 5337 τῆς
3303 5271 3517 5329 ἀδικίας
3534 5271 3630 5338 τὴν
3645 5270 3830 5339 ψυχὴν
3864 5272 4069 5339 ἐμφαν-

2482 5364 2735 5427 τάζοντα.
2770 5362 3051 5431 Ἐπιφὲρει
3074 5360 3202 5429 γοῦν
3223 5360 3425 5422 εὐθέως
3455 5361 3671 5429 ἀμέλει,
3715 5360 4066 5427 διαλυόμενος

2484 5454 2667 5508 ὁποίου
2687 5454 2914 5507 θανάτου
2934 5452 3178 5523 ἐγλίχετο
3201 5451 3465 5523 ῥυσθῆναι
3483 5453 3576 5504 καὶ
3591 5450 3674 5513 τίς
3708 5451 3873 5504 αὐτὸν
3888 5453 3919 5503 6
3952 5452 4070 5520 66/.-

2658 5582 2691 5601 '“
2724 5571 2879 5635 ibid.,
2910 5570 3002 5623 25.

2056 5666 2287 5722 VARIE
2320 5664 2721 5720 LEGTIONES.

902 5759 943 5789 η
995 5758 1281 5828 βλάστημα
1324 5775 1385 5823 ς.
1510 5760 1554 5794 ³⁸
1586 5760 1867 5823 ἐπιπνοίας
1906 5761 2167 5827 Scaliger.

821 5828 931 5881 τάδε
964 5828 1025 5884 Β.
1103 5828 1147 5859 ³⁸
1172 5830 1419 5899 χείρονας
1449 5847 1510 5894 ς.
1587 5833 1631 5863 ⁸⁸
1670 5834 1762 5884 16v
1785 5834 1907 5886 add.
1933 5833 1994 5883 Δ.

2269 5760 2312 5791 ⁸⁸
2341 5757 2432 5811 16v
2486 5758 2609 5812 add.
2642 5757 2707 5810 Δ.

2814 5755 2859 5784 ’³
2891 5750 3208 5823 ἐπιθυμίας]
3244 5752 3513 5823 ἁμαρτίας
3544 5751 3652 5805 AB.
3753 5748 3798 5780 "
3837 5749 3896 5802 τὸ
3948 5726 4066 5816 μὲνί
