4208 6442
196 402 327 468 1121
1179 390 1680 454 BIBLIOTIIECA
1696 434 1711 451 .
1748 412 1765 423 ·

1864 385 2017 447 COD.
2058 386 2405 447 CCXXXIV.
3294 380 3430 445 1192

182 531 342 582 μενος
367 506 437 582 ἦν
465 510 535 571 ’⁸,
559 505 744 576 Χάρις
772 505 840 559 δὲ
860 504 939 571 τῷ
973 504 1097 572 Θεῷ
1112 504 1211 560 διὰ
1248 504 1450 571 Ἰησοῦ
1474 500 1750 571 Χριστοῦ.

1864 498 2191 568 AglaOphon,
2231 494 2790 557 animadvertendum,
2836 492 2880 546 si
2941 489 3044 547 boc
3094 506 3315 561 corpus,
3372 500 3430 546 ut

178 579 518 673 ίῙροσεκτέον
567 597 647 663 δέ,
698 597 748 650 εί
772 596 818 629 ⁸⁷
862 596 926 650 :6
982 597 1143 666 σῶμα
1198 594 1432 648 θάνατον
1478 591 1655 654 τοῦτο,
1708 584 1754 645 ὦ

1864 585 2209 648 existimatis,
2243 595 2473 639 mortem
2496 583 2806 653 appellavit,
2836 595 2941 635 non
2971 579 3250 637 Christum
3269 583 3430 651 quasi

188 672 526 760 ’Ᾰγλαοφῶν,
572 689 649 753 ὡς
704 686 1044 757 ὑπειλήφατε
1068 726 1084 753 ,
1128 686 1338 755 ἐλεγεν,
1386 685 1489 739 οὐκ
1548 684 1615 738 ἂν
1660 683 1754 737 τὸν

1864 678 2208 732 liberatorem
2249 690 2405 729 suum
2450 688 2480 727 a
2512 675 2605 727 tali
2652 681 2836 741 postea
2888 672 3029 726 malo
3068 672 3428 727 nominasset.

1858 770 1998 838 Quid
2022 770 2217 826 deinde
2244 767 2444 824 Christi
2482 767 2743 820 adventus
2783 764 3059 835 singulare
3098 765 3254 819 nobis
3289 774 3433 818 attu-

1857 860 2034 925 lisset;
2067 857 2196 928 quid
2240 857 2463 911 omnino
2512 853 2824 923 Apostolus,
2879 852 3043 906 veluti
3088 864 3185 920 per
3227 851 3431 905 Christi

1857 950 2149 1004 adventum
2179 947 2553 1012 conﬁrmatus,
2598 954 2651 999 ut
2701 959 2731 998 a
2778 952 2953 999 morte
2978 958 3074 1011 per
3100 942 3267 997 Deum
3298 943 3434 997 lihe-

1862 1054 2092 1106 raretnr,
2148 1041 2249 1095 hoc
2285 1038 2645 1108 praedicaret?
2689 1036 2910 1107 quando
2949 1035 3226 1100 omnibus,
3268 1035 3433 1090 etiam

176 783 413 853 Χριστὸν
435 783 512 844 ὡς
542 780 807 852 ῥυόμενον
836 779 998 834 αὐτὸν
1018 777 1245 849 ὕστερον
1284 779 1349 831 ἐκ
1370 776 1465 830 τοῦ
1508 773 1753 829 τοιούτου

175 870 349 924 κακοῦ
396 868 841 939 παρελάμϐανεν,
888 867 1015 921 ἐπεὶ
1047 868 1103 921 τί
1143 866 1450 937 παράδοξον
1492 865 1603 919 ἁπδ
1655 863 1750 917 τοῦ

174 960 414 1033 Χριστοῦ
473 960 774 1031 παρουσίας
821 960 1172 1031 tumuit“;
1232 958 1301 1013 Τί
1325 958 1384 1013 δι
1409 957 1505 1011 καὶ⁵
1532 959 1562 1011 6
1592 956 1753 1011 ’Λπό-

179 1054 369 1116 στολος
418 1052 577 1117 δλως,
615 1051 691 1115 ὡς
738 1051 828 1105 διὰ
870 1052 969 1120 τῆς
1008 1050 1314 1120 παρουσίας
1363 1049 1463 1104 τοῦ
1515 1049 1751 1121 Χριστοῦ

175 1144 583 1214 δυναμούμενος
644 1143 741 1197 τοῦ
792 1142 1023 1199 θανάτου
1075 1142 1182 1197 ὑπὸ
1244 1142 1340 1197 τοῦ
1393 1142 1532 1197 Θεοῦ
1598 1141 1752 1195 ἐλευ-

1864 1144 2150 1204 autequam
2174 1132 2423 1188 Christus
2455 1133 2506 1184 in
2535 1129 2792 1184 mundum
2819 1128 3047 1192 veniret,
3077 1129 3213 1181 mori
3246 1127 3432 1181 datum

176 1236 486 1306 θερωθῆναι
517 1277 535 1304 ,
617 1234 778 1290 τοῦτο
847 1235 1145 1304 ἐφθέγγετο
1176 1276 1192 1299 ,
1260 1237 1424 1289 ὁπότε
1480 1235 1616 1288 πᾶσι
1662 1234 1758 1288 καὶ

1864 1236 1964 1289 est,
2001 1235 2060 1279 ut
2093 1239 2198 1278 non
2234 1223 2334 1278 hoc
2365 1236 2585 1291 corpus,
2620 1237 2654 1276 0
2687 1219 3024 1291 Aglaophon,
3078 1228 3307 1273 mortem
3339 1233 3435 1285 ap-

176 1328 285 1395 πρὸ
324 1327 423 1380 τοῦ
456 1328 546 1381 τὸν
595 1326 830 1399 Χριστὸν
878 1327 1055 1380 ἐλθεῖν
1120 1329 1202 1390 είς
1254 1325 1348 1379 τὸν
1399 1324 1604 1395 κδσμον
1632 1342 1756 1378 συν-

1865 1318 2047 1387 pellet,
2075 1315 2168 1371 sed
2194 1323 2472 1383 peceatum
2504 1312 2649 1380 quod
2684 1326 2782 1380 per
2816 1308 3311 1378 concupiscentiam
3337 1309 3434 1363 ha-

176 1417 362 1470 έόαινε
397 1416 685 1487 θνήσκεινς
715 1415 856 1470 ὥστε
879 1417 942 1471 06
964 1416 1026 1470 :6
1049 1416 1209 1487 σῶμα
1244 1414 1428 1480 τοῦτο,
1450 1410 1496 1469 ὦ
1520 1415 1742 1482 ’Δγλαο-

1864 1410 1991 1464 bitat
2041 1407 2095 1461 in
2137 1419 2387 1475 corpore,
2424 1419 2455 1458 a
2503 1418 2605 1473 qua
2641 1404 2815 1472 ipsum
2850 1402 2991 1457 Deus
3019 1416 3116 1473 per
3143 1400 3432 1456 adventum

176 1504 382 1569 quis“,
424 1505 671 1566 θάνατον.
694 1504 831 1559 ἀλλὰ
865 1503 964 1575 τὴν
988 1504 1265 1574 ἁμαρτίαν
1290 1504 1390 1575 τὴν
1416 1504 1749 1574 κατοικήσα-

1864 1499 2054 1556 Christi
2088 1498 2356 1554 liberavit.

177 1608 282 1645 σαν
310 1592 403 1645 διὰ
441 1592 543 1662 τῆς
576 1592 875 1662 ἐπιθυμίας
910 1594 971 1647 ἐν
1008 1591 1087 1662 τῷ
1132 1591 1344 1663 σώματι
1393 1593 1631 1662 uret",
1683 1587 1752 1665 ἧς
1792 1592 1820 1644 6
1844 1588 1975 1652 θεὸς
2002 1588 2165 1643 αὐτὸν
2185 1588 2273 1642 διὰ
2304 1587 2406 1655 τῆς
2467 1585 2767 1658 παρουσίας
2824 1583 2921 1639 τοῦ
2966 1584 3203 1656 Χριστοῦ
3272 1584 3434 1656 666-3—

179 1698 336 1736 σατο.

272 1773 317 1821 ο
340 1772 451 1837 τὰρ
468 1770 650 1838 νόμος
676 1769 787 1837 τῆς
828 1770 978 1839 ζωῆς
1001 1770 1109 1824 τοῦ
1158 1774 1496 1841 πνεύματος
1532 1773 1603 1825 ἐν
1630 1774 1761 1837 Χρι-

1934 1764 2041 1819 Le:
2070 1764 2208 1818 enim
2246 1762 2364 1815 vitae
2402 1760 2615 1827 spiritus
2653 1762 2708 1813 in
2760 1759 2965 1813 Christo
3016 1759 3140 1814 Jeatt
3190 1758 3433 1814 liberari!

175 1860 306 1925 στῷ
346 1860 541 1925 Ἰησοῦ
558 1860 964 1927 ἐλευθέρωσεν
986 1861 1143 1931 ἡμᾶς
1157 1863 1277 1916 ἀπὸ
1305 1863 1412 1918 τοῦ
1431 1865 1619 1932 νόμου
1649 1861 1759 1927 τῆς

175 1950 473 2020 ἁμαρτιας
496 1950 604 2004 τοῦ
645 1952 927 2005 θανάτου.
958 1953 1146 2015 Ὅπως
1169 1956 1197 2005 6
1218 1953 1437 2025 ἐγείρας
1452 1952 1658 2022 Ἰησοῦν
1688 1955 1753 2005 ἐκ

175 2042 395 2110 νεκρῶν
414 2041 458 2073 ⁸⁸
489 2041 577 2096 διὰ
598 2040 659 2095 :6
693 2042 936 2096 ἐνοικοῦν
962 2043 1125 2096 αὐτοῦ
1148 2044 1366 2114 πνεῦμα
1390 2047 1447 2097 ἐν
1466 2046 1597 2114 ἡμῖν
1627 2043 1761 2107 ζωο-

176 2136 389 2204 ποιήσῃ
432 2132 528 2185 καὶ
554 2133 622 2185 τὰ
647 2132 819 2203 θνητὰ
873 2134 1099 2203 σώματα
1124 2134 1284 2205 ἡμῶν
1336 2135 1435 2204 τῆς
1486 2136 1761 2205 ἁμαρτίας

176 2225 281 2295 τῆς
314 2227 373 2277 ἐν
414 2223 492 2293 τῷ
519 2222 732 2295 σώματι
794 2223 1215 2295 κατακριθείσης
1260 2224 1396 2295 πρὸς
1462 2224 1760 2295 ἀναίρεσιν,

179 2317 273 2369 ἴνα
298 2318 359 2369 :6
394 2314 667 2384 δικαίωμα
688 2314 781 2367 τοῦ
809 2316 948 2367 κατὰ
974 2314 1073 2386 τὴν
1104 2315 1323 2384 ἐντολὴν
1366 2314 1504 2386 πρὸς
1535 2313 1597 2367 :6
1624 2315 1764 2382 ἁγα-

180 2407 277 2459 θδν
332 2408 479 2474 ἡμᾶς
549 2406 910 2475 ἐφελκομένου
958 2403 1190 2473 φυσικοῦ
1254 2405 1419 2474 νόμου
1470 2403 1762 2475 φανερωθῇ

178 2497 441 2565 ἐξαφθὲν.
476 2496 549 2548 T6
580 2497 690 2563 γάρ
719 2497 978 2549 ἀδύνατον
1004 2497 1100 2549 τοῦ
1126 2497 1183 2549 ἐν
1217 2498 1348 2567 ἡμῖν
1370 2498 1600 2565 φυσικοῦ
1629 2499 1765 2563 ἁγα-

180 2585 306 2650 θοῦ,
339 2587 398 2639 ἐν
431 2578 476 2652 ᾧ
516 2585 734 2653 ἠσθένει
792 2584 897 2637 61:6
954 2587 1052 2654 τῆς
1101 2584 1400 2653 ἐπιθυμίας
1460 2585 1765 2655 ἡττώμενον

179 2678 285 2746 τῆς
338 2676 662 2744 ἐγκειμένης
688 2678 745 2726 ἐν
789 2674 868 2744 τῷ
902 2674 1137 2743 σώματι,
1168 2676 1197 2727 6
1221 2674 1350 2737 Θεὸς
1391 2674 1762 2747 ἀνερρὡσατο,

181 2764 413 2834 πέμψας
469 2763 559 2817 τὸν
590 2763 717 2816 Υίδν
741 2761 905 2815 αὑτοῦ
961 2763 1059 2833 τὴν
1083 2762 1276 2832 ὁμοίαν
1305 2762 1404 2832 τῆς
1445 2762 1645 2833 σαρκὸς
1670 2764 1765 2832 τῆς

182 2854 464 2926 ἁμαρτίας
524 2855 700 2923 σάρκα
752 2854 1085 2924 ἀνειληφότα
1115 2892 1130 2915 ,
1190 2853 1278 2907 ίνα
1333 2854 1433 2922 τῆς
1496 2854 1768 2922 ἁμαρτίας

181 2944 671 3012 κατακεκριμένης
726 2942 864 3010 πρὸς
939 2942 1217 3010 ἀναίρεσιν
1251 2980 1267 3004 ,
1317 2943 1398 3004 είς
1439 2942 1499 2995 :6
1569 2943 1768 3012 μηκέτι

182 3033 614 3105 καρποφορῆσαι
637 3032 695 3083 ἐν
726 3029 854 3102 [486
904 3028 996 3101 IL]
1016 3033 1082 3099 τῇ
1110 3031 1292 3099 σαρκὶ,
1318 3030 1380 3082 :6
1430 3032 1626 3101 ἰδίωμα
1674 3032 1767 3084 τοῦ

1861 1872 1954 1908 nos
1985 1853 2149 1919 alege
2171 1849 2371 1919 percuti
2412 1858 2460 1900 et
2510 1848 2690 1901 mortis
2729 1856 2755 1885 υ
2791 1867 2804 1901 :
2845 1858 2901 1900 ιιι
2945 1848 2989 1901 is
3024 1848 3115 1917 qui
3155 1846 3333 1902 Jesum
3363 1863 3429 1901 ex

1862 1944 2088 1999 mortuis
2117 1939 2401 1999 excitavit,
2440 1950 2657 2007 propter
2696 1938 2941 2006 spiritum
2975 1938 3095 2007 ejus
3125 1939 3431 1993 inhabitan-

1862 2045 1968 2091 tem
1994 2036 2046 2087 iu
2081 2033 2255 2097 nobis,
2291 2031 2524 2085 viviﬁcet
2553 2030 2796 2084 mortalia
2826 2044 3052 2099 corpora
3080 2041 3286 2094 nostra,
3308 2045 3430 2097 pce-

1861 2137 1981 2182 cato
2006 2127 2056 2179 in
2091 2139 2317 2194 corpore
2350 2123 2418 2177 ad
2454 2122 2798 2177 abolitionem
2828 2122 3104 2185 damnato,
3140 2131 3198 2175 ut
3230 2120 3429 2191 justiﬁ-

1862 2220 2002 2273 catio
2047 2215 2305 2270 naturalis
2345 2215 2481 2284 legis
2518 2215 2808 2268 Secundum
2857 2222 3180 2282 prmeeptnm
3230 2228 3327 2268 nos
3362 2215 3428 2267 ad

1863 2307 2057 2359 bonum
2112 2303 2376 2357 trahentis
2424 2316 2648 2355 accensa
2683 2309 2958 2369 appareat.
2998 2298 3128 2353 Nam
3158 2300 3425 2353 inﬁrmam

1864 2408 2071 2466 partem
2113 2394 2375 2447 naturalis
2417 2392 2561 2453 boni.
2602 2408 2720 2461 qua:
2755 2393 2891 2445 victa
2923 2406 2953 2443 a
2996 2393 3426 2460 concupiscentia

1868 2486 1918 2539 iu
1972 2498 2196 2551 corpore
2229 2482 2454 2552 degeute
2487 2481 2810 2549 aegrotabat,
2847 2484 3055 2534 sanavit
3100 2480 3257 2544 Deus,
3308 2482 3433 2533 mit-

1868 2588 1985 2632 tens
2013 2578 2205 2631 Filium
2237 2592 2417 2639 suum,
2442 2578 2533 2645 qui
2559 2576 2785 2629 similem
2809 2589 3023 2629 carnem
3049 2574 3197 2628 carni
3224 2575 3425 2641 peccati

1866 2669 2176 2735 assumpsit,
2218 2676 2276 2721 ut
2314 2677 2538 2735 peccato
2576 2669 2639 2720 ad
2676 2666 3092 2720 internecionem
3130 2664 3431 2735 proﬂigato,

1866 2775 1934 2813 ne
1978 2761 2325 2823 repullularet
2370 2760 2421 2812 in
2474 2773 2659 2822 carne,
2714 2769 2767 2812 et
2827 2760 3127 2828 proprietas
3176 2758 3436 2813 naturalia

1871 2853 2005 2923 legis
2038 2853 2347 2921 impleretur
2383 2854 2435 2905 in
2474 2852 2537 2906 iis
2572 2852 2660 2920 qui
2696 2867 2798 2905 non
2832 2853 3123 2906 secundum
3156 2851 3436 2919 concupis-

1868 2945 2099 2999 centiam
2151 2945 2352 3006 carnis.
2387 2944 2479 2997 sed
2527 2946 2821 2997 secundum
2864 2944 3191 2998 desiderium
3231 2953 3285 2997 et
3332 2944 3433 2995 du-

1870 3045 2014 3087 ctum
2065 3034 2285 3101 spiritus
2332 3034 2626 3089 ambulant.
2675 3033 2783 3089 Lex
2831 3035 2974 3089 enim
3018 3035 3241 3103 spiritus
3292 3035 3436 3098 vitaz,

182 3121 428 3193 ςυσικοῦ
455 3122 621 3190 νόμου
651 3121 933 3190 πληρωθῇ,
970 3118 1271 3173 πλεονάσαν
1300 3123 1366 3190 τῇ
1399 3122 1610 3191 ὑπακοῇ
1652 3124 1762 3185 τοῖς

1866 3124 2004 3194 quod
2031 3136 2115 3179 est
2146 3125 2488 3196 Evangelium
2515 3126 2534 3195 (
2557 3141 2675 3193 qum
2706 3127 2806 3178 alia
2869 3136 2951 3179 est
2983 3125 3049 3179 ab
3085 3124 3281 3194 297a
3314 3134 3439 3181 ante

182 3214 271 3282 μὴ
300 3211 447 3265 κατὰ
476 3212 573 3281 τὴν
626 3209 922 3279 ἐπιθυμίαν
976 3205 1074 3278 τῆς
1114 3210 1315 3280 σαρκὸς
1348 3210 1762 3279 περιπατοῦσιν,

177 3303 328 3357 ἁλλὰ
378 3301 523 3354 κατὰ
564 3300 664 3369 τὴν
714 3297 1010 3367 ἐπιθυμίαν
1068 3299 1163 3353 τοῦ
1197 3300 1505 3370 πνεύματος
1554 3302 1647 3354 καὶ
1666 3302 1764 3370 τὴν

180 3395 489 3463 ὑφήγησιν.
506 3391 565 3445 '0
594 3391 704 3462 γὰρ
723 3392 884 3460 νόμος
915 3390 1008 3444 τοῦ
1033 3390 1342 3461 πνεύματος
1374 3392 1472 3462 τῆς
1517 3393 1661 3463 ζωῆς
1696 3395 1761 3459 ³⁸,

176 3484 213 3538 δ
247 3482 311 3552 δή
344 3483 461 3534 ἐστι
485 3482 549 3533 :6
572 3480 911 3549 εὐαγγέλιον,
935 3479 1121 3551 lupo;
1168 3479 1243 3533 ὢν
1276 3480 1385 3533 τῶν
1434 3485 1766 3553 προειρημέ-

1873 3215 2029 3269 dictis
2068 3214 2294 3284 legibus.
2340 3232 2434 3285 per
2481 3218 2912 3284 praedicationem
2964 3216 3028 3269 ad
3079 3217 3437 3270 obedientiam

1871 3316 1924 3358 et
1960 3307 2325 3361 remissionem
2390 3317 2732 3374 peccatorum
2785 3306 2991 3377 posita)
3034 3306 3279 3361 liberat-it
3344 3321 3441 3360 nos

1872 3410 1903 3449 a
1938 3396 2053 3466 lege
2103 3399 2306 3465 peccati
2352 3409 2407 3452 et
2459 3402 2668 3463 mortis,
2713 3400 2922 3453 devicto
2964 3400 3175 3467 penitus
3219 3408 3442 3468 peccato

1873 3489 2014 3556 quod
2042 3489 2191 3542 carni
2216 3490 2611 3545 detninabatur.

178 3596 299 3632 νων
351 3577 553 3647 νόμωνο
583 3575 673 3628 διὰ
728 3573 822 3627 τοῦ
850 3572 1204 3643 κηρύγματος
1235 3574 1369 3643 πρὸς
1409 3576 1656 3646 ὑπακοὴν
1717 3578 1892 3641 τεθεὶς
1938 3581 2032 3633 καὶ
2104 3584 2297 3651 ἄφεσιν
2356 3586 2784 3656 ἁμαρτημάτων,
2845 3585 3217 3654 ἠλευθέρωσεν
3296 3586 3443 3653 ἠμῖς

176 3671 301 3724 ἀπὸ
358 3668 454 3722 τοῦ
510 3668 674 3738 νόμον
724 3666 827 3734 τῆς
886 3664 1157 3734 ἁμαρτίας
1210 3664 1302 3717 καὶ
1360 3664 1454 3717 τοῦ
1504 3666 1755 3731 omam”:
1793 3672 2097 3737 νικήσαςὲκ
2125 3674 2323 3737 παντὸς
2356 3675 2455 3745 τὴν
2480 3675 2754 3744 ἁμαρτίαν
2814 3673 3204 3745 βασιλεύουσαν
3282 3676 3376 3744 τῆς
3398 3677 3442 3707 ⁸*

182 3760 417 3832 σαρκός.

265 3855 391 3907 -υτι
444 3850 581 3921 φησι
639 3847 715 3920 μὴ
769 3848 1066 3920 τρέφεσθαι
1115 3850 1149 3921 ἢ
1201 3851 1453 3918 αὐξάνειν
1511 3850 1620 3903 ἀπὸ
1668 3852 1769 3920 τῆς

176 3949 297 4018 γῆς
351 3947 422 3999 τὰ
471 3945 633 4015 φυτά.
683 3944 847 4011 Λέγει
892 3944 1022 4014 γὰρ,
1084 3945 1422 4015 Διαπορήσαι
1473 3945 1519 3998 δ’
1569 3944 1633 3997 ἄν
1684 3960 1766 4006 τις

180 4040 311 4103 πῶς
372 4039 452 4100 εἰς
504 4036 595 4090 τὸν
651 4036 814 4103 δγκον
867 4034 1343 4105 ἀναλαμϐάνεσθαι
1385 4035 1605 4089 δύναται
1656 4034 1766 4087 :th

183 4130 430 4198 δένδρων
482 4128 516 4197 ἡ
569 4130 641 4197 γῆ
701 4126 1199 4197 μεταλλοιουμένηθ
1263 4128 1431 4199 ἐχρῆν
1489 4131 1618 4198 γὰρ,
1670 4127 1766 4181 ἁτε

184 4217 711 4288 τῆςὺποκειμένης
755 4219 859 4286 γῆς
917 4217 1371 4290 ἁναρπαζομένης
1406 4219 1492 4269 άιὶ
1526 4220 1615 4271 διὰ
1660 4218 1767 4270 τῶν

186 4308 367 4381 ῥιζῶν
400 4310 481 4369 είς
508 4306 636 4377 ὅλην
665 4308 765 4377 τὴν
809 4307 921 4372 ἐξιν
957 4307 1055 4361 τοῦ
1104 4307 1286 4374 ξύλου,
1319 4309 1411 4360 :6v
1433 4310 1617 4372 τόπον,
1647 4308 1769 4363 καθ’

183 4402 255 4455 ὃν
290 4400 355 4452 :6
386 4398 603 4470 δένδρον
633 4397 1001 4469 βεϐλάστηκε,
1043 4397 1404 4452 κοιλαίνεσθαι
1435 4413 1448 4428 ⁸
1480 4397 1621 4454 ὥστε
1663 4400 1770 4468 μά-

190 4504 353 4553 ταιος
385 4488 565 4542 αὐτῶν
586 4488 615 4541 6
642 4488 881 4551 τοιοῦτος
916 4486 1015 4558 τῆς
1046 4486 1176 4559 περὶ
1206 4488 1277 4542 τὰ
1306 4487 1532 4558 σώματα
1563 4488 1771 4559 ῥύσεως

1935 3851 2154 3905 Plantas
2186 3854 2263 3907 ait
2314 3850 2661 3925 Lilethodins]
2710 3868 2808 3909 uec
2846 3868 2875 3907 a
2918 3864 3062 3909 terra
3101 3855 3166 3909 ali
3209 3870 3306 3911 nec
3348 3872 3444 3910 au—

1863 3942 1997 4009 geri.
2050 3941 2308 4006 Dubitet,
2382 3942 2590 4011 inquit,
2654 3944 2922 4013 quispiam
2976 3948 3247 4015 quomodo
3304 3960 3445 4005 terra

1864 4040 2148 4094 immutata
2218 4036 2271 4088 in
2327 4047 2532 4091 tantam
2580 4037 2831 4090 arborum
2877 4038 3284 4107 amplitudinem
3354 4060 3444 4098 as-

1864 4130 1999 4185 sumi
2030 4131 2146 4199 (seu
2204 4128 2474 4196 crescere)
2510 4127 2705 4195 possit.
2734 4126 3029 4197 Oportebat
3082 4131 3224 4185 cnim
3271 4130 3444 4187 locum

1865 4223 1917 4275 in
1950 4236 2055 4291 quo
2100 4222 2267 4274 ‘arhor
2296 4218 2557 4283 excrevit,
2585 4230 2640 4271 et
2683 4219 3103 4287 circnmjacente
3145 4231 3286 4277 terra
3316 4226 3447 4277 snh-

1865 4313 2025 4367 ducta
2062 4314 2113 4365 iu
2162 4311 2287 4377 ligni
2333 4321 2581 4363 naturam
2612 4311 2883 4365 excavari.
2936 4309 3118 4364 Inanis
3156 4327 3286 4382 ergo
3332 4316 3447 4368 illu-

1870 4416 1988 4456 rum
2022 4400 2144 4455 talis
2172 4401 2238 4455 de
2257 4413 2545 4469 corporum
2576 4398 2718 4452 ﬂuxu
2743 4401 3125 4456 consideratio.
3163 4402 3444 4469 Quomodo

1872 4488 2017 4543 enim
2053 4487 2159 4540 ulla
2192 4488 2400 4542 ratione
2436 4497 2581 4543 terra
2625 4503 2719 4557 per
2754 4490 2963 4543 radices
3016 4492 3067 4543 in
3103 4501 3320 4548 truncos
3364 4494 3446 4549 in-

186 4580 587 4651 ἁναλογισμός.
616 4578 741 4642 Πῶς
778 4580 887 4648 γάρ
927 4578 1065 4641 ὅλως
1107 4580 1142 4648 ἡ
1192 4580 1261 4647 γῆ
1310 4578 1402 4632 διὰ
1451 4578 1562 4632 τῶν
1608 4577 1765 4649 ῥιζῶν

1876 4592 2082 4649 gressa,
2115 4589 2165 4635 et
2190 4594 2286 4649 per
2312 4594 2478 4635 venas
2513 4579 2565 4634 in
2593 4596 2779 4636 omnes
2810 4598 2996 4636 earum
3027 4598 3204 4638 ramos
3226 4583 3441 4649 diliusa,

186 4676 281 4737 είς
318 4671 447 4735 τοὺς
490 4670 732 4741 κορμοὺς
776 4669 885 4724 τῶν
936 4668 1119 4738 φυτῶν
1167 4668 1508 4738 είσδυομένη,
1554 4670 1649 4723 καὶ
1685 4668 1773 4722 διὰ

186 4763 311 4816 τῶν
347 4763 534 4831 πόρων
585 4761 666 4823 είς
695 4758 904 4822 πάντας
956 4759 1137 4812 a6:th
1188 4757 1771 4829 κατακερματιζομένη

186 4857 328 4917 τοὺς
358 4852 607 4915 κλάδους,
641 4851 722 4915 είς
748 4850 924 4920 φύλλα
962 4851 1058 4904 καὶ
1089 4850 1302 4920 καρπὸν
1335 4850 1769 4921 μταὸάλλεταη

188 4945 436 5013 Εὕμήκη
462 4942 563 5012 μέν
589 4937 684 4995 οὖν
705 4941 921 5013 δένδρα,
944 4941 1126 5012 κέδροι
1155 4942 1199 4973 ³³
1230 4941 1263 5010 ἢ
1287 4941 1475 5003 πίτυες
1498 4941 1532 5009 ἢ
1563 4941 1769 5004 ἐλάται,

190 5036 298 5088 καὶ
353 5031 554 5103 πολλὴν
601 5032 832 5100 φέροντα
892 5034 1015 5085 κατ’
1078 5032 1199 5094 ἐτος
1256 5032 1429 5101 κόμην
1492 5033 1586 5085 καὶ
1642 5048 1774 5101 καρ-

192 5127 325 5189 πὸν,
364 5123 495 5196 [920
523 5122 618 5194 [1.]
668 5124 796 5177 ίδέίν
840 5125 987 5177 ἐστιν
1015 5124 1059 5156 ⁸³
1097 5125 1172 5187 ὡς
1205 5124 1357 5178 οὐδὲν
1398 5124 1497 5193 τῆς
1556 5126 1773 5176 iamut-

194 5218 376 5287 μένης
404 5218 508 5287 γῆς
536 5216 617 5279 είς
652 5215 743 5269 τὸν
772 5215 943 5287 αὐτῆς
972 5216 1017 5249 ³³
1057 5215 1220 5284 δγκον
1244 5216 1341 5287 τῆς
1365 5215 1591 5286 δρυάδος
1640 5230 1774 5267 κατ-

269 5358 301 5387 ιι
328 5347 486 5403 Rom.
518 5361 638 5412 VIII,
677 5348 725 5402 9.

1875 4670 1928 4723 in
1967 4668 2091 4722 folia
2137 4680 2193 4723 et
2242 4669 2450 4725 fructus
2490 4671 2895 4725 commutatur?
2930 4672 3173 4728 Procera:
3222 4674 3440 4743 quidem

1875 4758 2098 4813 arbores
2142 4758 2358 4821 cedrus,
2408 4760 2491 4815 vel
2528 4762 2706 4829 pinus,
2737 4762 2821 4816 vel
2872 4764 3117 4828 ahietes,
3150 4773 3206 4819 et
3248 4765 3444 4820 multas

1876 4848 2091 4903 frondes
2120 4858 2173 4902 et
2207 4848 2413 4903 fructus
2440 4852 2724 4919 quotannis
2758 4851 2957 4908 l‘ertmt.
3012 4851 3161 4907 Licet
3196 4853 3340 4908 enim
3366 4856 3444 4906 vi-

1874 4939 2023 5002 dere,
2056 4948 2115 4993 ut
2145 4938 2281 4993 nihil
2318 4939 2568 5008 subjecta
2598 4950 2756 4996 terrae
2792 4943 2844 4995 in
2882 4944 3180 4997 t'aSIitatem
3212 4958 3443 5013 querens

1879 5038 2178 5084 assumant.
2226 5026 2521 5099 Oportebat
2574 5030 2740 5095 enim,
2782 5033 2825 5086 si
2883 5046 3070 5085 verum
3120 5034 3212 5095 ait,
3243 5042 3440 5086 terram

1878 5133 1976 5191 per
2011 5120 2219 5175 radices
2249 5122 2622 5176 ascendentem
2646 5122 2697 5176 iu
2729 5123 2927 5193 lignum
2957 5124 3173 5189 mutari,
3200 5138 3445 5178 omnem—

1880 5224 1985 5281 que
2044 5210 2395 5266 circumcirca
2436 5212 2610 5267 locum
2664 5221 2821 5268 teme
2868 5215 3097 5270 cavari:
3142 5214 3266 5285 quia
3302 5216 3444 5285 quod

1469 5477 1699 5532 VARUE
1740 5478 2030 5533 LECTION
2040 5480 2141 5536 ES.

263 5600 312 5680 '.'
336 5593 428 5680 ἢκ]
466 5591 545 5675 ἧι
562 5592 842 5680 mea“;
899 5593 943 5680 ’Ζ
967 5587 1812 5680 ‘31'2"‘!”‘i"§°1'£’“1“§f‘£‘:.
1857 5591 1908 5680 .'.'
1943 5592 2290 5680 ’ξῖλξδφρωι
2324 5612 2384 5675 ς·
2456 5596 2788 5680 "lituum
2818 5598 3083 5680 λέτεεγς-

3192 5597 3236 5628 ”
3265 5597 3329 5649 ἐκ
3357 5614 3445 5651 νε-

190 5657 588 5735 κρῶνἿῆσὸῦν
613 5657 674 5726 ξ.
714 5664 755 5735 ξι
781 5664 882 5735 τῆς
906 5657 1053 5735 (inﬁt;
1080 5668 1199 5735 post
1226 5657 1326 5735 τὴν
1347 5658 1747 5735 ρι’ᾳξςεότροιιίι
1776 5659 1932 5714 Roth.
1986 5657 2029 5695 ³⁵
2059 5657 2299 5730 βασ.’κα“ι
2315 5657 2413 5732 τῆς
2440 5682 2498 5726 ς.
2562 5657 2606 5698 ³⁵
2624 5667 2807 5735 κέδρος
2830 5657 2901 5729 ς.’
2948 5667 2992 5698 ³⁸
3027 5657 3151 5719 ἶδεῖν
3178 5668 3285 5734 γὰρ
3303 5668 3447 5718 ἔστιν

191 5725 254 5796 ς’.
343 5736 387 5766 ³³
426 5725 593 5801 αὐτῆς
621 5725 954 5802 ὲ-δρυάδος]
984 5725 1178 5796 tautae
1205 5725 1528 5797 -θρυάδος
1562 5727 1665 5778 All.
