4208 6442
802 407 824 472 l
839 407 936 473 123

1920 398 2181 460 ΡΗΟΤΙΙ
2208 397 2711 460 ΡΑΤΠῙΔΠΟΗᾹΞ
2762 399 2868 460 CP.

3867 397 4009 462 1m

763 520 973 573 aridum
999 522 1081 569 est
1113 526 1217 568 non
1248 512 1319 567 ita
1343 518 1519 583 potest
1557 508 1780 565 afﬂuere
1803 518 1863 565 ut
1892 510 2085 566 humor
2110 524 2322 578 semper
2351 517 2395 571 Α
2422 548 2423 553 η

2459 512 2819 563 ναλίσκουσιν.
2893 509 3089 580 Ἐχρῆν
3157 508 3305 579 γὰρ,
3351 509 3398 562 εί
3453 507 3651 580 ἀληθὲς
3704 511 3750 542 ⁸⁸
3802 505 3873 580 ἦν
3923 513 4016 565 διὰ

762 604 954 667 aﬂluit,
988 619 1107 656 cum
1149 604 1429 672 proximus
1462 602 1830 655 submovetur.
1856 598 1974 653 Jam
2016 614 2145 653 vero
2173 610 2229 652 et
2259 598 2328 651 li-

764 709 859 748 cus
880 694 1187 761 similesque
1219 696 1418 760 stirpes
1450 694 1503 746 in
1530 692 1722 745 aedium
1755 690 2054 745 recessibus
2078 688 2332 757 frequen-

765 796 844 838 tes
876 798 1007 838 sata:
1032 822 1047 845 .
1081 785 1212 838 nihil
1262 785 1485 836 omnino
1520 799 1585 837 ex
1626 784 1853 839 aedilicio
1893 781 1945 835 in
1996 795 2055 835 se
2099 780 2332 834 vertisse

763 874 1031 926 videntur.
1085 873 1223 942 Ergo
1270 874 1315 927 si
1362 873 1649 927 multorum
1701 887 1963 925 annorum
2019 870 2223 924 fructus
2266 883 2331 922 ex

766 960 867 1013 illis
907 970 962 1013 et
991 960 1112 1013 folia
1165 961 1284 1029 quis
1324 961 1620 1026 colligeret,
1666 961 1933 1028 ingentem
1968 958 2018 1011 in
2052 960 2333 1011 domorum

764 1049 1130 1116 penetralibus
1175 1058 1329 1101 terra:
1367 1049 1578 1115 copiam
1620 1065 1684 1102 ex
1726 1049 1829 1100 illis
1864 1048 2062 1099 factam
2106 1046 2334 1099 videret.

766 1137 919 1191 Unde
953 1138 1395 1192 absurdissimum
1424 1148 1505 1192 est
1546 1141 1861 1192 existimare
1892 1147 2089 1190 terram
2126 1137 2178 1190 in
2225 1135 2329 1189 fru-

765 1238 945 1281 ctuum
980 1228 1277 1281 ubertatem
1302 1229 1521 1292 mutari,
1554 1240 1606 1281 et
1635 1228 1759 1281 folia
1788 1227 2057 1290 consumi,
2085 1230 2333 1295 quamvis

766 1332 861 1386 per
912 1318 1050 1373 hanc
1099 1321 1274 1372 omnia
1338 1320 1485 1381 ﬁant,
1559 1334 1677 1371 cum
1728 1326 1885 1369 terra:
1942 1319 2068 1370 sede
2109 1317 2330 1387 locoque

2435 602 2543 653 τῶν
2609 602 2776 671 ῥιζῶν
2828 601 3205 673 ἀνερχομένην
3262 600 3662 664 ἁποξυλοῦσθαι
3714 602 3814 673 τὴν
3870 604 4012 672 γῆν,

2434 694 2651 746 ἅπαντα
2682 694 2773 745 τὸν
2804 695 2930 762 περὶ
2960 694 3101 746 αὐτά
3136 694 3299 745 τόπον
3335 692 3435 760 τῆς
3478 693 3585 760 γῆς
3612 692 4015 755 κοιλαίνεσθαι,

2436 784 2516 835 ὅτι
2546 782 2621 851 μὴ
2658 784 2936 852 ιπιρῤέειν
2979 784 3190 851 πέφυκε
3224 782 3285 834 τὸ
3319 782 3502 851 ξηρὸν,
3534 783 3788 851 καθάπερ
3816 784 3920 835 καὶ
3956 784 4018 834 τδ

2441 872 2626 940 ὑγρὸν,
2665 874 2751 924 ἀεὶ
2786 874 2920 943 πρὸς
2958 874 3019 925 τὸ
3058 873 3394 941 κινούμενον.
3432 873 3568 942 Ἤδη
3600 873 3657 925 δὲ
3706 874 3803 925 καὶ
3853 874 4020 925 συκαῐ

2440 964 2534 1012 καὶ
2559 962 2693 1015 ἄλλα
2735 962 2962 1015 τοιαῦτα
2997 964 3139 1031 φυτά
3186 964 3469 1033 μνημείων
3511 964 3570 1015 ἐν
3616 964 4020 1031 οίκοδομήμασι

2440 1053 2699 1114 πολλάκις
2734 1054 3112 1123 βλαστήσαντα
3153 1054 3307 1107 οὐδὲν
3338 1058 3417 1116 εἰς
3451 1053 3620 1106 ἑαυτὰ
3664 1053 3768 1119 τῆς
3808 1054 4020 1105 οἰκοδο-

2441 1142 2548 1210 μῆς
2578 1142 2713 1204 ὅλως
2748 1143 3086 1213 ἱστοροῦνται
3117 1144 3579 1195 καταναλωκέναι.
3618 1143 3681 1194 Ei
3714 1142 3851 1208 γοῦν
3879 1142 4021 1194 ἑτῶν

2442 1231 2653 1282 πολλῶν
2684 1232 3104 1298 συὶ-λογίσασθαί
3134 1250 3217 1295 τις
3252 1234 3343 1285 τὸν
3370 1232 3582 1300 καρπὸν
3612 1231 3796 1283 αὐτῶν
3830 1232 3927 1282 καὶ
3960 1231 4026 1282 τά

2444 1320 2620 1387 φύλλα
2645 1322 2950 1393 βουληθείη,
2980 1324 3187 1376 κατίδοι
3226 1324 3293 1376 ἂν
3325 1322 3768 1376 πολλαπλασίονα
3795 1324 3899 1389 τῆς
3934 1323 4025 1372 ἐπὶ

766 1419 1008 1461 utuntur.
1063 1408 1244 1478 Neque
1288 1411 1438 1477 panis
1470 1410 1585 1462 sine
1615 1406 1787 1469 mola,
1818 1406 1933 1459 loco
1955 1444 1970 1469 ,
2007 1415 2249 1474 tempore
2282 1418 2337 1462 et

2459 1410 2548 1461 πῶν
2589 1414 2876 1481 μνημείων
2917 1414 3018 1483 γῆς
3062 1416 3153 1467 τὸν
3190 1416 3353 1482 ὄγκον
3406 1413 3585 1467 αὐτῶν
3626 1414 4023 1482 γεγενημένον.

767 1498 885 1567 igne
922 1499 997 1561 lit,
1024 1512 1073 1552 et
1099 1510 1272 1552 tamen
1303 1500 1433 1551 nihil
1453 1498 1640 1551 horum
1675 1508 1757 1549 est
1794 1506 1885 1549 aut
1937 1496 1993 1547 ιιι
2027 1497 2179 1563 panis
2204 1538 2218 1559 ,
2256 1498 2331 1550 uti

765 1600 819 1642 et
848 1591 898 1642 in
931 1591 1201 1643 sexcentis
1224 1590 1363 1643 idem
1389 1599 1470 1641 est
1501 1590 1704 1642 videre.

2437 1500 2607 1552 Ὀοεν
2651 1504 2999 1555 ἀτοπώτατον
3048 1506 3298 1573 ἡγεῖσθαι
3348 1506 3447 1572 τὴν
3501 1504 3606 1573 γῆν
3658 1507 3736 1566 είς
3785 1501 4022 1572 καρπῶν

2434 1591 2604 1660 φορὰν
2658 1595 3128 1665 μεταϐαλλομένην
3166 1597 3260 1648 καὶ
3297 1596 3469 1664 φύλλα
3501 1594 4023 1650 καταναλίσκεσθαι.

768 1680 872 1732 κᾶν
918 1679 983 1732 δι’
1037 1681 1203 1749 αὐτῆς
1257 1680 1473 1733 ἅπαντα
1520 1680 1797 1745 γίνωνται,
1845 1677 1977 1747 ἕδρᾳ
2024 1677 2159 1746 αὐτῇ
2200 1676 2467 1768 χρώμενα
2491 1684 2530 1713 ³⁷
2563 1686 2853 1772 καχτόπῳ.
2905 1688 3037 1741 Οὐδὲ
3071 1689 3180 1757 γὰρ
3249 1690 3410 1757 ἄρτος
3477 1687 3598 1755 δίχα
3679 1687 3853 1756 μύλου
3934 1685 4027 1735 καὶ

767 1775 932 1827 τόπου
958 1776 1050 1827 καλ⁵
1082 1776 1275 1845 χρόνου
1309 1777 1405 1828 καὶ
1429 1774 1597 1844 πυρὸς
1626 1773 1857 1841 γίνεται,
1889 1772 1985 1825 καὶ
2014 1771 2168 1823 οὐδὲν
2192 1771 2339 1824 ἐστιν
2376 1775 2409 1844 ἥ
2450 1771 2897 1843 γίνεταιίτούτων
2969 1784 2997 1834 ὁ
3033 1782 3215 1851 ἄρτος.
3293 1783 3405 1836 Καὶ
3453 1782 3547 1833 ἐπὶ
3592 1782 3766 1835 ἄλλων
3817 1780 4029 1848 μυρίων

768 1869 1046 1929 ὡσαύτως.

843 1962 953 2015 Hoc
980 1960 1129 2014 Pauli
1180 1973 1194 2010 :
1246 1956 1451 2010 Scimus
1502 1959 1663 2018 enim,
1710 1955 1957 2025 quoniam
1995 1956 2039 2007 si
2087 1956 2348 2008 terrestris
2383 1964 2423 2021 Β

771 2055 953 2105 donius
1001 2061 1178 2103 nostra
1215 2051 1370 2119 hujus
1398 2046 1742 2099 habitationis
1782 2045 2102 2098 dissolvatur
2146 2053 2199 2108 ⁸,
2232 2057 2340 2100 etc.

773 2144 1088 2209 Origenistze
1124 2142 1188 2195 ad
1232 2140 1517 2192 tollendam
1563 2152 1847 2205 corporum
1886 2136 2341 2190 resurrecuonem

773 2236 923 2288 aiunt
984 2229 1384 2285 tabernaculum
1436 2227 1603 2295 accipi
1649 2241 1745 2295 pro
1793 2239 2041 2293 corpore,
2097 2234 2149 2276 et
2185 2224 2347 2278 coale-

774 2334 910 2377 stent
944 2322 1160 2375 domum
1190 2319 1329 2373 nulla
1368 2332 1526 2369 manu
1560 2316 1781 2378 factam,
1805 2331 1923 2384 qua:
1949 2315 2018 2367 illi
2050 2316 2347 2383 spiritualia

776 2415 1086 2469 indumenta
1170 2417 1387 2463 vocant.
1464 2406 1598 2461 Hinc
1662 2407 1791 2459 dicit
1859 2414 2079 2458 sanctus
2147 2404 2351 2459 Metho-

776 2506 917 2567 dius,
945 2500 1147 2571 29Ὶὸ
1201 2515 1296 2568 per
1328 2509 1637 2552 terrestrem
1668 2499 1909 2560 donnnn,
1962 2498 2177 2550 brevem
2206 2498 2346 2551 hanc

778 2598 943 2648 vitam
987 2594 1207 2647 abusive
1235 2590 1661 2657 intelligendam,
1698 2598 1753 2641 et
1792 2601 1897 2640 non
1932 2588 2033 2639 hoc
2072 2587 2352 2641 habitacu-

780 2686 911 2739 lum.
955 2685 1011 2737 Si
1044 2684 1187 2737 enim
1227 2696 1321 2749 per
1360 2690 1671 2733 terrestrem
1700 2678 1916 2731 domum
1955 2676 2351 2731 dissolvendam

778 2790 974 2844 corpus
1005 2783 1243 2827 nostrqu
1279 2773 1345 2825 ab
1366 2786 1431 2825 eo
1462 2768 1680 2838 intelligi
1714 2768 1953 2836 putatis:
1989 2769 2114 2836 quid
2149 2768 2355 2821 hahitao

781 2867 958 2920 culum
1006 2867 1075 2918 sit
1117 2864 1337 2925 docete,
1400 2860 1551 2926 cujus
1606 2860 1793 2912 domus
1858 2860 1930 2912 sit
1987 2859 2353 2911 dissolvenda.

781 2958 940 3011 Aliud
979 2956 1121 3008 enim
1166 2963 1246 3007 est
1295 2951 1679 3015 habitaculum,
1725 2949 1870 3003 aliud
1917 2950 2209 3003 habitaculi
2259 2950 2357 3002 do-

785 3059 923 3106 mus,
985 3053 1039 3097 et
1082 3042 1223 3093 aliud
1275 3055 1393 3103 nos,
1438 3054 1668 3108 quorum
1717 3050 1800 3093 est
1860 3040 2242 3091 habitaculum.
2298 3038 2355 3091 Si

786 3134 947 3195 etiiiu,
992 3131 1196 3200 inquit,
1243 3132 1515 3183 terrestris
1561 3131 1751 3181 domus
1789 3137 1971 3181 nostra
2012 3129 2357 3182 habitationis

788 3224 1134 3284 dissolvitur;
1184 3222 1337 3288 quasi
1379 3220 1604 3287 ﬁgurate
1648 3235 1745 3273 nos
1778 3233 1896 3273 esse
1926 3220 2133 3273 animus
2177 3230 2357 3273 osten-

789 3322 960 3376 deret,
1016 3315 1399 3368 habitationem
1460 3327 1587 3365 vero
1636 3325 1853 3379 corpus,
1912 3313 2127 3363 dotnum
2182 3323 2357 3363 autem

791 3406 1140 3461 habitationis
1167 3418 1385 3457 usuram
1414 3402 1592 3455 carnis
1624 3402 1674 3453 in
1704 3402 1950 3470 praesenti
1990 3402 2122 3453 vita.
2146 3402 2201 3454 Si
2234 3416 2363 3470 ergo

793 3498 907 3549 Iuno
931 3496 1171 3563 corporis
1197 3495 1299 3544 vita
1345 3493 1515 3544 instar
1541 3492 1731 3544 domus
1755 3490 2101 3551 dissolvatur,
2146 3492 2366 3544 habebi-

794 3603 914 3642 tnus
965 3586 1020 3639 in
1074 3585 1213 3638 caelo
1256 3598 1358 3635 nou
1411 3582 2019 3647 manofaetam,inquit,
2064 3584 2207 3648 quod
2257 3583 2369 3635 haec

794 3678 905 3729 vita
952 3674 1267 3727 diﬂerentize
1297 3687 1456 3724 causa
1493 3673 1795 3724 manufacta
1831 3681 2109 3738 propterea
2142 3673 2367 3732 dicatur,

792 3781 857 3820 eo
885 3764 1027 3835 quod
1058 3764 1233 3815 omnis
1278 3762 1456 3814 cultus
1489 3770 1542 3813 et
1571 3762 1748 3813 studia
1775 3760 1897 3812 vita:
1934 3760 2089 3825 hujus
2123 3761 2368 3813 manibus

796 3856 1243 3908 administrentur
1290 3863 1342 3906 et
1377 3862 1657 3921 gerantur.
1686 3850 1899 3918 Corpus
1924 3850 2102 3915 enim,
2138 3864 2259 3903 cum
2298 3850 2371 3903 sit

796 3960 931 4015 Opus
963 3945 1078 4010 Dei,
1110 3944 1477 3998 tuanul’actom
1503 3959 1607 3997 non
1638 3944 1858 4007 dicitur,
1890 3958 1956 3997 eo
1983 3945 2128 4011 quod
2160 3959 2265 3997 non
2300 3944 2371 3997 sit

798 4048 913 4088 arte
936 4036 1207 4088 hominum
1235 4033 1508 4087 en‘ecntm.
1543 4034 1598 4086 Si
1642 4046 1819 4086 autent
1852 4049 2049 4101 corpus
2084 4045 2367 4101 propterea

797 4123 1165 4179 manufactutn
1215 4124 1485 4187 dixerint,
1545 4125 1686 4191 quod
1741 4138 1769 4175 a
1826 4126 1935 4177 Deo
1982 4124 2049 4177 sit
2098 4124 2369 4186 enectum,

800 4224 925 4270 tunc
946 4215 1107 4268 etiam
1140 4214 1355 4277 animae,
1392 4223 1447 4268 et
1484 4214 1683 4281 angeli,
1712 4224 1766 4267 et
1797 4214 1910 4282 ipsa
1950 4213 2002 4266 in
2029 4214 2182 4267 ccelis
2216 4214 2371 4265 indu-

800 4316 980 4362 menta
1009 4304 1319 4359 manufacta
1374 4304 1645 4357 dicentur.
1678 4302 1872 4359 Omnia
1910 4303 2105 4371 quippe
2134 4304 2249 4355 hanc
2281 4302 2372 4355 Dei

801 4406 927 4449 sinit
948 4409 1128 4463 opera.
1178 4396 1308 4460 Qme
1338 4401 1421 4446 est
1451 4406 1583 4460 ergo
1623 4397 1815 4444 domus
1856 4391 2201 4444 inanul'acta?
2229 4392 2373 4453 llaec,

801 4490 1063 4558 inquam,
1099 4487 1277 4540 brevis
1319 4486 1456 4547 vita,
1497 4498 1598 4552 ope
1649 4484 1884 4537 humana
1930 4493 2231 4537 sustentata
2280 4497 2372 4537 seu

2526 1960 2643 2009 Ὀτι
2674 1959 2753 2018 τὸ.
2786 1956 3103 2024 Οιόαμενη
3124 1957 3234 2024 γὰρ
3262 1958 3339 2022 ὡς
3370 1956 3477 2008 ἐὰν
3506 1956 3543 2023 ἡ
3566 1959 3829 2027 ἐπίγειος
3862 1962 4030 2029 ἡμῶν

2444 2049 2599 2101 οἰκία
2620 2048 2723 2101 τοῦ
2751 2049 3023 2113 σκήνους
3046 2046 3377 2114 καταλυθῇ,
3409 2049 3501 2099 καὶ
3532 2048 3682 2118 ἑξῆς,
3714 2052 3764 2102 oi
3813 2053 4027 2120 Ὠριγι-

2446 2136 2661 2189 νιασταὶ
2692 2138 2771 2200 είς
2805 2138 3085 2207 ἀναίρεσιν
3113 2138 3211 2205 τῆς
3236 2136 3345 2188 τῶν
3377 2139 3642 2205 σωμάτων
3672 2141 4029 2201 ἀναστάσεως

2452 2227 2870 2297 προϐάλλονται,
2902 2229 3097 2296 σκῆνος
3126 2227 3186 2279 τὸ
3213 2227 3369 2295 σῶμα
3394 2227 3487 2279 καὶ
3514 2229 3934 2299 ἀχειροποίητον
3974 2234 4030 2283 ἐν

2448 2321 2695 2390 οὐρανοῖς
2742 2321 2919 2372 οἰκίαν
2977 2319 3046 2371 τά
3088 2321 3216 2388 παρ’
3258 2318 3437 2373 αὐτῶν
3475 2322 3824 2387 πνευματικὰ
3880 2324 4031 2376 aves-

2458 2428 2601 2480 ματα
2643 2412 2911 2478 λέγοντες.
2956 2412 3045 2463 Διό
3086 2428 3251 2479 φησιν
3289 2413 3317 2463 ό
3363 2410 3514 2478 ἅγιος
3547 2412 3831 2474 Μεθόδιος·
3877 2414 4030 2466 Ἐπί-

2452 2516 2601 2567 γειον
2632 2501 2809 2552 οίκίαν
2847 2501 2946 2567 τὴν
2987 2500 3031 2531 ⁸⁹
3066 2499 3297 2553 ἐνταῦθα
3329 2500 3619 2569 βραχύϐιον
3668 2500 3816 2572 ζωὴν
3854 2520 4029 2555 κατα-

2453 2592 2767 2659 χρηστικῶς
2802 2590 3055 2659 ληπτέον,
3090 2591 3184 2643 καὶ
3218 2592 3278 2642 οὐ
3308 2592 3367 2643 τὸ
3400 2591 3593 2657 σκῆνος
3622 2591 3800 2644 τοῦτο.
3836 2594 3897 2645 Ei
3922 2597 4031 2663 γὰρ

2454 2682 2698 2749 ἐπίγειον
2730 2681 2907 2733 οίκίαν
2938 2682 3346 2751 καταλυομένην
3376 2681 3433 2733 τὺ
3476 2681 3634 2749 σῶμα
3663 2683 3914 2736 τίθεσθαι
3937 2686 4035 2736 αὐ-

2453 2773 2544 2825 τὸν
2570 2772 2838 2840 νομίζετε,
2864 2772 3108 2840 φράσατε
3140 2771 3197 2823 τὸ
3231 2772 3429 2839 σκῆνος
3456 2771 3503 2822 τί
3528 2774 3695 2832 ἐστιν,
3737 2767 3796 2825 οἵ.
3829 2776 3863 2839 ἡ
3885 2776 4035 2826 οἰκία

2456 2862 2827 2927 καταλύεται;
2865 2864 3092 2932 Ἕτερον
3130 2862 3238 2930 γὰρ
3267 2863 3328 2914 τὸ
3374 2863 3588 2930 σκῆνος,
3635 2865 3727 2916 καὶ
3762 2864 3894 2917 ἄλλο
3941 2866 4035 2918 τοῦ

2460 2955 2689 3019 σκήνους
2725 2954 2755 3021 ὴ
2802 2952 2969 3014 οίκία,
3008 2954 3099 3003 καὶ
3132 2954 3318 3020 ἕτερον
3350 2953 3529 3019 ἡμεῖς,
3554 2947 3627 3004 ὧν
3658 2954 3776 3004 ἐστι
3808 2955 3870 3005 τὸ
3909 2955 4039 3023 σκῆ-

2456 3042 2717 3113 νο;.[487
2770 3042 2860 3113 IL]
2916 3044 3053 3095 Ἐὰν
3096 3045 3203 3111 γὰρ
3265 3043 3303 3108 ἠ
3354 3042 3611 3108 ἐπίγειος
3659 3042 3829 3109 ἡμῶν·
3858 3046 4037 3102 οὶκιά.

2459 3136 2615 3202 φησὶ,
2644 3135 2749 3187 τοῦ
2804 3134 3075 3199 σκήνους
3112 3132 3441 3199 καταλυθῇ.
3479 3128 3589 3183 οἷον
3612 3135 3761 3201 ἡμᾶς
3801 3134 3905 3199 μὲν
3945 3135 4041 3194 τὰς

2464 3228 2642 3295 ψυχὰς
2674 3224 2810 3278 εἶναι
2836 3226 3103 3292 δηλώσας,
3130 3228 3326 3293 σκῆνος
3360 3223 3413 3276 δὲ
3445 3223 3503 3275 τὸ
3535 3223 3713 3292 σῶμα.
3758 3225 3944 3277 οἰκίαν
3989 3224 4043 3275 δὲ

2465 3315 2557 3369 τοῦ
2592 3318 2819 3383 σκήνους
2843 3316 2938 3382 τὴν
2966 3315 3106 3365 κατὰ
3134 3313 3232 3381 τὴν
3255 3312 3537 3381 παροῦσαν
3562 3311 3703 3380 ζωὴν
3738 3313 4044 3366 ἀπόλαυσιν

2463 3406 2564 3474 τῆς
2596 3406 2795 3473 σαρκὸς
2832 3404 3126 3474 τροπικῶς.
3178 3403 3303 3455 Ἐὰν
3340 3398 3431 3454 οῦν
3474 3405 3505 3469 ἠ
3541 3405 3583 3433 ⁸⁸
3627 3403 3720 3455 νῦν
3781 3404 3848 3470 δὴ
3908 3404 4044 3470 αῦτη

2467 3497 2499 3563 η
2531 3494 2624 3545 τοῦ
2658 3493 2905 3561 σώματος
2947 3493 3058 3560 ζωὴ
3090 3493 3245 3562 δίκην
3284 3494 3458 3554 οἰκίας
3503 3492 3806 3560 καταλυθῇ,
3851 3494 4046 3561 ἕξομεν

2467 3585 2563 3653 τὴν
2602 3587 2659 3635 ὲν
2693 3587 2803 3645 τοῖς
2837 3584 3085 3651 οὐρανοῖς
3121 3583 3553 3652 ἀχειροποίητον.
3600 3584 4047 3652 Ἀχειροποίητόν

2469 3688 2599 3741 φησι
2626 3671 2711 3722 διὰ
2745 3673 2805 3722 τὸ
2839 3670 3214 3739 χειροποίητον
3244 3671 3449 3739 ταύτην
3482 3670 3737 3737 λέγεσθαι
3769 3671 3872 3739 τὴν
3904 3674 4046 3739 ζωὴν

2469 3764 2609 3815 κατὰ
2632 3762 3057 3829 ἀντιδιαστολὴν,
3082 3760 3231 3831 παρὰ
3264 3761 3323 3813 τὸ
3346 3761 3521 3813 πάντα
3551 3759 3708 3830 ημῶν
3738 3762 3807 3812 τά
3832 3778 3904 3813 κο
3916 3764 4052 3830 σμή-

2474 3873 2616 3924 ματα
2653 3855 2747 3906 καὶ
2778 3852 3172 3919 σπουδάσματα
3205 3850 3299 3902 τοῦ
3331 3850 3446 3919 βίου
3489 3850 3645 3919 χερσὶ
3678 3850 4051 3919 παλαμᾶσθαι

2471 3946 2791 4015 ἀνθρώπων.
2849 3944 2921 3995 Τὸ
2976 3944 3086 4013 γὰρ
3144 3943 3301 4012 σῶμα
3348 3942 3741 4012 δημιούργημα
3796 3945 4051 4013 ὑπάρχον

2470 4034 2604 4087 Θεοῦ
2649 4034 3027 4103 χειροποίητον
3070 4034 3133 4086 οὐ
3173 4032 3411 4099 λέγεται,
3448 4032 3531 4085 ὅτι
3584 4031 3658 4102 μὴ
3710 4033 4053 4104 ὲπαλαμήθη

2471 4126 2689 4193 τέχναις
2720 4124 3043 4191 ἀνθρώπων.
3072 4123 3133 4174 El
3162 4124 3217 4175 δὲ
3244 4123 3381 4175 διότι
3428 4123 3534 4175 ὑπὸ
3570 4121 3705 4175 Θεοῦ
3753 4124 4053 4193 ἐδημιουρ-

2472 4214 2636 4283 γήθη,
2660 4213 3030 4283 χειροποίητον
3064 4214 3198 4266 αὐτὸ
3227 4213 3463 4277 λέξουσι,
3529 4213 3909 4282 χειροποίητοι
3952 4215 4058 4279 ἄρα

2472 4305 2567 4357 καὶ⁸
2596 4304 2652 4355 αί
2680 4303 2850 4371 ψυχαὶ
2881 4306 2973 4354 καὶ
3007 4303 3057 4354 οἱ
3086 4301 3311 4369 ἄγγελοι
3342 4304 3435 4354 καὶ
3474 4302 3542 4355 τά
3590 4301 3869 4371 ἐνδύματα
3920 4304 4057 4357 αὐτὰ

2472 4393 2541 4445 τὰ
2586 4395 2643 4445 ὲν
2681 4394 2793 4455 τοῖς
2835 4393 3082 4461 οὐρανοῖς
3112 4407 3127 4422 ⁸
3166 4392 3299 4444 Θεοῦ
3330 4394 3440 4462 γὰρ
3477 4393 3921 4462 αὐτουργήματα
3964 4396 4058 4445 καὶ

2473 4483 2665 4537 ταῦτα.
2697 4484 2791 4546 Τίς
2823 4478 2915 4535 οῦν
2945 4486 3091 4536 ἐστιν
3130 4485 3164 4553 ή
3198 4484 3569 4553 χειροποίητος
3597 4486 3743 4535 οἰκία
3772 4503 3785 4548 ;
3827 4486 3895 4537 Ἢ
3928 4486 4056 4555 βρα-

802 4578 1015 4633 coudita
1046 4594 1059 4629 :
1097 4574 1161 4630 In
1192 4576 1405 4636 sudore,
1442 4574 1615 4640 inquit
1639 4612 1654 4638 ,
1676 4572 1849 4624 uultus
1881 4571 1958 4622 tui
1982 4572 2197 4623 vesceris
2247 4586 2374 4637 pane
2403 4593 2423 4650 1

2478 4574 2683 4641 χύὸιος,
2721 4573 2796 4635 ὡς
2832 4574 2985 4642 ἔφην,
3018 4574 3155 4643 αῦτη
3191 4575 3326 4643 ζωὴ,
3357 4576 3389 4644 ἡ
3422 4574 3514 4626 ἀπ’
3544 4574 3913 4642 ἀνθρωπίνων
3942 4594 4055 4644 χει·

805 4680 894 4722 tuo
923 4677 985 4731 νς
1023 4682 1125 4734 qua
1162 4666 1422 4719 dissoluta
1468 4664 1611 4715 illam
1655 4661 2011 4715 immortalem
2046 4678 2151 4713 non
2184 4677 2371 4713 manu-

807 4758 1006 4812 lactam
1050 4767 1410 4824 occupamus,
1461 4750 1912 4820 quemadmodum
1960 4749 2217 4803 Dominus
2258 4751 2374 4818 ipse

808 4846 1136 4905 declaravit.
1204 4858 1327 4896 cum
1386 4843 1520 4894 dixit
1570 4856 1585 4895 :
1641 4838 1827 4892 Facite
1875 4840 2011 4891 vobis
2061 4840 2255 4891 amicos
2316 4842 2377 4891 de

809 4954 1111 4992 mammona
1158 4935 1474 5003 iniquitatis,
1517 4943 1573 4986 ut
1612 4950 1729 4985 cum
1770 4932 2080 4999 defeceritis,
2126 4933 2375 4994 recipiant

813 5045 897 5082 vos
924 5030 975 5078 in
1012 5038 1207 5080 tetema
1230 5022 1567 5075 tabernacula
1593 5031 1641 5074 (ι.
1673 5020 1826 5086 Quod
1856 5022 1998 5074 enim
2032 5021 2099 5073 ibi
2124 5020 2377 5075 Dominus

814 5116 1100 5188 appellavit
1143 5111 1509 5175 tabernacula,
1562 5112 1649 5164 hic
1695 5110 1983 5178 Apostolus
2029 5120 2182 5165 vocat
2229 5112 2379 5163 indu-

814 5220 1013 5263 menta.
1053 5207 1202 5273 Quod
1248 5206 1319 5259 ibi
1373 5205 1569 5255 amicos
1614 5204 1904 5268 iniquitatis
1930 5242 1944 5265 ,
1975 5202 2060 5255 hic
2092 5204 2377 5271 Aposmlos

816 5305 1000 5353 domus
1074 5295 1445 5351 dissolvcnclas
1522 5293 1804 5347 diversorii
1868 5307 1959 5345 seu
2011 5294 2373 5347 habitationis.

818 5389 1281 5459 Quemadmodum
1328 5398 1481 5452 ergo,
1529 5397 1648 5436 eum
1697 5384 1809 5436 dies
1843 5382 1964 5435 vitae
2014 5392 2207 5436 nostra:
2239 5397 2377 5449 prae-

895 5495 918 5519 ο
956 5486 996 5539 ΙΙ
1021 5484 1148 5538 Cor.
1176 5497 1227 5548 ν,
1258 5483 1308 5538 1.
1408 5490 1436 5529 P
1463 5478 1599 5533 Gen.
1634 5494 1713 5543 ιιι,
1750 5478 1835 5532 i9.
1909 5486 1937 5526 τι
1963 5475 2092 5530 Luc.
2124 5491 2234 5541 th,
2258 5477 2308 5531 9.

2481 4663 2588 4730 ρῶν
2615 4662 3173 4733 δραματουργουμένη
3206 4680 3221 4695 ο
3268 4662 3432 4733 Nn}
3475 4663 3519 4694 ⁸⁸
3554 4664 3683 4731 γάρ,
3741 4667 3939 4732 φησιν,
3989 4666 4058 4718 ἐν

2480 4748 2670 4815 ἱδρῶτι
2694 4748 2798 4800 τοῦ
2821 4750 3143 4815 προσώπου
3171 4764 3288 4803 σου
3320 4751 3429 4802 τὸν
3463 4751 3645 4817 ἄρτον
3673 4764 3794 4803 σου
3817 4768 3830 4780 ·
3868 4747 3938 4822 ἦς
3963 4769 4059 4803 κα-

2480 4839 2799 4908 ταλυθείσης
2830 4840 3044 4909 ἐκείνην
3074 4840 3172 4909 τὴν
3208 4841 3619 4910 ἀχειροποίητον
3658 4841 3809 4910 ζωὴν
3837 4844 4055 4912 ἔχομεν.

2485 4930 2747 4999 Καθάπερ
2776 4929 2869 4980 καὶ
2895 4930 2924 4979 ό
2965 4931 3166 4999 Κύριος
3201 4931 3369 4984 εἰπὼν
3398 4932 3649 4999 ἐδήλωσε⁸
3684 4933 3991 4998 Ποιήσατε
4012 4935 4057 4963 δ’

2482 5022 2698 5088 φίλους
2727 5021 2793 5074 ἐκ
2825 5022 2935 5089 τῆς
2971 5022 3205 5087 ἀδικίας
3234 5023 3341 5075 τοῦ
3368 5021 3621 5090 μαμωνᾶ
3656 5022 3723 5087 ⁸³,
3767 5024 3869 5075 Im
3916 5024 4063 5077 ὅταν

2482 5112 2770 5165 suam;
2826 5114 2893 5176 “,
2936 5112 3222 5177 δέξωνται
3280 5112 3437 5181 ὑμᾶς
3488 5115 3577 5176 είς
3620 5115 3727 5178 τὰς
3779 5114 4063 5180 ἀίωνίους

2482 5203 2734 5268 σκηνάς.
2791 5205 2856 5256 Ὀ
2900 5205 3008 5275 γάρ
3057 5206 3173 5256 ἐκεῖ
3226 5204 3429 5273 σκηνὰς
3480 5205 3509 5256 ό
3548 5202 3749 5273 Κύριος
3807 5205 4061 5269 ἐκάλεσε,

2484 5293 2643 5345 τοῦτο
2691 5294 2924 5347 ἐνταῦθα
2971 5298 2999 5348 ὀ
3043 5294 3364 5356 Ἀπόστολος
3398 5292 3675 5362 ἐνδύματα
3705 5308 3720 5321 ·
3772 5292 3802 5343 δ
3839 5293 3896 5345 δι
3953 5296 4066 5345 ἐκεῖ

2485 5386 2669 5453 φίλους
2723 5390 2788 5441 tu
2834 5390 2931 5457 τῆς
2979 5387 3218 5452 ἀδικίας,
3284 5383 3519 5438 ἐνταῦθα
3570 5384 3989 5453 καταλυομένας
4038 5388 4067 5437 ό

2081 5570 2311 5625 νΑιιιίε
2360 5571 2760 5627 LECTIONES.

914 5667 957 5697 ³⁸
991 5665 1205 5736 ἀληθῶς
1239 5664 1347 5717 ΑΒ.
1404 5664 1465 5736 4³⁷
1500 5662 1767 5736 χρώμενοι
1790 5680 1847 5725 ς.
2007 5662 2246 5736 οίδαμενί
2299 5664 2339 5718 ll
2372 5663 2494 5717 Cor.
2534 5681 2583 5726 v,
2618 5667 2669 5717 l.

1670 5749 1751 5785 uc.
1781 5747 1889 5796 XVI,
1925 5733 1977 5786 ί).
2048 5733 2092 5762 ⁵³
2126 5736 2401 5802 μαμμωνὶ
2430 5752 2489 5797 ς.

824 5734 871 5767 ⁵⁸
902 5736 1051 5805 φάγῃ
1082 5732 1142 5797 ζ’.
1219 5735 1262 5767 δ’
1296 5732 1578 5803 ποιήσατε]

2769 5664 2813 5695 ’ν
2835 5663 2935 5733 τὴν
2963 5678 3075 5733 um.
3114 5660 3201 5733 A._
3231 5730 3240 5733 _
3297 5662 3342 5691 δ’
3364 5660 3399 5727 η
3453 5668 3576 5714 ante
3605 5657 3702 5712 τοῦ
3734 5673 3845 5713 om.
3883 5674 3970 5727 pr.
3999 5658 4064 5710 Α.

2564 5736 2609 5764 ⁸⁸
2641 5730 2935 5786 ἐκλίπωσιν
2966 5732 3053 5784 ΑΒ
3082 5750 3094 5785 :
3124 5730 3381 5798 ἐκλίπητε
3413 5745 3476 5792 ςο
