4208 6442
184 438 321 507 “25
1211 436 1743 500 BIBLIOTHECA.
1776 461 1848 476 --
1884 436 2051 501 COD.
2082 436 2437 500 CCXXXIV.

3288 433 3432 501 1126

188 555 514 621 Ἀπόστολος
543 553 743 619 οίκίας.
776 553 1049 625 Καθάπερ
1073 550 1209 621 γοῦν
1234 552 1330 607 ἐάν
1354 554 1679 624 ἐκλείψουσιν
1708 554 1765 607 at

1869 555 2038 609 semis
2089 553 2405 621 defecerint,
2448 552 2585 607 bona
2631 565 2830 623 opera,
2861 551 3072 607 animas
3104 560 3321 609 nostras
3372 553 3443 605 ad

180 651 272 717 τῆς
300 647 591 719 παρούσης
618 646 765 717 ζωῆς
798 645 957 716 ὴμῶν
988 644 1219 715 ἡμέραι,
1253 644 1323 698 τά
1351 646 1487 717 πρὸς
1509 644 1759 698 εὐποιίαν

1869 645 2268 712 compensanda
2312 642 2638 705 benefacta.
2691 656 2812 711 qua
2863 642 2917 695 in
2971 643 3083 697 vita
3136 642 3447 711 iniquitatis

180 740 276 802 τάς
308 738 492 809 ψυχάς
532 737 691 807 ἡμῶν
722 737 769 771 ⁸⁸
816 736 1165 802 ὑποδέξονται
1202 735 1688 805 άγαθοεργήματα,
1725 733 1764 788 ἃ

1869 731 2224 800 possedimus,
2274 731 2359 800 (eo
2388 731 2531 800 quod
2569 730 2799 784 mundus
2828 729 2896 783 sit
2934 728 2986 782 in
3019 728 3257 798 maligno
3294 728 3449 799 posi-

182 828 288 883 ἀπδ
324 830 425 898 τῆς
472 829 532 881 ἐν
571 830 637 899 τῇ
679 828 865 898 ἀδικίᾳ
904 826 1051 896 ζωῆς
1103 826 1457 896 ἐκτησάμεθα
1495 824 1618 895 [921
1663 823 1759 896 IL]

184 920 256 989 τῷ
300 920 397 973 τδν
434 918 640 990 κόσμον
687 921 747 973 ἐν
792 918 869 988 τῷ
919 918 1144 990 πονηρῷ
1186 917 1426 984 κεῖσθαι,
1475 917 1619 971 οὓτω
1668 918 1767 988 τῆς

186 1010 332 1080 ζωῆς
370 1010 775 1078 καταλυθείσης
808 1012 906 1081 τῆς
932 1009 1228 1081 ὠκυμόρου
1246 1010 1347 1081 τὴν
1380 1009 1490 1080 πρὸ
1510 1010 1610 1078 τῆς
1638 1010 1768 1063 ἀνα-

188 1101 432 1164 στάσεως
471 1100 665 1170 ἓξομεν
704 1101 921 1169 οἴκησιν
966 1101 1023 1153 at
1060 1100 1234 1170 ψυχαὶ
1259 1102 1307 1133 ⁸⁸
1339 1100 1491 1170 παρά
1522 1099 1600 1169 τῷ
1627 1098 1767 1170 Θεῷ,

187 1190 296 1244 ἐστ’
331 1190 397 1245 ἀν
430 1191 1015 1261 ἀνακαινοποιηθεϊσαν
1048 1192 1182 1260 ἡμῖν
1211 1192 1462 1246 ἄπτωτον
1488 1190 1771 1245 ἀναλάϐω-

191 1299 292 1352 μεν
329 1282 509 1335 οἰκίαν
536 1283 604 1337 ⁵⁷.
632 1283 798 1337 Ὅθεν
825 1282 922 1335 καὶ
954 1283 1302 1353 στενάζομεν,
1343 1283 1417 1355 μὴ
1441 1283 1688 1347 θέλοντες
1712 1283 1771 1336 τὸ

193 1374 357 1442 σῶμα
389 1373 825 1437 ἀπεκδύσασθαι,
862 1374 978 1428 ἀλλ’
1014 1376 1103 1428 ἐπ’
1128 1375 1280 1447 αὐτῷ
1315 1375 1415 1446 τὴν
1436 1374 1647 1446 ,λοιπὴν
1676 1376 1774 1428 ἐπ-

192 1461 518 1517 ενδύσασθαι
550 1463 719 1534 ζωήν.
752 1464 829 1519 To
859 1464 969 1534 γάρ
995 1466 1309 1537 οἰκητήριον
1338 1465 1399 1519 τὸ
1428 1466 1486 1533 ἐξ
1519 1466 1773 1538 οὐρανοῦ,

193 1554 222 1605 ὅ
261 1553 641 1623 ἐπιθυμοῦμεν
679 1555 725 1587 ⁸⁸
758 1555 1181 1617 ἐπενδύσασθαι,
1212 1558 1247 1626 ή
1290 1556 1560 1611 ἀθανασία
1600 1558 1773 1613 ἐστίν.

1867 821 1975 892 tus)
2024 820 2335 890 recipient?
2364 833 2379 873 :
2409 820 2483 873 ita
2531 820 2679 874 brevi
2727 821 2828 875 hac
2854 819 2963 875 vita
3004 822 3202 885 soluta,
3248 821 3448 873 animus

1869 922 1997 967 ante
2050 912 2513 967 resurrectionem
2558 910 2949 966 habitationem
2997 914 3270 967 habebunt
3302 910 3447 979 apud

1869 1002 2063 1067 Deum,
2094 1002 2267 1057 donec
2295 1004 2652 1057 instauratam
2683 1012 2738 1057 et
2775 1018 3052 1072 nunquam
3077 1019 3327 1059 casuram
3360 1017 3451 1057 reb

1870 1094 2132 1163 cipiamus
2160 1093 2403 1148 domum.
2444 1090 2600 1147 Unde
2631 1100 2685 1148 et
2717 1090 3147 1162 in‘gemiscimus,
3200 1093 3449 1147 nolentes

1870 1200 2070 1256 corpus
2109 1185 2216 1239 hoc
2243 1199 2479 1249 exuere,
2510 1184 2605 1238 sed
2652 1197 2811 1252 super
2846 1184 3017 1252 ipsum
3066 1184 3328 1253 reliquam
3370 1188 3451 1235 vi-

1872 1288 1981 1333 tam
2042 1278 2271 1332 induere
2330 1288 2378 1331 ι.
2430 1275 2567 1330 Illud
2626 1275 2770 1330 enim
2820 1275 3150 1330 domicilium
3202 1277 3450 1338 cccleste,

1874 1372 2073 1444 298a
2126 1371 2267 1441 quod
2299 1368 2688 1438 superinduere
2722 1368 2985 1438 cupimus,
3017 1376 3100 1424 est
3125 1367 3451 1423 immortali-

1875 1476 1958 1520 tas
1996 1480 2157 1534 quam
2207 1462 2297 1518 ubi
2332 1460 2702 1526 induerimus,
2737 1462 3117 1516 absorbebttur
3160 1463 3375 1532 penitus
3420 1474 3452 1513 a

1872 1558 1983 1611 vita
2009 1564 2210 1609 aeterna
2241 1560 2646 1622 consumptum,
2676 1551 2938 1622 quidquid
2969 1554 3022 1609 in
3058 1553 3149 1610 illa
3176 1553 3452 1608 inﬁrmum

199 1647 305 1699 Ἦν
346 1646 443 1699 ἐάν
479 1647 942 1717 ἐπενδυσὼμεθα,
980 1649 1422 1718 καταποθήσεται
1462 1651 1571 1703 πᾶν
1618 1651 1678 1703 τὸ
1718 1654 1777 1704 ἐν

1875 1656 1931 1703 ει
1954 1645 2203 1703 mortale.

194 1738 335 1806 αὐτῇ
360 1737 662 1807 ὁλοσχερῶς
688 1739 911 1802 ἀσθενὲς
940 1739 1047 1793 ams
1072 1740 1173 1809 τῆς
1191 1740 1424 1810 ἀχρόνου
1458 1740 1603 1812 ζωῆς
1639 1759 1775 1796 κατο

195 1828 477 1882 αναλωθέν
503 1830 598 1881 καὶ
634 1828 846 1897 θνητόν.

268 1920 377 1972 Διὰ
409 1921 669 1985 πίστεως
695 1894 806 1987 γλὰρ
834 1920 1298 1990 περιπατοῦμεν,
1322 1923 1395 1975 οὐ
1419 1920 1519 1975 διὰ
1558 1921 1778 1989 διδους,

1956 1926 2062 1982 Per
2090 1927 2245 1995 ﬁdem
2268 1927 2405 1980 enim
2445 1923 2800 1988 ambulamus,
2838 1938 2937 1975 non
2956 1938 3050 1991 per
3082 1920 3325 1989 speciem,
3352 1919 3459 1973 hoc

197 2013 451 2065 τουτέστι
480 2011 569 2064 διὰ
609 2012 846 2075 πίστεως
885 2012 994 2082 γὰρ
1032 2012 1389 2083 ἐπιϐαίνομεν
1432 2011 1786 2085 ἐτι,ἀτρανο-

1888 2031 1991 2086 est,
2022 2035 2119 2090 per
2148 2018 2307 2073 iidem
2341 2019 2514 2072 adhuc
2544 2014 2943 2086 progredimur,
2979 2022 3175 2069 statum
3211 2012 3319 2067 illic
3356 2010 3458 2065 ob-

199 2106 350 2173 τάτῳ
399 2103 649 2174 λογισμῷ
692 2104 765 2157 τά
815 2107 934 2159 ἐκεῖ
986 2106 1286 2177 πράγματα
1329 2106 1782 2172 κατοπτεύοντες,

1887 2110 2202 2168 scurissima
2249 2106 2684 2162 consideratione
2736 2104 3201 2173 contemplantes,
3248 2110 3303 2155 et
3349 2114 3457 2154 non

200 2197 300 2249 καὶ
332 2195 397 2247 ού
439 2195 647 2263 σἀφῶς,
687 2194 831 2249 ὥστε
869 2196 963 2249 καὶ
1000 2198 1137 2267 όρᾷν
1166 2196 1264 2249 καὶ
1292 2196 1588 2251 ἀπολαύειν
1611 2197 1705 2252 uat
1729 2198 1787 2251 ἐν

202 2286 396 2338 αὐτοῖς
426 2280 588 2338 εἶναι.

1889 2210 2100 2273 aperte,
2120 2209 2180 2255 ut
2200 2200 2406 2265 videre,
2441 2206 2494 2251 et
2522 2195 2650 2253 frui.
2680 2206 2732 2251 et
2763 2210 2884 2251 esse
2919 2195 2971 2249 in
3008 2193 3097 2249 illo
3125 2194 3415 2265 possimus.

202 2286 396 2349 αὐτοῖς
426 2286 588 2340 εἶναι.

282 2376 466 2431 Τοῦτο
487 2376 534 2409 ⁸⁸
564 2375 632 2430 δέ
680 2394 829 2447 φημι
853 2419 867 2442 ,
891 2377 1163 2447 ἀδελφοὶ,
1212 2378 1301 2433 ότι
1346 2380 1502 2448 σὰρξ
1532 2380 1628 2434 καὶ
1647 2375 1790 2449 αἷμα

206 2463 668 2532 κληρονομῆσαι
696 2466 1027 2528 βασιλείαν
1051 2467 1198 2521 Θεοῦ
1215 2469 1287 2521 οὐ
1309 2467 1620 2533 δύνανται,
1648 2469 1791 2523 οὐδε

204 2558 247 2623 ἡ
272 2555 466 2623 φθορὰ
484 2554 597 2621 τὴν
616 2555 959 2623 ἀφθαρσίαν
979 2557 1355 2627 κληρονομεῖ.
1376 2560 1583 2627 Σάρκα,
1605 2561 1787 2629 φησὶν,

204 2647 273 2699 οὐ
328 2646 431 2715 τὴν
485 2645 662 2714 σάρκα
712 2647 885 2715 αὐτὴν
930 2646 1217 2718 ἐδήλωσεν,
1279 2649 1415 2702 ἀλλά
1453 2651 1552 2721 τὴν
1598 2651 1793 2721 ἄλογον

207 2739 354 2808 πρὸς
412 2736 511 2799 τὰς
556 2738 601 2768 ⁵⁸
641 2737 939 2806 μαχλώσας
979 2741 1080 2809 τῆς
1126 2740 1310 2810 ψυχῆς
1355 2743 1529 2812 ὁρμὴν
1578 2743 1787 2812 ἡδονάς.

1900 2758 2010 2799 tum
2053 2754 2238 2799 contra
2275 2743 2500 2796 lascivas
2548 2742 2744 2795 anima:
2789 2740 3109 2809 voluptates.
3156 2739 3289 2794 Cum
3336 2754 3469 2807 ergo

217 2826 410 2880 Είπὼν
437 2827 530 2880 οὖν
557 2827 638 2879 ὃτι
678 2830 722 2860 ἰ
785 2827 945 2894 Σὰρξ
974 2831 1074 2882 καὶ
1113 2825 1257 2899 αἷμα
1288 2830 1620 2894 βασιλείαν
1647 2834 1787 2887 Θεοῦ

1897 2838 2027 2891 dicit
2054 2855 2067 2891 ε
2104 2836 2253 2899 Quod
2280 2850 2402 2887 caro
2429 2843 2476 2886 et
2504 2833 2715 2902 sanguis
2753 2849 2965 2899 regnum
2995 2830 3087 2884 Dei
3112 2848 3213 2884 non
3238 2831 3469 2895 posside-

209 2918 668 2987 κληρονομῆσαι
701 2921 772 2973 οὐ
794 2920 1100 2987 δύνανται,
1126 2926 1536 2992 ἐπαπεφήνατο·
1572 2926 1725 2979 Οὐδὲ
1756 2927 1787 2993 ἡ

1899 2929 2047 2988 bunt,
2076 2925 2233 2981 simul
2276 2924 2587 2985 declaravit,
2630 2926 2771 2992 quod
2803 2937 2962 2990 neque
2997 2922 3265 2989 corruptio
3294 2924 3467 2973 luere-

206 3012 412 3079 φθορὰ
456 3012 571 3078 τὴν
612 3013 957 3080 ἀφθαρσίαν
995 3015 1373 3083 κληρονομεῖ.
1408 3016 1586 3086 Φθορά
1613 3017 1669 3070 δέ
1699 3019 1787 3071 οὐκ

1897 3019 2085 3074 ditabit
2118 3016 2582 3084 incorruptionem.
2618 3013 2907 3082 Corruptio
2948 3018 3130 3067 autem
3167 3026 3272 3065 non
3296 3020 3381 3065 est
3416 3010 3467 3064 id

208 3103 352 3153 αὐτό
386 3103 503 3153 ἐστι
554 3103 614 3154 τὸ
657 3102 1041 3172 φθειρόμενον,
1085 3104 1222 3157 ἀλλά
1262 3105 1324 3157 τὸ
1362 3106 1603 3176 φθεῖρον.
1652 3108 1787 3160 Ἑπι-

1902 3112 2044 3180 quod
2077 3110 2461 3176 corrumpitur,
2488 3108 2581 3160 sed
2606 3105 2749 3175 quod
2780 3105 3097 3173 corrumpit.
3124 3102 3296 3157 Morte
3322 3103 3467 3157 enim

208 3193 601 3261 κρατήσαντος
634 3193 732 3261 μὲν
759 3194 867 3263 γὰρ
888 3194 982 3246 τοῦ
1015 3194 1247 3247 θανάτου
1280 3195 1521 3250 κλίνεται
1546 3200 1607 3250 τὸ
1638 3199 1787 3268 σῶμα

1904 3202 2343 3273 praedominante,
2373 3214 2568 3268 corpus
2597 3198 2649 3251 in
2684 3196 3086 3265 corruptionem
3122 3195 3314 3265 vergit.
3348 3193 3470 3248 Vita

210 3280 352 3351 [488
395 3280 488 3352 IL]
530 3283 607 3343 είς
648 3282 855 3352 φθοράν
882 3300 896 3314 ·
930 3284 1296 3355 ἐπιμενούσης
1325 3285 1380 3338 δὲ
1429 3286 1665 3355 ἔμπαλιν
1696 3289 1787 3358 τῆς

1900 3304 2081 3347 autem
2110 3293 2161 3347 in
2198 3306 2263 3346 eo
2291 3306 2504 3345 rursum
2548 3297 2822 3351 manente,
2856 3296 3037 3341 manet
3077 3286 3471 3355 incorruptum.

209 3371 369 3437 ζωῆς
420 3370 675 3459 ἐνοαύτῷ
721 3372 922 3441 ἕστηκε
981 3372 1056 3443 μὴ
1117 3374 1565 3443 καθαιρούμενον.
1616 3377 1707 3430 Διὸ
1751 3381 1787 3412 ⁸¹

1899 3388 2077 3452 Quare
2118 3400 2238 3440 cum
2289 3384 2433 3439 inter
2482 3382 2716 3437 conﬁnia
2759 3379 3123 3448 corruptionis
3182 3388 3235 3432 et
3292 3378 3472 3431 incor-

208 3460 415 3530 ἐπειδὴ
477 3462 729 3531 μεθόριον
786 3464 884 3531 τῆς
931 3465 1242 3534 ἀφθαρσίας
1284 3468 1516 3539 ἐγενήθη
1562 3472 1655 3522 καὶ
1701 3471 1787 3540 τῆς

1902 3475 2167 3544 ruptionis
2196 3489 2324 3528 caro
2348 3482 2473 3527 nata
2508 3473 2601 3537 sit,
2630 3485 2729 3525 nec
2770 3470 2840 3524 sit
2863 3468 3136 3538 corruptio
3166 3484 3266 3522 nec
3292 3468 3471 3521 incor-

209 3550 435 3621 φθορᾶς
468 3553 501 3621 ἡ
529 3552 689 3621 σάρξ,
712 3553 814 3605 οὑκ
841 3552 976 3607 οὖσα
999 3554 1120 3607 οὐδὲ
1144 3554 1318 3625 φθορά
1348 3556 1471 3609 ούδέ
1498 3557 1798 3628 ἀφθαρσία,

212 3641 511 3712 ἐκρατήθη
541 3658 602 3694 τε
619 3644 710 3695 διὰ
734 3643 833 3712 τὴν
856 3645 1052 3714 ἡδονὴν
1078 3646 1185 3697 ὑπὸ
1217 3646 1318 3715 τῆς
1342 3648 1565 3715 φθορᾶς,
1587 3650 1801 3719 ποίημα

212 3732 329 3801 τῆς
385 3730 695 3802 ἀφθαρσίας
745 3734 838 3785 καὶ
879 3734 1067 3804 κτῆμα
1109 3735 1453 3805 ὑπάρχουσα,
1506 3738 1597 3790 διὰ
1643 3738 1801 3791 τοῦτο

212 3824 527 3894 γεγένηται
584 3825 664 3885 είς
706 3826 934 3893 φθοράν.
976 3827 1085 3879 Καὶ
1124 3828 1247 3879 ἐπεὶ
1285 3829 1657 3900 συνεκροτήθη
1698 3831 1804 3883 ὑπὸ

207 3916 322 3980 τῆς
356 3913 565 3983 φθορᾶς
606 3915 703 3968 καὶ
737 3915 954 3985 θανάτῳ
994 3916 1083 3969 διά
1113 3918 1361 3972 παιδείαν
1397 3920 1693 3989 παρεδόθη,
1724 3924 1804 3985 είς

210 4008 375 4067 νῖκος
397 4005 566 4075 αὐτὴν
587 4009 653 4075 τῇ
684 4006 859 4077 φθορᾷ
893 4006 1145 4079 καθάπερ
1177 4009 1539 4081 κληρονομίαν
1574 4014 1635 4066 οὐ
1670 4030 1805 4068 κατ-

218 4098 444 4163 έλιπεν,
493 4097 629 4150 ἀλλά
686 4098 849 4151 πάλιν
893 4098 982 4152 διά
1042 4101 1138 4169 τῆς
1186 4102 1537 4166 ἀναστάσεως
1575 4104 1806 4175 νικήσας

212 4191 320 4242 τὸν
350 4188 582 4242 θάνατον
612 4190 867 4242 ἀπέδωκε
890 4193 959 4261 τῇ
984 4190 1283 4263 ἀφθαρσίᾳ,
1317 4193 1407 4247 ἵνα
1434 4192 1509 4265 μὴ
1551 4193 1808 4264 κληρονο-

214 4281 389 4351 μήσῃ
425 4280 459 4348 ὴ
498 4278 673 4348 φθορά
714 4279 813 4349 τὴν
843 4280 1173 4351 ἀφθαρσίαν,
1209 4283 1327 4335 ἀλλ’
1359 4286 1391 4352 ἡ
1430 4283 1711 4353 ἀφθαρσία
1747 4288 1809 4338 τὸ

208 4367 491 4435 φθαρτόν.
538 4366 991 4437 Ἐπαποκρίνεται
1028 4369 1180 4437 γοῦν,
1203 4370 1301 4422 Δεῖ
1314 4371 1425 4439 γὰρ
1454 4371 1520 4424 τὸ
1544 4374 1787 4441 φθαρτὸι

1908 4384 2257 4453 corruptibile
2290 4380 2671 4455 [absorberet].
2708 4382 2844 4436 Dicit
2871 4383 3013 4435 enim
3053 4384 3303 4449 :Oportet
3337 4382 3477 4433 enim

208 4459 409 4514 τοῦτο
451 4460 828 4515 ἐνδύσασθαι
870 4461 986 4530 τὴν
1019 4463 1389 4531 ἀφθαρσίαν,
1424 4466 1522 4519 καὶ
1562 4464 1629 4519 τὸ
1664 4471 1787 4533 θνη·

1910 4474 2245 4541 corruptibile
2274 4474 2370 4527 hoc
2410 4475 2623 4527 induere
2650 4473 3115 4541 incorruptionem,
3160 4483 3206 4525 et
3257 4474 3479 4525 mortnfe

210 4552 339 4605 τὸν
376 4551 491 4617 τὴν
521 4552 881 4607 ἀθανασίαν.
918 4552 1161 4623 Φθαρτδν
1188 4554 1245 4607 δέ
1274 4554 1369 4607 καὶ
1402 4555 1594 4625 θνητὸν
1626 4556 1787 4610 ἐνόυό

1869 4561 2355 4621 ἰηιηιονιοίίιαιειη
2386 4573 2436 4619 ιι.
2493 4566 2860 4634 Corruptibile
2916 4575 3094 4619 autem
3143 4574 3197 4620 et
3252 4568 3480 4619 mortale

210 4658 397 4713 μενον
438 4641 738 4697 ἀθανασίαν
765 4645 861 4697 καὶ
892 4643 1206 4713 ἀφθαρσίαν
1256 4645 1308 4697 τί
1332 4644 1397 4697 ἂν
1422 4646 1471 4679 ³³
1498 4646 1687 4717 ἕτερον
1717 4648 1787 4700 είι

1913 4659 2137 4713 induere
2169 4658 2619 4713 immortalitatem
2644 4668 2697 4710 et
2724 4657 3175 4725 incorruptionem
3194 4657 3319 4727 quid
3336 4658 3479 4710 aliud

206 4733 385 4803 παρὰ
425 4733 487 4786 τὸ
514 4735 868 4805 σπειρόμενον
903 4736 961 4788 ἐν
1001 4735 1178 4807 φθορᾷ
1222 4737 1315 4789 καὶ
1350 4737 1709 4808 ἀνιστάμενον
1747 4742 1787 4791 ἐι

1910 4751 2001 4813 sit,
2036 4765 2196 4819 quam
2246 4749 2568 4805 seminatum
2601 4748 2653 4802 in
2696 4749 3061 4817 corruptione,
3105 4763 3391 4817 resurgens
3427 4750 3478 4801 in

208 4825 535 4896 ἀφθαρσίᾳ,
574 4825 681 4892 ἵνα,
708 4825 915 4891 Καθὼς
941 4826 1315 4897 ἐφορέσαμεν
1336 4828 1450 4896 τὴν
1468 4831 1672 4884 εἰκόνα
1700 4832 1787 4885 τοί

1912 4838 2315 4909 incorruptione
2361 4857 2375 4893 :
2434 4836 2502 4891 Ut
2550 4838 2685 4891 sicut
2722 4839 3046 4906 portavimus
3082 4837 3355 4906 imaginem
3383 4846 3483 4889 ter-

206 4914 464 4986 χοτκοῦ,
510 4915 861 4985 φορέσωμεν
894 4917 994 4971 καὶ
1047 4917 1165 4983 τὴν
1215 4917 1264 4950 ³⁸
1309 4921 1513 4973 είκόνα
1557 4920 1666 4975 τοῦ
1700 4923 1787 4975 ἐπι

1913 4931 2047 4995 reni,
2076 4941 2337 4999 portemus
2366 4939 2412 4984 et
2444 4930 2725 4998 imaginem
2772 4928 2996 4982 caelatis
3023 4928 3092 4981 V?
3116 4928 3296 5000 Imago
3334 4931 3480 4984 enim

205 5006 552 5076 ovparlov;
593 5008 657 5060 'H
692 5009 802 5077 γὰρ
832 5007 995 5061 είκὼν
1039 5007 1134 5061 τοῦ
1172 5007 1381 5078 χοῖκοῦ,
1421 5010 1491 5081 ἢν
1536 5013 1787 5085 ἐφορέσα·

1914 5022 2137 5085 terreni,
2161 5037 2320 5091 quant
2340 5022 2696 5091 portavimus,
2728 5019 2858 5074 illud
2891 5029 2974 5075 est
3007 5033 3024 5073 :
3058 5018 3220 5073 Terra
3244 5035 3321 5086 es,
3346 5030 3396 5072 et
3420 5020 3475 5072 iu

207 5117 353 5172 μιν,
397 5097 459 5150 τὸ
478 5099 528 5150 Γ
537 5098 569 5166 ἦ
591 5099 637 5131 ⁸⁸
674 5095 734 5153 ετ
753 5100 852 5154 καί
887 5102 975 5165 είς
995 5098 1113 5169 τῆν
1140 5101 1451 5170 ἀπολαύσῃ
1486 5104 1657 5169 ἐστὶν,
1690 5106 1725 5175 η
1751 5106 1787 5158 δί

1912 5125 2106 5169 terram
2128 5113 2394 5167 reverteris
2414 5119 2463 5165 ι.
2508 5110 2688 5182 Imago
2716 5122 2897 5166 autem
2928 5110 3165 5167 cmlestis
3186 5120 3269 5166 est
3300 5124 3483 5165 resur-

204 5191 398 5244 εἰκὼν
429 5188 525 5241 τοῦ
557 5190 885 5261 ἐπουρανίου
914 5193 947 5263 ὴ
975 5194 1041 5245 ἐκ
1070 5190 1283 5264 νεκρῶν
1311 5192 1608 5258 ἀνάστασις
1639 5198 1787 5255 καίει

203 5277 536 5335 ἁςοῧαρσία.

1917 5205 2085 5261 rectio
2124 5218 2190 5259 ex
2220 5203 2445 5257 mortuis
2465 5211 2521 5257 et
2549 5202 2900 5269 incorruptio.

248 5294 536 5351 φυαρσια.

1962 2378 2078 2432 Hoc
2102 2388 2273 2430 autem
2295 2376 2434 2439 dico,
2468 2374 2689 2444 fratres,
2721 2374 2856 2442 quod
2894 2389 3016 2425 caro
3042 2380 3089 2426 et
3123 2372 3335 2442 sanguis
3376 2387 3461 2425 re-

1890 2488 2053 2544 gnum
2112 2469 2206 2523 Dei
2253 2472 2517 2537 possidere
2570 2484 2674 2520 non
2718 2468 2937 2535 possint,
2986 2482 3151 2533 neque
3195 2464 3463 2533 corruptio

1892 2563 2336 2628 incorruptionem
2378 2558 2707 2611 hwreditabit
2754 2557 2798 2610 ι.
2847 2555 2980 2610 Cum
3022 2571 3237 2611 carnem
3280 2564 3462 2619 vocat,

1896 2672 2000 2709 non
2033 2657 2169 2707 hanc
2198 2666 2416 2705 carnem
2456 2649 2736 2714 intellexnt,
2766 2649 2858 2702 sed
2887 2647 3252 2702 irrationaletn
3293 2648 3466 2717 impe-

1903 3568 2099 3635 ruptio,
2126 3568 2267 3621 victa
2306 3576 2388 3620 est
2424 3582 2451 3620 a
2491 3564 2863 3633 corruptione,
2894 3572 3112 3631 propter
3150 3561 3469 3616 delectatio-

1902 3673 2045 3722 nem,
2108 3656 2530 3725 incorruptionis
2591 3654 2892 3723 opiﬁcium,
2935 3652 3184 3722 quamvis
3226 3661 3369 3707 esset
3420 3652 3472 3705 in

1903 3748 2246 3818 possessione
2283 3742 2689 3819 [incorruptio].
2740 3744 2875 3799 Hinc
2928 3742 3102 3816 [caro]
3140 3754 3263 3797 nata
3296 3752 3382 3797 est
3419 3742 3472 3796 in

1903 3839 2329 3907 corruptionem.
2360 3836 2425 3890 Et
2455 3846 2738 3906 postquam
2760 3835 2900 3891 victa
2924 3846 3008 3889 est
3038 3850 3067 3887 a
3101 3834 3475 3903 corrupIiOne,

1903 3942 1957 3987 et
1990 3931 2147 3984 morti
2184 3939 2404 3998 propter
2446 3928 2856 3995 castigationem
2903 3926 3135 3990 tradita,
3194 3941 3298 3979 non
3347 3924 3476 3979 reli-

1905 4023 2024 4092 quit
2049 4022 2195 4076 illam
2227 4019 2559 4090 corruptioni
2589 4020 2656 4073 ad
2689 4018 2971 4073 victoriam
2997 4020 3049 4073 in
3081 4018 3475 4081 hereditatem,

1906 4112 1999 4167 sed
2036 4126 2248 4165 rursum
2282 4111 2420 4166 victa
2444 4125 2539 4179 per
2568 4110 3021 4165 resurrectionem
3075 4119 3250 4163 morte
3297 4110 3477 4165 reddi-

1907 4205 1985 4259 dit
2008 4202 2424 4273 incorruptioni,
2472 4210 2528 4255 ut
2570 4217 2635 4256 ne
2678 4201 2955 4270 corruptio
3011 4202 3473 4267 incorruptionem

1907 4296 1961 4348 in
2012 4294 2382 4347 hereditatem
2435 4292 2723 4360 acciperet.
2771 4292 2863 4345 sed
2924 4291 3100 4360 potius
3145 4290 3479 4358 incorruptio

290 5424 315 5453 τ
353 5413 375 5468 Ι
408 5409 566 5469 Joan.
594 5428 648 5483 ν,
677 5413 765 5471 19.
842 5426 865 5457 ι
896 5414 938 5472 ll
962 5414 1089 5473 Cor.
1119 5415 1247 5482 ηε.
1331 5418 1351 5455 ί
1376 5415 1397 5471 ι
1423 5416 1552 5474 Cor.
1586 5435 1676 5489 xv,
1703 5421 1787 5478 50.

1870 5433 1898 5463 ι
1926 5426 2058 5483 ibid.
2090 5427 2182 5484 55.
2261 5433 2285 5463 '
2318 5424 2559 5481 tbidJ9.
2637 5424 2821 5482 ιϐεη.
2860 5440 2945 5495 ιιι,
3000 5426 3089 5483 t9.

1484 5552 1720 5611 VARIE
1748 5558 2158 5618 LECTIONES.

279 5668 334 5747 ξ’
366 5663 530 5735 ἡμῶν
556 5679 667 5720 οηι·
694 5665 756 5721 Bo
849 5666 896 5702 ⁸⁸
922 5669 980 5722 αῑ
1010 5668 1203 5750 litua-il
1232 5670 1514 5742 ἀναψυχὴν
1540 5671 1801 5751 Scaliger.
1894 5681 1941 5713 ⁸⁷
1965 5680 2144 5733 οίκίαν
2170 5680 2285 5736 AB:
2320 5698 2348 5734 τ
2390 5699 2419 5733 ν
2440 5682 2639 5737 οίκίαν.
2673 5700 2735 5747 ς.
2811 5684 2857 5715 ⁸⁸
2873 5682 3264 5736 ἐπενδύσασθαι
3284 5683 3480 5737 ἐπιου-

279 5750 463 5806 ὐἰέ-ἔν’
506 5732 772 5806 "Con
800 5751 853 5801 νο
875 5737 930 5793 2ο
1003 5739 1050 5771 ⁸⁸
1076 5738 1259 5806 τουταῖ
1323 5740 1487 5795 Ιοθτ·
1510 5758 1597 5806 ιν.
1623 5747 1711 5804 ευ.
1807 5749 1854 5783 ⁸⁸
1882 5749 1980 5806 τὰς
2010 5765 2121 5806 om.
2156 5752 2226 5805 Α.
2309 5682 2456 5806 ’ἐδτι
2484 5766 2596 5806 om.
2631 5753 2697 5806 Α.
2792 5755 2838 5787 ³³
2864 5753 2945 5806 διὸ
2980 5770 3089 5806 οηι.
3126 5751 3235 5806 ΑΒ.
3313 5754 3360 5786 ⁸⁸
3383 5752 3480 5806 ενι

506 5732 579 5834 οξ(
600 5734 934 5875 $63113:
1076 5732 1597 5880 ἑὲῇἑὲωιῇϊίὦν.
1623 5732 1854 5804 501""u
1882 5749 1980 5814 τὰς
2010 5732 2133 5807 om;
2156 5732 2245 5805 AT
2272 5732 2283 5736 ⁷
2309 5732 2461 5806 ’ἴδει
2478 5732 2607 5808 at;
2626 5732 2735 5808 λῗ
2792 5755 2838 5787 ⁸·
2864 5732 3262 5810 inaniis:
3288 5732 3483 5829 ἶῖἂῦ]
