4208 6442
238 382 377 448 1129

1254 397 1768 459 BlBLIOTIIECA.
1803 421 1873 435 -
1899 398 2061 457 COD.
2103 397 2452 459 CCXXXIV.

3332 400 3463 464 1130

229 525 422 561 στασιν
452 511 682 565 ἐκάστου
710 513 874 583 μόρια
900 514 1133 584 ἐδήλωσε
1158 532 1173 548 ο
1197 516 1293 583 τὴν
1325 518 1421 587 μὲν
1448 519 1560 587 γὰρ
1590 518 1794 571 θάλασ-
1824 532 1871 590 Α

1824 532 1871 590 Α
1900 517 2157 591 |constat]
2197 533 2318 574 esse
2350 527 2596 574 naturam
2618 520 2914 582 humidam,
2952 517 3224 574 infernum
3260 532 3460 585 autem,

228 619 332 652 σαν
361 598 501 654 εἶναι
530 602 627 671 τὴν
662 603 837 673 ὁγράν
864 607 1073 666 οὐσίαν.
1102 607 1235 678 ᾁδην
1269 608 1326 661 δέ
1355 609 1446 660 τὸν
1481 608 1618 679 ἀέρα
1653 610 1803 677 παρά

1902 620 2083 659 aerem
2115 608 2183 658 ab
2209 606 2559 671 obscuritate,
2594 607 2734 674 quod
2766 621 2870 660 non
2909 607 3178 673 videatur,
3210 611 3468 676 quemad-

223 692 291 743 τὸ
324 694 521 757 ἀειδὲς,
559 694 646 747 διὰ
681 696 743 748 τὸ
777 696 852 765 μή
893 698 1144 767 δρᾶσθαι,
1187 700 1435 770 καθάπερ
1471 700 1667 769 ἐλέχθη
1709 700 1804 752 καὶ

1903 697 2120 750 modum
2153 695 2416 767 Origenes
2444 699 2698 767 explicat,
2747 708 2973 754 mortem
3020 699 3147 754 item
3196 714 3319 753 esse
3361 707 3471 753 ter-

243 788 534 857 Ὢριγένει,
576 790 668 843 καὶ
711 790 943 843 θάνατον
982 793 1083 861 τήν
1112 793 1216 860 γῆν
1264 794 1415 862 παρά
1461 792 1521 845 τὸ
1566 794 1624 846 ἐν
1669 793 1803 862 αὐτῇ

228 878 510 931 κλίνεσθαι
558 879 628 931 τά
664 879 709 912 ⁶⁹
752 880 1074 950 θνήσκοντα,
1127 881 1248 935 ὅθεν
1305 883 1397 935 καὶ
1432 881 1558 953 χοῦς
1600 882 1803 953 ἐκλήθη

229 970 527 1022 θανάτου⁷⁶
565 973 623 1023 ἐν
668 972 997 1041 Ψαλμοίςτί,
1037 975 1124 1039 εις
1171 974 1324 1042 χοῦν
1363 974 1622 1029 θανάτου
1667 992 1807 1028 κατ·

235 1060 419 1127 ἦχθαι
445 1062 751 1128 εἰρηκότος
781 1064 1059 1131 Χριστοῦ.

309 1150 433 1202 Ὀτι
494 1152 648 1219 φησι,
699 1153 812 1205 Πᾶν
872 1153 981 1222 γὰρ
1019 1153 1078 1205 τὸ
1103 1154 1166 1206 ἐκ
1206 1153 1445 1223 καθαροῦ
1506 1155 1668 1223 ἀέρος
1712 1154 1808 1207 καὶ

236 1241 485 1311 καθαροῦ
517 1242 687 1313 πυρὸς
751 1246 1143 1315 συνιστάμενον
1196 1245 1498 1315 σύγκριμα,
1556 1246 1652 1298 καὶ⁵
1698 1247 1810 1307 τοῖς

236 1334 550 1400 ἁγγελικοίς
573 1336 855 1405 ὁμοούσιον
893 1338 1156 1410 ὑπάρχον,
1191 1340 1251 1391 οὐ
1283 1338 1502 1392 δύναται
1539 1338 1641 1406 γῆς
1668 1337 1810 1407 ἔχειν

238 1426 506 1495 ποιότητα
535 1430 628 1481 καὶ
658 1428 869 1494 ὕδατος,
900 1432 1021 1484 ἐπεὶ
1064 1430 1404 1500 συμϐήσεται
1434 1428 1649 1483 ἔσεσθαι
1680 1429 1811 1483 αὐτὸ

236 1514 465 1580 γεῶδες.
511 1517 765 1571 Τοιοῦτον
806 1521 901 1572 καὶ
929 1521 994 1573 ἐκ
1015 1521 1220 1573 τούτων
1244 1520 1305 1573 τὸ
1337 1520 1633 1591 ἀναστῆναι
1686 1519 1811 1588 μέλ-

237 1605 333 1658 λον
393 1608 551 1676 σῶμα
592 1608 881 1680 ἀνθρώπου
898 1612 944 1643 ⁷⁸
1004 1612 1350 1683 Ὠριγένηςπ
1393 1610 1745 1680 ἐφαντάζετο,
1776 1610 1806 1663 ὃ

237 1700 340 1750 καὶ
358 1698 404 1729 ⁷⁸
440 1702 806 1769 πνευματικὸν
831 1701 1031 1773 ἔφησεν
1052 1706 1117 1755 ⁷⁸.

335 1788 459 1840 Ὀτι
521 1790 676 1858 φησὶ,
744 1792 993 1845 Ποδαπὸν
1039 1793 1147 1862 ἀρα
1170 1794 1341 1846 Earl"
1400 1796 1494 1847 καὶ
1543 1793 1728 1862 σχῆμα
1749 1793 1813 1845 τὺ

1906 800 2043 848 ram,
2096 801 2162 842 eo
2199 790 2342 858 quod
2382 800 2627 845 mortuus
2676 790 2729 844 in
2772 804 2835 844 ea
2875 802 3189 859 reponatur.
3229 790 3383 846 Unde
3420 802 3475 845 et

1905 877 2076 944 pulvis
2126 887 2207 932 est
2251 879 2513 948 appellata
2562 894 2709 935 mors
2747 880 2801 934 in
2850 879 3096 943 Psalmis,
3129 882 3348 936 Christo
3386 881 3472 935 di-

1906 976 2060 1023 cente
2106 984 2161 1023 se
2207 970 2261 1023 in
2298 970 2559 1035 pulverem
2581 971 2759 1025 mortis
2791 970 3069 1025 deductum
3097 988 3209 1026 esse
3243 981 3289 1024 ι.

1978 1143 2067 1197 Ait
2091 1141 2436 1215 [Methodius]
2471 1160 2485 1199 :
2520 1144 2786 1213 Quidquid
2820 1158 2887 1199 ex
2935 1160 3070 1213 puro
3102 1159 3228 1200 aere
3255 1154 3309 1201 et
3335 1160 3472 1215 puro

1911 1229 2032 1300 igne
2064 1233 2429 1300 componitur,
2468 1241 2524 1287 et
2572 1232 2830 1301 angelicis
2871 1234 3081 1288 naturis
3116 1232 3477 1289 consubstan-

1912 1323 2036 1377 tiale
2058 1332 2159 1388 est,
2193 1324 2320 1378 illud
2347 1339 2449 1377 non
2484 1334 2659 1392 potest
2684 1324 2884 1380 habere
2907 1332 3065 1380 terrae
3092 1333 3145 1379 et
3167 1340 3320 1395 aqua:
3343 1340 3479 1394 qua-

1912 1413 2281 1485 litatem,quia
2315 1417 2621 1470 necessario
2652 1418 2825 1485 ipsum
2860 1426 3006 1473 esset
3030 1426 3307 1473 terrestre.
3347 1416 3479 1472 Tale

1913 1518 2089 1561 autem
2112 1516 2166 1560 et
2195 1525 2258 1562 ex
2287 1508 2433 1564 hisce
2467 1508 2614 1580 [aere
2645 1518 2700 1564 et
2739 1508 2882 1583 igne]
2909 1522 3336 1565 resurrecturum
3361 1526 3454 1565 cor

1913 1614 2011 1667 pus
2044 1598 2195 1669 ﬁngit
2222 1599 2505 1671 Origenes,
2537 1603 2679 1670 quod
2714 1601 2990 1670 spirituale
3035 1602 3344 1672 appellavit.

1982 1776 2166 1843 Atqui,
2210 1777 2406 1845 inquit,
2457 1792 2574 1845 qure
2615 1787 2825 1845 spectes
2870 1780 2975 1833 erit
3028 1779 3386 1848 resurgentis,
3436 1780 3485 1833 si

238 1881 626 1950 ἀνιστάμενον,
657 1883 707 1934 εί
756 1883 891 1946 ὅλως
937 1884 999 1936 τὸ
1057 1886 1453 1953 ἀνθρωποειδές
1506 1886 1682 1951 τοῦτο,
1736 1887 1811 1949 ὡς
1848 1904 1889 1958 Β

1848 1904 1889 1958 Β
1921 1867 2090 1923 forma
2129 1871 2244 1925 hate
2273 1872 2527 1937 humana,
2563 1872 2707 1927 velut
2755 1873 2959 1928 inutilis
3002 1874 3123 1941 ipsi,
3169 1874 3482 1944 exstingua-

238 1974 515 2043 ἄχρηστον
544 1973 603 2027 δν
640 1977 761 2029 κατ’
816 1977 1003 2043 αὑτὸν,
1054 1978 1467 2045 ἐξαφανίζεταιο
1518 1979 1547 2031 ὃ
1598 1979 1814 2032 πάντων

237 2068 362 2118 ἐστὶ
396 2068 503 2119 τῶν
550 2070 629 2131 είς
658 2068 775 2133 ζῶα
836 2071 1281 2142 συγκεκριμένων
1341 2072 1638 2142 σχημάτων
1683 2074 1816 2141 ἐρα-

240 2160 551 2231 σμιώτερον
582 2178 597 2193 ο
632 2155 675 2229 ᾧ
716 2164 809 2215 καὶ
839 2164 900 2216 τὸ
937 2163 1090 2216 Θείον
1116 2164 1522 2236 χρῆταιείκόνι,
1565 2162 1815 2231 καθάπερ

240 2251 343 2303 καὶ
370 2253 398 2303 ὁ
426 2250 733 2320 σοφώτατος
750 2252 953 2316 Παῦλος
976 2254 1158 2324 δηλοῖ·
1196 2254 1364 2321 Ἀνὴρ
1377 2254 1419 2284 ⁷⁷
1436 2253 1550 2321 μὲν
1572 2252 1681 2322 γὰρ
1703 2254 1816 2306 οὐκ

239 2342 473 2410 ὀφείλει
521 2346 1082 2399 κατακαλύπτεσθαι
1123 2345 1237 2413 τὴν
1279 2345 1592 2414 κεφαλὴν,
1642 2346 1816 2397 εἰκὼν

238 2434 348 2487 καὶ
378 2434 527 2499 δόξα
558 2435 707 2490 Θεοῦ
749 2436 1056 2506 ὑπάρχων.
1116 2436 1209 2503 Εἰς
1238 2437 1266 2490 δ
1303 2440 1399 2493 καὶ
1422 2438 1489 2491 τὰ
1520 2438 1683 2507 νοερά
1707 2436 1815 2489 τῶν

239 2526 498 2593 ἀγγέλων
542 2526 767 2598 σώματα
802 2529 1261 2601 διεκοσμήθησαν.
1295 2525 1442 2598 Ἀρα
1490 2528 1818 2599 κυκλοτερὲς

240 2621 277 2688 ἢ
320 2619 650 2687 πολυγώνων
704 2623 737 2691 ἢ
772 2622 995 2676 κυδικὺν
1027 2623 1061 2693 ἢ
1106 2622 1511 2693 πυραμοειδέςς
1569 2620 1818 2676 πλεῖσται

240 2714 357 2782 γὰρ
423 2714 532 2765 τῶν
595 2714 891 2784 σχημάτων
914 2717 970 2768 αἱ
1015 2715 1383 2786 παραλλαγαί.
1455 2714 1615 2769 Ἀλλά
1661 2714 1820 2767 τοῦτο

240 2806 549 2875 ἀμήχανον.
604 2806 812 2861 Οὐκοῦν
858 2810 942 2872 τίς
972 2810 1004 2879 ἠ
1056 2808 1459 2879 ἀποκλήρωσις,
1486 2810 1548 2861 τὸ
1575 2809 1675 2878 μὲν
1702 2807 1820 2860 θεο-

240 2894 457 2948 είκελον
516 2896 701 2966 σχῆμα
756 2899 1029 2967 (ὁμολογεί
1073 2898 1183 2968 γάρ
1231 2898 1327 2951 καὶ
1376 2898 1538 2961 αὐτὸς
1595 2897 1817 2967 ὁμοειδῆ

241 2982 392 3038 εἶναι
446 2985 546 3057 τὴν
593 2987 771 3055 ψυχὴν
821 2988 899 3057 τῷ
948 2986 1193 3057 σώματι)
1259 2987 1694 3058 ἀπαγορεύεσθαι
1742 2987 1818 3050 ὡς

243 3076 627 3146 ἀκλεέστερον,
664 3077 838 3130 ἀπουν
869 3078 927 3131 δὲ
956 3080 1049 3132 καὶ
1070 3078 1288 3148 ἀχειρον
1307 3078 1659 3145 ἀνίστασθαι;

324 3166 453 3237 [925
483 3166 572 3238 8.]
633 3168 754 3222 Ὀτι
801 3171 988 3239 φησιν,
1031 3170 1088 3223 '0
1122 3170 1643 3240 μετασχηματισμὸς
1675 3170 1708 3239 ή
1740 3170 1819 3233 είς

1922 1974 2027 2027 tur,
2052 1978 2171 2031 qua:
2197 1979 2264 2019 ex
2291 1967 2541 2019 omnibus
2573 1966 2627 2019 in
2669 1966 2921 2018 animalia
2950 1966 3271 2020 cadentibus
3298 1964 3485 2020 formis

1916 2065 1999 2108 est
2029 2054 2328 2119 amabilior,
2372 2070 2476 2124 qua
2522 2054 2731 2110 Numen
2785 2058 2959 2124 ipsum
3013 2057 3202 2123 utitur,
3229 2060 3486 2126 quemad-

1920 2149 2131 2200 modum
2160 2147 2589 2214 sapientissimus
2636 2146 2837 2203 Paulus
2887 2148 3185 2216 explanat:
3233 2149 3322 2202 Vir
3363 2152 3481 2218 qui—

1916 2242 2029 2294 dem
2051 2258 2154 2294 non
2183 2243 2331 2295 debet
2361 2243 2529 2296 velare
2569 2254 2721 2304 caput
2748 2258 2923 2307 suum,
2954 2244 3203 2311 quoniam
3237 2242 3409 2311 imago
3438 2251 3486 2295 et

1916 2335 2084 2405 gloria
2114 2333 2210 2387 Dei
2249 2344 2325 2388 est
2353 2346 2402 2397 ι,
2433 2335 2499 2389 ad
2529 2334 2671 2404 quod
2711 2334 2993 2389 rationalia
3017 2347 3232 2403 quoque
3273 2334 3489 2402 angelo-

1920 2443 2036 2480 rum
2070 2442 2297 2496 corpora
2340 2437 2467 2482 sunt
2497 2436 2782 2482 exornata.
2812 2426 3001 2482 Eritne
3038 2441 3167 2497 ergo
3217 2424 3489 2499 [corporis

1920 2520 2253 2591 resurgentis
2330 2520 2539 2593 forma]
2607 2520 2927 2585 circularis,
3003 2529 3096 2574 aut
3168 2521 3487 2591 angularis,

1926 2627 2020 2668 aut
2070 2614 2297 2677 cubica,
2353 2625 2444 2667 aut
2504 2612 2895 2683 pyramidalis?
2953 2611 3131 2669 Varia:
3174 2612 3317 2667 enim
3363 2621 3490 2665 sunt

1920 2705 2212 2767 ﬁgurarum
2264 2707 2510 2774 species;
2571 2706 2667 2760 sed
2724 2706 2825 2759 hoc
2867 2713 2951 2760 est
2992 2704 3345 2771 impossibile.
3385 2703 3486 2764 Ec-

1921 2815 2023 2866 qua
2055 2798 2169 2851 hare
2201 2813 2320 2853 sors
2348 2807 2513 2860 esset,
2548 2798 2779 2853 formam
2816 2796 2927 2853 Deo
2954 2798 3185 2852 similem
3230 2797 3485 2867 (similem

1920 2891 2063 2943 enim
2091 2891 2323 2943 animam
2345 2905 2467 2945 esse
2489 2890 2703 2959 corpori
2734 2890 2849 2958 ipse
2877 2904 3093 2959 quoque
3123 2888 3351 2956 fatetur)
3377 2889 3488 2962 vel-

1923 2993 1980 3034 ut
2027 2982 2349 3037 deteriorem
2384 2982 2567 3050 alijiCi,
2604 2988 2657 3036 et
2702 2979 2942 3054 [corpus]
2977 2980 3093 3036 sine
3122 2980 3347 3049 pedibus
3380 2996 3491 3034 ma-

1925 3074 2191 3142 nibusque
2226 3075 2542 3145 resurgere?

1991 3164 2443 3232 Transformatio,
2472 3167 2669 3236 inquit,
2712 3175 2797 3223 est
2831 3167 2897 3221 ad
2938 3165 3402 3221 immortalitatem
3437 3175 3491 3217 et

241 3259 310 3311 τὸ
332 3257 537 3321 ἀπαθὲς
590 3259 683 3311 καὶ
726 3258 936 3324 ἔνδοξόν
992 3260 1142 3313 ἐστιν
1186 3261 1662 3324 ἀποκατάστασις·
1722 3259 1816 3314 νῦν
1845 3245 1889 3308 C

1845 3245 1889 3308 C
1920 3258 2142 3326 gloriam
2177 3260 2578 3314 transmutatio.
2610 3257 2764 3313 Nunc
2804 3257 2949 3313 enim
2984 3271 3180 3325 corpus
3202 3267 3286 3310 est
3312 3256 3364 3309 in
3397 3257 3490 3309 de-

242 3350 353 3417 μὲν
410 3348 519 3417 γὰρ
575 3350 733 3419 σῶμα
755 3349 798 3383 ⁷⁸
826 3350 1121 3420 ἐπιθυμίας
1174 3352 1292 3403 ἐστὶ
1316 3352 1411 3405 καὶ
1436 3352 1817 3415 ταπεινώσεως

240 3441 352 3509 (διὸ
384 3441 477 3493 καὶ
526 3441 723 3510 Δανιὴλ
735 3442 779 3473 τ’
817 3441 973 3509 ἀνὴρ
1004 3440 1328 3510 ἐπιθυμιῶν
1358 3443 1545 3513 ήκουε)
1564 3481 1579 3506 ,
1608 3444 1730 3496 τότε
1761 3444 1817 3497 δὲ

242 3531 894 3600 μετασχηματισθήσεται
920 3534 999 3595 εἰς
1033 3532 1192 3601 σῶμα
1228 3532 1452 3596 ἀπαθὲς,
1487 3534 1549 3585 οὐ
1572 3536 1636 3603 τῇ
1663 3534 1821 3598 ἐξαλ-

239 3626 389 3692 λαγῇ
423 3623 518 3691 τῆς
577 3624 988 3694 διακοσμήσεως
1034 3626 1143 3678 τῶν
1199 3625 1400 3695 μελῶν,
1448 3627 1585 3680 ἀλλά
1618 3626 1698 3698 τῷ
1745 3628 1820 3699 μή

241 3716 539 3784 ἐπιθυμεῖν
566 3714 674 3768 τῶν
709 3716 907 3771 ὑλικῶν
937 3716 1159 3786 ήδονῶν.

323 3809 446 3859 Ὅτι
490 3809 652 3876 φησὶν
716 3807 843 3877 [490
886 3808 979 3880 Η.]
1035 3809 1333 3879 ἐξελέγχων
1374 3808 1465 3864 τὸν
1516 3810 1815 3881 Ὧριγένηνο

242 3900 513 3951 Dedistn
536 3899 764 3952 τοίνυνό
797 3901 1076 3970 Ὤριγένης
1122 3906 1222 3971 τὴν
1273 3903 1373 3971 μὲν
1424 3903 1594 3973 αὐτὴν
1642 3903 1819 3972 σάρκα

244 3991 330 4061 μὴ
350 3990 816 4043 ἀποκαθίστασθαι
846 3995 911 4061 τῇ
936 3991 1103 4063 ψυχῇ,
1154 3994 1251 4063 τὴν
1278 3994 1335 4047 δέ
1360 3994 1518 4047 ποιὰν
1585 3994 1819 4047 ἐκάστου

244 4082 489 4151 μορφὴν,
513 4083 651 4135 κατά
674 4083 735 4134 τὸ
761 4083 898 4145 εἶδος
917 4086 977 4136 τὸ
996 4085 1093 4153 τὴν
1114 4085 1289 4154 σάρκα
1312 4087 1404 4137 καὶ
1422 4086 1515 4139 νῦν
1544 4103 1820 4156 χαρακτη-

244 4172 423 4243 ρίζον,
456 4191 512 4225 εν
554 4172 727 4243 ἐτέρῳ
772 4174 1128 4244 πνευματικῷ
1177 4176 1627 4247 ἐντετυπωμένην
1683 4178 1817 4230 ἀνα-

242 4266 545 4335 στήσεσθαι
582 4265 815 4336 σώματι,
860 4269 947 4321 ἵνα
977 4268 1204 4332 ἕκαστος
1232 4272 1395 4324 πάλιν
1423 4274 1450 4324 ὀ
1480 4272 1642 4335 αὐτὸς
1671 4275 1812 4343 φανῇ

242 4360 392 4411 κατά
419 4359 517 4426 τὴν
544 4360 780 4427 μορφὴν,
804 4360 896 4411 καὶ
926 4360 1083 4414 τοῦτο
1110 4358 1248 4415 εἶναι
1272 4364 1371 4433 τήν
1410 4366 1816 4435 ἐπαγγελλομέ-

241 4466 350 4515 νην
404 4449 717 4503 ἀνάστασιν.
770 4450 1019 4504 Ῥευστοῦ
1069 4452 1200 4523 γὰρ,
1240 4455 1425 4524 φησιν,
1481 4456 1816 4527 ὑπάρχοντος

239 4540 341 4594 τοῦ
366 4540 546 4592 ὑλικοῦ
575 4541 825 4610 σώματος
861 4542 952 4594 καὶ
1003 4544 1271 4613 μηδέποτε
1303 4546 1555 4613 μένοντος
1576 4548 1660 4615 ἐφ’
1686 4551 1813 4601 ἐαυ-

1923 3348 2126 3402 siderio
2149 3357 2205 3400 et
2234 3346 2536 3400 humilitate
2565 3364 2577 3400 :
2615 3346 2756 3400 unde
2785 3344 2969 3398 Daniel
2999 3346 3077 3398 air
3108 3344 3491 3398 desideriorum

1920 3449 2001 3493 est
2044 3439 2342 3508 appellatus
2366 3440 2415 3493 b.
2468 3439 2621 3494 Tunc
2675 3448 2853 3493 autem
2906 3437 3382 3505 transligurabitur
3434 3436 3490 3489 in

1919 3546 2116 3599 corpus
2158 3531 2509 3599 impassibile,
2552 3545 2658 3585 non
2692 3538 2901 3585 mutato
2931 3530 2987 3584 in
3018 3529 3258 3584 deterius
3291 3538 3488 3582 ornatu

1921 3622 2308 3688 membrorum,
2377 3626 2468 3677 sed
2519 3623 2787 3678 exstincta
2836 3621 3195 3692 corporalium
3251 3620 3492 3688 volupta-

1920 3724 2032 3767 tum
2056 3716 2517 3783 concupiscentia.

1988 3802 2298 3875 Coarguens
2354 3807 2477 3861 dein
2525 3806 2810 3877 Origenem
2848 3806 2964 3861 ait:
3002 3805 3265 3877 Origenes
3326 3808 3490 3877 igitur

1918 3895 2031 3949 vult
2083 3912 2188 3950 nou
2235 3897 2478 3953 eamdem
2509 3912 2729 3953 carnem
2770 3913 2891 3953 cum
2920 3899 3101 3953 anima
3135 3899 3487 3966 coniunctum

1920 3990 2005 4053 iri,
2084 3993 2176 4044 sed
2235 3992 2443 4060 qualem
2504 4008 2647 4048 nunc.
2698 3994 3030 4064 singulorum
3092 3992 3341 4058 formam,
3401 4009 3488 4048 se-

1918 4082 2147 4133 cundum
2181 4083 2411 4149 speciem
2446 4098 2640 4152 corpus
2663 4084 2813 4137 carni
2841 4083 3119 4153 imprimit,
3147 4080 3331 4155 [talem
3366 4083 3486 4154 sed]

1919 4170 1972 4223 in
2006 4171 2111 4224 alio
2142 4186 2365 4240 corpore
2393 4174 2662 4243 spirituali
2685 4175 3006 4245 impressam
3033 4186 3487 4239 resurrecturam,

1920 4273 1977 4315 ut
2017 4265 2381 4333 unusquisque
2434 4282 2647 4321 rursum
2703 4268 2843 4321 idem
2903 4268 3147 4322 videatur
3191 4269 3486 4322 secundum

1918 4353 2181 4419 formam;
2213 4366 2266 4409 et
2296 4356 2433 4410 hanc
2481 4372 2600 4412 esse
2637 4358 2833 4427 299b
2863 4359 3182 4427 promissam
3213 4358 3368 4411 nobis
3400 4373 3487 4411 re-

1920 4448 2337 4501 surrectionem.
2376 4448 2510 4504 Cum
2543 4450 2706 4514 enim,
2752 4451 2941 4520 inquit,
2978 4464 3174 4517 corpus
3206 4450 3487 4504 materiale

1919 4534 2118 4588 ﬂuxum
2149 4538 2242 4603 sit,
2293 4550 2347 4593 et
2386 4540 2437 4593 in
2482 4541 2659 4608 seipso
2689 4556 3022 4610 nequaquam
3072 4542 3344 4610 persistat,
3390 4541 3486 4595 sed

235 4634 349 4703 τῷ,
391 4632 529 4686 ἀλλά
578 4595 975 4704 ἀπογινομένω
1003 4595 1016 4612 Ι
1037 4595 1128 4689 καὶ
1191 4595 1567 4705 ἐπιγινομένου
1600 4603 1728 4709 περὶ
1754 4642 1816 4694 τὸ
1849 4595 1893 4651 D

1849 4595 1893 4651 D
1923 4628 2137 4681 deﬁciat
2158 4641 2210 4683 et
2241 4642 2451 4685 crescat
2495 4595 2789 4687 secundum
2836 4595 3087 4702 ﬁguram:
3110 4649 3229 4702 quae
3258 4632 3485 4686 formam

237 4725 387 4787 εἶδος
422 4727 482 4777 τὸ
504 4727 904 4796 χαρακτηρίζον
945 4728 1044 4796 τὴν
1074 4728 1288 4799 μορφὴν
1338 4730 1427 4799 ὑφ’
1464 4726 1525 4784 οὗ
1560 4733 1652 4785 καὶ
1682 4750 1814 4801 συγ-

238 4817 530 4885 κρατεῖται
563 4814 622 4867 τὸ
652 4818 857 4884 σχῆμα,
892 4816 1103 4885 ἀνάγκη
1132 4818 1197 4886 δὴ
1252 4819 1350 4888 τὴν
1380 4820 1672 4872 ἀνάστασιν
1724 4822 1816 4872 ἐπὶ

240 4908 413 4976 μόνου
436 4906 605 4968 εἴδους
622 4905 857 4961 ἔσεσθαι.
885 4903 1017 4962 Εἶτα
1043 4909 1159 4978 μετ’
1184 4910 1362 4978 ὀλίγον
1379 4912 1563 4979 φησὶν,
1586 4913 1812 4979 Οὐκοῦν,

235 4992 285 5049 ὦ
329 4996 622 5062 Ὠρίγενες,
649 4998 696 5049 εἰ
724 4997 817 5048 ἐπὶ
861 4996 954 5049 τοῦ
986 4997 1161 5060 εἴδους
1223 4999 1382 5066 μόνον
1412 5001 1816 5068 προσδοκᾶσθαι

234 5086 553 5158 διισχυρίζῃ
575 5084 674 5157 τὴν
705 5086 999 5140 ἀνάστασιν
1028 5089 1085 5139 ἐν
1116 5089 1473 5159 πνευματικῷ
1508 5092 1813 5161 μεταθησο-

236 5179 412 5248 μὲνου
452 5178 684 5246 σώματι,
731 5178 1003 5243 ἀπόδειξίν
1021 5194 1080 5230 τε
1112 5177 1488 5249 δοκιμωτάτην
1529 5182 1627 5249 τὴν
1674 5181 1816 5236 κατά

232 5270 331 5320 τὸν
386 5267 569 5320 Ἠλίαν
599 5268 730 5337 ήμῖν
777 5268 1043 5321 ὀπτασίαν
1085 5266 1180 5319 καὶ
1229 5267 1468 5321 Μωῦσέα
1531 5270 1811 5340 παρέχεις,

234 5364 475 5428 Ὠσπερ
519 5359 754 5428 ἐκεῖνοι,
782 5359 1041 5431 φάμενος,
1066 5359 1218 5429 μετὰ
1244 5360 1359 5428 τὴν
1383 5360 1501 5415 ἀπὸ
1543 5360 1650 5414 τοῦ
1664 5362 1809 5426 ,βίου

310 5525 334 5552 ι
366 5513 506 5569 Psal.
539 5530 651 5581 xxI,
676 5514 759 5569 l6.
834 5526 862 5555 ι
892 5513 911 5568 I
940 5511 1065 5569 Cor.
1098 5530 1179 5579 xl,
1210 5514 1264 5569 7.
1342 5515 1369 5555 δ
1408 5514 1539 5569 Dan.
1577 5531 1652 5581 Ix,
1677 5514 1773 5568 23.

1916 4721 2189 4788 exprimit,
2223 4724 2322 4776 sub
2357 4737 2460 4790 qua
2498 4721 2722 4795 [specie]
2754 4725 3062 4779 continetur
3087 4735 3141 4777 et
3172 4724 3361 4792 ﬁgura,
3394 4738 3489 4776 ne-

1917 4824 2068 4863 cesse
2096 4822 2179 4865 est
2231 4823 2283 4866 ut
2319 4816 2644 4869 resurrectio
2676 4816 2730 4869 in
2764 4816 2874 4871 sola
2916 4818 3096 4885 specie
3137 4816 3250 4870 ﬁat.
3287 4815 3488 4869 Deinde

1917 4912 2037 4968 post
2063 4917 2229 4969 pauca
2274 4905 2450 4960 dicit:
2491 4905 2547 4961 Si
2596 4909 2777 4978 igitur,
2814 4923 2846 4962 ο
2881 4908 3174 4976 Origenes,
3240 4922 3484 4960 resurre-

1912 4995 2143 5048 ctionem
2181 4997 2232 5047 in
2279 4997 2393 5051 sola
2424 5000 2601 5066 specie
2636 4998 2689 5052 in
2719 5000 2999 5068 spirituale
3024 5014 3221 5065 corpus
3246 5006 3478 5062 mutata,

1912 5088 2329 5151 exspectandam
2371 5091 2676 5157 contendis,
2707 5101 2762 5146 et
2797 5094 3056 5146 visionem
3089 5090 3219 5144 Elia:
3251 5100 3302 5141 et
3332 5087 3485 5158 Moy-

1911 5180 1987 5233 sis
2014 5178 2166 5232 nobis
2210 5196 2308 5249 pro
2352 5183 2653 5237 certissima
2704 5184 3164 5238 demonstratione
3208 5182 3434 5235 exhibes
3464 5198 3481 5231 :

1914 5271 2368 5337 Quemadmodum
2396 5274 2498 5339 illi,
2551 5274 2751 5343 inquis,
2791 5283 2903 5341 post
2953 5284 3171 5327 mortem
3212 5287 3314 5323 non
3350 5271 3481 5330 alia,

1914 5380 2071 5433 quam
2102 5366 2323 5419 viventes
2369 5367 2495 5418 alim
2546 5366 2830 5431 habebant,
2859 5365 3055 5433 species
3081 5370 3438 5432 apparuerunt
3462 5374 3481 5411 :

1500 5628 1734 5685 VARIA‘J
1774 5626 2177 5684 LECTIONES.

310 5749 357 5776 ⁸³
390 5746 457 5797 τά
482 5746 522 5795 Α
549 5764 562 5799 :
598 5744 689 5797 τόν
718 5761 777 5807 ς.
838 5744 900 5813 ί⁷⁰
934 5743 1187 5813 θανάτου]
1217 5744 1440 5806 θάνατος
1474 5743 1534 5797 Β.

616 5908 883 5971 ΡΔΤΒΟΙ..
928 5910 1044 5972 Gs.
1090 5908 1244 5971 Cll].

1109 5743 1187 5813 ου]
1217 5744 1440 5815 θάνατος
1456 5743 1534 5815 _B.
1609 5743 1655 5776 ⁷⁸
1689 5740 2097 5815 ψαλμοζςῖξικι,
2144 5741 2227 5815 ili.
2298 5740 2652 5815 "ﬁvau'mou
2682 5755 2792 5815 om.
2828 5741 2885 5793 Β.
2944 5742 3052 5815 1³Αὸ
3098 5743 3375 5815 Ὠριγένης
3401 5742 3474 5801 Α.

235 5819 280 5848 ⁷⁵
316 5817 414 5868 καὶ
455 5815 579 5869 add.
618 5816 682 5867 Λ.
755 5814 800 5845 "
823 5812 926 5883 ἔφη
954 5815 1011 5869 Β.
1102 5815 1147 5845 ⁷⁸
1173 5812 1314 5869 ἐστὶῖ
1345 5831 1424 5867 σοι
1449 5813 1509 5867 Β.
1586 5815 1627 5846 ⁷⁷
1660 5812 1818 5885 ἀνήρ]
1880 5812 2046 5866 iGor.
2086 5826 2161 5874 XI,
2190 5812 2243 5864 7.

2338 5813 2380 5843 ⁷⁸
2410 5812 2564 5880 σῶμα
2596 5829 2655 5875 ς.
2735 5811 2775 5842 ⁷⁹
2801 5812 3018 5882 Δανιήλῖ
3055 5827 3128 5875 Ix,
3161 5812 3252 5868 25.

3046 5906 3118 5964 36
