4208 6442
750 358 879 424 1131

1934 354 2191 413 PIIOTII
2238 354 2737 414 PATRIARCIL'E
2781 356 2889 414 (ΣΡ.

3857 351 3996 413 1132

743 477 815 525 ita
854 482 898 524 et
934 485 1023 522 nos
1057 481 1385 536 resurgentia
1417 481 1434 517 :
1464 462 1671 534 Moyses
1714 473 1889 517 autem
1924 476 1978 519 et
2019 466 2165 520 Elias
2186 476 2312 519 ante
2339 469 2389 525 Α

2418 467 2629 529 ἔξοδον
2692 467 2981 535 ὤφθησαν
3012 469 3125 535 οὐχ
3154 468 3359 534 ἕτερον
3397 471 3530 535 παρ’
3555 468 3586 520 ὃ
3612 464 3783 535 εἶχον
3830 467 3995 535 2160(-

744 564 944 619 Cliristi
972 561 1275 631 passionem
1306 568 1357 611 et
1386 556 1870 621 resurrectionem,
1897 556 2123 610 formam
2150 558 2308 619 hanc.

743 672 903 724 quain
935 656 1036 715 ais,
1089 652 1347 704 habentes
1393 656 1806 703 resurrexeriint
1835 656 1889 700 et
1921 656 2308 715 apparuerunt.

743 748 1020 810 Ouoniodo
1049 757 1176 811 ergo
1198 741 1447 796 Christus
1492 738 1546 811 {0
1598 738 1879 809 Origenes]
1928 738 2313 807 priinogenitus

744 852 1077 891 mortuorum
1113 851 1140 887 a
1179 833 1451 902 prophetis
1491 842 1544 887 et
1589 830 1843 898 aposwlis
1874 830 2214 883 celebratur?
2253 827 2311 882 Si

742 947 885 985 enim
921 928 1309 998 prinmgenitus
1344 933 1677 979 mortuorum
1706 923 1955 979 Christus
1984 936 2102 975 esse
2130 919 2313 974 credi-

748 1036 833 1076 tus
859 1035 959 1083 est,
994 1020 1379 1089 priinogenitus
1403 1034 1527 1071 vero
1558 1018 1603 1072 is
1631 1026 1734 1086 est,
1759 1016 1851 1085 qui
1882 1024 2006 1068 ante
2028 1027 2217 1067 omnes
2245 1026 2311 1064 ex

745 1117 972 1171 mortuis
1004 1114 1321 1168 resurrexit:
1345 1112 1553 1183 Moyses
1588 1120 1765 1165 autem
1798 1110 1905 1180 iam
1954 1118 2079 1161 ante
2107 1104 2312 1158 Christi

745 1207 1047 1275 passionem
1117 1204 1254 1255 hanc
1302 1200 1505 1255 habens
1554 1199 1784 1252 formam
1854 1196 2113 1266 apostolis
2148 1208 2313 1261 appa-

747 1298 874 1358 ruit,
914 1296 1203 1350 secundum
1247 1306 1407 1361 quam
1453 1291 1665 1359 impleri
1704 1290 1784 1343 ais
1820 1286 2310 1348 resurrectionem;

745 1390 890 1457 atqui
943 1403 1046 1441 nou
1098 1386 1284 1440 formae
1336 1384 1452 1440 sine
1497 1397 1661 1437 carne
1702 1389 1786 1435 est
1832 1379 2187 1442 resurrectio,
2223 1386 2315 1431 aut

747 1484 889 1535 enini
937 1480 1104 1534 solius
1158 1478 1341 1531 formae
1389 1485 1471 1529 est
1522 1466 1869 1537 resurrectio,
1906 1481 1965 1525 ut
2013 1472 2204 1532 doces;
2260 1478 2314 1522 et

746 1571 869 1643 [hac
901 1571 1109 1624 ratione
1135 1566 1410 1639 Christus]
1450 1582 1551 1621 non
1586 1575 1760 1636 potest
1785 1578 1904 1619 esse
1935 1564 2169 1632 amplius
2204 1563 2313 1631 pri-

745 1664 1043 1731 nmgeiiitus
1080 1671 1433 1722 mortuorum,
1463 1674 1526 1712 eo
1544 1659 1683 1727 quod
1704 1658 1895 1710 animre
1932 1666 2051 1725 post
2084 1665 2311 1707 mortem

744 1754 1041 1808 secundum
1076 1752 1303 1806 formam
1337 1761 1459 1803 ante
1490 1749 1762 1804 Christum
1802 1749 1902 1801 hoc
1934 1746 2220 1801 habuerint
2252 1754 2310 1799 ut

2413 557 2479 620 ἐξ
2505 557 2699 625 ἀρχῆς
2722 555 3131 622 διασώζοντες,
3161 560 3309 610 κατὰ
3343 557 3414 609 τὰ
3440 559 3593 611 αὐτὰ
3631 557 3731 609 καί
3767 558 3807 624 ἠ
3841 559 3998 609 πάν-

2415 665 2528 700 των
2564 646 2735 701 ἔσται
2750 648 2798 678 ⁵⁸
2826 648 3185 713 ἀνάστασις,
3201 649 3483 718 όΜωῦσῆς
3505 649 3562 701 δὲ
3585 650 3679 701 καὶ
3701 650 3733 700 6
3748 649 3789 679 "
3810 650 3998 711 Ἠλίας

2414 740 2519 809 πρὸ
2534 739 2626 792 τοῦ
2644 740 2733 791 τὸν
2758 741 2991 810 Χριστὸν
3020 739 3212 793 παθεῖν
3233 740 3631 809 καὶάναστῆναι
3651 742 3754 811 ἠδη
3776 742 3841 793 τὸ
3856 737 3996 803 εἶδος

2412 830 2568 883 τοῦτο
2580 831 2608 883 ὂ
2626 834 2730 901 φῂς
2746 831 2955 901 Ιἔχοντες
2976 832 3281 901 ἀνέστησαν
3295 831 3388 884 καὶ
3402 831 3813 901 ὧφθησαν,πῶς
3832 833 3899 901 δὴ
3918 834 3996 885 ἑτι

2413 923 2439 973 6
2457 922 2686 991 Χριστὸς
2706 922 3046 992 πρωτότοκος
3074 916 3342 975 εἶναιτῶν
3372 923 3579 991 νεκρῶν
3604 923 3707 975 ὑπὸ
3722 923 3837 975 τῶν
3862 941 3997 993 προ.

2414 1013 2599 1083 φητῶν
2652 1017 2747 1065 καὶ
2802 1014 3118 1066 ἀποστόλων
3162 1014 3386 1083 ᾄδεται;
3422 1015 3480 1066 Εί
3508 1014 3616 1087 γὰρ
3647 1016 3996 1085 πρωτότοκος

2413 1108 2521 1159 τῶν
2553 1108 2763 1179 νεκρῶν
2794 1110 3026 1179 Χριστὸς
3052 1105 3191 1164 εἶναι
3224 1111 3600 1172 πεπίστευται,
3642 1110 3994 1179 πρωτότοκος

2414 1201 2470 1253 δέ
2499 1202 2616 1252 ἐστι
2647 1201 2756 1253 τῶν
2804 1203 3015 1273 νεκρῶν
3062 1206 3092 1258 6
3136 1205 3241 1268 πρὸ
3294 1207 3515 1259 πάντων
3568 1204 3835 1265 ἀναστὰς,
3875 1204 3905 1252 6
3937 1202 3994 1254 δὲ

2415 1292 2655 1363 Μωῡσῆς
2708 1294 2807 1364 ήδη
2850 1298 2946 1349 atat
2993 1297 3099 1367 πρὸ
3120 1296 3217 1350 τοῦ
3248 1297 3338 1349 τὸν
3368 1297 3601 1366 Χριστὸν
3628 1294 3826 1347 παθεῖν
3852 1295 3994 1363 ἔχων

2414 1387 2474 1438 τὸ
2502 1383 2642 1450 εἶδος
2690 1388 2850 1441 τοῦτο
2899 1391 3072 1459 ὲφάνη
3108 1392 3222 1451 τοῖς
3262 1391 3601 1451 ἀποστόλοις,
3625 1390 3757 1458 περὶ
3794 1389 3823 1440 δ
3848 1388 3993 1456 πλη-

2417 1480 2639 1549 ροῦσθαι
2657 1481 2762 1551 φῂς
2792 1482 2949 1545 αὐτὸς
2973 1484 3072 1551 τὴν
3097 1485 3414 1545 ἀνάστασιν,
3449 1484 3550 1535 οὐκ
3564 1484 3673 1551 ἀρα
3701 1481 3796 1534 τοῦ
3816 1482 3997 1541 εἴδους

2416 1574 2583 1643 χωρὶς
2612 1575 2711 1643 τῆς
2742 1577 2944 1645 σαρκός
2976 1578 3124 1629 ἐστιν
3154 1578 3189 1646 ἡ
3221 1578 3537 1637 ἀνάστασις.
3578 1577 3737 1628 Ἤτοι
3768 1574 3879 1644 γὰρ
3898 1574 3993 1626 τοῦ

2415 1666 2585 1727 εἴδους
2650 1668 2817 1733 ἐστὶν,
2870 1667 3062 1737 ὥσπερ
3112 1671 3365 1739 ἑτγυᾷ⁸¹,
3393 1670 3557 1737 μόνου
3592 1671 3625 1739 ἡ
3653 1669 3983 1730 ἀνάστασις.

2416 1758 2509 1810 καὶ
2532 1758 2591 1809 οὐ
2618 1757 2839 1811 δύναται
2888 1759 2969 1812 ἐτι
3000 1761 3341 1829 πρωτότοκος
3370 1754 3510 1813 εἶναι
3530 1762 3558 1812 6
3592 1760 3827 1830 Χριστὸς
3879 1761 3995 1811 τῶν

746 1856 1069 1915 apparerent
1106 1864 1117 1899 :
1149 1860 1215 1898 an
1251 1858 1458 1906 revera,
1486 1842 1873 1911 priniogenitiis
1902 1849 2005 1904 est,
2037 1849 2092 1891 ut
2117 1847 2225 1902 est;
2261 1846 2314 1889 et
2348 1832 2387 1885 Β

2418 1848 2623 1918 νεκρῶν
2676 1849 2754 1919 τῷ
2823 1851 2929 1920 πρὸ
2971 1851 3138 1904 αὑτοῦ
3191 1852 3422 1921 ἐχούσας
3474 1850 3635 1904 τοῦτο
3692 1850 3828 1920 μετά
3887 1854 3994 1921 τὴν

746 1940 1074 2009 impossibile
1103 1950 1184 1993 est
1221 1953 1443 2007 prorsus
1476 1947 1533 1989 ut
1563 1936 1724 2003 aliqui
1751 1944 1877 1987 aute
1910 1933 2060 1987 illum
2106 1931 2311 2000 dignati

745 2034 944 2087 fuerint
985 2047 1047 2086 ea
1087 2031 1479 2086 resurrectione
1519 2038 1576 2081 ut
1620 2043 1726 2082 non
1776 2026 2005 2095 amplius
2038 2039 2312 2079 moreren-

749 2137 854 2180 tur.
882 2124 936 2178 Si
974 2134 1152 2178 autem
1188 2137 1346 2176 nemo
1380 2132 1503 2175 ante
1535 2121 1683 2175 illum
1716 2119 2017 2173 surrexerit
2056 2136 2069 2171 :
2104 2116 2314 2187 Moyses

746 2227 921 2271 autem
949 2226 1004 2270 et
1036 2216 1178 2269 Elias
1208 2229 1312 2268 non
1344 2214 1395 2266 in
1431 2227 1679 2281 corpore,
1719 2210 1812 2265 sed
1845 2218 2050 2263 tantum
2080 2223 2175 2277 per
2206 2209 2312 2262 for-

746 2325 886 2363 niani
937 2308 1193 2376 apostolis
1237 2313 1640 2375 apparuerunt;
1694 2301 1941 2372 profecto
1988 2302 2315 2356 resurrectio

748 2403 1030 2456 manifeste
1070 2402 1120 2454 in
1153 2414 1315 2454 carne
1346 2396 1549 2470 [futura
1578 2395 1719 2468 esse]
1757 2396 2082 2450 declaratur.
2116 2396 2317 2447 Absur-

748 2498 1025 2551 dissiinuin
1057 2496 1199 2548 enim
1236 2499 1319 2547 est
1353 2491 1803 2545 resurrectionem
1834 2488 1945 2543 sola
1986 2486 2159 2539 forma
2186 2486 2317 2539 deli-

750 2589 888 2648 nire,
920 2585 1134 2655 quando
1165 2583 1357 2636 animai
1382 2592 1501 2649 post
1533 2580 1735 2636 exitum
1766 2595 1795 2633 a
1827 2578 2143 2647 corporibus
2180 2592 2317 2630 nun-

749 2694 907 2747 quam
940 2687 1205 2746 apparent
1234 2674 1527 2729 secundum
1579 2674 1829 2734 formam,
1864 2671 2005 2739 quod
2034 2670 2099 2724 ad
2135 2684 2316 2723 resur-

750 2774 1040 2827 rectionem
1091 2770 1197 2824 sint
1242 2768 1507 2837 repositae.
1557 2765 1612 2819 Si
1662 2775 1842 2819 autem
1877 2764 2048 2817 aderit
2082 2762 2189 2816 illis
2220 2764 2318 2816 hoc

750 2865 891 2933 quod
938 2866 1004 2917 ab
1047 2863 1151 2917 illis
1192 2874 1462 2927 nunquam
1517 2856 1812 2920 auferetur,
1862 2856 2317 2924 quemadmodum

752 2958 804 3009 iii
840 2953 1005 3025 Moysi
1036 2965 1088 3008 et
1117 2952 1241 3006 Elia:
1273 2951 1451 3004 anima
1488 2949 1659 3003 adfuit
1688 2964 1703 3012 ;
1738 2961 1910 3015 neque
1954 2946 2321 3013 corrumpitur

751 3046 1042 3101 secundum
1094 3055 1164 3107 te,
1225 3057 1396 3110 neque
1444 3041 1602 3110 perit,
1649 3052 1862 3105 semper
1905 3051 2144 3106 praesens
2196 3050 2318 3090 cum

752 3138 880 3199 illis,
910 3152 1015 3190 non
1064 3136 1236 3188 forma
1287 3132 1530 3202 profecto
1580 3130 1831 3198 resurgit,
1881 3141 2000 3196 qua:
2045 3140 2318 3195 nunquam
2348 3165 2389 3224 ϐ

752 3230 968 3284 cecidit.
1025 3228 1175 3293 Quod
1214 3228 1258 3281 si
1309 3227 1431 3293 quis
1478 3225 1788 3293 indignatus
1836 3221 2026 3276 dicat:
2062 3220 2117 3273 Si
2161 3232 2319 3272 nemo

754 3321 1049 3374 resurrexit
1090 3329 1375 3387 antequam
1432 3315 1682 3371 Christus
1725 3315 2080 3369 descenderet
2127 3312 2323 3382 300a

754 3416 819 3467 ad
874 3411 1115 3475 inferos,
1176 3410 1445 3479 quomodo
1501 3415 1871 3461 memorantur
1928 3404 2146 3474 quidam
2198 3415 2324 3457 ante

756 3507 904 3558 illum
960 3502 1296 3566 surrexisse,
1350 3500 1493 3553 inter
1552 3514 1686 3565 quos
1756 3498 1929 3550 vidua:
2014 3496 2323 3565 Sareptame

756 3597 913 3659 liliiis,
978 3605 1031 3648 et
1091 3590 1451 3647 Sunaiiiitidis
1516 3589 1690 3652 filius,
1762 3589 1996 3653 itemque
2054 3586 2324 3639 Laurus?

760 3684 1183 3753 respondendum
1244 3682 1341 3734 lios
1405 3681 1769 3733 resurrexisse
1815 3687 1873 3729 iit
1914 3679 2106 3730 iterum
2154 3693 2325 3730 more-

758 3788 966 3832 rentur.
1017 3774 1125 3829 Nos
1161 3786 1337 3829 aiitem
1384 3773 1451 3827 de
1500 3772 1563 3825 iis
1614 3770 2046 3839 pronuntiamus,
2077 3768 2167 3837 qui
2207 3776 2325 3836 post

758 3872 1209 3937 resurrectionem
1262 3883 1531 3934 nunquam
1597 3865 1830 3935 amplius
1881 3873 2008 3917 sunt
2054 3862 2322 3917 morituri.

756 3964 908 4031 Quod
933 3964 976 4018 si
1005 3964 1070 4017 de
1102 3962 1233 4016 Elia:
1268 3961 1450 4014 anima
1486 3957 1681 4011 dubius
1714 3957 1946 4019 dixerit,
1976 3955 2129 4024 quasi
2177 3953 2326 4008 Scri-

757 4056 929 4123 pturis
956 4052 1345 4107 allirmantibus
1375 4051 1520 4104 illum
1542 4051 1594 4103 in
1622 4063 1787 4102 carne
1811 4058 2144 4115 assumptum
2179 4060 2323 4107 esse,

757 4165 855 4203 nos
889 4151 1178 4201 doceamus
1227 4145 1374 4198 illum
1407 4143 1662 4212 apostolis
1711 4143 1915 4210 absque
1952 4154 2115 4193 carne
2159 4153 2324 4207 appa-

760 4240 969 4296 ruisse?
1018 4237 1446 4307 respondendum
1478 4237 1643 4304 quod,
1693 4234 1794 4287 etsi
1831 4234 2137 4287 diceremus
2180 4232 2325 4285 illum

756 4331 1013 4401 apostolis
1045 4331 1096 4381 in
1121 4344 1283 4382 carne
1318 4327 1651 4396 apparuisse,
1676 4325 1804 4378 illud
1838 4334 2015 4377 tamen
2048 4338 2147 4393 pro
2175 4323 2326 4376 nobis

758 4427 927 4496 magis
960 4425 1181 4478 faceret.
1224 4420 1607 4476 Ostenderetur
1660 4411 1803 4474 enim
1862 4428 2146 4487 propterea
2187 4432 2323 4485 quo-

2414 1941 2669 2011 τελευτὴν
2692 1942 2754 1993 τὸ
2778 1937 2917 2006 εἶδος
2981 1946 3281 2013 πεφηνέναι
3326 1944 3502 2013 ψυχάς
3531 1962 3545 1978 ·
3568 1946 3603 2015 ἦ
3642 1944 3993 2015 πρωτότοκυς

2414 2031 2631 2101 ἀληθῶς
2690 2035 2879 2104 ὥσπερ
2936 2034 3074 2100 ἐστι,
3133 2037 3228 2089 καὶ
3266 2036 3527 2089 ἀδύνατον
3553 2037 3690 2098 ὅλως
3720 2035 3991 2104 ἠξιῶσθαι

2415 2126 2521 2194 πρὸ
2550 2126 2715 2178 αὑτοῦ
2740 2143 2889 2190 τινας
2910 2127 3009 2197 τῆς
3032 2130 3111 2189 είς
3130 2128 3191 2180 τδ
3231 2130 3306 2199 μὴ
3340 2126 3498 2193 αὖθις
3526 2130 3816 2183 ἀποθανεῖν
3848 2132 3993 2182 ἀνα·

2418 2216 2678 2280 στάσεως.
2714 2219 2779 2272 El
2807 2218 2863 2271 δὲ
2888 2219 3085 2288 ἀνέστη
3134 2220 3310 2283 οὐδεὶς
3332 2222 3439 2292 πρὸ
3456 2222 3644 2287 αὑτοῦ,
3674 2222 3725 2274 οῖ
3756 2220 3814 2274 δὲ
3843 2222 3993 2290 ἀμφὶ

2415 2309 2505 2361 τὸν
2526 2308 2763 2362 Μωῡσέα
2791 2312 2997 2364 καὶτὸν
3040 2310 3227 2365 Ἠλίαν
3262 2313 3473 2382 σάρκας
3502 2314 3602 2384 μὲν
3630 2312 3845 2383 ἔχοντες
3870 2317 3995 2375 τοῖς

2417 2399 2736 2463 ἀποστόλοις
2778 2400 2879 2453 οὐκ
2929 2400 3214 2473 ὤφθησαν,
3250 2404 3408 2473 μόνον
3435 2405 3492 2457 δὲ
3516 2407 3579 2457 τὸ
3612 2400 3771 2470 530;,
3813 2406 3846 2469 ἡ
3874 2406 3994 2473 ἄρα

2417 2490 2712 2554 ἀνάστασις
2768 2492 2861 2544 ἐπὶ
2904 2494 3002 2562 τῆς
3047 2496 3250 2563 σαρκὸς
3271 2496 3546 2565 δηλοῦται.
3576 2498 3688 2551 Καὶ
3713 2496 3822 2568 γὰρ
3857 2500 3990 2551 ἀτοο

2419 2580 2666 2635 πὼτατον
2717 2584 2809 2635 ἐπὶ
2839 2584 3001 2653 μόνου
3034 2585 3128 2638 τοῦ
3158 2585 3330 2650 εἴδους
3360 2588 3459 2657 τὴν
3486 2589 3780 2642 ἀνάστασιν
3818 2590 3994 2658 διορί-

2420 2674 2632 2738 ζεσθαι,
2676 2677 2836 2729 ὁπότε
2868 2678 2922 2728 αἱ
2945 2677 3115 2745 ψυχαὶ
3159 2679 3255 2730 καὶ
3302 2679 3439 2748 μετά
3467 2681 3568 2749 τὴν
3601 2682 3699 2749 τῆς
3733 2682 3995 2752 σαρκὸς⁸³

2420 2767 2600 2831 ἔξοδον
2654 2767 2911 2820 οὐδέποτε
2947 2769 3231 2836 φαίνονται
3252 2770 3313 2821 τὸ
3339 2767 3496 2833 εἶδος,
3522 2773 3550 2825 ὃ
3576 2789 3742 2841 φησιν
3770 2775 3999 2827 ἀνίστα-

2424 2859 2567 2922 σθαι,
2640 2859 3055 2928 ἀποτιθέμεναι.
3134 2861 3196 2912 El
3252 2859 3310 2912 δὲ
3370 2864 3750 2932 συμπαρέσται
3804 2869 4001 2930 αὑταῖς

2420 2949 2578 3003 τοῦτο
2606 2950 2989 3021 ἀναφαίρετον,
3013 2952 3267 3021 καθάπερ
3296 2953 3389 3005 καὶ
3415 2956 3623 3025 ὲπὶτῆς
3640 2956 3689 2987 ⁸⁸
3717 2958 4000 3022 Μωῦσέως

2422 3042 2517 3094 καὶ
2556 3041 2739 3094 Ἠλίου
2786 3041 2985 3111 ψυχῆς,
3047 3043 3235 3095 καὶού
3268 3044 3547 3113 φθείρεται
3589 3046 3731 3100 κατά
3778 3048 3842 3101 σὲ
3875 3048 4001 3101 οὔτε

2422 3136 2736 3201 ἀπόλλυται,
2791 3140 2912 3191 σὺν.
2943 3139 3134 3201 αὐταῖς
3195 3140 3472 3209 πανταχοῦ
3510 3142 3837 3211 συμπαρδν,
3898 3147 4001 3196 οὐκ

2424 3228 2530 3299 ἀρα
2554 3229 2615 3282 τὸ
2639 3225 2780 3291 εἶδος
2807 3230 3113 3294 ἀνίσταται,
3142 3230 3172 3283 δ
3204 3231 3474 3301 μηδέποτε
3518 3233 3828 3288 πέπτωκεν.
3874 3236 4002 3289 Ἐὰν

2423 3320 2479 3373 δέ
2497 3320 2542 3352 ⁸⁵
2566 3338 2647 3379 τις
2674 3321 3030 3392 δυσχεράνας,
3062 3325 3171 3376 Καὶ
3198 3323 3316 3387 πῶς
3328 3323 3413 3394 δὴ,
3434 3324 3727 3395 ἀποκριθῇ,
3745 3330 3792 3378 εί
3813 3330 4003 3396 μηδεὶς

2425 3413 2622 3482 ἀνέστη
2662 3413 2769 3483 πρὸ
2790 3415 2883 3467 τοῦ
2907 3414 3187 3469 κατελθεῖν
3218 3417 3300 3478 είς
3334 3417 3427 3470 τὸν
3465 3417 3596 3488 ᾅδην
3618 3419 3709 3472 τὸν
3741 3420 4001 3489 Χριστὸν,

2424 3504 2755 3566 ἀναστάντες
2784 3506 2884 3575 ήδη
2910 3506 3053 3569 τινὲς
3084 3508 3453 3578 ίστορήθησαν
3486 3510 3593 3578 πρὸ
3623 3510 3810 3573 αὐτοῦ,
3836 3513 3897 3563 ὲν
3924 3508 4005 3574 οἷς

2424 3598 2524 3667 τῆς
2548 3598 2893 3668 ὣραφθίνης
2918 3600 3093 3669 χήρας
3130 3602 3159 3653 6
3192 3601 3307 3663 υίὸς
3333 3600 3428 3653 καὶ
3488 3603 3590 3671 τῆς
3633 3602 4008 3671 Σωμανὶτιδος

2429 3691 2517 3741 καὶ
2544 3690 2571 3739 6
2595 3688 2877 3759 Λάζαρος;
2913 3688 3051 3761 [928
3082 3687 3173 3759 3.]
3224 3688 3465 3755 λεκτέον,
3482 3689 3620 3741 Ἀλλ’
3659 3685 3807 3743 οὗτοι
3842 3694 3926 3754 είς
3948 3694 4007 3744 τὸ

2426 3781 2519 3833 καὶ
2570 3779 2723 3843 αὖθις
2774 3781 3064 3833 ἀποθανεῖν
3130 3780 3476 3850 ἀνέστησαν,
3539 3783 3698 3851 ἡμεῖς
3752 3783 3810 3835 δὲ
3875 3784 4007 3853 περὶ

2430 3870 2548 3942 [491
2580 3870 2671 3942 Η.]
2703 3872 2813 3924 τῶν
2870 3872 3066 3941 μηκέτι
3116 3872 3254 3941 μετά
3286 3870 3388 3942 τὴν
3412 3870 3629 3942 ἔγερσιν
3651 3872 4005 3943 διοριζόμεθα

2424 3962 2849 4031 τεθνηξομένων.
2895 3963 3019 4017 Ἐὰν
3040 3963 3100 4016 δὲ
3132 3963 3225 4016 καὶ
3288 3966 3418 4033 περὶ
3466 3963 3567 4032 τῆς
3606 3964 3789 4033 ψυχῆς
3816 3965 4007 4019 διαπο-

2428 4055 2600 4123 ρήσας
2629 4056 2811 4124 φράσῃ
2835 4054 2930 4106 τοῦ
2965 4056 3169 4117 Ἠλίου,
3208 4056 3285 4118 ὡς
3317 4054 3429 4107 τῶν
3460 4055 3560 4125 μὲν
3588 4056 3828 4124 Γραφῶν
3852 4060 4005 4109 ἀνει-

2428 4145 2627 4212 Αῆφθαι
2654 4146 2817 4198 αὑτὸν
2844 4146 3121 4214 λεγουσῶν
3157 4148 3215 4199 ἒν
3239 4149 3428 4217 σαρκὶ,
3452 4148 3609 4217 ἡμῶν
3627 4148 3684 4200 δὲ
3713 4149 4004 4218 ἀσύμπλο-

2427 4254 2520 4288 κον
2581 4238 2782 4307 σαρκὸς
2837 4240 2950 4301 τοῖς
3006 4237 3326 4301 ἀποστόλοις
3398 4232 3578 4307 ὦφθαι
3657 4242 4001 4308 φασκόντων·

2427 4329 2661 4389 λεκτέον,
2695 4329 2775 4381 ὃτι
2803 4330 2895 4382 καὶ
2937 4329 3043 4399 μὴν
3079 4330 3276 4399 μᾶλλον
3302 4331 3363 4382 τὸ
3399 4332 3579 4397 λέγειν
3616 4333 3784 4385 αὑτὸν
3821 4328 4002 4403 ὦφθαι

2427 4420 2538 4482 τοῖς
2569 4420 2886 4482 ἀποστόλοις
2912 4420 2971 4471 ὲν
2995 4421 3158 4489 σαρκὶ
3188 4421 3323 4491 πρὸς
3347 4421 3504 4491 ἡμῶν
3538 4423 3678 4476 ἐστι.
3708 4425 4000 4480 Δείκνυται

756 4535 860 4588 que
920 4532 1115 4583 corpus
1174 4524 1416 4568 nostrum
1468 4511 1891 4566 immortalitatis
1955 4525 2075 4565 esse
2132 4502 2389 4576 capax,]]

2428 4510 2536 4577 γὰρ
2589 4511 2681 4562 καὶ
2729 4509 2819 4562 διὰ
2873 4508 3031 4562 τοῦτο
3050 4510 3096 4541 ⁸⁸
3118 4510 3427 4581 ἀφθαρσίας
3488 4512 3645 4581 ἡμῶν
3672 4512 4001 4583 ὑπάρχοντὸ

757 4593 1504 4678 quemadmodumostensum
1538 4614 1620 4657 est
1654 4604 1703 4655 in
1734 4602 1917 4657 Enoch
1958 4603 2240 4655 translato.
2268 4601 2324 4654 Si

758 4701 899 4753 enim
927 4697 1345 4765 incorruptionis
1367 4710 1537 4764 capax
1564 4710 1665 4748 non
1697 4702 1863 4755 esset,
1892 4692 2032 4746 haud
2061 4693 2323 4759 potuisset

762 4800 909 4843 tanto
958 4800 1196 4856 tempore
1242 4790 1359 4842 sine
1402 4787 1519 4840 labe
1572 4785 1941 4855 corruptionis
1990 4800 2323 4853 permanere.

760 4883 901 4950 Ergo
928 4896 1049 4935 cum
1085 4895 1310 4947 corpore
1340 4878 1612 4947 apparuit,
1646 4887 1765 4931 erat
1799 4876 1887 4931 ille
1920 4876 2134 4945 quidem
2163 4877 2327 4928 mori-

760 4985 932 5037 turus,
979 4975 1073 5027 sed
1120 4971 1356 5027 nondum
1404 4972 1577 5025 adhuc
1631 4981 1964 5025 surrexerat.
2000 4969 2062 5022 Et
2106 4970 2220 5022 haec
2273 4975 2329 5020 iit

757 5067 947 5118 demus
975 5061 1217 5129 Origeni,
1252 5062 1343 5129 qui
1371 5061 1597 5116 formam
1630 5061 1922 5115 secundum
1944 5062 2131 5114 eadem
2163 5060 2329 5113 linea-

759 5164 937 5208 menta
987 5164 1105 5221 post
1146 5164 1371 5206 mortem
1412 5167 1441 5205 a
1483 5166 1709 5220 corpore
1760 5150 2091 5219 seiunctam,
2135 5151 2327 5202 anima:

760 5243 912 5297 reddi
937 5244 1086 5307 dicit,
1119 5241 1259 5309 quod
1298 5242 1441 5294 nulla
1472 5256 1690 5310 prorsus
1741 5240 1949 5293 ratione
1981 5239 2093 5291 ﬁeri
2125 5247 2318 5306 p0tesi,

760 5350 825 5390 eo
851 5336 991 5402 quod
1025 5333 1194 5387 forma
1243 5334 1425 5388 carnis
1470 5334 1617 5400 prius
1661 5335 1714 5385 in
1748 5331 2159 5385 alterationibus
2199 5345 2321 5383 cor-

762 5436 1060 5496 rumpatur,
1115 5427 1565 5494 quemadmodum
1614 5433 1667 5476 et
1725 5423 1893 5491 ligui‘a
1945 5420 2076 5474 fusa:
2130 5429 2322 5473 statua:

2432 4599 2589 4667 σῶμα
2636 4600 2903 4663 δεκτικὸν,
2940 4600 3192 4669 καθάπερ
3215 4602 3427 4673 ἐδείχθη
3459 4603 3552 4656 καὶ
3576 4606 3673 4657 ἐπὶ
3694 4604 3793 4657 τοῦ
3834 4606 3999 4676 Ἑνὼχ

2432 4690 2870 4759 μετατιθεμένου.
2926 4691 2986 4743 El
3030 4692 3106 4761 μὴ
3146 4690 3255 4762 γὰρ
3307 4693 3615 4764 ἀφθαρσίαν
3662 4696 3889 4749 ἐδύνατο
3920 4698 4001 4751 δέ-

2430 4781 2643 4846 ξασθαι,
2690 4783 2788 4835 οὑκ
2813 4782 2879 4835 ἂν
2911 4784 3033 4835 οὐδὲ
3074 4783 3343 4855 διέμεινεν
3371 4787 3431 4838 ὲν
3479 4786 3720 4859 ἀπαθείᾳ
3761 4791 4001 4860 τοσούτῳ

2429 4875 2624 4945 χρόνῳ.
2651 4875 2711 4926 Ei
2744 4876 2922 4933 τοίνυν
2971 4874 3127 4944 ὤφθη
3192 4876 3330 4945 μετά
3370 4875 3464 4927 τοῦ
3500 4877 3774 4945 σώματος,
3812 4882 3909 4932 καὶ
3936 4876 4002 4951 ἦν

2427 4967 2753 5032 τελευτήσας
2779 4966 2894 5034 μὲν,
2921 4966 3157 5027 ἀναστὰς
3185 4966 3241 5017 δὲ
3253 4966 3297 4997 ’ν
3325 4966 3425 5035 ήδη
3448 4968 3511 5020 ὲκ
3534 4968 3743 5038 νεκρῶν
3764 4970 3997 5025 οὐδέπω.

2430 5059 2537 5111 Ka‘i
2557 5057 2727 5111 ταῦτα
2760 5058 2847 5109 ἵνα
2874 5058 2936 5124 δὴ
2968 5058 3417 5126 συγχωρήσωμεν
3446 5056 3525 5125 τῷ
3560 5058 3852 5127 Ὠριγένει,
3880 5062 3998 5113 καθ’

2428 5150 2587 5203 ἑαυτὸ
2617 5150 2675 5200 τὸ
2704 5146 2840 5211 εἶδος
2870 5149 3083 5217 λέγοντι
3111 5149 3248 5217 μετά
3270 5149 3369 5218 τὴν
3384 5148 3642 5219 τελευτὴν
3661 5150 4002 5217 ἀποζευγνύο

2431 5259 2588 5310 μενον
2639 5242 2746 5293 ἀπὸ
2794 5241 2888 5293 τοῦ
2945 5240 3195 5309 σώματος
3222 5243 3288 5309 τῇ
3331 5240 3473 5309 ψυχῇ
3509 5240 3793 5307 -δίδοσθαι,
3865 5244 4001 5314 ὅπερ

2428 5333 2573 5384 ἐστὶν
2632 5326 2885 5384 ἀπάντων
2952 5331 3213 5384 ἀδύνατον
3230 5332 3278 5363 ⁸⁸
3322 5330 3400 5400 τῷ
3450 5332 3896 5402 προαπόλλυσθαι
3943 5340 4003 5389 τὺ

2430 5420 2565 5485 εἶδος
2587 5422 2696 5474 τῶν
2725 5423 2942 5493 σαρκῶν
2973 5424 3031 5477 ὲν
3064 5426 3183 5487 ταῖς
3213 5422 3553 5488 ἀλλοιώσεσι,
3609 5424 3867 5497 καθάπερ
3905 5430 4003 5482 καὶ

2038 5561 2122 5613 VA
2134 5559 2271 5614 ΒΙΑΣ
2319 5557 2721 5613 LECTIONES.

839 5658 886 5688 ³ο
918 5658 1090 5730 gerat]
1117 5675 1199 5730 σοι
1227 5658 1288 5730 B.
1360 5657 1402 5688 ⁸¹
1436 5655 1612 5730 6_adij.
1643 5657 1739 5730 A_.__
1782 5655 1826 5685 "
1852 5652 2240 5730 (bonapéuugi
2271 5650 2767 5730 Α.“ὼς.τεαρεχγυᾷ
2786 5650 2825 5706 Β
2856 5651 3084 5730 ίῶσπειρ
3110 5652 3311 5730 mea;
3338 5672 3409 5719 ς.
3431 5654 3653 5730 τῆς
3684 5654 3895 5730 σαρκόςΔ
3914 5653 3956 5705 Β
3982 5673 3997 5707 :

770 5728 994 5809 σαρκῶν⁹
1020 5720 1090 5791 ςῖ
1156 5729 1211 5809 9:
1240 5729 1337 5809 τῇς
1361 5757 1429 5809 -ς
1455 5725 1630 5809 φῖυχῆς
1659 5724 1744 5777 ΑΒ
1781 5742 1792 5777 :
1835 5727 1901 5793 τῇ
1938 5751 2004 5771 -ν-
2028 5722 2170 5791 ψυχῇ
2205 5739 2261 5784 ς.
2332 5720 2378 5751 ⁸⁵
2408 5721 2463 5772 δέ
2495 5721 2534 5771 Β
2558 5740 2570 5774 ;
2597 5721 2660 5791 δή
2695 5720 2757 5783 ςᾲ

769 5796 1211 5853 ἁδυνατώτατονῖν
1237 5799 1336 5869 τῷ]
1372 5799 1432 5850 τό
1472 5795 1529 5850 Β.

2860 5722 2907 5753 ⁸⁸
2935 5722 3118 5777 malim
3143 5723 3355 5778 τούτου.
3429 5724 3474 5755 ⁸⁷
3498 5724 3682 5780 QEO“).
3712 5722 3775 5778 AL
3852 5724 3896 5754 "
3926 5743 3999 5778 au
