4208 6442
247 407 388 472 1133

1281 411 1805 473 BIBLIOTHECA.
1847 431 1915 444 -·
1945 409 2108 470 COD.
2150 410 2503 471 CCXXXIV.

3367 413 3500 483 1134

240 520 305 570 τὸ
345 517 531 587 σχῆμα
582 515 676 570 τοῦ
743 518 1214 588 συγχωνευομένου
1236 520 1550 593 ἀνδριάντος
1586 521 1691 591 πρὸ
1714 522 1813 590 τῆς
1842 520 1887 575 Α

1842 520 1887 575 Α
1913 528 2038 573 ante
2067 518 2228 573 totius
2256 519 2437 588 operis
2464 516 2823 574 solutionem:
2854 519 3088 590 qualitas
3107 522 3249 576 enim
3280 538 3311 578 a
3334 537 3501 581 mate—

239 609 541 674 διαλύσεως
574 608 669 663 τοῦ
697 611 843 676 ὅλου,
873 613 955 664 ὅτι
993 611 1067 682 μὴ
1091 612 1315 667 δύναται
1342 613 1674 687 χωρίζεσθαι
1705 612 1827 667 καθ’

242 702 547 755 ὑπόστασιν
576 703 683 755 ἀπὸ
720 702 818 770 τῆς
857 703 991 774 ὕλης
1024 706 1057 774 ἠ
1081 703 1323 775 ποιότης.
1375 706 1682 775 Χωρίζεται
1730 704 1830 775 μὲν

237 791 353 862 γάρ
407 795 517 845 ἀπὸ
575 792 668 845 τοῦ
722 793 1037 863 ἀνδριάντος
1104 796 1468 866 χωνευθέντος
1504 796 1538 866 ἡ
1587 796 1715 866 περὶ
1752 794 1829 864 τῷ

238 883 433 954 χαλκῷ
488 884 672 955 μορφὴ
724 886 1120 957 ἀφανιζομένη,
1160 888 1221 941 οὑ
1250 887 1359 958 μὴν
1408 887 1697 956 ὑφεστῶσα
1747 887 1827 940 ἐτι

239 977 367 1028 κατ’
403 977 613 1029 οὑσίαν.
653 976 803 1029 Ἐπεὶ
832 977 888 1029 δὲ
918 978 1132 1046 λέγεται
1167 980 1224 1033 ἐν
1248 980 1325 1051 τῷ
1371 980 1585 1050 θανάτῳ
1604 982 1664 1033 τὸ
1693 974 1829 1043 εἶδος

239 1066 580 1137 χωρίζεσθαι
617 1068 727 1121 ἀπὸ
772 1069 874 1139 τῆς
913 1072 1135 1140 σαρκὸς.
1191 1072 1323 1141 φέρε
1352 1073 1414 1124 τὸ
1456 1072 1824 1142 χωριζόμενον

240 1157 503 1227 ποσαχῶς
522 1158 739 1227 λέγεται
762 1160 1088 1231 χωρίζεσθαι
1123 1164 1570 1233 ἐπισκεψώμεθα.
1594 1164 1827 1230 Λέγεται

241 1246 429 1300 τοίνυν
478 1248 807 1318 χωρίζεσθαι
836 1268 887 1302 τι
926 1252 1033 1305 ἀπό
1056 1270 1199 1317 τινος
1242 1253 1274 1324 ἢ
1300 1254 1550 1326 ἐνεργείᾳ
1577 1256 1668 1307 καὶ
1693 1256 1827 1307 ὑπο·

244 1339 461 1403 στάσει,
488 1340 521 1409 ἢ
549 1341 782 1411 ἐπινοίᾳ,
816 1342 846 1411 ἦ
878 1344 1127 1415 ἐνεργείᾳ
1176 1344 1297 1413 μὲν,
1323 1347 1383 1398 οὺ
1418 1346 1525 1415 μὴν
1574 1345 1669 1398 καὶ
1699 1346 1828 1398 ὑπο-

245 1433 461 1485 στάσει.
508 1431 594 1495 Ὠς
628 1434 675 1484 εί
698 1433 744 1463 ⁸³
778 1435 980 1504 πυρούς
1031 1452 1113 1500 τις
1143 1438 1235 1490 καὶ⁷
1267 1436 1462 1507 κριθὰς
1513 1439 1829 1508 μεμιγμένα

244 1524 539 1594 χωρίσειεν
590 1525 685 1577 ἀπ’
722 1525 1000 1595 ἀλλήλων
1034 1522 1069 1599 ᾖ
1100 1529 1201 1598 μὲν
1252 1531 1359 1601 γάρ
1412 1530 1556 1583 κατὰ
1614 1530 1827 1599 κίνησιν

244 1615 568 1684 χωρίζεται,
618 1617 867 1688 ἐνεργείᾳ
928 1619 1159 1687 λέγεται,
1264 1622 1319 1675 δὲ
1359 1623 1697 1692 χωρισθέντα
1723 1626 1826 1690 ὑφ-

246 1704 485 1772 έστηκεν
537 1705 832 1759 ὑποστάσει
895 1708 1113 1775 λέγεται
1188 1712 1542 1780 κεχωρίσθαι.
1588 1713 1827 1783 Ἐπινοίᾳ

244 1796 331 1858 δὲ,
362 1796 491 1846 ὅταν
527 1795 624 1865 τὴν
666 1794 801 1864 ὓλην
854 1798 962 1850 ἀπὸ
1018 1799 1128 1852 τῶν
1166 1802 1465 1871 ποιοτήτων
1505 1802 1825 1873 χωρίζωμεν

247 1886 350 1938 καὶ
408 1887 509 1949 τὰς
542 1888 831 1957 ποιότητας
868 1889 978 1943 ἀπὸ
1018 1892 1118 1960 τῆς
1145 1891 1297 1963 ὕλης.
1337 1894 1617 1965 Ἐνεργείᾳ
1642 1895 1719 1958 δὲ,
1763 1896 1824 1948 οὑ
1860 1884 1901 1938 Β

249 1979 365 2047 μὴν
425 1979 518 2031 καὶ
575 1980 889 2043 ὑποστάσει,
951 1982 1080 2035 ὅταν
1136 1985 1403 2053 χωρισθέν
1432 2002 1487 2037 τι
1518 1987 1625 2039 ἀπό
1684 2003 1828 2050 τινος

254 2071 459 2139 μηκέτι
491 2070 747 2142 ὑπάρχοι,
782 2073 1082 2128 ὑπόστασιν
1121 2076 1310 2139 οὐσίας
1347 2078 1449 2130 οὐκ
1472 2077 1613 2148 ἔχον.
1668 2078 1826 2149 Γνοίη

246 2166 301 2220 δ’
329 2167 394 2221 άν
415 2186 498 2229 τις
514 2169 604 2221 καὶ¹
624 2170 681 2222 ὲν
698 2171 806 2233 τοῖς
824 2172 1137 2241 χειροτεχνή
1148 2188 1311 2241 μασιν
1326 2173 1400 2237 ὼς
1422 2173 1553 2244 ἔχει,
1580 2176 1825 2246 ἀνδριάνο

244 2276 322 2311 τα
357 2260 481 2313 ἰδὼν
514 2260 737 2328 ἢίππον
804 2261 1057 2331 χαλκοῦν.
1110 2264 1291 2318 Ταῦτα
1330 2266 1438 2337 γὰρ
1484 2267 1828 2338 λογιζόμενος

245 2352 441 2418 ὂψεται
490 2352 587 2422 τὴν
629 2353 872 2421 ἔμφυτον
920 2356 1133 2428 μορφὴν
1181 2357 1582 2423 διαλλάττοντα,
1648 2363 1729 2423 είς
1773 2361 1829 2414 δὲ

248 2442 449 2511 ἑτέραν
506 2443 630 2512 δψιν
695 2444 1065 2516 μεθιστάμενα
1112 2450 1200 2517 ὑφ’
1234 2443 1301 2521 ἧς
1338 2451 1400 2504 τὸ
1435 2452 1828 2522 ξυγγενόμενον

248 2530 393 2595 εἶδος
436 2534 781 2603 ἀφανίζεται.
842 2538 901 2591 Et
931 2538 1038 2610 γάρ
1082 2557 1163 2604 τις
1198 2542 1264 2594 τά
1293 2542 1427 2614 ἔργα
1460 2545 1529 2597 τὰ
1561 2561 1831 2615 σχηματι-

250 2627 462 2696 ζόμενα
488 2631 566 2691 είς
594 2625 729 2691 εἶδος
746 2629 1085 2701 ἀνθρώπουῆ
1111 2633 1277 2685 ἵππου
1299 2637 1575 2705 συντήκοι,
1605 2638 1828 2705 εὑρήσει

247 2719 318 2770 τὸ
350 2719 450 2787 μὲν
483 2719 575 2771 τοῦ
604 2721 884 2789 σχήματος
932 2716 1070 2784 εἶδος
1113 2725 1535 2792 ἀφανιζόμενον,
1575 2726 1745 2796 αὐτὴν
1772 2728 1829 2780 δὲ

248 2811 355 2877 τὴν
407 2809 540 2878 ὓλην
591 2813 878 2881 μένουσαν.
918 2814 1080 2867 Ὥστε
1133 2814 1437 2869 ἀσύστατον
1464 2818 1525 2870 τὸ
1571 2818 1749 2887 λέγειν
1771 2820 1831 2872 τὸ

253 2904 359 2971 μὲν
389 2901 526 2965 εἶδος
555 2903 878 2957 ἀνίστασθαι
914 2907 1314 2977 ἠμαυρωμένον
1349 2909 1535 2978 μηδὲν,
1558 2910 1617 2964 τὸ
1638 2911 1694 2965 δὲ
1725 2912 1831 2965 σῶ-

252 3012 358 3063 μα,
396 2996 453 3047 ἐν
477 2988 523 3061 ᾧ
548 2990 616 3063 ἦν
638 2994 698 3047 τὸ
727 2992 864 3059 εἶδος
904 2999 1362 3067 ἐντετυπωμένον,
1399 3001 1828 3073 διαφθείρεσθαι.

263 3087 433 3139 Ἀρλλά
457 3088 565 3147 ναὶ.
594 3092 760 3161 φησίν
778 3108 793 3122 ο
813 3093 872 3144 ἐν
894 3092 1245 3162 πνευματικῷ
1261 3092 1368 3161 γὰρ
1405 3095 1829 3165 μετατεθήσεται

253 3179 497 3248 σώματι.
525 3182 733 3235 Οὐκοῦν
761 3183 973 3252 ἀνάγκη
992 3183 1051 3235 τὸ
1082 3185 1181 3251 μὲν
1216 3181 1354 3248 εἶδος
1382 3185 1524 3249 ίδίως
1542 3186 1822 3257 ὁμολογεῖν

251 3269 392 3321 αὐτὸ
427 3270 485 3321 τὸ
547 3274 760 3341 πρῶτον
791 3275 864 3343 μὴ
900 3275 1239 3339 ἀνίστασθαι,
1276 3278 1354 3346 τῷ
1407 3277 1828 3349 συνηλλοιῶσθαι

251 3361 391 3413 αὐτὸ
433 3362 726 3431 συμφθίγον
753 3367 818 3435 τῇ
855 3365 1037 3436 σαρκί.
1095 3365 1214 3418 Κᾶν
1252 3367 1359 3439 γὰρ
1384 3369 1443 3421 ἐν
1474 3371 1828 3442 πνευματικῷ

256 3456 619 3525 μεταπλασθῇ
657 3456 890 3525 σώματι,
921 3457 1052 3511 αὐτὸ
1084 3459 1182 3529 μὲν
1204 3458 1347 3523 ίδίως
1366 3461 1427 3514 τὸ
1452 3462 1667 3533 πρῶτον
1694 3465 1828 3518 ὁποι

252 3542 515 3613 κείμενον
540 3547 715 3598 ἐκεῖνο
750 3549 848 3599 οὐκ
894 3547 1129 3616 ἕσταθ’,
1153 3550 1405 3620 ὁμοιότης
1430 3552 1489 3608 δέ
1510 3571 1593 3617 τις
1618 3556 1827 3609 ἐκείνου

254 3636 321 3687 ἐν
349 3636 676 3705 λεπτομερεῖ
701 3640 1196 3712 μεταπεπλασμένη
1234 3640 1469 3712 σώματι.
1508 3643 1572 3697 El
1600 3645 1657 3698 δὲ
1691 3648 1828 3717 μήτε

252 3726 321 3777 τὸ
338 3720 477 3788 εἶδος
509 3727 569 3778 τὺ
591 3728 722 3779 αὑτὸ
755 3731 889 3801 μήτε
909 3730 969 3783 τὸ
994 3730 1152 3801 σῶμα
1177 3732 1482 3797 ἀνίσταται,
1505 3734 1621 3787 ἀλλ’
1644 3737 1829 3808 ἕτερον

252 3818 383 3869 ἀντὶ
403 3817 496 3870 τοῦ
523 3819 782 3889 προτέρου
808 3822 891 3891 (τὸ
914 3823 1023 3894 γάρ
1043 3823 1228 3891 ὅμοιον
1257 3824 1442 3897 ἕτερον
1463 3827 1557 3880 τοῦ
1587 3826 1715 3899 [Αίθῖ
1733 3828 1826 3903 ιι]

252 3907 457 3960 ἑαυτοί
478 3910 664 3979 ὁμοίου
696 3910 813 3980 δν),
873 3914 1003 3967 αὐτὸ
1035 3917 1210 3969 ἐκεῖνο
1251 3916 1312 3969 τὸ
1355 3917 1594 3988 πρῶτον,
1644 3923 1776 3993 πρὸς
1801 3924 1830 3976 δ

252 4000 504 4065 ἐγένετο,
544 3995 681 4054 εἷναι
705 4002 765 4054 οὐ
796 4002 1037 4059 δύναται.

339 4090 464 4143 Ὀτι
520 4089 659 4155 εἶδός
690 4111 855 4163 φησιν
877 4092 1015 4149 εἷναι
1048 4098 1108 4151 τὸ
1132 4100 1230 4170 τὴν
1263 4102 1565 4174 ταυτότητα
1590 4105 1699 4158 τῶν
1730 4123 1827 4175 με-

250 4182 371 4234 λῶν
403 4185 461 4236 ἓν
484 4182 562 4254 τῷ
584 4188 890 4257 χαρακτῆρι
927 4189 1027 4258 τῆς
1083 4193 1296 4263 μορφῆς
1348 4197 1578 4251 ἑκάστου
1628 4200 1827 4270 ἐμφαί-

251 4291 373 4327 νον.

334 4364 464 4437 [929
496 4366 586 4439 IL]
635 4370 756 4423 Ὅτι
797 4372 858 4425 τδ
899 4374 1048 4445 παρὰ
1104 4376 1199 4429 τοῦ
1249 4382 1528 4451 προφήτου
1568 4381 1828 4455 Ἰεζεκιὴλ

252 4457 395 4526 περὶ
446 4459 543 4528 τῆς
570 4460 914 4526 ἀναστάσεως
942 4465 1049 4518 τῶν
1097 4468 1305 4538 νεκρῶν
1352 4472 1515 4540 ῥητὸν
1540 4474 1828 4545 εἰρημένον

1939 609 2016 663 ria
2047 609 2341 664 secundum
2372 608 2687 679 bypostasin
2722 620 3009 679 separatur
3053 611 3269 680 quidem
3312 628 3342 667 a
3384 615 3501 670 fusa

1937 710 2139 766 statua,
2168 700 2341 754 forma
2382 699 2436 754 in
2475 714 2583 756 aere
2628 700 2824 765 deleta,
2864 702 2958 757 sed
2987 717 3106 772 quae
3140 718 3246 758 non
3273 707 3505 774 amplius

1936 792 2231 849 secundum
2262 793 2617 847 substantiam
2643 793 2917 848 subsistat.
2946 794 3080 861 Quia
3114 810 3246 851 vero
3274 796 3444 852 forma
3473 816 3503 852 a

1936 895 2101 936 carne
2145 881 2198 934 in
2241 890 2415 936 morte
2444 883 2696 935 recedere
2727 882 2948 948 dicitur,
2982 898 3080 953 age
3111 886 3384 953 quomodo
3418 901 3504 941 re-

1935 975 2091 1027 cedat
2119 973 2419 1027 videamus.
2453 973 2704 1041 Separari
2741 973 2940 1043 aliquid
2979 976 3048 1030 ab
3087 976 3270 1045 aliquo
3308 978 3506 1034 dicitur

1936 1075 2029 1120 aut
2062 1067 2203 1121 facto
2234 1077 2288 1120 et
2318 1067 2688 1134 subsistentia,
2720 1080 2812 1121 aut
2840 1069 3205 1137 cogitatione,
3238 1078 3331 1125 aut
3360 1070 3505 1126 facto

1935 1158 2149 1227 quidem
2206 1172 2299 1212 seu
2341 1158 2675 1224 operatione,
2727 1159 2819 1212 sed
2856 1174 2961 1213 non
3000 1159 3318 1230 hypostasi:
3370 1162 3501 1215 utsi

1935 1251 2058 1319 quis
2083 1249 2317 1305 triticum
2362 1258 2415 1305 et
2460 1251 2718 1305 hordeum
2756 1253 2913 1305 mista
2964 1251 3107 1307 inter
3142 1268 3200 1307 se
3230 1264 3500 1309 secernat.

1937 1345 2210 1409 Quatenus
2258 1344 2401 1398 enim
2444 1345 2735 1399 secundum
2780 1353 2983 1398 motum
3015 1347 3339 1410 secernitur,
3375 1361 3504 1415 ope-

1937 1436 2075 1489 ratio
2111 1435 2344 1499 dicitur;
2384 1444 2652 1505 quatenus
2679 1450 2807 1489 vero
2836 1444 3044 1491 secreta
3086 1452 3182 1505 per
3230 1451 3288 1491 se
3327 1438 3505 1492 subsi-

1935 1537 2103 1592 stunt,
2152 1526 2421 1598 hypostasi
2458 1526 2631 1581 divisa
2677 1526 2947 1581 dicuntur.
2992 1525 3330 1598 Cogitatione
3376 1544 3505 1584 vero

1935 1634 2027 1674 seu
2054 1620 2283 1684 ratione,
2318 1619 2532 1689 quando
2564 1620 2846 1675 materiam
2880 1634 2908 1673 a
2943 1620 3297 1689 qualitatibus
3317 1621 3504 1675 distin-

1935 1713 2166 1781 guimus,
2197 1721 2251 1765 et
2279 1711 2565 1781 qualitates
2594 1726 2623 1764 a
2656 1712 2905 1766 materia.
2941 1714 3263 1783 Operatione
3292 1722 3501 1768 tantum

1935 1813 1987 1857 et
2019 1819 2123 1859 non
2164 1803 2463 1873 hypostasi,
2501 1818 2624 1857 cum
2659 1814 2964 1873 separatum
2989 1804 3194 1874 aliquid
3227 1805 3294 1859 ab
3320 1804 3503 1873 aliquo

1933 1912 2037 1951 non
2082 1896 2311 1965 amplius
2342 1896 2527 1961 fuerit,
2566 1897 2881 1952 substantia:
2914 1896 3226 1967 hypostasin
3266 1912 3368 1951 nou
3413 1897 3505 1951 ha-

1933 1990 2085 2043 bens.
2117 1987 2382 2055 lutelligat
2417 1996 2596 2041 autem
2628 1987 2897 2057 quispiam
2928 1986 3030 2040 hoc
3061 1988 3224 2040 etiam
3257 1986 3311 2041 in
3341 1986 3503 2041 rebus

1933 2079 2243 2144 mecanicis,
2278 2079 2547 2148 quomodo
2609 2094 2668 2133 se
2692 2078 2916 2145 habeat,
2944 2079 2987 2133 si
3028 2089 3263 2134 statuam
3298 2080 3497 2144 videat,

1931 2179 2022 2223 aut
2045 2184 2241 2239 equum
2271 2185 2336 2224 ex
2368 2185 2473 2224 aere
2502 2170 2701 2225 fusum.
2741 2169 2867 2225 Haec
2908 2172 3052 2227 enim
3104 2172 3500 2242 contemplatus

1932 2262 2130 2316 videbit
2152 2262 2447 2316 naturalem
2475 2261 2704 2315 formam
2731 2263 2781 2316 iu
2810 2263 2891 2318 his
2922 2264 3140 2329 mutari,
3171 2272 3225 2318 et
3255 2264 3306 2317 in
3338 2264 3501 2319 aliam

1931 2352 2153 2421 figuram
2202 2362 2405 2405 mutata
2452 2352 2846 2427 transformari,
2901 2369 2930 2407 a
2985 2369 3088 2423 qua
3144 2356 3292 2423 prior
3324 2353 3498 2412 forma

1932 2443 2196 2497 naturalis
2223 2441 2453 2497 deletur.
2507 2443 2718 2499 Etenim
2745 2446 2790 2498 si
2827 2446 2949 2516 quis
2978 2447 3129 2515 signa
3173 2450 3226 2500 in
3262 2448 3500 2505 hominis

1931 2546 2023 2590 aut
2064 2536 2257 2607 300!)
2307 2538 2428 2607 equi
2473 2539 2695 2609 figuram
2740 2537 2965 2609 efﬁgiata
3013 2540 3245 2607 collique
3303 2540 3500 2607 faciat;

1933 2630 2116 2698 figurae
2161 2630 2389 2683 formam
2422 2630 2623 2684 videbit
2670 2632 3015 2694 exstinctam,
3063 2634 3346 2687 materiam
3384 2649 3503 2688 ma-

1932 2735 2080 2775 nere.
2111 2719 2294 2790 Itaque
2321 2720 2611 2775 absurdum
2637 2731 2720 2775 est
2742 2720 3006 2777 affirmare
3034 2721 3262 2777 formam
3283 2723 3502 2793 quidem

1932 2828 2271 2883 nequaquam
2297 2823 2606 2881 corruptam
2650 2828 2951 2883 resurgere,
2977 2829 3175 2884 corpus
3213 2825 3412 2882 autem,
3446 2817 3503 2871 itt

1931 2922 2038 2977 quo
2068 2906 2235 2960 forma
2273 2906 2539 2972 descripta
2577 2915 2661 2960 est
2701 2908 2994 2975 corrumpi.
3034 2907 3198 2977 Atqui
3229 2922 3377 2976 sane,
3417 2908 3503 2963 in-

1932 2997 2067 3066 quit,
2100 2998 2153 3050 in
2207 2996 2485 3066 spirituale
2522 2996 2877 3052 transferetur
2901 3014 3118 3068 corpus.
3160 3000 3303 3068 Ergo
3340 3002 3502 3056 fateri

1934 3102 2157 3143 necesse
2200 3098 2285 3141 est
2324 3088 2569 3142 eamdem
2614 3089 2829 3157 proprie
2875 3086 3103 3144 formam
3132 3092 3359 3159 primam
3394 3107 3500 3147 non

1938 3193 2239 3248 resurgere,
2284 3196 2348 3234 eo
2392 3181 2532 3248 quod
2576 3179 2732 3233 simul
2780 3188 2979 3234 mutata
3022 3191 3078 3235 et
3114 3197 3375 3251 corporea
3430 3186 3503 3239 ait

1936 3287 2057 3326 cum
2086 3285 2328 3340 corpore.
2367 3271 2478 3324 Etsi
2506 3272 2646 3324 enim
2681 3270 2733 3323 in
2768 3271 3049 3340 spirituale
3090 3287 3286 3342 corpus
3320 3282 3501 3328 trans-

1937 3365 2041 3418 lata
2068 3364 2138 3417 sit
2169 3380 2184 3416 :
2236 3363 2347 3430 ipsa
2386 3372 2565 3414 tamen
2595 3362 2781 3415 eadem
2814 3376 2916 3414 non
2955 3362 3060 3417 erit
3087 3362 3319 3431 primum
3375 3379 3501 3434 pro-

1934 3457 2049 3528 prie
2084 3454 2380 3523 subjectum
2409 3451 2571 3525 [quod
2610 3463 2737 3506 ante
2764 3451 2909 3524 fuit],
2947 3455 3040 3507 sed
3075 3456 3318 3523 quaedam
3354 3455 3502 3510 illius

1935 3549 1987 3603 in
2019 3547 2203 3602 subtili
2232 3559 2458 3614 corpore
2478 3544 2862 3598 transformata
2886 3545 3205 3600 similitudo.
3231 3544 3285 3600 Si
3316 3554 3497 3601 autem

1936 3655 2040 3693 non
2066 3639 2251 3694 eadem
2289 3637 2486 3701 forma,
2514 3650 2688 3703 neque
2716 3636 2853 3690 idem
2892 3651 3088 3705 corpus
3121 3636 3373 3707 resurgit,
3405 3642 3498 3693 sed

1934 3731 2073 3784 aliud
2107 3745 2203 3797 pro
2228 3729 2366 3783 alio:
2400 3728 2574 3782 simile
2608 3728 2749 3781 enim
2782 3726 3009 3781 alterum
3051 3728 3227 3782 simile
3258 3728 3359 3782 sibi
3393 3739 3496 3782 est:

1938 3823 2061 3875 illud
2095 3821 2291 3890 ipsum,
2332 3822 2398 3875 ad
2440 3818 2591 3887 cuius
2635 3815 2940 3885 exemplum
2987 3815 3186 3871 factum
3236 3826 3339 3882 est,
3382 3815 3499 3872 fieri

1936 3929 2039 3969 non
2068 3921 2262 3984 potest.

2006 4093 2258 4147 Formam
2288 4091 2363 4144 ait
2387 4104 2508 4145 esse
2539 4090 2613 4157 id,
2643 4090 2786 4159 quod
2816 4090 2867 4144 in
2902 4089 3067 4161 ligura
3100 4088 3284 4143 formae
3310 4087 3500 4143 unius-

1934 4184 2213 4254 cujusque,
2239 4184 2602 4239 membrorum
2633 4182 2965 4238 identitatem
2987 4183 3228 4237 exhibet.

2008 4387 2242 4442 Verbum
2292 4385 2438 4455 quod
2492 4385 2627 4439 dixit
2674 4384 2929 4454 propheta
2972 4383 3223 4438 Ezechiel
3253 4384 3321 4438 de
3350 4397 3495 4437 mor-

1937 4488 2146 4534 tuorum
2198 4476 2596 4532 resurrectione
2625 4486 2648 4515 °
2690 4475 2949 4544 Origenes
2997 4475 3283 4545 allegorice
3331 4473 3503 4528 inter-

254 4548 363 4601 τοῦ
402 4550 706 4620 Ὦριγένους
738 4554 1184 4624 ἀλληγοροῦντος,
1223 4561 1317 4612 καὶ
1353 4564 1431 4623 εἰς
1461 4563 1557 4633 τὴν
1585 4564 1693 4618 τῶν
1748 4568 1828 4629 είς
1860 4588 1903 4643 D

1860 4579 2176 4643 Dpretatus
2236 4577 2339 4633 est,
2398 4577 2453 4623 et
2505 4569 2571 4621 ad
2638 4565 3003 4620 Israelitarum
3060 4579 3126 4618 ex
3183 4563 3501 4632 captivitate

254 4642 561 4733 Βαβυλῶνα
590 4646 1138 4715 αἰχμαλωτισθέντων
1177 4651 1523 4724 Ἰσραηλιτῶν
1571 4657 1826 4713 ἐπάνοδον
1861 4642 1885 4643 7

1861 4642 1885 4643 ί
1934 4660 2255 4733 Babylonica
2310 4659 2543 4714 reditum
2588 4658 2743 4727 quasi
2788 4671 2883 4726 per
2910 4655 3018 4709 vim
3050 4654 3299 4718 detorsit,
3336 4667 3499 4720 quem

242 4731 655 4803 ἐκϐιαζομένου
699 4737 998 4807 εἰρῆσθαι,
1048 4740 1347 4813 ἐξελέγχων
1409 4746 1545 4813 μετά
1596 4748 1763 4804 πολλά
1802 4752 1831 4803 ὁ

252 4822 419 4889 ἅγιος
467 4824 561 4876 καὶ
586 4825 743 4879 τοῦτό
774 4844 936 4897 φησιν
957 4844 975 4861 ο
1007 4831 1143 4884 Οὐδὲ
1185 4833 1311 4903 γάρι
1338 4837 1455 4889 οὐδὲ
1500 4839 1652 4891 αὐτοὶ
1695 4840 1829 4910 πρὸς

253 4912 576 4982 ἐλευθερίαν
629 4916 939 4986 ἀνέσφηλαν
990 4919 1259 4991 καθαράν,
1318 4925 1438 4978 οὐδὲ
1485 4927 1593 4980 τῶν
1621 4928 1830 5000 ἐχθρῶν

251 5005 784 5074 κατακρατήσαντες
827 5009 1375 5086 ἐξουσιαστικώτερον
1427 5018 1754 5090 κατῴκησαν
1783 5024 1829 5055 ⁹¹

251 5097 362 5165 τὴν
379 5095 751 5169 Ἰερουσαλήμ.
784 5099 1044 5171 Εῐργοντο
1061 5104 1185 5171 γοῦν
1210 5107 1313 5160 ὑπὸ
1334 5108 1443 5162 τῶν
1472 5111 1768 5166 ἀλλοεθνῶν
1786 5116 1831 5147 ⁹¹

254 5186 525 5251 πολλάκις
536 5188 883 5262 οἰκοδομῆσαι
911 5192 1232 5266 θελήσαντες
1253 5199 1342 5251 τὸν
1362 5201 1487 5253 ναόν
1500 5202 1564 5233 ⁸³*
1586 5204 1709 5257 ὅθεν
1739 5206 1833 5259 καὶ

252 5281 316 5331 ἐν
350 5285 405 5349 μ’
440 5274 604 5334 αὐτὸν
633 5284 725 5335 καὶ
750 5284 800 5348 ς’
837 5284 983 5337 ἔτεσι
1040 5286 1194 5355 μόλις
1250 5289 1591 5363 ἠδυνήθησαν
1640 5296 1830 5367 δείμα-

255 5369 392 5424 σθαι
411 5410 427 5436 ,
453 5372 548 5425 τοῦ
572 5374 913 5445 Σολομῶντος
928 5377 975 5409 ⁸⁸
1013 5379 1069 5430 ἐν
1103 5381 1356 5435 ἑπταετεί
1380 5386 1554 5455 χρόνῳ
1579 5388 1641 5439 ἐκ
1669 5387 1830 5457 θεμε-

332 5514 361 5544 ε
395 5504 592 5562 Ezech.
637 5524 844 5576 xxxvii,
892 5512 917 5566 ί
958 5525 1113 5582 seqq.

1931 4761 2051 4821 post
2078 4749 2249 4806 multa
2287 4758 2513 4803 sanctus
2544 4745 2849 4802 Methodius
2878 4757 3176 4814 coarguens
3201 4742 3304 4797 hoc
3331 4740 3496 4796 dicit:

1931 4843 2116 4911 Neque
2154 4840 2327 4895 Judaei
2366 4840 2580 4910 plenam
2634 4838 3013 4905 sinceramque
3060 4834 3369 4889 libertatem
3412 4846 3502 4885 as-

1933 4935 2101 4989 secuti
2149 4943 2297 4995 sunt,
2350 4945 2525 4998 neque
2563 4930 2810 4984 hostibus
2844 4926 3070 4982 devictis
3121 4923 3313 4993 majori
3375 4936 3502 4977 cum

1937 5035 2205 5096 potestate
2272 5022 2700 5091 Hierosolymam
2769 5018 3131 5072 incoluerunt.
3187 5014 3303 5069 lmo
3358 5026 3502 5081 saepe

1937 5133 2059 5173 cum
2087 5116 2392 5171 instaurare
2422 5115 2609 5166 urbem
2649 5118 3001 5173 conarentur,
3039 5107 3105 5161 ab
3139 5105 3261 5160 aliis
3290 5102 3503 5173 populis

1934 5216 2063 5264 sunt
2112 5204 2375 5274 impediti.
2411 5201 2566 5259 Unde
2601 5212 2659 5257 et
2699 5200 2841 5254 intra
2894 5197 3246 5268 quadraginta
3274 5210 3369 5250 sex
3400 5208 3500 5246 an-

1936 5312 2035 5352 nos
2069 5297 2160 5350 vix
2195 5292 2454 5363 templum
2498 5290 2868 5352 absolverunt,
2909 5302 3033 5342 eum
3064 5286 3197 5341 illud
3235 5284 3499 5339 Salomon

1931 5399 2137 5459 septem
2179 5387 2335 5443 annis
2375 5386 2443 5441 ab
2478 5384 2611 5455 ipsis
2648 5380 3014 5437 fundamentis
3048 5378 3344 5435 excitatum
3372 5389 3500 5446 per-

1526 5624 1760 5681 VARIJE
1820 5626 2217 5684 LECTIONES.

331 5712 390 5790 ’ξ
418 5709 496 5775 ὡς
548 5713 615 5790 εί-
649 5729 893 5790 οιηπρτ.
933 5717 997 5779 Λ,
1037 5714 1374 5790 si_om._B._
1422 5714 1468 5748 ”
1492 5716 1593 5790 ob};
1648 5715 1820 5790 ἔσται]
1887 5719 1983 5789 οὐχ
2010 5718 2116 5774 ΑΒ.

256 5782 308 5817 ⁸³
337 5780 432 5836 τὸν
468 5781 618 5850 ναόν]
655 5784 770 5839 libri
793 5780 1020 5851 μᾶλλον.
1099 5786 1144 5817 ’⁸
1164 5785 1475 5857 Σολομῶνος
1501 5786 1607 5840 AB.

2197 5719 2237 5750 "
2284 5717 2593 5787 κατῴκισαν
2621 5735 2682 5782 ς.
2758 5722 2803 5751 ⁹¹
2836 5719 2948 5773 τῶν
2985 5719 3157 5774 ἄλλων
3186 5712 3355 5771 ἐθνῶν
3381 5710 3495 5767 ΑΒ.
