4208 6442
748 403 881 469 1135

1828 396 2087 456 ΡΗΟΤῙΙ
2129 395 2633 456 PATRIARClI/E
2682 398 2790 457 (ΣΡ.

3851 398 3999 461 1136

742 519 977 572 fecisset.
1036 516 1097 569 Et
1152 514 1281 585 quid
1336 528 1471 581 opus
1517 521 1595 567 est
1628 511 1849 566 verbis?
1878 514 1919 565 Α
1956 512 2311 568 Nabuchodo-
2340 527 2385 580 Α

2420 512 2540 565 λίων
2605 514 2764 566 αὑτὸν
2782 514 2826 545 ’⁸
2856 514 3378 585 συμπληρώσαντος.
3432 518 3540 569 Καὶ
3568 518 3619 569 τί
3646 517 3752 586 χρὴ
3780 518 4006 585 λέγειν;

742 624 938 665 nosore
985 618 1037 661 ct
1096 605 1508 659 successoribus
1555 602 1673 670 ejus
1726 603 1779 654 in
1828 602 2100 672 Babylone
2143 618 2313 672 usque

737 708 803 755 ad
834 702 1117 755 Persarqu
1156 702 1206 750 in
1240 698 1494 767 Assyrios
1528 696 1949 764 expeditionem,
1986 707 2040 750 et
2072 697 2306 751 Alexan-

736 792 820 845 dri
856 792 1159 858 imperium,
1204 797 1258 843 et
1292 788 1487 842 bellum
1524 787 1633 855 jam
1670 802 1789 841 cum
1829 787 2088 841 Romanis
2122 789 2306 842 incru-

737 886 964 937 desceus
1016 884 1194 935 sexies
1260 881 1328 932 ab
1380 880 1624 935 hostibus
1682 877 2051 949 Hierosolyma
2119 896 2306 934 eversa

739 986 884 1029 sunt.
923 974 985 1027 Et
1028 974 1131 1026 hoc
1160 971 1396 1041 Josepho
1437 981 1571 1024 teste
1604 972 1693 1038 qui
1735 969 1866 1022 dicit
1898 986 1909 1019 :
1958 972 2105 1023 Anno
2139 974 2307 1023 altera

750 1064 1051 1135 Vespasiani
1112 1066 1457 1132 imperatoris,
1512 1076 1663 1131 capta
1725 1073 1898 1114 autem
1955 1072 2000 1113 et
2054 1064 2307 1132 antejam

735 1160 1005 1228 quinquies
1056 1158 1250 1226 fuerat,
1310 1158 1501 1208 iterum
1566 1155 1741 1207 excisa
1774 1164 1847 1207 est
1913 1152 2307 1223 Hierosolyma.

737 1253 1017 1304 Asocmrus
1075 1251 1210 1303 enim
1248 1247 1467 1316 Egypti
1528 1263 1637 1311 rex,
1699 1255 1748 1299 et
1820 1244 1982 1313 hujus
2038 1261 2309 1298 successor

736 1344 1065 1403 Antiochus,
1139 1340 1324 1393 deinde
1394 1337 1691 1403 Pompeius,
1762 1335 1949 1387 deinde
2028 1346 2143 1401 post
2211 1336 2304 1388 Iros

738 1435 922 1487 Sosius
974 1450 1090 1485 cum
1175 1430 1382 1484 Herode
1431 1441 1635 1492 captam
1691 1428 1871 1480 urbem
1934 1428 2300 1479 incenderunt.

739 1527 872 1577 Ante
897 1525 987 1576 hos
1017 1540 1132 1576 vero
1161 1521 1442 1592 Babylonis
1489 1537 1575 1574 rea:
1604 1531 1953 1587 expugnatam
1996 1528 2233 1570 vastavit.

748 1621 965 1687 Ἡρώδῃ
1012 1625 1269 1686 Σόσσιος
1310 1622 1323 1650 ¹
1363 1620 1605 1684 ἑλόντες
1629 1618 1971 1684 ἐνέπρησαν
2000 1616 2114 1681 τὴν
2143 1618 2323 1669 πόλιν
2351 1635 2364 1648 ο

739 1713 925 1779 τήσας
948 1712 1266 1783 ἠρήμωσεν
1290 1712 1502 1777 αὐτὴν.

814 1828 1075 1895 Origenes
1109 1840 1367 1899 praeterea
1402 1830 1514 1881 haec
1543 1828 1666 1881 dicit
1708 1845 1720 1879 :
1766 1827 1839 1881 De
1874 1825 2081 1879 Lazaro
2109 1826 2307 1896 301a
2344 1832 2385 1886 Β

741 1935 793 1976 et
838 1924 1003 1977 divite
1058 1921 1285 1975 dubitari
1329 1932 1523 1990 potest,
1572 1920 1693 1974 aliis
1742 1919 1959 1988 quidem
2010 1919 2310 1987 simplicius

740 2016 941 2070 dictum
978 2014 1328 2084 putantibus,
1376 2013 1528 2080 quasi
1566 2012 1723 2065 ambo
1757 2013 1807 2064 in
1837 2012 2153 2081 corporibus
2197 2011 2309 2064 suis

740 2107 1034 2175 assumptis
1072 2105 1234 2175 digna
1280 2103 1439 2157 factis
1480 2103 1531 2156 in
1565 2104 1671 2155 vita
1702 2102 1922 2171 przemia
1958 2102 2262 2169 receperint
2293 2114 2307 2152 :

741 2201 863 2255 aliis
902 2198 1172 2263 subtilius,
1210 2194 1357 2265 quia,
1410 2212 1531 2249 cum
1565 2204 1686 2264 post
1723 2194 2176 2247 resurrectionem
2226 2209 2313 2248 ne-

741 2309 828 2347 mo
864 2294 915 2347 in
944 2293 1052 2346 vita
1091 2292 1450 2359 relinquatur,
1489 2305 1593 2341 non
1637 2288 1953 2342 existimant
1983 2288 2096 2341 haec
2128 2289 2178 2341 in
2225 2303 2312 2341 re-

740 2386 1078 2439 surrectione
1123 2383 1432 2451 contigisse.
1488 2380 1624 2434 Dicit
1676 2380 1819 2432 enim
1869 2379 2019 2432 dives
2070 2399 2081 2433 :
2130 2379 2315 2433 llabeo

738 2481 963 2547 quinque
1014 2477 1227 2545 fratres,
1276 2491 1336 2527 ne
1384 2485 1429 2526 et
1462 2475 1560 2541 ipsi
1616 2474 1823 2526 veniant
1878 2473 1930 2524 in
1974 2472 2143 2525 locum
2178 2474 2315 2523 hunc

742 2581 1141 2632 tormentorum,
1174 2571 1319 2621 mitte
1343 2568 1628 2631 Lazarum,
1670 2568 1759 2634 qui
1789 2568 1990 2619 nuntiet
2018 2566 2165 2628 ipsis,
2199 2580 2315 2633 qua:

741 2668 825 2718 hic
858 2666 987 2731 ﬁunt
1017 2663 1066 2716 ά.
1101 2662 1359 2729 ρυεξιΐιιηι
1392 2675 1520 2729 ergo
1556 2676 1647 2727 per
1676 2659 1789 2712 thC
1831 2659 2063 2727 linguam
2094 2670 2145 2711 et
2175 2658 2314 2726 digi-

746 2768 935 2811 tumet
971 2757 1120 2811 sinus
1160 2755 1413 2817 Abrahze,
1445 2764 1493 2806 et
1548 2751 1985 2816 compellationis
2025 2765 2236 2813 vocem,
2264 2760 2317 2803 et

746 2852 979 2906 fortasse
1039 2851 1264 2918 liguram
1324 2847 1467 2899 illam
1525 2860 1617 2899 seu
1676 2843 1907 2897 fOrmam
1962 2845 2145 2896 statim
2196 2858 2317 2895 cum

746 2944 941 2997 anima:
970 2956 1221 3002 excessu,
1255 2938 1489 2992 similem
1531 2937 1744 3005 corpori
1783 2950 1969 2991 crasso
1998 2946 2050 2989 et
2080 2944 2315 2988 terreno.

748 3036 853 3089 Res
882 3038 955 3087 ita
988 3042 1161 3101 potest
1196 3029 1416 3099 intelligi
1444 3041 1458 3080 :
1498 3028 1553 3082 Si
1586 3028 1806 3095 quando
1838 3026 1962 3095 quis
1991 3042 2056 3079 ex
2086 3026 2319 3079 mortuis

748 3136 1004 3180 narratur
1033 3123 1375 3192 apparuisse,
1415 3121 1625 3173 videtur
1654 3119 1706 3171 in
1748 3118 1907 3172 simili
1937 3116 2131 3180 forma,
2157 3131 2318 3185 quam

2430 605 2563 656 Ἀπὸ
2590 604 2699 674 γὰρ
2730 604 2793 674 δὴ
2824 603 3294 675 Ναϐουχοδονόσορ
3318 607 3365 637 ’⁸
3393 609 3485 659 καὶ
3517 608 3626 658 τῶν
3660 606 3781 676 μετ’
3835 610 4008 661 αὐτὸν

2416 696 2732 759 Βαὸυλῶνος
2782 696 3223 765 βασιλευσάντων
3278 698 3406 767 ἄχρι
3460 698 3561 766 τῆς
3630 700 3860 768 Περσῶν
3913 702 4009 751 ἐπὶ

2410 790 2535 849 τοὺς
2579 788 2897 858 Ἀσσυρίους
2914 789 2957 820 θ’
2994 788 3246 851 καθόδου,
3270 792 3368 857 τῆς
3395 807 3451 842 τε
3469 790 3829 858 Ἀλεξάνδρου
3870 794 4001 859 ἡγε-

2415 880 2624 949 μονίας,
2662 881 2755 932 καὶ
2786 879 2878 933 τοῦ
2897 881 2941 913 ⁸⁸
2963 880 3250 950 Ῥωμαίων
3279 882 3375 934 τοῦ
3405 884 3541 952 πρὸς
3572 885 4008 947 τοὺςΊουδαέους

2412 974 2779 1041 συρραγέντος
2837 972 3097 1042 πολέμου,
3154 974 3342 1039 ἑξάκις
3387 976 3855 1043 κατεστράτησαν
3905 978 4007 1028 ὑπο

2414 1064 2521 1115 τῶν
2554 1063 2830 1132 πολεμίων
2873 1064 2941 1117 τά
2985 1064 3352 1135 Ἰεροσόλυμα.
3416 1066 3525 1119 Καὶ
3572 1066 3730 1119 τοῦτο
3766 1068 4003 1138 Ἰώσηπε

2416 1168 2515 1214 πος
2554 1156 2757 1223 ἱστορεῖ
2782 1154 2975 1220 λέγων’
3020 1155 3181 1208 Ἔτει
3216 1155 3470 1225 δευτέρῳ
3487 1156 3594 1225 τῆς
3616 1161 4004 1211 Οὐεσπασια-

2414 1246 2526 1299 νοῦ
2544 1248 2588 1277 ’⁸
2614 1249 2957 1314 ἡγεμονίας,
2989 1247 3229 1301 ἁλοῦσα
3255 1248 3323 1300 δὲ
3348 1251 3443 1301 καί
3473 1252 3765 1316 πρότερον
3782 1252 4005 1302 πεντὰ-

2415 1356 2528 1401 κις,
2561 1338 2731 1390 τοῦτο
2747 1338 3029 1406 δεύτερον
3060 1339 3365 1405 ἠρημώθη.
3403 1342 3720 1410 Ἀσωχαῖος
3752 1344 3866 1409 μὲν
3901 1346 4007 1411 γὰρ

2415 1434 2446 1483 ὀ
2480 1430 2596 1482 τῶν
2634 1434 2969 1497 Αἰγυπτίων
2997 1434 3319 1498 βασιλεὺς,
3357 1436 3453 1485 καὶ
3483 1438 3610 1503 μετ’
3648 1438 3836 1489 αὑτὸν
3876 1439 4005 1488 Ἀν-

2416 1522 2638 1589 τίοχος,
2673 1525 2877 1577 ἔπειτα
2925 1526 3257 1593 Πομπήϊος,
3296 1528 3393 1578 καὶ
3454 1528 3549 1580 ἐπὶ
3607 1532 3840 1594 τούτοις
3885 1532 4008 1581 σὺν

2406 1622 2515 1687 πρὸ
2534 1622 2602 1675 δὲ
2630 1626 2854 1677 τούτων
2887 1630 2919 1679 ό
2946 1624 3064 1679 τῶν
3093 1627 3488 1681 Βαϐυλωνίων
3519 1626 3820 1691 ,ϐασιλεὺς
3868 1642 4008 1691 κρα-

2484 1830 2603 1883 Ὀτι
2634 1832 2916 1904 Ὠριγένης
2947 1834 3072 1885 τάδε
3113 1832 3282 1900 φησί’
3322 1832 3460 1901 Περὶ
3492 1832 3546 1884 δὲ
3566 1834 3585 1861 ⁸
3612 1831 3707 1884 τοῦ
3743 1834 4006 1902 Λαζάρου

2412 1925 2504 1975 καὶ
2534 1923 2625 1974 τοῦ
2655 1923 2909 1975 πλουσίου
2932 1925 3256 1994 ἀπορεῖσθαι
3290 1924 3657 1987 δύναται,τῶν
3680 1925 3780 1993 μὲν
3802 1926 4008 1981 ἀπλούο

2414 2018 2634 2085 στερον³
2688 2018 2948 2087 οἰομένων
2993 2017 3167 2069 ταῦτα
3226 2017 3497 2086 λελέχθαι,
3546 2017 3622 2080 ὡς
3667 2019 4005 2089 ἀμφοτέρων

2416 2109 2552 2177 μετά
2596 2108 2704 2160 τῶν
2746 2111 3011 2179 σωμάτων
3050 2108 3439 2179 λαμϐανόντων
3492 2110 3563 2162 τὰ
3606 2110 3731 2175 ἀξια
3785 2111 3893 2163 τῶν
3926 2112 4008 2181 τῷ

2416 2198 2515 2269 βίῳ
2563 2202 2985 2271 πεπραγμένων,
3018 2202 3125 2261 τῶν
3163 2202 3217 2255 δὲ
3246 2202 3656 2273 ἀκριϐέστερον,
3708 2206 3831 2257 ἐπεὶ
3863 2206 4008 2274 μετά

2413 2299 2513 2366 τὴν
2550 2299 2847 2352 ἀνάστασιν
2887 2299 3063 2362 οὐδεὶς
3112 2301 3168 2351 ὲν
3216 2300 3315 2369 βίῳ
3355 2302 3775 2358 καταλείπεται.
3800 2300 3900 2352 οὐκ
3948 2302 4009 2353 ὲν

2416 2396 2480 2462 τῇ
2526 2393 2816 2444 ἀναστάσει
2858 2392 3120 2460 οἰομένων
3156 2391 3328 2444 ταῦτα
3363 2393 3643 2460 γεγονέναι
3684 2392 3867 2459 (λέγει
3896 2394 4009 2463 γὰρ

2416 2486 2443 2537 ὁ
2471 2484 2753 2548 πλούσιος,
2788 2485 2869 2536 ὅτι
2904 2485 3089 2539 Πέντε
3128 2483 3433 2552 ἀδελφοὺς
3462 2485 3600 2553 ἔχω,
3632 2484 3730 2536 καὶ
3780 2486 3880 2536 ἵνα
3921 2487 4008 2553 μὴ

2418 2573 2675 2626 ἔλθωσιν
2733 2575 2818 2638 εις
2870 2574 2976 2625 τὸν
3030 2574 3219 2626 τόπον
3270 2574 3484 2626 τοῦτον
3533 2573 3645 2639 τῆς
3696 2574 4007 2637 βασάνου,

2419 2666 2658 2734 πέμψον
2681 2665 2944 2733 Λάζαρον
2970 2667 3431 2735 ἀπαγγέλλοντα
3457 2666 3661 2729 αὐτοῖς
3701 2669 3773 2719 τὰ
3804 2668 4011 2720 ἐνταῦ-

2421 2762 2536 2824 θα),
2586 2760 2676 2811 καὶ
2726 2758 2813 2810 διὰ
2864 2758 3109 2811 τούτωνδ
3165 2756 3470 2825 ζητούντων
3501 2757 3599 2823 τὴν
3629 2757 3878 2823 γλῶσσαν
3910 2760 4010 2809 καὶ

2420 2850 2512 2899 τὸν
2566 2849 2827 2900 δάκτυλον
2883 2850 3143 2910 καὶτοὺς
3197 2850 3431 2909 κόλπους
3480 2848 3736 2917 Ἀϐραὰμ
3790 2848 4009 2899 xui-.2};

2421 2941 2704 2996 ἀνάκλισιν
2722 2942 2762 2992 ⁵.
2793 2941 2901 2993 Καὶ
2919 2943 3061 3009 τάχα
3084 2942 3143 2993 τὸ
3164 2941 3261 3008 τῆς
3275 2941 3453 3008 ψυχῆς
3489 2942 3606 3008 ἅμα
3627 2942 3694 3009 τῇ
3721 2940 4011 3007 ἀπαλλαγῇ

2424 3035 2630 3101 σχῆμα,
2655 3031 2899 3099 ὁμοειδὲς
2922 3032 2980 3083 ὂν
3008 3030 3085 3100 τῷ
3120 3032 3284 3099 παχεῖ
3315 3032 3409 3081 καὶ
3431 3029 3508 3098 τῷ
3532 3031 3551 3059 ⁸
3576 3030 3751 3098 γηΐνῳ
3774 3029 4010 3096 σώματι,

2422 3124 2641 3176 δύναται
2677 3123 2846 3184 οὕτως
2876 3121 3271 3191 λαμϐάνεσθαι.
3295 3120 3359 3173 Εἴ
3393 3138 3521 3173 ποτε
3556 3119 3687 3188 γοῦν
3715 3122 4012 3189 ἱστορεῖταί

750 3220 802 3270 in
842 3233 1007 3271 carne
1042 3215 1248 3269 habuit.
1292 3213 1494 3267 Deinde
1534 3210 1754 3266 Samuel
1799 3225 2087 3279 apparens,
2119 3219 2177 3262 ut
2205 3224 2321 3261 ma-
2350 3192 2386 3249 (ἶ

2425 3231 2509 3277 τις
2539 3215 2645 3266 τῶν
2677 3213 3093 3282 κεκοιμημένων
3116 3212 3460 3280 φαινόμενος,
3488 3213 3670 3279 ὅμοιος
3689 3212 3707 3239 ⁷
3734 3210 3974 3279 ἑώραται
3994 3213 4014 3238 ⁸

754 3307 1004 3363 nil‘estum
1049 3317 1151 3368 est,
1200 3304 1513 3375 spectabilis
1564 3304 1757 3370 probat
1799 3315 1856 3353 se
1901 3314 2127 3368 corpore
2160 3299 2323 3351 indu-

754 3410 865 3451 tum
920 3399 1104 3450 fuisse.
1154 3396 1210 3448 Si
1260 3393 1495 3447 maxime
1529 3388 2081 3444 demonstrationibus
2133 3401 2325 3454 urgea-

755 3502 877 3539 mur
903 3485 1081 3549 fateri,
1113 3486 1306 3537 animre
1333 3492 1580 3535 naturam
1609 3482 1987 3548 incorpoream
2014 3492 2156 3540 esse,
2188 3476 2326 3529 hanc

753 3578 921 3631 videri
958 3571 1550 3646 [demonstrationem].
1590 3571 1695 3625 Sed
1721 3580 1771 3622 et
1809 3569 1960 3622 dives
1990 3569 2229 3637 punitus,
2273 3575 2326 3619 et

755 3685 957 3737 pauper
993 3669 1043 3722 in
1072 3668 1192 3720 sinu
1225 3666 1499 3719 Abraham
1546 3664 1896 3732 requiescens
1925 3671 2050 3714 ante
2079 3661 2325 3713 Salvato-

755 3759 830 3811 τῖε
868 3760 1180 3821 adventum,
1220 3766 1272 3811 et
1308 3767 1435 3807 ante
1477 3751 2001 3807 consummationem
2044 3749 2247 3812 saeculi,
2272 3758 2325 3801 et

755 3862 1041 3919 propterea
1095 3858 1220 3901 ante
1264 3844 1745 3905 resurrectionem,
1782 3843 1907 3893 dum
1954 3840 2205 3893 dicuntur
2241 3838 2327 3891 hic

756 3945 972 4011 quidem
992 3943 1129 4010 apud
1156 3938 1357 3993 inferos
1387 3934 1589 4005 puniri,
1612 3933 1700 3988 ille
1724 3946 1851 3985 vero
1880 3932 1931 3984 in
1957 3929 2074 3983 sinu
2097 3930 2328 3983 Abraha:

757 4038 1138 4104 requiescere,
1203 4032 1398 4086 docent
1447 4030 1609 4083 etiam
1666 4041 1808 4080 nunc
1870 4035 1988 4093 post
2042 4038 2327 4078 excessum

756 4141 783 4177 e
815 4128 923 4177 vita
976 4123 1210 4176 animam
1261 4134 1491 4189 corpore
1534 4118 1633 4171 uti.
1693 4118 1772 4170 Ad
1822 4118 1937 4170 haec
1991 4117 2073 4167 vir
2108 4126 2329 4169 sanctus

762 4215 1070 4279 respondet,
1134 4215 1357 4283 ﬁguram
1419 4211 1579 4263 aliam
1629 4211 1743 4263 visu
1792 4210 2023 4262 similem
2086 4208 2327 4261 sensibili

757 4310 905 4376 huic,
952 4309 1189 4361 animam
1243 4317 1359 4374 post
1403 4306 1812 4373 emigrationem
1848 4318 1913 4357 ex
1958 4304 2057 4357 hac
2103 4304 2209 4355 vita
2245 4304 2331 4355 ha-

756 4400 914 4461 bere;
983 4398 1217 4450 animam
1268 4398 1645 4463 incorpoream
1678 4393 1955 4461 professus
1988 4392 2052 4445 ad
2086 4391 2327 4445 Platoni-

757 4504 873 4542 ch
900 4486 1037 4542 tere
1081 4487 1347 4539 rationem
1396 4484 1608 4539 deﬁnit.
1640 4483 1776 4535 Dum
1826 4482 1968 4535 enim
2019 4482 2150 4536 dicit
2182 4482 2327 4535 illam
2365 4514 2408 4568 υ

758 4588 880 4645 post
908 4593 1190 4631 excessum
1222 4591 1287 4629 ex
1335 4576 1434 4627 hac
1470 4575 1577 4627 vita
1607 4572 1853 4626 vehiculo
1884 4586 2042 4640 egere
2068 4582 2124 4626 et
2158 4582 2329 4636 veste,

757 4686 820 4724 eo
867 4668 1011 4738 quod
1062 4670 1203 4721 nuda
1256 4665 1637 4733 comprehendi
1697 4664 1933 4717 tenerive
1981 4678 2084 4715 non
2132 4666 2322 4731 possit,

757 4762 1027 4830 quomodo
1069 4776 1195 4830 ergo
1226 4775 1318 4829 per
1361 4773 1419 4813 se
1451 4774 1555 4811 non
1585 4757 1659 4810 sit
1683 4756 2045 4824 incorporea?
2073 4753 2208 4809 Cum
2237 4771 2334 4808 au-

760 4871 866 4915 tem
894 4860 1221 4927 incorporea
1274 4858 1367 4920 sit,
1410 4855 1684 4925 quomodo
1711 4868 1815 4906 non
1848 4867 2048 4921 expers
2084 4852 2187 4905 erit
2216 4848 2335 4919 [per

757 4948 839 5020 se]
918 4949 1255 5019 passionum,
1338 4963 1431 5001 seu
1487 4945 1780 4998 dolorum?
1830 4944 2133 4997 Comitatur
2185 4943 2330 4994 enim

760 5043 953 5109 ipsam,
1008 5040 1050 5094 si
1089 5042 1403 5108 incorporea
1456 5038 1547 5100 sit,
1583 5037 1655 5089 uti
1704 5050 1801 5089 nec
1838 5036 1967 5103 pati,
2021 5049 2117 5087 nec
2152 5032 2327 5085 teneri

757 5132 950 5201 possit.
987 5130 1127 5199 Ergo
1168 5131 1209 5183 si
1242 5128 1683 5196 concupiscentia
1728 5124 2029 5178 irrationali
2075 5123 2216 5175 nulla
2250 5138 2333 5173 ra-

763 5224 909 5278 tione
947 5220 1046 5275 l'uit
1076 5232 1239 5284 tacta,
1304 5235 1475 5287 neque
1514 5218 1758 5286 corporis
1790 5216 2020 5270 dolentis
2050 5216 2331 5284 patientis-

826 5358 853 5396 ά
888 5357 1017 5412 Luc.
1056 5372 1169 5421 τνι,
1198 5357 1289 5420 27,
1326 5356 1414 5409 28.

2428 3305 2506 3375 τῷ
2534 3306 2621 3358 ὅτε
2652 3306 2749 3374 τὴν
2816 3306 2994 3373 σάρκα
3028 3299 3139 3373 εἶχε
3190 3304 3449 3371 σχήματι.
3502 3297 3658 3365 Εἶτα,
3689 3302 3831 3354 ἀλλὰ
3862 3302 3958 3353 καὶ
3987 3304 4014 3352 ό

2430 3397 2683 3465 Σαμουὴλ
2749 3397 3092 3464 φαινόμενος,
3152 3394 3227 3456 ὡς
3274 3394 3430 3463 δῆλόν
3482 3396 3650 3455 ἐστιν,
3713 3395 3909 3461 ὁρατὸς
3940 3392 4015 3443 ὢν

2430 3490 2757 3559 παρίστησιν
2797 3491 2879 3541 ὅτι
2906 3488 3062 3555 σῶμα
3094 3485 3426 3555 περιέκειτο,
3471 3486 3705 3554 μάλιστα
3730 3485 3826 3537 ὲάν
3859 3487 3996 3551 ἁναγ

2431 3580 2721 3648 κασθὼμεν
2756 3581 2859 3631 ὑπὸ
2911 3580 3019 3631 τῶν
3050 3577 3377 3641 ἀποδείξεων
3406 3576 3503 3645 τὴν
3558 3577 3747 3628 οὐσίαν
3783 3576 3886 3644 τῆς
3914 3578 4014 3644 Qu-

2432 3674 2529 3741 χῆς
2579 3672 2867 3739 ἀσώματον
2906 3665 3045 3722 εἶναι
3104 3669 3224 3722 καθ’
3274 3670 3474 3737 ἑαυτὴν
3517 3670 3537 3699 ⁹
3598 3668 4011 3736 ἀποφήνασθαι.

2446 3764 2605 3815 Ἀλλὰ
2635 3764 2727 3814 καὶ
2758 3764 2785 3814 ὁ
2819 3761 3184 3831 κολαζόμενος
3236 3760 3491 3820 πλούσιος
3521 3758 3611 3811 καὶ
3638 3759 3665 3810 ό
3701 3758 3759 3809 ὲν
3795 3758 4013 3811 κόλποις

2444 3854 2535 3906 Ἀὀ
2548 3853 2692 3922 ραὰμ
2714 3852 2875 3919 πένης
2899 3850 3329 3917 ἀναπαυόμενος,
3350 3848 3456 3916 πρὸ
3482 3847 3580 3915 τῆς
3595 3848 3909 3916 παρουσίας
3926 3846 4014 3898 τοῦ

2434 3942 2685 4011 Σωτῆρος
2718 3942 2811 3993 καὶ
2846 3940 3064 4009 πρὸτῆς
3089 3938 3215 4010 [495
3244 3936 3332 4009 Η.]
3362 3936 3672 3998 συντελείας
3694 3934 3790 3987 τοῦ
3819 3937 4016 3997 αἰῶνος

2434 4032 2528 4084 καὶ
2568 4032 2654 4083 διὰ
2694 4031 2848 4083 τοῦτο
2872 4032 2976 4100 πρὸ
3014 4031 3111 4100 τῆς
3139 4026 3815 4095 ἁναστάσεως,λεγόμενοι
3849 4028 3878 4077 ὁ
3916 4029 4010 4095 μὲν

2434 4124 2490 4175 ὲν
2519 4121 2644 4191 ᾇδου
2669 4120 3125 4186 κολάζεσθαι,ὀδὲ
3152 4121 3209 4173 ὲν
3226 4119 3444 4179 κόλποις
3460 4117 3711 4188 Ἀϐραὰμ
3737 4120 3842 4169 ἀνα
3854 4118 4014 4169 rutis-

2436 4210 2577 4273 σθαι,
2640 4208 2980 4261 διδάσκουσιν
3020 4209 3103 4261 ὃτι
3148 4209 3243 4260 καὶ
3298 4205 3390 4258 νῦν
3418 4206 3459 4236 ³ο
3480 4208 3543 4274 τῇ
3580 4204 3876 4275 ἀπαλλαγῇ
3916 4207 4014 4257 σώ-

2414 4319 2567 4371 ματι
2598 4303 2791 4369 χρῆται
2814 4301 2847 4369 ὴ
2876 4300 3045 4369 ψυχή.
3078 4298 3221 4368 Πρὸς
3255 4298 3428 4350 ταῦτα
3451 4300 3477 4349 ὀ
3514 4298 3666 4364 ἆγιος
3702 4298 3831 4349 τάδε
3861 4300 4011 4367 φησί’

2435 4394 2627 4462 Σχῆμα
2653 4393 2777 4445 ἄλλο
2808 4392 3051 4461 ὁμοειδὲς
3070 4392 3111 4421 ⁸⁸
3132 4390 3209 4459 τῷ
3235 4389 3479 4459 αἰσθητῷ
3508 4390 3683 4457 τούτῳ
3731 4391 3876 4455 μετα
3921 4392 4015 4458 τὴν

2435 4484 2681 4538 ἐντεῦθεν
2707 4484 2970 4553 ἐκδημίαν
2997 4482 3139 4552 ἔχειν
3165 4482 3531 4550 ἐκτιθέμενος,
3554 4480 3651 4550 τὴν
3670 4479 3851 4551 ψυχὴν
3874 4480 4016 4532 ἀσώσ

2438 4595 2605 4647 ματον
2646 4576 2749 4627 ὑπό
2774 4593 2825 4626 τι
2849 4574 3208 4636 Πλατωνικῶς
3259 4575 3621 4641 ἀποφαίνεται
3649 4574 3848 4642 αὑτήν.
3888 4573 4013 4624 Τὸ¹⁸

2434 4669 2541 4735 γὰρ
2581 4668 2672 4718 καὶ
2704 4668 2839 4733 μετά
2873 4665 2968 4733 τὴν
2998 4664 3103 4715 ἀπὸ
3127 4662 3220 4713 τοῦ
3250 4663 3453 4730 κόσμου
3495 4662 3859 4728 ἀποφοίτησιν
3888 4662 4015 4730 ὀχή-

2440 4774 2605 4826 ματος
2661 4756 2827 4825 αὐτὴν
2856 4754 3063 4807 δεῖσθαι
3095 4755 3186 4806 καὶ
3238 4752 3529 4822 περιϐολῆς
3589 4752 3795 4819 λέγειν,
3850 4752 4010 4815 ὡςρὺ

2435 4851 2739 4920 δυναμένην
2790 4846 3187 4916 κατασχεθῆναι
3248 4846 3481 4915 γυμνὴν,
3540 4844 3653 4905 πῶς
3676 4846 3777 4897 οὐκ
3805 4846 3873 4897 ἂν
3896 4844 4010 4897 καθ’

2440 4942 2636 5011 ἑαυτὴν
2680 4940 2969 5007 ἀσώματον
2997 4939 3040 4970 ¹³
3092 4939 3216 5005 ein;
3267 4935 3397 5006 [952
3444 4934 3533 5006 IL]
3616 4935 3938 5004 Ἀσώματος
3960 4935 4012 4985 δὲ

2440 5030 2573 5086 οὖσα
2637 5031 2754 5093 πῶς
2818 5031 2918 5082 οὐκ
2962 5028 3114 5081 ἔσται
3148 5028 3191 5058 ’⁸
3239 5029 3333 5081 καὶ
3382 5026 3728 5088 ἀνεπίδεκτος
3785 5027 4008 5085 παοῷν;

2440 5125 2721 5179 ἀκολουοεῖ
2778 5125 2884 5192 γὰρ
2914 5123 2993 5192 τῷ
3022 5122 3312 5187 ἀσώματον
3378 5120 3547 5190 αὐτὴν
3593 5121 3867 5189 ὑπάρχειν
3924 5119 4012 5171 καὶ

2440 5222 2499 5271 τὸ
2559 5219 2741 5287 ἅπαθῆ
2786 5213 2921 5268 εἶναι
2978 5216 3073 5268 καὶ
3123 5216 3559 5283 ἀπερίσπαστον.
3620 5213 3684 5265 Εἰ
3745 5213 3851 5281 μὲν
3925 5205 4012 5263 οὖν

2056 5441 2290 5498 VARI/E
2326 5442 2727 5499 LECTIONES.

834 5570 879 5599 ’⁸
906 5567 1086 5619 αὐτῶν
1109 5568 1158 5618 ’Β
1190 5584 1247 5629 ς.

1343 5564 1389 5594 ⁸⁸
1413 5563 1903 5632 Ναϐουχοδονόσωρ
1925 5562 1988 5614 Α.
2066 5559 2108 5589 ⁹⁷
2157 5560 2441 5630 Ἀσυρίους
2463 5563 2525 5615 Α.

2611 5562 2656 5591 ’⁸
2681 5560 2797 5630 τοῦ]
2821 5560 2927 5611 τῶν
2964 5561 3037 5630 Β.⁸
3102 5561 3152 5592 ⁹⁹
3180 5556 3582 5630 Οὐεσπεσιανοῦ
3609 5556 3691 5630 Β.Δ
3766 5559 3781 5587 ί
3817 5558 4009 5630 mito,-

766 5638 806 5687 Β
832 5654 891 5700 ς.
968 5640 986 5665 ¹
1019 5637 1074 5687 δὲ
1100 5624 1221 5689 add:
1251 5634 1357 5687 AB.
1437 5635 1455 5664 ³
1485 5624 1883 5703 ἁπλουστέρων
1911 5643 1964 5703 et
2001 5644 2139 5703 mox
2162 5624 2564 5701 ἀκριϐεστέρων
2613 5630 2694 5683 AB
2748 5624 3040 5703 _‘_'_todtu)v_]
3075 5632 3253 5682 malim
3284 5629 3461 5703 τοῦτο.
3538 5630 3558 5658 ⁵
3596 5626 3883 5703 ἀνάκλισιν
3918 5624 4007 5703 B__;

768 5707 1061 5773 ἀνάκλησιν
1089 5724 1149 5768 ς.

769 5778 788 5807 ³
815 5778 931 5846 καθ’
966 5774 1183 5846 ἑαυτήν]
1212 5777 1328 5829 libri
1374 5778 1466 5827 καὶ
1496 5774 1715 5846 ταυτην.

766 5862 857 5909 τος
882 5845 922 5899 Β
944 5858 997 5902 et
1021 5843 1259 5901 corrfA.
1338 5846 1380 5876 "
1408 5843 1581 5913 ἔσται]
1611 5847 1673 5897 ἄν
1708 5843 1814 5896 ΑΒ.

1239 5706 1259 5735 ⁸
1282 5706 1358 5774 τῷ
1383 5716 1505 5757 ante
1532 5705 1702 5772 γηΐνῳ
1724 5699 1843 5774 add.
1880 5702 1987 5753 AB.
2031 5769 2049 5774 _
2066 5699 2410 5774 ’-ἱστορεῖται
2432 5699 2502 5742 -έ-
2519 5704 2700 5769 ὂμοιος
2732 5700 2818 5774 ΑΒ
2859 5701 3186 5774 εγίστόρηται
3210 5731 3279 5739 —
3302 5699 3504 5774 ὁμοίως
3533 5714 3593 5774 ς..

1796 5773 1839 5802 ¹⁰
1874 5774 1965 5824 καὶ
1997 5768 2113 5839 νῦν]
2142 5768 2250 5826 tutu
2281 5774 2372 5826 καὶ
2406 5775 2462 5824 ἐν
2494 5768 2570 5826 vel
2601 5774 2719 5823 κάν.

3671 5698 3693 5729 ⁸
3728 5700 3920 5768 ὁρᾶται
3954 5692 4009 5745 Β.

2801 5773 2838 5801 ³⁸
2872 5766 3164 5838 όμοιοειδές
3199 5787 3257 5832 ς.
3339 5770 3379 5800 ⁸⁸
3404 5785 3472 5823 an
3518 5767 3633 5836 τῷῖ
3714 5766 4015 5834 "autima-
