4208 6442
209 429 339 497 1131

1230 426 1757 489 BIBLIO’I‘HECA.
1784 446 1855 459 -
1887 420 2052 482 COD.
2087 418 2405 481 CCXXXV.

3307 406 3443 491 uss

200 544 306 598 ὑπὸ
358 544 555 609 ἀλόγου
594 541 655 594 οὑ
718 539 1041 608 παρείλκετο
1078 540 1213 601 ὃλως
1273 538 1592 605 ἐπιθυμίας,
1650 534 1770 589 οὐδὲ

1826 542 1977 602 tque
2018 545 2177 587 sensu
2220 530 2331 583 ullo
2363 528 2464 583 fuit
2499 534 2662 591 tacta,
2696 525 2843 595 (nam
2889 522 3266 592 incorporeum
3307 539 3444 588 quo-

199 633 680 706 συμμετεδάλλετο
710 631 965 699 ἀλγοῦντι
1026 632 1119 684 καὶ
1148 632 1412 699 πάσχοντι
1429 630 1507 700 τῷ
1557 628 1772 697 σώματι

198 728 511 797 (ἀσώματον
561 724 674 794 γάρ
725 723 940 791 σώματι
968 721 1008 791 ἢ
1049 721 1210 791 σῶμα
1263 721 1540 792 ἀσωμάτῳ
1583 720 1683 772 οὐκ
1708 718 1774 772 ἀν

194 832 327 869 ποτε
373 813 710 885 συμπάθοι),
767 808 898 883 ἦνη
953 813 1020 865 ἂν
1072 812 1365 882 ἀσώματον
1410 811 1559 877 δόξαι
1607 810 1776 876 αὐτὴν

196 905 510 968 ἀκολούθως
569 906 683 968 τοῖς
733 904 1068 974 εἰρημένοις.
1103 902 1166 957 Ei
1215 904 1272 957 δὲ
1334 902 1647 972 συμπάσχοι
1699 900 1777 969 τῷ

197 996 435 1067 σώματι,
494 997 745 1063 καθάπερ
771 997 864 1048 καὶ
887 995 974 1047 διὰ
1006 995 1107 1064 τῆς
1142 995 1636 1063 έπιμαρτυρήσεως
1669 992 1777 1043 τῶν

196 1088 545 1156 φαινομένων
591 1086 1001 1147 ἀποδείκνυται,
1047 1084 1337 1154 ἀσώματος
1358 1082 1501 1137 εἶναι
1522 1084 1583 1135 οὑ
1614 1083 1776 1135 δύνα-

196 1195 307 1230 ται.
354 1178 420 1231 Ἦ
442 1178 572 1243 γοῦν
600 1179 862 1246 ἀγένητος
890 1178 942 1209 ⁸⁸
976 1177 1069 1229 καὶ
1099 1176 1351 1246 ἀνενδεὴς
1374 1175 1471 1229 καὶ
1493 1176 1781 1245 ἀκάματος

198 1272 368 1338 φύσις
393 1272 423 1324 ὁ
454 1272 588 1335 Θεὸς
634 1272 792 1340 μόνος
825 1271 1033 1341 ᾄδεται,
1083 1269 1379 1338 ἀσώματος
1414 1268 1511 1331 ὢν,
1554 1268 1635 1321 διὸ
1688 1269 1783 1322 καὶ

199 1364 458 1432 ἀόρατος·
478 1362 611 1415 Θεὸν
628 1362 735 1431 γάρ
754 1362 927 1424 οὐδεὶς
948 1360 1211 1433 ἑώρακεν.
1238 1362 1306 1414 Al
1327 1360 1384 1414 δὲ
1408 1360 1579 1430 ψυχαὶ
1611 1360 1715 1413 ὑπὸ
1740 1361 1781 1391 "

200 1455 296 1508 τοῦ
328 1453 676 1523 Δημιουργοῦ
722 1453 817 1505 καὶ
856 1453 1067 1521 [ἰατρὸς
1094 1451 1201 1505 τῶν
1224 1452 1382 1514 ὅλων,
1411 1440 1640 1519 σώματα
1669 1466 1785 1502 νοε-

206 1544 279 1610 ρά
302 1544 667 1613 ὑπάρχουσαι,
693 1544 773 1604 εἰς
800 1541 943 1611 λόγῳ
972 1539 1223 1612 θεωρητά
1240 1540 1375 1609 μέλη
1389 1539 1785 1608 διακεκόσμην-

202 1653 317 1699 ται,
346 1634 552 1703 ταύτην
582 1633 841 1687 λαϐοῦσαι
887 1633 987 1704 τὴν
1013 1632 1364 1685 διατύπωσιν.
1395 1630 1558 1683 Ὅθεν
1607 1630 1698 1683 καὶ
1727 1631 1784 1681 έν

203 1727 286 1797 τῷ
307 1726 435 1800 ᾄδῃ,
468 1726 718 1798 καθάπερ
733 1728 827 1780 καὶ
855 1728 953 1780 ἐπὶ
981 1726 1078 1779 τοῦ
1100 1727 1351 1795 Λαζάρου
1377 1726 1472 1778 καὶ
1501 1725 1594 1777 τοῦ
1623 1724 1786 1775 πλου-

208 1819 351 1879 σίου,
372 1820 468 1871 καὶ
495 1818 749 1887 γλῶσσαν
791 1818 885 1870 καὶ
938 1816 1201 1870 δάκτυλον
1233 1818 1327 1869 καὶ
1352 1817 1422 1868 τά
1450 1814 1585 1869 ἀλλα
1647 1813 1783 1882 μέλη

1876 625 2034 677 modo
2061 623 2305 688 corporis
2334 635 2520 684 sensu,
2550 627 2643 671 aut
2664 630 2867 684 corpus
2905 613 3209 683 incorporei
3243 612 3439 667 all'cctu

1877 712 2189 785 tangatur?)
2221 712 2466 781 sequitur
2510 708 2899 763 convenienter
2955 703 3229 773 praedictis
3261 713 3317 757 ιιι
3356 705 3441 756 in-

1875 819 2133 875 corporea
2165 817 2287 859 esse
2320 803 2585 855 videatur.
2625 799 2682 853 Si
2732 808 2911 853 autem
2942 811 3064 853 cum
3089 809 3315 864 corpore
3346 810 3444 863 pa-

1880 902 2063 961 tiatur,
2096 894 2549 964 quemadmodum
2579 891 2774 962 301i:
2810 903 2877 943 ex
2942 888 3010 943 iis
3048 886 3139 957 qui
3180 900 3449 954 apparue-

1878 1000 2004 1042 runt
2056 988 2459 1056 cmnprobatnr,
2530 984 2845 1049 incorporea
2897 995 3019 1035 esse
3078 994 3182 1032 non
3244 986 3445 1045 potest.

1880 1079 2022 1148 Ergo
2045 1077 2193 1131 solus
2233 1076 2370 1129 Deus
2415 1084 2603 1127 natura
2638 1073 2895 1141 ingenita,
2931 1069 3129 1124 nullius
3172 1069 3445 1137 indigens.

1878 1180 1934 1224 et
1977 1169 2244 1222 ittdefessa
2306 1182 2403 1221 nec
2455 1165 2746 1233 fatigabilis
2795 1164 3139 1231 przetlicatur,
3172 1161 3289 1230 qui,
3326 1174 3450 1213 cum

1881 1260 2231 1327 incorporeus
2257 1258 2349 1321 sit,
2376 1268 2659 1323 prouterea
2684 1264 2769 1307 est
2792 1253 3095 1307 invisibilis.
3120 1252 3285 1305 Deunt
3306 1252 3450 1303 enim

1883 1367 2042 1405 nemo
2074 1350 2238 1415 vidit;
2273 1349 2466 1401 anima:
2497 1363 2625 1400 vero
2656 1346 2769 1415 (79)
2812 1362 2840 1398 a
2878 1345 3037 1397 Patre
3074 1343 3450 1396 universorum

1882 1456 2108 1510 corpora
2126 1440 2409 1495 rationalia
2426 1440 2674 1501 conditae,
2693 1440 2744 1492 in
2764 1440 3002 1492 membra
3034 1439 3243 1491 ratione
3274 1436 3453 1506 pert-i-

1887 1530 2080 1599 pienda
2106 1538 2406 1595 exornatae,
2451 1530 2589 1583 lianc
2628 1530 2856 1598 llguram
2908 1537 3233 1595 acceperunt
3272 1544 3286 1581 :
3317 1529 3458 1581 unde

1888 1620 2027 1687 apud
2075 1617 2299 1685 inferos,
2339 1626 2397 1673 ut
2447 1620 2500 1673 in
2532 1618 2741 1673 Lazaro
2788 1626 2843 1673 et
2887 1618 3053 1672 divite
3089 1616 3197 1689 [est
3243 1617 3450 1689 videre]

1890 1711 2148 1780 linguam,
2191 1720 2247 1766 et
2273 1712 2521 1782 digitum,
2560 1721 2615 1766 et
2632 1711 2735 1764 alia
2769 1715 3008 1764 membra
3041 1711 3241 1765 habere
3269 1711 3460 1763 dicun-

1892 1813 2000 1868 tur,
2036 1818 2143 1857 non
2194 1805 2339 1873 quod
2394 1804 2628 1859 alienum
2685 1818 2883 1869 corpus
2914 1819 3035 1858 cum
3089 1804 3195 1857 illis
3235 1804 3462 1858 exsistat

211 1910 556 1980 ἱστοροῦνται
598 1908 764 1978 ἔχειν,
810 1909 906 1978 οὐχ
938 1908 1013 1970 ὡς
1036 1906 1286 1976 σώματος
1309 1907 1496 1977 ἑτέρου
1516 1903 1787 1972 συνυπάρ-

1826 1893 1861 1948 Β
1894 1895 2143 1961 infame,
2172 1896 2265 1951 sed
2296 1895 2443 1965 quod
2478 1897 2608 1964 ipsa:
2636 1896 2851 1961 anima,
2884 1896 2951 1948 ab
2976 1894 3119 1948 omni
3150 1902 3460 1960 legumento

209 2018 402 2071 κοντος
426 2001 617 2062 αὑταῖς
640 1998 874 2063 ἀειδοῦς,
898 2000 1011 2051 ἀλλ’
1042 2001 1123 2051 ὅτι
1164 1997 1325 2051 αὑταὶ
1347 1998 1390 2030 ¹⁶
1416 1996 1575 2065 φύσει
1600 1996 1657 2049 αἱ
1682 1995 1786 2063 ψυ-

209 2095 329 2163 χαὶ,
352 2094 553 2155 παντὸς
588 2093 1066 2163 ἀπογυμνωθεῖσαι
1093 2090 1517 2161 περιϐλήματος.
1543 2088 1787 2142 τοιαῦται

210 2186 357 2239 κατά
383 2186 481 2255 τὴν
513 2185 701 2238 οὐσίαν
728 2186 1083 2254 ὑπάρχουσιν.

296 2279 427 2333 Ὀτι
453 2280 618 2349 φησὶν
652 2282 680 2332 ό
705 2280 858 2348 ἆγιος
884 2283 940 2332 ὲν
960 2279 1291 2339 τέλει.Ὢστε
1321 2281 1401 2344 τὸ,
1426 2279 1526 2331 Διὰ
1549 2277 1724 2331 τοῦτο
1746 2278 1788 2309 ¹⁹

212 2372 474 2439 Χριστὸς
527 2372 811 2438 ἀπέθανε,
866 2372 1185 2442 λεγόμενον,
1239 2372 1341 2425 ἵνα
1414 2369 1642 2430 ζώντων
1693 2369 1791 2422 καὶ

210 2465 451 2532 νεκρῶν
491 2466 808 2533 κυριεύσῃ,
849 2468 942 2519 ἐπὶ
1000 2465 1111 2518 τῶν
1164 2464 1351 2534 ψυχῶν
1396 2463 1494 2517 καὶ
1537 2464 1632 2517 ἐπὶ
1683 2464 1791 2515 τῶν

213 2556 493 2623 σωμάτων
543 2556 951 2626 παραληπτέον,
1008 2556 1227 2620 ζώντων
1274 2556 1375 2626 μὲν
1421 2555 1531 2608 τῶν
1579 2554 1786 2625 ψυχῶν,

211 2648 356 2700 καθὸ
385 2648 665 2709 ἀθάνατοι,
701 2648 908 2719 νεκρῶν
942 2649 999 2701 δὲ
1032 2647 1141 2700 τῶν
1165 2648 1456 2716 σωμάτων.

289 2740 419 2793 Ὀτι
466 2742 515 2793 εἰ
570 2741 899 2812 τιμιώτερον
929 2739 1089 2810 σῶμα
1122 2738 1411 2811 ἀνθρώπου
1459 2739 1565 2793 τῶν
1616 2739 1794 2793 ἀλλων

212 2832 400 2898 ζώων,
433 2833 515 2885 ὅτι
534 2834 687 2902 χερσί
716 2850 775 2886 τε
811 2832 945 2886 Θεοῦ
976 2832 1194 2898 λέγεται
1229 2830 1540 2883 πεπλάσθαι
1584 2830 1679 2882 καὶ
1712 2830 1793 2883 ὅτι

212 2924 549 2994 τιμιωτέρου
591 2924 689 2994 τῆς
740 2924 978 2994 ψυχῆς¹⁰
1010 2922 1311 2991 τετύχηκεν
1351 2922 1627 2990 ὀχήματος
1649 2921 1791 2981 “-",

211 3014 343 3076 πῶς
370 3013 528 3065 τοῦτο
557 3013 655 3082 μὲν
669 3013 1055 3082 ὀλιγοχρόνιον,
1090 3011 1297 3076 ἀλόγων
1328 3010 1384 3063 δέ
1418 3027 1579 3062 τινων
1616 3008 1795 3079 πολλῷ

210 3103 783 3173 πολυχρονιώτεραςῆ
809 3102 969 3169 δῆλον
998 3102 1073 3164 ὡς
1114 3103 1147 3169 ἡ
1179 3098 1372 3153 τούτου
1441 3098 1794 3170 πολυχρόνιος

212 3195 463 3264 ῦπαρξις
493 3193 631 3263 μετά
658 3193 755 3264 τὴν
779 3194 1075 3247 ἀνάστασιν
1107 3192 1281 3245 ἔσται.

942 3457 1025 3509 ΣΛ
1035 3455 1109 3509 Ε’.

216 3547 346 3603 Τοῦ
374 3545 561 3600 αὑτοῦ
597 3547 729 3613 περὶ
762 3545 880 3599 τῶν
907 3543 1173 3682 τόεζθητῶν
1199 3544 1424 3613 ἐκλοτὴ
1466 3542 1615 3598 κατὰ
1652 3545 1804 3597 σύν-

1024 3632 1102 3668 ιν.

1024 3632 1102 3668 ιν.

314 3702 656 3773 ’Δνεγνώσθη
694 3705 760 3757 ἐκ
788 3703 884 3757 τοῦ
941 3705 1098 3771 άγίου
1149 3704 1427 3773 μάρτυρος
1473 3704 1735 3757 Μεθοδίω
1763 3704 1807 3735 ’³

214 3800 327 3849 καὶ
358 3796 662 3848 ἐπισκόπου
685 3795 782 3849 τοῦ
816 3795 946 3865 περὶ
982 3795 1091 3849 τῶν
1120 3794 1366 3866 γενητῶν
1388 3795 1454 3861 ⁸⁸,
1477 3795 1678 3865 ἐκλογὴ
1708 3812 1807 3848 κα-

213 3890 301 3942 τὰ
323 3888 570 3957 σύνοψιν.

302 3982 432 4035 Ὀτι
461 3981 544 4044 τὸ,
572 3979 669 4047 Μὴ
699 3980 935 4046 βάλητε
951 3979 996 4013 ’⁸
1023 3978 1089 4032 τὸ
1113 3978 1285 4048 ἄτιον
1315 3980 1440 4046 τοῖς
1465 3980 1631 4045 κυσί,
1656 3980 1813 4049 μηδὲ

210 4073 381 4138 τοὺς
421 4073 780 4145 μαργαρίτας
829 4070 997 4140 ὑμῶν
1039 4071 1383 4139 ἔμπροσθεν
1410 4071 1529 4124 τῶν
1563 4073 1808 4141 χοίρων,

214 4164 590 4235 μαργαρίτας
624 4164 723 4231 μὲν
752 4162 847 4216 τοῦ
890 4162 1117 4226 ξενῶνος
1144 4163 1189 4193 ³⁸
1208 4164 1288 4215 τὰ⁶
1305 4162 1687 4234 μυστικώτερα
1712 4165 1813 4228 τῆς

209 4255 525 4309 θεοσδότου
579 4253 877 4324 θρησκείας
934 4249 1370 4321 ἐκλαμϐάνοντος
1392 4254 1434 4285 ³⁷
1489 4254 1812 4323 μαθήματα,

206 4348 461 4417 χοίρους
498 4344 557 4397 δὲ
608 4346 737 4406 τοὺς
778 4342 865 4396 ἔτι
898 4343 1124 4413 ἀσεὸεία
1176 4342 1271 4395 καὶ
1301 4342 1514 4412 ἡδοναῖς
1568 4341 1813 4415 [494114

206 4436 528 4497 παντοίαις
557 4434 713 4504 δίκην
742 4435 942 4502 χοίρων
972 4435 1029 4484 ὲν
1069 4431 1311 4503 βορϐόρῳ
1363 4432 1817 4501 καλινδουμένους

208 4526 478 4604 (τρῦτοις
503 4525 611 4594 γὰρ
631 4524 886 4595 εἰρῆσθαι
914 4524 1067 4594 παρὰ
1094 4523 1332 4594 Χριστοῦ
1357 4523 1509 4590 ἔλεγε
1528 4523 1604 4594 μὴ
1630 4542 1813 4594 παρα-

1894 1986 2105 2042 nudate
2157 2004 2254 2058 per
2295 2004 2355 2043 se
2401 2000 2591 2042 natura
2628 2003 2721 2043 sua
2759 1988 3051 2043 secundum
3099 1987 3459 2041 substantiam

1895 2080 2030 2134 tales
2056 2082 2187 2134 sint.

1969 2262 2130 2315 Addit
2175 2263 2225 2314 in
2257 2263 2362 2315 line
2409 2264 2491 2315 vir
2524 2273 2769 2325 sanctus,
2804 2262 2935 2318 illud
2982 2264 3184 2319 dictum
3219 2282 3233 2316 :
3278 2263 3339 2318 1η
3370 2266 3465 2319 hoc

1898 2354 2138 2408 Christus
2174 2364 2413 2409 mortuus
2442 2366 2522 2409 est
2549 2365 2606 2410 ut
2641 2356 2875 2411 visorum
2908 2366 2957 2410 et
3002 2368 3332 2410 mortuorum
3362 2363 3466 2412 do-

1900 2449 2127 2500 minetur
2160 2458 2207 2510 ο,
2240 2447 2306 2501 de
2342 2449 2625 2503 animabus
2654 2459 2707 2501 et
2738 2449 3066 2517 corporibus
3094 2450 3465 2519 accipiendum

1899 2553 2043 2603 esse,
2086 2539 2222 2593 vivis
2261 2539 2469 2594 scilicet
2502 2540 2810 2603 animabus,
2833 2548 3017 2610 utpote
3046 2541 3465 2609 immortalibus,

1901 2630 2125 2684 mortuis
2153 2646 2279 2685 vero
2303 2633 2643 2700 corporibus.

1970 2720 2121 2787 Quod
2153 2722 2199 2775 si
2222 2720 2333 2792 (80)
2360 2737 2556 2788 corpus
2577 2722 2867 2776 humanum
2890 2722 3130 2777 omnium
3156 2721 3469 2777 animalium

1900 2812 2123 2867 aliorum
2173 2815 2493 2881 corporibus
2540 2824 2623 2867 est
2665 2813 2917 2877 nobilius,
2961 2814 3085 2883 quia
3140 2814 3308 2884 ipsius
3362 2814 3457 2869 Dei

1903 2905 2155 2960 inanibus
2200 2904 2541 2959 eﬂormatum
2576 2915 2631 2959 et
2668 2905 2945 2960 rationalis
2973 2906 3168 2960 animas
3206 2915 3471 2975 praestau-

1903 2997 2009 3049 tius
2067 2994 2365 3048 vehiculum
2426 3012 2441 3048 :
2491 2995 2760 3064 quomodo
2827 2992 2930 3047 hoc
2990 3000 3098 3045 tam
3159 2992 3338 3046 brevis
3385 2999 3472 3046 est

1900 3087 2021 3150 aevi,
2057 3099 2181 3138 cum
2223 3085 2386 3138 multa
2445 3084 2761 3138 animalium
2800 3083 3195 3138 irrationalium
3237 3098 3466 3153 corpora

1902 3178 2012 3230 sint
2061 3177 2165 3231 hoc
2214 3176 2381 3229 multo
2440 3176 2703 3245 longioris
2746 3177 2910 3231 vita)?
2957 3176 3297 3231 Manifestum
3334 3192 3465 3245 ergo

1826 3252 1869 3309 (ἶ
1905 3267 2046 3321 illius
2094 3267 2455 3321 substantiam
2503 3276 2623 3336 post
2667 3269 3126 3323 resurrectionem
3175 3270 3470 3339 longaevam

1906 3359 2043 3431 [sive
2073 3358 2358 3431 aeternam]
2390 3359 2525 3414 fore.

2539 3449 2846 3508 CCXXXV.

2014 3545 2098 3599 Ea:
2121 3545 2254 3597 libro
2282 3547 2450 3598 sancti
2498 3543 2754 3599 Methodii
2784 3547 2847 3600 de
2874 3547 3063 3601 creatis
3095 3560 3359 3618 excerpta.

1980 3702 2103 3773 Legi
2126 3718 2156 3755 e
2175 3712 2365 3757 sancto
2392 3702 2665 3757 Methodio
2682 3704 2934 3773 episcopo
2957 3716 3192 3775 martyre
3220 3721 3313 3774 per
3327 3723 3477 3761 com-

1909 3792 2156 3864 pendium
2188 3804 2441 3865 excerpta
2469 3795 2536 3849 de
2557 3795 2755 3867 genitis
2784 3810 2878 3851 seu
2907 3799 3119 3852 creatis.

1981 3983 2112 4039 Illud
2148 3983 2347 4039 Christi
2391 4000 2406 4037 :
2448 3983 2629 4040 Nolite
2674 3986 2928 4055 projicere
2961 3997 3197 4041 sanctum
3241 3989 3478 4058 canibus,

1915 4094 2074 4144 neque
2085 4078 2397 4147 margaritas
2408 4084 2603 4132 vestras
2616 4086 2735 4132 ante
2751 4094 2929 4141 porcos
2949 4078 2995 4145 t;
3011 4080 3147 4133 dixit
3163 4084 3482 4151 margaritas

1914 4183 2035 4223 esse
2059 4183 2153 4223 eos
2190 4170 2281 4238 qui
2313 4170 2365 4222 in
2393 4168 2631 4223 Ecclesia
2665 4170 2933 4223 sanctiora
2973 4172 3166 4225 divime
3206 4173 3483 4242 religionis

1914 4258 2172 4329 mysteria
2208 4259 2426 4325 capiunt
2453 4274 2468 4312 :
2497 4273 2689 4327 porcos
2723 4274 2873 4325 vero,
2904 4260 2992 4328 qui
3025 4261 3076 4313 in
3100 4263 3246 4316 omni
3285 4278 3484 4333 genere

1917 4348 2212 4418 impietatis
2240 4358 2296 4403 et
2317 4349 2601 4417 voluptatis
2644 4350 2808 4404 veluti
2842 4351 2987 4420 porci
3019 4353 3070 4404 in
3113 4367 3272 4407 emno
3301 4355 3479 4409 adbuc

1917 4440 2224 4494 volutantur
2266 4441 2402 4509 (8i).
2435 4438 2559 4506 His,
2603 4442 2800 4511 inquit,
2834 4441 3105 4495 a.Cltristo
3145 4444 3344 4498 dictum
3401 4456 3484 4499 est

1923 4540 2026 4579 non
2082 4540 2202 4579 esse
2252 4527 2493 4581 caelestia
2543 4530 2800 4598 mysteria
2856 4530 2971 4596 (82)
3024 4532 3373 4599 projicienda,
3418 4550 3485 4588 eo

205 4584 428 4673 ὲᾶλεῖν
566 4584 698 4670 θεῖα·
717 4584 1039 4686 μαθήματα,
1068 4584 1157 4669 διά
1188 4616 1248 4667 τὸ
1281 4617 1355 4685 μὴ
1387 4584 1646 4669 δύνασθαι
1675 4584 1793 4668 aibat

1848 4584 1896 4641 θ
1923 4616 2065 4682 quod
2105 4618 2220 4671 haec
2268 4632 2462 4685 capere
2512 4634 2617 4672 non
2649 4620 2875 4688 possint,
2919 4623 3081 4674 veluti
3113 4624 3405 4691 impietatis
3431 4636 3486 4679 et

204 4715 292 4781 φὲ
307 4728 455 4782 ρειν,
476 4711 571 4763 an
592 4711 658 4779 τῇ
678 4708 907 4778 ἀσεϐείᾳ
926 4708 1020 4761 καὶ
1043 4709 1163 4770 ταῖς
1191 4707 1412 4778 ἀγρίαις
1431 4706 1644 4776 ἡδοναῖς
1673 4724 1810 4776 προ-

308 4840 340 4867 ·
379 4828 536 4883 Rom.
575 4844 693 4893 ιιν,
718 4830 791 4885 9ο-
850 4831 870 4869 ί
904 4830 1092 4884 Matth.
1135 4845 1233 4895 vn,
1264 4828 1318 4883 6.

1922 4705 2053 4759 l‘eris
2084 4704 2310 4763 fmdisve
2348 4708 2714 4777 voluptatibus
2741 4709 2853 4778 jam
2888 4724 3011 4767 ante
3042 4716 3314 4783 occupati.
3354 4719 3484 4769 San-

1547 4917 1775 4974 νΑιιιΑε
1808 4917 2106 4974 LECTION
2114 4918 2217 4973 ES.

303 5013 363 5046 ⁸⁸
392 5006 469 5092 ᾖν
490 5011 618 5092 Al}:
652 5011 738 5063 ἵνα
776 5028 836 5092 ς·³
914 5013 957 5043 ⁸⁸
988 5012 1281 5092 ἀγέννητος
1304 5014 1403 5092 A.“
1684 5010 1964 5092 librind‘lté.
2046 5009 2088 5042 ¹⁸
2121 5011 2283 5092 αὐταί
2318 5011 2409 5092 A5
2446 5013 2543 5065 καὶ
2578 5004 2740 5092 abeat
2785 5029 2843 5075 ς.
2881 5014 2966 5092 ’³⁸
2992 5012 3079 5092 διὰ
3094 5013 3293 5092 50530]
3326 5013 3483 5068 Rom.

1362 5080 1481 5111 “.1!
1508 5081 1537 5132 ὁ

203 5101 356 5142 xtv.
389 5083 444 5152 9.
481 5082 576 5152 __“
605 5082 935 5152 τιμιωτέρου
961 5082 1059 5149 τῆς
1089 5082 1287 5152 ψυχῆς.

1575 5080 1779 5149 ήματος
1810 5080 1851 5133 Β
1874 5092 1928 5133 et
1958 5094 2102 5134 corr.
2125 5082 2167 5134 A
2198 5097 2211 5132 :
2250 5080 2573 5161 τιμιώτερον
2601 5082 2700 5150 τῆς
2722 5082 2944 5150 λογικῆς
2978 5081 3176 5222 tinxi];
3211 5080 3393 5154 ὄχημα
3423 5102 3484 5147 ς.

1575 5168 1685 5222 που
1706 5151 1982 5222 -Μεθοδίου
2014 5168 2075 5215 ς.
2168 5151 2511 5222 ’δῄγεννητων
2540 5168 2601 5214 ς’.
2668 5151 2723 5222 ξ’
2754 5153 2829 5221 μὴ
2864 5151 2981 5219 βάλ.
3152 5162 3286 5208 attlt.
3314 5172 3406 5217 vu,
3430 5156 3483 5211 6.

199 5161 260 5187 ’³
302 5150 585 5207 Μεθοδίου
623 5153 713 5204 καὶ
742 5149 1040 5205 ἐπισκόπου
1070 5149 1156 5203 ΑΒ
1190 5170 1203 5205 :
1240 5150 1335 5203 καὶ
1369 5152 1672 5203 ἐπισκόπου
1720 5151 1982 5203 Μεθοδίου
2014 5168 2075 5215 ς.
2168 5151 2214 5182 ’⁸
2238 5149 2470 5215 γεννητᾶ

200 5228 262 5259 ³⁸
307 5221 422 5277 τοῦ
452 5220 675 5287 ξενῶνος
698 5223 839 5276 delet
868 5228 934 5284 Α,
973 5236 1081 5276 om.
1107 5219 1182 5285 B;
1221 5220 1320 5291 legi
1369 5222 1538 5291 possit
1561 5220 1651 5273 τοῦ
1676 5220 2004 5292 Ὠριγένους.

2168 5151 2511 5233 ρδςγενὲητῶν
2540 5168 2601 5214 ςι,
2630 5223 2644 5233 Δ
2665 5151 2723 5233 1'
2754 5153 2829 5233 μῂ
2853 5151 3024 5233 seu].
3098 5151 3406 5217 Mattltﬂttt.
3430 5156 3483 5211 6.

2084 5222 2130 5257 ’⁷
2156 5220 2588 5291 ὲκλαμὸἀνοντος
2616 5220 2703 5276 ΑΒ
2728 5237 2741 5273 :
2786 5220 3225 5293 ἐκλαμϐάνοντος
3248 5241 3309 5289 ς’.

1758 5332 1989 5392 NOTAE.

292 5430 439 5503 ('19)
464 5430 630 5503 Error
668 5430 922 5503 Hethodii
954 5434 1162 5490 animas
1186 5447 1309 5489 esse
1341 5444 1654 5503 corporeas.

1995 5429 2110 5511 (βξ)
2137 5428 2334 5511 sacras
2362 5431 2615 5487 Litteras.
2641 5430 2817 5485 Ξενὼν
2838 5430 2938 5486 hoc
2967 5430 3085 5485 loco
3118 5446 3217 5511 pro
3242 5429 3484 5511 Ecclesia

294 5501 440 5575 (80)
469 5501 526 5555 Si
561 5501 705 5570 legas
742 5502 914 5575 ﬁupro
937 5503 1008 5564 ει,
1049 5516 1107 5557 ιιι
1133 5506 1343 5558 videtur
1369 5502 1652 5575 legendum
1686 5515 1819 5575 pro.
1918 5502 2294 5575 accipiendum
2343 5513 2492 5575 puto,
2534 5516 2972 5575 qttasicomrnunc
3010 5503 3275 5575 omnium
3298 5502 3484 5567 hospi-

190 5568 364 5653 pte'r
423 5568 682 5653 sumens,
740 5568 922 5653 δῆλον,
968 5574 1105 5629 alius
1151 5587 1342 5629 sensus
1386 5568 1470 5653 est
1500 5587 1513 5623 :
1546 5568 1819 5653 .Christus
1916 5568 2073 5653 tium:
2112 5571 2214 5653 nisi
2248 5568 2385 5651 forte
2426 5568 2609 5653 locum
2657 5571 2916 5653 intelligit
2972 5571 3061 5624 ubi
3101 5570 3483 5653 gatecbumeu:

193 5639 455 5705 ilicitur
502 5639 834 5693 mortuorum
882 5645 996 5697 sive
1054 5657 1341 5712 corporum
1383 5639 1672 5712 Dominus
1721 5651 1817 5693 aut

191 5719 630 5788 quia___corpus
681 5712 969 5765 humanum
1017 5724 1121 5778 est,
1152 5710 1258 5767 aut
1304 5710 1431 5779 quia
1464 5711 1814 5764 manifestum

192 5778 298 5846 εἶδε
354 5778 533 5833 illius.

291 5849 440 5925 (81)
482 5847 643 5902 Forte
670 5848 927 5919 Origenes
956 5865 1114 5920 quem
1142 5851 1362 5907 refutat.

1914 5639 2073 5693 simul
2106 5651 2160 5693 et
2188 5642 2378 5708 pagani
2408 5643 2737 5696 docebantur
2765 5639 3075 5708 religionem
3098 5639 3485 5693 Cltristianatni

1915 5709 2325 5789 Seven-alioqui.
2372 5720 2455 5764 est
2490 5712 2651 5776 idem,
2675 5712 2820 5781 quod
2862 5709 3255 5765 xenodocbium
3283 5712 3370 5763 ubi
3405 5724 3488 5777 pe-

1925 5794 2122 5847 regrini
2162 5789 2516 5847 reetptuntur.
