4208 6442
750 379 884 445 1139

1824 382 2086 445 ΡΙΙΟΤΠ
2122 379 2627 443 ΡΑΤΙὶΙΑΡιΟΗίΕ
2666 381 2778 441 CP.

3849 372 3985 437 1140

754 508 870 547 cttts
910 489 1208 546 Methodius
1252 493 1349 557 ait,
1384 493 1427 547 si
1461 507 1556 562 per
1598 496 1916 564 margaritas
1946 496 2303 564 intelligendw
2331 498 2378 553 A

2406 490 2877 561 κατισχημένους),
2908 492 2935 542 ὁ
2968 490 3141 559 μέγας
3171 487 3434 549 Μεθόδιός
3457 503 3647 557 φησιν,
3673 486 3722 537 εἰ
3762 502 3979 557 μαργα-

745 592 866 638 Sunt
912 582 1229 635 venerandzc
1275 596 1548 651 sacraeque
1597 582 1833 647 Litterae.
1880 601 1973 653 per
1999 603 2191 657 porcos
2216 604 2310 641 au-

746 682 850 718 teut
898 665 1142 719 homines
1185 666 1443 733 impietati
1476 676 1530 719 et
1573 669 1941 736 voluptatibus
1971 672 2159 734 dediti,
2192 673 2311 739 qni-

746 759 845 811 bus
875 756 1170 824 apostolica
1216 756 1416 825 302a
1451 757 1593 811 dicta
1654 761 1719 813 ad
1776 762 2029 829 pietatem
2062 773 2117 816 et
2148 762 2310 816 Cliri-

745 850 812 901 Sli
860 848 1019 903 ﬁdem
1074 850 1321 903 ducentia
1402 866 1505 905 non
1557 853 1665 905 sint
1733 854 2166 918 accommodata,
2216 855 2310 908 sed

746 943 939 1006 celata,
972 942 1095 998 vide
1122 958 1189 996 ne
1208 944 1359 997 dicas
1391 945 1554 996 ullum
1580 944 2015 998 Christianorum
2048 947 2307 1013 apostoli-

746 1035 826 1087 cis
858 1034 1145 1101 prteconiis
1187 1048 1251 1087 ex
1288 1036 1483 1102 prioris
1524 1037 1647 1088 vita:
1674 1036 1947 1103 impietate
1990 1051 2309 1090 conversum

746 1140 886 1179 csse.
942 1124 1125 1193 Neque
1171 1128 1313 1179 enim
1361 1127 1462 1179 ulla
1502 1128 1709 1181 ratione
1741 1127 1922 1180 divina
1954 1126 2159 1181 Christi
2194 1145 2312 1197 my-

746 1218 910 1273 steria
956 1220 1279 1287 projecerint
1316 1221 1399 1281 iis,
1448 1222 1536 1287 qui
1590 1232 1812 1288 propter
1842 1220 2211 1275 inﬁdelitatem
2239 1223 2312 1275 si-

747 1310 901 1366 miles
946 1320 1073 1366 sunt
1132 1313 1335 1379 porcis.
1392 1314 1496 1364 Aut
1539 1327 1665 1380 ergo
1705 1313 1954 1366 omnibus
2004 1310 2225 1376 Graecis,
2261 1324 2314 1367 et

746 1403 865 1455 aliis
915 1403 1223 1457 inﬁdelibus
1271 1404 1381 1457 haec
1431 1406 1681 1473 mysteria
1714 1421 1741 1457 ιι
1784 1403 1983 1458 Christi
2033 1405 2310 1472 discipulis

748 1503 874 1547 sunt
924 1497 1196 1564 proposita
1226 1507 1277 1550 et
1303 1496 1609 1563 pradicata,
1649 1496 1877 1564 illosque
1920 1498 1987 1550 ab
2036 1497 2310 1564 impietate

745 1587 811 1637 ad
866 1584 1139 1639 Christum
1196 1598 1584 1641 converterunt
1642 1590 1739 1657 (uti
1788 1597 1840 1641 et
1896 1603 1992 1641 nos
2031 1588 2311 1641 credentes

743 1678 1108 1743 conﬁtemur),
1155 1687 1209 1731 et
1242 1677 1368 1730 illud
1410 1677 1610 1730 dictum
1648 1696 1659 1729 :
1703 1676 1779 1729 Ne
1798 1679 2041 1745 projicite
2096 1694 2311 1747 marga-

744 1772 874 1820 ritas
928 1778 1293 1845 vestras'ame
1328 1784 1533 1835 porcos,
1582 1784 1685 1822 non
1734 1779 1909 1837 potest
1954 1769 2185 1836 amplius
2236 1773 2309 1820 ita

741 1862 935 1928 accipi,
974 1862 1049 1913 uti
1078 1840 1277 1913 dictum
1315 1871 1398 1913 est
1431 1879 1442 1913 :
1491 1869 1582 1911 aut
1616 1861 1717 1914 lioc
1762 1860 1853 1921 ita,
1882 1868 1938 1911 ut
1970 1860 2170 1913 dictum
2205 1870 2305 1920 est,
2340 1840 2385 1898 Β

741 1960 964 2019 accepto
1016 1967 1109 2005 seu
1161 1952 1453 2013 intellecto,
1502 1952 1787 2006 dicendum
1823 1953 1923 2003 erit
1956 1952 2131 2014 nobis,
2174 1950 2304 2003 nulli

740 2044 1033 2099 inﬁdelium
1077 2058 1212 2111 quos
1244 2044 1422 2109 porcis
1449 2057 1852 2109 comparamus,
1886 2054 1977 2105 per
2007 2042 2305 2105 apostolica

738 2140 1059 2190 documenta
1107 2149 1226 2203 qua:
1274 2136 1482 2187 animas
1533 2136 1702 2187 instar
1746 2134 2158 2201 margaritarum
2197 2134 2306 2184 illo-

739 2223 965 2285 minant,
995 2222 1154 2275 ﬁdem
1208 2222 1260 2274 in
1308 2220 1584 2275 Christum
1630 2233 1684 2275 et
1712 2222 1777 2274 ab
1811 2222 2082 2289 impietate
2140 2223 2304 2276 liber-

739 2326 901 2368 tatem
953 2325 1164 2384 partam
1203 2328 1345 2368 esse.
1380 2315 1483 2369 Sed
1532 2317 1631 2369 hoc
1688 2316 2058 2381 blasplietnum
2090 2326 2171 2367 est
2223 2317 2303 2369 di-

735 2424 879 2461 cere.
910 2407 1048 2477 Ergo
1068 2411 1375 2477 margarita)
1416 2408 1518 2461 hoc
1546 2409 1660 2461 loco
1691 2424 1794 2462 non
1826 2419 1949 2461 sunt
1978 2409 2303 2477 accipienda:

736 2516 833 2569 pro
884 2500 1254 2553 sanetioribus
1306 2498 1608 2570 [Ecclesiae
1650 2498 1665 2569 ]
1737 2500 2057 2567 disciplinis,
2133 2518 2304 2568 neque

735 2594 881 2659 porci
917 2608 1013 2662 pro
1042 2593 1244 2659 impiis.
1286 2591 1469 2660 Neque
1502 2592 1627 2645 illud
1695 2592 1921 2655 dictmn,
1972 2592 2153 2644 Nolite
2180 2610 2303 2659 pro-

735 2688 894 2749 iicere
941 2685 1261 2751 margaritas
1304 2694 1497 2735 vestras
1544 2695 1664 2735 ante
1706 2700 1911 2751 porcos,
1939 2684 2009 2737 ita
2038 2688 2305 2754 explican-

736 2782 857 2831 dum
892 2788 973 2831 est
1006 2796 1019 2830 ι
1050 2775 1125 2829 Ne
1159 2776 1406 2844 projicile
1462 2777 1646 2843 impiis
1680 2787 1733 2829 et
1782 2777 2086 2831 inﬁdelibus
2123 2779 2301 2831 divina

734 2881 785 2924 et
822 2871 977 2924 ﬁdem
1027 2870 1078 2924 in
1123 2868 1398 2922 Christum
1462 2870 1790 2935 perﬁcientia
1851 2882 2156 2937 praerepta;
2210 2871 2301 2923 sed

735 2963 1040 3031 margarita:
1076 2976 1174 3029 pro
1222 2960 1515 3012 virtutibus
1560 2962 1889 3029 accipienda:
1919 2971 2067 3025 sunt,
2110 2964 2303 3029 quibus

732 3054 899 3107 veluti
931 3051 1183 3119 pretiosis
1232 3051 1458 3118 gemmis
1496 3051 1675 3102 anima
1708 3061 2023 3104 exornatur.
2060 3050 2172 3105 Non
2205 3054 2302 3105 ab~

731 3147 998 3214 jiciendas
1023 3154 1205 3200 autem
1242 3160 1336 3198 eas
1365 3144 1567 3211 porcis,
1607 3144 1708 3195 lioc
1741 3152 1845 3201 est.
1880 3157 1983 3195 non
2012 3143 2301 3211 projicien-

732 3242 831 3293 das
859 3239 1107 3300 virtutes,
1151 3238 1458 3291 castitatem
1500 3251 1709 3303 nempe,
1764 3236 2303 3302 temperantiam,ju-

733 3334 935 3390 Stitiam
982 3342 1035 3386 et
1078 3333 1393 3386 veritatem:
1448 3330 1566 3393 has,
1617 3331 1857 3397 inquam,
1914 3344 2018 3381 non
2050 3328 2303 3396 objicien-

734 3428 829 3479 ilas
849 3441 968 3479 esse
1000 3425 1225 3492 impuris
1258 3422 1639 3489 voluptatibus:
1675 3422 1752 3472 lue
1780 3422 1921 3471 enim
1952 3420 2127 3485 porcis
2158 3436 2305 3472 com-

735 3528 1035 3585 parantur:
1079 3533 1145 3571 ne
1177 3518 1274 3570 llas
1336 3520 1708 3582 depascentes,
1764 3512 1884 3565 illos
1932 3513 2092 3563 vitam
2126 3512 2304 3578 porcis

735 3608 963 3671 similem
1016 3608 1198 3659 vivere
1257 3616 1471 3674 cogant,
1497 3615 1550 3657 et
1580 3604 1814 3655 animam
1848 3602 1992 3654 omni
2051 3601 2301 3652 vitiorum

734 3714 928 3768 genere
957 3698 1281 3765 compleant.

803 3858 1086 3924 Origenes,
1133 3869 1290 3921 quem
1344 3860 1661 3903 centaurum
1700 3849 1812 3917 (85)
1844 3849 2100 3918 appellat,
2152 3864 2298 3902 asse-

733 3952 888 4002 rebat
936 3947 1244 3999 universum
1294 3944 1395 3996 hoc
1427 3942 1589 4013 [quod
1637 3953 1873 3996 creatum
1911 3941 2014 4013 est]
2062 3942 2158 3995 soli
2215 3957 2303 3995 5a—

731 4040 899 4109 pienti
944 4047 999 4091 et
1032 4036 1227 4089 iutilius
1262 4036 1439 4103 indigo
1473 4035 1578 4087 Deo
1607 4045 1802 4086 cointer
1819 4050 1945 4085 num
1974 4048 2116 4087 esse.
2156 4034 2302 4088 Dice-

729 4134 822 4185 bat
848 4130 1013 4194 enim,
1052 4128 1201 4180 Sicut
1234 4143 1338 4180 non
1380 4138 1462 4179 est
1506 4126 1683 4194 Opifex
1715 4126 1832 4179 sine
1866 4125 2099 4192 opiﬁcio,
2142 4138 2296 4193 poeta

730 4226 848 4277 sine
895 4223 1179 4291 poematis,
1232 4220 1526 4288 imperator
1582 4220 1700 4270 sine
1746 4219 2027 4285 subjectis,
2081 4235 2299 4273 necesse

730 4326 811 4370 est
860 4316 1003 4368 enim
1043 4324 1099 4366 ut
1147 4313 1325 4380 opifex
1381 4314 1447 4363 ab
1488 4312 1727 4379 opiﬁcio,
1759 4318 1913 4377 poeta
1948 4327 1973 4360 a
2009 4312 2295 4375 poematis,

727 4416 783 4458 et
839 4405 1133 4471 imperator
1164 4418 1190 4453 a
1231 4402 1488 4468 subjectis
1546 4402 1873 4461 nominetur,
1908 4398 2027 4470 [ita]
2079 4416 2297 4454 necesse

725 4506 812 4548 est
863 4505 1044 4548 creata
1094 4511 1122 4547 a
1156 4494 1419 4563 principio
1460 4509 1489 4546 a
1526 4492 1634 4545 Deo
1682 4493 1821 4546 facta
1863 4508 2003 4554 esse,
2044 4510 2138 4546 nec
2170 4505 2293 4546 tem-

730 4604 829 4656 pus
860 4588 1025 4640 ullnm
1070 4602 1212 4650 esse,
1241 4602 1347 4653 quo
1386 4586 1497 4639 haec
1540 4601 1643 4638 non
1677 4586 1896 4638 fuerint.
1934 4585 1992 4638 Si
2024 4588 2163 4637 enim
2199 4588 2299 4638 fuit

726 4689 935 4747 tempus
957 4694 1064 4747 quo
1104 4694 1209 4732 non
1253 4677 1471 4731 fuerunt
1493 4679 1731 4745 opiﬁcia,
1763 4692 1890 4743 ergo
1923 4678 2153 4745 Opiﬁniis
2187 4681 2297 4731 uul-

724 4771 790 4824 lis
845 4770 1251 4832 exsistentibus,
1303 4785 1476 4835 neque
1520 4768 1695 4837 opifex
1726 4779 1828 4822 est.
1872 4768 2004 4822 Vide
2050 4787 2167 4837 quia
2211 4787 2294 4824 se-

725 4872 925 4931 quatur
954 4862 1040 4931 [ex
1074 4861 1258 4930 dictis]
1291 4862 1543 4929 impietas
1574 4880 1585 4913 :
1620 4862 1746 4928 quin
1782 4861 1999 4914 alterari
2036 4864 2196 4915 etiam
2241 4872 2293 4916 et

720 4952 921 5003 mutari
965 4964 1223 5019 sequetur
1262 4952 1647 5006 immutabilem
1704 4952 1897 5021 30211
1943 4965 1997 5006 et
2055 4956 2289 5008 invaria-

721 5042 883 5095 bilem
913 5041 1115 5096 Deum;
1140 5042 1195 5096 Si
1224 5044 1366 5096 enim
1399 5060 1501 5095 non
1532 5044 1597 5095 ab
1631 5053 1832 5097 :etcrno
1856 5046 2032 5097 omnia
2061 5048 2285 5111 creavit,

719 5134 1067 5189 manifesmm
1122 5146 1203 5190 est
1258 5135 1403 5187 illum
1447 5150 1474 5187 a
1525 5150 1625 5187 non
1678 5134 1923 5187 faciendo
1968 5137 2032 5188 ad
2085 5136 2279 5191 facien-

2413 586 2563 655 ρίτας
2598 585 2665 635 τά
2695 581 3067 655 σεμνοπρεπῆ
3124 582 3218 632 καὶ
3269 580 3384 631 θεῖα
3440 578 3740 648 μαθήματα
3769 578 3850 629 δεῖ
3898 578 3983 641 te-

2409 674 2649 736 ακούειν,
2671 654 2885 742 χοίρους
2904 672 2959 723 δὲ
2972 674 3095 733 τοὺς
3108 670 3332 738 ἀσεϐείᾳ
3345 670 3439 723 καὶ⁸
3455 670 3664 738 ἡδοναῖς
3683 668 3984 731 συζῶντας,

2410 763 2488 826 οἷς
2523 766 2615 815 καὶ
2662 762 3025 832 ἀπαράϐλητα
3074 763 3168 815 καὶ
3197 763 3491 829 ἀπόκρυφα
3540 762 3611 812 τὰ
3658 760 3792 828 πρὸς
3829 761 3987 810 εὐσέ-

2415 856 2566 907 ϐειαν
2598 858 2690 907 καὶ
2714 857 2809 924 τὴν
2834 857 2912 917 εἰς
2936 855 3169 923 Χριστὸν
3206 855 3387 904 πίστιν
3414 852 3747 904 ἀποστολικά
3786 852 3986 916 διεγεί-

2412 966 2572 1016 ροντα
2596 947 2925 1018 κηρύγματα
2956 946 3035 997 δεῖ
3056 940 3217 1005 εἶναι,
3248 946 3349 1011 ὅρα
3370 945 3442 1006 ὡς
3460 944 3646 997 οὐδένα
3672 944 3853 1009 λέγεις
3874 942 3984 993 τῶν

2411 1040 2751 1108 Χριστιανῶν
2778 1042 2895 1101 τοῖς
2928 1040 3037 1091 τῶν
3067 1039 3385 1092 ἀποστόλων
3408 1035 3760 1106 κηρύγμασιν
3781 1034 3841 1098 ἐξ
3868 1035 3987 1086 ἀσε-

2413 1131 2562 1193 ϐείας
2585 1130 2763 1183 αὐτῶν
2793 1130 2890 1197 τῆς
2927 1130 3199 1199 προτέρας
3240 1127 3598 1194 ἐπιστρέψαι·
3631 1124 3751 1177 οὐδὲ
3780 1123 3891 1192 γάρ
3921 1123 3985 1175 ἂν

2412 1224 2628 1284 πάντως
2688 1220 2992 1291 παρέϐαλον
3009 1221 3053 1251 ³⁸
3084 1221 3151 1271 τὰ
3197 1220 3336 1271 κατὰ
3382 1218 3613 1287 Χριστὸν
3634 1218 3679 1247 ⁸⁸
3714 1216 3986 1284 μυστήρια

2413 1318 2521 1377 τοῖς
2555 1314 2621 1366 δι’
2656 1314 2914 1367 ἀπιστίαν
2952 1314 3153 1381 χοίροις
3199 1311 3452 1363 ὲσικόσιν.
3493 1307 3617 1380 [9'55
3648 1306 3740 1376 IL]
3775 1307 3847 1357 Ἢ
3895 1301 3987 1357 οῦν

2419 1410 2549 1460 πᾶσι
2576 1410 2684 1468 τοῖς
2725 1406 2947 1475 ’Έλλησι
2987 1408 3079 1457 καὶ
3132 1407 3241 1465 τοῖς
3274 1404 3452 1463 ἄλλοις
3509 1402 3753 1461 ἀπίστοις
3813 1399 3987 1451 ταῦτα

2416 1499 2735 1569 παρεϐλήθη
2767 1501 2917 1569 παρὰ
2944 1498 3051 1551 τῶν
3081 1496 3172 1549 τοῦ
3204 1494 3440 1564 Χριστοῦ
3464 1492 3718 1563 μαθητῶν
3742 1492 3837 1543 καὶ
3861 1494 3987 1557 ἐκη-

2418 1590 2610 1659 ρύχθη,
2639 1590 2729 1641 καὶ
2757 1588 2864 1640 ἀπὸ
2886 1588 2982 1656 τῆς
3012 1585 3267 1647 ἀσεϐείας
3326 1582 3621 1653 μετέϐαλεν
3670 1581 3867 1640 αὐτοὺς
3909 1581 3985 1640 είς

2412 1682 2509 1750 τὴν
2539 1686 2616 1743 εἰς
2648 1679 2881 1746 Χριστὸν
2900 1680 3100 1744 πίστιν,
3128 1676 3313 1746 ὥσπερ
3349 1674 3441 1727 οῦν
3472 1676 3565 1726 καὶ
3632 1671 3983 1732 πιστεύοντες

2412 1772 2803 1841 ὁμολογοῦμεν,
2848 1772 2943 1823 καὶ
2974 1770 3157 1822 οὐκέτι
3206 1769 3430 1820 δύναται
3472 1765 3708 1818 νοεῖσθαι
3741 1764 3834 1828 τὸ,
3887 1764 3983 1828 Μὴ

2410 1865 2640 1929 ,βάλητε
2665 1863 2707 1893 ³ο
2729 1862 2869 1927 τοὺς
2934 1860 3299 1930 μαργαρίτας
3348 1856 3513 1925 ὑμῶν
3570 1858 3915 1924 ἔμπροσθεν
3942 1855 3983 1884 ³⁸

2415 1954 2533 2008 τῶν
2560 1955 2797 2022 χοίρων,
2838 1952 2911 2015 ὼς
2937 1951 3146 2022 ὲρῤήθη
3175 1965 3188 1979 ⁸
3223 1952 3256 2018 ἢ
3290 1950 3475 2001 τούτου
3516 1948 3589 2008 ὡς
3620 1947 3813 2015 ἐλέχθη
3838 1962 3985 1998 νοου-

2417 2048 2598 2115 μένου,
2624 2047 2838 2112 ἀνάγκη
2873 2046 3017 2113 ἡμᾶς
3038 2044 3216 2109 λέγειν
3247 2041 3321 2098 ὡς
3359 2041 3531 2092 οὐδενὶ
3570 2038 3679 2090 τῶν
3714 2038 3981 2099 ἀπίστων,

2424 2140 2513 2201 οὒς
2544 2139 2742 2207 χοίροις
2761 2134 3149 2203 ἀπεικάζομεν,
3181 2135 3243 2184 ὲκ
3272 2134 3380 2184 τῶν
3398 2129 3769 2183 ἀποστολικῶν
3796 2128 3983 2194 διδάγ-

2420 2232 2627 2301 μάτων,
2646 2227 2997 2299 μαργαριτῶν
3020 2227 3174 2293 δίκην
3190 2223 3287 2285 τὰς
3305 2223 3481 2291 ψυχὰς
3505 2220 3980 2287 καταυγαζὸντων,

2411 2328 2443 2395 ἡ
2479 2326 2556 2385 είς
2599 2322 2830 2393 Χριστὸν
2856 2321 3037 2382 πίστις
3068 2319 3111 2349 ³³
3144 2319 3289 2383 καὶὴ
3326 2316 3425 2382 τῆς
3463 2313 3715 2375 ἀσεϐείας
3770 2311 3983 2363 ἐλευθε-

2416 2418 2506 2486 ρία
2536 2415 2845 2483 γεγένηται.
2886 2410 3216 2478 Βλάσφημον
3250 2407 3306 2458 δὲ
3357 2404 3534 2457 τοῦτο.
3582 2404 3693 2455 υύκ
3754 2403 3866 2470 ἄρα
3907 2401 3985 2451 δεῖ

2416 2505 2757 2575 μαργαρίτας
2787 2503 2885 2572 μὲν
2938 2500 3005 2551 τὰ
3060 2496 3440 2567 μυστικώτερα
3479 2494 3587 2545 τῶν
3642 2491 3983 2561 μαθημάτων

2412 2596 2772 2663 ἐκλαμϐάνειν
2796 2591 3049 2649 ἐνταῦθα,
3080 2589 3293 2657 χοίρους
3332 2587 3387 2639 δὲ
3417 2586 3541 2647 τοὺς
3593 2582 3831 2642 ἀσεϐεῖς,
3862 2580 3981 2630 οὐδὲ

2410 2689 2490 2749 τὸ,
2532 2685 2625 2751 Μὴ
2662 2685 2895 2750 βάλητε
2911 2684 2954 2713 ³³
2998 2680 3136 2745 τοὺς
3172 2678 3531 2747 μαργαρίτας
3566 2672 3732 2743 ὑμῶν
3760 2674 3981 2739 ἐμπρο-

2411 2781 2560 2831 σθεν
2598 2775 2713 2828 τῶν
2762 2776 3000 2843 χοίρων,
3035 2774 3114 2833 είς
3152 2772 3234 2834 τὸ,
3279 2770 3371 2838 Μὴ
3406 2765 3759 2837 παραϐάλητε
3778 2763 3824 2794 ³⁸
3874 2764 3985 2823 τοῖς

2411 2868 2632 2921 ἀσεϐέσι
2664 2868 2756 2919 καὶ
2821 2866 3072 2927 ἀπίστοις
3103 2865 3171 2916 τὰ
3238 2860 3475 2931 μυστικά
3533 2861 3623 2911 καὶ
3675 2854 3984 2908 τελειοποιά

2411 2963 2508 3030 τῆς
2541 2963 2620 3022 εἰς
2666 2959 2901 3028 Χριστὸν
2922 2960 2964 2990 ³³
2996 2958 3226 3017 πίστεως
3265 2955 3588 3021 διδάγματα,
3621 2948 3983 3019 παραλαμϐά-

2414 3071 2545 3105 νειν.
2585 3051 2744 3102 Ἀλλά
2783 3049 3127 3118 μαργαρίτας
3172 3048 3267 3109 μὲν
3301 3046 3398 3106 τὰς
3432 3042 3633 3113 ἀρετὰς
3666 3039 3983 3107 ἐκδέχεσθαι

2416 3144 2544 3213 χρὴ,
2580 3137 2667 3203 αἷς
2727 3140 2916 3209 ὥσπερ
2975 3139 3292 3207 πολυτίμοις
3350 3136 3711 3205 μαργαρίταις
3764 3134 3796 3199 ἡ
3839 3129 3982 3197 ψυχὴ

2418 3232 2837 3302 καθωραῖζεται,
2862 3233 2933 3299 μὴ
2964 3230 3295 3297 παραϐαλεῖν
3319 3227 3373 3277 δὲ
3407 3226 3602 3285 αὐτοὺς
3617 3224 3725 3283 τοῖς
3757 3220 3981 3289 χαίροις,

2415 3324 2659 3375 τουτέστι
2699 3322 2773 3389 μὴ
2806 3320 3143 3389 παραϐαλεῖν
3160 3318 3327 3379 αὑτὰς
3356 3317 3398 3347 ³⁸
3441 3315 3539 3376 τὰς
3587 3313 3813 3382 ἀρετάς,
3877 3304 3983 3361 οἷον

2416 3414 2637 3482 ἁγνείαν
2678 3415 2771 3464 καὶ
2803 3412 3158 3481 σωφροσύνην
3203 3410 3297 3461 καὶ
3343 3406 3685 3474 δικαιοσύνην
3717 3406 3811 3456 καὶ
3854 3405 3983 3472 ἀλή-

2414 3508 2585 3566 θειαν,
2619 3505 2825 3565 ταύτας
2869 3503 2933 3573 δὴ
2991 3502 3065 3571 μὴ
3113 3500 3447 3568 παραϐαλεῖν
3502 3500 3623 3557 ταῖς
3672 3493 3985 3562 μαχλώσαις

2413 3597 2621 3665 ἡδοναῖς
2669 3596 2911 3664 (χοίροις
2952 3594 3058 3660 γὰρ
3104 3594 3340 3643 ἐοίκασιν
3382 3584 3603 3655 αὗται),
3639 3589 3722 3639 ἶνα
3762 3586 3837 3654 μὴ
3891 3586 3986 3644 τὰς

2410 3686 2608 3754 ἀρετάς
2630 3681 2787 3737 αὗται
2814 3681 3230 3749 καταφαγοῦσαι
3260 3680 3491 3749 χοιρώδη
3526 3679 3637 3747 βίον
3694 3678 3787 3727 καὶ
3817 3676 3984 3726 πολυ-

2412 3777 2559 3845 παθῆ
2594 3776 2692 3845 τὴν
2725 3775 2902 3845 ψυχὴν
2937 3773 3197 3843 βιοτεύειν
3237 3767 3807 3841 παρασκευάσωσιν³⁷.

2485 3866 2656 3917 Ὄτιὸ
2703 3864 2980 3933 Ὠριγένης
3000 3863 3064 3927 ³⁸,
3112 3863 3170 3915 ὃν
3215 3862 3528 3929 Κένταυρον
3582 3858 3758 3921 καλεῖ,
3825 3856 3981 3921 ἔλεγε

2414 3959 2682 4012 συναῖδιον
2701 3955 2839 4010 εἶναι
2867 3959 2943 4026 τῷ
2986 3959 3130 4027 μόνῳ
3164 3956 3313 4025 σοφῷ
3369 3955 3462 4006 καὶ
3521 3952 3817 4021 ἀπροσδεεῖ
3868 3951 3984 4018 θεῷ

2408 4052 2467 4101 τὸ
2504 4053 2629 4103 πᾶν.
2658 4052 2904 4117 Ἔφασκε
2939 4051 3065 4119 γάρ,
3099 4048 3159 4099 Εἰ
3191 4048 3290 4099 οὐκ
3324 4047 3439 4097 ἔστι
3491 4040 3820 4114 δημιουργὸς
3853 4045 3982 4095 ἄνευ

2407 4144 2926 4213 δημιουργημάτων,
2960 4143 2991 4210 ἢ
3030 4141 3259 4209 ποιητὴς
3311 4140 3438 4191 ἄνευ
3489 4136 3835 4204 ποιημάτων,
3864 4134 3983 4185 οὐδὲ

2409 4235 2803 4303 παντοκράτωρ
2838 4234 2966 4286 ἄνευ
2997 4233 3103 4284 τῶν
3133 4229 3517 4299 κρατουμένων
3570 4230 3680 4296 (τὸν
3730 4226 3843 4293 γὰρ
3890 4226 3982 4291 ὁη-

2415 4327 2672 4395 μιουργὸν
2710 4326 2798 4376 διὰ
2828 4325 2897 4376 τὰ
2940 4324 3400 4396 δημιουργήματα
3458 4320 3668 4385 ἀνάγκη
3732 4318 3828 4368 καὶ
3891 4317 3979 4366 τὸν

2408 4420 2638 4487 ποιητὴν
2672 4417 2759 4467 διὰ
2796 4418 2862 4468 τά
2889 4416 3164 4482 ποιήματα
3198 4414 3291 4464 καὶ
3321 4412 3411 4463 τὸν
3438 4410 3861 4478 παντοκράτορα
3894 4407 3981 4457 διὰ

2406 4513 2473 4562 τά
2495 4510 2843 4578 κρατούμενα
2862 4506 3159 4573 λέγεσθαι),
3195 4506 3407 4571 ἀνάγκη
3435 4502 3495 4565 ἐξ
3516 4503 3687 4570 ἀρχῆς
3718 4502 3861 4553 αὐτὰ
3879 4500 3981 4549 ὑπὸ

2404 4602 2496 4652 τοῦ
2522 4599 2656 4651 Θεοῦ
2682 4598 3034 4666 γεγενῆσθαι,
3067 4599 3165 4648 καὶ
3203 4596 3275 4665 μὴ
3319 4592 3457 4646 εἶναι
3489 4594 3677 4662 χρόνον
3733 4593 3824 4644 ὅτε
3878 4592 3977 4642 οὐκ

2399 4688 2467 4761 ἦν
2486 4692 2676 4743 ταῦτα.
2705 4691 2764 4741 Εἰ
2799 4689 2905 4759 γὰρ
2934 4684 3001 4757 ἦν
3018 4688 3207 4756 χρόνος
3242 4688 3330 4739 ὅτε
3359 4686 3457 4737 οὐκ
3480 4681 3547 4754 ἦν
3574 4684 3641 4735 τὰ
3672 4686 3975 4751 ποιήματα,

2399 4782 2522 4831 ἐπεὶ
2552 4779 2660 4830 τῶν
2693 4779 3012 4847 ποιημάτων
3041 4778 3115 4846 μὴ
3163 4776 3333 4827 ὄντων
3362 4774 3481 4825 οὐδὲ
3535 4774 3769 4841 ποιητής
3804 4774 3973 4832 ἐστιν,

2397 4874 2495 4941 ὅρα
2524 4867 2634 4923 οἷον
2657 4870 2851 4932 ἀσεϐὲς
2890 4869 3192 4921 ἀκολουθεῖ.
3260 4867 3421 4919 Ἀλλά
3478 4868 3573 4918 καὶ
3626 4864 3974 4917 ἀλλοιοῦσθαι

2399 4964 2493 5015 xui.
2523 4960 2879 5030 μεταϐάλλειν
2902 4961 2991 5011 τὸν
3017 4959 3284 5025 ἄτρεπτον
3314 4958 3407 5009 καὶ
3433 4956 3793 5008 ἀναλλοίωτον
3824 4971 3891 5007 συ
3902 4974 3968 5024 μ-

2398 5052 2622 5119 ϐήσεται
2654 5051 2803 5103 Θεὸν.
2836 5050 3019 5117 Είγὰρ
3045 5049 3270 5119 ὕστερον
3304 5049 3573 5116 πεποίηκε
3605 5048 3667 5099 τὺ
3699 5049 3833 5110 πᾶν,
3866 5048 3961 5115 δῆ-

2388 5144 2475 5194 λον
2507 5141 2711 5193 artano
2730 5141 2772 5170 ”
2796 5141 2889 5193 τοῦ
2915 5140 2989 5210 μὴ
3024 5142 3196 5192 ποιεῖν
3223 5141 3301 5202 εἰς
3338 5140 3398 5191 τὸ
3436 5141 3609 5191 ποιεῖν
3658 5136 3967 5205 μετέϐαλε.-

2016 5271 2100 5323 VA
2113 5272 2249 5325 [{le
2288 5273 2699 5328 LECTIONES.

790 5388 835 5462 θ’
874 5388 1181 5462 παρέλαϐον
1206 5406 1264 5451 ς’.
1297 5460 1306 5462 _
1344 5388 1389 5462 ’ξ
1427 5389 1565 5462 κατά
1596 5390 1684 5439 τὸν
1714 5390 1834 5462 Χρ.Δ
1857 5406 1915 5462 ς,
1965 5391 2039 5462 __’°
2082 5390 2348 5459 βάλετεΑ.
2426 5394 2466 5423 ³¹
2502 5393 2811 5462 ἔμπροσθεν
2856 5402 2975 5461 post
3007 5392 3203 5460 χοιρῶν
3235 5391 3381 5458 ponit
3416 5389 3471 5462 Β.

2312 5464 2354 5494 ³⁸⁸
2395 5463 2769 5531 παραϐάλλετε
2806 5480 2867 5525 ς.

719 5461 842 5511 στὸν
878 5460 1058 5521 πίστις
1101 5460 1187 5510 AB
1228 5477 1240 5511 :
1285 5459 1423 5527 ἡείς
1456 5459 1634 5511 πίστιν
1661 5476 1721 5520 ς.
1818 5458 1862 5488 ³³
1894 5458 2110 5526 βάλλετε
2139 5480 2198 5524 ς.

718 5532 897 5589 αὐτοῖς
927 5529 986 5583 Β.

717 5599 1026 5670 Κένταυρον
1047 5617 1167 5651 τινα
1194 5600 1416 5667 ὀνόματι
1440 5598 1867 5667 ἐπιλαμϐάνεται
1888 5601 2088 5670 ταύτης
2116 5598 2495 5672 ἐχόμενοντῆς
2518 5598 2681 5672 ὂῦξης
2704 5603 2803 5674 τῆς
2832 5598 3062 5665 ἀσεϐοῦς
3100 5598 3205 5672 mg.
3242 5618 3317 5655 rc.
3349 5601 3406 5655 B.

3571 5391 3612 5421 ³¹
3646 5391 3677 5457 ἡ
3711 5390 3791 5449 εἰς
3840 5388 3963 5457 Χρι-

2974 5464 3016 5494 ⁸⁸
3042 5465 3116 5523 είς
3140 5464 3230 5513 τὸν
3262 5461 3496 5529 Χριστόν
3536 5463 3596 5511 Λ.
3694 5461 3739 5490 ³⁸
3767 5460 3959 5528 αὑτάς]

1094 5530 1134 5560 ³⁷
1162 5528 1455 5611 βιωῖεύειν.
1487 5529 2000 5611 περαῖηευάσουσιῑθ
2050 5533 2131 5611 Α-.
2190 5534 2285 5611 ῗ⁸⁶
2318 5528 2621 5611 “memet
2660 5534 2867 5611 οὺ-τδγ
2910 5533 3189 5611 ’ίέριγένην
3244 5531 3413 5611 λέγειν
3467 5530 3585 5611 ex:
3618 5531 3959 5611 εξόριτέιιῑξς

3486 5601 3529 5633 ³³
3558 5600 3667 5654 ἀπὸ
3702 5610 3815 5656 om.
3851 5598 3954 5654 AB.

788 5806 896 5877 (85)
930 5806 1203 5862 Hetodius
1233 5806 1524 5875 Ot‘igenem
1566 5813 1878 5859 tentumqu
1916 5809 2216 5876 apptllu-at.
