4208 6442
214 360 353 428 1141

1254 376 1767 437 BIBLIOTHECA.
1811 403 1882 415 -
1916 382 2080 441 COD.
2110 384 2431 442 CCXXXV.
3325 379 3458 443 1142

212 473 346 543 1495
378 475 469 547 IL]
501 478 669 531 Τοῦτο
700 482 756 533 δὲ
789 482 989 536 ἄτοπον
1018 485 1157 554 μετὰ
1183 484 1294 536 τῶν
1339 489 1776 558 προειρημένων.

1910 492 2010 543 lum
2044 494 2345 547 trausiisse.
2381 493 2485 546 Sed
2528 493 2630 547 ltoc
2659 507 2764 546 una
2788 507 2911 545 cum
2941 492 3227 546 antedictis
3264 491 3454 544 absur-

209 568 331 618 οὐκ
359 569 469 636 ἄρα
494 569 714 623 δυνατὸν
744 572 920 640 λέγειν
945 575 1018 643 μὴ
1048 569 1187 627 εἷναι
1209 574 1441 646 ἄναρχον
1470 579 1563 631 καὶ
1593 580 1779 631 συναι-

1910 583 2011 633 lum
2063 592 2167 647 est,
2205 600 2332 654 ergo
2379 586 2483 638 dici
2520 600 2625 637 non
2678 594 2853 652 potest
2907 600 3014 637 non
3057 600 3176 637 esse
3208 586 3454 654 principii

207 657 327 711 διον
354 660 430 729 τῷ
469 662 589 729 Θεῷ
617 668 678 715 τὸ
701 668 828 717 πᾶν.

1910 689 2076 739 :xpers
2108 684 2162 728 et
2194 674 2304 729 Deo
2345 684 2673 730 coaeternutn
2704 676 2806 729 ltoc
2837 676 3172 730 universum.

282 751 431 820 Πρὸς
464 754 521 805 ὃν
545 771 679 823 φησι
713 756 779 808 δι’
807 756 994 826 ἑτέρου
1045 758 1336 829 προσώπου
1366 762 1393 812 ό
1441 763 1594 828 ἅγιος
1644 764 1780 832 ῖςρω⁶

1958 764 2094 819 Huic
2148 769 2441 834 respondet
2483 767 2587 819 alia
2627 768 2783 835 quasi
2837 782 3064 834 persona
3100 784 3197 836 per
3233 769 3460 822 interro-

206 842 345 893 τῶν
372 838 519 915 *Αρά
545 862 607 912 γε
637 848 828 915 σοφίας
855 852 946 901 καὶ
966 850 1122 920 δόξης
1149 854 1243 905 καὶ
1272 854 1568 925 συλλήϐδην
1600 855 1781 922 πάσης

1910 857 2155 917 :ationem
2223 856 2721 928 [sermocinatiOnis
2786 858 2899 912 sive
2948 858 3171 929 dialogi]
3220 881 3231 914 :
3274 859 3462 914 Nonne

206 936 415 1004 ἀρετῆς
442 937 616 1006 ἀρχὴν
659 940 755 990 καὶ
790 941 971 1011 πηγὴν
1022 944 1317 1008 οὐσιωδῶς.
1352 946 1490 999 ἀλλὰ
1529 947 1604 1017 μὴ
1661 947 1781 999 ὲπι-

1910 949 2053 1000 )eum
2097 948 2381 1001 existimas
2437 948 2771 1018 principium
2811 958 2866 1003 et
2910 950 3112 1004 fontem
3161 951 3462 1019 sapientiae,

208 1026 432 1095 κτήτως
456 1030 563 1097 ήγῇ
592 1029 683 1081 τὸν
711 1030 869 1096 Θεόν;
895 1035 923 1085 ὁ
957 1034 1031 1097 δὲ,
1061 1035 1270 1090 Ναί.Τί
1300 1036 1356 1089 δὲ
1381 1037 1517 1107 πρὸς
1540 1037 1782 1101 τούτοις;

1910 1039 2091 1105 ;lori:e,
2141 1048 2195 1093 et
2240 1040 2400 1093 simul
2440 1041 2619 1095 omnis
2655 1042 2873 1095 virtutis
2922 1043 3358 1097 substantialiter
3407 1054 3462 1096 et

205 1116 338 1186 οὐχὶ
367 1118 569 1182 τέλειος
598 1122 773 1191 πάντη
800 1123 867 1175 δι’
894 1125 1084 1179 ἑαυτὸν
1118 1128 1210 1178 καὶ
1244 1128 1583 1198 ἀπροσδεής;
1625 1129 1781 1198 Ἀλη-

1910 1146 1995 1184 ton
2044 1132 2315 1186 ascititie?
2366 1132 2529 1197 Sane,
2555 1132 2754 1202 inquit,
2784 1134 2878 1188 sed
2908 1133 3034 1201 quid
3070 1134 3171 1187 hoc
3208 1134 3274 1185 ad
3312 1135 3467 1188 rem?

209 1207 307 1276 θῆ.
353 1208 659 1279 Ἀμήχανον
684 1214 793 1282 γάρ
826 1214 885 1266 τὸ
916 1216 1211 1284 ἀπροσδεὲς
1238 1217 1305 1270 δι’
1333 1217 1526 1287 ἕτερον
1570 1212 1708 1271 εἷναί
1729 1236 1783 1271 τι

1910 1223 2074 1277 ionne
2125 1224 2369 1279 absolute
2418 1241 2514 1292 per
2556 1226 2793 1293 seipsum
2844 1225 3112 1294 perlectus
3139 1235 3225 1279 est
3262 1236 3317 1279 et
3346 1228 3467 1278 nul.

208 1302 549 1370 ἁπροσδεές;
594 1306 912 1375 Ἀμήχανον.
936 1308 1050 1361 Πᾶν
1075 1309 1182 1379 γάρ
1205 1309 1267 1362 τὸ
1284 1309 1351 1363 δι’
1371 1310 1559 1379 ἕτερον
1580 1312 1786 1382 πλῆρες

1910 1318 1992 1369 ius
2021 1315 2302 1383 indigens?
2348 1315 2425 1368 Ita
2469 1325 2574 1369 est.
2629 1315 2970 1387 impossibile
2999 1317 3143 1370 enim
3185 1326 3286 1381 est,
3319 1326 3377 1369 ut
3414 1318 3467 1369 id

209 1391 273 1441 ὃν
306 1392 400 1444 καὶ
422 1394 608 1457 ἀτελὲς
662 1395 911 1463 lateri-50v;
958 1398 1224 1467 Ἀνάγκη.
1259 1398 1333 1451 Τὸ
1384 1398 1494 1469 γάρ
1526 1398 1660 1453 αὐτὸ
1716 1398 1783 1451 δι’

1910 1412 2033 1477 ιιιοά
2089 1410 2286 1463 nullius
2332 1410 2560 1479 indiget,
2602 1410 2672 1465 sit
2720 1419 2940 1479 propter
2973 1410 3205 1465 alterum
3238 1411 3467 1479 aliquid,

209 1483 384 1535 ἑαυτὸ
414 1485 607 1537 ἑαυτοῦ
634 1486 907 1557 πλήρωμα
934 1486 1015 1551 ὃν,
1063 1489 1155 1541 καὶ
1209 1488 1343 1542 αὐτὸ
1390 1490 1450 1541 ὲν
1482 1487 1661 1558 ἑαυτῷ
1694 1488 1787 1559 μέ-

1918 1516 2076 1568 quam
2127 1500 2315 1574 etiam]
2391 1502 2587 1556 nullius
2639 1501 2903 1570 indigens.
2964 1503 3302 1571 impossibile
3360 1502 3471 1573 [iu-

211 1592 328 1639 vov,
348 1576 550 1629 τέλειον
567 1573 706 1631 εἶναι
728 1580 821 1632 τοῦ
830 1583 901 1647 to:
906 1581 1063 1650 μόνον
1090 1580 1372 1645 δοξαστέον
1390 1599 1405 1646 ;
1423 1582 1789 1652 Ἀληθὲστατα

1910 1596 2100 1668 luam].
2137 1573 2412 1665 Quidquid
2458 1595 2606 1648 enim
2641 1606 2862 1665 pr0pter
2892 1595 3124 1648 alterum
3166 1595 3472 1662 perfectum

214 1667 419 1732 λέγεις.
444 1668 517 1719 Τὸ
543 1667 599 1719 δὲ
633 1670 769 1738 μήτε
792 1670 923 1722 αὐτὸ
947 1670 1013 1723 δι’
1047 1672 1205 1723 ἑαυτὸ
1239 1672 1378 1742 μήτε
1421 1672 1554 1724 αὐτὸ
1593 1672 1786 1725 ἑαυτοῦ

1910 1701 1995 1756 tst,
2039 1704 2264 1744 necesse
2311 1699 2398 1743 est
2458 1689 2670 1743 dicatur
2722 1687 3124 1757 imperfectum.
3181 1686 3294 1741 lloc
3328 1687 3473 1739 enim

211 1757 496 1827 πλήρωμα
540 1758 598 1810 ὃν
630 1760 795 1828 φαίης
846 1761 912 1813 ἂν
960 1761 1290 1831 ἀπροσδεές;
1338 1762 1626 1831 Οὐδαμῶς.
1672 1764 1787 1815 Οὐκ

1910 1783 2065 1836 solum
2091 1781 2233 1851 quod
2262 1788 2486 1849 propter
2510 1780 2754 1847 seipsum
2788 1780 2867 1833 sui
2899 1779 3068 1847 ipsius
3098 1778 3363 1847 perfectio
3391 1785 3478 1831 est

211 1825 384 1917 ἄρα-ό
416 1848 547 1912 Θεὸς
571 1825 770 1912 τέλειοξ
799 1850 886 1904 διά
916 1868 968 1903 τι
997 1825 1402 1921 νομισθήσεται.
1440 1825 1504 1905 'Q
1561 1851 1669 1922 γὰρ
1702 1851 1789 1903 διά

1910 1825 2065 1836 ""“'"'
2092 1825 2233 1851 ‘1“"'
2263 1825 2478 1849 l""l""
2510 1825 2754 1847 "'l""""
2788 1825 2867 1833 ”“·“
2900 1825 3067 1847 ’νυ-*⁷
3101 1825 3358 1847 r""'"'"
3396 1825 3475 1831 ⁷-⁷-

1910 1884 1945 1926 :t
1975 1874 2025 1926 in
2056 1874 2235 1940 seipso
2270 1880 2474 1937 manet,
2518 1870 2821 1939 perlectum
2850 1885 2971 1925 esse
2994 1870 3322 1923 censendum
3354 1868 3475 1921 est?

212 1957 269 1991 τι
310 1940 515 1992 τέλειόν
554 1942 725 2006 ἐστιν,
757 1941 890 1995 αὐτὸ
939 1942 1062 1994 καθ’
1123 1943 1285 1995 ἑαυτὸ
1336 1942 1524 2005 ἀτελὲς
1574 1945 1786 2013 ἀνάγκη

1910 1964 2189 2019 Verissime
2237 1978 2449 2019 censes.
2483 1962 2635 2029 Quod
2671 1972 2854 2016 autem
2906 1976 3081 2029 neque
3129 1962 3323 2028 ipsum,
3358 1975 3482 2027 pro-

213 2036 554 2103 τυγχάνεινς
595 2035 853 2105 Ἀνάγκη.
910 2035 1121 2089 Οὐκοῦν
1172 2037 1321 2089 καὶὸ
1373 2036 1503 2099 Θεὸς
1535 2038 1695 2100 αὐτὸς
1723 2036 1790 2089 δι’

1910 2068 2013 2111 ηει-
2038 2056 2304 2124 seipsum,
2370 2056 2737 2123 nequeipsum
2775 2054 2857 2106 sui
2896 2054 3063 2121 ipsius
3090 2063 3169 2105 est
3201 2051 3478 2119 perfectio.

217 2126 417 2177 ἑαυτὸν
443 2125 667 2192 τέλειος,
692 2125 807 2179 ἀλλ’
831 2127 891 2178 οὐ
914 2126 980 2179 δι’
1004 2127 1188 2197 ἕτερον
1220 2126 1632 2197 λογισθήσεται;
1672 2128 1794 2196 Ὀρ-

1910 2150 2042 2203 lices
2082 2147 2243 2201 alieni
2296 2161 2403 2201 non
2435 2146 2727 2214 egentem?
2754 2145 3127 2213 Nequaquam.
3182 2143 3322 2197 Deus
3354 2157 3483 2208 ergo

219 2215 449 2273 θότατα.
489 2216 616 2288 [936
644 2215 736 2288 R.]
776 2217 1000 2288 Ἕτερον
1038 2217 1171 2279 Θεὸς
1200 2218 1430 2289 κόσμον,
1460 2217 1553 2269 καὶ
1608 2216 1793 2288 ἕτερον

1910 2253 1998 2291 ton
2058 2235 2337 2305 perfectus
2382 2245 2609 2303 propter
2660 2235 2805 2287 aliud
2858 2234 3290 2289 existimabitur.
3331 2234 3484 2300 Quod

218 2310 424 2378 κόσμος
456 2310 625 2376 Θεοῠ;
661 2311 963 2373 Παντελῶς.
997 2312 1113 2363 Οὐκ
1150 2309 1258 2380 ἄρα
1288 2310 1493 2362 τέλειον
1526 2310 1721 2378 φατέον
1749 2310 1793 2341 ⁸ο

1910 2330 2038 2383 enim
2064 2337 2286 2398 propter
2316 2328 2461 2380 aliud
2492 2326 2788 2395 perfectum
2822 2336 2925 2389 est,
2950 2341 3124 2379 nonne
3153 2335 3237 2379 est
3261 2340 3482 2379 necesse

224 2407 324 2457 καὶ
352 2404 685 2473 δημιουργὸν
736 2407 829 2458 καὶ
860 2406 1276 2477 παντοκράτορα
1326 2407 1429 2460 διά-
1461 2407 1665 2477 κόσμον
1706 2407 1796 2461 τὸν

1910 2429 1955 2476 tt
2023 2421 2075 2476 id
2129 2420 2181 2474 in
2246 2420 2427 2486 seipso
2456 2419 2530 2473 sit
2559 2416 2977 2487 imperfectum?
3010 2417 3261 2471 Necesse.
3296 2416 3485 2471 Nonne

223 2497 397 2559 Θεόν;
424 2495 522 2549 Οὔ.
549 2497 736 2559 Ὅπως
764 2496 886 2569 [μὴ]
928 2498 992 2549 δι’
1047 2500 1257 2565 ἑαυτὸν,
1290 2498 1427 2553 ἀλλὰ
1461 2498 1536 2568 μὴ
1573 2498 1662 2551 διὰ
1704 2500 1797 2551 κό-

1910 2529 2025 2583 ergo
2069 2513 2210 2567 Deus
2267 2512 2382 2579 ipse
2429 2520 2653 2581 propter
2703 2511 2939 2577 seipsum
2996 2521 3052 2565 et
3098 2526 3205 2565 non
3264 2520 3486 2580 propter

224 2604 389 2657 σμον,
422 2590 515 2641 καὶ
549 2590 720 2641 ταῦτα
748 2591 1001 2660 τρεπτὸν,
1030 2593 1192 2654 αὐτὸς
1224 2591 1345 2645 καθ’
1373 2591 1564 2644 ἑαυτὸν
1596 2591 1800 2654 τέλειος

1910 2606 2043 2660 aliud
2092 2606 2366 2675 perlectus
2430 2602 2801 2673 judicabitur?
2873 2604 3221 2658 Rectissime.
3293 2603 3488 2657 Nonne

222 2681 574 2750 εὑρίσκοιτος
610 2682 1021 2751 Προσηκόντως.
1067 2682 1243 2747 Trag;
1285 2683 1375 2734 τὸν
1410 2682 1663 2735 πλούσιον
1714 2682 1803 2735 διὰ

1910 2696 2043 2750 aliud
2093 2704 2178 2750 est
2219 2695 2360 2749 Deus
2390 2695 2600 2758 mundi,
2641 2704 2697 2749 et
2724 2695 2869 2748 aliud
2904 2697 3138 2750 mundus
3183 2697 3277 2750 Dei
3302 2697 3325 2749 ?
3350 2695 3487 2750 0m-

221 2773 319 2824 τὸν
350 2772 584 2826 πλοῦτον
617 2774 837 2827 λεκτέον
870 2772 1151 2836 πλούσιον;
1197 2772 1421 2842 Ὀρθῶς.
1466 2774 1575 2825 Kal.
1599 2773 1690 2826 τὸν
1715 2790 1804 2824 σο-

1910 2790 2049 2843 ηἰιιο.
2098 2787 2213 2842 Νοη
2260 2788 2430 2858 igitur
2482 2786 2622 2843 Deus
2672 2797 2728 2842 et
2765 2799 2982 2842 creator
3024 2800 3078 2843 et
3121 2789 3487 2857 omttipolens,

222 2867 329 2935 φὸν
366 2866 510 2919 κατά
539 2866 769 2936 μετοχὴν
794 2866 894 2936 τῆς
922 2866 1212 2928 οὑσιώδους
1251 2866 1462 2929 σοφίας,
1495 2866 1595 2918 οὐκ
1643 2867 1803 2919 αὑτὸν

1910 2879 2173 2949 perfectus
2226 2889 2311 2933 est
2357 2877 2622 2934 dicendus
2671 2888 2896 2948 propter
2927 2880 3225 2932 mundum?
3276 2878 3490 2947 Nequa-

222 2960 424 3027 σοφίαν
446 2958 597 3021 ὄντα,
650 2959 811 3027 σοφὸν
867 2957 1374 3027 προσαγορευτέον;
1436 2958 1563 3010 Ναί.
1612 2958 1678 3009 Τί
1707 2956 1800 3022 δέ;

1910 2986 2088 3039 quam,
2118 2986 2188 3025 ne
2233 2981 2455 3040 propter
2486 2971 2771 3035 mundum,
2805 2972 3105 3040 prasertiin
3144 2972 3485 3035 mutabilem,

221 3051 325 3101 καὶ
354 3049 447 3100 τὸν
488 3047 640 3109 Θεὸν,
676 3048 864 3118 ἓτερον
920 3047 1051 3100 ὄντα
1095 3047 1302 3117 κόσμου
1328 3047 1397 3113 δι,
1456 3046 1543 3099 διά
1599 3047 1803 3115 κόσμον

1910 3079 1969 3118 ac
1998 3079 2103 3119 non
2148 3072 2370 3133 propter
2410 3065 2647 3133 seipsum
2687 3062 2917 3135 {potius}
2949 3064 3163 3118 dicatur
3192 3065 3487 3117 secundum

219 3142 401 3210 ταύτῃ
427 3139 678 3192 πλούσιον
700 3140 795 3192 καὶ
828 3139 1124 3209 εὐεργέτην
1150 3140 1244 3191 καὶ
1291 3138 1623 3208 δημιουργὸν
1675 3139 1804 3207 κλη-

1910 3170 1966 3210 se
1999 3156 2292 3224 perfectus,
2331 3156 2526 3209 merito
2567 3157 2975 3209 convenienter.
3016 3153 3380 3221 Quamobrem
3410 3154 3490 3207 di-

220 3237 379 3301 τέονς
411 3234 697 3303 Οὐδαμῶς,
724 3232 903 3299 ἄπαγε
928 3231 994 3285 ⁸³.
1013 3230 1221 3284 υὺκοῦν
1241 3231 1402 3295 αὐτὸς
1421 3229 1613 3283 ἑαυτοῦ
1632 3229 1797 3283 πλοῦ-

220 3345 339 3391 τος,
377 3327 474 3378 καὶ
508 3326 573 3378 δι’
624 3324 786 3378 αὐτὸν
818 3324 1069 3386 πλούσιος
1107 3324 1200 3376 καὶ
1252 3323 1477 3387 δυνατὸς
1510 3324 1796 3392 τυγχάνεις

225 3421 470 3472 Ἔοικεν.
510 3413 617 3468 Ἦν
650 3416 757 3485 ἄρα
786 3414 882 3468 καὶ
920 3414 1025 3484 ’πρὸ
1046 3416 1250 3484 κόσμου
1281 3414 1459 3482 πάντη
1490 3413 1799 3483 ἀπροσδεὴς

222 3511 305 3564 ὢν
336 3511 430 3563 καὶ
468 3509 659 3577 Πατὴρ
706 3508 802 3560 καὶ
868 3507 1263 3576 παντοκράτωρ
1312 3505 1407 3558 καὶ
1438 3505 1793 3575 δημιουργὸς,

221 3609 377 3665 ὅπως
400 3603 444 3633 ⁸³
487 3603 556 3653 δι’
586 3599 795 3663 ἑαυτὸν,
855 3597 991 3650 ἀλλὰ
1049 3597 1122 3667 μὴ
1174 3597 1241 3649 δι’
1278 3597 1463 3665 ἕτερον
1520 3595 1693 3649 ταῦτα
1731 3591 1796 3667 ᾖς

236 3697 503 3764 Ἀνάγκη.
537 3694 599 3745 Εἰ
621 3692 728 3759 γὰρ
749 3690 835 3742 διὰ
867 3689 1069 3757 κόσμον
1084 3689 1177 3741 καὶ
1204 3688 1324 3755 οὐχὶ
1352 3687 1419 3739 δι’
1450 3686 1663 3750 ἑαυτὸν,
1682 3687 1801 3739 ἓτε-

227 3807 328 3859 ρος
348 3789 423 3840 ὢν
473 3786 677 3854 κόσμου
707 3784 775 3849 δι,
810 3780 1203 3849 παντοκράτωρ
1264 3779 1584 3850 γνωρίζοιτο
1643 3778 1801 3847 (συγ-

224 3880 457 3947 γνώμην
472 3880 501 3930 ὁ
520 3878 672 3941 Θεὸς,
696 3874 1075 3943 ἀναγκάζομαι
1102 3872 1211 3942 γὰρ
1225 3871 1385 3925 τοῦτο
1400 3870 1615 3941 εἰπεῖν),
1641 3872 1801 3933 αὐτὸς

223 3972 351 4025 καθ’
385 3972 579 4023 ἑαυτὸν
612 3966 809 4036 ἀτελὴς
829 3967 874 3997 ⁵⁵
907 3965 1060 4018 ἔσται
1082 3964 1127 3995 ⁸⁸
1156 3964 1251 4017 καὶ
1286 3962 1559 4033 προσδεὴς
1597 3962 1803 4015 τούτων

222 4066 297 4118 δι’
336 4064 371 4115 ἂ
401 4061 795 4131 παντοκράτωρ
855 4058 951 4109 καὶ
1007 4055 1336 4126 δημιουργός
1377 4057 1564 4120 ὲστιν;
1601 4054 1803 4123 ’Υπερ-

225 4155 385 4223 quib;
399 4194 407 4204 .
423 4154 537 4207 Οὐκ
554 4154 660 4222 ἄρα
675 4150 998 4203 ἀποδεκτέον
1017 4148 1220 4217 ταύτην
1243 4147 1340 4218 τὴν
1358 4147 1601 4219 ὀλέθριον
1624 4148 1805 4217 ἀμαρ-

222 4247 353 4300 τίαν
380 4245 511 4313 περὶ
549 4240 685 4294 Θεοῦ
738 4240 845 4294 τῶν
892 4238 1160 4306 λεγόντων
1203 4237 1618 4307 παντοκράτορα
1646 4237 1740 4288 καὶ
1758 4235 1802 4266 ⁸⁷

222 4335 565 4407 δημιουργὸν
584 4333 672 4387 διὰ
700 4333 771 4385 τὰ
806 4331 1151 4401 κρατούμενα
1180 4330 1277 4382 καὶ
1323 4329 1385 4399 δη
1396 4330 1805 4399 μιουργούμενα

221 4429 465 4502 τρεπτὰ,
496 4427 612 4481 ἀλλ’
638 4426 699 4479 οὐ
723 4426 790 4478 δι’
822 4425 1011 4478 ἑαυτὸν
1027 4420 1167 4477 εἶναι
1193 4424 1288 4476 τὸν
1331 4423 1482 4477 Θεόν.

1906 3258 2023 3306 ves,
2062 3256 2241 3297 nonne
2282 3255 2507 3311 propter
2534 3244 2757 3297 divitias
2800 3245 2951 3297 dives
2983 3243 3340 3311 appellandus
3374 3243 3493 3297 est?

1906 3329 2091 3384 Recte.
2118 3328 2185 3383 Et
2229 3331 2445 3397 sapiens
2472 3330 2769 3383 secundum
2806 3330 3276 3399 participationem
3308 3345 3492 3384 essen-

1908 3419 2049 3473 tialis
2072 3419 2371 3489 sapientiae,
2409 3419 2501 3488 qui
2532 3434 2636 3473 non
2666 3428 2750 3473 est
2785 3420 2897 3488 ipsa
2934 3419 3231 3488 sapientia,
3272 3420 3492 3489 sapiens

1908 3520 2089 3563 tamen
2140 3508 2402 3562 dicendus
2431 3508 2557 3562 est?
2608 3507 2775 3561 Sane.
2841 3509 2922 3562 Au
2955 3524 3085 3578 ergo
3116 3520 3172 3565 et
3204 3512 3364 3574 Deus,
3396 3512 3489 3578 qui

1908 3615 2013 3655 non
2049 3610 2135 3655 est
2170 3600 2427 3663 mundus,
2461 3610 2683 3668 propter
2707 3600 2969 3654 mundum
3001 3609 3179 3654 tamen
3211 3600 3289 3654 sic
3319 3602 3488 3665 dives,

1907 3694 2219 3750 benefactor
2268 3703 2323 3747 et
2343 3704 2558 3748 creator
2587 3693 2948 3747 nominandus
2973 3695 3093 3747 est?
3119 3694 3492 3763 Nequaquam,

1908 3801 2097 3857 apage.
2153 3784 2341 3839 Nonne
2394 3785 2508 3853 ipse
2562 3784 2614 3838 in
2661 3785 2846 3852 seipso
2896 3793 2951 3838 et
2999 3795 3221 3853 propter
3252 3788 3492 3853 seipsunt

1909 3885 2059 3937 dives
2098 3896 2161 3936 ac
2209 3892 2403 3949 potens
2448 3879 2562 3933 est?
2607 3877 2848 3933 Videtur.
2905 3878 3109 3932 Eratne
3157 3878 3319 3931 etiam
3362 3889 3493 3931 ante

1911 3972 2093 4027 mundi
2135 3970 2494 4031 molitionem,
2546 3969 2769 4023 omnino
2816 3967 2981 4021 nullis
3037 3966 3307 4035 indigens,
3342 3975 3493 4035 pater

1911 4078 2102 4133 nempe
2136 4072 2191 4117 et
2232 4062 2597 4129 omnipOtens,
2644 4070 2701 4113 et
2731 4068 2965 4121 creator,
3006 4058 3142 4113 adeo
3184 4068 3243 4111 ut
3272 4068 3494 4127 pr0pter

1908 4159 2147 4225 seipsum
2196 4163 2252 4209 et
2276 4168 2380 4208 non
2435 4163 2656 4221 propter
2696 4150 2845 4204 aliud
2894 4151 2964 4203 sit
2994 4150 3109 4205 inec
3135 4149 3361 4204 omnia?
3388 4148 3493 4201 Ne-

1909 4244 2210 4300 cessarium
2262 4252 2365 4297 est.
2422 4242 2478 4295 Si
2526 4243 2669 4295 enim
2712 4250 2929 4308 propter
2976 4240 3259 4303 mundum,
3302 4247 3493 4292 etnon

1907 4345 2126 4406 propter
2166 4335 2404 4403 seipsum
2454 4334 2590 4387 alius
2637 4347 2663 4386 ι
2696 4333 2895 4385 mundo
2928 4332 3220 4394 exsisteus,
3255 4329 3491 4395 omnipo-

1907 4439 2029 4480 tens
2062 4440 2186 4480 esse
2215 4423 2611 4493 intelligeretur
2632 4422 2788 4492 (pace
2823 4430 2909 4475 tua
2928 4422 3088 4484 Deus,
3122 4435 3287 4490 cogor
3318 4421 3390 4473 ita
3418 4422 3493 4470 lu-

223 4526 370 4595 quil;
418 4526 531 4593 ipse
573 4523 871 4577 secundum
898 4520 1139 4588 seipsum
1180 4518 1530 4589 imperfectus
1557 4529 1727 4584 esset,
1756 4532 1812 4575 et
1849 4523 2098 4591 indigens
2130 4522 2235 4584 his,
2272 4534 2506 4588 quorum
2552 4532 2716 4571 causa
2760 4518 3108 4583 omnipotens
3168 4524 3222 4569 et
3282 4528 3494 4569 creator

223 4614 775 4686 estsupernaturalis.
803 4612 1150 4681 Rejiciendus
1168 4626 1298 4680 ergo
1318 4611 1655 4680 perniciosus
1670 4628 1827 4669 error
1851 4629 2062 4677 eorum,
2093 4613 2183 4681 qui
2210 4613 2398 4666 dicunt
2424 4613 2488 4663 de
2508 4610 2637 4673 Deo,
2670 4608 2835 4661 Deum
2857 4624 2961 4663 non
2988 4617 3210 4676 propter
3228 4608 3490 4673 seipsum,

225 4714 326 4769 sed
373 4721 593 4778 propter
643 4706 839 4777 303a
882 4702 1151 4770 subiectas
1202 4717 1288 4757 res
1335 4710 1389 4755 et
1430 4713 1664 4768 creatas,
1716 4720 1836 4774 qua:
1888 4708 2176 4761 mutabiles
2215 4715 2366 4770 sunt,
2397 4718 2521 4758 esse
2556 4706 2982 4771 omnipotentem
3017 4712 3069 4757 et
3099 4712 3421 4756 creatorem.

304 4806 452 4873 Ὅρα
477 4803 531 4854 δὲ
564 4801 659 4852 καὶ
688 4793 809 4851 ὦδε’
846 4797 908 4849 Εἰ
940 4795 1187 4862 ὓστερον,
1227 4793 1385 4863 ἔφης,
1440 4795 1735 4864 πεποίηται
1772 4798 1800 4847 ὁ

1972 4797 2142 4850 Etiam
2184 4796 2256 4849 ita
2294 4795 2621 4847 ratiocinare
2648 4810 2661 4846 :
2688 4794 2745 4846 Si
2782 4808 2885 4846 non
2918 4793 2987 4845 ab
3025 4804 3251 4855 aeterno,
3290 4794 3495 4863 inquis,

226 4898 436 4963 κόσμος
468 4891 542 4962 μὴ
570 4890 834 4961 πρότερον
849 4887 895 4918 ⁸⁸
920 4885 1017 4951 ὢν,
1037 4884 1392 4953 μεταϐάλλειν
1433 4886 1644 4955 ἀνάγκη
1710 4887 1801 4938 τὸν

224 4985 421 5055 ἀπαθῆ
454 4984 547 5036 καὶ
561 4980 916 5036 ἀναλλοίωτον
935 4978 1067 5030 Θεόν
1095 4992 1108 5005 ⁸
1140 4978 1231 5029 τὸν
1256 4977 1363 5045 γὰρ
1386 4977 1641 5029 ποιοῦντα
1670 4980 1805 5047 πρό-

224 5096 392 5149 τερον
426 5076 612 5147 μηδὲν,
647 5072 875 5143 ὕστερον
904 5072 983 5133 δὲ,
1011 5070 1119 5122 άπὸ
1154 5069 1247 5121 τοῦ
1303 5069 1378 5138 μὴ
1411 5072 1584 5122 ποιεῖν
1636 5071 1715 5133 εἰς
1747 5072 1807 5122 τὸ

225 5170 408 5224 ποιεῖν
441 5164 799 5237 μεταὸάλλειν
818 5162 915 5215 καὶ
941 5158 1286 5214 ἀλλοιοῦσθαι
1306 5159 1542 5227 ἀνάγκη.
1583 5161 1808 5228 Ἔλεγον

226 5263 363 5331 γάρ·
384 5259 668 5315 Πέπαυται
698 5256 756 5308 δὲ
774 5253 870 5307 τοῦ
902 5254 1075 5306 ποιεῖν
1095 5268 1227 5305 ποτε
1247 5251 1339 5305 τὸν
1363 5251 1567 5321 κόσμον
1600 5254 1628 5305 ό
1654 5252 1807 5316 Θεὸς,

224 5354 262 5424 ἢ
298 5350 398 5417 οὓς
440 5349 744 5403 Πέπαυται.
806 5343 973 5398 υῦπω
1014 5342 1121 5413 γάρ
1164 5336 1234 5411 ἦν
1268 5341 1689 5412 τετελειωμένος
1717 5344 1803 5396 ἄν.

240 5444 493 5515 Ἀληθές.
526 5444 588 5496 Εἰ
618 5438 712 5496 οὖν
740 5440 801 5494 τὸ
823 5440 997 5492 ποιεῖν
1013 5438 1077 5490 ὲκ
1094 5435 1185 5490 τοῦ
1221 5435 1296 5505 μὴ
1321 5437 1495 5488 ποιεῖν
1516 5435 1805 5488 ἀλλοίωσιν

1913 4888 2144 4941 mundus
2171 4895 2253 4940 est
2292 4885 2561 4948 conditus,
2608 4893 2662 4937 et
2700 4884 2831 4937 olim
2868 4898 2973 4935 non
3004 4881 3130 4947 fuit,
3162 4898 3384 4938 necesse
3412 4896 3497 4939 est

1912 4980 2079 5039 Demn
2110 4977 2463 5047 impatibilem
2487 4986 2541 5029 et
2577 4972 2969 5028 inalterabilem
3002 4974 3221 5026 mutari.
3280 4972 3495 5029 Etenim

1916 5083 2141 5123 necesse
2184 5077 2268 5122 est
2313 5067 2460 5119 illum
2506 5066 2657 5134 prius
2710 5064 2842 5117 nihil
2883 5064 3175 5117 facientem
3205 5078 3235 5116 a
3271 5080 3375 5117 nou
3416 5067 3497 5119 fa-

1914 5159 2109 5214 ciendo
2157 5161 2222 5210 ad
2259 5156 2568 5210 faciendum
2625 5155 2856 5207 transire
2878 5165 2935 5208 et
2969 5153 3163 5207 mutari
3192 5169 3209 5218 ;
3241 5155 3497 5207 dicebant

1914 5250 2128 5305 enim:
2210 5246 2562 5317 Requievitne
2644 5246 2787 5299 Deus
2849 5260 2878 5298 a
2968 5246 3171 5301 mundo
3248 5248 3495 5302 faciendo

1915 5340 2116 5396 necne?
2151 5338 2464 5407 Requievit;
2519 5338 2718 5406 alioqui
2757 5337 2899 5391 enim
2925 5340 3162 5391 nondum
3194 5346 3340 5393 esset
3368 5355 3493 5407 per-

1917 5434 2106 5487 fectus.
2143 5431 2219 5484 Ita
2265 5440 2369 5485 est.
2400 5431 2454 5483 Si
2483 5445 2614 5499 ergo
2642 5429 2843 5491 facere,
2883 5444 2909 5480 a
2943 5444 3047 5482 non
3083 5429 3350 5490 faciendo.
3387 5431 3495 5484 Deo

1539 5569 1622 5623 VA
1635 5568 1773 5624 ΒΙᾹΞ
1816 5564 2112 5623 LECTION
2124 5564 2224 5616 ES.

307 5670 356 5701 "
393 5666 614 5742 φατέον]
644 5667 780 5742 φατε
803 5665 910 5720 AC.
990 5665 1031 5696 “
1064 5660 1687 5742 κόσμουῌὶιπῇκόσμον.
1766 5656 2044 5742 manage]
2078 5653 2420 5742 obaautbg‘A.
2499 5651 2541 5679 ³³
2568 5660 2681 5742 post
2706 5651 2867 5742 ὅέτωξ³
2896 5664 3015 5742 (ξιιμ)
3152 5650 3346 5742 mont‘isi
3384 5655 3491 5733 ταύ-

228 5742 351 5801 τός.
430 5740 470 5768 ⁸³
496 5737 570 5789 ὢν
593 5737 687 5789 καὶ
711 5738 917 5802 κόσμου
956 5752 1015 5797 ς.

236 5809 462 5864 καίΛΒ.
567 5808 612 5838 ⁸⁸
652 5807 911 5877 πρότερος
944 5810 1003 5858 A.

1112 5729 1174 5764 ιδ’
1196 5729 1391 5799 ἀτελὴς
1420 5732 1500 5787 bis
1525 5729 1725 5801 pc'tunt
1757 5729 1866 5784 AB.

1943 5718 1985 5759 π
2026 5718 2294 5795 ἐπταιιᾶν
2324 5723 2475 5775 ἔσται
2516 5738 2593 5773 re.
2629 5725 2691 5781 Λ,
2732 5720 2795 5771 ἄν
2833 5719 2889 5769 Β.
2969 5719 3008 5747 ’⁵⁷
3054 5735 3315 5788 παντοκρ.
3352 5718 3493 5775 εἶναι
