4208 6442
750 393 881 459 1143

1900 394 2161 454 ΡΗΟΤΙΙ
2202 393 2703 454 ΡΑΤΠΙΑΗΟΗΕ
2741 394 2854 453 CP.

3846 387 3991 447 1144

746 502 1123 558 alterationem
1159 502 1335 566 affert,
1372 515 1549 555 nonne
1602 502 1764 556 etiam
1796 517 1898 555 non
1935 505 2131 563 facere,
2168 517 2194 554 a
2228 504 2311 555 fa-

2440 503 2507 554 τοῦ
2538 502 2673 555 Θεοῦ
2690 500 3143 570 καταψηφίζεται,
3186 500 3307 568 οὐχὶ
3329 499 3421 551 καὶ
3461 498 3524 550 τδ
3570 496 3645 566 μὴ
3693 496 3872 547 ποιεῖν
3927 497 3994 547 ὲκ

746 596 979 649 viendo?
1014 578 1090 649 ita
1138 610 1379 663 prorsus.
1418 593 1681 647 Mutatum
1722 606 1901 648 autem
1941 596 2152 649 diceres
2189 609 2312 648 eum

748 688 905 739 hodie
935 696 1270 754 cperantem,
1301 687 1367 739 ab
1400 701 1464 740 eo
1494 688 1634 755 quod
1672 698 1793 741 erat
1820 703 1940 740 cum
1982 702 2088 740 non
2131 702 2313 755 Opera-

752 779 941 831 retur?
971 778 1338 847 Nequaquam.
1369 777 1553 846 Neque
1597 794 1728 849 ergo
1770 781 1890 832 ideo
1938 779 2085 831 illum
2117 778 2312 831 mutari

750 882 971 920 necesse
1025 868 1150 929 erit,
1205 868 1346 936 quod
1392 866 1552 919 faciat
1604 869 1884 930 mundum,
1942 868 2008 919 ab
2051 881 2116 920 eo
2173 866 2313 934 quod

748 968 885 1022 erat,
912 962 1127 1027 quando
1161 973 1265 1011 non
1310 958 1561 1012 faciebat.
1604 959 1780 1027 Atque
1815 955 1936 1028 [ita]
2003 972 2106 1011 non
2133 972 2317 1011 neces-

748 1052 893 1102 sario
940 1050 1225 1103 dicendum
1269 1051 1373 1104 erit
1417 1050 1518 1105 huc
1548 1051 1859 1104 universqu
1890 1049 2159 1104 exsistere
2189 1065 2313 1103 cum

750 1140 839 1194 illo
892 1150 1107 1210 propter
1154 1142 1257 1194 hoc
1304 1142 1476 1209 ipsum
1517 1140 1591 1193 illi
1637 1150 1985 1204 comternum,
2048 1155 2115 1193 ne
2152 1152 2315 1209 coga-

751 1249 870 1285 mur
899 1235 1075 1287 dicere
1108 1234 1252 1287 illum
1278 1248 1397 1287 esse
1435 1242 1719 1287 mutatum.

818 1325 978 1393 Atqui
1014 1327 1093 1377 sic
1128 1339 1339 1377 meeum
1376 1324 1692 1392 disputant:
1731 1324 2017 1379 Diceresne
2050 1326 2314 1394 genitum,

746 1417 886 1483 quod
919 1418 1285 1484 generationis
1318 1417 1643 1483 principium
1670 1430 1774 1469 non
1801 1417 1996 1470 habet?
2022 1414 2139 1470 Non
2163 1418 2319 1486 equi-

750 1509 888 1561 dem.
937 1507 1088 1573 Quod
1134 1510 1275 1562 enim
1328 1518 1480 1563 caret
1507 1510 1874 1577 generationis
1904 1510 2192 1578 principio,
2222 1525 2319 1563 ne-

746 1600 981 1653 cessario
1003 1608 1086 1654 est
1116 1599 1437 1669 ingenitum.
1475 1598 1530 1652 Si
1564 1608 1742 1653 autem
1786 1600 2025 1668 genitum
2060 1608 2167 1665 est,
2190 1614 2320 1653 con-

746 1689 894 1744 cedis
928 1691 995 1745 ab
1039 1690 1215 1760 aliqua
1263 1706 1425 1745 causa
1462 1706 1582 1746 esse
1611 1691 1852 1761 genitum
1886 1706 2147 1759 :prorsus
2172 1692 2317 1745 enim

748 1781 1082 1849 impossibile
1128 1792 1211 1836 est
1247 1781 1363 1835 sine
1393 1796 1556 1836 causa
1582 1783 1989 1851 generationem
2018 1778 2177 1837 esSei
2207 1781 2317 1836 lm-

2416 594 2508 647 τοῦ
2532 594 2657 665 [μὴ]
2700 596 2902 657 ποιεῖν;
2955 593 3213 661 Ἀνάγκη.
3267 590 3622 644 Ἦλλοιῶσθαι
3665 588 3723 640 δὲ
3754 588 3921 639 αὐτὸν
3947 587 3994 617 δ’

2417 690 2581 759 φαίης
2610 690 2683 757 μὴ
2711 688 2968 740 ποιοῦντα
2994 688 3234 754 σήμερον
3266 684 3394 753 παρ’
3412 681 3443 733 ὃ
3467 679 3536 751 ἦν
3571 681 3662 732 ὅτε
3706 678 3884 729 ἐποίει
3905 678 3953 706 ⁸⁸
3976 693 3990 737 ;

2418 781 2703 849 Οὐδαμῶς.
2729 780 2850 831 Οὐδ’
2880 779 2987 848 άρα
3018 777 3093 832 ὅτ’
3124 776 3296 829 ἐποίει
3328 775 3423 828 τὸν
3478 774 3705 843 κόσμον,
3756 768 3991 838 ἠλλοιῶ-

2418 876 2538 928 σθαι
2560 874 2729 928 ναὺτδν
2763 875 2975 942 ἀνάγκη
3008 872 3139 943 παρ’
3176 872 3205 925 δ
3252 866 3322 942 ἦν
3359 870 3449 922 ὅτε
3483 870 3585 921 οὐκ
3621 866 3801 920 ἐποίει
3832 881 3849 896 ο
3896 862 3993 916 καὶ

2415 967 2538 1019 οὔτε
2575 968 2787 1035 ἀνάγκη
2838 966 3201 1036 συνυπάρχειν
3240 964 3389 1032 αὑτῷ
3414 963 3474 1015 τὸ
3523 965 3629 1013 πᾶν
3665 960 3747 1013 δεῖ
3784 958 3991 1025 λέγειν,

2415 1062 2503 1114 διά
2528 1062 2588 1113 τὸ
2616 1061 2689 1130 μὴ
2705 1058 3113 1125 ἀναγκάζεσθαι
3138 1058 3319 1126 λέγειν
3356 1058 3483 1129 [ιοο
3510 1054 3605 1126 Η.]
3628 1052 3985 1123 ἠλλοιῶσθαι,

2416 1152 2538 1206 οὔτε
2566 1153 2608 1183 "
2636 1152 2899 1205 συναῖδιον
2923 1151 2989 1203 δι’
3018 1150 3149 1203 αὐτὸ
3170 1149 3347 1202 τοῦτο.

2489 1330 2597 1383 Καί
2632 1346 2721 1400 μοι
2741 1328 2870 1397 φάθι
2889 1329 2934 1359 ⁸⁸
2958 1327 3050 1379 καὶ
3085 1317 3188 1378 ὧδε
3216 1340 3229 1353 ·
3264 1323 3496 1393 Γενητὺν
3522 1322 3582 1374 τὺ
3608 1320 3682 1390 μὴ
3722 1319 3993 1385 γενέσεως

2418 1423 2539 1492 ἕχον
2574 1420 2747 1490 ἀρχὴν
2782 1419 2946 1488 φαίης
2972 1417 3071 1480 άν;
3106 1415 3181 1469 Οὐ
3226 1415 3365 1483 δῆτα
3390 1430 3402 1443 ·
3437 1415 3485 1466 εί
3534 1412 3643 1481 γὰρ
3680 1412 3755 1479 μὴ
3795 1410 3997 1461 ὑποπί-

2419 1530 2543 1564 πτει
2573 1512 2839 1579 γενέσεως
2867 1509 3033 1578 ἀρχῇ,
3062 1506 3122 1570 ἐξ
3144 1506 3389 1572 ἀνάγκης
3422 1502 3683 1569 ἀγένητόν
3718 1502 3891 1551 ἐστιν.
3935 1498 3995 1547 Εἰ

2418 1605 2473 1656 δὲ
2513 1605 2757 1671 γέγονεν,
2778 1600 2881 1652 ὑπὸ
2902 1599 3075 1653 αἰτίου
3109 1597 3255 1658 τινὸς
3301 1596 3458 1656 δίδως
3486 1593 3621 1645 αὐτὸ
3670 1590 3957 1659 γεγονέναι
3979 1603 3991 1615 ⁸

2420 1698 2596 1764 πάντη
2650 1694 2759 1765 γὰρ
2807 1692 3070 1745 ἀδύνατον
3122 1690 3294 1760 χωρὶς
3332 1688 3506 1740 αἰτίου
3562 1686 3780 1753 γένεσιν
3811 1683 3994 1751 ἔχειν;

2435 1788 2741 1842 Ἀδύνατον.
2776 1786 2996 1856 Κόσμον
3012 1785 3077 1855 δὴ
3106 1782 3221 1846 οὖν,
3247 1783 3341 1834 καὶ
3370 1781 3471 1833 ὅσα
3491 1780 3549 1831 ὲν
3573 1777 3747 1845 αὐτῷ,
3772 1775 3937 1828 ἄλλου
3953 1772 3998 1801 ⁸³

745 1847 1020 1942 possibile.
1073 1872 1261 1926 Nonne
1310 1886 1439 1942 ergo
1484 1882 1537 1925 et
1587 1847 1872 1935 mundum,
1904 1882 1957 1927 et
1985 1889 2315 1943 quascunque

2440 1881 2631 1950 ςινδςῆ
2697 1877 2832 1931 Θεοῦ
2884 1847 3346 1947 δημιουργοῦν-τος
3393 1873 3637 1941 φήσομεν
3706 1865 3996 1935 γεγονέναι

747 1977 873 2019 sunt
913 1966 965 2018 in
1000 1965 1131 2019 illo?
1162 1964 1351 2019 Nanne
1380 1965 1462 2017 vel
1493 1968 1559 2018 ab
1591 1966 1796 2031 aliquo,
1821 1964 1902 2018 vel
1937 1963 2047 2019 Deo
2068 1976 2315 2021 creatore

750 2069 932 2125 postea
974 2058 1172 2112 factum
1225 2059 1466 2111 dicemus
1501 2073 1622 2111 cum
1655 2058 1803 2120 prius
1836 2073 1939 2111 non
1980 2069 2122 2113 esset
2144 2059 2165 2111 ί
2189 2057 2317 2113 Per-

750 2148 999 2217 spicuum
1033 2158 1116 2202 est
1148 2166 1179 2203 a
1213 2151 1340 2202 Deo.
1380 2148 1714 2215 lmpossibile
1756 2150 1899 2201 enim
1945 2159 2046 2215 est,
2087 2161 2145 2204 ut
2176 2153 2317 2217 quod

748 2241 1112 2307 generationis
1157 2241 1420 2309 principio
1474 2240 1962 2309 circumscribitur,
2006 2243 2056 2297 id
2106 2243 2320 2298 infinito

749 2346 869 2384 esse
898 2331 1269 2385 coiufiuitum?
1302 2331 1653 2400 Impossibile.

824 2422 960 2492 Ergo
1007 2424 1227 2487 iterum,
1282 2434 1558 2491 Centaure,
1590 2429 1655 2481 ad
1712 2428 2035 2497 principium
2087 2429 2327 2497 disputav-

756 2514 917 2568 tiouis
966 2528 1327 2570 revertamur.
1368 2517 1735 2573 Allirmatisne
1797 2534 1857 2573 ea
1881 2535 2000 2589 quae
2033 2522 2323 2586 exsistunt,

759 2608 936 2659 divina
976 2608 1200 2661 scientia
1261 2608 1398 2663 facta
1449 2625 1568 2664 esse
1604 2612 1812 2666 necne?
1859 2613 2055 2666 Iterum
2099 2614 2316 2667 dicent:

754 2699 969 2753 Minime
991 2698 1128 2766 (84),
1146 2700 1235 2754 sed
1255 2701 1320 2754 ab
1342 2701 1641 2765 elementis,
1664 2703 1742 2757 vel
1764 2705 2008 2770 materia,
2038 2715 2129 2758 aut
2149 2704 2331 2759 firma-

754 2793 974 2854 mentis,
1026 2801 1119 2844 aut
1169 2791 1366 2860 quibus
1420 2792 1533 2844 hmc
1582 2794 1760 2847 verbis
1824 2795 2097 2862 appellare
2148 2797 2330 2861 vultis,

756 2882 890 2934 nihil
944 2883 1087 2935 enim
1140 2883 1388 2937 interest.
1453 2882 1549 2937 llis
1604 2887 1747 2937 enim
1801 2885 2003 2952 absque
2058 2888 2333 2941 creatione

756 2971 1274 3039 przeexsisteutihus,
1296 2985 1605 3042 temet-eque
1622 2975 2016 3041 oberrantibus,
2036 2976 2174 3030 Deus
2195 2976 2331 3049 [illa]

2426 1975 2671 2043 ὕστερον,
2725 1971 2988 2042 πρότερον
3008 1969 3054 2000 ⁸⁵
3102 1969 3203 2020 οὐκ
3264 1966 3425 2029 δντα;
3473 1962 3639 2031 Δῆλον
3696 1961 3780 2012 ὅτι
3840 1955 3994 2010 Θεοῦ.

2440 2067 2722 2120 Ἀδύνατον
2748 2064 2858 2133 γάρ
2893 2063 2952 2115 τὸ
2990 2060 3260 2129 γενέσεως
3298 2060 3442 2129 ἀρχῇ
3483 2052 3834 2126 περιορισθὲν
3874 2067 3995 2103 συνο

2428 2161 2531 2217 απέ
2543 2176 2732 2231 ραντον
2754 2158 2799 2189 ⁵⁵
2825 2154 2962 2209 εἶναι
2984 2156 3060 2224 τῷ
3083 2156 3184 2207 ἀπε
3196 2154 3405 2223 ράντῳ;
3441 2149 3745 2202 Ἀδύνατον.

2499 2430 2669 2484 Πάλιν
2686 2428 2750 2498 δὴ
2770 2422 2883 2487 οὖν,
2916 2420 2961 2477 ὧ
3002 2424 3303 2490 Κένταυρε,
3341 2421 3400 2485 ἐξ
3441 2417 3614 2487 ἀρχῆς
3659 2412 4000 2480 διαλεγώμε-

2430 2525 2497 2576 θα
2516 2525 2580 2575 ⁵⁸.
2608 2521 2740 2591 Θείᾳ
2778 2520 3056 2587 ἐπιστήμῃ
3079 2516 3150 2567 τὰ
3186 2515 3317 2567 ὅντα
3341 2510 3475 2578 φατὲ
3499 2506 3805 2575 γεγονέναι,
3841 2502 3873 2570 ἦ
3909 2500 4002 2561 0’3;

2429 2613 2499 2669 ’Ὦ
2519 2616 2656 2687 βάλῃ
2670 2616 2736 2677 ⁵⁷,
2754 2611 3016 2676 λέξουσιν,
3040 2608 3311 2674 οὐδαμῶς,
3334 2604 3465 2657 ἀλλα
3483 2604 3589 2655 άπὸ
3605 2602 3713 2652 τῶν
3730 2598 4008 2664 στοιχείων

2431 2708 2464 2779 ἢ
2502 2706 2687 2775 ὓληςῆ
2719 2703 3130 2772 στηριγμάτων,
3172 2699 3203 2768 ἢ
3240 2700 3387 2758 ὅπως
3438 2696 3591 2749 αὐτοὶ
3650 2691 3824 2743 ταῦτα
3881 2688 4005 2757 βού-

2433 2801 2587 2853 λεσθε
2617 2797 2903 2866 ὀνομάζειν
2928 2812 2942 2823 ’
2975 2794 3127 2846 οὐδὲν
3162 2792 3271 2859 γὰρ
3300 2790 3565 2857 διαφέρει.
3611 2786 3833 2837 Τούτων
3883 2784 4010 2847 ἀγε-

2434 2896 2606 2961 νήτως
2638 2886 3130 2959 προῦφεστηκότων
3160 2885 3251 2935 καὶ
3298 2879 3631 2948 πλημμελῶς
3666 2873 4008 2943 φερομένων,

2436 2988 2464 3038 ὁ
2490 2985 2621 3045 Θεὸς
2652 2982 2932 3047 διακρίνας
2999 2977 3323 3045 ἐτεχνάσατο
3360 2975 3404 3005 ⁵“
3460 2972 3529 3022 τά
3569 2968 3771 3027 πάντα,
3815 2964 4005 3030 ὥσπερ

756 3076 1064 3125 secernens,
1122 3065 1305 3116 omnia
1354 3063 1646 3118 fabricatus
1696 3076 1801 3129 est,
1864 3066 2010 3119 velut
2066 3078 2335 3135 prmstans

2440 3074 2638 3141 ἀγαθὸς
2706 3070 2997 3140 ζωγράφος
3060 3066 3169 3120 ἀπὸ
3224 3064 3435 3116 πολλῶν
3504 3057 3813 3129 χρωμάτων
3888 3054 4014 3122 μίαν

756 3154 929 3219 pictor
976 3170 1040 3209 ex
1089 3155 1272 3209 multis
1313 3158 1584 3211 coloribus
1638 3172 1799 3209 unam
1856 3159 2111 3226 exprimit
2156 3160 2331 3212 ideam

2440 3166 2837 3235 τεχνησάμενος
2873 3162 3046 3223 ίδέαν;
3076 3159 3200 3229 [937
3230 3155 3321 3226 IL]
3376 3155 3508 3207 Οὐδὲ
3541 3151 3699 3203 τοῦτο
3727 3166 3742 3179 ·
3800 3148 4015 3245 παντως

759 3261 851 3299 seu
884 3247 1195 3316 imaginem.
1222 3246 1332 3302 Nec
1377 3247 1478 3302 hoc
1513 3247 1769 3319 [dicent].
1804 3246 2038 3304 Omnino
2069 3252 2210 3305 enim
2246 3266 2331 3305 rc-

2440 3259 2546 3328 γὰρ
2581 3256 2978 3325 ἀποφεύξονται
3007 3250 3338 3320 ὁμολογῆσαι
3381 3245 3502 3298 καθ’
3543 3242 3775 3301 ἑαυτῶν,
3828 3240 3915 3290 ἵνα
3946 3237 4018 3305 μὴ

759 3337 966 3406 fugient
998 3348 1184 3392 contra
1248 3340 1460 3407 seipsos
1507 3340 1608 3393 hoc
1649 3340 1862 3402 testari,
1921 3356 1985 3394 ne
2016 3342 2143 3394 dato
2190 3340 2335 3409 quod

2440 3353 2533 3420 τῆς
2584 3347 2963 3416 κατακρίσεως
2990 3345 3036 3375 ⁵9
3093 3342 3188 3395 καὶ
3224 3340 3323 3406 τῆς
3384 3331 3861 3407 μεταμορφώσεως
3924 3329 4019 3396 τὴν

761 3432 984 3485 materia
1022 3432 1270 3486 habuerit
1314 3432 1635 3500 principium
1691 3433 2018 3488 secretionis
2056 3444 2110 3487 et
2158 3444 2335 3489 trans-

763 3524 1124 3590 formationis,
1171 3536 1434 3594 cogantur
1467 3524 1627 3579 fateri
1674 3528 1839 3579 Deum
1877 3527 2110 3595 cmpisse
2158 3536 2332 3581 matc-

763 3618 894 3671 riam
947 3618 1095 3682 prius
1152 3617 1477 3684 indigestam
1535 3630 1629 3671 seu
1680 3616 1966 3671 informem
2004 3618 2171 3671 verbo
2210 3632 2335 3686 per-

764 3708 907 3762 fecte
935 3706 1128 3776 303!»
1159 3708 1404 3775 digerere
1432 3717 1486 3760 et
1516 3707 1775 3775 expolire.

831 3802 943 3869 Age
974 3815 1099 3852 vero
1135 3799 1385 3867 quoniam
1428 3796 1782 3869 Deojuvante
1815 3800 2044 3854 dicendo
2090 3803 2155 3854 ad
2194 3803 2339 3856 hunc

766 3893 940 3947 locum
974 3892 1336 3960 pervenimus,
1364 3893 1408 3947 si
1440 3892 1522 3945 cui
1552 3902 1729 3946 statua
1768 3892 1885 3945 basi
1921 3907 2015 3945 sua
2052 3894 2337 3961 collocata,

768 3985 1092 4055 elegansque
1141 3987 1249 4047 sit,
1299 3984 1452 4053 cujus
1516 3985 1835 4037 concinnam
1885 3985 2337 4053 pulchritudinem

765 4086 1101 4146 spectatores
1135 4076 1422 4137 mirentur,
1448 4076 1541 4128 sed
1570 4076 1953 4129 dissentientes
1986 4076 2125 4129 inter
2156 4090 2214 4129 se
2242 4091 2339 4130 co-

765 4177 959 4222 nentur
986 4167 1236 4221 evincere
1256 4167 1451 4236 partim
1480 4182 1598 4221 esse
1625 4169 1860 4235 genitam
1890 4168 2159 4239 lfactam].
2212 4184 2340 4238 par-

765 4263 859 4315 titn
901 4275 1031 4315 vero
1070 4262 1357 4329 ingenitam
1409 4259 1542 4332 [non
1576 4260 1831 4332 factam];
1876 4265 2192 4329 quaesierim
2242 4278 2343 4332 ego

768 4369 835 4407 ex
863 4352 1016 4407 vobis
1040 4369 1143 4422 qua
1176 4354 1242 4406 de
1272 4368 1438 4407 causa
1466 4354 1759 4423 ingenitam
1786 4354 2005 4418 dicatis,
2029 4370 2094 4408 an
2120 4366 2344 4425 propter

769 4446 1030 4501 artificem
1072 4455 1130 4497 ut
1163 4460 1228 4498 ne
1256 4460 1489 4513 unquam
1526 4445 1594 4499 ab
1623 4460 1785 4513 opere
1824 4462 2025 4500 vacuus
2056 4462 2175 4500 esse
2206 4462 2338 4500 cen-

2445 3419 2576 3509 ὓλην
2604 3437 3015 3508 συγχωροῦντες
3047 3433 3220 3502 ἀρχὴν
3261 3430 3578 3497 ἐσχηκυῖαν,
3633 3419 4021 3489 ἀναγκασθῶσι

2442 3533 2519 3601 τῷ
2556 3531 2699 3600 λόγῳ
2739 3529 2879 3583 κατὰ
2912 3530 3088 3579 πάντα
3114 3527 3204 3577 τὸν
3238 3523 3372 3575 Θεὸν
3400 3519 3599 3589 ἦρχθαι
3645 3515 3741 3566 τοῦ
3802 3515 4022 3565 διοικεῖν

2443 3625 2621 3691 λέγειν
2682 3624 2777 3674 καὶ
2834 3620 3208 3686 κατακοσμεῖν
3288 3615 3387 3680 τὴν
3449 3612 3715 3680 πρότερον
3778 3606 4025 3675 ἄμορφον

2446 3714 2611 3768 οὖσαν
2648 3712 2801 3779 ὓλην.

2511 3808 2646 3877 Φέρε
2676 3805 2801 3873 γὰρ,
2838 3803 3048 3871 ἐπειδὴ,
3086 3802 3185 3854 σὺν
3248 3800 3325 3868 τῷ
3378 3798 3496 3866 Θεῷ
3540 3799 3730 3865 φάναι,
3793 3795 4027 3848 ἐνταῦθα

2445 3898 2540 3952 τοῦ
2565 3898 2720 3963 λόγου
2752 3896 3076 3963 γεγόναμεν,
3129 3892 3243 3960 ἤτω
3276 3908 3361 3953 τις
3422 3890 3664 3959 ἀνδριάς,
3722 3886 3901 3948 ἑστὼς
3943 3888 4028 3937 ἐπὶ

2450 3991 2681 4059 βάσεως,
2732 3986 2927 4045 καλόςο
2970 3979 3031 4035 οἶ)
3092 3982 3465 4049 θαυμάζοντες
3495 3980 3545 4032 οἱ
3603 3978 3879 4047 θεώμενοι
3937 3977 4029 4043 τὴν

2448 4080 2721 4148 εὔρυθμον
2754 4078 2797 4109 ⁸⁸
2823 4074 3085 4143 καλλονὴν
3113 4073 3555 4142 διαφερέσθωσαν
3584 4070 3719 4141 πρὸς
3741 4069 4028 4138 ἀλλήλους,

2449 4175 2525 4241 πῆ
2566 4172 2662 4239 μὲν
2688 4169 2937 4237 γενητὸν,
2974 4165 3128 4234 πῆξδὲ
3155 4165 3250 4217 καὶ
3276 4164 3539 4232 ἀγένητον
3572 4160 3917 4231 πειρώμενοι
3943 4161 4027 4211 λέ-

2448 4263 2653 4331 γεινθί.
2689 4259 2948 4328 Ἐροίμην
2968 4257 3075 4325 γὰρ
3131 4255 3292 4320 σφᾶς,
3327 4253 3394 4305 δι’
3426 4252 3493 4321 ἦν
3541 4253 3719 4305 αἰτίαν
3768 4250 4031 4318 ἀγένητον

2451 4354 2612 4407 αὐτόν
2646 4365 2817 4418 φατες
2854 4349 3079 4415 πότερον
3100 4346 3188 4397 διὰ
3218 4345 3308 4396 τὸν
3353 4344 3603 4412 τεχνίτην
3627 4382 3644 4406 ,
3692 4344 3843 4404 ὅπως
3904 4341 4032 4410 μηδ-

2455 4442 2613 4512 αμῶς
2636 4440 2887 4508 ἀργήσας
2908 4438 3006 4505 τῆς
3033 4434 3395 4505 δημιουργίας
3421 4434 3715 4504 νομίζοιτο,
3744 4433 3778 4501 ἥ
3833 4434 3903 4486 δι’
3931 4435 4029 4485 αὑ-

767 4547 951 4591 seatur
988 4536 1120 4605 (85),
1168 4551 1235 4589 an
1274 4545 1497 4605 propter
1538 4537 1811 4604 seipsam?
1856 4540 2013 4604 Atqui
2044 4539 2087 4591 si
2130 4546 2346 4607 propter

2452 4534 2540 4585 τόν
2558 4533 2600 4562 ⁸³
2628 4548 2641 4593 ;
2673 4532 2768 4581 Ἂν
2795 4528 2893 4596 μὲν
2921 4526 3029 4595 γὰρ
3049 4525 3135 4577 διὰ
3163 4524 3254 4577 τὸν
3276 4525 3549 4593 τεχνίτην,
3598 4524 3719 4585 πῶς
3766 4525 4032 4590 ἀγένητος

768 4628 1070 4691 artificem,
1125 4628 1398 4695 quomodo
1452 4628 1689 4697 ingenita
1730 4628 1834 4682 erit
1877 4644 1998 4681 cum
2032 4628 2098 4680 ab
2137 4629 2345 4683 artifice

2451 4624 2525 4676 ῶν
2553 4623 2689 4691 πρὸς
2712 4619 2805 4672 τοῦ
2827 4617 3076 4687 τεχνίτου
3116 4616 3571 4685 δημιουργεῖται;
3623 4614 3686 4666 Ei
3736 4615 3852 4683 γὰρ
3899 4614 4032 4673 ὅλως

768 4720 1122 4774 etformetur?
1150 4719 1283 4774 Nam
1330 4721 1373 4775 si
1424 4735 1619 4788 expers
1666 4723 1843 4774 omnis
1890 4722 2105 4789 penitus
2132 4723 2265 4774 artis
2293 4732 2346 4775 et

2453 4713 2709 4783 ἐνενδείᾳ
2772 4712 2872 4777 τῆς
2926 4710 3121 4777 τέχνης
3168 4707 3475 4775 καθέστηκε
3520 4704 4031 4775 χαλκουργούμενος

770 4809 942 4871 rudis,
976 4809 1260 4878 effingatur
1301 4810 1366 4861 ad
1404 4824 1785 4877 quamcunque
1829 4808 1955 4860 velit
2006 4810 2199 4861 artifex
2234 4808 2347 4860 for-

771 4914 911 4951 mam
942 4915 1035 4954 seu
1070 4900 1321 4967 figuram,
1351 4902 1618 4969 quomodo
1652 4904 1756 4954 erit
1788 4901 2049 4969 ingenita,
2075 4898 2344 4971 [manuni]

769 5006 925 5060 passa
951 5001 1006 5045 et
1038 4992 1312 5045 tractata?
1341 4994 1397 5046 Si
1425 5008 1636 5047 rursum
1672 5005 1891 5060 propter
1915 4994 2145 5059 seipsam
2173 4990 2349 5057 perfe-

2457 4807 2591 4874 πρὸς
2622 4804 2681 4856 τὸ
2706 4804 2854 4871 σχεῖν
2871 4803 3053 4852 ὁποῖον
3080 4801 3108 4851 ὁ
3128 4799 3461 4869 δημιουργὸς
3480 4797 3654 4849 ὲοέλοι
3683 4798 4026 4866 χαρακτῆρα,

2456 4898 2593 4965 ποίῳ
2622 4896 2807 4964 τρόπῳ
2841 4893 3106 4958 ἀγένητος
3144 4888 3297 4941 ἔσται
3324 4889 3367 4918 ⁸³
3392 4889 3617 4955 πάσχων
3648 4904 3706 4938 τε
3740 4888 3839 4937 καὶ
3893 4886 4030 4954 δρῶ-

2459 5003 2648 5056 μενοςς
2682 4986 2824 5037 Εἱδὲ
2855 4979 2920 5035 αὖ
2976 4982 3043 5033 δι’
3099 4980 3289 5032 ἑαυτὸν
3345 4979 3548 5040 τέλειος
3602 4979 3699 5029 καὶ
3767 4978 4029 5043 ἀγένητος

2068 5124 2301 5179 ὛΑΗΙᾹΕ
2351 5120 2747 5182 LEC'I‘IONES.

877 5220 921 5252 δ’
949 5222 1006 5274 δὲ
1044 5223 1134 5275 τὸν
1167 5222 1333 5273 αὐτόν
1386 5219 1446 5273 Β.

772 5291 929 5344 ἄλλου
986 5309 1106 5345 cum
1162 5292 1249 5344 ΑΒ
1282 5294 1439 5344 omisi
1494 5290 1627 5357 μῶν.
1738 5291 1780 5320 ⁸⁸
1816 5291 2079 5357 πρότερον
2138 5292 2178 5341 Β
2234 5310 2246 5343 :

774 5430 858 5500 λε.
927 5431 972 5463 ⁵⁸
1002 5433 1331 5500 ἐτεχνάσατο
1386 5430 1505 5482 AB:
1542 5432 1865 5497 ετεχνήσατο
1897 5447 1956 5491 ς.

1558 5220 1602 5251 ⁵⁸
1639 5222 1715 5271 ὅτ’
1757 5219 1957 5287 ἐποίειι
2027 5220 2143 5272 libri
2206 5221 2293 5271 ὅτε
2346 5221 2506 5271 ποιεῖ.

2310 5290 2524 5360 πρῶτον
2597 5305 2656 5360 ςς.

775 5363 831 5411 τὸ
863 5364 1149 5428 γενέσεως.
1225 5364 1270 5394 ⁵⁸
1290 5360 1664 5428 διαλεγώμεθα
1698 5375 1838 5411 corr.
1873 5359 1912 5410 Β
1945 5377 1957 5411 :
1987 5359 2346 5428 διαλεγόμεθα
2371 5377 2431 5423 ς’.
2526 5360 2573 5428 ,⁵⁷
2612 5359 2770 5426 βάλῃ]
2795 5359 2956 5428 πάλιν
2990 5359 3108 5428 B_et
3139 5369 3282 5406 corr.
3318 5359 3357 5403 Α
3394 5367 3408 5403 :
3439 5359 3527 5428 alii
3556 5359 3687 5416 μαλε
3720 5362 3771 5428 ι...

770 5411 885 5500 λε..⁶
927 5411 1361 5500 heaven—.3
1386 5411 1865 5497 ΑΒεέτεχνήσατο
1897 5447 1956 5491 ς.
2056 5433 2099 5461 ⁵³
2135 5411 2535 5500 κατακρίσεως]
2567 5411 3189 5500 διἀκρῖγσεωςᾹξοειὶμςτ,
3237 5411 3613 5500 μειτακρίσεως
3682 5417 3797 5471 alii.
3876 5415 3921 5444 “
3944 5411 4029 5466 εὖ·

2608 5216 2651 5247 “
2680 5215 2803 5268 οὔτε
2855 5214 2986 5267 AB:
3028 5213 3110 5265 ὅτι
3174 5230 3236 5276 ς.
3342 5212 3388 5243 δ’
3423 5207 3555 5276 φασί
3607 5205 3712 5259 ΑΒ.
3808 5204 3857 5276 ’ἓ
3891 5211 4031 5276 ante

2765 5287 2810 5317 ³⁸
2862 5294 2977 5353 post
3033 5275 3440 5351 συναπέραντον
3469 5275 4032 5353 οιιιιιΑᾼΒ-οιιιίεἱιγάρ

2532 5360 2573 5389 ⁵⁷
2608 5344 2770 5426 Edim]
2795 5344 2956 5426 πάλιν
2990 5355 3108 5426 Βὲει
3139 5344 3282 5406 corr.
3318 5357 3357 5403 Α
3394 5367 3408 5403 :
3439 5350 3527 5426 alii
3556 5348 3687 5416 βάλε
3795 5362 3847 5397 e.
3877 5344 4027 5426 ἀϐά-

776 5466 850 5481 ηε.
1002 5466 1087 5484 ...ς
1138 5466 1331 5485 ιαμ...
1386 5466 1505 5482 η...
1542 5466 1626 5481 ς...
1676 5466 1865 5480 ..που
1897 5466 1956 5491 ευ.
2136 5466 2312 5482 λων...
2356 5466 2509 5490 ..κως
2568 5466 2891 5486 -...,.....-...,,
2924 5466 3189 5491 -......,.....
3237 5466 3356 5491 Γ---

776 5499 981 5568 ρυθμον
1006 5466 1138 5555 ΑΒιε
1178 5502 1473 5573 ὲρρύθμιον
1504 5518 1563 5563 ς.
1634 5466 1680 5531 ἧι
1716 5466 1892 5565 λέγειν
1924 5500 2254 5569 πειρώμενοι
2285 5466 2348 5563 ς·ιῖ
2424 5501 2466 5529 ⁸³
2509 5466 2707 5551 έαυτόνι
2732 5499 2795 5548 Α.
2873 5495 2919 5526 ⁵³
2948 5493 3128 5564 ἔσται]
3157 5494 3222 5547 ἄν
3248 5492 3356 5545 ΑΒ.

2278 5609 2513 5667 NOTAE.

848 5732 959 5801 (Si)
998 5727 1041 5786 ὦ
1068 5732 1223 5801 βάλη.
1245 5732 1303 5784 Ὀ
1331 5745 1495 5800 apage
1530 5733 1790 5799 iuquicnt.
1829 5732 1881 5782 In
1926 5731 2169 5799 margine
2196 5731 2354 5783 πάλιν

782 5804 995 5858 iterum.
1060 5804 1369 5870 ἀγεννήτως
1419 5804 1632 5870 proprie
1679 5804 1793 5857 siue
1838 5804 2203 5871 generatione.
2240 5804 2352 5856 Ka-

2464 5728 2768 5795 τακρίσεως
2801 5725 2984 5778 malim
3008 5721 3480 5794 Btaxpiazm;,nisi
3513 5720 3655 5773 idem
3688 5718 3926 5774 valeant.

2535 5798 2648 5869 (85)
2690 5796 2921 5853 Causam
2955 5796 3095 5850 hanc
3128 5812 3233 5849 nun
3266 5796 3403 5848 bene
3433 5806 3708 5860 assequar.
