4208 6442
229 395 369 457 1145

1264 392 1787 455 BlBLIOTHECA.
1822 392 2076 455 -COD.
2113 391 2432 454 CCXXXV.

3347 385 3364 448 l
3379 384 3483 451 146

222 510 439 576 λέγοιτο
466 507 541 579 μὴ
568 506 776 559 δεῖσθαι
811 506 908 574 τῆς
933 506 978 537 ⁸⁸
1030 506 1227 574 τέχνης
1285 508 1315 559 6
1361 506 1602 576 ἀνδριὰς,
1658 506 1800 557 κατά

1903 514 1985 559 r-ta
2038 516 2096 560 et
2150 505 2430 574 ingenita,
2489 501 2725 564 dicatur,
2776 500 3071 555 secundum
3120 498 3480 567 perniciosam

224 600 287 651 τὸ
320 599 564 664 ὀλέθριον
627 596 829 663 δόγμα,
878 594 1091 663 ἀνάγκη
1142 595 1551 665 αὐτοματισμὸν
1604 596 1797 665 ὁμολο·

221 695 365 758 γείν.
398 690 470 741 ‘ll
494 690 617 741 οὐδὲ
640 687 832 740 τοῦτον
868 687 994 749 ῐσως
1023 686 1376 756 ἐθελήσαντες
1419 686 1797 757 προσήκασθαι

219 782 314 832 τὸν
350 781 508 846 λόγον
537 778 861 848 πικρότερον
891 776 1334 847 ἀποκρινοῦνται,
1365 779 1425 831 τὸ
1469 780 1566 847 μὲν
1601 778 1800 849 βρέτας

222 874 489 940 ἀγένητον
519 872 618 923 οὐκ
656 866 797 923 εἶναι
842 869 1118 937 λέγοντες,
1157 873 1384 942 γενητὸν
1415 871 1471 923 δὲ
1519 866 1657 924 εἶναι
1714 872 1800 924 ἀεὶ

221 962 491 1029 γενέσεως
511 960 684 1029 ἀρχὴν
714 960 813 1012 οὐκ
874 958 1019 1027 ἔχον,
1066 958 1216 1021 ὅπως
1269 957 1523 1028 ἀνάρχως
1586 956 1798 1024 λέγοιτο

224 1056 452 1122 κρατεῖν
484 1051 578 1105 τοῦ
599 1053 973 1121 τεχνάσματος
1020 1052 1049 1104 6
1096 1049 1366 1120 τεχνίτης.
1420 1049 1653 1111 Οὐκοῦν,
1685 1043 1730 1102 ὦ
1754 1050 1797 1080 ⁸⁸

223 1139 398 1207 οὗτοι,
420 1144 643 1214 λέξομεν
676 1144 879 1207 αὐτοῖς,
904 1144 952 1195 εί
1006 1143 1082 1213 μὴ
1109 1143 1298 1211 χρόνος
1336 1141 1471 1211 μήτε
1519 1140 1652 1193 αἰὼν
1712 1141 1801 1192 εὐ-

228 1237 469 1309 ρὶσκοιτο
512 1238 716 1299 ἐπάνω,
753 1236 843 1288 ὅτε
880 1236 980 1287 οὐκ
1036 1230 1103 1303 ἦν
1149 1233 1354 1294 τέλειος
1403 1234 1431 1285 6
1463 1231 1709 1302 ἀνδριὰς,
1749 1233 1800 1285 τί

224 1332 508 1402 παρέσχεν
534 1330 683 1399 αὐτῷ
714 1332 742 1382 ὁ
790 1328 1043 1396 τεχνίτης
1086 1325 1118 1396 ἢ
1153 1326 1207 1378 τί
1242 1326 1545 1399 ἐνήργησεν
1584 1324 1663 1380 είς
1701 1323 1802 1375 αὐ·

221 1424 346 1485 τόνς
374 1422 515 1475 Φατέ
546 1438 561 1453 ο
594 1422 643 1474 εἰ
704 1420 813 1488 γάρ
863 1420 892 1470 6
929 1418 1090 1479 αὐτὸς
1148 1416 1400 1487 ἀνενδεὴς
1430 1414 1505 1466 ὢν
1562 1415 1656 1466 καὶ
1703 1414 1801 1465 οὐκ

224 1514 371 1581 ἔχων
411 1513 581 1581 ἀρχὴν
604 1512 872 1579 γενέσεως
900 1509 1177 1577 τυγχάνει,
1206 1506 1379 1578 ταύτῃ
1425 1506 1625 1576 μᾶλλον
1680 1504 1801 1557 καθ’

226 1610 379 1676 ὑμᾶς
431 1610 460 1659 6
508 1604 840 1675 δημιουργὸς
896 1603 1151 1655 οὐδέποτε
1204 1601 1613 1668 δημιουργήσας
1682 1596 1806 1650 οὔτε

225 1696 586 1766 δημιουργῶν
617 1694 991 1763 εὑρεθήσεται.
1024 1692 1134 1745 Καὶ
1164 1691 1324 1744 πάλιν
1346 1693 1426 1753 είς
1449 1690 1581 1743 αὐτὸ
1628 1688 1804 1743 ἔοικεν

229 1791 259 1839 ὁ
295 1789 455 1853 λόγος
488 1784 1038 1855 περιδεδραμηκέναι,
1060 1780 1467 1851 αὐτοματισμὸν
1500 1780 1801 1848 ὁμολογεῖν.

1902 608 2139 649 vestram
2194 596 2541 655 sententiam,
2582 604 2700 646 arte
2746 606 2851 644 non
2900 606 3082 661 egere,
3123 606 3346 646 necesse
3377 593 3480 647 crit

1904 686 2060 741 fateri
2092 698 2327 741 statuam
2362 700 2456 753 per
2477 699 2537 739 se
2568 693 2762 751 sponte
2794 681 2947 753 [sine
2978 680 3222 753 artifice]
3258 680 3480 737 factam.

1900 780 1969 832 At
2001 792 2177 846 neque
2203 779 2341 832 hanc
2373 775 2666 830 admissuri
2695 775 3020 836 orationem,
3049 774 3361 828 mordacius
3390 789 3478 827 re-

1902 872 2263 940 spondebunt,
2315 868 2663 924 simulacrum
2734 866 2951 934 quidem
3020 864 3319 935 ingenitum
3376 882 3481 919 nou

1902 980 2024 1016 esse
2049 964 2393 1026 dictitantes,
2437 959 2677 1030 genitum
2722 968 2901 1012 autem
2952 972 3075 1011 esse
3111 956 3484 1027 generationis

1902 1056 2170 1125 principio
2227 1068 2446 1121 semper
2502 1066 2733 1115 carens,
2798 1062 2855 1105 ut
2909 1049 3086 1121 opifex
3145 1050 3364 1118 opilicio
3418 1050 3486 1101 alt

1902 1160 2104 1202 a-terno
2128 1147 2303 1216 major
2318 1144 2717 1213 dicatur.Agite
2739 1158 2851 1207 vos,
2873 1157 3074 1206 nonne,
3095 1141 3203 1195 illis
3219 1142 3485 1205 dicemus,

1906 1242 1961 1295 Si
2000 1255 2174 1309 neque
2206 1250 2438 1308 tempus,
2462 1252 2635 1305 neque
2670 1252 2841 1290 aevum
2874 1244 3019 1289 retro
3048 1234 3214 1287 ullum
3251 1234 3486 1302 reperia-

1906 1340 2014 1397 tur,
2041 1334 2256 1398 quando
2277 1339 2454 1383 statua
2480 1328 2720 1396 perfecta
2749 1341 2853 1381 non
2880 1324 3003 1391 fuit,
3026 1325 3155 1393 quid
3184 1324 3258 1377 illi
3284 1324 3483 1377 artifex

1907 1422 2191 1490 praestitit?
2223 1431 2317 1475 aut
2354 1422 2483 1489 quid
2518 1420 2822 1475 eli'ormavit
2866 1421 2918 1471 in
2958 1417 3086 1470 illa?
3122 1417 3313 1470 Dicite.
3351 1415 3483 1469 Nam

1905 1514 1952 1567 si
1977 1515 2087 1581 ipsa
2112 1511 2311 1566 nullius
2335 1513 2511 1581 indiga
2535 1511 2855 1580 principium
2882 1510 3247 1577 generationis
3273 1509 3479 1561 nullum

1908 1604 2090 1664 habet,
2133 1604 2205 1657 ita
2243 1602 2538 1658 secundum
2573 1617 2698 1666 vos,
2748 1602 2927 1671 potius
2954 1609 3171 1654 creator
3206 1616 3483 1667 utinquam

1907 1695 2140 1755 creavit,
2177 1708 2351 1761 neque
2375 1707 2562 1747 creare
2600 1693 2829 1746 dicetur.
2855 1690 3029 1759 Atque
3057 1691 3135 1744 ita
3168 1704 3381 1745 rursum
3417 1695 3485 1743 ad

1911 1785 2049 1837 idem
2080 1782 2320 1838 revoluta
2338 1785 2536 1846 oratio,
2554 1792 2775 1851 cogetur
2792 1798 2922 1851 opus
2936 1792 3230 1849 suasponte
3262 1781 3469 1835 factum

223 1878 355 1929 Ἐὰν
375 1852 493 1945 γὰρ
516 1852 618 1927 κᾶν
638 1874 699 1926 τὸ
710 1852 759 1904 δ’
778 1852 1167 1941 ἄκαριαίτατον
1191 1868 1480 1939 ἀνδριάντα
1500 1869 1545 1899 ⁸⁷
1576 1871 1801 1939 κινήσας

1908 1876 2288 1944 fateri.Quodsi
2303 1877 2469 1941 enim,
2483 1876 2730 1945 quamvis
2747 1875 3085 1930 rudissimam
3108 1884 3341 1928 statuam
3363 1888 3480 1926 Illn-

222 1973 251 2022 ὁ
277 1968 614 2037 δημιουργὸς
636 1965 824 2035 λεχθῇ,
852 1966 991 2034 ἀρχῇ
1020 1965 1397 2025 ὑποπεσεὴαι,
1422 1961 1545 2014 καθ’
1567 1962 1633 2030 ἣν
1668 1961 1804 2030 πρό-

224 2077 388 2129 τερον
411 2057 537 2129 [497
562 2057 652 2127 Η.]
688 2056 849 2109 αὐτὸν
868 2055 1110 2123 ἄκοσμον
1140 2054 1235 2107 καὶ
1260 2053 1518 2119 ἀκίνητον
1544 2052 1675 2105 ὄντα
1714 2052 1805 2123 ήρ-

232 2155 365 2217 ξατο
402 2153 571 2204 κινεῖν
598 2151 689 2202 καὶ
708 2150 956 2217 κοσμεῖν.
987 2147 1198 2200 Οὔκουν
1248 2146 1341 2200 καὶ
1370 2141 1438 2216 ἦν
1502 2148 1596 2197 καὶ
1651 2144 1804 2197 ἔσται

229 2244 499 2315 διηνεκῶς
534 2245 561 2296 6
589 2242 750 2305 αὐτὸς
784 2242 870 2295 ἀεὶ
905 2241 1106 2309 κόσμος
1133 2256 1147 2271 ο
1183 2238 1543 2292 ἀπεικαστέον
1575 2239 1684 2307 γὰρ
1726 2235 1803 2307 τῷ

233 2342 337 2410 μὲν
371 2338 489 2408 Θεῷ
521 2337 611 2389 τὸν
646 2336 918 2405 τεχνίτην,
941 2335 1033 2387 τὸν
1065 2332 1119 2386 δὲ
1148 2332 1441 2403 ἀνδριάντα
1471 2330 1549 2401 τῷ
1592 2330 1801 2400 κόσμῳ.

229 2431 314 2498 1ιῆ
344 2429 408 2496 δὴ
427 2428 471 2459 ⁸⁸
519 2426 631 2491 οὖν,
667 2419 712 2477 ὧ
739 2424 950 2493 ἠλίθιοι,
1005 2422 1182 2475 οἴεσθε
1220 2421 1319 2491 τὴν
1348 2422 1525 2474 κτίσιν
1565 2422 1804 2475 συναπέ-

231 2536 432 2588 ραντον
456 2516 621 2569 οὖσαν
647 2514 723 2584 τῷ
754 2511 1071 2582 δημιουργῷ
1104 2510 1178 2580 μὴ
1200 2508 1405 2563 δεῖσθαι
1426 2509 1517 2561 τοῦ
1544 2510 1804 2579 δημιουρ-

228 2609 368 2678 γοῦ;
397 2609 469 2660 Τὸ
498 2607 605 2676 γὰρ
674 2606 1078 2672 συναπέραντον
1129 2600 1394 2672 μηδαμῶς
1427 2600 1599 2671 ἀρχὴν
1648 2600 1802 2668 γενέ-

231 2719 374 2761 σεως
403 2699 545 2769 ἕχον,
583 2697 675 2749 καὶ
702 2697 1062 2763 συναγένητον
1096 2694 1189 2745 καὶ
1222 2692 1540 2760 ίσοδύναμον
1590 2691 1801 2762 ἀνάγκη

227 2791 542 2857 τυγχάνειν.
584 2788 655 2839 Τὸ
680 2786 735 2838 δὲ
764 2786 1050 2852 ἀγένητον,
1082 2781 1368 2844 αὐτοτελὲς
1410 2786 1503 2834 καὶ
1532 2782 1803 2850 ἄτρεπτον

230 2880 456 2948 φανθὲν,
498 2880 588 2929 καὶ
644 2875 940 2945 ἀπροσδεὲς
965 2874 1058 2926 καὶ
1108 2872 1343 2942 ἄφθορον
1383 2873 1535 2923 ἔσται
1577 2873 1641 2924 ⁸⁸.
1694 2871 1805 2924 Καὶ

228 2975 277 3023 εί
307 2968 469 3021 τοῦτο
496 2966 667 3029 οὕτως
687 2967 820 3035 ἔχει,
844 2965 1027 3017 οὐκέτι
1057 2965 1085 3017 6
1140 2962 1345 3031 κόσμος
1393 2961 1626 3029 τρεπτὸς
1680 2960 1802 3013 καθ’

228 3062 402 3132 ὑμᾶς.

305 3238 430 3290 ’Ότι
472 3235 765 3306 Ἐκκλησία
796 3233 945 3305 παρά
967 3233 1027 3287 τὸ
1066 3233 1505 3287 ἐκκεκλικέναιτθ
1540 3234 1639 3296 τὰς
1671 3234 1798 3303 ἡδο-

230 3331 332 3393 νὰς
361 3327 616 3396 λέγεσθαί
657 3345 841 3397 φησιν.

304 3424 429 3476 Ὅτι
460 3423 621 3488 φησὶν
669 3421 697 3470 6
753 3422 929 3485 ᾰγιος,
972 3418 1173 3471 Δύοδὲ
1200 3419 1243 3449 ⁷⁸
1280 3418 1536 3486 δυνάμεις
1589 3420 1646 3471 ἐν
1692 3421 1803 3481 τοῖς

230 3508 787 3581 προωμολογημένοις
837 3506 1044 3572 ἔφαμεν
1105 3501 1243 3557 εἷναι
1284 3505 1658 3574 ποιητικάς⁷¹,
1705 3504 1803 3571 τὴν

230 3604 293 3667 ἐξ
327 3602 430 3655 οὐκ
444 3600 611 3652 όντων
630 3596 819 3667 γυμνῷ
831 3598 907 3665 τῷ
929 3596 1224 3664 βουλήματι
1248 3597 1415 3665 χωρὶς
1432 3595 1597 3664 μελλη
1607 3597 1744 3665 σμοῦ
1758 3596 1803 3626 ⁷³

231 3696 353 3763 ἅμα
382 3691 459 3760 τῷ
490 3690 711 3758 θελῆσαι
772 3685 1175 3753 αὐτουργοῦσαν
1201 3686 1228 3737 ὂ
1279 3687 1523 3754 βούλεται
1580 3689 1752 3739 ποιεῖν
1786 3702 1801 3717 ·

227 3784 497 3854 τυγχάνει
523 3781 578 3832 δὲ
604 3782 633 3833 6
674 3780 866 3850 Πατήρ
894 3796 908 3809 ·
956 3779 1189 3850 θατέραν
1239 3778 1296 3831 δὲ
1349 3780 1803 3850 κατακοσμοῦσαν

231 3880 328 3930 καὶ
358 3874 743 3927 ποικίλλουσαν
798 3873 939 3925 κατὰ
985 3872 1218 3941 μίμησιν
1266 3871 1367 3941 τῆς
1414 3873 1683 3942 προτέρας
1733 3873 1804 3926 τὰ

228 3968 333 4036 ἤδη
354 3966 618 4032 γεγονότα
652 3982 665 3994 ·
706 3963 822 4014 ἐστι
855 3962 910 4013 δὲ
935 3963 961 4012 ὸ
993 3961 1140 4024 Υἱὸς,
1175 3963 1207 4031 ή
1244 3961 1649 4031 παντοδύναμος
1708 3963 1803 4015 καὶ

231 4055 478 4126 κραταιά
509 4055 630 4123 χεὶρ
656 4052 749 4105 τοῦ
789 4052 1017 4120 Πατρός,
1043 4053 1101 4103 ἒν
1211 4053 1347 4121 μετά
1377 4052 1438 4104 τὸ
1460 4054 1678 4123 ποιῆσαι
1703 4054 1802 4123 τὴν

229 4151 371 4217 ὓλην
398 4147 457 4211 ἐξ
493 4148 593 4199 οὐκ
618 4146 788 4198 ὄντων
820 4144 1181 4212 κατακοσμεῖ.

304 4243 430 4293 Ὅτι
452 4237 513 4290 τὸ
550 4236 667 4291 Ἰὼϐ
686 4234 887 4305 βιϐλίον
906 4232 1149 4295 Μωσέως
1175 4228 1315 4285 εἶναι
1357 4236 1384 4286 ό
1429 4234 1581 4299 ἅγιός
1613 4253 1797 4303 φησιν,

301 4332 431 4405 [910
470 4328 563 4402 8.]
607 4330 876 4399 Ὀτιπερὶ
902 4326 1016 4390 τοῦ,
1059 4327 1161 4381 Ἐν
1189 4324 1342 4395 ἀρχῇ
1377 4327 1666 4390 ἐποίησεν
1696 4330 1801 4383 τὸν

224 4425 496 4495 οὐρανὸν
527 4423 623 4476 καὶ
648 4421 762 4490 τὴν
785 4420 921 4490 γῆν,
950 4420 1135 4490 φησὶν,
1158 4420 1355 4489 Ἀρχὴν
1374 4419 1429 4470 δὲ
1451 4420 1618 4490 αὐτὴν
1639 4422 1736 4492 τὴν
1753 4424 1798 4453 ⁷⁸

1908 1969 2034 2023 litus
2056 1970 2128 2024 sit
2150 1969 2341 2023 artifex
2365 2009 2381 2035 ,
2404 1968 2491 2022 illa
2523 1978 2699 2022 tamen
2730 1964 3140 2039 [generationis]
3166 1965 3484 2035 principium

1908 2060 2148 2123 habebit,
2182 2075 2290 2129 quo
2319 2060 2607 2114 informem
2644 2069 2699 2113 et
2733 2060 2918 2113 rudem
2946 2057 3142 2111 artifex
3181 2058 3345 2126 coepit
3377 2066 3487 2109 tra-

1904 2164 2057 2206 ctare
2086 2160 2139 2206 et
2178 2151 2435 2219 expolire.
2478 2151 2618 2220 Ergo
2656 2165 2757 2205 nec
2794 2160 2909 2204 erat
2957 2163 3055 2203 nec
3090 2150 3196 2204 erit
3229 2158 3487 2217 perpetuo

1907 2247 2048 2300 idem
2070 2259 2285 2313 semper
2306 2244 2534 2298 mundus
2565 2241 2983 2310 (comparandus
3012 2250 3091 2295 est
3118 2241 3264 2293 enim
3290 2239 3486 2295 artifex

1906 2335 2041 2399 Deo,
2067 2345 2121 2389 et
2166 2345 2343 2389 statua
2378 2335 2619 2404 mundo).
2670 2335 2947 2399 Quomodo
2993 2346 3143 2402 ergo,
3167 2347 3199 2387 ο
3225 2332 3485 2400 stupidis-

1904 2428 2060 2493 simi,
2112 2426 2436 2481 existimatis
2494 2434 2799 2479 creaturam
2854 2424 3110 2477 Creatori
3161 2436 3485 2479 cozeternam

1907 2518 2211 2592 [adeoque]
2256 2518 2513 2573 Creatore
2566 2516 2745 2589 [unu]
2813 2517 3095 2587 indigere?
3145 2517 3484 2572 Coacternum

1905 2610 2069 2674 enim,
2098 2624 2223 2662 cum
2263 2607 2465 2661 nullum
2510 2609 2876 2676 generationis
2917 2608 3239 2676 principium
3290 2610 3486 2663 admit-

1906 2714 2003 2769 tat,
2039 2718 2260 2759 necesse
2292 2710 2376 2757 est
2412 2714 2464 2755 ιιι
2500 2703 2571 2757 sit
2613 2703 2775 2755 etiam
2819 2702 3117 2770 ingenitum
3155 2710 3211 2755 et
3243 2701 3483 2769 ejusdem

1906 2797 2181 2866 potentiae.
2225 2795 2379 2861 Quod
2412 2804 2592 2849 autem
2645 2793 2936 2860 ingenitum
2972 2803 3074 2853 est,
3107 2793 3158 2845 id
3188 2792 3481 2846 manifeste

1904 2886 2063 2938 etiam
2096 2901 2191 2953 per
2234 2901 2291 2939 se
2318 2884 2614 2954 perfectum
2644 2882 2839 2954 3M4:
2874 2892 2931 2936 et
2981 2883 3336 2945 immutabile,
3367 2882 3485 2935 titil-

1905 2976 2117 3045 liusque
2145 2992 2309 3045 egens
2338 2984 2391 3029 et
2427 2975 2839 3042 iucorruptibile
2866 2974 2992 3029 erit.
3028 2974 3093 3027 Et
3125 2974 3171 3027 si
3201 2974 3275 3026 ita
3306 2989 3366 3028 se
3398 2989 3485 3027 res

1905 3068 2086 3133 habet,
2111 3082 2179 3122 ex
2205 3079 2387 3122 vestra
2414 3067 2681 3121 sententia
2712 3066 2945 3120 mundus
2972 3065 3082 3119 erit
3108 3065 3482 3120 itmuutabilis.

1992 3241 2288 3297 Ecclesiam
2322 3242 2392 3296 ab
2416 3243 2707 3298 evocandis
2734 3242 3099 3313 voluptatibus
3132 3243 3259 3311 (hoc
3288 3253 3484 3297 estex-

1907 3330 2223 3401 stirpandis)
2260 3332 2455 3385 dictam
2484 3333 2579 3385 ait.

1977 3421 2147 3475 Porro
2192 3432 2412 3475 sanctus
2461 3421 2629 3475 dicit:
2673 3418 2815 3473 Duas
2845 3420 2897 3474 in
2929 3436 3092 3489 supra
3131 3420 3291 3474 dictis
3334 3418 3481 3472 δωτ-

1908 3511 2183 3562 tnnltamus
2211 3524 2328 3563 esse
2352 3508 2651 3563 effectrices
2688 3508 2971 3563 facultates
3005 3528 3019 3563 ε
3058 3524 3217 3561 unum
3264 3524 3383 3577 qnae
3413 3525 3480 3562 ex

1917 3603 2084 3652 rebus
2109 3614 2215 3653 non
2239 3599 2621 3653 exsistentibus
2646 3599 2758 3653 sola
2784 3599 3075 3663 voluntate,
3104 3600 3220 3653 sine
3250 3599 3480 3665 partium

1906 3692 2253 3744 distinctione
2284 3692 2443 3744 simul
2498 3704 2658 3760 atque
2692 3692 2803 3743 vult
2827 3733 2841 3756 ,
2882 3692 3137 3758 quidquid
3164 3692 3273 3743 vult
3299 3690 3480 3756 cilicii;

1904 3794 1985 3837 est
2018 3794 2194 3837 autem
2233 3784 2317 3838 ltic
2366 3783 2561 3838 Pater:
2591 3786 2837 3845 alteram,
2872 3800 2990 3853 quae
3020 3782 3248 3853 perlicit,
3276 3785 3481 3838 variat-

1903 3893 2005 3945 que
2032 3888 2086 3931 et
2109 3887 2370 3939 exornat,
2419 3880 2711 3932 secundum
2760 3877 2956 3945 prioris
2996 3877 3249 3943 potentiae
3282 3878 3478 3936 idenm,

1903 3970 2043 4036 quod
2070 3969 2177 4036 jam
2218 3981 2343 4023 ante
2372 3969 2572 4024 factum
2611 3979 2736 4029 est,
2767 3980 2821 4022 et
2864 3970 2949 4022 Itic
2972 3980 3055 4021 est
3086 3968 3272 4031 Filius,
3302 3969 3481 4021 omni-

1903 4074 2092 4129 potens
2113 4077 2303 4128 nempe
2326 4072 2379 4114 et
2405 4062 2604 4116 invicta
2630 4076 2821 4114 manus
2854 4058 3050 4123 Patris,
3072 4076 3175 4129 qua
3202 4061 3480 4114 materiam

1902 4166 1964 4203 ex
1998 4149 2163 4205 nihilo
2189 4152 2334 4217 prius
2362 4161 2617 4213 creatam,
2643 4158 2824 4218 postea
2860 4148 3077 4217 perlicit
3115 4163 3208 4202 seu
3235 4158 3481 4203 exornat.

1972 4241 2212 4296 Allirmat
2236 4244 2395 4295 etiam
2428 4251 2673 4297 sanctum
2701 4242 2895 4295 librqu
2927 4239 3029 4293 Job
3054 4255 3177 4294 esse
3216 4238 3403 4293 Mosis.

1975 4336 2138 4389 Docet
2174 4343 2430 4398 prmterea
2469 4348 2627 4401 super
2674 4332 2778 4386 illis
2828 4334 3007 4385 verbis
3050 4333 3161 4385 :In
3218 4332 3482 4400 principio

1900 4428 2089 4479 creavit
2124 4423 2262 4478 Dens
2304 4425 2486 4477 cretum
2513 4435 2559 4477 et
2596 4434 2788 4476 terram
2811 4424 2859 4487 ες
2895 4439 3015 4476 eum
3048 4425 3137 4492 qui
3160 4424 3483 4493 principium

226 4521 426 4587 σοφίαν
458 4518 632 4585 λέγων
653 4533 734 4577 τις
751 4516 849 4567 οὐκ
878 4514 942 4568 ἂν
971 4515 1225 4584 ἁμάρτοι.
1250 4516 1477 4581 Λέγεται
1512 4519 1619 4585 γὰρ
1648 4519 1796 4587 παρά

1903 4518 2071 4585 ipsam
2111 4517 2311 4570 dixerit
2347 4531 2466 4571 esse
2508 4516 2880 4585 sapientiam,
2931 4531 3036 4570 non
3083 4517 3482 4570 aberraturum.

221 4627 333 4661 τινι
364 4608 475 4660 τῶν
505 4609 569 4659 ὲκ
594 4606 686 4658 τοῦ
715 4606 859 4658 θείου
892 4604 1051 4675 χοροῦ
1074 4604 1306 4670 λέγουσα
1338 4608 1466 4674 περὶ
1506 4606 1671 4675 αὐτῆς
1705 4607 1797 4658 τὸν

220 4701 430 4769 τρόπον
453 4698 659 4761 τοῦτον,
693 4698 964 4763 Κύριος⁷⁵
1019 4696 1221 4748 ἐκτισέ
1267 4712 1343 4764 με
1392 4696 1590 4764 ἀρχὴν
1639 4696 1797 4749 ὁδῶν

222 4788 440 4848 αὐτοῦ.
464 4790 549 4851 εὶς
561 4786 703 4855 ἔργα
726 4785 914 4839 αὐτοῦ
937 4786 1050 4850 πρὸ
1080 4786 1185 4838 τοῦ
1207 4784 1420 4851 αἰῶνος
1441 4786 1795 4854 ἐθεμελίωσέ

217 4895 319 4947 με.
346 4872 455 4928 Ἶιν
477 4876 585 4945 γὰρ
609 4875 902 4927 ἀκόλουθον
923 4876 1017 4927 καὶ
1045 4874 1489 4942 πρεπωδέστερον
1540 4876 1717 4929 πάντα
1759 4877 1795 4929 ἃ.

221 4971 306 5029 εἰς
329 4968 542 5034 γένεσιν
568 4962 731 5035 ἦλθον
760 4961 898 5017 εἶναι
928 4965 1131 5033 ταύτης
1152 4964 1410 5033 νεώτερα,
1442 4967 1564 5018 ἐπεὶ
1600 4968 1694 5019 καὶ
1728 4968 1793 5020 δι’

220 5059 402 5124 αὐτῆς
428 5059 735 5124 γεγόνασιν.
771 5057 1092 5124 Ἐπίστησον
1115 5056 1241 5125 γὰρ,
1273 5057 1321 5107 εί
1353 5057 1426 5126 μή
1454 5057 1548 5109 καὶ
1574 5058 1655 5117 τὸ,
1692 5059 1794 5112 Ἐν

218 5146 385 5215 ἀρχῇ
427 5142 507 5215 ἦν
554 5150 587 5201 ὁ
620 5148 831 5215 Λόγος,
887 5145 984 5198 καὶ
1039 5148 1070 5197 ὀ
1119 5148 1308 5213 Λόγος
1361 5140 1441 5212 ἦν
1483 5147 1631 5214 πρὸς
1686 5148 1793 5201 τὸν

221 5242 399 5300 Θεὸν,
425 5240 564 5291 κατά
596 5240 687 5293 τὸν
717 5236 1128 5307 εὑαγγελιστὴν,
1162 5236 1259 5290 καὶ
1312 5238 1457 5302 Θεὸς
1488 5233 1564 5304 ἦν
1612 5241 1645 5291 ό
1684 5240 1791 5292 Λό-

218 5326 562 5399 γος-ὀὗτος
589 5326 668 5400 ἦν
720 5329 790 5382 ἐν
825 5327 991 5397 ἀρχῇ
1047 5327 1198 5396 πρὸς
1230 5327 1337 5381 τὸν
1382 5330 1550 5395 Θεὸν,
1604 5330 1655 5382 εί
1714 5331 1790 5401 μὴ

297 5463 329 5503 ⁸
354 5461 489 5518 Gen.
519 5480 559 5527 ι,
587 5463 639 5517 1.
714 5464 743 5504 ιι
775 5462 932 5517 Prov.
979 5478 1107 5527 vnt,
1130 5462 1220 5516 τε.
1302 5461 1503 5518 i.loan.
1552 5478 1601 5526 ι,
1632 5466 1685 5529 1,
1719 5466 1773 5519 2.

1899 4609 2103 4662 Dicitur
2129 4608 2270 4662 enim
2314 4609 2450 4676 apud
2486 4606 2772 4673 quemdam
2807 4622 2837 4661 e
2889 4621 3033 4661 crezu
3073 4621 3230 4661 sacro
3254 4607 3486 4673 scripto-

1897 4716 2013 4754 rum
2045 4701 2126 4757 sic
2160 4703 2224 4754 de
2250 4702 2423 4769 scipsa
2464 4699 2608 4767 loqui
2641 4712 2659 4753 :
2711 4697 2967 4752 Dominus
2996 4699 3233 4752 condidit
3267 4716 3346 4753 me
3380 4700 3483 4751 ini—

1894 4794 2024 4845 tium
2045 4794 2249 4846 viarum
2293 4807 2507 4845 suarum
2561 4791 2629 4844 ad
2690 4807 2847 4858 Opera
2894 4807 3024 4853 sua,
3077 4801 3197 4843 ante
3232 4792 3485 4844 awculum

1895 4883 2134 4951 {undam
2174 4900 2253 4935 me
2282 4884 2332 4939 ιι.
2371 4883 2502 4936 Erat
2555 4882 2697 4936 enim
2750 4896 3090 4951 consequens
3123 4891 3179 4935 et
3206 4883 3483 4936 decentius

1897 4976 2075 5029 Omnia
2119 4990 2238 5044 quae
2276 4984 2455 5030 creata
2479 4983 2643 5035 sunt,
2686 4988 2811 5028 esse
2860 4974 2960 5027 hac
3006 4974 3329 5041 posteriora,
3358 4989 3483 5027 cunt

1895 5082 1991 5136 per
2021 5081 2139 5119 eam
2173 5066 2311 5119 facta
2340 5066 2467 5119 sint.
2496 5066 2811 5127 Considera,
2843 5078 3019 5117 annon
3083 5073 3137 5116 et
3186 5064 3288 5118 hoc
3316 5080 3483 5116 evan-

1880 5157 2122 5225 gelista,
2200 5156 2267 5210 In
2297 5158 2555 5227 principio
2582 5166 2694 5209 erat
2732 5154 2975 5218 Verbum,
3017 5166 3066 5210 et
3105 5154 3325 5209 Verbum
3365 5168 3480 5209 erat

1895 5246 2035 5311 apud
2080 5245 2279 5310 Deum,
2330 5247 2441 5300 lucc
2483 5245 2882 5315 consequatur?
2923 5242 2990 5297 Et
3024 5243 3163 5297 Deus
3195 5256 3305 5297 erat
3353 5244 3479 5297 Ver-

1897 5341 2017 5390 bum
2042 5356 2061 5392 :
2084 5338 2178 5392 hoc
2199 5347 2309 5391 erat
2340 5339 2395 5391 in
2416 5340 2671 5407 principio
2696 5339 2836 5404 apud
2868 5335 3036 5390 Deum
3069 5336 3113 5392 ι.
3139 5336 3473 5406 Principium

1490 5576 1731 5632 VARIIE
1766 5574 2170 5633 LECTIONES-

297 5673 347 5703 “
368 5673 462 5741 τῆς
495 5687 605 5725 om.
640 5673 707 5725 A.
782 5672 825 5705 ⁸³
850 5666 896 5725 ὦ
922 5686 1032 5724 om.
1061 5671 1167 5724 AB.
1200 5673 1246 5704 “
1279 5674 1361 5743 τό]
1393 5672 1483 5725 τόν
1518 5671 1624 5730 AB.
1670 5672 1717 5703 "
1742 5669 2054 5742 6v6ptdwa}
2087 5673 2268 5726 malim
2296 5670 2391 5724 τὸν
2416 5669 2729 5741 ἀνδριάντα,
2749 5680 2808 5724 et
2837 5684 2960 5724 mox
2994 5670 3233 5738 κινῆσαι.
3309 5670 3355 5701 ⁸⁸
3380 5670 3418 5723 “.
3453 5670 3464 5741 ί

312 5743 421 5793 AB.
498 5742 541 5773 ⁶⁹
572 5742 749 5795 ἔσται]
780 5743 844 5795 ἄν
879 5741 988 5795 AB.
1023 5743 1091 5794 ἂν
1149 5741 1300 5793 ἔσται
1336 5760 1395 5795 ς.
1492 5743 1537 5772 ⁷⁹
1575 5741 1959 5795 ἐκκεκλικέναι
1996 5743 2121 5795 AB:
2156 5742 2544 5795 ὲκκεκληκέναι
2581 5757 2641 5795 ς.
2694 5741 2733 5771 ⁷⁸
2760 5741 2819 5793 δὲ
2882 5751 3143 5795 οχυιιιιίιιι
3165 5743 3231 5795 Α,
3262 5670 3461 5795 0:11.03.

220 5743 280 5795 δέ
312 5743 421 5793 AB.
498 5742 749 5813 “£6794
780 5743 844 5796 ἄν
879 5741 988 5802 AB,
1023 5743 1091 5794 ἄν
1149 5741 1307 5813 ἔσται
1336 5741 1395 5806 ἐς.

1492 5743 1537 5772 ⁷⁹
1575 5741 1959 5795 ἐκκεκλικέναι
1996 5743 2121 5795 AB:
2156 5742 2544 5808 ὲκκεκληκέναι
2581 5757 2641 5803 ς.
2694 5741 2733 5771 ⁷⁸
2760 5741 2819 5793 δὲ
2882 5751 3143 5808 expungtt
3165 5743 3231 5807 A,
3262 5757 3347 5797 om

223 5815 271 5845 "
319 5812 607 5883 ποιητικῆς
630 5809 747 5867 AB.
818 5813 867 5845 ⁷³
887 5812 1198 5883 μελλησμοῦ
1232 5812 1357 5865 AB:
1398 5810 1658 5883 μελισμοῦ
1686 5828 1748 5875 ς.
1824 5811 1872 5845 ⁷⁸
1904 5809 2025 5881 τὴν]
2054 5811 2145 5865 καί
2169 5809 2277 5866 AB.
2340 5809 2384 5843 ⁷⁸
2416 5809 2639 5882 Κύριος]
2675 5809 2829 5865 l‘rm'.
2861 5825 2967 5875 tm,
3011 5811 3098 5865 τὶ.
