4208 6442
753 379 893 442 1147

1922 386 2173 445 PHUTll
2220 386 2717 446 PATRIARCHJE
2748 386 2857 443 Cl’.

3850 379 3985 441 1148

755 494 921 553 enirn,
952 506 979 541 a
1012 505 1117 558 quo
1142 492 1466 559 germinavit
1494 494 1833 572 verissimum
1864 495 2118 561 Verbum,
2152 499 2321 551 fateu-
2354 508 2372 558 ,ε

2442 499 2639 557 τούτοις
2663 498 2974 565 όμαρτεῖτδ.
3012 497 3123 565 Τὴν
3152 501 3249 565 μὲν
3294 496 3403 563 γὰρ
3439 494 3643 563 ἀρχὴν,
3671 492 3766 560 ἀφ’
3794 489 3859 563 ἧς
3892 493 3985 543 ἁν-

754 583 880 632 dnm
926 590 1005 631 est
1048 597 1169 633 eSSe
1206 581 1416 633 Patrem
1448 585 1781 637 conditorem
1827 586 2199 638 universorum
2229 604 2241 638 :
2270 588 2318 638 in

755 686 863 739 quo
897 680 1013 724 erat
1044 672 1345 741 [Verbum].
1391 672 1520 725 Illud
1560 685 1738 727 autem
1767 718 1781 739 ,
1820 674 1930 727 Hoc
1959 688 2070 727 erat
2102 678 2155 727 in
2181 678 2322 741 prin-

755 765 891 828 cipio
927 768 1062 829 apud
1104 763 1291 826 Deum,
1343 767 1635 832 potentiam
1682 767 1876 830 Verbi,
1930 783 2090 835 quam
2138 767 2323 820 habuit

757 857 894 920 apud
935 854 1168 917 Patrem,
1216 867 1508 924 antequam
1558 862 1786 911 mundus
1836 870 2149 920 crearetur,
2195 861 2323 912 iusi-

759 960 925 997 nuare
964 946 1190 1007 videtur,
1233 962 1354 1000 cum
1397 949 1688 1016 potentiam
1721 951 2036 1017 principium
2072 951 2318 1018 appellat.

758 1035 900 1102 Ergo
946 1046 1062 1102 post
1106 1038 1380 1103 proprium
1410 1050 1779 1107 :eteruumque
1826 1041 2148 1109 principium
2183 1043 2325 1105 quod

760 1129 919 1180 Pater
947 1139 1051 1190 est,
1096 1125 1329 1181 Verbum
1370 1112 1593 1197 quoque
1623 1140 1707 1183 est
1730 1132 1956 1184 aliorum
2003 1132 2322 1200 principium

762 1234 855 1286 per
882 1222 1024 1285 quod
1053 1222 1232 1271 omnia
1266 1232 1541 1273 creantur.

826 1310 1086 1376 Origenes
1104 1321 1385 1377 postquam
1406 1312 1571 1363 tnulta
1598 1312 1867 1367 fabulatus
1886 1324 1970 1367 est
1994 1314 2061 1365 de
2088 1314 2321 1367 universi

758 1400 1082 1464 aeternitate,
1112 1402 1273 1453 etiam
1307 1403 1407 1455 hoc
1437 1401 1599 1455 infert
1626 1421 1638 1457 :
1676 1403 1856 1471 Neque
1883 1420 2011 1471 ergo
2042 1404 2109 1458 ab
2135 1406 2324 1466 Adam,

758 1501 818 1543 ut
858 1494 1069 1558 quidam
1111 1494 1415 1555 allirmant,
1462 1510 1582 1546 cum
1634 1497 1784 1563 prius
1816 1513 1917 1550 non
1958 1504 2102 1549 esset
2145 1497 2323 1558 homo,

763 1593 889 1634 tunc
922 1584 1164 1635 omnium
1199 1586 1405 1652 primus
1449 1584 1713 1639 formatus
1754 1588 1803 1638 in
1864 1588 2119 1639 rnundum
2158 1590 2323 1640 venit.

759 1672 943 1740 Neque
969 1676 1199 1728 mundus
1246 1690 1484 1737 rursum,
1508 1687 1631 1729 ante
1649 1692 1743 1730 sex
1764 1680 1895 1740 dies,
1918 1694 2077 1746 quam
2110 1693 2327 1732 creare-

760 1776 848 1816 tur
889 1766 1092 1827 Adam,
1140 1767 1305 1833 capit
1348 1768 1488 1821 fieri.
1531 1769 1681 1833 Quod
1736 1770 1778 1822 si
1821 1774 1942 1837 quis
1994 1771 2107 1823 haec
2150 1772 2329 1837 cupiat

760 1857 1045 1924 dispicere,
1068 1858 1217 1924 prius
1246 1861 1558 1926 perpendat,
1605 1875 1783 1912 annon
1810 1862 2102 1913 secundum
2128 1862 2327 1931 3041)
2364 1841 2403 1894 Β

762 1947 941 1999 Mosen
989 1950 1061 2001 sit
1107 1948 1283 2002 facilis
1323 1962 1608 2003 nmneratu
1652 1967 1789 2005 unus
1836 1953 1985 2016 dies,
2038 1954 2102 2006 iis
2129 1955 2220 2020 qui
2258 1955 2329 2005 ita

764 2040 941 2094 Mosen
976 2046 1287 2109 exponunt?
1318 2045 1629 2112 prophetica
1674 2060 1805 2098 voce
1840 2046 1926 2099 hic
1956 2048 2117 2099 etiam
2154 2048 2329 2101 accla-

763 2144 944 2184 mante
969 2151 982 2185 :
1014 2136 1056 2183 Α
1078 2135 1270 2186 swculo
1296 2146 1342 2187 et
1372 2153 1531 2203 usque
1554 2138 1607 2187 in
1635 2138 1885 2190 sarculum
1913 2150 1967 2190 tu
1990 2156 2061 2203 es,
2087 2140 2331 2205 quoniam

761 2224 907 2276 mille
937 2228 1064 2278 anni
1110 2236 1230 2279 ante
1275 2229 1451 2280 oculos
1486 2240 1622 2291 tuas,
1663 2241 1910 2300 tanquam
1952 2232 2061 2283 dies
2093 2232 2334 2284 hesterna

760 2332 878 2382 qua:
910 2319 1180 2385 preter-iit,
1209 2328 1258 2372 et
1288 2322 1527 2373 custodia
1562 2322 1615 2373 in
1640 2332 1789 2373 nocte
1813 2333 1825 2370 ι
1846 2363 1857 2374 .
1912 2322 2053 2375 Mille
2082 2325 2238 2375 anuis
2282 2325 2332 2374 in

765 2422 928 2459 unum
1002 2408 1144 2461 diem
1199 2412 1488 2474 conclusis,
1545 2413 1597 2465 in
1651 2412 1821 2467 oeulis
1874 2413 1989 2478 Dei,
2041 2432 2068 2466 a
2121 2415 2335 2467 condito

766 2502 965 2553 mundo
991 2517 1161 2570 usque
1193 2504 1257 2555 ad
1281 2488 1532 2571 requiem
1567 2513 1804 2559 nostram
1842 2505 1977 2575 (86),
2004 2507 2189 2565 optimi
2225 2506 2335 2558 cal-

761 2594 978 2646 culandi
1047 2596 1287 2663 magistri
1348 2594 1616 2649 afﬁrmant
1672 2612 1764 2650 sex
1816 2599 1930 2651 dies
1986 2599 2331 2665 praeteriisse.

764 2686 978 2737 Annum
1014 2698 1142 2737 vero
1180 2685 1356 2739 sexies
1392 2686 1761 2750 millesimum,
1794 2690 1861 2740 ab
1895 2688 2104 2741 Adamo
2132 2691 2197 2740 ad
2239 2704 2338 2743 nos

768 2789 937 2842 usque
960 2774 1110 2827 aiunt
1135 2778 1370 2830 extendi.
1407 2777 1547 2847 Ergo
1575 2796 1603 2830 a
1637 2780 1790 2833 nobis
1818 2795 1988 2848 usque
2023 2782 2088 2833 ad
2135 2782 2339 2849 princi—

766 2867 912 2931 pium
947 2867 999 2919 in
1021 2883 1127 2935 quo
1152 2866 1291 2922 Deus
1311 2872 1517 2922 creavit
1540 2871 1736 2924 caalmu
1763 2882 1817 2924 et
1850 2882 2046 2924 terram
2073 2872 2333 2925 tredecim

767 2960 883 3012 dies
919 2970 1272 3014 numerantur
1299 2960 1443 3031 (nam
1479 2964 1529 3015 in
1556 2964 1783 3030 septimo
1813 2965 1996 3015 mundi
2034 2963 2339 3017 milleuario

762 3049 1026 3116 judicium
1057 3051 1211 3104 aiunt
1241 3050 1525 3119 futurum),
1560 3056 1756 3121 quibus
1788 3054 1927 3107 Deus
1956 3055 2248 3122 antiquior,
2299 3064 2341 3108 tt

2423 588 2750 654 εὸλάστησεν
2781 589 2808 638 ὁ
2836 588 3122 652 ὀρθότατος
3143 588 3332 652 Λόγος,
3351 587 3441 637 τὸν
3473 586 3691 654 Πατέρα
3715 586 3810 635 καὶ
3843 601 3993 649 ποιη-

2422 678 2520 746 τὴν
2541 678 2647 729 τῶν
2676 679 2812 729 ὅλων
2846 680 3121 745 φατέον⁹¹,
3172 682 3229 731 ἐν
3261 672 3305 744 ᾧ
3352 674 3457 747 ἦν’
3518 678 3580 729 τδ
3600 678 3642 708 ⁷⁸
3678 677 3758 738 δὲ,
3801 673 3997 735 Οὗτος

2424 768 2501 837 ἦν
2519 770 2587 821 ἐν
2620 769 2777 836 ἀρχῇ
2806 772 2955 838 πρὸς
3010 772 3113 822 τὸν
3144 770 3312 829 Θεὸν,
3366 770 3427 821 τὺ
3464 768 3872 831 ὲζουσιαστικὺν
3903 766 3995 817 τοῦ

2426 861 2621 926 Λόγου,
2659 860 2686 911 ὂ
2714 855 2824 928 εἶχε
2862 861 3011 929 παρὰ
3038 860 3116 927 τῷ
3146 860 3317 929 “arpi.
3370 858 3463 910 κα)⁸
3495 857 3600 927 πρὸ
3630 856 3721 908 τοῦ
3777 856 3870 907 τὸν
3904 857 3979 906 κό»

2428 966 2562 1016 σμον
2591 952 2670 1012 εἰς
2701 952 2912 1017 γένεσιν
2966 950 3281 1019 παρελθεῖν,
3342 951 3485 1003 ἔοικε
3539 948 3848 1016 σημαίνειν,
3899 948 3996 1015 τὴν

2427 1042 2675 1103 ἐξουσίαν
2714 1042 2886 1110 ἀρχὴν
2909 1040 3098 1094 εἰπών.
3131 1040 3340 1093 Οὐκοῦν
3370 1040 3535 1109 ἀρχὴ,
3570 1037 3706 1106 μετὰ
3734 1036 3836 1104 τὴν
3862 1036 3997 1087 ἰδίαν

2426 1137 2659 1206 ἄναρχον
2690 1136 2862 1205 ἀρχὴν
2891 1137 2979 1187 τὸν
3006 1136 3238 1203 Πατέρα,
3284 1134 3443 1195 αὐτὸς
3476 1133 3584 1185 τῶν
3625 1132 3803 1183 ἄλλων
3848 1130 3996 1196 γίνε-

2427 1245 2538 1291 ται,
2563 1229 2630 1281 δι’
2667 1224 2732 1296 ἦς
2760 1228 2975 1281 ἅπαντα
2991 1228 3425 1296 δημιουργεῖται.

2499 1320 2619 1371 Ὂτι
2668 1319 2947 1387 Ὠριγένης
2984 1318 3120 1385 μετὰ
3163 1318 3222 1368 τὸ
3263 1314 3434 1367 πολλὰ
3470 1313 3816 1382 μυθήσασθαι
3870 1310 4001 1380 περὶ

2427 1415 2525 1480 τῆς
2551 1410 2643 1463 τοῦ
2683 1411 2882 1471 παντὸς
2906 1410 3206 1477 άῖδιότητος
3242 1408 3441 1473 ἐπάγει
3474 1408 3565 1459 καὶ
3622 1404 3803 1456 τοῦτο·
3864 1404 4000 1455 Οΰτε

2429 1498 2521 1554 οὖν
2554 1502 2660 1553 ἀπὸ
2696 1502 2885 1568 Ἀδὰμ,
2934 1500 3007 1561 ὥς
3036 1500 3167 1566 φασί
3200 1516 3365 1561 τινες,
3422 1498 3683 1565 πρότερον
3741 1497 3844 1547 οὐκ
3876 1495 3950 1545 ὼν
3979 1498 4005 1545 ό

2429 1592 2713 1661 ἄνθρωπος
2741 1592 2859 1643 τότε
2892 1590 3121 1659 πρώτως
3146 1591 3192 1620 ⁷⁹
3227 1587 3490 1649 πλασθεὶς
3518 1588 3595 1647 εἰς
3627 1586 3836 1653 κόσμον
3866 1603 3999 1651 παρ-

2428 1682 2611 1751 ῆλθεν,
2650 1683 2771 1734 οὔτε
2822 1682 2891 1734 αὖ
2925 1682 3128 1748 κόσμος
3174 1680 3279 1750 πρὸ
3344 1680 3400 1746 ἒξ
3462 1678 3686 1748 ἡμερῶν
3750 1677 3856 1743 τῆς
3913 1674 4003 1725 τοῦ

2446 1775 2614 1842 Ἀδὰμ
2651 1774 2915 1840 γενέσεως
2948 1774 3149 1841 ἧρξατο
3173 1771 3646 1842 δημιουργεῖσθαι.
3684 1770 3745 1820 El
3776 1769 3835 1819 δὲ
3860 1766 4005 1833 φιλο-

2433 1870 2680 1935 φρονοῖτο
2734 1866 3085 1935 διαφέρεσθαι
3152 1866 3287 1933 πρὸς
3346 1864 3521 1915 ταῦτά
3574 1880 3678 1924 τις,
3741 1860 4006 1928 πρότερον

2432 1960 2694 2026 φρασάτω
2725 1960 2771 2010 εί
2804 1960 2878 2025 μὴ
2922 1957 3288 2024 εὐαρίθμητος
3342 1956 3450 2008 ἀπὸ
3482 1954 3584 2023 τῆς
3638 1953 3732 2005 τοῦ
3796 1953 4005 2019 κόσμου

2432 2051 2693 2115 γενέσεως
2728 2050 2866 2099 κατὰ
2898 2047 2996 2115 τὴν
3021 2048 3262 2108 Μωσέως
3296 2046 3476 2115 βίϐλον
3535 2047 3645 2104 τοῖς
3683 2042 3863 2102 οὓτως
3914 2043 4007 2091 αὺ-

2431 2143 2529 2210 τὴν
2569 2140 3066 2209 ὲκλαμὸανομὲνοις
3097 2142 3123 2191 ό
3154 2141 3343 2209 χρόνος
3372 2138 3525 2191 ἔσται
3554 2137 3622 2199 ⁸ο,
3648 2136 3746 2203 τῆς
3797 2151 4009 2202 προφη-

2433 2232 2588 2299 τικῆς
2621 2233 2711 2284 καὶ
2740 2231 2926 2284 ἐνθάδε
2960 2230 3168 2299 βοώσης
3200 2230 3402 2296 φωνῆς,
3442 2226 3640 2279 Ἀπὸ⁸¹
3668 2224 3775 2277 τοῦ
3796 2224 4010 2285 αἰῶνος

2435 2326 2531 2378 καὶ
2553 2324 2661 2389 ἕως
2690 2323 2797 2377 τοῦ
2820 2322 3033 2388 αἰῶνος
3058 2322 3138 2375 σὺ
3166 2317 3238 2374 εἶ’
3264 2321 3351 2373 ὅτι
3393 2322 3554 2388 χίλια
3575 2320 3675 2384 ἐτη
3699 2318 3768 2369 ἐν
3782 2319 4008 2384 ὀφθαλ-

2430 2416 2565 2484 μοῖς
2591 2433 2705 2468 σου
2736 2416 2816 2480 ὡς
2841 2414 2970 2485 [498
2996 2412 3086 2485 IL]
3115 2413 3306 2481 ἡμέρα
3353 2414 3389 2479 ἠ
3424 2411 3586 2479 χθὲς,
3617 2410 3748 2476 ἣτις
3776 2407 4008 2475 διῆλθε,

2436 2510 2531 2561 καὶ
2556 2508 2798 2576 φυλακὴ
2819 2508 2887 2560 ἐν
2912 2508 3107 2560 νυκτί.
3136 2507 3337 2557 Χιλὶων
3363 2507 3471 2573 γὰρ
3508 2501 3644 2554 ὲτῶν
3690 2499 4003 2569 περιοριζοο

2441 2601 2614 2668 μένων
2649 2601 2726 2662 εἰς
2762 2599 2891 2667 μίαν
2925 2598 3138 2666 ἡμέραν
3166 2599 3224 2648 ὲν
3254 2596 3553 2664 ὀφθαλμοῖς
3580 2592 3739 2656 Θεοῦ,
3782 2595 3892 2645 άπὸ
3919 2594 4013 2660 τῆς

2437 2692 2530 2745 τοῦ
2562 2692 2765 2759 κόσμου
2796 2690 3060 2758 γενέσεως
3088 2690 3133 2719 ⁸⁸
3169 2690 3365 2758 μέχρις
3394 2688 3569 2755 ἡμῶν,
3596 2687 3669 2748 ὡς
3698 2687 3892 2753 οἱπερὶ
3918 2685 4016 2750 τὴν

2438 2785 2806 2855 ἀριθμητικὴν
2822 2785 3089 2850 φάσκουσι
3113 2781 3295 2843 δεινοὶ,
3317 2779 3377 2844 ἓξ
3404 2780 3604 2849 ἡμέραι
3623 2796 3684 2830 συ
3695 2796 3803 2847 μπε
3813 2776 4019 2845 ραιοῦν-

2438 2893 2548 2930 ται.
2589 2874 3078 2943 Ἐξακισχιλιοστὸν
3108 2874 3195 2943 ἄρ’
3224 2873 3343 2933 ἔτος
3371 2873 3531 2939 φασιν
3558 2870 3665 2923 ἀπὸ
3712 2870 3887 2935 Ἀδαμ
3940 2871 4019 2928 εἰς

2442 2968 2601 3037 δεῦρο
2635 2967 2929 3019 συντείνειν
2960 2982 2973 2997 ·
3034 2969 3100 3036 τῇ
3134 2967 3240 3034 γὰρ
3282 2964 3535 3032 ἐϐδομάδι
3572 2962 3649 3031 τῷ
3695 2963 4018 3027 ἑπτακισχι-

2442 3059 2635 3127 λιοστῷ
2664 3059 2771 3109 ἔτει
2801 3058 2983 3127 κρίσιν
3012 3057 3303 3125 άφίξεσθαί
3349 3073 3533 3123 φασιν.
3590 3053 3796 3106 Οὐκοῦν
3822 3054 3881 3105 αἱ
3915 3055 4023 3104 πᾶ-

769 3158 863 3196 vos
891 3142 990 3211 ipsi
1025 3144 1318 3197 secundum
1371 3154 1603 3198 vestram
1640 3148 1904 3198 insaniam
1944 3147 2123 3199 dicitis
2145 3187 2161 3209 ,
2203 3148 2372 3234 ιίιιίι1

2448 3168 2537 3203 σαι
2565 3153 2765 3219 ἡμέραι
2792 3151 2922 3203 δέκα
2946 3152 3041 3203 καὶ
3061 3152 3210 3219 τρεῖς
3237 3150 3330 3216 ἀφ’
3362 3147 3518 3217 ἡμῶν
3557 3147 3658 3209 ’ἐως
3700 3148 3778 3208 εἰς
3805 3146 3904 3215 τὴν
3968 3147 4024 3196 ὲν

768 3235 1057 3302 quidquam
1109 3232 1270 3305 [ante
1319 3234 1368 3287 id
1409 3233 1657 3305 tempus]
1710 3237 1819 3302 egit
1864 3245 1958 3289 aut
2004 3237 2229 3300 creavit,
2287 3248 2340 3289 et

768 3330 946 3383 Patris
984 3331 1199 3385 nomine
1240 3344 1305 3382 ac
1346 3328 1621 3383 Creatoris
1663 3331 1900 3397 privatus
1940 3342 2043 3384 est.
2080 3330 2135 3383 Si
2165 3341 2342 3384 autent

771 3421 1027 3475 tredecim
1055 3422 1171 3475 dies
1207 3434 1333 3475 sunt
1374 3422 1425 3474 in
1475 3422 1645 3475 oculis
1678 3423 1767 3475 Dei
1812 3438 1839 3473 a
1871 3421 2070 3475 mundo
2105 3424 2342 3486 condito,

772 3517 1037 3581 quomodo
1079 3514 1354 3582 Sapientia
1391 3514 1440 3565 in
1497 3511 1623 3566 Jesu
1674 3513 1869 3567 biracb
1907 3514 2081 3567 dicit:
2120 3514 2346 3565 Arenam

778 3606 962 3669 maris,
994 3616 1039 3657 et
1072 3607 1263 3670 pluuia:
1296 3615 1496 3674 guttas,
1535 3592 1724 3658 eidies
1753 3605 1929 3659 sa'culi
1966 3606 2081 3672 quis
2108 3606 2347 3657 dinume-

782 3699 921 3748 mvit
958 3695 1013 3750 η
1060 3696 1181 3751 Ha:c
1221 3699 1366 3751 serio
1415 3697 1694 3766 disputans
1740 3696 2000 3767 Origenes
2048 3697 2167 3750 vide
2213 3711 2346 3766 quo-

780 3791 937 3843 modo
968 3799 1216 3858 nugetur.

1410 4050 1742 4107 CCXXXVI.

1138 4146 1411 4215 Ejusdem,
1447 4146 1523 4201 De
1552 4147 1718 4201 libero
1749 4149 1987 4201 arbitrio.

853 4241 980 4311 Legi
1001 4240 1238 4308 ejusdem
1267 4243 1510 4310 quaedam
1547 4256 1612 4296 ex
1637 4243 1772 4297 libro
1807 4243 1882 4295 De
1911 4244 2070 4297 libero
2107 4245 2352 4311 arbitrio,

785 4337 1097 4404 pariterque
1122 4336 1334 4404 (nactus
1363 4335 1475 4403 ipse
1500 4334 1763 4401 ejusmodi
1782 4338 2182 4406 compendium)
2214 4340 2353 4392 unde

781 4426 891 4478 sint
925 4426 1086 4488 mala,
1121 4434 1174 4477 et
1198 4425 1319 4491 quis
1352 4439 1541 4476 eorum
1580 4436 1789 4480 auctor.
1822 4424 1967 4481 Deus
1994 4428 2138 4481 enim
2175 4428 2219 4482 is
2252 4444 2353 4482 non

2445 3246 2609 3315 ἀρχῇ,
2645 3248 2701 3296 ὲν
2796 3246 3050 3314 ἐποίησεν
3077 3246 3105 3296 ὁ
3128 3244 3259 3304 Θεὸς
3283 3244 3375 3294 τὸν
3396 3241 3619 3311 οὐρανὸν
3652 3242 3746 3294 καὶ
3775 3241 3875 3310 τὴν
3899 3244 4023 3308 γῆν,

2451 3335 2796 3406 μετροῦνται.
2847 3329 2947 3388 Ὧν
3000 3338 3027 3388 ὁ
3058 3335 3189 3397 Θεὸς
3225 3335 3494 3403 ἀνώτερον
3536 3335 3675 3386 κατὰ
3726 3333 3825 3402 τὴν
3877 3333 4026 3400 σφῶν

2447 3429 2624 3480 αὐτῶν
2648 3431 2830 3481 ἄνοιαν
2878 3428 3030 3481 οὐδὲν
3079 3429 3326 3496 οὐδαμῶς
3373 3429 3783 3496 δημιουργήσας
3834 3426 4026 3493 ἐγεγύ-

2452 3541 2630 3593 μνωτο
2672 3523 2765 3575 τοῦ
2808 3523 2997 3593 Πατὴρ
3027 3524 3121 3575 καὶ
3165 3523 3565 3592 παντοκράτωρ
3593 3517 3756 3573 εἶναι.
3785 3521 3849 3574 Εἰ
3910 3521 3963 3571 δὲ
3985 3520 4026 3549 ³³

2449 3616 2806 3685 τρισκαίδεκά
2860 3616 2997 3667 εἰσιν
3044 3615 3248 3685 ἡμέραι
3296 3615 3353 3666 ὲν
3392 3614 3689 3683 ὀφθαλμοῖς
3724 3612 3862 3664 Θεοῦ
3925 3613 4029 3663 άπὸ

2452 3708 2720 3773 γενέσεως
2742 3708 2968 3775 κόσμου,
2988 3706 3101 3767 πῶς
3124 3722 3289 3773 φησιν
3323 3707 3356 3773 ἡ
3382 3707 3437 3757 ὲν
3465 3706 3541 3773 τῷ
3563 3705 3759 3774 Σειρὰχ
3777 3706 3823 3734 ⁸⁸
3850 3706 4026 3771 σοφία,

2456 3798 2744 3865 Ἀμμον⁸⁸
2789 3796 3119 3851 θαλασσῶν
3174 3798 3271 3849 καὶ
3338 3800 3638 3866 σταγόνας
3708 3797 3891 3851 ὑετοῦ
3933 3800 4025 3848 καὶ

2452 3882 2677 3951 ἡμέρας
2710 3884 2923 3950 αἰῶνος
2944 3886 3035 3950 τίς
3087 3886 3507 3954 ἐξιιριθμήσει;
3568 3885 3753 3939 Ταῦτά
3789 3904 3953 3956 φησιν
4006 3890 4030 3938 ό

2466 3976 2745 4045 Ὠριγένης
2779 3977 3117 4042 σπουδάζων,
3148 3980 3242 4031 καὶ
3272 3980 3373 4045 ὅρα
3404 3974 3491 4030 οἷα
3518 3978 3724 4041 παίζει.

3164 4069 3325 4136 EAG."

2672 4158 2783 4213 Τοῦ
2828 4161 3013 4214 αὐτοῦ
3074 4164 3205 4227 περὶ
3246 4162 3351 4215 τοῦ
3395 4162 3823 4225 αὐτεξουσίου.

2539 4250 2879 4320 Ἀνεγνώσθη
2906 4251 2998 4303 τοῦ
3033 4252 3197 4305 αὑτοῦ
3219 4254 3282 4305 ὲκ
3316 4253 3407 4313 τοῦ
3433 4254 3573 4322 Περὶ
3605 4254 4030 4316 αὐτεξουσίου.

2456 4341 2555 4410 τῆς
2577 4342 2621 4372 ⁸⁸
2654 4344 2775 4411 ἴσης
2824 4344 2916 4394 καὶ
2960 4343 3318 4413 αὑτὸςτυχὼν
3371 4346 3685 4412 συντομίας.
3744 4345 3917 4397 ΠοὋεν
3970 4346 4033 4398 τὰ

2458 4434 2603 4487 κακὰ
2629 4436 2721 4486 καὶ
2759 4435 2840 4497 τίς
2875 4435 2903 4485 ό
2932 4436 3137 4488 τούτων
3168 4437 3441 4506 ποιητής;
3494 4437 3553 4489 '0
3602 4437 3701 4505 μὲν
3752 4438 3865 4507 γάρ
3906 4438 4034 4498 Θεὸς

780 4526 883 4581 est;
916 4530 1086 4583 neqne
1122 4517 1263 4569 enim
1311 4514 1466 4568 malis
1496 4514 1816 4582 delectatur,
1844 4519 1972 4586 quin
2020 4519 2180 4571 etiam
2211 4519 2351 4571 mala

2457 4526 2556 4576 οὐκ
2588 4525 2754 4588 ἔστιν,
2780 4526 2861 4578 ὅτι
2891 4526 3029 4594 μηδὲ
3066 4526 3276 4590 τούτοις
3326 4529 3531 4597 ἣδεται,
3565 4528 3702 4581 ἀλλὰ
3762 4530 3859 4580 καὶ
3903 4530 4027 4587 τοὺς

784 4608 1043 4660 facientes
1108 4607 1469 4661 abominatur.
1508 4608 1849 4676 Quapropter
1907 4611 2090 4664 censui
2151 4611 2351 4680 aliquid

781 4698 1046 4750 exsistere
1084 4713 1204 4750 cum
1252 4696 1394 4759 Deo,
1437 4698 1578 4766 quod
1627 4700 1906 4752 materiam
1954 4701 2255 4764 nominant,
2287 4716 2354 4755 ex

785 4803 891 4856 qua
950 4788 1203 4842 universa
1238 4790 1514 4853 condidit,
1543 4804 1608 4842 ex
1645 4806 1747 4859 qua
1789 4790 1926 4843 mala
1959 4806 2080 4845 esse
2120 4792 2250 4844 mihi
2278 4793 2356 4843 vi-

786 4878 1235 4949 dentur(87-88).
1259 4880 1393 4933 Cum
1424 4880 1567 4933 enim
1603 4882 1823 4934 materia
1863 4882 2105 4935 informis
2130 4893 2273 4935 esset
2300 4891 2354 4936 et

788 4972 992 5039 absque
1023 4972 1129 5025 ulla
1159 4972 1349 5040 figura,
1377 4982 1429 5024 et
1460 4972 1680 5040 insuper
1713 4982 1910 5026 temere
1939 4973 2219 5035 inerraret,
2246 4990 2351 5028 non

788 5077 977 5129 passus
1018 5075 1103 5117 est
1152 5079 1271 5118 eam
1319 5065 1538 5118 omnino
1584 5064 1654 5117 ita
1701 5079 1828 5117 casu
1858 5063 2226 5130 circumferri,
2263 5067 2355 5121 sed

897 5227 910 5276 ι
948 5227 1085 5281 Psal.
1116 5241 1339 5286 Luxu.
1370 5228 1424 5291 2,
1460 5228 1514 5281 4.
1594 5229 1620 5269 ι
1652 5227 1820 5284 Eccii.
1863 5243 1901 5294 ι,
1941 5227 1992 5280 2.

2457 4617 2697 4687 δρῶντας
2732 4618 2871 4669 αύτὰ
2897 4618 3262 4686 βδελύσσεται.
3316 4621 3514 4689 Διόπερ
3566 4619 3712 4684 ἔδοξέ
3748 4638 3864 4690 μοι
3919 4638 4034 4671 συν-

2460 4708 2723 4775 υπάρχειν
2747 4726 2798 4760 τι
2830 4709 2997 4778 αὐτῷ,
3034 4709 3269 4778 τοῦνομα
3296 4711 3416 4779 ὕλη,
3465 4709 3525 4773 es
3551 4706 3616 4779 ἧς
3641 4710 3711 4761 τὰ
3747 4710 3881 4761 ὗντα
3911 4710 4032 4773 ἐδη-

2461 4799 2897 4869 μιούργησεν,ὲξ
2945 4795 3012 4870 ἦς
3066 4802 3164 4852 καὶ
3210 4803 3278 4854 τὰ
3320 4802 3467 4855 κακὰ
3511 4797 3651 4853 εἷναί
3720 4819 3814 4869 μοι
3873 4802 4034 4853 δοκεῖ.

2470 4890 2684 4942 Ἀποίου
2719 4908 2779 4941 τε
2802 4890 2907 4959 γὰρ
2936 4893 3028 4943 καὶ
3080 4893 3486 4961 ἀσχηματίστου
3544 4892 3663 4963 [9H
3725 4890 3820 4962 IL]
3880 4891 4038 4957 οὗσης

2459 4981 2646 5046 αὐτῆς,
2684 4981 2818 5051 πρὸς
2851 4982 2914 5051 δὴ
2931 4982 2973 5012 ⁸⁷
3002 4983 3211 5045 τούτοις
3255 4987 3348 5036 καὶ
3396 4984 3649 5046 ἀτάκτως
3701 4986 4037 5054 φερομένης,

2460 5072 2521 5123 ού
2548 5073 2635 5125 δια
2668 5072 2864 5137 παντὸς
2881 5076 3171 5128 κατέλιπεν
3211 5076 3379 5147 αὐτὴν
3417 5076 3559 5129 οὕτω
3606 5076 3897 5145 φέρεσθαι,
3946 5078 4036 5131 ἁλ-

2082 5342 2313 5402 νΑΒΙΑΞ
2343 5343 2749 5400 LECTIONES.

864 5438 907 5468 "
939 5437 1171 5505 ἁμάρτοι
1198 5434 1302 5487 ΑΒ.
1378 5436 1422 5466 ⁷⁷

794 5595 918 5647 μον,
959 5590 999 5643 t,
1027 5576 1081 5628 2.
1150 5576 1195 5607 ⁸⁸
1223 5577 1325 5645 τῆς
1352 5579 1393 5629 Α
1432 5596 1444 5629 :
1478 5578 1736 5638 ὡσαύτως
1759 5578 1856 5646 τῆς
1892 5594 1950 5639 ς.

1456 5435 1599 5508 φατέ
1626 5435 1732 5489 AB:
1810 5437 1855 5467 ⁷⁸
1882 5436 1967 5507 τό]
2020 5440 2196 5491 malim
2237 5440 2334 5508 τῷ.
2412 5439 2457 5470 ⁷⁵
2484 5440 2699 5507 πρῶτος
2734 5457 2793 5503 ς’.

790 5522 1011 5569 Luxu,
1032 5510 1084 5558 ἓ.
1163 5507 1206 5537 ⁸⁸
1238 5506 1502 5573 γενέσεως
1524 5506 1646 5558 AB:
1682 5506 1961 5572 γενέσεως
2003 5508 2193 5576 μέχρις
2243 5506 2637 5571 καταπαύσεως
2668 5528 2729 5573 ς’.

794 5595 918 5647 μον,
959 5590 999 5643 t,
1027 5576 1081 5628 2.
1150 5576 1195 5607 ⁸⁸
1223 5577 1325 5645 τῆς
1352 5579 1393 5629 Α
1432 5596 1444 5629 :
1478 5578 1736 5638 ὡσαύτως
1759 5578 1856 5646 τῆς
1892 5594 1950 5639 ς.
2041 5577 2085 5607 ⁸⁷
2110 5579 2195 5647 δήΙ
2230 5585 2607 5644 exspectabam
2637 5580 2714 5633 δέ.

2871 5440 2916 5470 '°
2940 5436 3113 5504 ἔσταιῖ
3145 5453 3212 5490 αν
3241 5436 3328 5488 ΑΒ
3356 5452 3369 5489 :
3402 5437 3482 5497 sic
3515 5452 3575 5498 ς.
3646 5434 3698 5507 Α⁸¹
3728 5433 3864 5507 άπό]
3902 5434 4043 5507 Psm.

2823 5510 2866 5541 ⁸³
2890 5510 2944 5561 δέ
2969 5512 3010 5562 Α
3043 5529 3055 5563 :
3088 5508 3144 5560 δὲ
3177 5508 3269 5561 καί
3311 5524 3370 5569 ς.
3458 5507 3502 5537 ⁸⁸
3530 5505 3699 5574 Σιράχ
3734 5504 3798 5560 Β.
3847 5504 3919 5536 “⁸⁵
3945 5505 4041 5572 άμ-

2308 5670 2537 5727 NOTAE.

868 5762 983 5833 (86)
1022 5762 1202 5829 Usque
1237 5764 1301 5815 ad
1331 5763 1570 5829 requiem
1598 5773 1858 5822 nostram,
1894 5764 2045 5816 idest
2080 5780 2245 5833 usque
2276 5767 2339 5818 ad
2376 5769 2700 5824 creationem
2745 5763 2974 5819 hominis
3013 5771 3291 5831 postquam
3318 5762 3519 5830 quievit
3553 5761 3711 5816 Deus.

879 5831 1092 5903 (δῖ-88)
1128 5833 1251 5890 Hzec
1287 5848 1353 5889 ex
1378 5833 1551 5889 aliena
1591 5834 1855 5890 sententia
1880 5835 2025 5888 dicit.
