  <div class='ocr_page' id='page_1' title='image "/cluster/home/n/w/nwhite01/storage/ocr_20150623/103/nnc1.0046979689/590.png"; bbox 0 0 4208 6442; ppageno 0'>
   <div class='ocr_carea' id='block_1_1' title="bbox 231 392 361 456">
    <p class='ocr_par' dir='ltr' id='par_1_1' title="bbox 231 392 361 456">
     <span class='ocr_line' id='line_1_1' title="bbox 231 392 361 456; baseline 0 0"><span class='ocrx_word' id='word_1_1' title='bbox 231 392 361 456; x_wconf 64' lang='grc'><strong>1149</strong></span> 
     </span>
    </p>
   </div>
   <div class='ocr_carea' id='block_1_2' title="bbox 1235 395 2410 460">
    <p class='ocr_par' dir='ltr' id='par_1_2' title="bbox 1235 395 2410 460">
     <span class='ocr_line' id='line_1_2' title="bbox 1235 395 2410 460; baseline 0.003 -4"><span class='ocrx_word' id='word_1_2' title='bbox 1235 397 1755 459; x_wconf 73' lang='lat' dir='ltr'><strong>BIBLIO&#39;PHECA.</strong></span> <span class='ocrx_word' id='word_1_3' title='bbox 1778 422 1827 433; x_wconf 91' lang='grc'><strong>-</strong></span> <span class='ocrx_word' id='word_1_4' title='bbox 1859 395 2021 457; x_wconf 86' lang='lat' dir='ltr'><strong>COD.</strong></span> <span class='ocrx_word' id='word_1_5' title='bbox 2061 399 2410 460; x_wconf 73' lang='lat' dir='ltr'><strong>CCXXXVI.</strong></span> 
     </span>
    </p>
   </div>
   <div class='ocr_carea' id='block_1_3' title="bbox 3319 387 3460 455">
    <p class='ocr_par' dir='ltr' id='par_1_3' title="bbox 3319 387 3460 455">
     <span class='ocr_line' id='line_1_3' title="bbox 3319 387 3460 455; baseline 0 -2"><span class='ocrx_word' id='word_1_6' title='bbox 3319 387 3460 455; x_wconf 86' lang='lat'><strong>1150</strong></span> 
     </span>
    </p>
   </div>
   <div class='ocr_carea' id='block_1_4' title="bbox 225 506 1804 582">
    <p class='ocr_par' dir='ltr' id='par_1_4' title="bbox 225 506 1779 581">
     <span class='ocr_line' id='line_1_4' title="bbox 225 506 1779 581; baseline 0.001 -20"><span class='ocrx_word' id='word_1_7' title='bbox 225 507 290 561; x_wconf 77' lang='grc' dir='ltr'>λά</span> <span class='ocrx_word' id='word_1_8' title='bbox 320 506 668 576; x_wconf 79' lang='grc' dir='ltr'><strong>δημιουργεῖν</strong></span> <span class='ocrx_word' id='word_1_9' title='bbox 691 509 907 578; x_wconf 69' lang='grc' dir='ltr'>ὴρχετο,</span> <span class='ocrx_word' id='word_1_10' title='bbox 939 509 1033 563; x_wconf 79' lang='grc' dir='ltr'>καὶ</span> <span class='ocrx_word' id='word_1_11' title='bbox 1062 509 1168 562; x_wconf 81' lang='grc' dir='ltr'>ἀπὸ</span> <span class='ocrx_word' id='word_1_12' title='bbox 1194 512 1303 563; x_wconf 87' lang='grc' dir='ltr'><strong>τῶν</strong></span> <span class='ocrx_word' id='word_1_13' title='bbox 1335 512 1621 581; x_wconf 80' lang='grc' dir='ltr'>χειρίστων</span> <span class='ocrx_word' id='word_1_14' title='bbox 1682 512 1779 564; x_wconf 85' lang='grc' dir='ltr'><strong>αὑ-</strong></span> 
     </span>
    </p>
   </div>
   <div class='ocr_carea' id='block_1_5' title="bbox 1895 506 3464 582">
    <p class='ocr_par' dir='ltr' id='par_1_5' title="bbox 1895 507 3464 582">
     <span class='ocr_line' id='line_1_5' title="bbox 1895 507 3464 582; baseline -0.001 -18"><span class='ocrx_word' id='word_1_15' title='bbox 1895 511 2141 577; x_wconf 82' lang='lat' dir='ltr'><strong>perlieere</strong></span> <span class='ocrx_word' id='word_1_16' title='bbox 2174 514 2358 582; x_wconf 70' lang='lat' dir='ltr'><strong>capit,</strong></span> <span class='ocrx_word' id='word_1_17' title='bbox 2403 512 2773 580; x_wconf 76' lang='lat' dir='ltr'><strong>optiinamqne</strong></span> <span class='ocrx_word' id='word_1_18' title='bbox 2824 523 2852 561; x_wconf 75' lang='grc' dir='ltr'>ιι</span> <span class='ocrx_word' id='word_1_19' title='bbox 2890 507 3142 577; x_wconf 76' lang='lat' dir='ltr'><strong>pessimis</strong></span> <span class='ocrx_word' id='word_1_20' title='bbox 3177 519 3464 562; x_wconf 81' lang='lat' dir='ltr'><strong>secernere</strong></span> 
     </span>
    </p>
   </div>
   <div class='ocr_carea' id='block_1_6' title="bbox 225 598 1787 689">
    <p class='ocr_par' dir='ltr' id='par_1_6' title="bbox 225 598 1787 689">
     <span class='ocr_line' id='line_1_6' title="bbox 225 598 1787 689; baseline 0.002 -38"><span class='ocrx_word' id='word_1_21' title='bbox 225 600 319 689; x_wconf 60' lang='grc' dir='ltr'><strong>τῆς</strong></span> <span class='ocrx_word' id='word_1_22' title='bbox 346 602 415 652; x_wconf 81' lang='grc' dir='ltr'>τά</span> <span class='ocrx_word' id='word_1_23' title='bbox 440 598 702 653; x_wconf 82' lang='grc' dir='ltr'>κάλλιστα</span> <span class='ocrx_word' id='word_1_24' title='bbox 728 600 1024 668; x_wconf 82' lang='grc' dir='ltr'>διακρίνειν</span> <span class='ocrx_word' id='word_1_25' title='bbox 1074 602 1255 670; x_wconf 76' lang='grc' dir='ltr'>ἦθελε.</span> <span class='ocrx_word' id='word_1_26' title='bbox 1320 603 1429 656; x_wconf 73' lang='grc' dir='ltr'><strong>Καὶ</strong></span> <span class='ocrx_word' id='word_1_27' title='bbox 1472 601 1615 656; x_wconf 84' lang='grc' dir='ltr'>οὓτω</span> <span class='ocrx_word' id='word_1_28' title='bbox 1656 602 1787 670; x_wconf 80' lang='grc' dir='ltr'>γοῦν</span> 
     </span>
    </p>
   </div>
   <div class='ocr_carea' id='block_1_7' title="bbox 226 690 1790 764">
    <p class='ocr_par' dir='ltr' id='par_1_7' title="bbox 226 690 1790 764">
     <span class='ocr_line' id='line_1_7' title="bbox 226 690 1790 764; baseline 0.003 -23"><span class='ocrx_word' id='word_1_29' title='bbox 226 690 657 760; x_wconf 78' lang='grc' dir='ltr'><strong>ἐδημιούργησεν</strong></span> <span class='ocrx_word' id='word_1_30' title='bbox 690 691 791 744; x_wconf 80' lang='grc' dir='ltr'><strong>ὅσα</strong></span> <span class='ocrx_word' id='word_1_31' title='bbox 822 692 879 756; x_wconf 76' lang='grc' dir='ltr'><strong>ἐξ</strong></span> <span class='ocrx_word' id='word_1_32' title='bbox 927 694 1097 761; x_wconf 76' lang='grc' dir='ltr'>αὐτῆς</span> <span class='ocrx_word' id='word_1_33' title='bbox 1140 694 1349 763; x_wconf 75' lang='grc' dir='ltr'>ἥρμοζε</span> <span class='ocrx_word' id='word_1_34' title='bbox 1379 695 1498 763; x_wconf 79' lang='grc' dir='ltr'>Θεῷ</span> <span class='ocrx_word' id='word_1_35' title='bbox 1526 695 1790 764; x_wconf 86' lang='grc' dir='ltr'>δημιουρ-</span> 
     </span>
    </p>
   </div>
   <div class='ocr_carea' id='block_1_8' title="bbox 224 780 1788 855">
    <p class='ocr_par' dir='ltr' id='par_1_8' title="bbox 224 780 1788 855">
     <span class='ocr_line' id='line_1_8' title="bbox 224 780 1788 855; baseline 0.003 -23"><span class='ocrx_word' id='word_1_36' title='bbox 224 784 359 847; x_wconf 84' lang='grc' dir='ltr'>γεῖν.</span> <span class='ocrx_word' id='word_1_37' title='bbox 396 780 478 834; x_wconf 89' lang='grc' dir='ltr'>Τά</span> <span class='ocrx_word' id='word_1_38' title='bbox 521 782 577 834; x_wconf 85' lang='grc' dir='ltr'><strong>δὲ</strong></span> <span class='ocrx_word' id='word_1_39' title='bbox 635 783 735 835; x_wconf 84' lang='grc' dir='ltr'>ὃσα</span> <span class='ocrx_word' id='word_1_40' title='bbox 783 784 976 853; x_wconf 77' lang='grc' dir='ltr'>αὐτῆς,</span> <span class='ocrx_word' id='word_1_41' title='bbox 1027 785 1101 847; x_wconf 89' lang='grc' dir='ltr'>ὼς</span> <span class='ocrx_word' id='word_1_42' title='bbox 1134 786 1261 847; x_wconf 83' lang='grc' dir='ltr'>έπος</span> <span class='ocrx_word' id='word_1_43' title='bbox 1296 789 1493 850; x_wconf 73' lang='grc' dir='ltr'>εἰπεῖν,</span> <span class='ocrx_word' id='word_1_44' title='bbox 1538 786 1788 855; x_wconf 83' lang='grc' dir='ltr'>τρυγὼδη</span> 
     </span>
    </p>
   </div>
   <div class='ocr_carea' id='block_1_9' title="bbox 224 873 1791 947">
    <p class='ocr_par' dir='ltr' id='par_1_9' title="bbox 224 873 1791 947">
     <span class='ocr_line' id='line_1_9' title="bbox 224 873 1791 947; baseline 0.003 -23"><span class='ocrx_word' id='word_1_45' title='bbox 224 874 508 941; x_wconf 79' lang='grc' dir='ltr'>ἐτύγχανε,</span> <span class='ocrx_word' id='word_1_46' title='bbox 547 873 719 927; x_wconf 83' lang='grc' dir='ltr'>ταῦτα</span> <span class='ocrx_word' id='word_1_47' title='bbox 742 876 1060 945; x_wconf 73' lang='grc' dir='ltr'><strong>ἀνάρμοστα</strong></span> <span class='ocrx_word' id='word_1_48' title='bbox 1092 877 1219 930; x_wconf 76' lang='grc' dir='ltr'>ὄντα</span> <span class='ocrx_word' id='word_1_49' title='bbox 1252 878 1388 947; x_wconf 86' lang='grc' dir='ltr'>πρὸς</span> <span class='ocrx_word' id='word_1_50' title='bbox 1430 877 1791 947; x_wconf 78' lang='grc' dir='ltr'><strong>δημιουργίαν</strong></span> 
     </span>
    </p>
   </div>
   <div class='ocr_carea' id='block_1_10' title="bbox 224 961 1793 1040">
    <p class='ocr_par' dir='ltr' id='par_1_10' title="bbox 224 961 1793 1040">
     <span class='ocr_line' id='line_1_10' title="bbox 224 961 1793 1040; baseline 0.004 -24"><span class='ocrx_word' id='word_1_51' title='bbox 224 965 299 1027; x_wconf 83' lang='grc' dir='ltr'><strong>ὡς</strong></span> <span class='ocrx_word' id='word_1_52' title='bbox 330 961 444 1035; x_wconf 80' lang='grc' dir='ltr'>εἶχε</span> <span class='ocrx_word' id='word_1_53' title='bbox 467 966 784 1019; x_wconf 62' lang='grc' dir='ltr'>κατέλιπεν</span> <span class='ocrx_word' id='word_1_54' title='bbox 821 968 877 1031; x_wconf 71' lang='grc' dir='ltr'><strong>ἐξ</strong></span> <span class='ocrx_word' id='word_1_55' title='bbox 901 961 976 1019; x_wconf 83' lang='grc' dir='ltr'><strong>ὧν</strong></span> <span class='ocrx_word' id='word_1_56' title='bbox 1004 967 1151 1020; x_wconf 86' lang='grc' dir='ltr'>δοκεῖ</span> <span class='ocrx_word' id='word_1_57' title='bbox 1203 985 1291 1037; x_wconf 84' lang='grc' dir='ltr'><strong>μοι</strong></span> <span class='ocrx_word' id='word_1_58' title='bbox 1322 968 1417 1021; x_wconf 82' lang='grc' dir='ltr'><strong>νῦν</strong></span> <span class='ocrx_word' id='word_1_59' title='bbox 1443 971 1693 1040; x_wconf 81' lang='grc' dir='ltr'><strong>ὲπιρῤεἶν</strong></span> <span class='ocrx_word' id='word_1_60' title='bbox 1726 972 1793 1023; x_wconf 70' lang='grc' dir='ltr'><strong>τά</strong></span> 
     </span>
    </p>
   </div>
   <div class='ocr_carea' id='block_1_11' title="bbox 225 1054 1794 1130">
    <p class='ocr_par' dir='ltr' id='par_1_11' title="bbox 225 1054 1794 1130">
     <span class='ocr_line' id='line_1_11' title="bbox 225 1054 1794 1130; baseline 0.004 -23"><span class='ocrx_word' id='word_1_61' title='bbox 225 1058 392 1109; x_wconf 85' lang='grc' dir='ltr'>κακά.</span> <span class='ocrx_word' id='word_1_62' title='bbox 423 1056 604 1110; x_wconf 82' lang='grc' dir='ltr'>Ταῦτα</span> <span class='ocrx_word' id='word_1_63' title='bbox 627 1058 726 1125; x_wconf 82' lang='grc' dir='ltr'>μὲν</span> <span class='ocrx_word' id='word_1_64' title='bbox 765 1054 918 1121; x_wconf 77' lang='grc' dir='ltr'>οὗτος</span> <span class='ocrx_word' id='word_1_65' title='bbox 944 1074 958 1088; x_wconf 89' lang='grc'><strong>·</strong></span> <span class='ocrx_word' id='word_1_66' title='bbox 998 1060 1133 1128; x_wconf 83' lang='grc' dir='ltr'>πρὸς</span> <span class='ocrx_word' id='word_1_67' title='bbox 1166 1061 1335 1113; x_wconf 87' lang='grc' dir='ltr'>αὑτὸν</span> <span class='ocrx_word' id='word_1_68' title='bbox 1370 1060 1427 1113; x_wconf 83' lang='grc' dir='ltr'>δέ</span> <span class='ocrx_word' id='word_1_69' title='bbox 1483 1062 1794 1130; x_wconf 84' lang='grc' dir='ltr'>φησιν,”οτι</span> 
     </span>
    </p>
   </div>
   <div class='ocr_carea' id='block_1_12' title="bbox 230 1147 1794 1222">
    <p class='ocr_par' dir='ltr' id='par_1_12' title="bbox 230 1147 1794 1222">
     <span class='ocr_line' id='line_1_12' title="bbox 230 1147 1794 1222; baseline 0.006 -24"><span class='ocrx_word' id='word_1_70' title='bbox 230 1149 327 1211; x_wconf 85' lang='grc' dir='ltr'>μὲν</span> <span class='ocrx_word' id='word_1_71' title='bbox 359 1147 452 1200; x_wconf 85' lang='grc' dir='ltr'><strong>οὑν</strong></span> <span class='ocrx_word' id='word_1_72' title='bbox 481 1147 742 1202; x_wconf 84' lang='grc' dir='ltr'>ἀδύνατον</span> <span class='ocrx_word' id='word_1_73' title='bbox 779 1152 1018 1221; x_wconf 78' lang='grc' dir='ltr'><strong>ἀγένητα</strong></span> <span class='ocrx_word' id='word_1_74' title='bbox 1036 1152 1129 1204; x_wconf 85' lang='grc' dir='ltr'><strong>δύο</strong></span> <span class='ocrx_word' id='word_1_75' title='bbox 1146 1151 1282 1222; x_wconf 71' lang='grc' dir='ltr'>ἅμα,</span> <span class='ocrx_word' id='word_1_76' title='bbox 1305 1152 1427 1205; x_wconf 71' lang='grc' dir='ltr'>οὑδὲ</span> <span class='ocrx_word' id='word_1_77' title='bbox 1478 1154 1536 1205; x_wconf 79' lang='grc' dir='ltr'>σὲ</span> <span class='ocrx_word' id='word_1_78' title='bbox 1580 1154 1794 1221; x_wconf 79' lang='grc' dir='ltr'><strong>ἀγνοεῖν</strong></span> 
     </span>
    </p>
   </div>
   <div class='ocr_carea' id='block_1_13' title="bbox 227 1238 1794 1315">
    <p class='ocr_par' dir='ltr' id='par_1_13' title="bbox 227 1238 1794 1315">
     <span class='ocr_line' id='line_1_13' title="bbox 227 1238 1794 1315; baseline 0.004 -24"><span class='ocrx_word' id='word_1_79' title='bbox 227 1238 455 1307; x_wconf 76' lang='grc' dir='ltr'>νομίζω.</span> <span class='ocrx_word' id='word_1_80' title='bbox 495 1242 565 1294; x_wconf 86' lang='grc' dir='ltr'><strong><em>Ἦ</em></strong></span> <span class='ocrx_word' id='word_1_81' title='bbox 584 1242 693 1311; x_wconf 88' lang='grc' dir='ltr'>γάρ</span> <span class='ocrx_word' id='word_1_82' title='bbox 714 1242 954 1311; x_wconf 78' lang='grc' dir='ltr'><strong>ἡνῶσθαι</strong></span> <span class='ocrx_word' id='word_1_83' title='bbox 1003 1242 1036 1313; x_wconf 86' lang='grc' dir='ltr'>ἢ</span> <span class='ocrx_word' id='word_1_84' title='bbox 1074 1244 1405 1315; x_wconf 77' lang='grc' dir='ltr'><strong>κεχωρίσθαι</strong></span> <span class='ocrx_word' id='word_1_85' title='bbox 1433 1246 1571 1300; x_wconf 86' lang='grc' dir='ltr'>αὑτά</span> <span class='ocrx_word' id='word_1_86' title='bbox 1613 1246 1794 1313; x_wconf 83' lang='grc' dir='ltr'>λέγειν</span> 
     </span>
    </p>
   </div>
   <div class='ocr_carea' id='block_1_14' title="bbox 227 1328 1786 1405">
    <p class='ocr_par' dir='ltr' id='par_1_14' title="bbox 227 1328 1786 1405">
     <span class='ocr_line' id='line_1_14' title="bbox 227 1328 1786 1405; baseline 0.006 -28"><span class='ocrx_word' id='word_1_87' title='bbox 227 1328 465 1397; x_wconf 84' lang='grc' dir='ltr'>ἀνάγκη.</span> <span class='ocrx_word' id='word_1_88' title='bbox 499 1330 558 1381; x_wconf 83' lang='lat' dir='ltr'><strong>El</strong></span> <span class='ocrx_word' id='word_1_89' title='bbox 592 1332 690 1399; x_wconf 84' lang='grc' dir='ltr'><strong>μὲν</strong></span> <span class='ocrx_word' id='word_1_90' title='bbox 719 1332 811 1384; x_wconf 81' lang='grc' dir='ltr'><strong>οὖν</strong></span> <span class='ocrx_word' id='word_1_91' title='bbox 832 1334 1070 1401; x_wconf 79' lang='grc' dir='ltr'><strong>ἡνῶσθαι</strong></span> <span class='ocrx_word' id='word_1_92' title='bbox 1095 1334 1260 1398; x_wconf 82' lang='grc' dir='ltr'>λέξοι,</span> <span class='ocrx_word' id='word_1_93' title='bbox 1288 1334 1345 1387; x_wconf 77' lang='grc' dir='ltr'><strong>ἓν</strong></span> <span class='ocrx_word' id='word_1_94' title='bbox 1388 1334 1452 1387; x_wconf 89' lang='grc' dir='ltr'><strong>τὸ</strong></span> <span class='ocrx_word' id='word_1_95' title='bbox 1478 1335 1747 1405; x_wconf 62' lang='grc' dir='ltr'>,ἀγένητον</span> <span class='ocrx_word' id='word_1_96' title='bbox 1772 1353 1786 1368; x_wconf 91' lang='grc'><strong>·</strong></span> 
     </span>
    </p>
   </div>
   <div class='ocr_carea' id='block_1_15' title="bbox 228 1418 1797 1495">
    <p class='ocr_par' dir='ltr' id='par_1_15' title="bbox 228 1418 1797 1495">
     <span class='ocr_line' id='line_1_15' title="bbox 228 1418 1797 1495; baseline 0.006 -26"><span class='ocrx_word' id='word_1_97' title='bbox 228 1418 460 1472; x_wconf 80' lang='grc' dir='ltr'>ἕκαστον</span> <span class='ocrx_word' id='word_1_98' title='bbox 492 1420 598 1491; x_wconf 89' lang='grc' dir='ltr'>γάρ</span> <span class='ocrx_word' id='word_1_99' title='bbox 623 1422 822 1475; x_wconf 76' lang='grc' dir='ltr'>τούτων</span> <span class='ocrx_word' id='word_1_100' title='bbox 852 1424 1013 1494; x_wconf 83' lang='grc' dir='ltr'>μέρος</span> <span class='ocrx_word' id='word_1_101' title='bbox 1042 1424 1194 1477; x_wconf 78' lang='grc' dir='ltr'>ἔσται</span> <span class='ocrx_word' id='word_1_102' title='bbox 1218 1425 1262 1456; x_wconf 81' lang='grc'>⁸⁸</span> <span class='ocrx_word' id='word_1_103' title='bbox 1291 1424 1385 1478; x_wconf 75' lang='grc' dir='ltr'>τοῦ</span> <span class='ocrx_word' id='word_1_104' title='bbox 1426 1425 1679 1495; x_wconf 82' lang='grc' dir='ltr'>πλησίον,</span> <span class='ocrx_word' id='word_1_105' title='bbox 1702 1427 1797 1479; x_wconf 84' lang='grc' dir='ltr'>ἀλ-</span> 
     </span>
    </p>
   </div>
   <div class='ocr_carea' id='block_1_16' title="bbox 229 1513 1795 1587">
    <p class='ocr_par' dir='ltr' id='par_1_16' title="bbox 229 1513 1795 1587">
     <span class='ocr_line' id='line_1_16' title="bbox 229 1513 1795 1587; baseline 0.007 -24"><span class='ocrx_word' id='word_1_106' title='bbox 229 1513 405 1581; x_wconf 79' lang='grc' dir='ltr'>λήλων</span> <span class='ocrx_word' id='word_1_107' title='bbox 428 1515 485 1567; x_wconf 83' lang='grc' dir='ltr'><strong>δὲ</strong></span> <span class='ocrx_word' id='word_1_108' title='bbox 524 1515 663 1585; x_wconf 84' lang='grc' dir='ltr'>μέρη</span> <span class='ocrx_word' id='word_1_109' title='bbox 699 1519 1030 1586; x_wconf 81' lang='grc' dir='ltr'><strong>τυγχάνοντα</strong></span> <span class='ocrx_word' id='word_1_110' title='bbox 1058 1519 1343 1587; x_wconf 84' lang='grc' dir='ltr'>ἀγένητον,</span> <span class='ocrx_word' id='word_1_111' title='bbox 1392 1520 1505 1572; x_wconf 82' lang='grc' dir='ltr'>ἀλλ’</span> <span class='ocrx_word' id='word_1_112' title='bbox 1528 1521 1626 1573; x_wconf 90' lang='grc' dir='ltr'><strong>οὑκ</strong></span> <span class='ocrx_word' id='word_1_113' title='bbox 1665 1522 1795 1587; x_wconf 85' lang='grc' dir='ltr'>ἀγέ-</span> 
     </span>
    </p>
   </div>
   <div class='ocr_carea' id='block_1_17' title="bbox 228 1606 1796 1683">
    <p class='ocr_par' dir='ltr' id='par_1_17' title="bbox 228 1606 1796 1683">
     <span class='ocr_line' id='line_1_17' title="bbox 228 1606 1796 1683; baseline 0.006 -26"><span class='ocrx_word' id='word_1_114' title='bbox 228 1623 365 1675; x_wconf 86' lang='grc' dir='ltr'>νητα</span> <span class='ocrx_word' id='word_1_115' title='bbox 381 1606 566 1660; x_wconf 75' lang='grc' dir='ltr'>ἔσται’</span> <span class='ocrx_word' id='word_1_116' title='bbox 597 1609 719 1661; x_wconf 83' lang='grc' dir='ltr'>οὑδὲ</span> <span class='ocrx_word' id='word_1_117' title='bbox 743 1610 850 1679; x_wconf 85' lang='grc' dir='ltr'>γάρ</span> <span class='ocrx_word' id='word_1_118' title='bbox 871 1611 963 1662; x_wconf 88' lang='grc' dir='ltr'><strong>τὸν</strong></span> <span class='ocrx_word' id='word_1_119' title='bbox 991 1611 1277 1681; x_wconf 77' lang='grc' dir='ltr'>ἄνθρωπον</span> <span class='ocrx_word' id='word_1_120' title='bbox 1311 1612 1452 1681; x_wconf 90' lang='grc' dir='ltr'>μέρη</span> <span class='ocrx_word' id='word_1_121' title='bbox 1474 1614 1665 1683; x_wconf 73' lang='grc' dir='ltr'>ἔχοντα</span> <span class='ocrx_word' id='word_1_122' title='bbox 1691 1633 1796 1667; x_wconf 81' lang='grc' dir='ltr'><strong>κα-</strong></span> 
     </span>
    </p>
   </div>
   <div class='ocr_carea' id='block_1_18' title="bbox 226 1695 1796 1773">
    <p class='ocr_par' dir='ltr' id='par_1_18' title="bbox 226 1695 1796 1773">
     <span class='ocr_line' id='line_1_18' title="bbox 226 1695 1796 1773; baseline 0.004 -26"><span class='ocrx_word' id='word_1_123' title='bbox 226 1695 704 1765; x_wconf 74' lang='grc' dir='ltr'>τακερματίζομεν</span> <span class='ocrx_word' id='word_1_124' title='bbox 756 1701 836 1761; x_wconf 75' lang='grc' dir='ltr'><strong>εις</strong></span> <span class='ocrx_word' id='word_1_125' title='bbox 879 1699 1048 1752; x_wconf 85' lang='grc' dir='ltr'>πολλά</span> <span class='ocrx_word' id='word_1_126' title='bbox 1082 1701 1301 1770; x_wconf 87' lang='grc' dir='ltr'>γενητά.</span> <span class='ocrx_word' id='word_1_127' title='bbox 1341 1701 1401 1752; x_wconf 76' lang='grc' dir='ltr'><strong>Εἰ</strong></span> <span class='ocrx_word' id='word_1_128' title='bbox 1461 1702 1517 1753; x_wconf 85' lang='grc' dir='ltr'>δὲ</span> <span class='ocrx_word' id='word_1_129' title='bbox 1563 1703 1796 1773; x_wconf 77' lang='grc' dir='ltr'>κεχωρίο</span> 
     </span>
    </p>
   </div>
   <div class='ocr_carea' id='block_1_19' title="bbox 1890 598 3460 675">
    <p class='ocr_par' dir='ltr' id='par_1_19' title="bbox 1890 598 3460 675">
     <span class='ocr_line' id='line_1_19' title="bbox 1890 598 3460 675; baseline -0.003 -20"><span class='ocrx_word' id='word_1_130' title='bbox 1890 604 2077 657; x_wconf 81' lang='lat' dir='ltr'><strong>voluit.</strong></span> <span class='ocrx_word' id='word_1_131' title='bbox 2133 606 2313 675; x_wconf 86' lang='lat' dir='ltr'><strong>Itaque</strong></span> <span class='ocrx_word' id='word_1_132' title='bbox 2354 621 2482 673; x_wconf 74' lang='lat' dir='ltr'><strong>ergo</strong></span> <span class='ocrx_word' id='word_1_133' title='bbox 2539 603 2757 658; x_wconf 77' lang='lat' dir='ltr'><strong>molitus</strong></span> <span class='ocrx_word' id='word_1_134' title='bbox 2807 611 2891 655; x_wconf 85' lang='lat' dir='ltr'><strong>est</strong></span> <span class='ocrx_word' id='word_1_135' title='bbox 2953 615 3015 655; x_wconf 86' lang='lat' dir='ltr'><strong>ea</strong></span> <span class='ocrx_word' id='word_1_136' title='bbox 3062 614 3183 668; x_wconf 66' lang='lat' dir='ltr'><strong>quae</strong></span> <span class='ocrx_word' id='word_1_137' title='bbox 3237 598 3346 652; x_wconf 88' lang='lat' dir='ltr'><strong>Deo</strong></span> <span class='ocrx_word' id='word_1_138' title='bbox 3392 600 3460 651; x_wconf 86' lang='lat' dir='ltr'><strong>ad</strong></span> 
     </span>
    </p>
   </div>
   <div class='ocr_carea' id='block_1_20' title="bbox 1891 689 3463 764">
    <p class='ocr_par' dir='ltr' id='par_1_20' title="bbox 1891 689 3463 764">
     <span class='ocr_line' id='line_1_20' title="bbox 1891 689 3463 764; baseline -0.004 -15"><span class='ocrx_word' id='word_1_139' title='bbox 1891 697 2182 749; x_wconf 90' lang='lat' dir='ltr'><strong>creandum</strong></span> <span class='ocrx_word' id='word_1_140' title='bbox 2232 707 2388 750; x_wconf 85' lang='lat' dir='ltr'><strong>erant</strong></span> <span class='ocrx_word' id='word_1_141' title='bbox 2434 705 2580 764; x_wconf 85' lang='lat' dir='ltr'><strong>apta.</strong></span> <span class='ocrx_word' id='word_1_142' title='bbox 2646 693 2996 761; x_wconf 64' lang='lat' dir='ltr'><strong>Quaecunque</strong></span> <span class='ocrx_word' id='word_1_143' title='bbox 3052 706 3218 752; x_wconf 81' lang='lat' dir='ltr'><strong>vero,</strong></span> <span class='ocrx_word' id='word_1_144' title='bbox 3275 698 3333 742; x_wconf 93' lang='lat' dir='ltr'><strong>ut</strong></span> <span class='ocrx_word' id='word_1_145' title='bbox 3382 689 3463 742; x_wconf 86' lang='lat' dir='ltr'><strong>sie</strong></span> 
     </span>
    </p>
   </div>
   <div class='ocr_carea' id='block_1_21' title="bbox 1891 780 3460 854">
    <p class='ocr_par' dir='ltr' id='par_1_21' title="bbox 1891 780 3460 854">
     <span class='ocr_line' id='line_1_21' title="bbox 1891 780 3460 854; baseline -0.006 -14"><span class='ocrx_word' id='word_1_146' title='bbox 1891 787 2100 854; x_wconf 85' lang='lat' dir='ltr'><strong>loquar,</strong></span> <span class='ocrx_word' id='word_1_147' title='bbox 2121 797 2277 842; x_wconf 86' lang='lat' dir='ltr'><strong>erant</strong></span> <span class='ocrx_word' id='word_1_148' title='bbox 2293 786 2577 844; x_wconf 77' lang='lat' dir='ltr'><strong>icculenta,</strong></span> <span class='ocrx_word' id='word_1_149' title='bbox 2605 785 2712 847; x_wconf 85' lang='lat' dir='ltr'><strong>illa,</strong></span> <span class='ocrx_word' id='word_1_150' title='bbox 2737 793 2792 835; x_wconf 93' lang='lat' dir='ltr'><strong>ut</strong></span> <span class='ocrx_word' id='word_1_151' title='bbox 2812 782 2877 835; x_wconf 88' lang='lat' dir='ltr'><strong>ad</strong></span> <span class='ocrx_word' id='word_1_152' title='bbox 2903 780 3231 836; x_wconf 72' lang='lat' dir='ltr'><strong>creationem</strong></span> <span class='ocrx_word' id='word_1_153' title='bbox 3254 783 3460 847; x_wconf 87' lang='lat' dir='ltr'><strong>inepta,</strong></span> 
     </span>
    </p>
   </div>
   <div class='ocr_carea' id='block_1_22' title="bbox 1892 875 3461 947">
    <p class='ocr_par' dir='ltr' id='par_1_22' title="bbox 1892 875 3461 947">
     <span class='ocr_line' id='line_1_22' title="bbox 1892 875 3461 947; baseline -0.004 -17"><span class='ocrx_word' id='word_1_154' title='bbox 1892 887 1949 930; x_wconf 93' lang='lat' dir='ltr'><strong>ut</strong></span> <span class='ocrx_word' id='word_1_155' title='bbox 1992 888 2145 932; x_wconf 87' lang='lat' dir='ltr'><strong>erant</strong></span> <span class='ocrx_word' id='word_1_156' title='bbox 2197 878 2428 947; x_wconf 92' lang='lat' dir='ltr'><strong>reliquit.</strong></span> <span class='ocrx_word' id='word_1_157' title='bbox 2476 877 2627 931; x_wconf 89' lang='lat' dir='ltr'><strong>Unde</strong></span> <span class='ocrx_word' id='word_1_158' title='bbox 2678 876 2806 928; x_wconf 76' lang='lat' dir='ltr'><strong>milii</strong></span> <span class='ocrx_word' id='word_1_159' title='bbox 2854 889 2994 928; x_wconf 90' lang='lat' dir='ltr'><strong>nunc</strong></span> <span class='ocrx_word' id='word_1_160' title='bbox 3038 875 3287 927; x_wconf 82' lang='lat' dir='ltr'><strong>videntur</strong></span> <span class='ocrx_word' id='word_1_161' title='bbox 3334 886 3461 940; x_wconf 92' lang='lat' dir='ltr'><strong>pro-</strong></span> 
     </span>
    </p>
   </div>
   <div class='ocr_carea' id='block_1_23' title="bbox 1895 967 3464 1037">
    <p class='ocr_par' dir='ltr' id='par_1_23' title="bbox 1895 967 3464 1037">
     <span class='ocr_line' id='line_1_23' title="bbox 1895 967 3464 1037; baseline -0.004 -13"><span class='ocrx_word' id='word_1_162' title='bbox 1895 970 2112 1025; x_wconf 80' lang='lat' dir='ltr'><strong>ﬂuxisse</strong></span> <span class='ocrx_word' id='word_1_163' title='bbox 2148 970 2308 1023; x_wconf 86' lang='lat' dir='ltr'><strong>mala.</strong></span> <span class='ocrx_word' id='word_1_164' title='bbox 2360 970 2480 1024; x_wconf 66' lang='lat' dir='ltr'><strong>llazc</strong></span> <span class='ocrx_word' id='word_1_165' title='bbox 2520 970 2736 1037; x_wconf 84' lang='lat' dir='ltr'><strong>quidem</strong></span> <span class='ocrx_word' id='word_1_166' title='bbox 2782 968 2899 1030; x_wconf 86' lang='lat' dir='ltr'><strong>ille;</strong></span> <span class='ocrx_word' id='word_1_167' title='bbox 2936 977 3123 1022; x_wconf 85' lang='lat' dir='ltr'><strong>contra</strong></span> <span class='ocrx_word' id='word_1_168' title='bbox 3160 980 3320 1035; x_wconf 97' lang='lat' dir='ltr'><strong>quem</strong></span> <span class='ocrx_word' id='word_1_169' title='bbox 3354 967 3464 1017; x_wconf 83' lang='lat' dir='ltr'><strong>dis—</strong></span> 
     </span>
    </p>
   </div>
   <div class='ocr_carea' id='block_1_24' title="bbox 1894 1056 3463 1134">
    <p class='ocr_par' dir='ltr' id='par_1_24' title="bbox 1894 1056 3463 1134">
     <span class='ocr_line' id='line_1_24' title="bbox 1894 1056 3463 1134; baseline -0.005 -19"><span class='ocrx_word' id='word_1_170' title='bbox 1894 1073 2043 1132; x_wconf 86' lang='lat' dir='ltr'><strong>putat</strong></span> <span class='ocrx_word' id='word_1_171' title='bbox 2073 1060 2447 1134; x_wconf 73' lang='lat' dir='ltr'><strong>[Methodius].</strong></span> <span class='ocrx_word' id='word_1_172' title='bbox 2484 1061 2637 1127; x_wconf 84' lang='lat' dir='ltr'><strong>Quod</strong></span> <span class='ocrx_word' id='word_1_173' title='bbox 2676 1062 2723 1113; x_wconf 88' lang='lat' dir='ltr'><strong>si</strong></span> <span class='ocrx_word' id='word_1_174' title='bbox 2759 1060 2874 1115; x_wconf 79' lang='lat' dir='ltr'><strong>ﬁeri</strong></span> <span class='ocrx_word' id='word_1_175' title='bbox 2912 1057 3058 1112; x_wconf 92' lang='lat' dir='ltr'><strong>nullo</strong></span> <span class='ocrx_word' id='word_1_176' title='bbox 3086 1058 3244 1110; x_wconf 86' lang='lat' dir='ltr'><strong>modo</strong></span> <span class='ocrx_word' id='word_1_177' title='bbox 3271 1056 3463 1124; x_wconf 85' lang='lat' dir='ltr'><strong>possit,</strong></span> 
     </span>
    </p>
   </div>
   <div class='ocr_carea' id='block_1_25' title="bbox 1896 1149 3465 1217">
    <p class='ocr_par' dir='ltr' id='par_1_25' title="bbox 1896 1149 3465 1217">
     <span class='ocr_line' id='line_1_25' title="bbox 1896 1149 3465 1217; baseline -0.004 -10"><span class='ocrx_word' id='word_1_178' title='bbox 1896 1163 1955 1207; x_wconf 90' lang='lat' dir='ltr'><strong>ut</strong></span> <span class='ocrx_word' id='word_1_179' title='bbox 1984 1155 2090 1207; x_wconf 92' lang='lat' dir='ltr'><strong>duo</strong></span> <span class='ocrx_word' id='word_1_180' title='bbox 2126 1154 2282 1207; x_wconf 84' lang='lat' dir='ltr'><strong>simul</strong></span> <span class='ocrx_word' id='word_1_181' title='bbox 2319 1155 2427 1207; x_wconf 92' lang='lat' dir='ltr'><strong>sint</strong></span> <span class='ocrx_word' id='word_1_182' title='bbox 2458 1153 2720 1213; x_wconf 86' lang='lat' dir='ltr'><strong>increata,</strong></span> <span class='ocrx_word' id='word_1_183' title='bbox 2762 1166 2856 1204; x_wconf 88' lang='lat' dir='ltr'><strong>nec</strong></span> <span class='ocrx_word' id='word_1_184' title='bbox 2885 1159 2937 1204; x_wconf 90' lang='lat' dir='ltr'><strong>te</strong></span> <span class='ocrx_word' id='word_1_185' title='bbox 2968 1150 3183 1217; x_wconf 85' lang='lat' dir='ltr'><strong>quidem</strong></span> <span class='ocrx_word' id='word_1_186' title='bbox 3216 1149 3465 1215; x_wconf 80' lang='lat' dir='ltr'><strong>ignorare</strong></span> 
     </span>
    </p>
   </div>
   <div class='ocr_carea' id='block_1_26' title="bbox 1895 1242 3467 1316">
    <p class='ocr_par' dir='ltr' id='par_1_26' title="bbox 1895 1242 3467 1316">
     <span class='ocr_line' id='line_1_26' title="bbox 1895 1242 3467 1316; baseline -0.004 -19"><span class='ocrx_word' id='word_1_187' title='bbox 1895 1255 2062 1316; x_wconf 86' lang='lat' dir='ltr'><strong>puto;</strong></span> <span class='ocrx_word' id='word_1_188' title='bbox 2095 1246 2347 1298; x_wconf 89' lang='lat' dir='ltr'><strong>antenim</strong></span> <span class='ocrx_word' id='word_1_189' title='bbox 2380 1244 2465 1297; x_wconf 91' lang='lat' dir='ltr'><strong>illa</strong></span> <span class='ocrx_word' id='word_1_190' title='bbox 2492 1245 2631 1296; x_wconf 91' lang='lat' dir='ltr'><strong>inter</strong></span> <span class='ocrx_word' id='word_1_191' title='bbox 2660 1257 2719 1296; x_wconf 88' lang='lat' dir='ltr'><strong>se</strong></span> <span class='ocrx_word' id='word_1_192' title='bbox 2742 1242 2916 1304; x_wconf 70' lang='lat' dir='ltr'><strong>unita,</strong></span> <span class='ocrx_word' id='word_1_193' title='bbox 2943 1249 3034 1292; x_wconf 80' lang='lat' dir='ltr'><strong>aut</strong></span> <span class='ocrx_word' id='word_1_194' title='bbox 3069 1248 3317 1306; x_wconf 86' lang='lat' dir='ltr'><strong>separata</strong></span> <span class='ocrx_word' id='word_1_195' title='bbox 3347 1251 3467 1291; x_wconf 90' lang='lat' dir='ltr'><strong>esse</strong></span> 
     </span>
    </p>
   </div>
   <div class='ocr_carea' id='block_1_27' title="bbox 1899 1330 3463 1402">
    <p class='ocr_par' dir='ltr' id='par_1_27' title="bbox 1899 1330 3463 1402">
     <span class='ocr_line' id='line_1_27' title="bbox 1899 1330 3463 1402; baseline -0.005 -11"><span class='ocrx_word' id='word_1_196' title='bbox 1899 1338 2206 1393; x_wconf 87' lang='lat' dir='ltr'><strong>necessario</strong></span> <span class='ocrx_word' id='word_1_197' title='bbox 2248 1336 2531 1390; x_wconf 89' lang='lat' dir='ltr'><strong>dicendum</strong></span> <span class='ocrx_word' id='word_1_198' title='bbox 2583 1343 2723 1389; x_wconf 88' lang='lat' dir='ltr'><strong>erat.</strong></span> <span class='ocrx_word' id='word_1_199' title='bbox 2768 1334 2825 1386; x_wconf 89' lang='lat' dir='ltr'><strong>Si</strong></span> <span class='ocrx_word' id='word_1_200' title='bbox 2865 1333 2986 1402; x_wconf 85' lang='lat' dir='ltr'><strong>quis</strong></span> <span class='ocrx_word' id='word_1_201' title='bbox 3032 1331 3181 1384; x_wconf 91' lang='lat' dir='ltr'><strong>unita</strong></span> <span class='ocrx_word' id='word_1_202' title='bbox 3228 1330 3463 1384; x_wconf 82' lang='lat' dir='ltr'><strong>dixerit:</strong></span> 
     </span>
    </p>
   </div>
   <div class='ocr_carea' id='block_1_28' title="bbox 1896 1422 3467 1493">
    <p class='ocr_par' dir='ltr' id='par_1_28' title="bbox 1896 1422 3467 1493">
     <span class='ocr_line' id='line_1_28' title="bbox 1896 1422 3467 1493; baseline -0.008 -8"><span class='ocrx_word' id='word_1_203' title='bbox 1896 1432 2000 1485; x_wconf 88' lang='lat' dir='ltr'><strong>erit</strong></span> <span class='ocrx_word' id='word_1_204' title='bbox 2032 1445 2194 1483; x_wconf 91' lang='lat' dir='ltr'><strong>unum</strong></span> <span class='ocrx_word' id='word_1_205' title='bbox 2228 1428 2547 1491; x_wconf 89' lang='lat' dir='ltr'><strong>increatum,</strong></span> <span class='ocrx_word' id='word_1_206' title='bbox 2581 1439 2916 1493; x_wconf 62' lang='lat' dir='ltr'><strong>unaquaque</strong></span> <span class='ocrx_word' id='word_1_207' title='bbox 2944 1424 3088 1476; x_wconf 91' lang='lat' dir='ltr'><strong>enim</strong></span> <span class='ocrx_word' id='word_1_208' title='bbox 3124 1436 3250 1489; x_wconf 88' lang='lat' dir='ltr'><strong>pars</strong></span> <span class='ocrx_word' id='word_1_209' title='bbox 3277 1422 3467 1475; x_wconf 85' lang='lat' dir='ltr'><strong>horum</strong></span> 
     </span>
    </p>
   </div>
   <div class='ocr_carea' id='block_1_29' title="bbox 1897 1518 3469 1588">
    <p class='ocr_par' dir='ltr' id='par_1_29' title="bbox 1897 1518 3469 1588">
     <span class='ocr_line' id='line_1_29' title="bbox 1897 1518 3469 1588; baseline -0.009 -9"><span class='ocrx_word' id='word_1_210' title='bbox 1897 1526 2002 1579; x_wconf 91' lang='lat' dir='ltr'><strong>erit</strong></span> <span class='ocrx_word' id='word_1_211' title='bbox 2059 1522 2211 1576; x_wconf 85' lang='lat' dir='ltr'><strong>alteri</strong></span> <span class='ocrx_word' id='word_1_212' title='bbox 2274 1520 2497 1581; x_wconf 87' lang='lat' dir='ltr'><strong>similis,</strong></span> <span class='ocrx_word' id='word_1_213' title='bbox 2556 1528 2734 1588; x_wconf 88' lang='lat' dir='ltr'><strong>partes</strong></span> <span class='ocrx_word' id='word_1_214' title='bbox 2789 1518 2933 1570; x_wconf 91' lang='lat' dir='ltr'><strong>enim</strong></span> <span class='ocrx_word' id='word_1_215' title='bbox 2988 1518 3129 1569; x_wconf 89' lang='lat' dir='ltr'><strong>inter</strong></span> <span class='ocrx_word' id='word_1_216' title='bbox 3192 1529 3249 1568; x_wconf 85' lang='lat' dir='ltr'><strong>se</strong></span> <span class='ocrx_word' id='word_1_217' title='bbox 3309 1528 3469 1582; x_wconf 87' lang='lat' dir='ltr'><strong>pares</strong></span> 
     </span>
    </p>
   </div>
   <div class='ocr_carea' id='block_1_30' title="bbox 1897 1606 3469 1673">
    <p class='ocr_par' dir='ltr' id='par_1_30' title="bbox 1897 1606 3469 1673">
     <span class='ocr_line' id='line_1_30' title="bbox 1897 1606 3469 1673; baseline -0.009 -5"><span class='ocrx_word' id='word_1_218' title='bbox 1897 1625 2023 1669; x_wconf 91' lang='lat' dir='ltr'><strong>sunt</strong></span> <span class='ocrx_word' id='word_1_219' title='bbox 2071 1630 2233 1668; x_wconf 92' lang='lat' dir='ltr'><strong>unum</strong></span> <span class='ocrx_word' id='word_1_220' title='bbox 2301 1613 2631 1673; x_wconf 87' lang='lat' dir='ltr'><strong>increatum,</strong></span> <span class='ocrx_word' id='word_1_221' title='bbox 2691 1618 2746 1662; x_wconf 91' lang='lat' dir='ltr'><strong>et</strong></span> <span class='ocrx_word' id='word_1_222' title='bbox 2812 1622 2918 1661; x_wconf 88' lang='lat' dir='ltr'><strong>non</strong></span> <span class='ocrx_word' id='word_1_223' title='bbox 2970 1616 3130 1660; x_wconf 92' lang='lat' dir='ltr'><strong>erunt</strong></span> <span class='ocrx_word' id='word_1_224' title='bbox 3193 1606 3469 1669; x_wconf 83' lang='lat' dir='ltr'><strong>increala,</strong></span> 
     </span>
    </p>
   </div>
   <div class='ocr_carea' id='block_1_31' title="bbox 1898 1699 3472 1777">
    <p class='ocr_par' dir='ltr' id='par_1_31' title="bbox 1898 1699 3472 1777">
     <span class='ocr_line' id='line_1_31' title="bbox 1898 1699 3472 1777; baseline -0.008 -14"><span class='ocrx_word' id='word_1_225' title='bbox 1898 1723 2070 1776; x_wconf 84' lang='lat' dir='ltr'><strong>neque</strong></span> <span class='ocrx_word' id='word_1_226' title='bbox 2109 1707 2304 1777; x_wconf 78' lang='lat' dir='ltr'><strong>305a</strong></span> <span class='ocrx_word' id='word_1_227' title='bbox 2363 1706 2507 1759; x_wconf 89' lang='lat' dir='ltr'><strong>enim</strong></span> <span class='ocrx_word' id='word_1_228' title='bbox 2553 1702 2825 1757; x_wconf 83' lang='lat' dir='ltr'><strong>hominem</strong></span> <span class='ocrx_word' id='word_1_229' title='bbox 2874 1716 2937 1753; x_wconf 81' lang='lat' dir='ltr'><strong>ex</strong></span> <span class='ocrx_word' id='word_1_230' title='bbox 2988 1699 3171 1753; x_wconf 89' lang='lat' dir='ltr'><strong>multis</strong></span> <span class='ocrx_word' id='word_1_231' title='bbox 3226 1699 3472 1767; x_wconf 88' lang='lat' dir='ltr'><strong>partibus</strong></span> 
     </span>
    </p>
   </div>
   <div class='ocr_carea' id='block_1_32' title="bbox 227 1786 1804 1901">
    <p class='ocr_par' dir='ltr' id='par_1_32' title="bbox 227 1786 1796 1901">
     <span class='ocr_line' id='line_1_32' title="bbox 227 1786 1796 1901; baseline 0.007 -63"><span class='ocrx_word' id='word_1_232' title='bbox 227 1786 357 1901; x_wconf 54' lang='grc' dir='ltr'>σθαι</span> <span class='ocrx_word' id='word_1_233' title='bbox 374 1790 419 1821; x_wconf 76' lang='grc'><strong>⁸⁸</strong></span> <span class='ocrx_word' id='word_1_234' title='bbox 450 1790 608 1858; x_wconf 80' lang='grc' dir='ltr'>φησει</span> <span class='ocrx_word' id='word_1_235' title='bbox 629 1807 733 1853; x_wconf 87' lang='grc' dir='ltr'>τις,</span> <span class='ocrx_word' id='word_1_236' title='bbox 763 1790 976 1861; x_wconf 82' lang='grc' dir='ltr'><strong>ἀνάγκη</strong></span> <span class='ocrx_word' id='word_1_237' title='bbox 1006 1786 1144 1845; x_wconf 76' lang='grc' dir='ltr'>εἶναι</span> <span class='ocrx_word' id='word_1_238' title='bbox 1172 1811 1223 1845; x_wconf 90' lang='grc' dir='ltr'>τι</span> <span class='ocrx_word' id='word_1_239' title='bbox 1264 1794 1325 1845; x_wconf 86' lang='grc' dir='ltr'><strong>τὸ</strong></span> <span class='ocrx_word' id='word_1_240' title='bbox 1349 1794 1450 1845; x_wconf 89' lang='grc' dir='ltr'>ἀνά</span> <span class='ocrx_word' id='word_1_241' title='bbox 1482 1795 1647 1864; x_wconf 86' lang='grc' dir='ltr'>μέσον</span> <span class='ocrx_word' id='word_1_242' title='bbox 1686 1797 1796 1865; x_wconf 90' lang='grc' dir='ltr'><strong>ἀμ-</strong></span> 
     </span>
    </p>
   </div>
   <div class='ocr_carea' id='block_1_33' title="bbox 1895 1786 3471 1901">
    <p class='ocr_par' dir='ltr' id='par_1_33' title="bbox 1900 1788 3471 1901">
     <span class='ocr_line' id='line_1_33' title="bbox 1900 1788 3471 1854; baseline -0.011 0"><span class='ocrx_word' id='word_1_243' title='bbox 1900 1811 2236 1854; x_wconf 88' lang='lat' dir='ltr'><strong>constautem</strong></span> <span class='ocrx_word' id='word_1_244' title='bbox 2277 1799 2328 1850; x_wconf 93' lang='lat' dir='ltr'><strong>in</strong></span> <span class='ocrx_word' id='word_1_245' title='bbox 2375 1796 2539 1850; x_wconf 88' lang='lat' dir='ltr'><strong>multa</strong></span> <span class='ocrx_word' id='word_1_246' title='bbox 2579 1803 2762 1845; x_wconf 86' lang='lat' dir='ltr'><strong>creata</strong></span> <span class='ocrx_word' id='word_1_247' title='bbox 2800 1790 3107 1844; x_wconf 82' lang='lat' dir='ltr'><strong>dividimus.</strong></span> <span class='ocrx_word' id='word_1_248' title='bbox 3147 1788 3205 1842; x_wconf 84' lang='lat' dir='ltr'><strong>Si</strong></span> <span class='ocrx_word' id='word_1_249' title='bbox 3236 1801 3361 1840; x_wconf 83' lang='lat' dir='ltr'><strong>vero</strong></span> <span class='ocrx_word' id='word_1_250' title='bbox 3391 1790 3471 1839; x_wconf 87' lang='lat' dir='ltr'><strong>di-</strong></span> 
     </span>
     <span class='ocr_line' id='line_1_34' title="bbox 1937 1874 3445 1901; baseline 0 0"><span class='ocrx_word' id='word_1_251' title='bbox 1937 1895 1947 1901; x_wconf 92' lang='lat'><strong>.</strong></span> <span class='ocrx_word' id='word_1_252' title='bbox 2405 1898 2414 1901; x_wconf 95' lang='lat'><em>_</em></span> <span class='ocrx_word' id='word_1_253' title='bbox 2574 1885 2613 1901; x_wconf 72' lang='grc'><strong>·,</strong></span> <span class='ocrx_word' id='word_1_254' title='bbox 2672 1880 2855 1901; x_wconf 48' lang='grc' dir='ltr'><strong>λιι--..2.</strong></span> <span class='ocrx_word' id='word_1_255' title='bbox 2902 1878 3009 1901; x_wconf 77' lang='lat' dir='ltr'><strong>rm-</strong></span> <span class='ocrx_word' id='word_1_256' title='bbox 3052 1880 3285 1901; x_wconf 63' lang='lat'><strong>:_-_--.-</strong></span> <span class='ocrx_word' id='word_1_257' title='bbox 3323 1874 3445 1901; x_wconf 77' lang='lat' dir='ltr'><strong>.t..-.1</strong></span> 
     </span>
    </p>
   </div>
   <div class='ocr_carea' id='block_1_34' title="bbox 228 1878 1788 1953">
    <p class='ocr_par' dir='ltr' id='par_1_34' title="bbox 228 1878 1788 1953">
     <span class='ocr_line' id='line_1_35' title="bbox 228 1878 1788 1953; baseline 0.007 -23"><span class='ocrx_word' id='word_1_258' title='bbox 228 1878 494 1947; x_wconf 79' lang='grc' dir='ltr'>φοτέρων,</span> <span class='ocrx_word' id='word_1_259' title='bbox 521 1881 658 1949; x_wconf 81' lang='grc' dir='ltr'>ὅπερ</span> <span class='ocrx_word' id='word_1_260' title='bbox 686 1883 778 1934; x_wconf 76' lang='grc' dir='ltr'>καὶ</span> <span class='ocrx_word' id='word_1_261' title='bbox 824 1882 911 1934; x_wconf 86' lang='grc' dir='ltr'><strong>τὸν</strong></span> <span class='ocrx_word' id='word_1_262' title='bbox 962 1884 1241 1953; x_wconf 81' lang='grc' dir='ltr'>χωρισμὸν</span> <span class='ocrx_word' id='word_1_263' title='bbox 1290 1885 1471 1938; x_wconf 86' lang='grc' dir='ltr'>αὑτῶν</span> <span class='ocrx_word' id='word_1_264' title='bbox 1525 1888 1788 1943; x_wconf 78' lang='grc' dir='ltr'>δείκνυσι.</span> 
     </span>
    </p>
   </div>
   <div class='ocr_carea' id='block_1_35' title="bbox 228 1968 1793 2046">
    <p class='ocr_par' dir='ltr' id='par_1_35' title="bbox 228 1968 1793 2046">
     <span class='ocr_line' id='line_1_36' title="bbox 228 1968 1793 2046; baseline 0.008 -27"><span class='ocrx_word' id='word_1_265' title='bbox 228 1968 401 2020; x_wconf 83' lang='grc' dir='ltr'>Τοῦτο</span> <span class='ocrx_word' id='word_1_266' title='bbox 425 1968 481 2021; x_wconf 82' lang='grc' dir='ltr'><strong>δὲ</strong></span> <span class='ocrx_word' id='word_1_267' title='bbox 518 1969 635 2038; x_wconf 76' lang='grc' dir='ltr'>ἦτοι</span> <span class='ocrx_word' id='word_1_268' title='bbox 665 1971 859 2023; x_wconf 84' lang='grc' dir='ltr'>ταυτὸν</span> <span class='ocrx_word' id='word_1_269' title='bbox 918 1972 978 2026; x_wconf 82' lang='grc' dir='ltr'><strong>ὸν</strong></span> <span class='ocrx_word' id='word_1_270' title='bbox 1026 1974 1231 2044; x_wconf 79' lang='grc' dir='ltr'>ἥνωται</span> <span class='ocrx_word' id='word_1_271' title='bbox 1274 1975 1486 2046; x_wconf 86' lang='grc' dir='ltr'>θατέρῳ</span> <span class='ocrx_word' id='word_1_272' title='bbox 1530 1978 1639 2029; x_wconf 87' lang='grc' dir='ltr'><strong>τῶν</strong></span> <span class='ocrx_word' id='word_1_273' title='bbox 1677 1978 1793 2041; x_wconf 75' lang='grc' dir='ltr'>δύο,</span> 
     </span>
    </p>
   </div>
   <div class='ocr_carea' id='block_1_36' title="bbox 228 2059 1791 2137">
    <p class='ocr_par' dir='ltr' id='par_1_36' title="bbox 228 2059 1791 2137">
     <span class='ocr_line' id='line_1_37' title="bbox 228 2059 1791 2137; baseline 0.008 -28"><span class='ocrx_word' id='word_1_274' title='bbox 228 2059 323 2110; x_wconf 81' lang='grc' dir='ltr'><strong>καὶ</strong></span> <span class='ocrx_word' id='word_1_275' title='bbox 352 2059 564 2130; x_wconf 77' lang='grc' dir='ltr'><strong>ἀνάγκη</strong></span> <span class='ocrx_word' id='word_1_276' title='bbox 596 2062 756 2113; x_wconf 79' lang='grc' dir='ltr'>πάλιν</span> <span class='ocrx_word' id='word_1_277' title='bbox 782 2063 815 2133; x_wconf 79' lang='grc' dir='ltr'>ἢ</span> <span class='ocrx_word' id='word_1_278' title='bbox 841 2063 1033 2116; x_wconf 75' lang='grc' dir='ltr'>ἕνωσιν</span> <span class='ocrx_word' id='word_1_279' title='bbox 1060 2064 1091 2133; x_wconf 87' lang='grc' dir='ltr'>ἢ</span> <span class='ocrx_word' id='word_1_280' title='bbox 1116 2068 1391 2135; x_wconf 89' lang='grc' dir='ltr'>χωρισμὸν</span> <span class='ocrx_word' id='word_1_281' title='bbox 1414 2068 1547 2137; x_wconf 85' lang='grc' dir='ltr'>πρὸς</span> <span class='ocrx_word' id='word_1_282' title='bbox 1589 2069 1649 2121; x_wconf 89' lang='grc' dir='ltr'><strong>τὸ</strong></span> <span class='ocrx_word' id='word_1_283' title='bbox 1676 2069 1791 2122; x_wconf 75' lang='grc' dir='ltr'>ἓτε-</span> 
     </span>
    </p>
   </div>
   <div class='ocr_carea' id='block_1_37' title="bbox 228 2151 1794 2231">
    <p class='ocr_par' dir='ltr' id='par_1_37' title="bbox 228 2151 1794 2231">
     <span class='ocr_line' id='line_1_38' title="bbox 228 2151 1794 2231; baseline 0.01 -30"><span class='ocrx_word' id='word_1_284' title='bbox 228 2168 321 2219; x_wconf 84' lang='grc' dir='ltr'><strong>ρον</strong></span> <span class='ocrx_word' id='word_1_285' title='bbox 351 2151 557 2223; x_wconf 79' lang='grc' dir='ltr'>ζητεῖν.</span> <span class='ocrx_word' id='word_1_286' title='bbox 587 2155 820 2212; x_wconf 85' lang='grc' dir='ltr'>Ἐνωσιν</span> <span class='ocrx_word' id='word_1_287' title='bbox 866 2156 965 2225; x_wconf 84' lang='grc' dir='ltr'>μὲν</span> <span class='ocrx_word' id='word_1_288' title='bbox 994 2158 1252 2211; x_wconf 81' lang='grc' dir='ltr'>ἀδύνατον</span> <span class='ocrx_word' id='word_1_289' title='bbox 1289 2160 1434 2222; x_wconf 74' lang='grc' dir='ltr'>ἰδεῖν,</span> <span class='ocrx_word' id='word_1_290' title='bbox 1484 2162 1643 2231; x_wconf 81' lang='grc' dir='ltr'>εἰπερ</span> <span class='ocrx_word' id='word_1_291' title='bbox 1702 2163 1794 2215; x_wconf 86' lang='grc' dir='ltr'>θα-</span> 
     </span>
    </p>
   </div>
   <div class='ocr_carea' id='block_1_38' title="bbox 230 2243 1795 2329">
    <p class='ocr_par' dir='ltr' id='par_1_38' title="bbox 230 2243 1795 2329">
     <span class='ocr_line' id='line_1_39' title="bbox 230 2243 1795 2329; baseline 0.01 -34"><span class='ocrx_word' id='word_1_292' title='bbox 230 2244 377 2314; x_wconf 84' lang='grc' dir='ltr'>τέρῳ</span> <span class='ocrx_word' id='word_1_293' title='bbox 406 2248 598 2299; x_wconf 81' lang='grc' dir='ltr'>ταυτὸν</span> <span class='ocrx_word' id='word_1_294' title='bbox 624 2243 762 2301; x_wconf 85' lang='grc' dir='ltr'>εἶναι</span> <span class='ocrx_word' id='word_1_295' title='bbox 789 2250 885 2302; x_wconf 79' lang='grc' dir='ltr'>καὶ</span> <span class='ocrx_word' id='word_1_296' title='bbox 917 2250 1155 2320; x_wconf 77' lang='grc' dir='ltr'>ἡνῶσθαι</span> <span class='ocrx_word' id='word_1_297' title='bbox 1182 2252 1389 2306; x_wconf 80' lang='grc' dir='ltr'>δέδοται</span> <span class='ocrx_word' id='word_1_298' title='bbox 1413 2269 1426 2283; x_wconf 76' lang='grc' dir='ltr'><strong>ο</strong></span> <span class='ocrx_word' id='word_1_299' title='bbox 1473 2256 1664 2325; x_wconf 81' lang='grc' dir='ltr'>ἠνοὺτο</span> <span class='ocrx_word' id='word_1_300' title='bbox 1687 2257 1795 2329; x_wconf 84' lang='grc' dir='ltr'><strong>γάρ</strong></span> 
     </span>
    </p>
   </div>
   <div class='ocr_carea' id='block_1_39' title="bbox 229 2336 1795 2413">
    <p class='ocr_par' dir='ltr' id='par_1_39' title="bbox 229 2336 1795 2413">
     <span class='ocr_line' id='line_1_40' title="bbox 229 2336 1795 2413; baseline 0.011 -25"><span class='ocrx_word' id='word_1_301' title='bbox 229 2336 294 2390; x_wconf 84' lang='grc' dir='ltr'><strong>ἀν</strong></span> <span class='ocrx_word' id='word_1_302' title='bbox 328 2338 502 2402; x_wconf 80' lang='grc' dir='ltr'>οὕτως</span> <span class='ocrx_word' id='word_1_303' title='bbox 523 2341 568 2373; x_wconf 78' lang='grc'><strong>⁸⁸</strong></span> <span class='ocrx_word' id='word_1_304' title='bbox 591 2343 685 2394; x_wconf 81' lang='grc' dir='ltr'><strong>καὶ</strong></span> <span class='ocrx_word' id='word_1_305' title='bbox 708 2342 767 2394; x_wconf 87' lang='grc' dir='ltr'><strong>τὸ</strong></span> <span class='ocrx_word' id='word_1_306' title='bbox 788 2342 847 2407; x_wconf 78' lang='grc' dir='ltr'><strong>ἐξ</strong></span> <span class='ocrx_word' id='word_1_307' title='bbox 875 2344 1070 2413; x_wconf 79' lang='grc' dir='ltr'>ἀρχῆς,</span> <span class='ocrx_word' id='word_1_308' title='bbox 1128 2340 1172 2413; x_wconf 84' lang='grc' dir='ltr'>ᾧ</span> <span class='ocrx_word' id='word_1_309' title='bbox 1200 2347 1396 2400; x_wconf 83' lang='grc' dir='ltr'>ταυτὸν</span> <span class='ocrx_word' id='word_1_310' title='bbox 1457 2344 1597 2403; x_wconf 83' lang='grc' dir='ltr'>εἶναι</span> <span class='ocrx_word' id='word_1_311' title='bbox 1637 2351 1795 2405; x_wconf 83' lang='grc' dir='ltr'>τοῦτο</span> 
     </span>
    </p>
   </div>
   <div class='ocr_carea' id='block_1_40' title="bbox 228 2427 1795 2507">
    <p class='ocr_par' dir='ltr' id='par_1_40' title="bbox 228 2427 1795 2507">
     <span class='ocr_line' id='line_1_41' title="bbox 228 2427 1795 2507; baseline 0.012 -30"><span class='ocrx_word' id='word_1_312' title='bbox 228 2427 409 2497; x_wconf 69' lang='grc' dir='ltr'>ἐδόθη.</span> <span class='ocrx_word' id='word_1_313' title='bbox 442 2429 504 2481; x_wconf 78' lang='grc' dir='ltr'><strong>Εἰ</strong></span> <span class='ocrx_word' id='word_1_314' title='bbox 539 2430 595 2483; x_wconf 79' lang='grc' dir='ltr'><strong>δὲ</strong></span> <span class='ocrx_word' id='word_1_315' title='bbox 625 2432 953 2502; x_wconf 79' lang='grc' dir='ltr'><strong>κεχωρίσθαι</strong></span> <span class='ocrx_word' id='word_1_316' title='bbox 984 2436 1204 2489; x_wconf 88' lang='grc' dir='ltr'>ἀπαιτεῖ</span> <span class='ocrx_word' id='word_1_317' title='bbox 1253 2440 1281 2490; x_wconf 79' lang='grc' dir='ltr'>ὁ</span> <span class='ocrx_word' id='word_1_318' title='bbox 1324 2438 1501 2507; x_wconf 78' lang='grc' dir='ltr'>λόγος,</span> <span class='ocrx_word' id='word_1_319' title='bbox 1538 2442 1698 2495; x_wconf 84' lang='grc' dir='ltr'>πάλιν</span> <span class='ocrx_word' id='word_1_320' title='bbox 1734 2443 1795 2496; x_wconf 85' lang='grc' dir='ltr'><strong>τὸ</strong></span> 
     </span>
    </p>
   </div>
   <div class='ocr_carea' id='block_1_41' title="bbox 230 2520 1798 2601">
    <p class='ocr_par' dir='ltr' id='par_1_41' title="bbox 230 2520 1798 2601">
     <span class='ocr_line' id='line_1_42' title="bbox 230 2520 1798 2601; baseline 0.011 -33"><span class='ocrx_word' id='word_1_321' title='bbox 230 2520 465 2587; x_wconf 75' lang='grc' dir='ltr'>χωρίζον</span> <span class='ocrx_word' id='word_1_322' title='bbox 485 2520 833 2591; x_wconf 77' lang='grc' dir='ltr'><strong>ἀπαιτητέον,</strong></span> <span class='ocrx_word' id='word_1_323' title='bbox 865 2525 967 2585; x_wconf 79' lang='grc' dir='ltr'>ἕως</span> <span class='ocrx_word' id='word_1_324' title='bbox 1006 2525 1071 2577; x_wconf 86' lang='grc' dir='ltr'><strong>ἂν</strong></span> <span class='ocrx_word' id='word_1_325' title='bbox 1123 2527 1366 2599; x_wconf 75' lang='grc' dir='ltr'><strong>ἀπείρων</strong></span> <span class='ocrx_word' id='word_1_326' title='bbox 1420 2532 1551 2599; x_wconf 80' lang='grc' dir='ltr'>ἡμῖν</span> <span class='ocrx_word' id='word_1_327' title='bbox 1606 2533 1798 2601; x_wconf 83' lang='grc' dir='ltr'>ἀγενή-</span> 
     </span>
    </p>
   </div>
   <div class='ocr_carea' id='block_1_42' title="bbox 230 2610 1795 2694">
    <p class='ocr_par' dir='ltr' id='par_1_42' title="bbox 230 2610 1795 2694">
     <span class='ocr_line' id='line_1_43' title="bbox 230 2610 1795 2694; baseline 0.013 -37"><span class='ocrx_word' id='word_1_328' title='bbox 230 2624 339 2659; x_wconf 86' lang='grc' dir='ltr'><strong>των</strong></span> <span class='ocrx_word' id='word_1_329' title='bbox 362 2610 527 2678; x_wconf 67' lang='grc' dir='ltr'>ἑσμὸς</span> <span class='ocrx_word' id='word_1_330' title='bbox 555 2611 820 2683; x_wconf 77' lang='grc' dir='ltr'>ἀναφανῇ.</span> <span class='ocrx_word' id='word_1_331' title='bbox 859 2616 953 2665; x_wconf 75' lang='lat' dir='ltr'><strong>“Av</strong></span> <span class='ocrx_word' id='word_1_332' title='bbox 978 2615 1021 2667; x_wconf 82' lang='grc' dir='ltr'><strong>δ’</strong></span> <span class='ocrx_word' id='word_1_333' title='bbox 1043 2615 1151 2685; x_wconf 86' lang='grc' dir='ltr'>ἀρα</span> <span class='ocrx_word' id='word_1_334' title='bbox 1177 2635 1261 2681; x_wconf 86' lang='grc' dir='ltr'><strong>τις</strong></span> <span class='ocrx_word' id='word_1_335' title='bbox 1289 2621 1381 2672; x_wconf 80' lang='grc' dir='ltr'><strong>καὶ</strong></span> <span class='ocrx_word' id='word_1_336' title='bbox 1403 2622 1582 2688; x_wconf 84' lang='grc' dir='ltr'>τρίτον</span> <span class='ocrx_word' id='word_1_337' title='bbox 1612 2623 1795 2694; x_wconf 55' lang='lat' dir='ltr'><strong>MED&quot;</strong></span> 
     </span>
    </p>
   </div>
   <div class='ocr_carea' id='block_1_43' title="bbox 229 2699 1798 2782">
    <p class='ocr_par' dir='ltr' id='par_1_43' title="bbox 229 2699 1798 2782">
     <span class='ocr_line' id='line_1_44' title="bbox 229 2699 1798 2782; baseline 0.013 -35"><span class='ocrx_word' id='word_1_338' title='bbox 229 2699 409 2765; x_wconf 72' lang='grc' dir='ltr'>λόγον,</span> <span class='ocrx_word' id='word_1_339' title='bbox 450 2702 692 2755; x_wconf 82' lang='grc' dir='ltr'><strong>τουτέστι</strong></span> <span class='ocrx_word' id='word_1_340' title='bbox 722 2704 781 2755; x_wconf 81' lang='grc' dir='ltr'><strong>τὸ</strong></span> <span class='ocrx_word' id='word_1_341' title='bbox 826 2706 960 2775; x_wconf 82' lang='grc' dir='ltr'>μήτε</span> <span class='ocrx_word' id='word_1_342' title='bbox 1010 2709 1341 2778; x_wconf 77' lang='grc' dir='ltr'><strong>κεχωρίσθαι</strong></span> <span class='ocrx_word' id='word_1_343' title='bbox 1385 2710 1475 2763; x_wconf 87' lang='grc' dir='ltr'><strong>τὸν</strong></span> <span class='ocrx_word' id='word_1_344' title='bbox 1530 2712 1662 2766; x_wconf 84' lang='grc' dir='ltr'><strong>Θεὸν</strong></span> <span class='ocrx_word' id='word_1_345' title='bbox 1700 2718 1798 2782; x_wconf 81' lang='grc' dir='ltr'>τῆς</span> 
     </span>
    </p>
   </div>
   <div class='ocr_carea' id='block_1_44' title="bbox 229 2788 1797 2868">
    <p class='ocr_par' dir='ltr' id='par_1_44' title="bbox 229 2788 1797 2868">
     <span class='ocr_line' id='line_1_45' title="bbox 229 2788 1797 2868; baseline 0.011 -27"><span class='ocrx_word' id='word_1_346' title='bbox 229 2790 385 2859; x_wconf 76' lang='grc' dir='ltr'>ὕλης,</span> <span class='ocrx_word' id='word_1_347' title='bbox 419 2793 539 2860; x_wconf 87' lang='grc' dir='ltr'>μηδ’</span> <span class='ocrx_word' id='word_1_348' title='bbox 561 2788 627 2845; x_wconf 84' lang='grc' dir='ltr'>αὖ</span> <span class='ocrx_word' id='word_1_349' title='bbox 660 2793 818 2847; x_wconf 85' lang='grc' dir='ltr'>πάλιν</span> <span class='ocrx_word' id='word_1_350' title='bbox 848 2795 923 2859; x_wconf 83' lang='grc' dir='ltr'>ὡς</span> <span class='ocrx_word' id='word_1_351' title='bbox 968 2799 1024 2849; x_wconf 80' lang='grc' dir='ltr'><strong>έν</strong></span> <span class='ocrx_word' id='word_1_352' title='bbox 1067 2799 1222 2868; x_wconf 84' lang='grc' dir='ltr'>μέρει</span> <span class='ocrx_word' id='word_1_353' title='bbox 1265 2801 1524 2868; x_wconf 75' lang='grc' dir='ltr'>ἡνῶσθαι,</span> <span class='ocrx_word' id='word_1_354' title='bbox 1560 2801 1699 2858; x_wconf 76' lang='grc' dir='ltr'>εἶναι</span> <span class='ocrx_word' id='word_1_355' title='bbox 1739 2806 1797 2859; x_wconf 80' lang='grc' dir='ltr'>δὲ</span> 
     </span>
    </p>
   </div>
   <div class='ocr_carea' id='block_1_45' title="bbox 226 2882 1796 2965">
    <p class='ocr_par' dir='ltr' id='par_1_45' title="bbox 226 2882 1796 2965">
     <span class='ocr_line' id='line_1_46' title="bbox 226 2882 1796 2965; baseline 0.011 -33"><span class='ocrx_word' id='word_1_356' title='bbox 226 2882 303 2942; x_wconf 87' lang='grc' dir='ltr'>ὠς</span> <span class='ocrx_word' id='word_1_357' title='bbox 333 2885 391 2934; x_wconf 84' lang='grc' dir='ltr'>ὲν</span> <span class='ocrx_word' id='word_1_358' title='bbox 431 2884 572 2954; x_wconf 80' lang='grc' dir='ltr'><strong>τόπῳ</strong></span> <span class='ocrx_word' id='word_1_359' title='bbox 598 2883 893 2959; x_wconf 84' lang='grc' dir='ltr'>[καθάπερ]</span> <span class='ocrx_word' id='word_1_360' title='bbox 922 2892 985 2959; x_wconf 83' lang='grc' dir='ltr'>τῇ</span> <span class='ocrx_word' id='word_1_361' title='bbox 1011 2888 1109 2958; x_wconf 82' lang='grc' dir='ltr'><strong>ὑλῃ</strong></span> <span class='ocrx_word' id='word_1_362' title='bbox 1138 2890 1228 2943; x_wconf 86' lang='grc' dir='ltr'><strong>τὸν</strong></span> <span class='ocrx_word' id='word_1_363' title='bbox 1253 2891 1378 2963; x_wconf 64' lang='grc'><strong>[699</strong></span> <span class='ocrx_word' id='word_1_364' title='bbox 1418 2893 1508 2965; x_wconf 84' lang='grc' dir='ltr'><strong>Η.]</strong></span> <span class='ocrx_word' id='word_1_365' title='bbox 1536 2896 1668 2948; x_wconf 86' lang='grc' dir='ltr'>Θεὸν</span> <span class='ocrx_word' id='word_1_366' title='bbox 1703 2898 1796 2949; x_wconf 74' lang='grc' dir='ltr'><strong>καὶ</strong></span> 
     </span>
    </p>
   </div>
   <div class='ocr_carea' id='block_1_46' title="bbox 224 2972 1796 3047">
    <p class='ocr_par' dir='ltr' id='par_1_46' title="bbox 224 2972 1796 3047">
     <span class='ocr_line' id='line_1_47' title="bbox 224 2972 1796 3047; baseline 0.012 -25"><span class='ocrx_word' id='word_1_367' title='bbox 224 2973 325 3040; x_wconf 76' lang='grc' dir='ltr'>τὴν</span> <span class='ocrx_word' id='word_1_368' title='bbox 366 2972 501 3043; x_wconf 85' lang='grc' dir='ltr'>ὑλην</span> <span class='ocrx_word' id='word_1_369' title='bbox 549 2978 608 3027; x_wconf 86' lang='grc' dir='ltr'><strong>έν</strong></span> <span class='ocrx_word' id='word_1_370' title='bbox 638 2976 717 3044; x_wconf 84' lang='grc' dir='ltr'>τῷ</span> <span class='ocrx_word' id='word_1_371' title='bbox 745 2977 884 3047; x_wconf 86' lang='grc' dir='ltr'>Θεῷ,</span> <span class='ocrx_word' id='word_1_372' title='bbox 934 2981 1180 3034; x_wconf 81' lang='grc' dir='ltr'>ἀκουέτω</span> <span class='ocrx_word' id='word_1_373' title='bbox 1236 2985 1317 3035; x_wconf 85' lang='grc' dir='ltr'>ὅτι</span> <span class='ocrx_word' id='word_1_374' title='bbox 1358 2985 1454 3037; x_wconf 81' lang='grc' dir='ltr'><strong>έάν</strong></span> <span class='ocrx_word' id='word_1_375' title='bbox 1485 2987 1651 3041; x_wconf 83' lang='grc' dir='ltr'>τόπον</span> <span class='ocrx_word' id='word_1_376' title='bbox 1704 2989 1796 3040; x_wconf 82' lang='grc' dir='ltr'>τοῦ</span> 
     </span>
    </p>
   </div>
   <div class='ocr_carea' id='block_1_47' title="bbox 226 3063 1796 3149">
    <p class='ocr_par' dir='ltr' id='par_1_47' title="bbox 226 3063 1796 3149">
     <span class='ocr_line' id='line_1_48' title="bbox 226 3063 1796 3149; baseline 0.012 -35"><span class='ocrx_word' id='word_1_377' title='bbox 226 3063 365 3116; x_wconf 79' lang='grc' dir='ltr'>Θεοῦ</span> <span class='ocrx_word' id='word_1_378' title='bbox 393 3066 491 3135; x_wconf 77' lang='grc' dir='ltr'>τὴν</span> <span class='ocrx_word' id='word_1_379' title='bbox 540 3066 670 3134; x_wconf 81' lang='grc' dir='ltr'>ὕλην</span> <span class='ocrx_word' id='word_1_380' title='bbox 717 3069 979 3139; x_wconf 84' lang='grc' dir='ltr'>εἴπωμεν,</span> <span class='ocrx_word' id='word_1_381' title='bbox 1026 3072 1085 3135; x_wconf 76' lang='grc' dir='ltr'>ἐξ</span> <span class='ocrx_word' id='word_1_382' title='bbox 1123 3074 1367 3144; x_wconf 81' lang='grc' dir='ltr'>ἀνάγκης</span> <span class='ocrx_word' id='word_1_383' title='bbox 1403 3079 1496 3129; x_wconf 84' lang='grc' dir='ltr'><strong>καὶ</strong></span> <span class='ocrx_word' id='word_1_384' title='bbox 1550 3081 1796 3149; x_wconf 86' lang='grc' dir='ltr'>χωρητὸς</span> 
     </span>
    </p>
   </div>
   <div class='ocr_carea' id='block_1_48' title="bbox 1900 1874 3467 1956">
    <p class='ocr_par' dir='ltr' id='par_1_48' title="bbox 1900 1874 3467 1956">
     <span class='ocr_line' id='line_1_49' title="bbox 1900 1874 3467 1956; baseline -0.011 -10"><span class='ocrx_word' id='word_1_385' title='bbox 1900 1895 2011 1946; x_wconf 85' lang='lat' dir='ltr'><strong>visa</strong></span> <span class='ocrx_word' id='word_1_386' title='bbox 2068 1906 2163 1945; x_wconf 88' lang='lat' dir='ltr'><strong>seu</strong></span> <span class='ocrx_word' id='word_1_387' title='bbox 2206 1898 2450 1956; x_wconf 86' lang='lat' dir='ltr'><strong>separata</strong></span> <span class='ocrx_word' id='word_1_388' title='bbox 2498 1885 2619 1953; x_wconf 88' lang='lat' dir='ltr'><strong>quis</strong></span> <span class='ocrx_word' id='word_1_389' title='bbox 2665 1880 2860 1936; x_wconf 83' lang='lat' dir='ltr'><strong>dixerit</strong></span> <span class='ocrx_word' id='word_1_390' title='bbox 2902 1878 3014 1950; x_wconf 86' lang='lat' dir='ltr'><strong>[illa</strong></span> <span class='ocrx_word' id='word_1_391' title='bbox 3051 1880 3287 1932; x_wconf 83' lang='lat' dir='ltr'><strong>increata</strong></span> <span class='ocrx_word' id='word_1_392' title='bbox 3319 1874 3467 1947; x_wconf 89' lang='lat' dir='ltr'><strong>duo],</strong></span> 
     </span>
    </p>
   </div>
   <div class='ocr_carea' id='block_1_49' title="bbox 1896 1975 3468 2048">
    <p class='ocr_par' dir='ltr' id='par_1_49' title="bbox 1896 1975 3468 2048">
     <span class='ocr_line' id='line_1_50' title="bbox 1896 1975 3468 2048; baseline -0.012 -8"><span class='ocrx_word' id='word_1_393' title='bbox 1896 2000 2121 2040; x_wconf 88' lang='lat' dir='ltr'><strong>necesse</strong></span> <span class='ocrx_word' id='word_1_394' title='bbox 2159 1991 2242 2038; x_wconf 84' lang='lat' dir='ltr'><strong>est</strong></span> <span class='ocrx_word' id='word_1_395' title='bbox 2271 1992 2329 2035; x_wconf 90' lang='lat' dir='ltr'><strong>ut</strong></span> <span class='ocrx_word' id='word_1_396' title='bbox 2355 1981 2425 2035; x_wconf 90' lang='lat' dir='ltr'><strong>sit</strong></span> <span class='ocrx_word' id='word_1_397' title='bbox 2452 1980 2666 2048; x_wconf 80' lang='lat' dir='ltr'><strong>aliquod</strong></span> <span class='ocrx_word' id='word_1_398' title='bbox 2700 1976 2933 2030; x_wconf 90' lang='lat' dir='ltr'><strong>medium</strong></span> <span class='ocrx_word' id='word_1_399' title='bbox 2978 1975 3122 2025; x_wconf 88' lang='lat' dir='ltr'><strong>inter</strong></span> <span class='ocrx_word' id='word_1_400' title='bbox 3155 1980 3468 2037; x_wconf 87' lang='lat' dir='ltr'><strong>utrumque.</strong></span> 
     </span>
    </p>
   </div>
   <div class='ocr_carea' id='block_1_50' title="bbox 1897 2060 3470 2147">
    <p class='ocr_par' dir='ltr' id='par_1_50' title="bbox 1897 2060 3470 2147">
     <span class='ocr_line' id='line_1_51' title="bbox 1897 2060 3470 2147; baseline -0.01 -20"><span class='ocrx_word' id='word_1_401' title='bbox 1897 2080 2038 2147; x_wconf 86' lang='lat' dir='ltr'><strong>quod</strong></span> <span class='ocrx_word' id='word_1_402' title='bbox 2067 2076 2459 2145; x_wconf 85' lang='lat' dir='ltr'><strong>separationem</strong></span> <span class='ocrx_word' id='word_1_403' title='bbox 2500 2072 2711 2126; x_wconf 81' lang='lat' dir='ltr'><strong>illorum</strong></span> <span class='ocrx_word' id='word_1_404' title='bbox 2746 2066 3018 2122; x_wconf 78' lang='lat' dir='ltr'><strong>ostendat.</strong></span> <span class='ocrx_word' id='word_1_405' title='bbox 3071 2064 3185 2116; x_wconf 85' lang='lat' dir='ltr'><strong>Hoc</strong></span> <span class='ocrx_word' id='word_1_406' title='bbox 3215 2071 3390 2113; x_wconf 82' lang='lat' dir='ltr'><strong>autem</strong></span> <span class='ocrx_word' id='word_1_407' title='bbox 3424 2060 3470 2113; x_wconf 90' lang='lat' dir='ltr'><strong>si</strong></span> 
     </span>
    </p>
   </div>
   <div class='ocr_carea' id='block_1_51' title="bbox 1895 2156 3469 2227">
    <p class='ocr_par' dir='ltr' id='par_1_51' title="bbox 1895 2156 3469 2227">
     <span class='ocr_line' id='line_1_52' title="bbox 1895 2156 3469 2227; baseline -0.015 -1"><span class='ocrx_word' id='word_1_408' title='bbox 1895 2173 1963 2226; x_wconf 83' lang='lat' dir='ltr'><strong>sit</strong></span> <span class='ocrx_word' id='word_1_409' title='bbox 1993 2172 2130 2225; x_wconf 91' lang='lat' dir='ltr'><strong>idem</strong></span> <span class='ocrx_word' id='word_1_410' title='bbox 2158 2184 2277 2223; x_wconf 91' lang='lat' dir='ltr'><strong>cum</strong></span> <span class='ocrx_word' id='word_1_411' title='bbox 2308 2167 2477 2221; x_wconf 88' lang='lat' dir='ltr'><strong>altero</strong></span> <span class='ocrx_word' id='word_1_412' title='bbox 2499 2180 2566 2219; x_wconf 80' lang='lat' dir='ltr'><strong>ex</strong></span> <span class='ocrx_word' id='word_1_413' title='bbox 2592 2163 2819 2227; x_wconf 87' lang='lat' dir='ltr'><strong>duobus,</strong></span> <span class='ocrx_word' id='word_1_414' title='bbox 2844 2174 2963 2213; x_wconf 92' lang='lat' dir='ltr'><strong>cum</strong></span> <span class='ocrx_word' id='word_1_415' title='bbox 3008 2156 3098 2210; x_wconf 92' lang='lat' dir='ltr'><strong>illo</strong></span> <span class='ocrx_word' id='word_1_416' title='bbox 3128 2156 3333 2208; x_wconf 89' lang='lat' dir='ltr'><strong>unitum</strong></span> <span class='ocrx_word' id='word_1_417' title='bbox 3364 2163 3469 2215; x_wconf 83' lang='lat' dir='ltr'><strong>est,</strong></span> 
     </span>
    </p>
   </div>
   <div class='ocr_carea' id='block_1_52' title="bbox 1895 2248 3469 2324">
    <p class='ocr_par' dir='ltr' id='par_1_52' title="bbox 1895 2248 3469 2324">
     <span class='ocr_line' id='line_1_53' title="bbox 1895 2248 3469 2324; baseline -0.013 -6"><span class='ocrx_word' id='word_1_418' title='bbox 1895 2273 1952 2318; x_wconf 93' lang='lat' dir='ltr'><strong>et</strong></span> <span class='ocrx_word' id='word_1_419' title='bbox 1982 2278 2192 2317; x_wconf 84' lang='lat' dir='ltr'><strong>rursum</strong></span> <span class='ocrx_word' id='word_1_420' title='bbox 2225 2261 2328 2315; x_wconf 90' lang='lat' dir='ltr'><strong>erit</strong></span> <span class='ocrx_word' id='word_1_421' title='bbox 2363 2272 2586 2313; x_wconf 84' lang='lat' dir='ltr'><strong>necesse</strong></span> <span class='ocrx_word' id='word_1_422' title='bbox 2629 2268 2873 2324; x_wconf 67' lang='lat' dir='ltr'><strong>quaerere</strong></span> <span class='ocrx_word' id='word_1_423' title='bbox 2919 2248 3469 2318; x_wconf 88' lang='lat' dir='ltr'><strong>autconjunctiouem</strong></span> 
     </span>
    </p>
   </div>
   <div class='ocr_carea' id='block_1_53' title="bbox 1896 2338 3469 2423">
    <p class='ocr_par' dir='ltr' id='par_1_53' title="bbox 1896 2338 3469 2423">
     <span class='ocr_line' id='line_1_54' title="bbox 1896 2338 3469 2423; baseline -0.011 -16"><span class='ocrx_word' id='word_1_424' title='bbox 1896 2366 1987 2408; x_wconf 89' lang='lat' dir='ltr'><strong>aut</strong></span> <span class='ocrx_word' id='word_1_425' title='bbox 2018 2352 2411 2423; x_wconf 80' lang='lat' dir='ltr'><strong>separationem</strong></span> <span class='ocrx_word' id='word_1_426' title='bbox 2466 2347 2689 2403; x_wconf 83' lang='lat' dir='ltr'><strong>alterius</strong></span> <span class='ocrx_word' id='word_1_427' title='bbox 2710 2346 2775 2397; x_wconf 90' lang='lat' dir='ltr'><strong>ab</strong></span> <span class='ocrx_word' id='word_1_428' title='bbox 2806 2344 2996 2397; x_wconf 88' lang='lat' dir='ltr'><strong>altero.</strong></span> <span class='ocrx_word' id='word_1_429' title='bbox 3025 2341 3291 2397; x_wconf 87' lang='lat' dir='ltr'><strong>Unionem</strong></span> <span class='ocrx_word' id='word_1_430' title='bbox 3324 2338 3469 2392; x_wconf 83' lang='lat' dir='ltr'><strong>enim</strong></span> 
     </span>
    </p>
   </div>
   <div class='ocr_carea' id='block_1_54' title="bbox 1900 2435 3466 2513">
    <p class='ocr_par' dir='ltr' id='par_1_54' title="bbox 1900 2435 3466 2513">
     <span class='ocr_line' id='line_1_55' title="bbox 1900 2435 3466 2513; baseline -0.009 -16"><span class='ocrx_word' id='word_1_431' title='bbox 1900 2448 2084 2501; x_wconf 86' lang='lat' dir='ltr'><strong>videre</strong></span> <span class='ocrx_word' id='word_1_432' title='bbox 2122 2444 2449 2513; x_wconf 86' lang='lat' dir='ltr'><strong>impossibile</strong></span> <span class='ocrx_word' id='word_1_433' title='bbox 2481 2450 2583 2503; x_wconf 88' lang='lat' dir='ltr'><strong>est,</strong></span> <span class='ocrx_word' id='word_1_434' title='bbox 2600 2439 2645 2494; x_wconf 86' lang='lat' dir='ltr'><strong>si</strong></span> <span class='ocrx_word' id='word_1_435' title='bbox 2683 2440 2910 2491; x_wconf 86' lang='lat' dir='ltr'><strong>alterum</strong></span> <span class='ocrx_word' id='word_1_436' title='bbox 2949 2436 3020 2487; x_wconf 87' lang='lat' dir='ltr'><strong>sit</strong></span> <span class='ocrx_word' id='word_1_437' title='bbox 3053 2435 3190 2488; x_wconf 85' lang='lat' dir='ltr'><strong>idem</strong></span> <span class='ocrx_word' id='word_1_438' title='bbox 3231 2448 3352 2486; x_wconf 92' lang='lat' dir='ltr'><strong>cum</strong></span> <span class='ocrx_word' id='word_1_439' title='bbox 3377 2446 3466 2494; x_wconf 88' lang='lat' dir='ltr'><strong>eo,</strong></span> 
     </span>
    </p>
   </div>
   <div class='ocr_carea' id='block_1_55' title="bbox 1898 2524 3469 2591">
    <p class='ocr_par' dir='ltr' id='par_1_55' title="bbox 1898 2524 3469 2591">
     <span class='ocr_line' id='line_1_56' title="bbox 1898 2524 3469 2591; baseline -0.011 0"><span class='ocrx_word' id='word_1_440' title='bbox 1898 2549 1952 2591; x_wconf 88' lang='lat' dir='ltr'><strong>et</strong></span> <span class='ocrx_word' id='word_1_441' title='bbox 1973 2538 2177 2589; x_wconf 83' lang='lat' dir='ltr'><strong>unitum</strong></span> <span class='ocrx_word' id='word_1_442' title='bbox 2201 2549 2320 2589; x_wconf 90' lang='lat' dir='ltr'><strong>esse</strong></span> <span class='ocrx_word' id='word_1_443' title='bbox 2350 2532 2705 2588; x_wconf 78' lang='lat' dir='ltr'><strong>concedatur.</strong></span> <span class='ocrx_word' id='word_1_444' title='bbox 2736 2529 2827 2583; x_wconf 87' lang='lat' dir='ltr'><strong>Sic</strong></span> <span class='ocrx_word' id='word_1_445' title='bbox 2852 2528 2995 2581; x_wconf 91' lang='lat' dir='ltr'><strong>enim</strong></span> <span class='ocrx_word' id='word_1_446' title='bbox 3033 2526 3282 2579; x_wconf 81' lang='lat' dir='ltr'><strong>uuiretur</strong></span> <span class='ocrx_word' id='word_1_447' title='bbox 3306 2524 3469 2576; x_wconf 86' lang='lat' dir='ltr'><strong>etiam</strong></span> 
     </span>
    </p>
   </div>
   <div class='ocr_carea' id='block_1_56' title="bbox 1902 2615 3471 2692">
    <p class='ocr_par' dir='ltr' id='par_1_56' title="bbox 1902 2615 3471 2692">
     <span class='ocr_line' id='line_1_57' title="bbox 1902 2615 3471 2692; baseline -0.008 -16"><span class='ocrx_word' id='word_1_448' title='bbox 1902 2626 1950 2676; x_wconf 87' lang='lat' dir='ltr'><strong>id</strong></span> <span class='ocrx_word' id='word_1_449' title='bbox 1982 2624 2124 2692; x_wconf 88' lang='lat' dir='ltr'><strong>quod</strong></span> <span class='ocrx_word' id='word_1_450' title='bbox 2157 2638 2185 2674; x_wconf 87' lang='lat' dir='ltr'><strong>a</strong></span> <span class='ocrx_word' id='word_1_451' title='bbox 2226 2623 2493 2690; x_wconf 79' lang='lat' dir='ltr'><strong>principio</strong></span> <span class='ocrx_word' id='word_1_452' title='bbox 2535 2620 2674 2671; x_wconf 87' lang='lat' dir='ltr'><strong>idem</strong></span> <span class='ocrx_word' id='word_1_453' title='bbox 2706 2633 2825 2670; x_wconf 91' lang='lat' dir='ltr'><strong>cum</strong></span> <span class='ocrx_word' id='word_1_454' title='bbox 2852 2631 2914 2669; x_wconf 92' lang='lat' dir='ltr'><strong>eo</strong></span> <span class='ocrx_word' id='word_1_455' title='bbox 2953 2615 3118 2668; x_wconf 79' lang='lat' dir='ltr'><strong>fuisse</strong></span> <span class='ocrx_word' id='word_1_456' title='bbox 3152 2625 3471 2665; x_wconf 89' lang='lat' dir='ltr'><strong>concessum</strong></span> 
     </span>
    </p>
   </div>
   <div class='ocr_carea' id='block_1_57' title="bbox 1900 2706 3471 2778">
    <p class='ocr_par' dir='ltr' id='par_1_57' title="bbox 1900 2706 3471 2778">
     <span class='ocr_line' id='line_1_58' title="bbox 1900 2706 3471 2778; baseline -0.008 -11"><span class='ocrx_word' id='word_1_457' title='bbox 1900 2724 1999 2768; x_wconf 90' lang='lat' dir='ltr'><strong>est.</strong></span> <span class='ocrx_word' id='word_1_458' title='bbox 2036 2712 2091 2767; x_wconf 92' lang='lat' dir='ltr'><strong>Si</strong></span> <span class='ocrx_word' id='word_1_459' title='bbox 2118 2723 2294 2766; x_wconf 85' lang='lat' dir='ltr'><strong>autem</strong></span> <span class='ocrx_word' id='word_1_460' title='bbox 2327 2719 2633 2778; x_wconf 70' lang='lat' dir='ltr'><strong>separatum</strong></span> <span class='ocrx_word' id='word_1_461' title='bbox 2674 2706 2845 2762; x_wconf 77' lang='lat' dir='ltr'><strong>fuisse</strong></span> <span class='ocrx_word' id='word_1_462' title='bbox 2879 2706 3013 2759; x_wconf 84' lang='lat' dir='ltr'><strong>ratio</strong></span> <span class='ocrx_word' id='word_1_463' title='bbox 3044 2706 3222 2768; x_wconf 85' lang='lat' dir='ltr'><strong>docet,</strong></span> <span class='ocrx_word' id='word_1_464' title='bbox 3252 2718 3471 2756; x_wconf 88' lang='lat' dir='ltr'><strong>rursum</strong></span> 
     </span>
    </p>
   </div>
   <div class='ocr_carea' id='block_1_58' title="bbox 1899 2797 3469 2874">
    <p class='ocr_par' dir='ltr' id='par_1_58' title="bbox 1899 2797 3469 2874">
     <span class='ocr_line' id='line_1_59' title="bbox 1899 2797 3469 2874; baseline -0.006 -17"><span class='ocrx_word' id='word_1_465' title='bbox 1899 2806 2245 2874; x_wconf 70' lang='lat' dir='ltr'><strong>quaerendum</strong></span> <span class='ocrx_word' id='word_1_466' title='bbox 2277 2817 2359 2857; x_wconf 82' lang='lat' dir='ltr'><strong>est</strong></span> <span class='ocrx_word' id='word_1_467' title='bbox 2397 2819 2489 2871; x_wconf 78' lang='lat' dir='ltr'><strong>per</strong></span> <span class='ocrx_word' id='word_1_468' title='bbox 2516 2803 2657 2871; x_wconf 90' lang='lat' dir='ltr'><strong>quod</strong></span> <span class='ocrx_word' id='word_1_469' title='bbox 2695 2800 2798 2854; x_wconf 79' lang='lat' dir='ltr'><strong>fuit</strong></span> <span class='ocrx_word' id='word_1_470' title='bbox 2820 2809 3151 2867; x_wconf 86' lang='lat' dir='ltr'><strong>separatum,</strong></span> <span class='ocrx_word' id='word_1_471' title='bbox 3182 2797 3353 2848; x_wconf 90' lang='lat' dir='ltr'><strong>donec</strong></span> <span class='ocrx_word' id='word_1_472' title='bbox 3387 2798 3469 2847; x_wconf 91' lang='lat' dir='ltr'><strong>in-</strong></span> 
     </span>
    </p>
   </div>
   <div class='ocr_carea' id='block_1_59' title="bbox 1901 2882 3471 2960">
    <p class='ocr_par' dir='ltr' id='par_1_59' title="bbox 1901 2882 3471 2960">
     <span class='ocr_line' id='line_1_60' title="bbox 1901 2882 3471 2960; baseline -0.009 -11"><span class='ocrx_word' id='word_1_473' title='bbox 1901 2896 2173 2950; x_wconf 85' lang='lat' dir='ltr'><strong>linitorum</strong></span> <span class='ocrx_word' id='word_1_474' title='bbox 2199 2895 2351 2948; x_wconf 88' lang='lat' dir='ltr'><strong>nobis</strong></span> <span class='ocrx_word' id='word_1_475' title='bbox 2374 2895 2525 2960; x_wconf 80' lang='lat' dir='ltr'><strong>copia</strong></span> <span class='ocrx_word' id='word_1_476' title='bbox 2560 2892 2919 2945; x_wconf 82' lang='lat' dir='ltr'><strong>increatorum</strong></span> <span class='ocrx_word' id='word_1_477' title='bbox 2948 2896 3219 2941; x_wconf 82' lang='lat' dir='ltr'><strong>occurrat.</strong></span> <span class='ocrx_word' id='word_1_478' title='bbox 3248 2882 3401 2950; x_wconf 85' lang='lat' dir='ltr'><strong>Quod</strong></span> <span class='ocrx_word' id='word_1_479' title='bbox 3423 2883 3471 2936; x_wconf 90' lang='lat' dir='ltr'><strong>si</strong></span> 
     </span>
    </p>
   </div>
   <div class='ocr_carea' id='block_1_60' title="bbox 1900 2978 3470 3057">
    <p class='ocr_par' dir='ltr' id='par_1_60' title="bbox 1900 2978 3470 3057">
     <span class='ocr_line' id='line_1_61' title="bbox 1900 2978 3470 3057; baseline -0.008 -17"><span class='ocrx_word' id='word_1_480' title='bbox 1900 2990 2020 3057; x_wconf 87' lang='lat' dir='ltr'><strong>quis</strong></span> <span class='ocrx_word' id='word_1_481' title='bbox 2060 2990 2222 3042; x_wconf 90' lang='lat' dir='ltr'><strong>etiam</strong></span> <span class='ocrx_word' id='word_1_482' title='bbox 2277 2988 2491 3039; x_wconf 88' lang='lat' dir='ltr'><strong>tertiam</strong></span> <span class='ocrx_word' id='word_1_483' title='bbox 2534 2981 2861 3037; x_wconf 86' lang='lat' dir='ltr'><strong>sententiam</strong></span> <span class='ocrx_word' id='word_1_484' title='bbox 2905 2979 3180 3040; x_wconf 83' lang='lat' dir='ltr'><strong>habuerit,</strong></span> <span class='ocrx_word' id='word_1_485' title='bbox 3227 2978 3331 3031; x_wconf 85' lang='lat' dir='ltr'><strong>hoc</strong></span> <span class='ocrx_word' id='word_1_486' title='bbox 3368 2983 3470 3036; x_wconf 84' lang='lat' dir='ltr'><strong>est,</strong></span> 
     </span>
    </p>
   </div>
   <div class='ocr_carea' id='block_1_61' title="bbox 1902 3072 3474 3146">
    <p class='ocr_par' dir='ltr' id='par_1_61' title="bbox 1902 3072 3474 3146">
     <span class='ocr_line' id='line_1_62' title="bbox 1902 3072 3474 3146; baseline -0.009 -13"><span class='ocrx_word' id='word_1_487' title='bbox 1902 3094 2074 3146; x_wconf 84' lang='lat' dir='ltr'><strong>neque</strong></span> <span class='ocrx_word' id='word_1_488' title='bbox 2091 3086 2399 3145; x_wconf 87' lang='lat' dir='ltr'><strong>separatum</strong></span> <span class='ocrx_word' id='word_1_489' title='bbox 2434 3076 2453 3127; x_wconf 79' lang='lat'><strong>1</strong></span> <span class='ocrx_word' id='word_1_490' title='bbox 2459 3074 2601 3129; x_wconf 86' lang='lat' dir='ltr'><strong>uisse</strong></span> <span class='ocrx_word' id='word_1_491' title='bbox 2622 3072 2789 3126; x_wconf 91' lang='lat' dir='ltr'><strong>Deum</strong></span> <span class='ocrx_word' id='word_1_492' title='bbox 2822 3088 2850 3123; x_wconf 85' lang='lat' dir='ltr'><strong>a</strong></span> <span class='ocrx_word' id='word_1_493' title='bbox 2881 3072 3129 3134; x_wconf 80' lang='lat' dir='ltr'><strong>materia,</strong></span> <span class='ocrx_word' id='word_1_494' title='bbox 3157 3083 3332 3137; x_wconf 88' lang='lat' dir='ltr'><strong>neque</strong></span> <span class='ocrx_word' id='word_1_495' title='bbox 3356 3083 3474 3120; x_wconf 89' lang='lat' dir='ltr'><strong>rur-</strong></span> 
     </span>
    </p>
   </div>
   <div class='ocr_carea' id='block_1_62' title="bbox 225 3156 1804 3244">
    <p class='ocr_par' dir='ltr' id='par_1_62' title="bbox 225 3156 1798 3238">
     <span class='ocr_line' id='line_1_63' title="bbox 225 3156 1798 3238; baseline 0.012 -33"><span class='ocrx_word' id='word_1_496' title='bbox 225 3156 462 3219; x_wconf 73' lang='grc' dir='ltr'>ἐσταιίη,</span> <span class='ocrx_word' id='word_1_497' title='bbox 480 3160 546 3225; x_wconf 74' lang='grc' dir='ltr'>τῇ</span> <span class='ocrx_word' id='word_1_498' title='bbox 577 3156 679 3229; x_wconf 80' lang='grc' dir='ltr'>ὕλῃ</span> <span class='ocrx_word' id='word_1_499' title='bbox 702 3162 1170 3230; x_wconf 73' lang='grc' dir='ltr'>περιγραφόμενος</span> <span class='ocrx_word' id='word_1_500' title='bbox 1187 3165 1251 3227; x_wconf 80' lang='grc'><strong>⁸⁸,</strong></span> <span class='ocrx_word' id='word_1_501' title='bbox 1267 3168 1359 3218; x_wconf 79' lang='grc' dir='ltr'>καὶ</span> <span class='ocrx_word' id='word_1_502' title='bbox 1390 3170 1454 3236; x_wconf 80' lang='grc' dir='ltr'>τῇ</span> <span class='ocrx_word' id='word_1_503' title='bbox 1478 3167 1575 3238; x_wconf 75' lang='grc' dir='ltr'><strong>ὕλη</strong></span> <span class='ocrx_word' id='word_1_504' title='bbox 1599 3171 1798 3238; x_wconf 83' lang='grc' dir='ltr'>ὁμοίως</span> 
     </span>
    </p>
   </div>
   <div class='ocr_carea' id='block_1_63' title="bbox 1895 3156 3471 3244">
    <p class='ocr_par' dir='ltr' id='par_1_63' title="bbox 1902 3156 3471 3236">
     <span class='ocr_line' id='line_1_64' title="bbox 1902 3156 3471 3236; baseline -0.008 -15"><span class='ocrx_word' id='word_1_505' title='bbox 1902 3184 2017 3221; x_wconf 85' lang='lat' dir='ltr'><strong>smn</strong></span> <span class='ocrx_word' id='word_1_506' title='bbox 2043 3166 2253 3220; x_wconf 84' lang='lat' dir='ltr'><strong>velutin</strong></span> <span class='ocrx_word' id='word_1_507' title='bbox 2281 3172 2430 3232; x_wconf 85' lang='lat' dir='ltr'><strong>parte</strong></span> <span class='ocrx_word' id='word_1_508' title='bbox 2454 3162 2571 3236; x_wconf 88' lang='lat' dir='ltr'><strong>[seu</strong></span> <span class='ocrx_word' id='word_1_509' title='bbox 2606 3176 2728 3217; x_wconf 90' lang='lat' dir='ltr'><strong>cum</strong></span> <span class='ocrx_word' id='word_1_510' title='bbox 2760 3161 2926 3213; x_wconf 87' lang='lat' dir='ltr'><strong>altera</strong></span> <span class='ocrx_word' id='word_1_511' title='bbox 2952 3156 3209 3229; x_wconf 88' lang='lat' dir='ltr'><strong>partium]</strong></span> <span class='ocrx_word' id='word_1_512' title='bbox 3241 3158 3471 3220; x_wconf 87' lang='lat' dir='ltr'><strong>unitum,</strong></span> 
     </span>
    </p>
   </div>
   <div class='ocr_carea' id='block_1_64' title="bbox 224 3249 1795 3330">
    <p class='ocr_par' dir='ltr' id='par_1_64' title="bbox 224 3249 1795 3330">
     <span class='ocr_line' id='line_1_65' title="bbox 224 3249 1795 3330; baseline 0.01 -32"><span class='ocrx_word' id='word_1_513' title='bbox 224 3249 480 3312; x_wconf 80' lang='grc' dir='ltr'>ἀτάκτως</span> <span class='ocrx_word' id='word_1_514' title='bbox 526 3253 819 3321; x_wconf 80' lang='grc' dir='ltr'>φερόμενος</span> <span class='ocrx_word' id='word_1_515' title='bbox 845 3271 857 3283; x_wconf 85' lang='grc'><em>’</em></span> <span class='ocrx_word' id='word_1_516' title='bbox 890 3254 982 3306; x_wconf 81' lang='grc' dir='ltr'>τοῦ</span> <span class='ocrx_word' id='word_1_517' title='bbox 1020 3256 1127 3325; x_wconf 89' lang='grc' dir='ltr'>γάρ</span> <span class='ocrx_word' id='word_1_518' title='bbox 1159 3258 1217 3308; x_wconf 84' lang='grc' dir='ltr'>ἐν</span> <span class='ocrx_word' id='word_1_519' title='bbox 1243 3250 1289 3324; x_wconf 82' lang='grc' dir='ltr'>ᾧ</span> <span class='ocrx_word' id='word_1_520' title='bbox 1310 3260 1424 3311; x_wconf 63' lang='grc' dir='ltr'>ἔστι</span> <span class='ocrx_word' id='word_1_521' title='bbox 1459 3260 1795 3330; x_wconf 86' lang='grc' dir='ltr'>πλημμελῶς</span> 
     </span>
    </p>
   </div>
   <div class='ocr_carea' id='block_1_65' title="bbox 224 3338 1791 3417">
    <p class='ocr_par' dir='ltr' id='par_1_65' title="bbox 224 3338 1791 3417">
     <span class='ocr_line' id='line_1_66' title="bbox 224 3338 1791 3417; baseline 0.01 -28"><span class='ocrx_word' id='word_1_522' title='bbox 224 3338 572 3406; x_wconf 74' lang='grc' dir='ltr'>κινουμένου,</span> <span class='ocrx_word' id='word_1_523' title='bbox 611 3340 824 3411; x_wconf 86' lang='grc' dir='ltr'>ἀνάγκη</span> <span class='ocrx_word' id='word_1_524' title='bbox 881 3344 973 3395; x_wconf 81' lang='grc' dir='ltr'>καὶ</span> <span class='ocrx_word' id='word_1_525' title='bbox 1019 3344 1079 3395; x_wconf 86' lang='grc' dir='ltr'><strong>τὸ</strong></span> <span class='ocrx_word' id='word_1_526' title='bbox 1109 3347 1167 3397; x_wconf 85' lang='grc' dir='ltr'>ἐν</span> <span class='ocrx_word' id='word_1_527' title='bbox 1214 3348 1362 3417; x_wconf 83' lang='grc' dir='ltr'>αὑτῴ</span> <span class='ocrx_word' id='word_1_528' title='bbox 1400 3351 1791 3415; x_wconf 81' lang='grc' dir='ltr'>συγκινεῖσθαι.</span> 
     </span>
    </p>
   </div>
   <div class='ocr_carea' id='block_1_66' title="bbox 223 3430 1796 3511">
    <p class='ocr_par' dir='ltr' id='par_1_66' title="bbox 223 3430 1796 3511">
     <span class='ocr_line' id='line_1_67' title="bbox 223 3430 1796 3511; baseline 0.01 -32"><span class='ocrx_word' id='word_1_529' title='bbox 223 3430 464 3498; x_wconf 80' lang='grc' dir='ltr'>Πότερον</span> <span class='ocrx_word' id='word_1_530' title='bbox 499 3430 555 3481; x_wconf 84' lang='grc' dir='ltr'><strong>δὲ</strong></span> <span class='ocrx_word' id='word_1_531' title='bbox 593 3433 829 3502; x_wconf 79' lang='grc' dir='ltr'>ἐπλήρου</span> <span class='ocrx_word' id='word_1_532' title='bbox 881 3433 979 3503; x_wconf 79' lang='grc' dir='ltr'>τὴν</span> <span class='ocrx_word' id='word_1_533' title='bbox 1036 3433 1167 3504; x_wconf 84' lang='grc' dir='ltr'>ὓλην</span> <span class='ocrx_word' id='word_1_534' title='bbox 1199 3438 1226 3487; x_wconf 83' lang='grc' dir='ltr'>ὁ</span> <span class='ocrx_word' id='word_1_535' title='bbox 1249 3437 1402 3503; x_wconf 83' lang='grc' dir='ltr'>Θεὸς,</span> <span class='ocrx_word' id='word_1_536' title='bbox 1457 3440 1489 3509; x_wconf 77' lang='grc' dir='ltr'>ἢ</span> <span class='ocrx_word' id='word_1_537' title='bbox 1526 3442 1583 3492; x_wconf 82' lang='grc' dir='ltr'><strong>έν</strong></span> <span class='ocrx_word' id='word_1_538' title='bbox 1643 3442 1796 3511; x_wconf 84' lang='grc' dir='ltr'>μέρει</span> 
     </span>
    </p>
   </div>
   <div class='ocr_carea' id='block_1_67' title="bbox 222 3521 1797 3601">
    <p class='ocr_par' dir='ltr' id='par_1_67' title="bbox 222 3521 1797 3601">
     <span class='ocr_line' id='line_1_68' title="bbox 222 3521 1797 3601; baseline 0.01 -31"><span class='ocrx_word' id='word_1_539' title='bbox 222 3521 767 3589; x_wconf 81' lang='grc' dir='ltr'>αὑτῆς,ὲτὺγχανεν;</span> <span class='ocrx_word' id='word_1_540' title='bbox 806 3524 869 3577; x_wconf 85' lang='lat' dir='ltr'><strong>El</strong></span> <span class='ocrx_word' id='word_1_541' title='bbox 910 3526 1011 3593; x_wconf 86' lang='grc' dir='ltr'>μὲν</span> <span class='ocrx_word' id='word_1_542' title='bbox 1033 3526 1142 3596; x_wconf 78' lang='grc' dir='ltr'>γὰρ</span> <span class='ocrx_word' id='word_1_543' title='bbox 1170 3530 1228 3579; x_wconf 82' lang='grc' dir='ltr'><strong>ὲν</strong></span> <span class='ocrx_word' id='word_1_544' title='bbox 1260 3530 1434 3599; x_wconf 82' lang='grc' dir='ltr'>μέρει,</span> <span class='ocrx_word' id='word_1_545' title='bbox 1475 3532 1797 3601; x_wconf 78' lang='grc' dir='ltr'>μικρότερος</span> 
     </span>
    </p>
   </div>
   <div class='ocr_carea' id='block_1_68' title="bbox 221 3610 1791 3691">
    <p class='ocr_par' dir='ltr' id='par_1_68' title="bbox 221 3610 1791 3691">
     <span class='ocr_line' id='line_1_69' title="bbox 221 3610 1791 3691; baseline 0.008 -30"><span class='ocrx_word' id='word_1_546' title='bbox 221 3610 397 3679; x_wconf 67' lang='grc' dir='ltr'>αὐτῆς</span> <span class='ocrx_word' id='word_1_547' title='bbox 422 3610 519 3665; x_wconf 72' lang='grc' dir='ltr'><strong>ἅτε</strong></span> <span class='ocrx_word' id='word_1_548' title='bbox 544 3612 607 3681; x_wconf 69' lang='grc' dir='ltr'><strong>δὴ</strong></span> <span class='ocrx_word' id='word_1_549' title='bbox 638 3614 694 3664; x_wconf 87' lang='grc' dir='ltr'><strong>έν</strong></span> <span class='ocrx_word' id='word_1_550' title='bbox 717 3614 872 3683; x_wconf 80' lang='grc' dir='ltr'>μέρει</span> <span class='ocrx_word' id='word_1_551' title='bbox 906 3614 1074 3684; x_wconf 77' lang='grc' dir='ltr'>αὐτῆς</span> <span class='ocrx_word' id='word_1_552' title='bbox 1104 3618 1372 3685; x_wconf 82' lang='grc' dir='ltr'>χωρηθεὶς</span> <span class='ocrx_word' id='word_1_553' title='bbox 1400 3636 1413 3649; x_wconf 88' lang='grc'><strong>·</strong></span> <span class='ocrx_word' id='word_1_554' title='bbox 1448 3622 1495 3670; x_wconf 81' lang='grc' dir='ltr'>εἰ</span> <span class='ocrx_word' id='word_1_555' title='bbox 1521 3620 1577 3672; x_wconf 73' lang='grc' dir='ltr'>δὲ</span> <span class='ocrx_word' id='word_1_556' title='bbox 1629 3623 1791 3691; x_wconf 77' lang='grc' dir='ltr'>ἐπλη-</span> 
     </span>
    </p>
   </div>
   <div class='ocr_carea' id='block_1_69' title="bbox 223 3702 1795 3784">
    <p class='ocr_par' dir='ltr' id='par_1_69' title="bbox 223 3702 1795 3784">
     <span class='ocr_line' id='line_1_70' title="bbox 223 3702 1795 3784; baseline 0.01 -32"><span class='ocrx_word' id='word_1_557' title='bbox 223 3718 345 3769; x_wconf 90' lang='grc' dir='ltr'>ρου,</span> <span class='ocrx_word' id='word_1_558' title='bbox 381 3702 499 3764; x_wconf 80' lang='grc' dir='ltr'><strong>πῶς</strong></span> <span class='ocrx_word' id='word_1_559' title='bbox 536 3703 738 3773; x_wconf 87' lang='grc' dir='ltr'>ταύτην</span> <span class='ocrx_word' id='word_1_560' title='bbox 766 3705 1227 3776; x_wconf 81' lang='grc' dir='ltr'>ὲδημιοὺργησεν;</span> <span class='ocrx_word' id='word_1_561' title='bbox 1256 3709 1472 3781; x_wconf 88' lang='grc' dir='ltr'>ἀνάγκη</span> <span class='ocrx_word' id='word_1_562' title='bbox 1492 3715 1599 3783; x_wconf 78' lang='grc' dir='ltr'>γὰρ</span> <span class='ocrx_word' id='word_1_563' title='bbox 1638 3714 1669 3784; x_wconf 74' lang='grc' dir='ltr'>ἢ</span> <span class='ocrx_word' id='word_1_564' title='bbox 1702 3732 1795 3766; x_wconf 86' lang='grc' dir='ltr'>συ-</span> 
     </span>
    </p>
   </div>
   <div class='ocr_carea' id='block_1_70' title="bbox 224 3793 1797 3879">
    <p class='ocr_par' dir='ltr' id='par_1_70' title="bbox 224 3793 1797 3879">
     <span class='ocr_line' id='line_1_71' title="bbox 224 3793 1797 3879; baseline 0.011 -37"><span class='ocrx_word' id='word_1_565' title='bbox 224 3793 425 3861; x_wconf 77' lang='grc' dir='ltr'>στολήν</span> <span class='ocrx_word' id='word_1_566' title='bbox 451 3811 571 3845; x_wconf 89' lang='grc' dir='ltr'>τινα</span> <span class='ocrx_word' id='word_1_567' title='bbox 599 3795 692 3846; x_wconf 74' lang='grc' dir='ltr'>τοῦ</span> <span class='ocrx_word' id='word_1_568' title='bbox 708 3797 756 3826; x_wconf 65' lang='grc'><strong>³⁸</strong></span> <span class='ocrx_word' id='word_1_569' title='bbox 796 3795 930 3849; x_wconf 79' lang='grc' dir='ltr'>Θεοῦ</span> <span class='ocrx_word' id='word_1_570' title='bbox 969 3797 1167 3865; x_wconf 85' lang='grc' dir='ltr'>λέγειν,</span> <span class='ocrx_word' id='word_1_571' title='bbox 1212 3796 1280 3872; x_wconf 84' lang='grc' dir='ltr'>ἦς</span> <span class='ocrx_word' id='word_1_572' title='bbox 1324 3806 1620 3874; x_wconf 86' lang='grc' dir='ltr'>γενομένης</span> <span class='ocrx_word' id='word_1_573' title='bbox 1678 3808 1797 3879; x_wconf 84' lang='grc' dir='ltr'>έδη-</span> 
     </span>
    </p>
   </div>
   <div class='ocr_carea' id='block_1_71' title="bbox 224 3883 1796 3967">
    <p class='ocr_par' dir='ltr' id='par_1_71' title="bbox 224 3883 1796 3967">
     <span class='ocr_line' id='line_1_72' title="bbox 224 3883 1796 3967; baseline 0.013 -33"><span class='ocrx_word' id='word_1_574' title='bbox 224 3886 566 3955; x_wconf 72' lang='grc' dir='ltr'>μιοὺργησεν</span> <span class='ocrx_word' id='word_1_575' title='bbox 604 3888 778 3941; x_wconf 83' lang='grc' dir='ltr'>έκεῖνο</span> <span class='ocrx_word' id='word_1_576' title='bbox 802 3890 895 3957; x_wconf 77' lang='grc' dir='ltr'><strong>ἀφ’</strong></span> <span class='ocrx_word' id='word_1_577' title='bbox 922 3883 982 3942; x_wconf 79' lang='grc' dir='ltr'><strong>οὑ</strong></span> <span class='ocrx_word' id='word_1_578' title='bbox 1007 3892 1384 3963; x_wconf 86' lang='grc' dir='ltr'>ὑπεχώρησεν,</span> <span class='ocrx_word' id='word_1_579' title='bbox 1414 3896 1446 3967; x_wconf 79' lang='grc' dir='ltr'>ἢ</span> <span class='ocrx_word' id='word_1_580' title='bbox 1497 3899 1593 3951; x_wconf 58' lang='grc' dir='ltr'><strong>καὶ⁵</strong></span> <span class='ocrx_word' id='word_1_581' title='bbox 1632 3900 1796 3955; x_wconf 87' lang='grc' dir='ltr'>αὑτὸν</span> 
     </span>
    </p>
   </div>
   <div class='ocr_carea' id='block_1_72' title="bbox 219 3973 1798 4061">
    <p class='ocr_par' dir='ltr' id='par_1_72' title="bbox 219 3973 1798 4061">
     <span class='ocr_line' id='line_1_73' title="bbox 219 3973 1798 4061; baseline 0.013 -38"><span class='ocrx_word' id='word_1_582' title='bbox 219 3977 288 4043; x_wconf 82' lang='grc' dir='ltr'>τῇ</span> <span class='ocrx_word' id='word_1_583' title='bbox 330 3973 431 4045; x_wconf 79' lang='grc' dir='ltr'>ὕλῃ</span> <span class='ocrx_word' id='word_1_584' title='bbox 473 3976 941 4048; x_wconf 86' lang='grc' dir='ltr'>συνδημιουργεῖν,</span> <span class='ocrx_word' id='word_1_585' title='bbox 993 3983 1094 4034; x_wconf 85' lang='grc' dir='ltr'><strong>οὑκ</strong></span> <span class='ocrx_word' id='word_1_586' title='bbox 1153 3983 1347 4053; x_wconf 76' lang='grc' dir='ltr'>ἔχοντα</span> <span class='ocrx_word' id='word_1_587' title='bbox 1396 3988 1798 4061; x_wconf 81' lang='grc' dir='ltr'>ὑποχωρήσεως</span> 
     </span>
    </p>
   </div>
   <div class='ocr_carea' id='block_1_73' title="bbox 220 4067 1793 4148">
    <p class='ocr_par' dir='ltr' id='par_1_73' title="bbox 220 4067 1793 4148">
     <span class='ocr_line' id='line_1_74' title="bbox 220 4067 1793 4148; baseline 0.012 -31"><span class='ocrx_word' id='word_1_588' title='bbox 220 4067 414 4119; x_wconf 81' lang='grc' dir='ltr'><strong>τόπον.</strong></span> <span class='ocrx_word' id='word_1_589' title='bbox 442 4068 504 4120; x_wconf 86' lang='grc' dir='ltr'><strong>Εἰ</strong></span> <span class='ocrx_word' id='word_1_590' title='bbox 550 4068 730 4138; x_wconf 77' lang='grc' dir='ltr'>δὲτὴν</span> <span class='ocrx_word' id='word_1_591' title='bbox 786 4071 915 4140; x_wconf 82' lang='grc' dir='ltr'>ὓλην</span> <span class='ocrx_word' id='word_1_592' title='bbox 952 4075 1010 4126; x_wconf 70' lang='grc' dir='ltr'>ὲν</span> <span class='ocrx_word' id='word_1_593' title='bbox 1043 4074 1120 4143; x_wconf 85' lang='grc' dir='ltr'>τῷ</span> <span class='ocrx_word' id='word_1_594' title='bbox 1159 4075 1278 4145; x_wconf 85' lang='grc' dir='ltr'>Θεῷ</span> <span class='ocrx_word' id='word_1_595' title='bbox 1319 4073 1457 4130; x_wconf 76' lang='grc' dir='ltr'>εἶναι</span> <span class='ocrx_word' id='word_1_596' title='bbox 1496 4079 1643 4148; x_wconf 85' lang='grc' dir='ltr'>λέγοι</span> <span class='ocrx_word' id='word_1_597' title='bbox 1689 4098 1793 4146; x_wconf 88' lang='grc' dir='ltr'>τις,</span> 
     </span>
    </p>
   </div>
   <div class='ocr_carea' id='block_1_74' title="bbox 225 4161 1795 4242">
    <p class='ocr_par' dir='ltr' id='par_1_74' title="bbox 225 4161 1795 4242">
     <span class='ocr_line' id='line_1_75' title="bbox 225 4161 1795 4242; baseline 0.011 -33"><span class='ocrx_word' id='word_1_598' title='bbox 225 4161 427 4229; x_wconf 81' lang='grc' dir='ltr'>ῥητέον</span> <span class='ocrx_word' id='word_1_599' title='bbox 449 4163 675 4231; x_wconf 80' lang='grc' dir='ltr'>πότερον</span> <span class='ocrx_word' id='word_1_600' title='bbox 705 4164 780 4226; x_wconf 81' lang='grc' dir='ltr'><strong>ῶς</strong></span> <span class='ocrx_word' id='word_1_601' title='bbox 811 4165 1157 4235; x_wconf 83' lang='grc' dir='ltr'>διισταμένου</span> <span class='ocrx_word' id='word_1_602' title='bbox 1201 4170 1364 4222; x_wconf 84' lang='grc' dir='ltr'>αὑτοῦ</span> <span class='ocrx_word' id='word_1_603' title='bbox 1393 4171 1439 4202; x_wconf 76' lang='grc'><strong>⁸⁵</strong></span> <span class='ocrx_word' id='word_1_604' title='bbox 1477 4172 1571 4242; x_wconf 79' lang='grc' dir='ltr'><strong>ἀφ’</strong></span> <span class='ocrx_word' id='word_1_605' title='bbox 1609 4174 1795 4239; x_wconf 82' lang='grc' dir='ltr'>αὑτοῦ,</span> 
     </span>
    </p>
   </div>
   <div class='ocr_carea' id='block_1_75' title="bbox 221 4251 1798 4335">
    <p class='ocr_par' dir='ltr' id='par_1_75' title="bbox 221 4251 1798 4335">
     <span class='ocr_line' id='line_1_76' title="bbox 221 4251 1798 4335; baseline 0.01 -32"><span class='ocrx_word' id='word_1_606' title='bbox 221 4254 320 4303; x_wconf 74' lang='grc' dir='ltr'><strong>καὶ</strong></span> <span class='ocrx_word' id='word_1_607' title='bbox 346 4251 533 4323; x_wconf 82' lang='grc' dir='ltr'>ὥσπερ</span> <span class='ocrx_word' id='word_1_608' title='bbox 553 4256 608 4305; x_wconf 83' lang='grc' dir='ltr'><strong>ἐν</strong></span> <span class='ocrx_word' id='word_1_609' title='bbox 629 4254 754 4325; x_wconf 84' lang='grc' dir='ltr'>ἀέρι</span> <span class='ocrx_word' id='word_1_610' title='bbox 789 4255 942 4319; x_wconf 77' lang='grc' dir='ltr'>ζώων</span> <span class='ocrx_word' id='word_1_611' title='bbox 964 4258 1198 4328; x_wconf 84' lang='grc' dir='ltr'>ὑπάρχει</span> <span class='ocrx_word' id='word_1_612' title='bbox 1215 4260 1260 4291; x_wconf 80' lang='grc'><strong>’⁸</strong></span> <span class='ocrx_word' id='word_1_613' title='bbox 1310 4263 1462 4333; x_wconf 84' lang='grc' dir='ltr'>γένη,</span> <span class='ocrx_word' id='word_1_614' title='bbox 1505 4265 1798 4335; x_wconf 81' lang='grc' dir='ltr'>μεριζομέ-</span> 
     </span>
    </p>
   </div>
   <div class='ocr_carea' id='block_1_76' title="bbox 219 4345 1795 4427">
    <p class='ocr_par' dir='ltr' id='par_1_76' title="bbox 219 4345 1795 4427">
     <span class='ocr_line' id='line_1_77' title="bbox 219 4345 1795 4427; baseline 0.008 -31"><span class='ocrx_word' id='word_1_615' title='bbox 219 4361 317 4396; x_wconf 85' lang='grc' dir='ltr'><strong>νου</strong></span> <span class='ocrx_word' id='word_1_616' title='bbox 344 4345 508 4397; x_wconf 86' lang='grc' dir='ltr'><strong>αὑτοῦ</strong></span> <span class='ocrx_word' id='word_1_617' title='bbox 534 4347 611 4407; x_wconf 76' lang='grc' dir='ltr'><strong>εἰς</strong></span> <span class='ocrx_word' id='word_1_618' title='bbox 659 4347 925 4417; x_wconf 78' lang='grc' dir='ltr'>ὑποδοχὴν</span> <span class='ocrx_word' id='word_1_619' title='bbox 968 4349 1075 4401; x_wconf 82' lang='grc' dir='ltr'><strong>τῶν</strong></span> <span class='ocrx_word' id='word_1_620' title='bbox 1124 4352 1423 4420; x_wconf 85' lang='grc' dir='ltr'>γινομένων</span> <span class='ocrx_word' id='word_1_621' title='bbox 1470 4356 1528 4405; x_wconf 79' lang='grc' dir='ltr'>ὲν</span> <span class='ocrx_word' id='word_1_622' title='bbox 1574 4357 1795 4427; x_wconf 84' lang='grc' dir='ltr'>αὑτῷ,ῆ</span> 
     </span>
    </p>
   </div>
   <div class='ocr_carea' id='block_1_77' title="bbox 219 4441 1796 4521">
    <p class='ocr_par' dir='ltr' id='par_1_77' title="bbox 219 4441 1796 4521">
     <span class='ocr_line' id='line_1_78' title="bbox 219 4441 1796 4521; baseline 0.008 -30"><span class='ocrx_word' id='word_1_623' title='bbox 219 4441 417 4510; x_wconf 87' lang='grc' dir='ltr'>ῶσπερ</span> <span class='ocrx_word' id='word_1_624' title='bbox 444 4444 500 4493; x_wconf 81' lang='grc' dir='ltr'><strong>ἐν</strong></span> <span class='ocrx_word' id='word_1_625' title='bbox 522 4445 591 4511; x_wconf 81' lang='grc' dir='ltr'>γῇ</span> <span class='ocrx_word' id='word_1_626' title='bbox 620 4442 793 4513; x_wconf 74' lang='grc' dir='ltr'>ὕδωρ,</span> <span class='ocrx_word' id='word_1_627' title='bbox 833 4445 893 4495; x_wconf 86' lang='grc' dir='ltr'><strong>Εἰ</strong></span> <span class='ocrx_word' id='word_1_628' title='bbox 927 4446 1024 4513; x_wconf 81' lang='grc' dir='ltr'>μὲν</span> <span class='ocrx_word' id='word_1_629' title='bbox 1055 4447 1249 4514; x_wconf 82' lang='grc' dir='ltr'>γάρὼς</span> <span class='ocrx_word' id='word_1_630' title='bbox 1281 4450 1338 4499; x_wconf 85' lang='grc' dir='ltr'>ἐν</span> <span class='ocrx_word' id='word_1_631' title='bbox 1355 4450 1497 4518; x_wconf 84' lang='grc' dir='ltr'>ἀέρι,</span> <span class='ocrx_word' id='word_1_632' title='bbox 1541 4453 1796 4521; x_wconf 82' lang='grc' dir='ltr'>μεριστὸν</span> 
     </span>
    </p>
   </div>
   <div class='ocr_carea' id='block_1_78' title="bbox 1902 3249 3473 3317">
    <p class='ocr_par' dir='ltr' id='par_1_78' title="bbox 1902 3249 3473 3317">
     <span class='ocr_line' id='line_1_79' title="bbox 1902 3249 3473 3317; baseline -0.009 -3"><span class='ocrx_word' id='word_1_633' title='bbox 1902 3264 1995 3315; x_wconf 91' lang='lat' dir='ltr'><strong>sed</strong></span> <span class='ocrx_word' id='word_1_634' title='bbox 2016 3275 2135 3314; x_wconf 85' lang='lat' dir='ltr'><strong>esse</strong></span> <span class='ocrx_word' id='word_1_635' title='bbox 2173 3258 2335 3311; x_wconf 88' lang='lat' dir='ltr'><strong>Deum</strong></span> <span class='ocrx_word' id='word_1_636' title='bbox 2362 3259 2411 3310; x_wconf 92' lang='lat' dir='ltr'><strong>in</strong></span> <span class='ocrx_word' id='word_1_637' title='bbox 2436 3256 2661 3310; x_wconf 79' lang='lat' dir='ltr'><strong>materia</strong></span> <span class='ocrx_word' id='word_1_638' title='bbox 2684 3254 2830 3308; x_wconf 84' lang='lat' dir='ltr'><strong>velut</strong></span> <span class='ocrx_word' id='word_1_639' title='bbox 2858 3252 2910 3305; x_wconf 92' lang='lat' dir='ltr'><strong>in</strong></span> <span class='ocrx_word' id='word_1_640' title='bbox 2945 3252 3084 3317; x_wconf 89' lang='lat' dir='ltr'><strong>loco,</strong></span> <span class='ocrx_word' id='word_1_641' title='bbox 3107 3260 3161 3304; x_wconf 89' lang='lat' dir='ltr'><strong>et</strong></span> <span class='ocrx_word' id='word_1_642' title='bbox 3187 3249 3473 3303; x_wconf 86' lang='lat' dir='ltr'><strong>materiam</strong></span> 
     </span>
    </p>
   </div>
   <div class='ocr_carea' id='block_1_79' title="bbox 1904 3342 3477 3418">
    <p class='ocr_par' dir='ltr' id='par_1_79' title="bbox 1904 3342 3477 3418">
     <span class='ocr_line' id='line_1_80' title="bbox 1904 3342 3477 3418; baseline -0.007 -13"><span class='ocrx_word' id='word_1_643' title='bbox 1904 3354 1953 3406; x_wconf 93' lang='lat' dir='ltr'><strong>in</strong></span> <span class='ocrx_word' id='word_1_644' title='bbox 1975 3351 2103 3415; x_wconf 90' lang='lat' dir='ltr'><strong>Deo,</strong></span> <span class='ocrx_word' id='word_1_645' title='bbox 2120 3352 2165 3405; x_wconf 92' lang='lat' dir='ltr'><strong>is</strong></span> <span class='ocrx_word' id='word_1_646' title='bbox 2184 3350 2475 3418; x_wconf 79' lang='lat' dir='ltr'><strong>intelligat,</strong></span> <span class='ocrx_word' id='word_1_647' title='bbox 2501 3348 2642 3417; x_wconf 88' lang='lat' dir='ltr'><strong>quod</strong></span> <span class='ocrx_word' id='word_1_648' title='bbox 2662 3347 2705 3399; x_wconf 90' lang='lat' dir='ltr'><strong>si</strong></span> <span class='ocrx_word' id='word_1_649' title='bbox 2725 3345 2897 3398; x_wconf 88' lang='lat' dir='ltr'><strong>luemn</strong></span> <span class='ocrx_word' id='word_1_650' title='bbox 2919 3343 3033 3407; x_wconf 90' lang='lat' dir='ltr'><strong>Dei,</strong></span> <span class='ocrx_word' id='word_1_651' title='bbox 3050 3342 3331 3396; x_wconf 86' lang='lat' dir='ltr'><strong>materiam</strong></span> <span class='ocrx_word' id='word_1_652' title='bbox 3354 3356 3477 3394; x_wconf 89' lang='lat' dir='ltr'><strong>esse</strong></span> 
     </span>
    </p>
   </div>
   <div class='ocr_carea' id='block_1_80' title="bbox 1902 3433 3474 3504">
    <p class='ocr_par' dir='ltr' id='par_1_80' title="bbox 1902 3433 3474 3504">
     <span class='ocr_line' id='line_1_81' title="bbox 1902 3433 3474 3504; baseline -0.008 -10"><span class='ocrx_word' id='word_1_653' title='bbox 1902 3441 2216 3504; x_wconf 79' lang='lat' dir='ltr'><strong>dixerimus,</strong></span> <span class='ocrx_word' id='word_1_654' title='bbox 2240 3438 2548 3492; x_wconf 87' lang='lat' dir='ltr'><strong>necessario</strong></span> <span class='ocrx_word' id='word_1_655' title='bbox 2570 3436 2736 3489; x_wconf 84' lang='lat' dir='ltr'><strong>etiam</strong></span> <span class='ocrx_word' id='word_1_656' title='bbox 2762 3433 2984 3486; x_wconf 87' lang='lat' dir='ltr'><strong>materia</strong></span> <span class='ocrx_word' id='word_1_657' title='bbox 3009 3433 3474 3498; x_wconf 86' lang='lat' dir='ltr'><strong>circumscriptus,</strong></span> 
     </span>
    </p>
   </div>
   <div class='ocr_carea' id='block_1_81' title="bbox 1901 3525 3477 3597">
    <p class='ocr_par' dir='ltr' id='par_1_81' title="bbox 1901 3525 3477 3597">
     <span class='ocr_line' id='line_1_82' title="bbox 1901 3525 3477 3597; baseline -0.005 -12"><span class='ocrx_word' id='word_1_658' title='bbox 1901 3533 2062 3585; x_wconf 63' lang='lat' dir='ltr'><strong>Veluti</strong></span> <span class='ocrx_word' id='word_1_659' title='bbox 2098 3531 2213 3585; x_wconf 90' lang='lat' dir='ltr'><strong>loco</strong></span> <span class='ocrx_word' id='word_1_660' title='bbox 2245 3529 2569 3591; x_wconf 87' lang='lat' dir='ltr'><strong>includetur,</strong></span> <span class='ocrx_word' id='word_1_661' title='bbox 2603 3541 2815 3597; x_wconf 88' lang='lat' dir='ltr'><strong>unaque</strong></span> <span class='ocrx_word' id='word_1_662' title='bbox 2846 3540 2965 3579; x_wconf 94' lang='lat' dir='ltr'><strong>cum</strong></span> <span class='ocrx_word' id='word_1_663' title='bbox 3007 3525 3235 3578; x_wconf 89' lang='lat' dir='ltr'><strong>materia</strong></span> <span class='ocrx_word' id='word_1_664' title='bbox 3270 3535 3477 3578; x_wconf 84' lang='lat' dir='ltr'><strong>temere</strong></span> 
     </span>
    </p>
   </div>
   <div class='ocr_carea' id='block_1_82' title="bbox 1902 3618 3472 3685">
    <p class='ocr_par' dir='ltr' id='par_1_82' title="bbox 1902 3618 3472 3685">
     <span class='ocr_line' id='line_1_83' title="bbox 1902 3618 3472 3685; baseline -0.006 -7"><span class='ocrx_word' id='word_1_665' title='bbox 1902 3624 2336 3678; x_wconf 79' lang='lat' dir='ltr'><strong>circumferetur.</strong></span> <span class='ocrx_word' id='word_1_666' title='bbox 2363 3620 2572 3674; x_wconf 83' lang='lat' dir='ltr'><strong>Etenim</strong></span> <span class='ocrx_word' id='word_1_667' title='bbox 2599 3620 2692 3673; x_wconf 92' lang='lat' dir='ltr'><strong>illo</strong></span> <span class='ocrx_word' id='word_1_668' title='bbox 2725 3630 2927 3673; x_wconf 89' lang='lat' dir='ltr'><strong>temere</strong></span> <span class='ocrx_word' id='word_1_669' title='bbox 2970 3627 3119 3671; x_wconf 88' lang='lat' dir='ltr'><strong>moto</strong></span> <span class='ocrx_word' id='word_1_670' title='bbox 3148 3618 3198 3670; x_wconf 94' lang='lat' dir='ltr'><strong>in</strong></span> <span class='ocrx_word' id='word_1_671' title='bbox 3234 3632 3342 3685; x_wconf 90' lang='lat' dir='ltr'><strong>quo</strong></span> <span class='ocrx_word' id='word_1_672' title='bbox 3368 3628 3472 3681; x_wconf 88' lang='lat' dir='ltr'><strong>est,</strong></span> 
     </span>
    </p>
   </div>
   <div class='ocr_carea' id='block_1_83' title="bbox 1906 3709 3473 3779">
    <p class='ocr_par' dir='ltr' id='par_1_83' title="bbox 1906 3709 3473 3779">
     <span class='ocr_line' id='line_1_84' title="bbox 1906 3709 3473 3779; baseline -0.003 -10"><span class='ocrx_word' id='word_1_673' title='bbox 1906 3715 2211 3770; x_wconf 83' lang='lat' dir='ltr'><strong>necessario</strong></span> <span class='ocrx_word' id='word_1_674' title='bbox 2237 3715 2398 3767; x_wconf 89' lang='lat' dir='ltr'><strong>etiam</strong></span> <span class='ocrx_word' id='word_1_675' title='bbox 2433 3713 2482 3767; x_wconf 93' lang='lat' dir='ltr'><strong>id</strong></span> <span class='ocrx_word' id='word_1_676' title='bbox 2525 3727 2629 3765; x_wconf 89' lang='lat' dir='ltr'><strong>una</strong></span> <span class='ocrx_word' id='word_1_677' title='bbox 2673 3721 2918 3767; x_wconf 82' lang='lat' dir='ltr'><strong>movetur</strong></span> <span class='ocrx_word' id='word_1_678' title='bbox 2954 3710 3096 3779; x_wconf 86' lang='lat' dir='ltr'><strong>quod</strong></span> <span class='ocrx_word' id='word_1_679' title='bbox 3131 3718 3213 3764; x_wconf 89' lang='lat' dir='ltr'><strong>est</strong></span> <span class='ocrx_word' id='word_1_680' title='bbox 3254 3710 3306 3762; x_wconf 93' lang='lat' dir='ltr'><strong>in</strong></span> <span class='ocrx_word' id='word_1_681' title='bbox 3362 3709 3473 3765; x_wconf 85' lang='lat' dir='ltr'><strong>illo.</strong></span> 
     </span>
    </p>
   </div>
   <div class='ocr_carea' id='block_1_84' title="bbox 1906 3803 3476 3871">
    <p class='ocr_par' dir='ltr' id='par_1_84' title="bbox 1906 3803 3476 3871">
     <span class='ocr_line' id='line_1_85' title="bbox 1906 3803 3476 3871; baseline -0.006 -10"><span class='ocrx_word' id='word_1_682' title='bbox 1906 3807 2167 3863; x_wconf 83' lang='lat' dir='ltr'><strong>Totamne</strong></span> <span class='ocrx_word' id='word_1_683' title='bbox 2222 3806 2503 3860; x_wconf 88' lang='lat' dir='ltr'><strong>materiam</strong></span> <span class='ocrx_word' id='word_1_684' title='bbox 2581 3803 2724 3858; x_wconf 86' lang='lat' dir='ltr'><strong>lleus</strong></span> <span class='ocrx_word' id='word_1_685' title='bbox 2775 3804 3102 3871; x_wconf 85' lang='lat' dir='ltr'><strong>occupabat,</strong></span> <span class='ocrx_word' id='word_1_686' title='bbox 3159 3817 3224 3854; x_wconf 86' lang='lat' dir='ltr'><strong>an</strong></span> <span class='ocrx_word' id='word_1_687' title='bbox 3267 3810 3476 3869; x_wconf 89' lang='lat' dir='ltr'><strong>partem</strong></span> 
     </span>
    </p>
   </div>
   <div class='ocr_carea' id='block_1_85' title="bbox 1905 3895 3479 3964">
    <p class='ocr_par' dir='ltr' id='par_1_85' title="bbox 1905 3895 3479 3964">
     <span class='ocr_line' id='line_1_86' title="bbox 1905 3895 3479 3964; baseline -0.006 -10"><span class='ocrx_word' id='word_1_688' title='bbox 1905 3902 2045 3954; x_wconf 88' lang='lat' dir='ltr'><strong>illius</strong></span> <span class='ocrx_word' id='word_1_689' title='bbox 2080 3897 2319 3952; x_wconf 73' lang='lat' dir='ltr'><strong>tantum?</strong></span> <span class='ocrx_word' id='word_1_690' title='bbox 2348 3898 2405 3951; x_wconf 91' lang='lat' dir='ltr'><strong>Si</strong></span> <span class='ocrx_word' id='word_1_691' title='bbox 2440 3909 2644 3964; x_wconf 87' lang='lat' dir='ltr'><strong>partem</strong></span> <span class='ocrx_word' id='word_1_692' title='bbox 2685 3904 2915 3957; x_wconf 86' lang='lat' dir='ltr'><strong>tantum,</strong></span> <span class='ocrx_word' id='word_1_693' title='bbox 2963 3910 3093 3963; x_wconf 77' lang='lat' dir='ltr'><strong>ergo</strong></span> <span class='ocrx_word' id='word_1_694' title='bbox 3138 3895 3315 3947; x_wconf 90' lang='lat' dir='ltr'><strong>minor</strong></span> <span class='ocrx_word' id='word_1_695' title='bbox 3360 3902 3479 3946; x_wconf 81' lang='lat' dir='ltr'><strong>erat</strong></span> 
     </span>
    </p>
   </div>
   <div class='ocr_carea' id='block_1_86' title="bbox 1905 3986 3478 4060">
    <p class='ocr_par' dir='ltr' id='par_1_86' title="bbox 1905 3986 3478 4060">
     <span class='ocr_line' id='line_1_87' title="bbox 1905 3986 3478 4060; baseline -0.008 -12"><span class='ocrx_word' id='word_1_696' title='bbox 1905 3994 2015 4056; x_wconf 82' lang='lat' dir='ltr'><strong>illa,</strong></span> <span class='ocrx_word' id='word_1_697' title='bbox 2061 4001 2241 4060; x_wconf 89' lang='lat' dir='ltr'><strong>utpote</strong></span> <span class='ocrx_word' id='word_1_698' title='bbox 2284 4006 2385 4043; x_wconf 90' lang='lat' dir='ltr'><strong>una</strong></span> <span class='ocrx_word' id='word_1_699' title='bbox 2430 4000 2636 4042; x_wconf 86' lang='lat' dir='ltr'><strong>tantum</strong></span> <span class='ocrx_word' id='word_1_700' title='bbox 2682 3987 2823 4041; x_wconf 88' lang='lat' dir='ltr'><strong>illius</strong></span> <span class='ocrx_word' id='word_1_701' title='bbox 2871 3998 3022 4057; x_wconf 87' lang='lat' dir='ltr'><strong>parte</strong></span> <span class='ocrx_word' id='word_1_702' title='bbox 3072 3996 3214 4040; x_wconf 89' lang='lat' dir='ltr'><strong>totus</strong></span> <span class='ocrx_word' id='word_1_703' title='bbox 3245 3986 3478 4038; x_wconf 84' lang='lat' dir='ltr'><strong>circum-</strong></span> 
     </span>
    </p>
   </div>
   <div class='ocr_carea' id='block_1_87' title="bbox 1905 4076 3479 4153">
    <p class='ocr_par' dir='ltr' id='par_1_87' title="bbox 1905 4076 3479 4153">
     <span class='ocr_line' id='line_1_88' title="bbox 1905 4076 3479 4153; baseline -0.007 -14"><span class='ocrx_word' id='word_1_704' title='bbox 1905 4087 2173 4153; x_wconf 88' lang='lat' dir='ltr'><strong>scriptus;</strong></span> <span class='ocrx_word' id='word_1_705' title='bbox 2208 4085 2250 4137; x_wconf 89' lang='lat' dir='ltr'><strong>si</strong></span> <span class='ocrx_word' id='word_1_706' title='bbox 2283 4091 2471 4147; x_wconf 86' lang='lat' dir='ltr'><strong>totam,</strong></span> <span class='ocrx_word' id='word_1_707' title='bbox 2501 4082 2772 4151; x_wconf 87' lang='lat' dir='ltr'><strong>quomodo</strong></span> <span class='ocrx_word' id='word_1_708' title='bbox 2801 4081 2940 4133; x_wconf 86' lang='lat' dir='ltr'><strong>banc</strong></span> <span class='ocrx_word' id='word_1_709' title='bbox 2967 4077 3210 4133; x_wconf 75' lang='lat' dir='ltr'><strong>creavit?</strong></span> <span class='ocrx_word' id='word_1_710' title='bbox 3246 4076 3479 4130; x_wconf 85' lang='lat' dir='ltr'><strong>Necesse</strong></span> 
     </span>
    </p>
   </div>
   <div class='ocr_carea' id='block_1_88' title="bbox 1904 4168 3479 4237">
    <p class='ocr_par' dir='ltr' id='par_1_88' title="bbox 1904 4168 3479 4237">
     <span class='ocr_line' id='line_1_89' title="bbox 1904 4168 3479 4237; baseline -0.008 -6"><span class='ocrx_word' id='word_1_711' title='bbox 1904 4187 1983 4231; x_wconf 79' lang='lat' dir='ltr'><strong>est</strong></span> <span class='ocrx_word' id='word_1_712' title='bbox 2019 4179 2160 4229; x_wconf 90' lang='lat' dir='ltr'><strong>enim</strong></span> <span class='ocrx_word' id='word_1_713' title='bbox 2192 4187 2250 4229; x_wconf 87' lang='lat' dir='ltr'><strong>ut</strong></span> <span class='ocrx_word' id='word_1_714' title='bbox 2276 4177 2518 4229; x_wconf 85' lang='lat' dir='ltr'><strong>dicamus</strong></span> <span class='ocrx_word' id='word_1_715' title='bbox 2553 4174 2715 4227; x_wconf 90' lang='lat' dir='ltr'><strong>Deum</strong></span> <span class='ocrx_word' id='word_1_716' title='bbox 2741 4170 2907 4225; x_wconf 79' lang='lat' dir='ltr'><strong>fuisse</strong></span> <span class='ocrx_word' id='word_1_717' title='bbox 2938 4170 3118 4237; x_wconf 86' lang='lat' dir='ltr'><strong>aliquo</strong></span> <span class='ocrx_word' id='word_1_718' title='bbox 3152 4169 3309 4221; x_wconf 87' lang='lat' dir='ltr'><strong>modo</strong></span> <span class='ocrx_word' id='word_1_719' title='bbox 3343 4168 3394 4219; x_wconf 93' lang='lat' dir='ltr'><strong>in</strong></span> <span class='ocrx_word' id='word_1_720' title='bbox 3422 4182 3479 4219; x_wconf 83' lang='lat' dir='ltr'><strong>se</strong></span> 
     </span>
    </p>
   </div>
   <div class='ocr_carea' id='block_1_89' title="bbox 1908 4262 3477 4330">
    <p class='ocr_par' dir='ltr' id='par_1_89' title="bbox 1908 4262 3477 4330">
     <span class='ocr_line' id='line_1_90' title="bbox 1908 4262 3477 4330; baseline -0.005 -9"><span class='ocrx_word' id='word_1_721' title='bbox 1908 4278 2219 4330; x_wconf 88' lang='lat' dir='ltr'><strong>retractum,</strong></span> <span class='ocrx_word' id='word_1_722' title='bbox 2267 4276 2325 4320; x_wconf 94' lang='lat' dir='ltr'><strong>ut</strong></span> <span class='ocrx_word' id='word_1_723' title='bbox 2372 4265 2741 4321; x_wconf 87' lang='lat' dir='ltr'><strong>contractione</strong></span> <span class='ocrx_word' id='word_1_724' title='bbox 2798 4263 2937 4316; x_wconf 79' lang='lat' dir='ltr'><strong>facta</strong></span> <span class='ocrx_word' id='word_1_725' title='bbox 2993 4262 3135 4313; x_wconf 87' lang='lat' dir='ltr'><strong>illam</strong></span> <span class='ocrx_word' id='word_1_726' title='bbox 3186 4269 3415 4329; x_wconf 89' lang='lat' dir='ltr'><strong>partem,</strong></span> <span class='ocrx_word' id='word_1_727' title='bbox 3447 4273 3477 4313; x_wconf 89' lang='lat' dir='ltr'><strong>a</strong></span> 
     </span>
    </p>
   </div>
   <div class='ocr_carea' id='block_1_90' title="bbox 1905 4350 3478 4429">
    <p class='ocr_par' dir='ltr' id='par_1_90' title="bbox 1905 4350 3478 4429">
     <span class='ocr_line' id='line_1_91' title="bbox 1905 4350 3478 4429; baseline -0.006 -18"><span class='ocrx_word' id='word_1_728' title='bbox 1905 4375 2009 4429; x_wconf 85' lang='lat' dir='ltr'><strong>qua</strong></span> <span class='ocrx_word' id='word_1_729' title='bbox 2040 4375 2098 4413; x_wconf 91' lang='lat' dir='ltr'><strong>se</strong></span> <span class='ocrx_word' id='word_1_730' title='bbox 2123 4360 2367 4423; x_wconf 89' lang='lat' dir='ltr'><strong>retraxit,</strong></span> <span class='ocrx_word' id='word_1_731' title='bbox 2394 4367 2643 4421; x_wconf 85' lang='lat' dir='ltr'><strong>crearet;</strong></span> <span class='ocrx_word' id='word_1_732' title='bbox 2671 4364 2765 4407; x_wconf 88' lang='lat' dir='ltr'><strong>aut</strong></span> <span class='ocrx_word' id='word_1_733' title='bbox 2794 4354 2940 4407; x_wconf 91' lang='lat' dir='ltr'><strong>illum</strong></span> <span class='ocrx_word' id='word_1_734' title='bbox 2968 4367 3071 4404; x_wconf 87' lang='lat' dir='ltr'><strong>una</strong></span> <span class='ocrx_word' id='word_1_735' title='bbox 3099 4364 3221 4403; x_wconf 90' lang='lat' dir='ltr'><strong>cum</strong></span> <span class='ocrx_word' id='word_1_736' title='bbox 3250 4350 3478 4403; x_wconf 85' lang='lat' dir='ltr'><strong>materia</strong></span> 
     </span>
    </p>
   </div>
   <div class='ocr_carea' id='block_1_91' title="bbox 1904 4440 3478 4515">
    <p class='ocr_par' dir='ltr' id='par_1_91' title="bbox 1904 4440 3478 4515">
     <span class='ocr_line' id='line_1_92' title="bbox 1904 4440 3478 4515; baseline -0.01 -9"><span class='ocrx_word' id='word_1_737' title='bbox 1904 4466 2154 4515; x_wconf 89' lang='lat' dir='ltr'><strong>creasse,</strong></span> <span class='ocrx_word' id='word_1_738' title='bbox 2192 4465 2313 4503; x_wconf 91' lang='lat' dir='ltr'><strong>eum</strong></span> <span class='ocrx_word' id='word_1_739' title='bbox 2358 4465 2462 4503; x_wconf 90' lang='lat' dir='ltr'><strong>non</strong></span> <span class='ocrx_word' id='word_1_740' title='bbox 2501 4448 2723 4502; x_wconf 84' lang='lat' dir='ltr'><strong>haberet</strong></span> <span class='ocrx_word' id='word_1_741' title='bbox 2755 4445 2961 4507; x_wconf 88' lang='lat' dir='ltr'><strong>loc&#39;um,</strong></span> <span class='ocrx_word' id='word_1_742' title='bbox 3002 4458 3111 4513; x_wconf 90' lang='lat' dir='ltr'><strong>quo</strong></span> <span class='ocrx_word' id='word_1_743' title='bbox 3154 4457 3212 4496; x_wconf 91' lang='lat' dir='ltr'><strong>se</strong></span> <span class='ocrx_word' id='word_1_744' title='bbox 3256 4440 3478 4494; x_wconf 83' lang='lat' dir='ltr'><strong>interim</strong></span> 
     </span>
    </p>
   </div>
   <div class='ocr_carea' id='block_1_92' title="bbox 220 4530 1804 4613">
    <p class='ocr_par' dir='ltr' id='par_1_92' title="bbox 220 4530 1791 4611">
     <span class='ocr_line' id='line_1_93' title="bbox 220 4530 1791 4611; baseline 0.008 -30"><span class='ocrx_word' id='word_1_745' title='bbox 220 4530 447 4596; x_wconf 82' lang='grc' dir='ltr'>ἀνάγκη</span> <span class='ocrx_word' id='word_1_746' title='bbox 470 4530 649 4596; x_wconf 83' lang='grc' dir='ltr'>λέγειν</span> <span class='ocrx_word' id='word_1_747' title='bbox 682 4531 774 4582; x_wconf 87' lang='grc' dir='ltr'><strong>τὸν</strong></span> <span class='ocrx_word' id='word_1_748' title='bbox 813 4532 971 4583; x_wconf 74' lang='grc' dir='ltr'>Θεὸν·</span> <span class='ocrx_word' id='word_1_749' title='bbox 1032 4534 1079 4584; x_wconf 79' lang='grc' dir='ltr'><strong>ει</strong></span> <span class='ocrx_word' id='word_1_750' title='bbox 1112 4535 1167 4586; x_wconf 86' lang='grc' dir='ltr'><strong>δὲ</strong></span> <span class='ocrx_word' id='word_1_751' title='bbox 1191 4536 1265 4596; x_wconf 85' lang='grc' dir='ltr'>ὡς</span> <span class='ocrx_word' id='word_1_752' title='bbox 1313 4536 1454 4606; x_wconf 81' lang='grc' dir='ltr'>ὕδωρ</span> <span class='ocrx_word' id='word_1_753' title='bbox 1495 4540 1551 4591; x_wconf 76' lang='grc' dir='ltr'>έν</span> <span class='ocrx_word' id='word_1_754' title='bbox 1587 4542 1653 4609; x_wconf 78' lang='grc' dir='ltr'>τῇ</span> <span class='ocrx_word' id='word_1_755' title='bbox 1698 4544 1791 4611; x_wconf 85' lang='grc' dir='ltr'>γῇ,</span> 
     </span>
    </p>
   </div>
   <div class='ocr_carea' id='block_1_93' title="bbox 1895 4530 3480 4613">
    <p class='ocr_par' dir='ltr' id='par_1_93' title="bbox 1910 4534 3480 4613">
     <span class='ocr_line' id='line_1_94' title="bbox 1910 4534 3480 4613; baseline -0.01 -15"><span class='ocrx_word' id='word_1_756' title='bbox 1910 4546 2187 4613; x_wconf 86' lang='lat' dir='ltr'><strong>reciperet.</strong></span> <span class='ocrx_word' id='word_1_757' title='bbox 2234 4542 2290 4596; x_wconf 91' lang='lat' dir='ltr'><strong>Si</strong></span> <span class='ocrx_word' id='word_1_758' title='bbox 2335 4556 2462 4596; x_wconf 80' lang='lat' dir='ltr'><strong>vero</strong></span> <span class='ocrx_word' id='word_1_759' title='bbox 2506 4542 2627 4609; x_wconf 86' lang='lat' dir='ltr'><strong>quis</strong></span> <span class='ocrx_word' id='word_1_760' title='bbox 2672 4549 2880 4593; x_wconf 86' lang='lat' dir='ltr'><strong>asserat</strong></span> <span class='ocrx_word' id='word_1_761' title='bbox 2919 4537 3214 4606; x_wconf 87' lang='lat' dir='ltr'><strong>|materiam</strong></span> <span class='ocrx_word' id='word_1_762' title='bbox 3267 4536 3320 4587; x_wconf 91' lang='lat' dir='ltr'><strong>iu</strong></span> <span class='ocrx_word' id='word_1_763' title='bbox 3371 4534 3480 4586; x_wconf 86' lang='lat' dir='ltr'><strong>Deo</strong></span> 
     </span>
    </p>
   </div>
   <div class='ocr_carea' id='block_1_94' title="bbox 220 4616 1794 4699">
    <p class='ocr_par' dir='ltr' id='par_1_94' title="bbox 220 4616 1794 4699">
     <span class='ocr_line' id='line_1_95' title="bbox 220 4616 1794 4699; baseline 0.01 -29"><span class='ocrx_word' id='word_1_764' title='bbox 220 4616 292 4689; x_wconf 84' lang='grc' dir='ltr'><strong>ἦν</strong></span> <span class='ocrx_word' id='word_1_765' title='bbox 333 4620 391 4672; x_wconf 79' lang='grc' dir='ltr'><strong>δὲ</strong></span> <span class='ocrx_word' id='word_1_766' title='bbox 420 4622 650 4685; x_wconf 86' lang='grc' dir='ltr'>ἀτακτος</span> <span class='ocrx_word' id='word_1_767' title='bbox 690 4624 782 4674; x_wconf 76' lang='grc' dir='ltr'><strong>καὶ</strong></span> <span class='ocrx_word' id='word_1_768' title='bbox 812 4623 1051 4692; x_wconf 78' lang='grc' dir='ltr'>ἄκοσμος</span> <span class='ocrx_word' id='word_1_769' title='bbox 1080 4629 1111 4694; x_wconf 82' lang='grc' dir='ltr'>ἡ</span> <span class='ocrx_word' id='word_1_770' title='bbox 1143 4626 1264 4696; x_wconf 79' lang='grc' dir='ltr'>ὕλη,</span> <span class='ocrx_word' id='word_1_771' title='bbox 1312 4631 1449 4699; x_wconf 83' lang='grc' dir='ltr'>πρὸς</span> <span class='ocrx_word' id='word_1_772' title='bbox 1498 4630 1561 4699; x_wconf 81' lang='grc' dir='ltr'><strong>δὴ</strong></span> <span class='ocrx_word' id='word_1_773' title='bbox 1586 4632 1794 4697; x_wconf 84' lang='grc' dir='ltr'>τούτοις</span> 
     </span>
    </p>
   </div>
   <div class='ocr_carea' id='block_1_95' title="bbox 220 4711 1799 4791">
    <p class='ocr_par' dir='ltr' id='par_1_95' title="bbox 220 4711 1799 4791">
     <span class='ocr_line' id='line_1_96' title="bbox 220 4711 1799 4791; baseline 0.012 -31"><span class='ocrx_word' id='word_1_774' title='bbox 220 4711 430 4779; x_wconf 77' lang='grc' dir='ltr'>ἔχουσα</span> <span class='ocrx_word' id='word_1_775' title='bbox 446 4714 539 4765; x_wconf 77' lang='grc' dir='ltr'>καὶ</span> <span class='ocrx_word' id='word_1_776' title='bbox 569 4714 738 4773; x_wconf 70' lang='grc' dir='ltr'>κακὰ,</span> <span class='ocrx_word' id='word_1_777' title='bbox 767 4715 856 4765; x_wconf 86' lang='grc' dir='ltr'><strong>τὸν</strong></span> <span class='ocrx_word' id='word_1_778' title='bbox 886 4715 1016 4767; x_wconf 83' lang='grc' dir='ltr'>Θεὸν</span> <span class='ocrx_word' id='word_1_779' title='bbox 1055 4717 1231 4784; x_wconf 88' lang='grc' dir='ltr'>λέγειν</span> <span class='ocrx_word' id='word_1_780' title='bbox 1267 4719 1476 4791; x_wconf 86' lang='grc' dir='ltr'>ἀνάγκη</span> <span class='ocrx_word' id='word_1_781' title='bbox 1514 4723 1622 4776; x_wconf 84' lang='grc' dir='ltr'><strong>τῶν</strong></span> <span class='ocrx_word' id='word_1_782' title='bbox 1669 4726 1799 4778; x_wconf 83' lang='grc' dir='ltr'>ἀκο-</span> 
     </span>
    </p>
   </div>
   <div class='ocr_carea' id='block_1_96' title="bbox 222 4804 1799 4887">
    <p class='ocr_par' dir='ltr' id='par_1_96' title="bbox 222 4804 1799 4887">
     <span class='ocr_line' id='line_1_97' title="bbox 222 4804 1799 4887; baseline 0.011 -36"><span class='ocrx_word' id='word_1_783' title='bbox 222 4804 457 4870; x_wconf 83' lang='grc' dir='ltr'>σμήτων</span> <span class='ocrx_word' id='word_1_784' title='bbox 489 4805 579 4855; x_wconf 80' lang='grc' dir='ltr'>καὶ</span> <span class='ocrx_word' id='word_1_785' title='bbox 603 4805 787 4857; x_wconf 82' lang='grc' dir='ltr'>κακῶν</span> <span class='ocrx_word' id='word_1_786' title='bbox 807 4806 1009 4859; x_wconf 79' lang='grc' dir='ltr'>τούτων</span> <span class='ocrx_word' id='word_1_787' title='bbox 1028 4809 1219 4861; x_wconf 79' lang='grc' dir='ltr'>αἴτιον.</span> <span class='ocrx_word' id='word_1_788' title='bbox 1253 4811 1360 4863; x_wconf 81' lang='grc' dir='ltr'><strong>Καὶ</strong></span> <span class='ocrx_word' id='word_1_789' title='bbox 1382 4813 1483 4882; x_wconf 84' lang='grc' dir='ltr'><strong>ὅρα</strong></span> <span class='ocrx_word' id='word_1_790' title='bbox 1510 4812 1665 4887; x_wconf 85' lang='grc' dir='ltr'>[γὰρ]</span> <span class='ocrx_word' id='word_1_791' title='bbox 1723 4819 1799 4881; x_wconf 83' lang='grc' dir='ltr'><strong>ὡς</strong></span> 
     </span>
    </p>
   </div>
   <div class='ocr_carea' id='block_1_97' title="bbox 222 4894 1801 4976">
    <p class='ocr_par' dir='ltr' id='par_1_97' title="bbox 222 4894 1801 4976">
     <span class='ocr_line' id='line_1_98' title="bbox 222 4894 1801 4976; baseline 0.01 -32"><span class='ocrx_word' id='word_1_792' title='bbox 222 4894 366 4962; x_wconf 85' lang='grc' dir='ltr'>ὓλην</span> <span class='ocrx_word' id='word_1_793' title='bbox 381 4895 792 4965; x_wconf 81' lang='grc' dir='ltr'>ὑποτιθέμενος,</span> <span class='ocrx_word' id='word_1_794' title='bbox 833 4899 920 4951; x_wconf 79' lang='grc' dir='ltr'>ἵνα</span> <span class='ocrx_word' id='word_1_795' title='bbox 967 4899 1038 4969; x_wconf 86' lang='grc' dir='ltr'>μὴ</span> <span class='ocrx_word' id='word_1_796' title='bbox 1076 4900 1183 4951; x_wconf 84' lang='grc' dir='ltr'><strong>τῶν</strong></span> <span class='ocrx_word' id='word_1_797' title='bbox 1216 4904 1401 4955; x_wconf 81' lang='grc' dir='ltr'>κακῶν</span> <span class='ocrx_word' id='word_1_798' title='bbox 1453 4909 1684 4976; x_wconf 84' lang='grc' dir='ltr'>ποιητὴν</span> <span class='ocrx_word' id='word_1_799' title='bbox 1727 4910 1801 4960; x_wconf 86' lang='grc' dir='ltr'><strong>εῖ-</strong></span> 
     </span>
    </p>
   </div>
   <div class='ocr_carea' id='block_1_98' title="bbox 219 4985 1794 5057">
    <p class='ocr_par' dir='ltr' id='par_1_98' title="bbox 219 4985 1794 5057">
     <span class='ocr_line' id='line_1_99' title="bbox 219 4985 1794 5057; baseline 0.009 -22"><span class='ocrx_word' id='word_1_800' title='bbox 219 5001 352 5046; x_wconf 82' lang='grc' dir='ltr'>ποις</span> <span class='ocrx_word' id='word_1_801' title='bbox 377 4985 417 5015; x_wconf 81' lang='lat'><strong>&quot;</strong></span> <span class='ocrx_word' id='word_1_802' title='bbox 465 4986 555 5037; x_wconf 86' lang='grc' dir='ltr'><strong>τὸν</strong></span> <span class='ocrx_word' id='word_1_803' title='bbox 587 4986 738 5054; x_wconf 88' lang='grc' dir='ltr'>Θεὸν,</span> <span class='ocrx_word' id='word_1_804' title='bbox 795 4988 1000 5057; x_wconf 86' lang='grc' dir='ltr'>δοχεῖον</span> <span class='ocrx_word' id='word_1_805' title='bbox 1052 4988 1213 5041; x_wconf 87' lang='grc' dir='ltr'>αὑτὸν</span> <span class='ocrx_word' id='word_1_806' title='bbox 1267 4990 1378 5043; x_wconf 85' lang='grc' dir='ltr'><strong>τῶν</strong></span> <span class='ocrx_word' id='word_1_807' title='bbox 1429 4994 1614 5046; x_wconf 73' lang='grc' dir='ltr'>κακῶν</span> <span class='ocrx_word' id='word_1_808' title='bbox 1655 4992 1794 5049; x_wconf 80' lang='grc' dir='ltr'>εἶναι</span> 
     </span>
    </p>
   </div>
   <div class='ocr_carea' id='block_1_99' title="bbox 217 5076 427 5146">
    <p class='ocr_par' dir='ltr' id='par_1_99' title="bbox 217 5076 427 5146">
     <span class='ocr_line' id='line_1_100' title="bbox 217 5076 427 5146; baseline -0.01 -15"><span class='ocrx_word' id='word_1_809' title='bbox 217 5076 427 5146; x_wconf 76' lang='grc' dir='ltr'>λέγεις.</span> 
     </span>
    </p>
   </div>
   <div class='ocr_carea' id='block_1_100' title="bbox 1898 4622 3478 4702">
    <p class='ocr_par' dir='ltr' id='par_1_100' title="bbox 1898 4622 3478 4702">
     <span class='ocr_line' id='line_1_101' title="bbox 1898 4622 3478 4702; baseline -0.008 -15"><span class='ocrx_word' id='word_1_810' title='bbox 1898 4634 2085 4697; x_wconf 79' lang='lat' dir='ltr'><strong>fuisse,</strong></span> <span class='ocrx_word' id='word_1_811' title='bbox 2115 4633 2459 4702; x_wconf 69' lang='lat' dir='ltr'><strong>quaerendum</strong></span> <span class='ocrx_word' id='word_1_812' title='bbox 2492 4640 2577 4685; x_wconf 89' lang='lat' dir='ltr'><strong>est</strong></span> <span class='ocrx_word' id='word_1_813' title='bbox 2605 4647 2673 4685; x_wconf 88' lang='lat' dir='ltr'><strong>an</strong></span> <span class='ocrx_word' id='word_1_814' title='bbox 2708 4631 2847 4684; x_wconf 82' lang='lat' dir='ltr'><strong>Deus</strong></span> <span class='ocrx_word' id='word_1_815' title='bbox 2873 4644 2901 4681; x_wconf 91' lang='lat' dir='ltr'><strong>a</strong></span> <span class='ocrx_word' id='word_1_816' title='bbox 2937 4629 3120 4693; x_wconf 91' lang='lat' dir='ltr'><strong>seipso</strong></span> <span class='ocrx_word' id='word_1_817' title='bbox 3158 4628 3277 4679; x_wconf 91' lang='lat' dir='ltr'><strong>loco</strong></span> <span class='ocrx_word' id='word_1_818' title='bbox 3313 4622 3478 4677; x_wconf 79' lang='lat' dir='ltr'><strong>fuerit</strong></span> 
     </span>
    </p>
   </div>
   <div class='ocr_carea' id='block_1_101' title="bbox 1897 4715 3475 4787">
    <p class='ocr_par' dir='ltr' id='par_1_101' title="bbox 1897 4715 3475 4787">
     <span class='ocr_line' id='line_1_102' title="bbox 1897 4715 3475 4787; baseline -0.006 -9"><span class='ocrx_word' id='word_1_819' title='bbox 1897 4726 2134 4787; x_wconf 83' lang='lat' dir='ltr'><strong>divisus,</strong></span> <span class='ocrx_word' id='word_1_820' title='bbox 2180 4734 2235 4777; x_wconf 87' lang='lat' dir='ltr'><strong>et</strong></span> <span class='ocrx_word' id='word_1_821' title='bbox 2259 4725 2405 4776; x_wconf 87' lang='lat' dir='ltr'><strong>velut</strong></span> <span class='ocrx_word' id='word_1_822' title='bbox 2438 4722 2490 4775; x_wconf 94' lang='lat' dir='ltr'><strong>in</strong></span> <span class='ocrx_word' id='word_1_823' title='bbox 2534 4736 2659 4776; x_wconf 89' lang='lat' dir='ltr'><strong>aere</strong></span> <span class='ocrx_word' id='word_1_824' title='bbox 2704 4719 2954 4774; x_wconf 86' lang='lat' dir='ltr'><strong>animalia</strong></span> <span class='ocrx_word' id='word_1_825' title='bbox 2988 4727 3133 4781; x_wconf 89' lang='lat' dir='ltr'><strong>sunt,</strong></span> <span class='ocrx_word' id='word_1_826' title='bbox 3168 4716 3259 4770; x_wconf 86' lang='lat' dir='ltr'><strong>illo</strong></span> <span class='ocrx_word' id='word_1_827' title='bbox 3282 4715 3475 4769; x_wconf 67' lang='lat' dir='ltr'><strong>diviso.</strong></span> 
     </span>
    </p>
   </div>
   <div class='ocr_carea' id='block_1_102' title="bbox 1899 4806 3472 4881">
    <p class='ocr_par' dir='ltr' id='par_1_102' title="bbox 1899 4806 3472 4881">
     <span class='ocr_line' id='line_1_103' title="bbox 1899 4806 3472 4881; baseline -0.007 -14"><span class='ocrx_word' id='word_1_828' title='bbox 1899 4815 2046 4870; x_wconf 88' lang='lat' dir='ltr'><strong>locus</strong></span> <span class='ocrx_word' id='word_1_829' title='bbox 2074 4818 2146 4870; x_wconf 88' lang='lat' dir='ltr'><strong>sit</strong></span> <span class='ocrx_word' id='word_1_830' title='bbox 2178 4815 2349 4869; x_wconf 81' lang='lat' dir='ltr'><strong>factus</strong></span> <span class='ocrx_word' id='word_1_831' title='bbox 2378 4816 2441 4867; x_wconf 87' lang='lat' dir='ltr'><strong>iis</strong></span> <span class='ocrx_word' id='word_1_832' title='bbox 2473 4817 2631 4867; x_wconf 89' lang='lat' dir='ltr'><strong>rebus</strong></span> <span class='ocrx_word' id='word_1_833' title='bbox 2655 4828 2775 4881; x_wconf 70' lang='lat' dir='ltr'><strong>quae</strong></span> <span class='ocrx_word' id='word_1_834' title='bbox 2810 4814 2861 4864; x_wconf 92' lang='lat' dir='ltr'><strong>in</strong></span> <span class='ocrx_word' id='word_1_835' title='bbox 2894 4826 2957 4865; x_wconf 89' lang='lat' dir='ltr'><strong>eo</strong></span> <span class='ocrx_word' id='word_1_836' title='bbox 2990 4807 3161 4863; x_wconf 76' lang='lat' dir='ltr'><strong>ﬁunt?</strong></span> <span class='ocrx_word' id='word_1_837' title='bbox 3198 4816 3289 4861; x_wconf 86' lang='lat' dir='ltr'><strong>aut</strong></span> <span class='ocrx_word' id='word_1_838' title='bbox 3323 4806 3472 4859; x_wconf 81' lang='lat' dir='ltr'><strong>velut</strong></span> 
     </span>
    </p>
   </div>
   <div class='ocr_carea' id='block_1_103' title="bbox 1902 4900 3471 4977">
    <p class='ocr_par' dir='ltr' id='par_1_103' title="bbox 1902 4900 3471 4977">
     <span class='ocr_line' id='line_1_104' title="bbox 1902 4900 3471 4977; baseline -0.009 -13"><span class='ocrx_word' id='word_1_839' title='bbox 1902 4913 1953 4964; x_wconf 93' lang='lat' dir='ltr'><strong>in</strong></span> <span class='ocrx_word' id='word_1_840' title='bbox 1985 4918 2127 4964; x_wconf 86' lang='lat' dir='ltr'><strong>terra</strong></span> <span class='ocrx_word' id='word_1_841' title='bbox 2166 4909 2348 4977; x_wconf 79' lang='lat' dir='ltr'><strong>aqua?</strong></span> <span class='ocrx_word' id='word_1_842' title='bbox 2394 4910 2457 4960; x_wconf 88' lang='lat' dir='ltr'><strong>Et</strong></span> <span class='ocrx_word' id='word_1_843' title='bbox 2482 4908 2746 4975; x_wconf 88' lang='lat' dir='ltr'><strong>siquidem</strong></span> <span class='ocrx_word' id='word_1_844' title='bbox 2780 4914 2837 4959; x_wconf 89' lang='lat' dir='ltr'><strong>ut</strong></span> <span class='ocrx_word' id='word_1_845' title='bbox 2865 4906 2916 4957; x_wconf 92' lang='lat' dir='ltr'><strong>in</strong></span> <span class='ocrx_word' id='word_1_846' title='bbox 2957 4918 3103 4966; x_wconf 88' lang='lat' dir='ltr'><strong>aere,</strong></span> <span class='ocrx_word' id='word_1_847' title='bbox 3149 4911 3276 4954; x_wconf 91' lang='lat' dir='ltr'><strong>tunc</strong></span> <span class='ocrx_word' id='word_1_848' title='bbox 3304 4900 3471 4953; x_wconf 91' lang='lat' dir='ltr'><strong>Deum</strong></span> 
     </span>
    </p>
   </div>
   <div class='ocr_carea' id='block_1_104' title="bbox 1907 4991 3481 5070">
    <p class='ocr_par' dir='ltr' id='par_1_104' title="bbox 1907 4991 3481 5070">
     <span class='ocr_line' id='line_1_105' title="bbox 1907 4991 3481 5070; baseline -0.01 -13"><span class='ocrx_word' id='word_1_849' title='bbox 1907 5003 2137 5057; x_wconf 86' lang='lat' dir='ltr'><strong>divisum</strong></span> <span class='ocrx_word' id='word_1_850' title='bbox 2177 5016 2432 5070; x_wconf 77' lang='lat' dir='ltr'><strong>cogemur</strong></span> <span class='ocrx_word' id='word_1_851' title='bbox 2476 5014 2762 5053; x_wconf 87' lang='lat' dir='ltr'><strong>asserere:</strong></span> <span class='ocrx_word' id='word_1_852' title='bbox 2816 4996 2861 5051; x_wconf 90' lang='lat' dir='ltr'><strong>si</strong></span> <span class='ocrx_word' id='word_1_853' title='bbox 2910 5005 3083 5048; x_wconf 90' lang='lat' dir='ltr'><strong>autem</strong></span> <span class='ocrx_word' id='word_1_854' title='bbox 3128 5002 3186 5045; x_wconf 92' lang='lat' dir='ltr'><strong>ut</strong></span> <span class='ocrx_word' id='word_1_855' title='bbox 3233 5006 3373 5060; x_wconf 86' lang='lat' dir='ltr'><strong>aqua</strong></span> <span class='ocrx_word' id='word_1_856' title='bbox 3426 4991 3481 5043; x_wconf 89' lang='lat' dir='ltr'><strong>in</strong></span> 
     </span>
    </p>
   </div>
   <div class='ocr_carea' id='block_1_105' title="bbox 1904 5084 3482 5157">
    <p class='ocr_par' dir='ltr' id='par_1_105' title="bbox 1904 5084 3482 5157">
     <span class='ocr_line' id='line_1_106' title="bbox 1904 5084 3482 5157; baseline -0.01 -10"><span class='ocrx_word' id='word_1_857' title='bbox 1904 5102 2071 5157; x_wconf 86' lang='lat' dir='ltr'><strong>terra,</strong></span> <span class='ocrx_word' id='word_1_858' title='bbox 2102 5106 2221 5145; x_wconf 92' lang='lat' dir='ltr'><strong>cum</strong></span> <span class='ocrx_word' id='word_1_859' title='bbox 2264 5090 2488 5143; x_wconf 86' lang='lat' dir='ltr'><strong>materia</strong></span> <span class='ocrx_word' id='word_1_860' title='bbox 2528 5096 2671 5142; x_wconf 90' lang='lat' dir='ltr'><strong>esset</strong></span> <span class='ocrx_word' id='word_1_861' title='bbox 2709 5084 2956 5141; x_wconf 80' lang='lat' dir='ltr'><strong>informis</strong></span> <span class='ocrx_word' id='word_1_862' title='bbox 2994 5093 3049 5138; x_wconf 86' lang='lat' dir='ltr'><strong>et</strong></span> <span class='ocrx_word' id='word_1_863' title='bbox 3091 5084 3377 5150; x_wconf 72' lang='lat' dir='ltr'><strong>indigesta,</strong></span> <span class='ocrx_word' id='word_1_864' title='bbox 3424 5086 3482 5133; x_wconf 85' lang='lat' dir='ltr'><strong>et</strong></span> 
     </span>
    </p>
   </div>
   <div class='ocr_carea' id='block_1_106' title="bbox 220 5173 3478 5245">
    <p class='ocr_par' dir='ltr' id='par_1_106' title="bbox 220 5173 3478 5245">
     <span class='ocr_line' id='line_1_107' title="bbox 220 5173 3478 5245; baseline 0.001 -21"><span class='ocrx_word' id='word_1_865' title='bbox 220 5173 369 5226; x_wconf 86' lang='lat' dir='ltr'><strong>mala</strong></span> <span class='ocrx_word' id='word_1_866' title='bbox 406 5182 664 5241; x_wconf 63' lang='lat' dir='ltr'><strong>praterea</strong></span> <span class='ocrx_word' id='word_1_867' title='bbox 714 5175 765 5228; x_wconf 94' lang='lat' dir='ltr'><strong>in</strong></span> <span class='ocrx_word' id='word_1_868' title='bbox 798 5191 856 5230; x_wconf 90' lang='lat' dir='ltr'><strong>se</strong></span> <span class='ocrx_word' id='word_1_869' title='bbox 887 5179 1213 5245; x_wconf 87' lang='lat' dir='ltr'><strong>contineret,</strong></span> <span class='ocrx_word' id='word_1_870' title='bbox 1246 5196 1465 5237; x_wconf 88' lang='lat' dir='ltr'><strong>necesse</strong></span> <span class='ocrx_word' id='word_1_871' title='bbox 1518 5185 1621 5239; x_wconf 91' lang='lat' dir='ltr'><strong>erit</strong></span> <span class='ocrx_word' id='word_1_872' title='bbox 1648 5186 1829 5245; x_wconf 89' lang='lat' dir='ltr'><strong>dicere</strong></span> <span class='ocrx_word' id='word_1_873' title='bbox 1864 5189 2030 5244; x_wconf 90' lang='lat' dir='ltr'><strong>Deum</strong></span> <span class='ocrx_word' id='word_1_874' title='bbox 2082 5201 2262 5241; x_wconf 90' lang='lat' dir='ltr'><strong>rerum</strong></span> <span class='ocrx_word' id='word_1_875' title='bbox 2291 5183 2599 5239; x_wconf 79' lang='lat' dir='ltr'><strong>informium</strong></span> <span class='ocrx_word' id='word_1_876' title='bbox 2626 5191 2681 5235; x_wconf 91' lang='lat' dir='ltr'><strong>et</strong></span> <span class='ocrx_word' id='word_1_877' title='bbox 2725 5181 2987 5234; x_wconf 88' lang='lat' dir='ltr'><strong>malarum</strong></span> <span class='ocrx_word' id='word_1_878' title='bbox 3023 5193 3145 5233; x_wconf 89' lang='lat' dir='ltr'><strong>esse</strong></span> <span class='ocrx_word' id='word_1_879' title='bbox 3171 5188 3478 5231; x_wconf 83' lang='lat' dir='ltr'><strong>auctorem.</strong></span> 
     </span>
    </p>
   </div>
   <div class='ocr_carea' id='block_1_107' title="bbox 220 5267 1819 5348">
    <p class='ocr_par' dir='ltr' id='par_1_107' title="bbox 220 5267 1819 5348">
     <span class='ocr_line' id='line_1_108' title="bbox 220 5267 1819 5348; baseline 0.011 -28"><span class='ocrx_word' id='word_1_880' title='bbox 220 5267 291 5320; x_wconf 85' lang='lat' dir='ltr'><strong>Et</strong></span> <span class='ocrx_word' id='word_1_881' title='bbox 352 5269 593 5331; x_wconf 80' lang='lat' dir='ltr'><strong>adverte,</strong></span> <span class='ocrx_word' id='word_1_882' title='bbox 638 5270 1086 5339; x_wconf 89' lang='lat' dir='ltr'><strong>quemadmodum</strong></span> <span class='ocrx_word' id='word_1_883' title='bbox 1133 5276 1415 5329; x_wconf 89' lang='lat' dir='ltr'><strong>materiam</strong></span> <span class='ocrx_word' id='word_1_884' title='bbox 1452 5286 1819 5348; x_wconf 80' lang='lat' dir='ltr'><strong>supponenda,</strong></span> 
     </span>
    </p>
   </div>
   <div class='ocr_carea' id='block_1_108' title="bbox 221 5355 1384 5431">
    <p class='ocr_par' dir='ltr' id='par_1_108' title="bbox 221 5355 1384 5431">
     <span class='ocr_line' id='line_1_109' title="bbox 221 5355 1384 5431; baseline 0.009 -22"><span class='ocrx_word' id='word_1_885' title='bbox 221 5357 399 5411; x_wconf 82' lang='lat' dir='ltr'><strong>Deum</strong></span> <span class='ocrx_word' id='word_1_886' title='bbox 451 5355 621 5413; x_wconf 76' lang='lat' dir='ltr'><strong>facias</strong></span> <span class='ocrx_word' id='word_1_887' title='bbox 660 5362 1056 5431; x_wconf 88' lang='lat' dir='ltr'><strong>receptaculum</strong></span> <span class='ocrx_word' id='word_1_888' title='bbox 1104 5364 1384 5421; x_wconf 87' lang='lat' dir='ltr'><strong>malormn.</strong></span> 
     </span>
    </p>
   </div>
   <div class='ocr_carea' id='block_1_109' title="bbox 1882 5270 3479 5340">
    <p class='ocr_par' dir='ltr' id='par_1_109' title="bbox 1882 5270 3479 5340">
     <span class='ocr_line' id='line_1_110' title="bbox 1882 5270 3479 5340; baseline -0.009 -3"><span class='ocrx_word' id='word_1_889' title='bbox 1882 5296 1952 5337; x_wconf 89' lang='lat' dir='ltr'><strong>ne</strong></span> <span class='ocrx_word' id='word_1_890' title='bbox 2006 5279 2269 5335; x_wconf 84' lang='lat' dir='ltr'><strong>malorum</strong></span> <span class='ocrx_word' id='word_1_891' title='bbox 2318 5277 2652 5331; x_wconf 85' lang='lat' dir='ltr'><strong>conditorem</strong></span> <span class='ocrx_word' id='word_1_892' title='bbox 2699 5272 2879 5330; x_wconf 80' lang='lat' dir='ltr'><strong>Deum</strong></span> <span class='ocrx_word' id='word_1_893' title='bbox 2918 5273 3189 5327; x_wconf 86' lang='lat' dir='ltr'><strong>alIirmare</strong></span> <span class='ocrx_word' id='word_1_894' title='bbox 3240 5270 3479 5340; x_wconf 81' lang='lat' dir='ltr'><strong>cegaris,</strong></span> 
     </span>
    </p>
   </div>
   <div class='ocr_carea' id='block_1_110' title="bbox 1519 5508 2194 5571">
    <p class='ocr_par' dir='ltr' id='par_1_110' title="bbox 1519 5508 2194 5571">
     <span class='ocr_line' id='line_1_111' title="bbox 1519 5508 2194 5571; baseline 0.004 -7"><span class='ocrx_word' id='word_1_895' title='bbox 1519 5508 1756 5569; x_wconf 69' lang='lat' dir='ltr'><strong>VARLE</strong></span> <span class='ocrx_word' id='word_1_896' title='bbox 1784 5512 2194 5571; x_wconf 79' lang='lat' dir='ltr'><strong>LECTIONES.</strong></span> 
     </span>
    </p>
   </div>
   <div class='ocr_carea' id='block_1_111' title="bbox 296 5631 1780 5713">
    <p class='ocr_par' dir='ltr' id='par_1_111' title="bbox 296 5631 1780 5713">
     <span class='ocr_line' id='line_1_112' title="bbox 296 5631 1780 5713; baseline 0.026 -51"><span class='ocrx_word' id='word_1_897' title='bbox 296 5632 345 5713; x_wconf 53' lang='grc' dir='ltr'>ξε</span> <span class='ocrx_word' id='word_1_898' title='bbox 368 5631 545 5713; x_wconf 41' lang='lat' dir='ltr'><strong>gmina]</strong></span> <span class='ocrx_word' id='word_1_899' title='bbox 572 5632 871 5713; x_wconf 38' lang='lat' dir='ltr'><strong>a‘vnAB,“&amp;v</strong></span> <span class='ocrx_word' id='word_1_900' title='bbox 901 5637 1053 5692; x_wconf 75' lang='grc' dir='ltr'>ἔσται</span> <span class='ocrx_word' id='word_1_901' title='bbox 1083 5658 1156 5704; x_wconf 62' lang='grc' dir='ltr'><strong>ς’.Δ</strong></span> <span class='ocrx_word' id='word_1_902' title='bbox 1242 5644 1287 5675; x_wconf 85' lang='grc'><strong><em>⁸³</em></strong></span> <span class='ocrx_word' id='word_1_903' title='bbox 1310 5642 1638 5713; x_wconf 86' lang='grc' dir='ltr'>κεχώρισται</span> <span class='ocrx_word' id='word_1_904' title='bbox 1672 5647 1780 5701; x_wconf 82' lang='grc' dir='ltr'><strong>ΑΒ.</strong></span> 
     </span>
    </p>
   </div>
   <div class='ocr_carea' id='block_1_112' title="bbox 1883 5638 3475 5709">
    <p class='ocr_par' dir='ltr' id='par_1_112' title="bbox 1883 5638 3475 5709">
     <span class='ocr_line' id='line_1_113' title="bbox 1883 5638 3475 5709; baseline -0.007 -7"><span class='ocrx_word' id='word_1_905' title='bbox 1883 5649 1928 5681; x_wconf 80' lang='grc'><strong>’⁸</strong></span> <span class='ocrx_word' id='word_1_906' title='bbox 1952 5650 2018 5701; x_wconf 78' lang='grc' dir='ltr'>ἀν</span> <span class='ocrx_word' id='word_1_907' title='bbox 2054 5646 2227 5707; x_wconf 79' lang='grc' dir='ltr'>οὕτως</span> <span class='ocrx_word' id='word_1_908' title='bbox 2267 5644 2355 5699; x_wconf 79' lang='grc' dir='ltr'><strong>ΑΒ</strong></span> <span class='ocrx_word' id='word_1_909' title='bbox 2386 5664 2398 5697; x_wconf 90' lang='lat'>:</span> <span class='ocrx_word' id='word_1_910' title='bbox 2430 5644 2601 5707; x_wconf 79' lang='grc' dir='ltr'>οὕτως</span> <span class='ocrx_word' id='word_1_911' title='bbox 2638 5644 2706 5698; x_wconf 79' lang='grc' dir='ltr'>ἀν</span> <span class='ocrx_word' id='word_1_912' title='bbox 2740 5659 2799 5707; x_wconf 85' lang='grc' dir='ltr'>ς.</span> <span class='ocrx_word' id='word_1_913' title='bbox 2905 5642 2945 5673; x_wconf 85' lang='grc'><strong>⁶¹</strong></span> <span class='ocrx_word' id='word_1_914' title='bbox 2977 5639 3103 5709; x_wconf 80' lang='grc' dir='ltr'>λέξῃ</span> <span class='ocrx_word' id='word_1_915' title='bbox 3150 5639 3196 5694; x_wconf 81' lang='grc' dir='ltr'><strong>Δ</strong></span> <span class='ocrx_word' id='word_1_916' title='bbox 3227 5658 3240 5693; x_wconf 92' lang='lat'><strong>:</strong></span> <span class='ocrx_word' id='word_1_917' title='bbox 3269 5638 3382 5705; x_wconf 66' lang='grc' dir='ltr'>ἔξει</span> <span class='ocrx_word' id='word_1_918' title='bbox 3414 5655 3475 5701; x_wconf 73' lang='grc' dir='ltr'><strong>ς.</strong></span> 
     </span>
    </p>
   </div>
   <div class='ocr_carea' id='block_1_113' title="bbox 213 5701 3475 5787">
    <p class='ocr_par' dir='ltr' id='par_1_113' title="bbox 213 5701 3475 5787">
     <span class='ocr_line' id='line_1_114' title="bbox 213 5701 3475 5787; baseline -0.007 -4"><span class='ocrx_word' id='word_1_919' title='bbox 213 5704 263 5734; x_wconf 60' lang='grc' dir='ltr'><strong>η</strong></span> <span class='ocrx_word' id='word_1_920' title='bbox 295 5701 567 5787; x_wconf 55' lang='grc' dir='ltr'><strong>εῗῖῗί1.ἀῨ</strong></span> <span class='ocrx_word' id='word_1_921' title='bbox 587 5704 693 5787; x_wconf 37' lang='grc' dir='ltr'><strong>’ἴθ-</strong></span> <span class='ocrx_word' id='word_1_922' title='bbox 768 5708 815 5739; x_wconf 70' lang='lat'><strong>&quot;</strong></span> <span class='ocrx_word' id='word_1_923' title='bbox 846 5701 1320 5787; x_wconf 57' lang='grc' dir='ltr'><strong>πξριῖραέρᾴμεγος</strong></span> <span class='ocrx_word' id='word_1_924' title='bbox 1490 5718 1555 5785; x_wconf 77' lang='grc' dir='ltr'>τῇ</span> <span class='ocrx_word' id='word_1_925' title='bbox 1603 5715 1703 5787; x_wconf 81' lang='grc' dir='ltr'><strong>ὕλῃ</strong></span> <span class='ocrx_word' id='word_1_926' title='bbox 1734 5733 1841 5771; x_wconf 88' lang='lat' dir='ltr'><strong>om.</strong></span> <span class='ocrx_word' id='word_1_927' title='bbox 1870 5718 1976 5777; x_wconf 83' lang='lat' dir='ltr'><strong>AB,</strong></span> <span class='ocrx_word' id='word_1_928' title='bbox 2052 5718 2098 5748; x_wconf 80' lang='lat'><strong>”</strong></span> <span class='ocrx_word' id='word_1_929' title='bbox 2127 5701 2247 5770; x_wconf 75' lang='grc' dir='ltr'>τινα</span> <span class='ocrx_word' id='word_1_930' title='bbox 2284 5714 2404 5786; x_wconf 79' lang='grc' dir='ltr'>τοῦ]</span> <span class='ocrx_word' id='word_1_931' title='bbox 2430 5701 2597 5769; x_wconf 73' lang='grc' dir='ltr'>αὑτοῦ</span> <span class='ocrx_word' id='word_1_932' title='bbox 2615 5713 2721 5769; x_wconf 76' lang='grc' dir='ltr'><strong>ΑΒ,</strong></span> <span class='ocrx_word' id='word_1_933' title='bbox 2749 5701 2767 5707; x_wconf 52' lang='grc'>⁷</span> <span class='ocrx_word' id='word_1_934' title='bbox 2805 5714 2850 5745; x_wconf 82' lang='grc'><strong><em>⁵⁸</em></strong></span> <span class='ocrx_word' id='word_1_935' title='bbox 2873 5701 3156 5774; x_wconf 40' lang='lat' dir='ltr'><strong>tantoa-1:.</strong></span> <span class='ocrx_word' id='word_1_936' title='bbox 3233 5710 3280 5742; x_wconf 81' lang='lat'>”</span> <span class='ocrx_word' id='word_1_937' title='bbox 3305 5701 3475 5778; x_wconf 77' lang='grc' dir='ltr'>ὑπάρ-</span> 
     </span>
    </p>
   </div>
   <div class='ocr_carea' id='block_1_114' title="bbox 221 5772 1804 5851">
    <p class='ocr_par' dir='ltr' id='par_1_114' title="bbox 221 5772 1804 5851">
     <span class='ocr_line' id='line_1_115' title="bbox 221 5772 1804 5851; baseline 0.009 -27"><span class='ocrx_word' id='word_1_938' title='bbox 221 5772 335 5846; x_wconf 66' lang='grc' dir='ltr'>χει]</span> <span class='ocrx_word' id='word_1_939' title='bbox 372 5772 495 5828; x_wconf 79' lang='lat' dir='ltr'><strong>libri</strong></span> <span class='ocrx_word' id='word_1_940' title='bbox 529 5774 812 5845; x_wconf 85' lang='grc' dir='ltr'>ὑπάρχειν.</span> <span class='ocrx_word' id='word_1_941' title='bbox 892 5772 933 5811; x_wconf 62' lang='grc' dir='ltr'><strong>’ί</strong></span> <span class='ocrx_word' id='word_1_942' title='bbox 962 5772 1173 5851; x_wconf 64' lang='grc' dir='ltr'>εἷὲτοιςῘ</span> <span class='ocrx_word' id='word_1_943' title='bbox 1196 5772 1364 5837; x_wconf 74' lang='grc' dir='ltr'>εἰπών</span> <span class='ocrx_word' id='word_1_944' title='bbox 1391 5784 1479 5837; x_wconf 79' lang='grc' dir='ltr'><strong>ΑΒ</strong></span> <span class='ocrx_word' id='word_1_945' title='bbox 1504 5772 1726 5841; x_wconf 67' lang='grc' dir='ltr'><strong>ε”εἰπεῗν</strong></span> <span class='ocrx_word' id='word_1_946' title='bbox 1752 5804 1804 5851; x_wconf 75' lang='grc' dir='ltr'>ς.</span> 
     </span>
    </p>
   </div>
  </div>
