4208 6442
745 381 878 442 1151

1921 390 2183 449 PHUTll
2228 392 2726 449 PATRIARCIl/E
2767 393 2875 452 ΟΡ.

3869 390 4014 455 115!

828 496 964 561 Quin
984 505 1037 549 et
1063 496 1133 549 ita
1157 507 1573 563 argumentare:
1599 499 1873 556 Materiam
1893 519 2023 571 ergo
2040 504 2320 557 informem

2501 505 2636 571 Λέγε
2666 506 2718 556 δὲ
2748 507 2841 555 καὶ
2867 496 2968 556 ὦδε
2989 521 3001 532 ·
3027 504 3135 573 dri];
3162 503 3342 555 τοίνυν
3358 503 3549 556 ἄποιον
3576 501 3709 569 ῦλην
3742 508 4018 568 συνυπάρ-

750 582 828 635 ais
873 585 1146 636 exstitisse
1180 600 1300 635 cum
1335 584 1460 648 Deo,
1485 601 1547 639 ex
1576 604 1679 655 qua
1710 591 1964 643 mundum
1988 592 2227 644 creavit?
2254 591 2325 644 lla

757 679 887 730 mihi
919 679 1150 731 videtur.
1186 678 1573 749 Nonneigitur,
1604 685 1647 736 si
1685 684 1933 739 informis
1968 689 2325 741 eratmateria

755 769 895 840 [sine
927 771 1324 840 qualitatibus],
1361 772 1621 828 formatus
1656 788 1738 830 est
1774 778 2000 831 mundus
2035 793 2064 830 a
2102 780 2240 832 Deo?
2274 781 2327 833 in

758 864 953 913 mundo
970 871 1145 915 autem
1167 873 1290 915 sunt
1307 864 1592 930 qualitates
1609 884 1623 930 ;
1642 868 1957 934 qualitatum
1976 870 2331 923 conditorfuit

759 952 915 1006 Deus.
954 954 1028 1006 Ita
1057 962 1159 1007 est.
1189 953 1455 1019 Quoniam
1478 970 1603 1010 vero
1639 958 1735 1010 tibi
1762 961 1979 1012 videtur
2004 962 2332 1029 impossibile

755 1058 875 1096 esse
906 1055 961 1095 ut
1002 1044 1194 1113 3051)
1241 1059 1307 1098 ex
1369 1047 1537 1099 nihilo
1579 1047 1932 1117 ﬁataliqnid.
1978 1052 2241 1119 responde
2265 1052 2329 1104 ad

754 1136 1104 1203 quaestionem
1140 1155 1153 1189 :
1204 1136 1538 1193 Videnturne
1575 1135 1668 1195 tibi
1704 1142 1999 1211 qualitates
2043 1146 2225 1197 tnundi
2264 1161 2330 1198 ex

757 1241 861 1278 non
893 1225 1151 1294 subjectis
1180 1229 1529 1296 qualitatibus
1575 1230 1730 1286 facta:
1762 1233 1784 1285 ?
1821 1233 2103 1287 Videntur.
2144 1234 2209 1287 Et
2239 1237 2334 1290 has

758 1334 877 1370 «use
903 1317 1101 1386 aliquid
1126 1320 1269 1373 aliud
1305 1336 1331 1373 a
1366 1324 1667 1375 substantia
1691 1325 2017 1378 existimas?
2041 1328 2138 1390 Ita,
2165 1328 2329 1380 aliud.

759 1402 945 1456 Nonne
989 1421 1149 1475 ergo,
1194 1408 1237 1460 si
1288 1407 1431 1462 Deus
1480 1410 1772 1477 qualitates
1814 1428 1879 1466 ex
1931 1429 2035 1467 non
2078 1417 2335 1485 SUbjt'CliS

760 1495 1108 1561 qualitatibus
1140 1500 1413 1561 condidit,
1454 1517 1574 1569 qua!
1607 1518 1667 1555 ex
1702 1504 2026 1558 substantiis
2066 1523 2168 1559 non
2206 1518 2335 1562 sunt

763 1584 935 1647 l'actte,
966 1601 1086 1638 cum
1126 1589 1437 1644 substantiae
1466 1609 1570 1645 non
1602 1596 1713 1647 sint
1749 1597 2058 1664 qualitates,
2098 1602 2204 1655 erit
2242 1617 2336 1655 ne-

762 1688 914 1728 cesse
944 1677 1121 1732 dicere
1160 1680 1278 1734 illas
1309 1698 1373 1734 ex
1422 1684 1589 1738 nihilo
1616 1701 1644 1737 a
1679 1689 1785 1741 Deo
1822 1704 1942 1741 esse
1966 1702 2178 1745 creatas
2210 1710 2337 1746 :su-

765 1782 1150 1831 pervacaueum
1187 1784 1364 1826 autem
1393 1777 1500 1828 erit
1522 1777 1719 1832 docere
1741 1780 1872 1831 nihil
1901 1796 1925 1832 a
1955 1781 2060 1834 Deo
2082 1797 2145 1835 ex
2171 1784 2337 1839 nihilo

2428 614 2543 665 χειν
2568 596 2643 663 τῷ
2674 594 2814 662 (θεῷ,
2840 595 2897 657 ἐξ
2917 590 2982 663 ἦς
3000 594 3098 662 τὴν
3123 592 3215 645 τοῦ
3247 594 3453 661 κόσμου
3477 592 3693 659 γένεσιν
3714 592 4016 659 ἐδημιούρ-

2427 706 2593 754 γησεν
2618 706 2631 750 ;
2658 687 2814 739 Οῦτω
2852 704 2940 754 μοι
2974 688 3141 739 δοκεῖ.
3177 685 3386 737 Οὐκοῦν
3415 685 3464 736 ει
3496 684 3683 744 ἄποιος
3711 682 4017 748 ἐτύγχανεν

2428 781 2461 848 ή
2494 781 2615 847 ῦλη,
2671 779 2861 844 γέγονε
2892 778 2949 829 δὲ
2991 777 3193 845 κόσμος
3233 777 3368 845 πρὸς
3428 774 3523 827 τοῦ
3553 774 3712 837 Θεοῦ,
3749 776 3809 825 ὲν
3843 775 3902 825 δὲ
3936 773 4016 841 τῷ

2429 873 2618 939 κόσμῳ
2642 872 2697 921 αἱ
2722 870 3025 935 ποιότητες,
3050 868 3161 919 τῶν
3190 870 3488 936 ποιοτήτων
3510 868 3700 936 γέγονε
3734 865 3968 934 ποιητὴς
3990 869 4017 915 ὁ

2429 962 2594 1024 Θεός;
2634 960 2821 1019 Οὕτως
2866 960 3002 1028 ἔχει.
3049 958 3176 1030 [944
3211 958 3302 1030 8.]
3343 960 3495 1012 Ἐπεὶ
3523 958 3581 1010 δέ
3606 975 3689 1009 σοι
3733 958 3886 1008 δοκεί
3921 956 4016 1007 καὶ

2430 1054 2505 1115 ὡς
2544 1054 2806 1105 ἀδύνατον
2836 1051 2896 1116 ἐξ
2924 1052 3024 1104 οὐκ
3078 1051 3249 1103 ὄντων
3304 1051 3554 1118 γίνεσθαί
3581 1064 3657 1113 τι,
3716 1052 3858 1121 πρὸς
3919 1052 4015 1117 τὴν

2431 1146 2697 1215 ἐρώτησιν
2734 1144 3030 1214 ἀπόκριναι
3050 1144 3097 1175 ’⁸
3126 1158 3140 1173 ⁸
3199 1145 3360 1196 Δοκεῖ
3412 1161 3496 1195 σοι
3548 1143 3645 1206 τὰς
3678 1142 3774 1195 τοῦ
3808 1143 4015 1210 κόσμου

2432 1236 2779 1303 ποιότητας⁹⁹
2805 1237 2878 1303 μὴ
2924 1234 2982 1299 ἐξ
3022 1234 3395 1303 ὑποκειμένων
3448 1235 3729 1302 γεγονέναι
3790 1234 4015 1301 ποιοτή-

2432 1343 2573 1390 των;
2625 1326 2800 1377 Δοκεῖ.
2828 1324 3056 1395 Ἕτερον
3105 1324 3163 1376 δέ
3197 1342 3250 1376 τι
3278 1325 3428 1393 παρὰ
3463 1326 3558 1388 τὰς
3613 1325 3808 1385 οὐσίας
3838 1325 4018 1392 ὑπαρ-

2434 1434 2550 1484 χειν
2578 1415 2786 1479 αὐτάς;
2818 1413 3002 1476 Οὐτως
3041 1412 3171 1482 ἔχει.
3235 1414 3443 1466 Οὐκοῦν
3470 1416 3518 1465 εί
3546 1418 3680 1483 μήτε
3706 1414 3763 1479 ἐξ
3788 1415 4017 1466 ὑποκει-

2439 1507 2613 1575 μένων
2668 1510 2968 1577 ποιοτήτων
3021 1507 3118 1569 τὰς
3185 1506 3476 1574 ποιότητας
3507 1505 3948 1575 ἐδημιούργησεν
3990 1507 4014 1555 ὁ

2435 1598 2589 1659 Θεὸς,
2621 1600 2757 1665 μήτε
2789 1599 2853 1648 ὲκ
2878 1597 2987 1648 τῶν
3007 1594 3206 1649 οὐσιῶν
3223 1594 3528 1663 ὑπάρχουσι
3558 1594 3634 1661 τῷ
3664 1596 3800 1663 μηδὲ
3830 1596 4015 1655 οὐσίας

2437 1690 2603 1750 αὐτὰς
2660 1686 2818 1751 εἶναι,
2855 1690 2918 1739 ὲκ
2957 1688 3031 1755 μὴ
3061 1687 3231 1739 ὄντων
3272 1686 3441 1746 αὐτὰς
3478 1686 3582 1737 ὑπὸ
3615 1686 3752 1738 Θεοῦ
3792 1689 4015 1753 γεγονέ-

2439 1782 2557 1830 ναι¹
2614 1781 2828 1847 ἀνάγκη
2876 1780 3067 1830 εἰπεῖν.
3118 1776 3380 1846 Περιττδν
3436 1777 3546 1845 ἄρα
3575 1778 3636 1827 τὸ
3666 1776 3920 1839 δοξάζειν
3945 1777 4016 1838 ὡς

764 1856 962 1910 factum
995 1876 1133 1914 esse.
1169 1862 1456 1919 Enimvero
1489 1882 1575 1920 res
1610 1867 1678 1923 de
1730 1870 1828 1923 hoc
1862 1869 2227 1944 [argumentol
2264 1876 2333 1927 ita

2439 1873 2589 1923 οὐδὲν
2624 1872 2680 1935 ἐξ
2725 1872 2823 1922 οὐκ
2849 1871 3017 1921 ὄντων
3075 1870 3282 1936 γίνεται
3336 1870 3474 1936 πρὸς
3508 1868 3602 1920 τοῦ
3632 1868 3789 1920 Θεοῦ.
3830 1868 3969 1919 Ἀλλ’
3993 1869 4019 1917 ὀ

764 1947 1060 2004 decidatur.
1083 1951 1215 2005 Nam
1241 1955 1401 2008 etiam
1424 1959 1561 2025 apud
1587 1975 1684 2014 nos
1708 1961 1950 2015 videmus
1974 1966 2217 2032 quaedam
2245 1982 2340 2033 per

766 2042 1011 2095 homines
1046 2058 1111 2097 ex
1149 2046 1315 2099 nihilo
1348 2047 1492 2112 ﬁeri,
1532 2062 1590 2105 ut
1626 2053 1670 2106 si
1709 2054 2011 2121 exemplum
2056 2059 2121 2109 ab
2151 2061 2335 2111 archi-

769 2136 1048 2189 tectonicis
1071 2137 1349 2205 capiamus
1383 2159 1393 2193 :
1432 2144 1648 2209 quando
1679 2146 1731 2198 hi
1768 2148 1927 2201 urbes
1962 2164 2027 2201 ex
2053 2166 2157 2204 non
2198 2152 2340 2205 urbi-

767 2221 867 2274 bus
900 2224 1163 2290 condunt,
1206 2238 1258 2281 et
1320 2232 1515 2298 templa
1552 2247 1615 2288 ex
1664 2251 1771 2289 non
1833 2238 2065 2306 templis.
2113 2238 2337 2305 Quodsi,

767 2314 892 2381 quia
930 2316 1010 2369 bis
1036 2317 1351 2373 substantia:
1384 2324 1642 2390 subjecue
1667 2328 1799 2391 sint,
1829 2328 2111 2385 existimas
2131 2333 2199 2385 ab
2234 2333 2339 2386 illis

770 2406 883 2458 haec
915 2420 980 2459 ex
1030 2410 1193 2464 rebus
1245 2413 1634 2471 exsistentibus
1687 2417 1826 2482 ﬁeri,
1856 2420 2059 2475 falleris
2110 2425 2335 2477 ratione.

768 2491 953 2559 Neque
979 2496 1121 2548 enim
1147 2499 1445 2553 substantia
1472 2505 1655 2555 condit
1679 2506 1976 2571 civitatem,
2002 2520 2093 2560 aut
2118 2512 2335 2576 templa,

767 2584 859 2636 sed
890 2601 976 2639 ars
1002 2604 1119 2654 quae
1158 2592 1301 2643 circa
1336 2594 1692 2647 substantiam
1742 2598 1856 2665 (seu
1892 2599 2195 2669 materiam)
2225 2616 2341 2654 ver-

766 2685 938 2738 satur,
980 2693 1098 2745 qna:
1129 2695 1232 2732 non
1270 2696 1336 2733 ex
1365 2682 1600 2749 subjecta
1638 2685 1817 2752 aliqua
1853 2698 1967 2741 arte
2014 2706 2134 2758 qua:
2175 2693 2246 2744 sit
2286 2693 2339 2745 in

768 2770 1065 2821 substantia
1089 2811 1103 2830 ,
1152 2774 1492 2841 producitur,
1522 2777 1613 2830 sed
1651 2793 1717 2832 ex
1759 2795 1820 2833 ea
1871 2796 1992 2850 quas
2026 2798 2129 2836 non
2170 2794 2251 2837 est
2289 2786 2339 2838 in

769 2860 905 2922 illis,
959 2864 1188 2917 exsistit.
1232 2866 1337 2919 Sed
1388 2868 1586 2925 videris
1622 2873 1754 2927 mihi
1799 2877 1899 2929 hac
1937 2877 2144 2933 ratione
2184 2880 2340 2934 dictis

767 2967 1072 3017 occurrere,
1099 2958 1167 3010 ab
1196 2959 1406 3013 artifice
1442 2975 1537 3027 per
1560 2973 1734 3017 artem
1769 2965 1971 3035 aliquid
2005 2969 2056 3022 in
2094 2974 2341 3025 substan-

768 3043 839 3093 tia
876 3043 988 3097 ﬁeri
1021 3064 1032 3098 :
1064 3050 1359 3116 respondeo
1386 3054 1451 3103 ad
1478 3052 1600 3115 hoc,
1646 3069 1749 3108 nec
1780 3057 1831 3109 in
1869 3058 2087 3113 homine
2120 3062 2335 3129 quidem

766 3144 936 3186 artem
972 3151 1036 3188 ex
1079 3138 1317 3204 subjecta
1359 3150 1476 3194 arte
1520 3143 1699 3212 aliqua
1742 3147 1895 3212 lieri,
1943 3162 2009 3203 eo
2046 3151 2189 3218 quod
2229 3167 2332 3205 non

2445 1964 2542 2030 μὲν
2600 1963 2728 2029 περὶ
2789 1960 2977 2012 τούτου
3050 1960 3204 2025 λόγος
3234 1953 3335 2012 ὦδε
3378 1960 3568 2028 ὲχέτω.
3603 1960 3713 2012 Καὶ
3746 1960 3856 2027 γὰρ
3886 1960 4013 2027 παρ’

2438 2055 2570 2120 ἡμῖν
2632 2052 2848 2119 ὁρῶμεν
2912 2048 3234 2118 ἀνθρώπους
3262 2048 3321 2112 ἐξ
3347 2050 3448 2099 οὐκ
3499 2048 3669 2101 ὄντων
3730 2046 4017 2107 ποιοῦντάς

2439 2163 2579 2206 τινα,
2627 2140 2735 2195 οἷον
2784 2144 2875 2193 ἐπὶ
2926 2142 3031 2194 τῶν
3085 2140 3539 2211 ἀρχιτεκτονικῶν
3566 2141 3629 2191 τὸ
3658 2140 4017 2208 παράδειγμα

2439 2235 2690 2303 λάϐωμεν
2708 2251 2719 2262 ·
2758 2230 2793 2302 ἦ
2817 2234 2835 2261 ¹
2861 2234 2967 2302 γὰρ
2994 2227 3138 2285 οῦτοι
3159 2232 3373 2285 ποιοῦσι
3392 2231 3576 2292 πόλεις
3599 2231 3698 2282 οὐκ
3718 2232 3783 2282 ἐκ
3808 2230 4018 2282 πόλεων

2440 2329 2535 2381 καὶ
2564 2328 2722 2389 ναοὺς
2751 2327 2851 2378 οὐκ
2880 2328 2943 2377 ἐκ
2966 2324 3131 2378 ναῶν.
3180 2325 3244 2379 Εἰ
3266 2324 3313 2377 δ’
3340 2325 3425 2378 ὃτι
3447 2323 3657 2384 τούτοις
3677 2322 3864 2375 οὐσίαι
3886 2321 4016 2372 ὑπό·

2441 2437 2672 2481 κεινται,
2704 2418 2804 2470 οἴει
2833 2416 2893 2481 ἐξ
2928 2415 3073 2487 [οὐκ]
3100 2416 3274 2470 ὄντων
3328 2417 3525 2479 αὐτοὺς
3547 2416 3567 2447 ³
3588 2414 3765 2467 ταῦτα
3821 2417 4017 2473 ποιεῖν,

2439 2511 2515 2579 τῷ
2546 2511 2687 2581 λόγῳ
2724 2509 2953 2579 σφάλλῃ.
2988 2509 3123 2563 Οὐδὲ
3160 2510 3266 2579 γὰρ
3291 2511 3324 2579 ὴ
3354 2510 3512 2562 οὐσία
3537 2509 3687 2560 ἐστὶν
3714 2510 3748 2576 ή
3783 2506 4019 2558 ποιοῦσα

2439 2605 2536 2672 τὴν
2560 2604 2646 2654 πό)
2660 2622 2706 2654 ιν
2728 2602 2759 2671 ἢ
2792 2604 2916 2665 τούς
2945 2603 3130 2665 ναοὺς,
3155 2601 3323 2671 ἁλλ’,ὴ
3351 2601 3478 2670 περὶ
3501 2601 3599 2670 τὴν
3623 2600 3811 2651 οὐσίαν
3832 2600 4018 2666 τέχνη,

2440 2694 2473 2760 ἢ
2498 2692 2597 2743 οὐκ
2624 2691 2681 2754 ἐξ
2715 2689 3081 2758 ὑποκειμένης
3131 2690 3274 2752 τινος
3315 2690 3511 2759 τέχνης
3541 2691 3599 2741 ὲν
3631 2691 3751 2749 ταῖς
3806 2688 4021 2748 οὐσίαις

2440 2786 2667 2852 γίνεται,
2701 2783 2815 2835 ἀλλ’
2838 2782 2897 2845 ἐξ
2924 2783 3022 2833 οὐκ
3048 2780 3216 2851 οὔσης
3257 2783 3315 2833 ἐν
3346 2782 3538 2842 αὐταῖς
3565 2780 3797 2846 γίνεται.
3819 2781 4022 2829 ’Δπανο

2439 2878 2621 2945 τήσειν
2652 2876 2706 2927 δέ
2735 2892 2824 2943 μοι
2869 2876 3043 2937 δοκεῖς
3097 2874 3238 2926 οὕτω
3265 2874 3341 2942 τῷ
3362 2873 3526 2942 λόγῳ,
3552 2873 3635 2925 ὅτι
3679 2870 3932 2940 τεχνίτης
3953 2873 4019 2937 τῇ

2441 2969 2496 3017 ἐν
2529 2969 2593 3034 τῇ
2617 2966 2774 3034 οὐσίᾳ
2830 2965 2991 3033 τέχνῃ
3036 2966 3199 3016 ποιεῖ.
3251 2963 3399 3031 Φημὶ
3429 2962 3487 3014 δὲ
3518 2961 3656 3031 πρὸς
3718 2960 3880 3014 τοῦτο
3936 2961 4020 3011 ὅτι

2438 3058 2556 3108 οὐδὲ
2581 3058 2636 3106 ἐν
2662 3054 2739 3124 τῷ
2781 3054 3053 3123 ἀνθρώπῳ
3097 3054 3161 3105 ἐκ
3208 3071 3351 3116 τινος
3398 3052 3767 3120 ὑποκειμένης
3820 3052 4021 3120 τέχνης

2441 3147 2809 3216 προσγίνεται
2846 3146 2981 3198 Οὐδὲ
3008 3145 3118 3213 γὰρ
3145 3144 3322 3196 ἔνεστι
3352 3143 3450 3212 τὴν
3479 3143 3566 3209 ἐφ’
3594 3142 3799 3210 ἑαυτῆς
3822 3142 4017 3193 οὐσίαν

767 3227 937 3293 possit
973 3229 1272 3283 substantia
1311 3246 1375 3285 ex
1417 3248 1477 3286 se
1502 3244 1672 3289 artem
1718 3253 2025 3305 procreare.
2064 3241 2160 3296 Est
2191 3244 2334 3297 enim

2437 3208 2617 3291 δοῦναι
2678 3238 2779 3308 τὴν
2825 3208 3057 3306 τέχνην·
3088 3208 3197 3288 τῶν
3253 3236 3362 3305 γὰρ
3406 3208 3837 3303 συμϐεϐηκότων
3885 3234 4021 3295 ἐστὶ,

766 3332 859 3371 ars
905 3332 971 3371 ex
1019 3319 1126 3373 illis
1164 3322 1571 3388 accidentibus,
1612 3342 1734 3393 quae
1781 3338 1891 3381 tutu
1938 3329 2136 3384 habent
2181 3347 2335 3386 suum

766 3422 907 3471 esse,
932 3416 1146 3479 quando
1176 3413 1227 3466 in
1258 3415 1555 3469 substantia
1582 3419 1760 3487 aliqua
1789 3420 1926 3474 ﬁunt
1952 3439 1966 3475 ;
2002 3422 2162 3476 homo
2189 3425 2335 3478 enim

766 3502 926 3552 etiam
966 3503 1083 3556 sine
1126 3506 1389 3557 tectonica
1438 3507 1547 3560 erit
1590 3510 1774 3565 homo.
1832 3510 2119 3569 Tectonica
2159 3528 2337 3570 autem

768 3591 911 3643 nulla
935 3592 1059 3656 erit,
1092 3595 1192 3648 nisi
1229 3597 1379 3662 prius
1403 3598 1561 3651 homo
1589 3604 1880 3659 exstiterit.
1919 3604 2066 3660 Unde
2100 3618 2245 3663 artes
2288 3611 2338 3663 iu

769 3682 1077 3737 hominibus
1117 3701 1183 3738 ex
1214 3702 1321 3739 non
1353 3697 1479 3743 ente
1515 3695 1787 3757 procreari
1822 3700 2131 3751 necessario
2157 3682 2343 3753 dicen-

767 3772 892 3825 dum
931 3783 1033 3829 est.
1084 3776 1223 3846 Ergo
1260 3779 1302 3833 si
1347 3778 1448 3833 hoc
1492 3782 1562 3834 ita
1601 3798 1661 3837 se
1702 3783 1902 3840 habere
1945 3786 1997 3839 in
2036 3788 2343 3844 hominibus

765 3864 1118 3927 ostendimus,
1152 3869 1424 3935 quomodo
1454 3884 1558 3924 non
1592 3887 1806 3941 aequum
1839 3874 1943 3928 erit
1981 3876 2190 3942 dicere,
2238 3894 2341 3933 non

764 3955 936 4007 solum
986 3956 1270 4023 qualitates
1310 3974 1339 4013 a
1387 3960 1496 4014 Deo
1544 3976 1611 4015 ex
1638 3978 1745 4016 non
1791 3966 2194 4028 exsistantibus,
2247 3971 2342 4023 sed

768 4049 929 4100 etiam
976 4050 1307 4104 substantias
1347 4067 1503 4121 posse
1547 4054 1698 4108 ﬁeri?
1732 4055 1866 4109 Dum
1896 4058 2036 4111 enim
2080 4062 2337 4127 possibile

771 4142 999 4206 videtur,
1034 4153 1087 4194 ut
1126 4143 1325 4213 aliquid
1364 4160 1430 4200 ex
1473 4148 1642 4201 nihilo
1679 4148 1791 4212 ﬁat,
1830 4150 2136 4204 ostenditur
2170 4153 2334 4205 etiam

768 4235 1099 4287 Sulistantias
1128 4250 1191 4287 ex
1226 4237 1393 4290 nihilo
1430 4238 1543 4291 ﬁeri
1572 4254 1752 4307 posse.

842 4323 1035 4376 Iterum
1085 4340 1212 4378 vero
1259 4328 1664 4395 disceptandum
1713 4340 1796 4384 est
1850 4331 1917 4385 de
1972 4332 2147 4387 malis.
2203 4333 2337 4388 Mala

769 4412 1085 4466 videaturne
1115 4415 1205 4466 tibi
1236 4430 1352 4469 esse
1386 4418 1725 4486 substantiae,
1778 4436 1844 4472 an
1882 4423 2176 4489 qualitates
2210 4425 2340 4478 sub-

768 4503 1125 4555 atantiarnm?
1158 4506 1480 4569 Qualitales.
1508 4508 1727 4563 Materia
1749 4521 1940 4565 eratne
1975 4514 2091 4566 sine
2118 4516 2342 4581 qualita-

2440 3331 2532 3381 καὶ
2558 3328 2670 3381 τῶν
2699 3329 2820 3380 τότε
2841 3327 2902 3379 τὸ
2924 3322 3065 3379 εἶναι
3124 3327 3379 3395 ἑχόντων,
3405 3325 3605 3378 ὁπόταν
3635 3327 3693 3377 ὲν
3722 3324 3885 3392 οὐσίᾳ
3918 3327 4025 3375 τινὶ

2439 3418 2683 3487 γένηται.
2711 3417 2837 3488 [500
2861 3415 2955 3488 Η.]
2992 3417 3050 3469 'U
3112 3418 3210 3485 μὲν
3242 3416 3353 3485 γὰρ
3397 3417 3685 3484 ἄνθρωπος
3715 3418 3811 3467 καὶ
3856 3418 4024 3482 χωρὶς

2439 3510 2535 3577 τῆς
2553 3507 2868 3574 τεκτονικῆς
2886 3506 3062 3568 ἔσται,
3082 3505 3185 3575 ἠδὲ
3208 3506 3308 3557 οὐκ
3330 3505 3480 3556 ἔσται
3498 3506 3519 3533 ⁸
3541 3503 3635 3555 ἐὰν
3669 3503 3744 3571 μὴ
3761 3503 4025 3571 πρότερον

2442 3601 2538 3653 ἄνθ
2548 3618 2725 3671 ρωπος
2820 3598 2981 3651 Ὅθεν
2998 3600 3096 3661 τὰς
3116 3599 3306 3666 τέχνας
3327 3597 3497 3660 ὲξούκ
3519 3596 3577 3647 ὃν
3588 3613 3686 3647 ξων
3714 3596 3792 3657 είς
3813 3594 4023 3663 ἀειῦρώε

2445 3692 2887 3758 πουςπεφυκέναι
2937 3690 3185 3757 γίνεσθαι
3213 3690 3393 3756 λέγειν
3412 3690 3727 3752 ἀναγκαῖον.
3762 3688 3824 3739 Εἰ
3848 3688 4025 3739 τοίνυν

2442 3785 2600 3837 τοῦτο
2654 3782 2827 3842 οὕτως
2880 3782 3027 3852 ἔχειν
3082 3784 3167 3835 ἐπ’
3202 3782 3507 3851 ἀνθρώπων
3553 3780 3859 3847 ἐδείξαμεν,
3912 3779 4025 3839 πῶς

2442 3875 2566 3945 οὐχὶ
2588 3876 2833 3945 προσῆκε
2882 3875 2972 3926 τὸν
3015 3873 3147 3925 Θεὸν
3181 3873 3256 3942 μὴ
3288 3872 3447 3942 μόνον
3508 3871 3803 3939 ποιότητας
3837 3869 3899 3932 ἐξ
3927 3870 4025 3919 οὐκ

2444 3967 2614 4018 ὄντων
2641 3966 2807 4032 φάναι
2838 3962 3097 4016 δύνασθαι
3124 3965 3317 4025 ποιεῖν,
3352 3962 3488 4015 ἀλλὰ
3518 3961 3614 4014 καὶ
3641 3961 3832 4021 οὐσίας
3857 3977 3872 4022 ;
3905 3957 4025 4025 Τῴ⁸

2447 4059 2555 4124 γὰρ
2584 4056 2805 4107 δυνατὸν
2857 4057 3091 4122 φανῆναι
3120 4054 3181 4105 τὸ
3211 4052 3456 4120 γίνεσθαί
3506 4069 3560 4103 τι
3603 4050 3663 4115 ἐξ
3700 4052 3802 4103 οὐκ
3833 4051 4024 4107 ὄντων,

2450 4150 2544 4203 καὶ
2567 4148 2666 4209 τὰς
2695 4146 2883 4209 οὐσίας
2913 4146 3085 4209 οὕτως
3120 4146 3264 4214 ἔχειν
3305 4145 3598 4197 δείκνυται.

2520 4323 2685 4375 Πάλιν
2721 4322 2779 4373 δὲ
2807 4320 3129 4389 διαληπτέον
3179 4319 3285 4371 τῶν
3342 4318 3530 4370 κακῶν
3576 4317 3725 4385 πέρι.
3760 4315 3845 4368 Τὰ
3881 4316 4025 4367 κακὲ

2448 4418 2673 4482 πότερον
2701 4413 2879 4465 οὐσίαι
2907 4429 2987 4464 σοι
3018 4410 3261 4463 δοκοῦσιν
3280 4406 3420 4462 εἶναι
3438 4409 3468 4477 ἢ
3486 4409 3769 4476 ποιότητες
3788 4408 3990 4459 οὐσιῶν
4010 4424 4023 4467 ;

2449 4508 2761 4574 Ποιότητες.
2807 4503 2949 4555 Ἡδὲ
2981 4501 3082 4569 ῦλη
3108 4502 3297 4561 ἄποιος
3327 4498 3394 4568 ἧν
3425 4502 3521 4551 καὶ
3564 4500 3982 4566 ἀσχημάτιστος
4008 4514 4021 4559 ;

770 4593 933 4656 tibus,
959 4603 1011 4646 et
1033 4595 1315 4650 indormis?
1337 4598 1485 4652 Erat.
1509 4600 1648 4653 Sunt
1677 4601 1819 4654 cnim
1842 4602 1957 4654 hiec
1979 4605 2159 4657 omnia
2189 4620 2341 4659 com-

2450 4596 2654 4657 Οὐτως.
2684 4595 2985 4647 Πέπλεκται
3013 4592 3118 4661 ἄρα
3148 4593 3215 4644 τὰ
3246 4592 3491 4659 ὀνόματα
3555 4589 3732 4641 ταῦτα
3762 4592 3831 4658 τῇ
3865 4589 4024 4656 οὐσίᾳ

769 4686 942 4752 posita
968 4701 1087 4739 cum
1116 4688 1414 4742 substantia
1444 4706 1511 4745 ex
1545 4692 1607 4745 iis
1635 4707 1758 4759 quae
1797 4693 2051 4747 accidunt
2081 4697 2338 4748 substan-

768 4778 875 4830 tiae.
913 4776 1092 4847 Neque
1124 4781 1264 4833 enim
1301 4782 1658 4836 homicidium
1694 4796 1781 4837 est
1814 4786 2139 4849 substantia,
2173 4800 2345 4854 neque

768 4870 1057 4937 quidquam
1084 4872 1311 4926 aliorum
1332 4875 1618 4939 malorum,
1640 4877 1731 4929 sed
1765 4877 1832 4928 ab
1847 4876 2156 4942 Operatione
2182 4877 2347 4930 deno-

770 4962 1065 5015 minantur.
1101 4962 1279 5031 Neque
1305 4967 1446 5018 enim
1472 4968 1644 5020 czedes
1662 4977 1742 5020 est
1778 4967 1960 5027 homo,
1984 4967 2075 5020 sed
2103 4968 2347 5021 faciendo

772 5052 930 5113 hanc,
1013 5052 1280 5105 homicida
1352 5053 1475 5106 inde
1541 5054 1973 5121 cognominatur,
2064 5054 2155 5120 qui
2238 5067 2341 5105 non

766 5150 849 5196 est
926 5143 1039 5209 ipsa
1097 5144 1299 5209 caades,
1352 5158 1567 5212 neque,
1626 5155 1685 5197 ut
1757 5142 2075 5209 compendio
2150 5142 2345 5206 dicam,

765 5233 1056 5303 quidquam
1079 5249 1147 5288 ex
1176 5234 1298 5289 aliis
1330 5236 1487 5288 malis
1516 5243 1599 5287 est
1636 5234 1957 5294 substantia,
2007 5233 2098 5285 sed
2125 5232 2290 5301 306
2313 5250 2343 5284 a

766 5327 908 5381 mala
961 5329 1063 5381 dici
1119 5337 1291 5395 pOtest
1334 5326 1584 5379 faciendo
1632 5324 1836 5394 aliquid
1888 5324 2035 5376 mali.
2086 5322 2345 5376 Similiter

767 5421 1089 5474 ratiocinare
1119 5438 1131 5473 :
1164 5421 1219 5473 Si
1263 5420 1392 5488 quid
1433 5419 1576 5472 aliud
1617 5418 1797 5470 animo
1840 5417 2152 5482 conceperis
2199 5415 2339 5481 quod

769 5510 971 5564 homini
1000 5512 1070 5566 sit
1104 5526 1266 5566 causa
1309 5515 1613 5565 malorum:
1654 5509 1797 5563 velut
1836 5518 1918 5561 est
1957 5508 2081 5559 illud
2119 5507 2336 5569 malum,

2454 4690 2518 4739 ὲκ
2540 4688 2647 4739 τῶν
2683 4685 3109 4755 συμϐεϐηκότων
3138 4684 3295 4752 αὐτῇ.
3332 4680 3469 4734 Οὐτε
3502 4681 3609 4747 γάρ
3636 4682 3785 4731 ἐστιν
3815 4683 3843 4732 ὁ
3870 4681 4027 4747 φόνος

2454 4786 2484 4851 ἡ
2514 4784 2672 4835 οὐσία
2697 4780 2819 4833 οὐτε
2844 4798 2896 4832 τι
2923 4780 3029 4832 τῶν
3058 4777 3230 4832 ἄλλων
3258 4776 3462 4840 κακῶν,
3492 4774 3605 4827 ἀλλ’
3630 4774 3695 4825 ὲκ
3727 4772 3840 4825 τῶν
3877 4776 4026 4839 ἐνερ-

2452 4874 2615 4941 γειῶν
2642 4872 3100 4942 παρονομάζεται.
3152 4869 3289 4921 Οὐτε
3317 4870 3424 4939 γὰρ
3464 4866 3624 4942 (ξύνος
3651 4865 3681 4916 ὁ
3711 4864 4024 4933 ἄνθρωπος,

2454 4965 2589 5016 ἀλλὰ
2642 4964 2718 5031 τῷ
2766 4962 3129 5031 ἐνηργηκέναι
3180 4962 3370 5013 τοῦτον
3424 4956 3775 5029 παρωνύμως
3832 4958 4028 5023 φονεὺς

2455 5054 2908 5123 παρονομάζεται,
2937 5055 3010 5122 μὴ
3043 5052 3117 5105 ῶν
3157 5052 3317 5120 φόνος
3348 5052 3527 5111 αὐτός·
3560 5048 3683 5101 οὐτε
3716 5048 4026 5117 συλλήϐδην

2454 5147 2624 5197 εἰπεῖν
2654 5162 2705 5194 τι
2729 5143 2836 5195 τῶν
2866 5143 3039 5196 ἄλλων
3093 5143 3282 5195 κακῶν
3333 5144 3479 5194 ἐστιν
3500 5143 3532 5208 ὴ
3560 5140 3739 5205 οὐσία,
3786 5140 3928 5191 ἀλλὰ
3958 5139 4028 5206 τῷ

2453 5236 2653 5305 πρᾶξαί
2672 5254 2722 5288 τι
2753 5237 2858 5288 τῶν
2886 5236 3070 5290 κακῶν
3097 5236 3240 5304 κακὴ
3258 5233 3510 5302 λέγεσθαι
3532 5232 3773 5286 δύναται.
3796 5232 4029 5301 Ὀμοίως

2450 5328 2755 5398 ἐπινόησον,
2783 5329 2835 5379 εί
2859 5344 2911 5379 τι
2945 5326 3131 5395 ἕτερον
3153 5324 3516 5385 ἁναπλάττεις
3555 5324 3614 5375 ὲν
3637 5322 3716 5392 τῷ
3743 5322 3823 5391 νῷ
3847 5321 4028 5373 κακῶν

2447 5420 2557 5479 τοῖς
2624 5416 2931 5488 ἀνθρώποις
2982 5418 3175 5481 αἴτιον,
3204 5417 3278 5478 ὼς
3330 5415 3583 5468 κὰκεῖνο⁶
3648 5411 3825 5467 κακον
3866 5416 3923 5466 ὲν
3958 5411 4029 5479 τῷ

2448 5508 2652 5569 τούτοις
2708 5510 2950 5578 ἐνεργεῖν
3005 5512 3098 5561 καὶ
3156 5508 3478 5560 ὐποὸἀλλειν
3530 5510 3705 5560 ποιεῖν
3744 5505 3818 5557 τὰ
3866 5502 4025 5556 κακά.

2051 5660 2287 5715 VARUE
2334 5661 2735 5719 LECTIONES.

837 5780 883 5809 ⁸⁸
911 5778 1168 5847 ἁπόκρινε
1208 5795 1265 5839 ς’.
1342 5781 1383 5809 θ’·
1418 5778 1709 5846 ποιότητας
1738 5776 1829 5827 τοῦ
1850 5776 2054 5847 κόσμου
2086 5773 2149 5826 Α.

772 5852 790 5882 ⁸
832 5852 981 5904 ἔσται
1011 5846 1091 5903 bis
1121 5863 1226 5902 om.
1266 5846 1373 5902 AB.
1451 5848 1559 5914 ⁵τῷ
1587 5849 1626 5901 Α
1653 5866 1664 5901 :
1690 5848 1750 5899 τό
1776 5863 1832 5907 τ.

2230 5775 2243 5803 ³
2274 5774 2491 5839 γέγονεν
2526 5779 2587 5829 Λ.

1906 5848 1925 5877 ³
1954 5844 2197 5905 κάκεῖνος
2231 5846 2392 5907 κακός
2420 5846 2455 5896 Β
2483 5859 2531 5901 Cl.
2558 5862 2699 5904 cot'r.
2733 5851 2793 5899 Α.

2665 5779 2684 5807 ¹
2716 5771 2817 5845 ﬁll
2843 5784 3050 5831 etcorr.
3082 5776 3155 5827 A:
3190 5774 3235 5825 εἰ
3269 5790 3327 5836 ς.
3408 5774 3427 5804 ³
3455 5770 3710 5833 αὐτούςΒ
3732 5790 3743 5826 :
3768 5770 3939 5830 αὐτάς
3970 5784 4018 5831 ς.
