4208 6442
176 392 310 459 1153

168 526 323 577 Ἔστι
377 521 484 591 γὰρ
530 520 623 572 καὶ
648 517 807 578 αὐτὸς
836 515 997 576 κακὸς
1023 512 1081 579 ἐξ
1111 507 1185 565 ὧν
1222 512 1366 564 ποιεῖ
1394 527 1410 543 ο
1455 508 1544 561 διὰ.
1583 524 1645 559 το

160 618 264 683 γὰρ
324 614 532 675 κακὸς’
586 610 725 663 εἶναι
790 609 1026 674 λέγεται,
1082 607 1163 658 ὅτι
1222 603 1332 654 τῶν
1390 599 1577 653 κακῶν
1617 601 1731 651 ἐστι

161 705 487 775 ποιητής.Ἀ
517 703 573 756 δέ
599 720 681 762 τις
718 700 881 756 ποιεῖ,
929 698 1028 749 οὐκ
1061 696 1207 748 ἐστιν
1230 695 1412 756 αὐτὸς,
1446 692 1559 744 ἀλλ’
1587 691 1735 758 ἐνέρ-

162 815 281 867 γεια
336 795 521 855 αὐτοῦ,
578 786 768 861 ἇφ⁹ὧν
798 794 899 858 τὴν
945 788 1318 860 προσηγορίαν
1385 784 1476 837 τοῦ
1526 782 1735 835 κακὸςιι

164 891 412 956 λέγεσθαι
458 888 743 956 λαμϐάνει.
778 888 965 953 Είγὰρ
1025 884 1188 936 αὐτὸν
1235 883 1483 951 εῐποιμεν
1531 876 1672 933 εἶναι
1701 877 1737 931 ἃ

166 985 331 1043 ποιεῖ,
376 980 521 1033 ποιεῖ
548 980 602 1031 δέ
640 980 832 1045 φόνους
867 980 958 1028 καὶ
1022 979 1265 1045 μοιχείας
1312 975 1527 1027 καὶὸσα
1557 974 1737 1039 ὃμοια,

165 1073 323 1133 αὐτὸς
378 1072 528 1123 ἔσται
550 1073 569 1103 ⁹
598 1071 791 1122 ταῦτα·
822 1070 870 1119 εἰ
892 1068 947 1121 δὲ
970 1067 1130 1128 αὐτός
1160 1068 1278 1119 ἐστι
1313 1064 1501 1129 ταῦτα,
1531 1066 1619 1117 ὅτε
1652 1064 1738 1129 γί-

167 1184 334 1228 vetat,
384 1168 481 1235 τὴν
525 1165 784 1218 σύστασιν
831 1163 961 1232 ἔχει.
1004 1162 1079 1213 Οὐ
1140 1159 1398 1229 γινόμενα
1433 1159 1488 1210 δὲ
1523 1160 1617 1210 καὶ
1645 1157 1739 1208 τοῦ

167 1246 302 1311 εἶναι
362 1258 621 1310 παύεται.
671 1256 878 1307 Γίνεται
919 1254 974 1306 δὲ
1006 1252 1178 1305 ταῦτα
1231 1251 1365 1321 πρὸς
1414 1247 1740 1319 ἀνθρώπων.

172 1350 425 1400 Ἔσονται
481 1348 589 1417 ἄρα
636 1346 840 1399 τούτων
861 1346 902 1376 ¹⁰
942 1344 1291 1412 οίᾶνθρωποι
1355 1341 1596 1411 ποιηταὶ,
1652 1340 1745 1392 καὶ

164 1440 258 1490 τοῦ
294 1436 436 1490 εἶναι
477 1439 569 1490 καὶ
618 1437 812 1506 μηκέτι
848 1430 987 1487 εἶναι
1029 1435 1212 1486 αἴτιοι.
1244 1432 1371 1502 [945
1392 1430 1483 1502 R.)
1530 1430 1667 1482 Ἀλλ’
1700 1432 1746 1481 εί

167 1530 226 1592 ἐξ
255 1524 333 1583 ὧν
369 1530 582 1598 ἐνεργεῖ
620 1528 847 1589 ἕκαστος
893 1527 1126 1595 ὑπάρχει
1152 1525 1344 1586 κακὸς,
1376 1524 1411 1576 ὃ.
1432 1523 1487 1575 δὲ
1516 1524 1745 1591 ἐνεργεῖ,

165 1622 342 1691 ἀρχὴν
394 1620 487 1672 τοῦ
552 1615 693 1672 εἷναι
732 1617 1018 1688 λαμϐάνει,
1054 1615 1257 1686 ἤρξατο
1298 1616 1548 1674 κάκεῖνος
1599 1610 1739 1663 εἶναι

165 1717 355 1776 κακὸς,
373 1714 643 1783 ἤρξατοδέ
662 1710 937 1764 καὶταῦτα
966 1711 1034 1762 τὰ
1064 1709 1231 1761 κακά.
1262 1706 1371 1759 Είδ’
1407 1706 1582 1767 οὕτως
1609 1704 1739 1773 ἔχει,

163 1807 261 1857 οὐκ
285 1809 434 1858 ἐστιν
462 1804 713 1874 ἁνάρχως
737 1819 819 1864 τις
849 1801 1035 1864 κακὸς,
1063 1801 1181 1853 οὐδέ
1208 1800 1446 1869 ἀγένητα
1469 1798 1536 1850 τὰ
1583 1796 1744 1849 κακά.

247 2003 412 2054 Ἀλλὰ
446 2000 567 2052 τὸ¹¹
601 2001 699 2068 μέν
744 1999 877 2068 πρὸς
926 1998 1017 2049 τὸν
1041 1998 1228 2066 ἕτερον
1253 1995 1409 2063 λόγον
1450 1996 1669 2057 ἱκανῶς,
1700 1994 1744 2047 ὦ

165 2095 310 2164 φίλε,
356 2094 718 2161 πεποιηκέναι
747 2108 835 2161 μοι
860 2091 1055 2151 δοκεῖς.
1098 2090 1187 2155 Ἐξ
1217 2084 1289 2143 ὧν
1317 2089 1425 2158 γὰρ
1454 2087 1744 2157 προλαὸὼν

164 2192 335 2244 ἔδωκε
362 2189 441 2259 τῷ
483 2189 645 2259 λόγῳ,
679 2189 744 2240 ἐκ
785 2186 987 2240 τούτων
1018 2188 1272 2253 συνάγειν
1329 2185 1515 2251 ἔδοξας
1543 2185 1744 2247 καλῶς.

179 2280 269 2343 Ὠς
295 2280 513 2349 ἀληθῶς
535 2281 662 2348 γὰρ,
705 2280 751 2331 εί
779 2278 969 2339 ἄποιος
1010 2275 1305 2345 ἐτύγχανεν
1341 2277 1372 2345 ἡ
1405 2275 1526 2343 ὕλη,
1551 2275 1661 2327 τῶν
1692 2274 1747 2326 δὲ

165 2374 475 2439 ποιοτήτων
498 2372 539 2403 ¹¹
589 2370 919 2443 δημιουργὸς
960 2369 989 2421 ὁ
1031 2369 1183 2435 Θεὸς,
1236 2368 1519 2437 ποιότητες
1567 2367 1625 2419 δέ
1680 2367 1748 2419 τὰ

167 2462 337 2525 κακὰ,
377 2462 605 2531 ποιητὴς
630 2461 672 2493 ⁸³
694 2461 799 2513 τῶν
826 2458 1011 2512 κακῶν
1047 2461 1075 2512 ό
1107 2459 1257 2522 Θεός.
1300 2459 1453 2529 Ἐμοὶ
1474 2459 1529 2512 δὲ
1550 2457 1743 2525 ψεῦδος

165 2552 316 2605 δοκεῖ
368 2553 468 2623 τὴν
518 2553 649 2623 ὓλην
708 2554 896 2606 ἄποιον
963 2551 1141 2621 λέγειν
1176 2568 1188 2581 ο
1232 2552 1353 2604 οὐδὲ
1403 2554 1510 2621 γὰρ
1544 2552 1750 2604 ἔνεστιν

167 2646 345 2696 εἰπεῖν
378 2646 507 2713 περὶ
540 2645 638 2714 τῆς
668 2661 812 2707 τινος
842 2643 1026 2705 οὐσίας
1054 2643 1125 2705 ὼς
1156 2642 1302 2695 ἐστιν
1331 2645 1540 2706 ἄποιος.
1583 2643 1745 2696 Ἀλλὰ

173 2734 285 2804 μὴν
327 2735 422 2788 καὶ
456 2738 512 2788 ἐν
548 2729 591 2803 ᾧ
638 2736 829 2788 ἄποιον
886 2731 1022 2787 εἶναι
1068 2734 1215 2801 λέγει
1239 2737 1300 2798 ιδ,
1334 2734 1431 2805 τὴν
1492 2735 1750 2800 ποιότητα

170 2826 348 2894 αὐτῆς
378 2826 595 2897 μηνύει,
614 2827 771 2879 ὁποία
792 2828 935 2879 ἐστὶν
962 2828 995 2895 ἡ
1026 2825 1124 2894 ὐλη
1144 2826 1596 2894 διαγραφόμενος,
1619 2828 1751 2895 ὅπερ

170 2924 294 2973 ἐστὶ
322 2922 607 2990 ποιότητος
631 2917 961 2981 εἶδος.”06εν
988 2920 1040 2972 εί
1061 2936 1142 2971 σοι
1168 2919 1319 2986 φίλον
1355 2921 1521 2982 ἐστὶν,
1544 2918 1751 2971 ἄνωθεν

169 3017 350 3083 ἄρχου
369 3013 413 3043 ¹⁵
444 3012 536 3064 τοῦ
560 3011 738 3079 λόγου.
759 3012 911 3079 Ἐμοὶ
939 3015 1047 3081 γὰρ
1076 3014 1108 3081 ἡ
1138 3011 1239 3080 ὕλη
1266 3012 1556 3081 ποιότητας
1586 3012 1753 3080 ἀνάρ-

171 3120 287 3171 χως
333 3102 475 3171 ἔχειν
526 3102 706 3154 δοκεῖ·
762 3102 902 3154 οὕτω
970 3103 1075 3170 γὰρ
1135 3103 1323 3155 καὶτὰ
1364 3103 1508 3155 κακὰ
1551 3103 1615 3155 ἐκ
1656 3104 1753 3173 τῆς

169 3193 477 3263 ἀπορροίας
529 3193 698 3262 αὐτῆς
756 3189 894 3245 εἶναι
950 3192 1109 3261 λέγω.
1144 3190 1214 3245 Ὦ
1237 3194 1376 3262 φίλε,
1424 3196 1471 3246 εί
1528 3194 1754 3263 ἐμποιος

171 3283 242 3357 ἦν
289 3288 543 3357 ἀνάρχως
584 3288 615 3355 ἡ
685 3286 804 3353 ὕλη,
852 3286 997 3349 τίνος
1046 3287 1155 3357 ἄρα
1207 3287 1422 3339 Eant"
1463 3289 1691 3358 ποιητὴς
1726 3289 1754 3341 ό

172 3378 347 3442 Θεός;
370 3378 479 3429 εἴτε
505 3377 612 3445 γὰρ
650 3378 837 3439 οὐσίας
872 3378 1123 3447 ἐροῦμεν,
1158 3378 1400 3447 προεῖναί
1422 3395 1623 3448 φαμεν·
1645 3382 1753 3433 είτε

175 3468 246 3525 αὖ
325 3469 607 3535 ποιότητος
645 3506 660 3529 ,
731 3469 827 3521 καὶ
882 3468 1052 3531 αὐτὰς
1091 3469 1135 3499 "
1190 3468 1456 3540 ὑπάρχειν
1506 3469 1756 3539 λέγομεν.

1196 378 1718 441 BIBLIOTHECA.
1759 400 1827 411 -
1863 373 2026 434 COD.
2065 369 2412 430 CCXXXVI.

1648 505 1742 558 ὖτο
1771 490 1814 544 Α
1844 480 1985 548 quod
2035 479 2197 533 situm
2249 488 2333 532 est
2371 478 2423 529 in
2473 474 2935 530 subministrando
2984 482 3038 529 et
3077 484 3417 545 suggerendo

3264 366 3397 434 ιιει

1839 569 2013 643 [hisce
2047 566 2383 638 hominibus]
2419 577 2475 620 ut
2500 566 2701 619 faciant
2731 565 2887 618 mala.
2916 566 3008 620 Est
3034 568 3176 621 enim
3212 577 3269 622 et
3299 569 3416 638 ipse

1842 663 2037 726 malus,
2061 661 2132 716 ob
2154 676 2216 715 ea
2251 675 2370 729 qua:
2400 658 2531 713 facit
2556 676 2571 724 ;
2603 667 2887 727 propterea
2919 658 3061 712 enim
3094 659 3269 712 malus
3294 676 3419 715 esse

1845 756 2063 814 dicitur,
2110 754 2251 823 quod
2285 752 2356 805 sit
2392 760 2581 805 auctor
2623 748 2906 801 malorum.
2947 748 3076 814 Quae
3118 764 3246 804 vero
3278 753 3405 820 quis

1848 843 2012 907 facit,
2054 842 2100 896 is
2132 856 2235 894 non
2272 848 2353 893 est
2384 838 2437 892 id
2495 840 2668 906 ipsum
2717 835 2856 903 quod
2907 833 3056 897 facil,
3106 836 3199 889 sed
3246 835 3417 901 ipsius

1839 932 2127 997 operatio,
2187 931 2326 982 unde
2385 929 2498 996 ipse
2547 938 2740 978 nomen
2784 924 2907 978 mali
2955 924 3054 977 sibi
3103 924 3413 992 acquisivit.

1841 1022 2053 1076 Etenim
2086 1020 2129 1074 si
2159 1020 2329 1086 ipsum
2361 1032 2479 1070 esse
2510 1013 2810 1067 dixerimus
2843 1014 2891 1065 id
2926 1013 3067 1081 quod
3102 1014 3254 1076 facit,
3286 1013 3417 1065 facit

1844 1126 2021 1166 autem
2062 1112 2259 1175 caedes,
2303 1108 2565 1161 adulteria
2608 1116 2660 1159 et
2700 1105 2801 1158 ltoc
2842 1119 3011 1173 genus
3050 1104 3269 1167 similia,
3315 1103 3421 1156 erit

1846 1206 1958 1271 ipse
1988 1204 2099 1255 luec
2134 1199 2277 1271 [quas
2308 1197 2479 1268 facit].
2517 1197 2569 1251 Si
2613 1207 2791 1249 autent
2826 1205 2907 1247 est
2939 1196 3052 1262 ipse
3089 1195 3225 1256 tunc,
3258 1196 3422 1248 habet

1848 1309 2000 1347 suum
2037 1308 2178 1356 esse,
2220 1293 2434 1359 quando
2468 1292 2621 1352 fiunt,
2660 1286 2873 1358 quando
2910 1298 3087 1341 autem
3118 1303 3221 1339 non
3260 1286 3415 1349 fiunt,

1846 1388 2010 1440 etiam
2048 1386 2161 1453 ipse
2184 1398 2302 1437 esse
2338 1382 2555 1435 desinit.
2590 1380 2755 1435 Ftunt
2780 1389 2958 1433 autem
2991 1380 3104 1433 haec
3140 1379 3207 1431 ab
3241 1379 3423 1432 homi-

1848 1477 2037 1541 nibus;
2079 1474 2327 1528 homines
2356 1488 2484 1542 ergo
2518 1481 2677 1525 erunt
2720 1470 2909 1525 ltorum
2952 1477 3232 1533 auctores,
3272 1478 3324 1522 et
3368 1478 3426 1521 ιιι

1846 1568 1975 1631 sint,
2004 1565 2084 1619 vel
2109 1582 2210 1617 non
2237 1565 2364 1629 sint,
2391 1578 2585 1617 causa}.
2616 1561 2777 1631 Atqui
2802 1563 2841 1615 si
2869 1561 2937 1614 ob
2964 1576 3026 1613 ea
3049 1575 3166 1627 qua:
3193 1559 3425 1627 quisque

1850 1658 1999 1721 facit,
2023 1656 2193 1709 malus
2218 1667 2331 1722 est;
2364 1671 2482 1723 quae
2504 1665 2680 1707 autem
2708 1654 2834 1706 facit
2856 1652 3176 1721 principium
3200 1652 3426 1715 habent,

1852 1764 1979 1816 ergo
2002 1750 2163 1816 cmpit
2190 1759 2244 1802 et
2272 1748 2357 1801 ille
2384 1762 2502 1800 esse
2532 1745 2725 1809 malus,
2752 1756 2805 1799 et
2826 1753 3101 1813 coeperunt
3128 1759 3249 1797 esse
3312 1746 3425 1810 ipsa

1855 1856 2068 1908 quoque
2107 1841 2265 1892 mala.
2319 1838 2467 1905 Quod
2509 1839 2552 1891 si
2597 1852 2780 1891 verum
2827 1846 2942 1899 est,
2991 1850 3122 1903 ergo
3167 1850 3326 1889 nemo
3361 1836 3427 1888 ab

1778 1954 1821 2012 Β
1852 1940 2052 1984 αξιοι-ιιο
2075 1931 2267 1994 malus,
2289 1945 2458 1998 neque
2481 1940 2681 1984 αξιοι-ηε
2708 1930 2820 1982 sive
2845 1927 3077 1997 ingenita
3105 1938 3232 1979 sunt
3259 1928 3423 1979 mala.

1923 2023 2231 2086 Enimvero,
2277 2022 2471 2086 amice,
2500 2031 2819 2091 praesentem
2858 2021 3072 2088 quidem
3104 2020 3415 2086 disputatio.

1848 2127 1969 2165 nem
2000 2112 2130 2165 milti
2164 2121 2347 2166 contra
2369 2112 2531 2164 alium
2552 2112 2907 2179 opportunius
2930 2109 3130 2163 videris
3160 2110 3432 2161 instituis-

1848 2218 1926 2257 se.
1980 2201 2129 2257 Unde
2156 2204 2300 2257 enim
2332 2204 2418 2256 ille
2456 2205 2603 2255 visus
2643 2212 2727 2256 est
2761 2201 3027 2256 orationis
3074 2199 3427 2254 fundamenta

1848 2309 2093 2359 sumere,
2136 2294 2260 2348 inde
2293 2306 2346 2348 tu
2379 2295 2514 2349 bene
2554 2294 2700 2347 visus
2734 2292 3073 2346 concludere.
3120 2290 3257 2345 Vere
3283 2292 3429 2345 enim

1850 2387 2136 2456 disputasti
2165 2404 2177 2439 :
2208 2387 2252 2440 si
2282 2387 2502 2440 materia
2530 2385 2779 2439 informis
2802 2399 2894 2438 seu
2927 2384 3044 2438 sine
3079 2383 3431 2453 qualitatibus

1848 2476 1970 2544 fuit,
2017 2478 2336 2547 qualitatum
2384 2487 2562 2531 autem
2628 2486 2815 2531 auctor
2866 2476 3044 2541 Deus;
3099 2475 3238 2530 mala
3304 2491 3432 2529 vero

1851 2573 2141 2641 qualitates
2198 2573 2326 2637 sint,
2365 2571 2628 2624 malorum
2665 2585 2792 2640 ergo
2833 2569 3082 2623 conditor
3125 2568 3267 2624 Deus
3304 2569 3428 2621 erit.

1853 2666 1922 2717 At
1985 2663 2115 2716 mibi
2164 2663 2356 2716 falsum
2391 2664 2622 2725 videtur,
2672 2661 2954 2715 materiam
3006 2659 3291 2714 informem
3338 2674 3432 2712 seu

1855 2756 1973 2807 sine
2023 2754 2375 2821 qualitatibus
2423 2767 2568 2805 esse.
2630 2750 2706 2805 De
2746 2751 2884 2803 nulla
2933 2751 3075 2803 enim
3129 2748 3433 2803 subatautia

1852 2844 2029 2913 possis
2058 2844 2324 2896 allirmare
2349 2842 2496 2895 illam
2542 2842 2824 2894 informem
2855 2854 2996 2894 esse.
3024 2840 3163 2904 Quin
3184 2839 3285 2891 hoc
3321 2839 3437 2905 ipso

1852 2937 1992 3002 quod
2036 2935 2318 2987 informem
2369 2933 2620 3001 appellat.
2651 2932 2963 2999 qualitatem
3014 2932 3129 2997 ejus
3165 2930 3432 2994 declarat,

1853 3037 1908 3081 et
1954 3026 2128 3095 qualis
2178 3027 2407 3079 materia
2460 3026 2531 3079 sit
2582 3025 2867 3089 describit,
2904 3024 3047 3091 quod
3094 3032 3177 3075 est
3229 3023 3436 3087 species

1855 3117 2153 3183 qualitatis.
2192 3115 2392 3182 Quare,
2432 3117 2479 3170 si
2516 3116 2610 3169 tibi
2638 3117 2831 3183 placet,
2858 3114 3013 3166 altius
3048 3113 3229 3167 ordire
3260 3112 3437 3179 dispu-

1854 3209 2131 3263 tationem.
2184 3207 2312 3261 Mihi
2365 3208 2509 3261 euim
2552 3208 2772 3259 materia
2798 3205 3081 3274 qualitates
3134 3204 3201 3257 ab
3234 3212 3438 3257 aeterno

1860 3298 2058 3353 habere
2108 3299 2339 3352 videtur.
2400 3296 2475 3350 ιω
2509 3297 2724 3365 quippe,
2778 3311 2810 3349 0
2847 3296 3040 3361 amice,
3085 3304 3139 3349 et
3181 3295 3316 3347 mala
3369 3311 3436 3349 ex

1862 3388 2050 3441 eodem
2096 3386 2245 3440 fonte
2292 3400 2611 3456 promanare
2658 3399 2876 3438 assero.
2936 3382 2989 3436 Si
3048 3383 3273 3437 materia
3326 3383 3439 3436 suis

1864 3476 2053 3531 affecta
2079 3478 2431 3546 qualitatibus
2454 3479 2520 3530 ab
2541 3486 2744 3529 aeterno
2769 3475 2891 3538 fuit,
2917 3473 3069 3539 cujus
3094 3475 3198 3527 erit
3227 3486 3438 3527 creator

176 3561 397 3613 Οὐκοῦν
427 3556 547 3629 [501
610 3558 703 3631 Η.]
746 3560 933 3621 οὐσίας
982 3576 1042 3613 τε
1099 3558 1267 3630 οὔσης
1309 3560 1405 3612 καὶ
1463 3562 1755 3630 ποιοτήτων

1860 3567 2003 3623 Deus
2046 3569 2070 3623 ἳ
2121 3568 2245 3622 Sive
2294 3569 2437 3620 enim
2491 3566 2829 3621 substantias
2875 3565 3168 3619 dixerimus
3202 3576 3434 3623 creatas.

177 3650 441 3720 περιττὸν
463 3646 601 3703 εἶναι
628 3668 715 3719 μοι
746 3650 891 3702 δοκεῖ
910 3651 1239 3722 δημιουργὸν
1268 3651 1445 3719 λέγειν
1479 3651 1570 3703 τὸν
1606 3651 1759 3710 Θεόν,

1863 3659 2194 3714 amrmamus
2226 3659 2346 3713 illas
2369 3659 2479 3728 jam
2508 3668 2639 3713 ante
2675 3657 2839 3710 fuisse
2872 3672 2885 3719 ;
2935 3656 3049 3709 sive
3082 3671 3270 3709 rursus
3306 3671 3439 3724 qua-

179 3745 381 3807 litatis,
435 3750 493 3797 et
556 3742 673 3797 illas
736 3742 989 3798 exsitisse
1029 3743 1345 3799 asserimus.
1390 3742 1528 3814 Ergo
1605 3756 1661 3800 et
1704 3749 2019 3805 substantia:
2080 3762 2134 3805 et
2186 3751 2501 3821 qualitatum
2568 3750 2898 3805 conditorem
2956 3761 3198 3802 asserere
3267 3749 3435 3801 Deum

178 3851 649 3906 supervacaneum
719 3837 849 3890 mibi
897 3837 1135 3891 videtur.

268 3930 415 3983 Ἀλλ’
444 3932 734 4002 ἀπόκριναι
764 3932 1137 4002 ἐρωτώμενος,
1160 3936 1265 3985 τίνι
1293 3934 1480 4004 τρόπῳ
1510 3934 1762 4006 δημιουρ-

176 4024 283 4089 γὸν
323 4020 462 4076 εἶναι
516 4026 619 4095 φῂς
647 4025 737 4078 τὸν
792 4025 943 4087 Θεὸν,
1008 4026 1234 4095 πότερον
1286 4026 1367 4078 ὅτι
1426 4026 1523 4090 τὰς
1575 4028 1761 4093 οὐσίας

180 4116 421 4183 ἔτρεψεν
473 4114 684 4176 ἐκείνας
738 4115 817 4177 εἰς
874 4114 934 4166 τὸ
997 4115 1191 4184 μηκέτι
1246 4114 1545 4184 ὑπάρχειν,
1602 4117 1761 4189 αἵπερ

180 4202 335 4275 ἦσαν
387 4223 534 4268 ποτε,
561 4205 593 4275 ἢ
625 4207 705 4258 ὅτι
732 4205 831 4268 τὰς
878 4206 980 4275 μέν
1030 4206 1216 4269 οὐσίας
1282 4206 1536 4273 ἐφύλαξε,
1582 4210 1680 4272 τὰς
1708 4210 1763 4261 δὲ

186 4299 489 4369 ποιότητας
516 4297 690 4350 αὐτῶν
738 4296 999 4368 ἔτρεψεν;
1028 4297 1159 4350 Οὐτι
1219 4315 1308 4367 μοι
1354 4298 1501 4351 δοκεῖ
1523 4301 1763 4371 ἀλλαγὴν

184 4390 395 4442 οὐσιῶν
448 4390 751 4456 γεγονέναι,
808 4389 943 4441 ἀλλὰ
995 4391 1153 4457 μόνον
1183 4392 1504 4459 ποιοτήτων,
1541 4391 1664 4443 καθ’
1698 4393 1765 4455 ἃς

185 4480 531 4551 δημιουργὸν
589 4475 727 4532 εῖναι
784 4480 1013 4550 λέγομεν
1042 4481 1133 4533 τὸν
1182 4481 1346 4535 Θεόν’
1382 4486 1475 4535 καὶ
1516 4483 1764 4555 dicm-:9“

1937 3936 2042 3991 Sed
2074 3938 2434 4006 interrogatus
2490 3935 2755 4003 responde
2808 3952 2820 3987 :
2857 3934 2969 3999 Qua
3033 3934 3241 3989 ratione
3272 3933 3437 3987 Deum

1866 4039 2166 4081 creatorem
2190 4043 2309 4081 esse
2338 4027 2491 4089 dicis,
2524 4040 2591 4080 an
2619 4027 2759 4093 quod
2806 4025 3156 4089 substantias,
3188 4038 3306 4091 quzr
3337 4022 3438 4075 ali-

1868 4123 2081 4189 quando
2132 4118 2366 4182 fuerunt,
2418 4120 2468 4171 in
2535 4117 2757 4171 nihilum
2810 4117 3121 4186 redegerit?
3173 4131 3238 4168 an
3296 4116 3439 4183 quod

1870 4211 2199 4266 substantias
2248 4210 2460 4279 quidem
2494 4209 2845 4269 conservarit,
2893 4206 2987 4261 sed
3025 4206 3313 4275 qualitates
3344 4220 3439 4257 ea-

1868 4318 1985 4355 rum
2018 4303 2237 4355 mutarit
2265 4302 2287 4355 ‘f
2330 4300 2483 4354 Nulla
2515 4300 2642 4354 mibi
2670 4300 2879 4352 videtur
2908 4299 3304 4352 subtantiarutn
3326 4313 3445 4350 mu-

1870 4394 2000 4447 tatio
2031 4391 2194 4454 facta,
2229 4391 2321 4445 sed
2352 4400 2554 4443 tantttm
2607 4388 2811 4459 306b.
2840 4387 3178 4455 qualitatum,
3212 4401 3440 4456 quarum

1870 4498 2027 4537 causa
2060 4483 2385 4536 creationem
2414 4494 2534 4534 esse
2552 4479 2716 4534 Deum
2755 4475 3231 4533 asseveramus.Et
3257 4492 3444 4546 quem-

189 4574 417 4641 εἰτύχοι
471 4573 645 4638 λέγειν
669 4574 733 4624 ἐκ
764 4572 926 4625 λίθων
960 4573 1135 4625 οίκίαν
1164 4574 1471 4640 γεγονέναι,
1505 4577 1589 4643 ἐφ’
1617 4578 1659 4608 ¹⁹
1692 4572 1755 4630 ὧν

1872 4574 2157 4629 admodum
2207 4574 2252 4628 si
2315 4572 2439 4641 quis
2502 4572 2755 4636 dicat,ex
2780 4570 3047 4638 lapidibus
3101 4569 3297 4624 factam
3327 4585 3445 4624 esse

188 4667 299 4718 οὐκ
368 4664 572 4715 ἔνεστιν
619 4664 791 4715 εἰπεῖν
824 4664 897 4725 ὡς
929 4664 1107 4716 οὐκέτι
1137 4663 1275 4716 λίθοι
1324 4665 1543 4733 μένουσι
1583 4670 1647 4736 τῇ
1679 4668 1768 4719 οὐο

192 4755 294 4822 σεξ.
343 4752 491 4805 οἰκία
522 4752 801 4823 λεγόμενοι
833 4755 881 4805 οί
905 4752 1041 4804 λίθοι
1087 4754 1172 4822 (τῇ
1209 4755 1318 4825 γὰρ
1371 4755 1617 4825 ποιότητι
1667 4756 1768 4824 τῆς

194 4844 511 4905 συνθέσεως
563 4845 663 4911 τὴν
718 4844 896 4897 οἰκίαν
946 4846 1223 4912 γεγονέναι
1280 4847 1467 4915 φημὶ),
1514 4848 1656 4900 οὕτω
1681 4865 1771 4915 μοι

191 4934 352 4987 δοκεῖ
380 4930 581 4983 καὶτὸν
608 4933 759 4996 Θεὸν,
786 4932 1163 5003 ὑπομενούσης
1186 4934 1283 5002 τῆς
1328 4934 1534 5001 οὐσίας,
1559 4937 1770 5005 τροπήν

191 5040 326 5075 τινα
383 5021 491 5073 τῶν
544 5024 841 5092 ποιοτήτων
882 5023 1049 5091 αὐτῆς
1103 5026 1479 5095 πεποιηκέναι,
1543 5026 1664 5079 καθ’
1708 5028 1774 5097 ἣν

1876 4671 2115 4732 domum,
2146 4668 2212 4721 de
2242 4666 2435 4735 quibus
2474 4679 2577 4717 non
2607 4663 2741 4717 solet
2768 4663 2897 4725 dici,
2927 4660 3067 4730 quod
3110 4660 3285 4713 adhuc
3319 4659 3447 4713 sub.

1876 4761 2073 4813 stantia
2111 4766 2363 4811 maneant
2404 4755 2625 4825 lapides,
2659 4755 2752 4808 sed
2794 4753 2994 4821 lapides
3036 4752 3227 4805 domus
3261 4751 3449 4804 dicun-

1881 4861 1983 4904 tur:
2003 4865 2123 4903 natu
2151 4864 2215 4904 ex
2245 4848 2563 4919 qualitatum
2596 4844 2987 4913 compositione
3010 4844 3226 4896 domum
3250 4842 3447 4895 factam

1878 4942 1999 4996 dico
2030 4958 2044 4995 :
2092 4942 2164 4995 ita
2195 4956 2391 4994 censeo
2418 4940 2605 5002 Deum,
2640 4947 2888 4990 manente
2914 4934 3241 4998 substantia,
3276 4942 3452 4985 muta-

1882 5036 2079 5086 tionem
2118 5032 2405 5098 quamdam
2463 5028 2780 5097 qualitatum
2827 5025 3055 5090 fecisse,
3092 5023 3243 5090 cujus
3287 5037 3448 5075 causa

194 5116 304 5185 τὴν
334 5113 487 5166 τοῦδε
509 5114 601 5166 τοῦ
624 5116 827 5185 κόσμου
852 5118 1063 5183 γένεσιν
1089 5117 1223 5186 πρὸς
1241 5115 1334 5169 τοῦ
1380 5118 1514 5171 Θεοῦ
1554 5122 1755 5187 γεγονέ

1884 5123 2139 5176 mundum
2167 5122 2307 5175 hunc
2330 5137 2356 5173 a
2380 5120 2486 5175 Deo
2508 5128 2844 5188 procreatum
2864 5131 2982 5171 esse
3004 5114 3229 5169 afﬁrmo.
3258 5112 3452 5166 Viden-

197 5222 294 5257 ναι
349 5204 512 5272 φημί.
553 5205 784 5273 Πότερον
830 5205 921 5258 καὶ
946 5206 1030 5257 σοὶ
1052 5205 1197 5257 δοκεῖ
1224 5205 1291 5258 τὰ
1318 5207 1461 5259 κακὰ
1490 5208 1773 5276 ποιότητες

195 5297 409 5351 οὐσιῶν
449 5291 627 5361 εἶναις
683 5300 861 5350 Δοκεῖ.
899 5296 1137 5349 ’Δνωθεν
1168 5296 1223 5349 δέ
1246 5292 1388 5366 ἦσαν
1417 5299 1469 5350 al
1495 5299 1778 5369 ποιότητες

1882 5224 2038 5268 turne
2066 5213 2161 5266 tibi
2190 5228 2402 5283 quoque
2432 5212 2592 5272 mala,
2624 5209 3046 5265 substantiarum
3073 5219 3195 5260 esse
3220 5203 3452 5272 qualita-

1887 5304 2010 5360 tes?
2044 5304 2319 5357 Videntur.
2360 5302 2670 5358 Fueruntne
2700 5300 2781 5353 bar
2804 5298 3092 5368 qualitates
3130 5296 3197 5350 ab
3228 5302 3451 5358 aeterno,

1510 5437 1744 5492 νΑιιιΑῐ
1775 5439 2062 5495 LECTION
2074 5439 2173 5494 ES.

283 5554 303 5585 '
336 5550 529 5624 κακός]
559 5553 702 5625 κακά
725 5555 789 5607 Α.
848 5553 893 5625 7⁸
923 5552 1111 5625 κακός]
1142 5553 1309 5607 κακοῦ
1340 5554 1448 5609 AB.
1518 5554 1539 5585 ’
1570 5556 1720 5608 ἔσται
1752 5570 1859 5625 om.
1896 5554 2002 5609 AB.
2082 5555 2124 5585 ¹⁰
2151 5554 2353 5606 τούτων
2378 5570 2482 5625 om.
2508 5553 2616 5625 AB.
2671 5554 2708 5583 "
2740 5551 2955 5625 16_AB_:
2986 5550 3076 5602 τόν
3110 5566 3169 5613 ς.
3233 5551 3275 5580 ¹¹
3302 5564 3453 5625 fit-oro-

202 5625 418 5695 τήτων1
448 5624 683 5745 ποιὲτῶν
714 5640 793 5691 pr.
829 5624 893 5676 A.
1002 5625 1044 5654 ¹³
1077 5624 1305 5694 ποιητῆς
1330 5626 1437 5676 τῶν
1466 5626 1616 5677 κακῶ

208 5700 257 5729 ¹⁶
282 5698 464 5760 λέγειν
494 5698 529 5745 Α
586 5733 599 5745 .
661 5693 701 5764 ξ’
730 5690 919 5764 ἄρχου]
951 5694 1183 5764 ἀνάρχου
1210 5698 1269 5755 Α,
1305 5696 1530 5764 ἐνάρχου
1560 5696 1620 5747 C.

205 5767 423 5835 καίπερ
447 5763 550 5816 ΑΒ.
631 5763 672 5793 ¹⁹
709 5763 791 5828 ἐφ’
822 5762 932 5815 Ᾱῐῖε
966 5762 1065 5815 tio"
1096 5782 1152 5825 ς.

1002 5625 1044 5654 ¹³
1077 5621 1305 5694 ποιητῆς
1330 5626 1437 5676 τῶν
1466 5626 1649 5677 κακῶν
1671 5628 1735 5683 Α,
1789 5624 1897 5675 τῶν
1950 5624 2387 5694 κακῶν-ποιητής
2435 5623 2470 5675 Β
2502 5642 2514 5675 :
2544 5622 2648 5694 τῶν
2680 5621 2862 5683 κακῶς
2913 5621 3090 5694 ἔσται-
3123 5621 3350 5694 ποιητής
3385 5633 3447 5694 ς,-ξ

1712 5696 1926 5747 1τεέσται
1953 5711 2059 5747 om.
2096 5692 2202 5746 ΛΒ.
2280 5684 2317 5724 ³⁷
2345 5684 2511 5755 αὐτάς
2537 5693 2623 5744 AB
2663 5712 2673 5745 ε
2702 5692 2901 5753 ταύτας
2928 5706 2988 5752 ς.
3050 5688 3090 5723 ⁸⁸
3120 5691 3208 5742 καὶ
3238 5684 3454 5759 ῶσπερ]
