4208 6442
799 378 933 443 1155

1944 377 2204 439 ΡΙΙΟΤΙῘ
2247 378 2747 438 ΡΛΤΠῘΛΒΟΗΑΞ
2780 380 2887 440 CP.

3894 379 4033 446 1156

799 498 852 550 iu
888 495 1131 558 materia,
1185 508 1251 547 an
1297 494 1616 564 principium
1666 494 1955 549 exsistendi
1995 496 2294 549 habuerunt
2336 496 2431 554 ?A

2388 498 2431 554 Α
2462 490 2619 548 αὗται
2649 498 2705 547 ὲν
2732 500 2796 564 τῇ
2830 495 2955 566 ὕλῃ.
3002 497 3035 565 ἢ
3070 496 3244 565 ἀρχὴν
3271 496 3427 565 ἔσχον
3452 495 3544 548 τοῦ
3571 491 3747 558 εἷναις
3785 498 4032 553 Συνείναξ

798 587 989 642 Fuisse
1034 588 1131 639 has
1168 587 1450 654 qualitates
1489 590 1557 640 ab
1583 596 1785 639 aeterno
1812 601 1931 639 cum
1961 586 2185 639 materia
2246 590 2359 640 exi-

798 680 975 732 stimo.
1012 676 1126 731 Non
1162 679 1443 731 arbitraris
1485 679 1835 731 mutationem
1874 678 2103 745 aliquam
2129 678 2359 745 qualita-

799 780 909 821 tum
934 784 1053 822 esse
1080 785 1105 821 a
1135 768 1240 821 Deo
1260 770 1453 821 factam
1479 770 1501 821 ?
1526 769 1775 822 Arbitror
1805 768 2020 822 factam.
2041 771 2099 821 In
2126 770 2359 823 melius?

800 860 925 913 Milli
956 861 1181 913 videtur.
1212 859 1349 927 Ergo
1396 860 1441 912 si
1477 859 1762 925 qualitates
1794 861 2028 912 materiae
2054 861 2191 911 inter
2222 858 2357 911 mala

800 958 925 1003 sunt
970 958 1283 1010 numeratae,
1325 948 1461 1001 Deus
1490 956 1665 999 autem
1709 948 1943 998 materia:
1984 946 2274 1012 qualitates
2306 946 2357 996 iu

801 1038 989 1092 melius
1022 1038 1219 1104 aliquid
1251 1037 1535 1098 convertit,
1576 1036 1876 1088 necessario
1903 1036 2247 1102 quaerendum
2277 1044 2359 1086 est

802 1132 940 1182 unde
974 1129 1105 1181 mala
1137 1129 1259 1181 sint.
1296 1128 1400 1179 Aut
1428 1129 1569 1179 enim
1600 1141 1811 1189 omnes,
1844 1141 1961 1177 cum
1990 1126 2140 1177 make
2159 1137 2357 1185 essent,

803 1220 853 1275 iu
902 1220 1089 1273 melius
1127 1232 1248 1272 sunt
1292 1235 1560 1273 conversae
1613 1235 1625 1271 :
1672 1219 1901 1271 autalire
1940 1218 2153 1285 quidem
2206 1227 2361 1267 erant

802 1312 975 1375 malm,
1007 1312 1122 1365 alite
1162 1326 1287 1365 vero
1315 1326 1438 1365 non.
1479 1312 1541 1364 Et
1574 1310 1723 1363 mala!
1759 1311 1969 1379 quidem
2005 1319 2219 1362 mutatae
2256 1326 2357 1361 non

801 1415 925 1459 sunt
977 1406 1027 1459 in
1078 1405 1308 1458 melius:
1366 1404 1586 1471 reliquze
1636 1419 1786 1468 vero,
1823 1419 2152 1473 quzccuuque
2209 1411 2360 1455 erant

800 1498 1113 1561 commoda;
1151 1508 1373 1551 ornatus
1415 1512 1575 1551 causa
1604 1512 1632 1549 a
1670 1497 1778 1550 Deo
1824 1506 2037 1549 mutatu:
2090 1507 2233 1548 sunt.
2286 1495 2359 1549 Ita

800 1604 898 1657 ego
942 1604 1156 1651 censeo,
1191 1589 1258 1641 ab
1293 1600 1498 1642 :eterno
1530 1589 1817 1656 qualilates
1862 1589 2073 1641 fuerunt
2103 1590 2361 1641 constitu—

803 1691 887 1733 tu-.
921 1680 1196 1745 Quomodo
1236 1696 1363 1747 ergo
1396 1680 1560 1733 malas
1593 1680 1905 1743 qualitates,
1940 1689 1997 1730 ut
2035 1695 2062 1730 a
2096 1680 2359 1747 principio

804 1772 1038 1833 fuerunt,
1078 1772 1292 1824 relictas
1337 1771 1473 1823 dicis
1512 1769 1537 1822 τ
1570 1771 1648 1822 An
1690 1772 1925 1838 potuisse
1982 1770 2097 1823 illas
2123 1768 2173 1839 [a
2230 1767 2357 1839 Deo]

2466 604 2606 653 φημι
2653 588 2929 655 ἀγενήτοις
2957 590 3023 657 τῇ
3071 587 3173 657 ὕλῃ
3210 589 3411 649 ταύτας
3436 589 3501 657 δὴ
3520 589 3566 619 ⁸⁸
3592 589 3691 651 τὰς
3716 589 4033 658 ποιότητας.

2465 680 2597 745 Οὐχὶ
2624 678 2679 729 δὲ
2711 679 2802 728 τὸν
2840 679 2972 731 Θεὸν
3013 681 3118 747 φῂς
3161 681 3368 749 τροπήν
3426 697 3546 730 τινα
3590 678 3697 731 τῶν
3727 682 4036 747 ποιοτήτων

2466 771 2856 838 πεποιηκέναι;
2900 769 3067 822 Τοῦτό
3100 788 3263 840 φημι.
3314 770 3404 832 Ei;
3432 771 3493 822 τὸ
3525 773 3811 839 κρεῖττον;
3864 772 4029 839 Ἐμοὶ

2463 860 2625 913 δοκεῖ.
2683 861 2889 913 Οὐκοῦν
2921 862 2969 912 ει
2993 862 3277 930 ποιότητες
3321 861 3456 929 ὕλης
3503 862 3571 914 τὰ
3632 864 3798 927 κακὰ,
3854 864 4033 926 τὰςδὲ

2466 952 2749 1019 ποιότητας
2800 952 2967 1014 αὐτῆς
3013 952 3094 1013 εἰς
3140 952 3202 1003 τὸ
3245 956 3490 1021 κρεῖττον
3538 952 3763 1021 ἔτρεψεν
3797 954 3826 1004 ὁ
3858 952 4029 1016 Θεὸς,

2466 1042 2627 1092 πόθεν
2670 1045 2738 1093 τὰ
2785 1044 2949 1106 κακὰ,
2985 1042 3169 1111 ζητεῖν
3196 1044 3510 1112 ἀνάγκη.Ἦ
3538 1044 3646 1111 γὰρ
3670 1046 3838 1095 πᾶσαι
3862 1046 4032 1096 κακαὶ

2464 1130 2618 1186 οὖσαι
2659 1137 2748 1185 ἐπὶ
2793 1134 2853 1185 τὸ
2883 1138 3127 1202 κρεῖττον
3171 1136 3485 1204 ἐτράπησαν
3516 1151 3529 1164 ·
3576 1136 3609 1204 ἦ
3657 1138 3711 1187 αἱ
3743 1137 3844 1204 μὲν
3873 1136 4031 1189 οὖσαι

2467 1227 2650 1289 κακαὶ,
2682 1227 2736 1275 αἱ
2772 1226 2826 1277 δὲ
2858 1226 2954 1294 μὴ,
2999 1228 3053 1277 αἱ
3078 1226 3176 1293 μὲν
3204 1228 3369 1278 κακαὶ
3398 1228 3499 1278 οὐκ
3563 1228 3887 1297 ἐτράπησαν
3941 1230 4030 1278 ἐπὶ

2465 1318 2524 1365 τὸ
2557 1318 2820 1384 κρεῖττον,
2858 1318 2912 1367 αἱ
2939 1316 2995 1369 δὲ
3024 1316 3225 1380 λοιπαὶ,
3283 1318 3403 1370 ὅσαι
3431 1318 3674 1387 διάφοροι
3705 1318 4026 1387 ἐτύγχανον,

2464 1406 2560 1473 τῆς
2604 1406 3007 1475 διακοσμήσεως
3063 1406 3226 1460 ’ἑνεκα
3289 1408 3424 1476 πρὸς
3487 1407 3622 1459 Θεοῦ
3685 1410 4025 1477 ἐτράπησαν.

2465 1494 2649 1557 Οὕτως
2682 1496 2885 1548 ἄνωθεν
2912 1493 3055 1565 εἶχον
3083 1499 3211 1565 ἐγώ.
3246 1498 3367 1560 Πῶς
3392 1499 3571 1549 τοίνυν
3622 1498 3719 1560 τάς
3748 1499 3858 1549 τῶν
3889 1500 4030 1566 φαύ-

2464 1585 2568 1637 λων
2608 1586 2892 1654 ποιότητας
2931 1587 3003 1649 ὼς
3036 1583 3178 1656 εἶχον
3204 1588 3646 1641 καταλελοιπέναι
3680 1591 3898 1656 λέγεις;
3928 1592 4031 1643 Πό-

2465 1697 2517 1731 τε
2529 1696 2615 1747 ρον
2638 1678 2929 1747 δυνάμενον
2958 1680 3055 1748 μὲν
3081 1680 3298 1741 ἐκείνας
3326 1679 3617 1745 ἀνελείν¹¹,
3638 1681 3671 1750 ἦ
3695 1680 4031 1751 βουληθέντα

2469 1773 2585 1839 μὲν,
2606 1771 2679 1839 μὴ
2705 1771 2995 1839 δυνάμενον
3020 1771 3108 1835 δέ;
3136 1772 3196 1823 Εἰ
3232 1773 3331 1841 μὲν
3358 1773 3466 1842 γὰρ
3516 1773 3811 1841 δυνάμενον
3850 1774 4032 1841 λέγεις

803 1860 962 1913 tolli?
1014 1871 1104 1914 aut
1160 1859 1321 1912 Deum
1367 1861 1578 1929 quidem
1637 1861 1869 1913 voluisse
1900 1902 1915 1925 ,
1962 1876 2062 1912 nou
2120 1863 2355 1929 potuisse
2394 1860 2465 1931 Β)

2394 1860 2432 1911 Β
2462 1864 2533 1932 μὴ
2561 1864 2887 1930 βουληθέντα
2910 1864 2985 1925 δὲ,
3020 1865 3178 1915 αὐτὸν
3230 1864 3401 1915 αἴτιον
3431 1866 3636 1917 τούτων
3652 1868 3718 1930 ",
3758 1867 3841 1918 ὅτι
3874 1867 4031 1919 δυνά-

804 1961 977 2003 tamen
1006 1966 1097 2005 eas
1134 1950 1429 2005 tollere?Si
1462 1951 1699 2016 potuisse
1737 1949 1837 2014 ais,
1866 1961 1914 2002 et
1943 1950 2200 2012 uoluisse,
2226 1949 2355 2001 facis

803 2043 946 2095 illum
1007 2053 1279 2097 auctorem
1340 2043 1531 2095 horqu
1570 2042 1829 2093 malorum
1873 2060 1884 2094 :
1939 2041 2081 2109 quod
2129 2040 2358 2109 potuerit

801 2136 1011 2189 efﬁcere
1080 2146 1135 2187 ut
1191 2150 1293 2187 non
1355 2143 1537 2187 essent
1599 2134 1759 2195 mala,
1808 2142 1857 2186 el
1898 2144 2071 2185 tamen
2128 2132 2236 2193 illa,
2300 2140 2355 2182 ut

803 2237 975 2290 erant,
1025 2241 1145 2281 esse
1192 2227 1524 2296 permiserit.
1550 2226 1810 2292 Quoniam
1851 2242 1969 2279 cum
2010 2234 2213 2293 partem
2262 2224 2357 2275 ali-

802 2334 961 2387 quam
1002 2318 1239 2372 materiae
1271 2318 1571 2386 perliceret,
1622 2328 1825 2385 partem
1861 2326 2035 2370 autem
2084 2316 2223 2368 illius
2266 2330 2358 2368 ne—

803 2412 1045 2479 gligeret,
1079 2425 1198 2462 cum
1226 2420 1280 2462 et
1309 2409 1451 2462 illam
1476 2410 1528 2461 in
1563 2408 1751 2462 melius
1772 2417 1950 2476 posset
1982 2417 2207 2471 mutare,
2231 2406 2356 2459 milii

805 2502 1017 2553 videtur
1072 2515 1231 2553 causa
1292 2501 1599 2561 malorum,
1657 2502 1798 2569 quod
1869 2509 2073 2569 partem
2123 2499 2359 2551 materia:

808 2592 1082 2660 reliquerit
1116 2590 1329 2644 malam.
1389 2590 1528 2657 Ergo
1559 2592 1609 2643 iu
1644 2592 1867 2644 exitium
1918 2591 2083 2659 partis
2132 2588 2358 2660 [partem

807 2684 972 2756 Deus]
1011 2685 1264 2738 condidit.
1318 2685 1425 2737 Imo
1452 2683 1599 2737 illius
1633 2698 1790 2737 causa
1836 2685 1947 2737 haec
1982 2698 2105 2750 pars
2156 2694 2359 2735 summa

808 2778 1005 2844 injuria
1039 2775 1227 2829 affecta
1259 2774 1389 2827 milii
1420 2774 1631 2827 videtur
1658 2789 1673 2826 :
1700 2789 1859 2842 quam
1890 2774 2128 2827 materiae
2157 2782 2359 2840 partem

808 2884 836 2920 a
874 2868 1025 2920 malis
1059 2876 1321 2921 secretam
1371 2866 1671 2918 exornavit.
1715 2867 2011 2933 Antequam
2052 2864 2195 2918 enim
2239 2879 2364 2931 per-

809 2960 1064 3029 poliretur
1094 2957 1225 3028 (89),
1260 2958 1434 3010 nullus
1470 2957 1544 3010 illi
1598 2972 1788 3011 sensus
1823 2955 2081 3009 malorum
2127 2958 2310 3011 aderat
2346 2978 2358 3013 :

811 3062 951 3101 nunc
983 3062 1113 3101 vero
1147 3047 1369 3116 singulae
1394 3046 1539 3100 illius
1562 3057 1738 3115 partes
1769 3061 1982 3100 sensum
2011 3048 2229 3116 capiunt
2254 3064 2364 3101 ma-

813 3141 1007 3192 lorum.
1055 3139 1251 3206 Accipe
1297 3138 1364 3192 ab
1408 3137 1624 3191 homine
1650 3136 1952 3206 exemplum
1994 3154 2009 3189 :
2054 3138 2361 3207 priusquam

2461 1972 2614 2022 μενος
2664 1955 2887 2022 ποιῆσαι
2927 1956 3002 2023 μὴ
3056 1950 3193 2007 εἶναι
3230 1958 3399 2021 κακά,
3457 1958 3837 2026 συνεχώρησεν
3894 1959 4031 2010 αὑτά

2460 2045 2639 2112 μένειν
2663 2046 2735 2105 ὡς
2768 2042 2853 2113 ἦν,
2886 2046 2978 2097 καὶ
3010 2046 3241 2113 μάλιστα
3266 2048 3353 2099 ὅτε
3382 2047 3733 2115 δημιουργεῖν
3770 2046 3871 2116 τὴν
3900 2046 4033 2116 ὕλην

2459 2137 2678 2205 ἤρξατο.
2714 2139 2769 2188 Εἰ
2802 2138 2908 2207 γὰρ
2940 2138 3071 2208 μηδὲ
3100 2139 3237 2202 ὅλως
3290 2139 3480 2209 ἔμελεν
3531 2138 3680 2209 αὐτῷ
3730 2140 3832 2209 τῆς
3873 2140 4031 2210 ὕλης.

2458 2234 2554 2282 οὐκ
2584 2232 2648 2283 ἂν
2680 2234 2849 2294 αἴτιος
2876 2228 2941 2301 ἦν
2996 2227 3070 2284 ὧν
3097 2232 3442 2304 συνεχώρησε
3495 2233 3676 2303 μένειν
3702 2249 3716 2263 ·
3784 2233 3915 2304 [943
3938 2210 4033 2285 Β]

2459 2328 2579 2377 ἐπεὶ
2611 2325 2666 2377 δὲ
2700 2328 2860 2395 μέρος
2920 2327 3016 2396 μέν
3038 2344 3089 2379 τι
3119 2328 3287 2396 αὐτῆς
3318 2327 3658 2396 δημιουργεῖ,
3694 2326 3861 2397 μέρος
3887 2328 3950 2379 δέ
3983 2344 4033 2378 τι

2460 2419 2629 2487 αὐτῆς
2648 2421 2729 2489 ἐᾷ,
2759 2420 3053 2488 δυνάμενος
3074 2422 3293 2472 κάκεῖνο
3315 2420 3536 2489 τρέπειν
3554 2421 3633 2481 εις
3665 2420 3726 2471 τὸ
3756 2422 4031 2489 κρεῖττον,

2460 2512 2627 2572 αἴτιός
2658 2530 2746 2579 μοι
2779 2512 2885 2565 τῶν
2910 2511 3095 2564 κακῶν
3141 2511 3305 2573 δοκεῖ,
3342 2509 3654 2564 καταλιπὼν
3690 2510 3858 2580 μέρος
3902 2510 4035 2580 ὕλης

2461 2606 2691 2673 πονηρὸν
2766 2604 2852 2655 ἐπ’
2884 2604 3087 2673 ὀλέθρῳ
3146 2598 3207 2656 οὕ
3240 2604 3284 2635 ⁸³
3335 2603 3735 2673 ἐδημιούργησε
3809 2604 4031 2671 μέρους.

2474 2695 2631 2746 ’Λλλά
2701 2694 2806 2762 μὴν
2866 2696 2957 2746 καὶ
2994 2695 3063 2747 τά
3102 2695 3336 2763 μέγιστα
3360 2695 3499 2747 κατὰ
3528 2694 3684 2746 τοῦτο
3702 2695 3747 2724 ’⁸
3773 2694 3837 2745 τὸ
3869 2695 4035 2763 μέρος

2462 2788 2751 2857 ἠδικῆσθαί
2793 2804 2881 2856 μοι
2927 2787 3106 2851 δοκεῖ,
3162 2788 3297 2856 ὅπερ
3335 2785 3708 2839 κατεσκεύασε
3754 2786 3857 2854 τῆς
3901 2784 4035 2853 ὕλης

2467 2883 2629 2949 μέρος
2669 2878 3195 2948 ἀντιλαμϐανόμενον
3219 2879 3286 2930 τὰ
3314 2881 3373 2929 ὲκ
3396 2877 3501 2929 τῶν
3531 2877 3734 2929 κακῶν.
3765 2876 3903 2945 Πρὶν
3927 2878 4037 2944 γάρ

2464 2973 2627 3039 αὐτὴν
2650 2970 2987 3037 διακριθῆναι
3010 2971 3054 3002 ’⁸
3078 2970 3137 3021 τὸ
3164 2970 3296 3038 μηδὲ
3320 2968 3600 3022 αἰσθέσθαι
3618 2970 3684 2998 ’⁸⁸
3714 2967 3821 3019 τῶν
3849 2968 4038 3020 κακῶν

2464 3064 2646 3133 παρῆν
2671 3064 2827 3131 αὐτῇ·
2843 3062 2937 3114 νῦν
2962 3062 3018 3115 δὲ
3037 3062 3266 3114 ’ἑκαστον
3295 3061 3403 3113 τῶν
3437 3060 3620 3130 μερῶν
3642 3060 3815 3128 αὐτῆς
3843 3060 4035 3128 αἴσθη-

2468 3171 2551 3205 σιν
2602 3154 2865 3222 λαμϐάνει
2916 3152 3024 3204 τῶν
3084 3152 3289 3205 κακῶν.
3341 3152 3449 3205 Καί
3504 3169 3593 3221 μοι
3628 3152 3715 3203 ἐπ’
3744 3150 4038 3221 ἀνθρώπου

810 3232 1005 3286 animal
1039 3233 1149 3297 ﬁat,
1182 3230 1323 3283 mala
1358 3245 1459 3283 non
1491 3230 1675 3286 sentit.
1708 3230 1776 3282 At
1812 3228 1899 3283 ubi
1945 3228 2150 3298 307a
2185 3246 2213 3283 a
2257 3231 2364 3285 Deo
2392 3228 2434 3254 υ
2470 3248 2472 3254 λ

2392 3228 2434 3254 υ
2470 3245 2600 3297 λάϐε
2628 3244 2688 3295 τὸ
2740 3244 3103 3315 παράδειγμα.
3133 3245 3266 3313 Πρὶν
3304 3246 3409 3313 γὰρ
3450 3242 3586 3306 ζῶον
3607 3240 3856 3309 γένηται⁹
3882 3241 4038 3293 ἀναι-

810 3324 1069 3377 formatus
1115 3321 1274 3375 homo
1311 3322 1390 3385 lit,
1417 3332 1544 3375 tunc
1573 3319 1731 3374 sim‘ul
1756 3329 1811 3373 et
1855 3320 1977 3372 mali
2010 3321 2366 3376 incumbentis

810 3429 1026 3469 sensum
1056 3414 1269 3481 accipit.
1316 3414 1390 3465 lta
1424 3412 1545 3477 hoc,
1575 3412 1713 3479 quod
1741 3426 1768 3463 a
1798 3409 1903 3465 Deo
1937 3409 2179 3465 beneﬁcii
2209 3428 2362 3467 causa

2475 3335 2671 3403 σθητον
2700 3328 2768 3403 ἣν
2793 3333 2901 3385 τῶν
2933 3333 3138 3385 κακῶν
3176 3332 3269 3401 ἀφ’
3298 3326 3358 3384 οὕ
3383 3332 3441 3384 δὲ
3470 3332 3768 3384 εἰκονισθὲν
3822 3331 4038 3399 ἄνθρω-

2474 3443 2571 3487 πος
2589 3424 2724 3494 πρὸς
2757 3423 2890 3476 Θεοῦ
2919 3423 3146 3492 γίνεται,
3174 3423 3294 3475 τότε
3346 3424 3437 3475 καὶ
3482 3422 3578 3492 τὴν
3637 3421 3892 3489 αῐσθησιν
3934 3422 4039 3473 ’τοῦ

810 3508 1050 3560 materiae
1082 3506 1331 3560 collatum
1358 3505 1515 3566 dicis,
1542 3505 1719 3573 potius
1743 3505 1793 3556 iu
1821 3503 2039 3556 exitium
2075 3503 2215 3557 illius
2246 3520 2369 3571 pro-

2472 3514 2933 3585 προσπελάζοντος
2988 3513 3157 3567 κακοῦ
3206 3514 3635 3582 προσλαμϐάνει.
3698 3514 3809 3565 Καὶ
3852 3514 4035 3577 τοῦτο,

812 3608 1051 3653 creatum
1103 3598 1537 3665 deprehenditur.
1569 3595 1625 3650 Si
1676 3610 1803 3649 vero
1838 3594 1989 3648 dicas
2023 3610 2050 3648 a
2091 3595 2195 3649 Deo
2228 3596 2365 3651 mala

2472 3608 2606 3675 ὅπερ
2635 3605 2719 3657 ἐπ’
2752 3605 3037 3674 εὐεργεσίᾳ
3074 3606 3171 3673 τῆς
3208 3604 3339 3673 ὕλης
3379 3603 3516 3673 πρὸς
3567 3604 3704 3656 Θεοῦ
3750 3605 4037 3672 γεγονέναι

814 3690 927 3743 tolli
959 3704 1065 3744 non
1110 3690 1386 3758 potuisse;
1440 3689 1555 3741 haec
1593 3686 2006 3755 impossibilitas
2053 3697 2144 3739 aut
2198 3688 2373 3756 arguit
2469 3696 2476 3746 ;

2469 3694 2663 3762 λέγεις,
2694 3694 3004 3764 εὑρίσκεται
3034 3694 3233 3763 μᾶλλον
3265 3695 3359 3747 ἐπὶ
3390 3694 3469 3764 τῷ
3503 3695 3705 3764 χείρονι
3736 3695 4038 3763 προσγενό-

811 3783 959 3836 illum
994 3790 1184 3835 natura
1212 3795 1335 3835 esse
1369 3778 1713 3840 imbecillum,
1743 3785 1833 3831 aut
1869 3779 2059 3831 timore
2089 3792 2117 3829 a
2152 3778 2370 3833 fortiore
2469 3806 2473 3852 λ

2469 3802 2625 3853 μενον
2652 3786 2697 3816 ¹⁶
2725 3785 2883 3854 αὐτῇ.
2920 3785 2983 3837 El
3006 3784 3063 3836 δὲ
3115 3785 3190 3854 μὴ
3230 3784 3493 3837 δύνασθαι
3559 3784 3765 3836 παῦσαι
3788 3784 3861 3836 τὰ
3892 3786 4038 3837 κακὰ

811 3873 989 3941 aliquo
1034 3872 1276 3924 victum:
1321 3869 1441 3923 vide
1491 3878 1669 3922 utrum
1705 3868 1893 3922 horum
1940 3868 2288 3936 omnipotenti
2317 3878 2371 3923 et
2464 3891 2473 3907 σ

2464 3873 2557 3925 τὸν
2618 3872 2752 3924 Θεὸν
2810 3872 2940 3943 [502
2971 3870 3062 3943 IL]
3123 3872 3248 3941 φῂς,
3277 3871 3339 3924 τὸ
3367 3870 3423 3923 δὲ
3477 3871 3739 3924 ἀδύνατον
3790 3872 3919 3940 ἦτοι
3973 3874 4038 3939 τῇ

811 3963 953 4015 linno
989 3960 1099 4015 Deo
1131 3961 1263 4015 velis
1303 3960 1598 4029 assignare.
2466 3984 2473 4014 ι

2466 3966 2624 4034 φύσει
2646 3964 2844 4031 ἀσθενῆ
2875 3963 3139 4034 ὑπάρχειν
3166 3963 3312 4014 ἐστὶν
3333 3961 3367 4032 ἢ
3400 3961 3479 4030 τῷ
3504 3960 3756 4014 νικᾶσθαι
3781 3962 3863 4031 τῷ
3887 3961 4040 4031 φόϐῳ

810 4053 1200 4125 δεδουλωμένον
1243 4052 1376 4124 πρός
1416 4069 1559 4115 τινος
1604 4051 1927 4122 κρείττονος,
1954 4052 2055 4122 ὅρα
2096 4052 2276 4103 ὁποῖον
2305 4056 2506 4110 τούτων
2535 4058 2864 4127 προσάπτειν
2894 4056 3095 4119 ἐθέλοις
3116 4058 3159 4087 ³⁷
3204 4055 3283 4125 τῷ
3302 4054 3694 4125 παντοκράτορι
3717 4053 3815 4107 καὶ
3846 4053 4045 4123 ἀγαθῷ

809 4148 944 4218 Θεῷ.

882 4240 988 4294 Sed
1026 4239 1218 4293 iterum
1258 4240 1325 4293 de
1356 4237 1581 4291 materia
1616 4237 1898 4305 responde.
1931 4235 2095 4290 Estne
2141 4236 2365 4306 simplex

2556 4235 2714 4288 Ἀλλά
2769 4233 2930 4287 πάλιν
2990 4234 3119 4303 περὶ
3159 4233 3257 4301 τῆς
3304 4233 3436 4303 ὕλης
3463 4234 3775 4304 ἀπόκριναι,
3804 4242 4041 4313 πότερον

811 4335 985 4403 aliqua
1025 4333 1245 4384 materia
1289 4344 1353 4381 an
1401 4328 1740 4397 composita?
1784 4328 1840 4382 Si
1884 4328 2025 4383 enim
2062 4327 2280 4396 simplex
2316 4340 2370 4383 et
2471 4362 2473 4375 ε

2471 4330 2614 4399 ἁπλῆ
2644 4330 2724 4390 τίς
2754 4329 2900 4379 ἐστιν
2926 4328 2960 4396 ἡ
2991 4325 3089 4394 ὕλη
3119 4327 3152 4397 ἢ
3178 4325 3526 4393 σύνθετος¹⁸ς
3557 4328 3620 4379 Ei
3644 4328 3753 4397 γὰρ
3784 4330 3935 4401 ἁπλῆ
3958 4351 4039 4394 τις

812 4426 1095 4480 uniformis
1148 4425 1369 4476 materia
1406 4421 1527 4485 fuit,
1576 4423 1844 4491 quomodo
1880 4436 2008 4476 vero
2042 4422 2367 4491 compositus
2398 4462 2446 4521 υ

2398 4462 2446 4521 D
2474 4422 2765 4490 ἐτύγχανεν
2780 4419 2877 4488 ὕλη
2895 4422 2939 4450 ²⁹
2956 4420 3047 4471 καὶ
3069 4419 3366 4488 μονοειδὴς,
3386 4418 3635 4483 σύνθετος
3649 4421 3705 4473 δὲ
3721 4422 3749 4472 δ
3770 4424 3977 4493 κόσμος
3992 4426 4036 4458 ³⁸

810 4527 891 4573 cst
923 4516 1168 4581 mundus,
1198 4526 1250 4567 et
1275 4532 1337 4567 ex
1375 4514 1604 4568 diversis
1630 4514 1940 4568 substantiis
1977 4514 2226 4569 constat?
2254 4514 2367 4568 ﬁeri

811 4624 916 4663 non
957 4615 1129 4677 potest
1171 4617 1227 4659 ut
1257 4607 1469 4659 dicatur
1494 4605 1597 4658 hoc
1642 4606 1995 4670 compositum
2030 4619 2097 4658 ex
2145 4606 2369 4658 materia

812 4701 1033 4765 factum,
1075 4712 1140 4753 eo
1168 4699 1307 4767 quod
1349 4696 1644 4766 composita
1673 4710 1778 4749 non
1824 4698 2032 4763 possint
2067 4708 2130 4749 ex
2161 4710 2267 4749 uno
2289 4694 2370 4748 in-

813 4792 968 4845 lormi
1006 4792 1248 4861 componi
1299 4788 1698 4860 [subsistereve
1725 4786 1783 4857 ]:
1821 4786 2172 4853 compositum
2224 4785 2367 4839 enim

813 4883 1131 4950 simplicium
1172 4882 1473 4950 aliquorum
1526 4880 1831 4933 mistionem
1864 4876 2083 4930 iudicat.
2132 4878 2281 4941 Quod
2323 4877 2367 4930 si

813 4976 1003 5028 iterum
1057 4975 1333 5027 materiam
1376 4973 1523 5026 dicas
1602 4984 1723 5023 esse
1775 4968 1900 5036 quid
1954 4970 2306 5036 c0mpositum
2352 4984 2366 5031 ;

810 5065 1029 5120 omnino
1068 5064 1249 5119 debuit
1304 5078 1368 5117 ex
1418 5061 1750 5130 simplicibus
1798 5058 2069 5125 componi,
2122 5070 2174 5110 et
2210 5067 2369 5111 erant

811 5156 937 5209 olim
968 5162 1212 5225 separata
1235 5154 1520 5223 simplicia,
1548 5151 1741 5220 quibus
1772 5147 2083 5215 compositis
2116 5147 2253 5200 facta
2278 5158 2363 5201 est

2470 4514 2563 4566 καὶ
2615 4514 2677 4562 ὲκ
2702 4512 2969 4580 διαφόρων
3000 4510 3194 4562 οὐσιῶν
3247 4510 3515 4572 συνεστώς
3549 4511 3717 4575 ἐστιν,
3772 4512 4040 4569 ἀδύνατον

2468 4602 2654 4654 τοῦτον
2684 4601 2723 4632 ³¹
2758 4600 2815 4663 ἐξ
2862 4600 2992 4669 ὕλης
3038 4599 3316 4666 γεγονέναι
3348 4599 3546 4666 λέγειν,
3585 4599 3663 4669 τῷ
3688 4600 3760 4652 τὰ
3803 4603 4039 4657 σύνθετα

2474 4694 2546 4764 μὴ
2572 4688 2741 4745 οἷόντε
2769 4691 2827 4757 ἐξ
2851 4693 2968 4755 ἑνὸς
2994 4692 3185 4744 ἀποίου
3210 4692 3306 4760 τὴν
3336 4691 3590 4745 σύστασιν
3623 4691 3768 4759 ἔχειν
3792 4708 3807 4725 ⁸
3840 4695 3907 4747 τδ
3933 4697 4039 4764 γὰρ

2473 4784 2718 4835 σύνθετον
2742 4782 2925 4835 ἁπλῶν
2948 4799 3106 4833 τινων
3163 4781 3305 4850 μίξει
3334 4781 3527 4851 μηνύει
3549 4797 3561 4809 '
3595 4783 3647 4835 ει
3681 4782 3727 4834 δ’
3768 4779 3838 4836 αὖ
3876 4786 4039 4840 πάλιν

2471 4873 2720 4926 σύνθετον
2761 4873 2940 4940 λέγεις
2989 4872 3085 4939 τὴν
3140 4871 3292 4941 ὕλην,
3328 4873 3545 4933 πάντως
3588 4872 3647 4935 ἐξ
3677 4873 3876 4925 ἁπλῶν
3911 4891 4036 4927 συν-

2468 4964 2648 5033 ετέθη,
2680 4963 2774 5015 καὶ
2794 4959 2862 5032 ἦν
2892 4979 3019 5014 ποτε
3052 4962 3173 5015 καθ’
3196 4962 3362 5015 ἑαυτὰ
3386 4963 3550 5025 ἁπλᾶ,
3570 4957 3644 5015 ὧν
3662 4964 4035 5018 συντεθέντων

2467 5058 2685 5125 γέγονεν
2713 5059 2745 5125 ἠ
2778 5056 2879 5124 ὕλη
2908 5072 2922 5087 ο
2946 5056 3015 5108 τά
3043 5056 3099 5108 δὲ
3132 5056 3175 5087 ⁸⁸
3208 5056 3438 5111 σύνθετα
3490 5055 3550 5120 ἐξ
3584 5056 3777 5109 ἁπλῶν
3802 5056 3910 5126 τὴν
3940 5058 4032 5111 σύ-

2468 5164 2656 5200 στασιν
2686 5149 2816 5217 ἔχει.
2843 5144 2953 5200 Ἦν
2997 5164 3126 5199 ποτε
3185 5147 3373 5218 καιρὸς
3425 5148 3513 5200 ὅτε
3539 5147 3573 5217 η
3592 5147 3639 5179 ⁸³
3680 5146 3784 5217 ὕλη
3811 5150 3919 5202 οὐκ
3945 5146 4030 5221 ἦν,

2092 5282 2321 5338 νΑΡιΙΑῑ
2348 5282 2741 5339 LECTIONES.

883 5382 1270 5466 natlem}:
1304 5382 1366 5452 δὴ
1398 5382 1431 5450 ἡ
1469 5399 1523 5466 ς.

813 5454 877 5515 Α.
902 5448 1055 5505 αὑτδν
1084 5448 1285 5505 τούτων
1316 5448 1542 5520 ποιητὴν
1574 5451 1744 5503 εἰπεῖν
1773 5452 1982 5518 ἀνάγκη

1600 5381 1639 5411 "
1676 5393 1793 5447 post
1823 5379 2032 5433 ἀνελεῖν
2063 5376 2253 5431 desunt
2286 5377 2359 5445 μὴ
2392 5376 2720 5445 βουληθέντα
2756 5376 2830 5431 δέ.
2909 5377 2953 5409 ’³
2984 5376 3150 5428 αὐτὸν
3174 5375 3346 5428 αῐτιον
3371 5372 3597 5444 τοιλτων]
3623 5373 3791 5426 αὐτὸν
3822 5374 4033 5426 τούτων

1606 5451 1744 5497 ἰπεῖν
1773 5452 1981 5497 ἀνάγκη
2023 5448 2080 5497 Β.
2160 5446 2206 5476 ’³
2229 5438 2288 5497 οὕ
2316 5446 2401 5497 ΑΒ
2435 5463 2446 5496 ;
2476 5446 2567 5497 οὕν
2597 5464 2657 5497 c.
2780 5449 2824 5477 "
2852 5445 3008 5497 τοῦτο
3040 5446 3128 5497 ΑΒ
3154 5464 3166 5497 :
3199 5445 3376 5497 τοῦτο.
3405 5443 3563 5496 τοῦτο
3587 5460 3649 5497 ς.
3738 5444 3787 5474 ’⁸
3818 5443 4031 5497 Bura:-

813 5454 877 5515 A,
902 5450 1055 5505 αὑτδν
1086 5450 1285 5505 τούτων
1316 5450 1542 5520 ποιητὴν
1574 5451 1744 5503 εἰπεῖν
1773 5452 1982 5518 ἀνάγκη
2023 5450 2080 5499 Β.
2160 5450 2206 5476 ’³
2229 5450 2288 5497 οὕ
2316 5450 2401 5497 ΑΒ
2435 5463 2446 5496 ;
2476 5450 2567 5498 οὕν
2597 5464 2657 5510 ς.
2780 5450 2824 5477 ’⁵
2852 5450 3008 5498 τοῦτο
3040 5450 3128 5498 AB
3154 5464 3166 5498 :
3199 5450 3351 5502 τοῦτο

812 5525 971 5577 eam
990 5524 1074 5576 AB
1104 5541 1118 5577 :
1145 5522 1476 5591 διακοσμηθ”
1490 5540 1575 5574 ναι
1602 5538 1661 5583 ς.
1688 5522 1755 5551 ’⁸⁸
1782 5518 2130 5574 αἰσθάνεσθαι
2161 5534 2220 5579 ς.
2262 5518 2305 5547 ’⁸
2335 5519 2728 5585 προγενόμενην
2758 5534 2819 5580 ς.
2859 5517 2904 5552 ⁸⁷
2928 5516 3129 5577 ἐθέλεις
3150 5514 3211 5569 Β.
3244 5514 3289 5545 ⁸⁸
3317 5514 3351 5585 ἢ

813 5560 920 5645 Ai).
984 5595 1026 5624 ⁸⁰
1060 5594 1255 5645 κόσμος
1280 5540 1524 5645 om.‘A1i}.
1575 5594 1615 5623 "
1643 5590 1827 5644 τοῦτον
1866 5593 1909 5644 Α
1943 5610 1955 5645 :
1982 5587 2138 5642 τοῦτο
2166 5604 2226 5645 ς.
2297 5587 2340 5618 ³⁸
2368 5587 2449 5645 δέ]
2489 5588 2667 5642 malim
2700 5588 2824 5645 γάρ.
2899 5586 2948 5618 ³³
2974 5588 3008 5645 ἡ
3029 5587 3149 5642 add.
3181 5589 3241 5640 Δ.

2780 5449 2824 5477 ’⁵
2852 5445 3008 5498 τοῦτο
3040 5446 3128 5498 AB
3154 5464 3166 5498 :
3199 5445 3376 5506 τοῦτο,
3405 5443 3563 5514 τοῦτο
3585 5443 3649 5507 ς.
3738 5443 4031 5514 νίδιακριο

3380 5513 3662 5578 σύνθετος.
3712 5513 3759 5547 η
3783 5512 3889 5583 ὕλη
3916 5512 4027 5569 om.

906 5635 920 5648 .
984 5595 1026 5624 ⁸⁰
1060 5594 1255 5663 κόσμος
1280 5586 1524 5647 οιιἰ.⁶ΑΒ.
1575 5594 1615 5623 ³³
1643 5590 1827 5644 τοῦτον
1866 5593 1909 5644 Α
1943 5610 1955 5645 :
1982 5587 2138 5642 τοῦτο
2166 5604 2226 5649 ς.
2297 5587 2340 5618 ³⁸
2368 5587 2450 5655 δέ]
2489 5588 2667 5642 malim
2700 5588 2824 5657 γάρ.
2899 5586 2948 5618 ³³
2974 5588 3008 5655 ἡ
3029 5587 3149 5642 add.
3181 5589 3241 5640 Δ.

2283 5698 2503 5757 NOTAE.

885 5774 995 5833 (89‘;
1027 5775 1201 5831 Malim
1236 5775 1286 5829 id
1319 5776 1369 5828 iu
1402 5792 1494 5831 ora
1523 5784 1913 5832 seocrneretur.
