4208 6442
173 405 294 471 1157

1208 398 1723 463 BIBLIOTHECA.
1753 419 1818 432 -
1845 395 2009 459 COD.
2039 393 2385 455 CCXXXVI.

3262 386 3400 455 1158

175 521 405 572 τουτέστι
447 518 577 588 πρὶν
599 518 644 549 ⁸⁸
681 518 747 571 τὰ
778 517 926 571 ἀπλᾶ
983 516 1276 571 συνελθεῖν.
1314 517 1374 569 El
1400 516 1457 569 δὲ
1485 511 1554 585 ἦν
1596 529 1727 566 ποτε

1832 510 2073 564 materia.
2119 508 2425 579 Composita
2467 517 2645 562 autem
2679 522 2743 564 ex
2779 506 3120 577 simplicibus
3145 519 3401 563 constant

168 610 349 679 καιρὸς
378 611 465 663 ὅτε
491 611 526 680 ἠ
561 609 662 678 ὕλη
689 610 789 661 οὐκ
830 604 920 678 ἦν.
948 608 1047 660 οὐκ
1090 603 1160 678 ἦν
1181 607 1239 660 δέ
1268 624 1396 659 ποτε
1429 606 1613 675 καιρὸς
1636 605 1722 657 ὅτε

169 701 421 767 ἀγένητον
464 700 564 752 οὐκ
606 696 694 768 ἦν,
731 700 833 752 οὐκ
886 699 995 766 ἄρα.
1039 697 1191 750 ἔσται
1235 698 1496 767 ἀγένητος
1520 698 1553 766 ὴ
1586 694 1682 762 ὕλη
1707 711 1722 725 ⁸

169 786 222 836 τὺ
245 786 287 837 δ’
317 785 565 839 ἐντεῦθεν
619 789 727 855 ἄρα
757 787 907 839 ἔσται
933 785 1105 839 πολλὰ
1155 788 1221 841 τὰ
1250 787 1508 855 ἀγένητα.
1539 785 1600 838 El
1621 786 1726 854 γὰρ

168 871 229 945 ἦν
258 877 520 949 ἀγένητος
569 880 597 931 ὁ
646 878 798 942 Θεὸς,
830 873 898 949 ἦν
926 878 981 931 δὲ
1010 880 1249 948 ἀγένητα
1283 880 1376 931 καὶ
1407 878 1475 931 τὰ
1498 877 1646 931 ἁπλᾶ
1669 874 1728 941 ἐξ

166 962 292 1038 ὦνὴ
334 968 435 1038 ὕλη
461 969 737 1038 συνετέθη,
792 970 892 1021 οὐκ
939 968 1043 1039 ἄρα
1079 970 1232 1023 ἔσται
1259 968 1303 1000 ³⁵
1347 968 1441 1021 δύο
1466 969 1558 1021 καὶ
1594 967 1729 1038 μόνα

166 1060 229 1112 τὰ
254 1060 522 1129 ἀγένητα,
549 1060 636 1113 ἴνα
660 1060 894 1131 παρήσω
912 1061 970 1113 τὸ
993 1060 1325 1130 ἐπιζητῆσαι
1342 1061 1394 1113 τί
1424 1060 1552 1113 ὄντα
1583 1061 1729 1113 ἐστὶν

166 1149 328 1213 ἁπλᾶ,
370 1148 468 1219 ὕλη
496 1149 529 1219 ἢ
552 1144 693 1212 εἶδος
722 1165 736 1178 ’
766 1147 936 1203 πολλὰ
954 1148 1062 1218 γὰρ
1086 1150 1178 1203 καὶ
1202 1148 1374 1212 οὕτως
1401 1149 1575 1203 ἄτοπα
1607 1150 1728 1202 ἀκο-

166 1239 504 1309 λουθήσειαν.

1825 609 1881 655 et
1912 598 2233 654 subsistunt.
2271 598 2401 652 Erat
2429 596 2715 667 aliquando
2748 611 2870 651 cum
2898 595 3125 650 materia
3171 608 3277 649 non
3308 608 3403 649 es-

1826 700 1949 759 set,
1997 695 2103 746 hoc
2148 700 2251 755 est,
2282 700 2567 760 antequam
2612 688 2878 759 simplicia
2920 695 3403 760 componerentur.

1828 784 1885 839 Si
1909 799 2038 840 vero
2064 784 2165 838 fuit
2188 784 2478 854 aliquando
2506 793 2853 851 tempus,qua
2878 782 3104 837 materia
3130 795 3233 835 non
3257 778 3399 833 fuit:

1828 889 1932 929 non
1966 873 2067 928 fuit
2099 883 2280 929 autem
2309 888 2544 942 unquam
2579 880 2792 941 tempus
2812 887 2922 942 quo
2952 873 3249 943 ingenitum
3293 884 3401 924 non

1827 977 1944 1021 erat
1978 984 1991 1020 :
2029 982 2131 1021 non
2177 967 2283 1022 erit
2313 981 2442 1037 ergo
2490 965 2723 1036 ingenita
2751 964 2843 1037 [ab
2874 963 3098 1036 aeterno]
3150 963 3401 1019 materia.

1828 1058 1944 1113 Hoc
2001 1070 2179 1115 autem
2215 1060 2338 1114 hinc
2371 1069 2630 1128 sequetur
2661 1058 2821 1111 multa
2870 1058 2985 1112 lore
3019 1058 3257 1128 ingenita
3291 1075 3303 1110 :
3353 1056 3399 1110 si

1833 1154 1974 1208 enint
2034 1152 2174 1207 Deus
2222 1152 2512 1221 ingenitus,
2554 1160 2608 1205 et
2641 1159 2796 1205 erant
2838 1150 3109 1219 simplicia
3140 1148 3402 1218 ingenita,

1827 1259 1895 1299 ex
1934 1245 2126 1315 quibus
2154 1245 2376 1299 materia
2408 1243 2701 1312 composita
2725 1252 2828 1309 est,
2856 1257 2961 1297 non
2984 1250 3143 1297 erunt
3174 1238 3407 1309 amplius

164 1338 263 1392 «luo
291 1346 346 1391 et
376 1337 487 1390 sola
521 1335 777 1403 ingenita,
822 1342 879 1389 ut
908 1335 1314 1404 praetermittam
1339 1349 1580 1405 quaerere
1603 1337 1729 1407 quid
1769 1336 1968 1394 fuerint
2043 1339 2131 1395 illa
2195 1338 2482 1410 simplicia,
2543 1335 2766 1391 materia
2845 1348 2911 1386 an
2963 1331 3159 1387 forma.
3235 1330 3401 1385 Multa

162 1428 300 1481 enim
329 1437 386 1482 et
413 1427 534 1480 hinc
582 1428 816 1481 absurda
850 1437 1167 1495 sequentur.

228 1523 389 1573 Δοκεῖ
415 1520 473 1573 δέ
502 1537 585 1572 σοι
634 1519 803 1590 μηδὲν
830 1520 935 1573 τῶν
979 1519 1147 1572 ὄντων
1200 1518 1332 1572 αὐτὸ
1375 1518 1550 1589 ἑαυτῷ
1582 1521 1729 1574 ἀντι-

162 1608 408 1674 κεῖσθαι;
438 1611 612 1663 Δοκεῖ.
654 1609 975 1661 Ἀντίκειται
997 1610 1055 1662 δὲ
1085 1607 1163 1678 τῷ
1187 1611 1321 1680 πυρὶ
1351 1610 1412 1662 τὸ
1446 1609 1611 1680 ὕδωρ,
1640 1612 1731 1664 καὶ

161 1701 236 1770 τῷ
268 1701 412 1767 φωτὶ
470 1701 530 1753 τὸ
574 1701 787 1762 σκότος,
820 1702 913 1753 καὶ
941 1700 1019 1771 τῷ
1062 1700 1256 1773 ψυχρῷ
1291 1703 1354 1755 τὸ
1379 1703 1600 1775 Θερμδν,
1637 1706 1730 1759 καὶ

160 1786 235 1857 τῷ
275 1788 425 1858 ξηρῷ
450 1789 511 1840 τὸ
536 1788 733 1858 ὕγρόν;
762 1787 946 1849 Οὕτως
970 1790 1113 1859 ἔχειν
1142 1808 1229 1861 μοι
1251 1791 1294 1823 ³⁸
1322 1792 1490 1847 δοκεῖ.
1521 1794 1728 1847 Οὐκοῦν

162 1881 208 1929 εί
240 1879 409 1948 μηδὲν
450 1878 557 1932 τῶν
600 1879 770 1932 ὄντων
812 1880 943 1933 αὐτὸ
988 1880 1162 1951 ἑαυτῷ
1222 1881 1542 1947 ἀντίκειται,
1569 1885 1730 1955 ἀλλή-

162 1970 349 2032 λοιςδὲ
404 1970 575 2024 ταῦτα
620 1973 922 2026 ἀντίκειται
944 1973 1008 2037 ³⁷,
1064 1974 1164 2027 οὐκ
1221 1974 1432 2028 ἔσονται
1470 1975 1571 2047 ὕλη
1608 1979 1726 2049 μία,

160 2062 277 2115 οὐδὲ
306 2061 415 2133 μὴν
441 2062 500 2125 ἐξ
528 2060 658 2133 ὕλης
689 2066 839 2131 μιᾶς.

229 2164 401 2216 Πάλιν
434 2162 492 2215 δὲ
513 2162 777 2215 πυθέσθαι
831 2162 1092 2235 βούλομαι
1119 2182 1132 2196 ·
1187 2168 1349 2220 Δοκετ
1370 2185 1452 2221 σοι
1483 2170 1550 2222 τὰ
1590 2171 1729 2240 μέρη

162 2254 235 2321 μὴ
255 2252 580 2323 ἀναιρετικὰ
626 2252 873 2325 ἀλλήλων
919 2251 1098 2321 εἶναις
1155 2259 1329 2313 Δοκεῖ.
1364 2253 1516 2313 Εἶναι
1550 2261 1607 2315 δὲ
1630 2264 1727 2331 τῆς

160 2344 291 2414 ὕλης
326 2346 492 2414 μέρος
521 2344 582 2397 τό
610 2361 668 2397 τε
698 2343 809 2416 πῦρ
842 2345 938 2399 καὶ
966 2347 1027 2399 τὸ
1052 2346 1216 2420 ὕδωρ,
1241 2348 1498 2416 ὡσαύτως
1536 2352 1593 2406 δὲ
1635 2354 1728 2406 κα)⁹

157 2437 223 2488 τὰ
247 2434 443 2502 λοιπάς
474 2436 659 2500 Οὕτως
688 2437 817 2507 [χω.
859 2438 925 2491 Τί
960 2438 1055 2505 δέ;
1088 2442 1148 2492 οὐ
1195 2442 1342 2495 δοκεῖ
1365 2460 1445 2496 σοι
1468 2446 1733 2515 ἀναιρετι-

159 2527 251 2579 κὸν
282 2528 383 2596 μὲν
409 2523 547 2581 εἶναι
573 2527 667 2581 τοῦ
697 2530 867 2600 πυρὸς
888 2530 949 2583 τὸ
1002 2529 1168 2601 ὕδωρ,
1199 2532 1294 2586 τοῦ
1330 2534 1387 2588 δὲ
1413 2536 1635 2600 σκότους
1672 2540 1732 2592 τὸ

158 2620 297 2685 φῶς,
347 2620 443 2673 καὶ
487 2616 657 2674 τᾶλλα
704 2623 803 2675 ὃσα
859 2624 1071 2686 τούτοις
1121 2628 1514 2697 παραπλήσια;
1551 2632 1725 2683 Δοκεῖ.

158 2710 371 2763 υὺκοῦν
407 2715 456 2764 εί
486 2714 553 2765 τὰ
583 2714 728 2785 μέρη
774 2716 874 2766 οὐκ
922 2714 1067 2768 ἔστιν
1121 2716 1364 2788 ἀλλήλων
1391 2721 1729 2791 ἀναιρετικὰ,

156 2802 334 2854 ταῦτα
359 2802 416 2855 δὲ
441 2805 765 2875 άναιρετικὰ
798 2808 1079 2875 τυγχάνει,
1122 2809 1221 2863 οὐκ
1258 2810 1366 2883 ἄρα
1398 2810 1551 2864 ἔσται
1577 2812 1619 2845 ³⁸
1641 2814 1734 2868 ἀλ-

157 2892 335 2963 λήλων
371 2894 546 2964 μέρη·
579 2897 626 2947 εί
652 2895 697 2947 δ’
747 2895 791 2928 ³⁹
831 2898 928 2949 οὐκ
957 2897 1106 2951 ἔσται
1143 2900 1385 2969 ἀλλήλων
1415 2903 1595 2972 ῑμέρη,
1634 2905 1734 2957 οὐκ

153 2986 378 3039 ἔσονται
406 2987 538 3057 ὕλης
571 2990 721 3057 μιᾶς.
756 2989 915 3043 Ἀλλὰ
947 2992 1053 3061 μὴν
1083 2992 1190 3044 οὐδ’
1214 2989 1279 3046 αὕ
1304 2993 1348 3024 ⁸⁸
1375 2993 1586 3047 ἔσονται
1611 2994 1732 3065 ὕλη,

153 3080 231 3151 τῷ
305 3081 476 3151 μηδέν
525 3098 578 3134 τι
622 3082 731 3134 τῶν
764 3081 934 3135 ὅντων
988 3082 1119 3135 αὐτὸ
1166 3084 1361 3137 ἑαυτοῦ
1388 3086 1733 3155 ἀναιρετικὸν

154 3168 322 3229 εἶναι.
350 3172 536 3234 Οὕτως
562 3168 655 3226 οὖν
680 3174 789 3225 τῶν
821 3173 1210 3243 ἀντικειμένων
1267 3174 1520 3245 ἐχόντων,
1557 3178 1619 3229 τὸ
1654 3180 1729 3249 μὴ

152 3260 297 3317 εἶναι
330 3265 431 3335 τὴν
466 3264 600 3333 ὕλην
632 3264 927 3317 δείκνυται.

225 3353 367 3421 Περὶ⁸
404 3352 502 3421 μὲν
529 3353 627 3421 τῆς
659 3351 791 3422 ὕλης
847 3355 1133 3423 αὐτάρκως
1186 3354 1297 3426 ἔχει
1318 3374 1331 3388 ·
1362 3357 1487 3428 [949
1521 3359 1610 3432 R.]
1642 3362 1733 3413 ἐπὶ

151 3443 331 3512 δὲτὴν
354 3443 465 3496 τῶν
494 3443 680 3496 κακῶν
711 3444 959 3508 ἐξέτασιν
995 3445 1251 3516 ἔρχεσθαι
1300 3448 1401 3511 δεῖ,
1443 3450 1538 3503 καὶ
1568 3453 1734 3519 ἀναγ-

152 3536 330 3597 καίως
358 3536 652 3603 ἀναζητεῖν
682 3534 751 3587 τὰ
792 3536 941 3605 παρὰ
985 3536 1314 3606 ἀνθρώποις.
1357 3540 1438 3595 Τὰ
1486 3542 1613 3612 παρ’
1643 3543 1734 3595 ἀν-

150 3628 400 3697 Θρώποις
450 3629 597 3681 κακὰ
637 3627 863 3697 πότερον
918 3628 961 3657 δ’
1029 3629 1142 3699 είὸη
1192 3633 1451 3701 τυγχάνει
1497 3634 1665 3686 κακοῦ
1697 3636 1730 3704 ἢ

153 3722 304 3791 μέρη
328 3739 342 3785 ;
372 3721 433 3773 El
455 3722 561 3791 γὰρ
594 3722 731 3790 εἴδη,
757 3722 855 3774 οὑκ
881 3722 1153 3793 άραέσται
1178 3723 1366 3796 ἕτερον
1386 3727 1537 3795 παρὰ
1567 3727 1733 3780 ταῦτα

147 3815 212 3865 τὸ
239 3814 418 3865 κακὸν
455 3812 578 3865 καθ’
622 3814 773 3877 αὐτὸ,
819 3813 898 3882 τῷ
938 3816 1006 3867 τὰ
1045 3816 1175 3886 γένη
1200 3818 1257 3869 ἐν
1287 3819 1396 3879 τοῖς
1417 3819 1611 3871 εῐδεσιν
1642 3820 1732 3884 ἐξ-

146 3904 453 3966 ετάζεσθαι
478 3904 571 3955 καὶ
598 3904 919 3972 ὑφεστάναι.
950 3904 1013 3958 El
1057 3905 1113 3958 se
1152 3905 1330 3972 τοῦτο,
1366 3910 1591 3980 γενητὸν
1624 3910 1733 3979 ἄρα

147 3998 311 4050 ἔσται
343 3996 386 4026 δ’
410 3992 471 4048 τὸ
500 3999 667 4049 κακόν
686 4010 701 4026 ⁸
740 3997 808 4048 τὰ
855 3997 961 4067 γὰρ
1006 3997 1118 4067 είδη
1173 3999 1377 4065 γενητὰ
1402 4000 1530 4053 ὄντα
1555 4000 1600 4032 ⁵³
1626 4002 1732 4056 δεί-

147 4110 375 4155 κνυται,
404 4088 515 4144 οἷον
548 4092 706 4161 φόνος
724 4094 817 4144 καὶ
851 4094 1063 4162 μοιχεία
1102 4093 1196 4146 καὶ
1220 4094 1286 4147 τὰ
1317 4094 1525 4159 τούτοις
1551 4116 1730 4169 παρα-

148 4185 378 4254 πλήσιαΔ
415 4184 546 4235 Είδὲ
564 4183 704 4254 μέρη
720 4184 865 4247 τινὸς
891 4184 1061 4238 κακοῦ
1080 4185 1249 4239 ταῦτα
1277 4182 1415 4241 εἶναι
1446 4190 1647 4255 ἐθέλοις
1664 4192 1728 4254 ⁸⁵,

146 4280 272 4329 ἐστι
302 4278 362 4329 δὲ
381 4276 555 4329 ταῦτα
578 4277 802 4346 γενητὰ,
821 4278 1030 4348 ἀνάγκη
1054 4279 1273 4332 κάκεῖνο
1293 4283 1517 4353 γενητὸν
1555 4284 1732 4355 ὑπάρ-

144 4386 291 4437 χειν.
336 4363 438 4421 Ὦν
465 4369 572 4435 γὰρ
623 4368 691 4419 τὰ
742 4369 881 4438 μέρη
932 4372 1135 4439 γενητὰ
1162 4370 1229 4433 ⁸⁸,
1257 4370 1428 4425 ταῦτα
1457 4376 1655 4443 ὁμοίως
1672 4376 1731 4441 ὲξ

142 4462 408 4530 ἀνάγκης
465 4460 580 4512 ἐστὶ
629 4460 863 4529 γενητά⁹
908 4460 967 4513 τὸ
988 4462 1096 4533 γὰρ
1126 4463 1248 4517 ὅλον
1283 4466 1348 4517 ἐκ
1383 4467 1566 4537 μερῶν
1599 4485 1727 4519 συν-

142 4550 378 4619 έστηκε.
409 4548 518 4600 Καὶ
532 4547 593 4600 τὸ
625 4548 724 4617 μὲν
741 4548 858 4602 ὅλον
881 4550 980 4602 οὐκ
1006 4549 1157 4605 ἔσται
1185 4552 1259 4623 μὴ
1293 4553 1460 4608 ὄντων
1479 4554 1605 4627 [505
1635 4556 1725 4629 H.]
1760 4605 1803 4660 Β

143 4642 366 4711 μερῶν,
395 4638 548 4691 ἔσται
603 4639 661 4692 δέ
710 4657 832 4693 τινα
885 4641 994 4694 τῶν
1048 4643 1248 4712 μερῶν,
1284 4645 1386 4698 κᾶν
1419 4648 1494 4717 μὴ
1514 4647 1575 4700 τὸ
1607 4649 1726 4703 ὅλον

137 4735 327 4802 παρῇ.
368 4731 591 4794 Οὐδενὸς
620 4731 676 4784 δὲ
712 4732 818 4784 τῶν
842 4731 1010 4785 ὄντων
1037 4732 1203 4803 μέρος
1222 4736 1319 4803 μέν
1339 4737 1453 4789 ἐστι
1477 4740 1726 4810 γενητὸν,

140 4824 323 4894 ptépo;
362 4821 419 4875 δὲ
454 4821 735 4892 ἀγένητον.
769 4824 832 4877 El
885 4823 943 4876 δὲ
984 4826 1077 4878 καὶ
1115 4825 1276 4880 τοῦτο
1306 4834 1728 4900 συγχωρήσαιμι

136 4916 220 4984 τῷ
253 4916 429 4985 λόγῳ,
460 4909 526 4984 ἦν
552 4932 680 4968 ποτε
714 4914 773 4967 τὸ
796 4916 985 4979 κακὸν,
1029 4918 1117 4970 ὅτε
1179 4919 1475 4990 ὁλόκληρον
1514 4926 1613 4977 οὐκ
1637 4921 1725 4995 ἦν,

135 5007 407 5059 τουτέστι
436 5006 564 5077 πρὶν
593 5006 995 5077 δημιουργῆσαι
1022 5008 1120 5078 τὴν
1148 5009 1277 5080 ὕλην
1298 5014 1387 5065 τὸν
1412 5014 1542 5067 Θεὸν
1561 5033 1574 5045 ο
1607 5018 1727 5070 τότε

134 5100 194 5151 δὲ
237 5097 543 5167 ὁλόκληρον
560 5098 787 5166 γίνεται,
814 5099 903 5151 ὅτε
934 5098 1069 5168 πρὸς
1103 5100 1236 5153 Θεοῦ
1269 5101 1488 5170 γέγονεν
1514 5106 1725 5177 ἀνθρω-

134 5204 243 5248 cro:
272 5204 289 5218 ο
318 5185 433 5239 τῶν
454 5188 560 5259 γὰρ
601 5188 784 5259 μερῶν
815 5188 908 5241 τοῦ
950 5189 1120 5243 κακοῦ
1174 5190 1459 5261 ἄνθρωπος
1487 5196 1723 5268 ὑπάρχει

1910 1520 2203 1577 Videturne
2249 1520 2344 1577 tibi
2382 1519 2513 1574 nihil
2542 1532 2730 1573 eorum
2762 1531 2878 1585 quae
2906 1515 3196 1579 exsistunt,
3224 1514 3399 1584 ipsum

1837 1611 1937 1666 sibi
1994 1610 2092 1679 ipsi
2135 1609 2523 1664 contrarium?
2571 1608 2811 1662 Videtur.
2857 1610 2929 1659 At
2980 1606 3083 1675 igni
3129 1605 3403 1659 contraria

1834 1712 1916 1757 est
1943 1718 2081 1772 aqua
2113 1718 2128 1766 ;
2170 1713 2225 1756 et
2262 1702 2366 1756 luci
2401 1701 2638 1755 tenebrat
2669 1716 2683 1766 ;
2719 1710 2774 1755 et
2801 1696 3001 1765 frigido
3023 1697 3256 1752 calidum
3298 1712 3313 1755 ;
3347 1706 3404 1750 et

1834 1794 1985 1849 arido
2042 1793 2367 1849 humidum?
2415 1792 2541 1847 Mihi
2580 1794 2652 1846 ita
2702 1791 2932 1847 videtur.
2980 1791 3122 1861 Ergo
3167 1790 3212 1845 si
3268 1789 3404 1843 nihil

1832 1901 2020 1941 eorum
2046 1902 2167 1957 qua:
2187 1888 2453 1941 exsistunt
2483 1886 2654 1955 ipsum
2683 1885 2782 1939 sibi
2805 1884 3134 1939 contrarium
3158 1892 3260 1946 est,
3285 1883 3403 1937 haec

1836 1988 2012 2033 autem
2043 1979 2144 2033 sibi
2180 1987 2513 2048 repugnant;
2537 1992 2667 2047 ergo
2699 1992 2801 2031 non
2831 1985 2992 2031 erunt
3014 1992 3115 2030 una
3145 1976 3396 2037 materia,

1832 2084 2007 2137 neque
2038 2085 2101 2125 ex
2134 2086 2235 2124 una
2267 2072 2491 2124 materia
2527 2069 2843 2139 composita.

1902 2160 2135 2215 Rursum
2163 2161 2321 2217 velim
2357 2162 2563 2215 audire.
2601 2160 2927 2215 Videnturne
2961 2160 3053 2214 tibi
3089 2172 3268 2230 partes
3299 2159 3402 2214 sibi

1831 2260 2016 2306 mutuo
2046 2268 2240 2308 nocere
2269 2254 2292 2307 ?
2323 2252 2607 2307 Videntur.
2635 2252 2871 2307 Materiae
2914 2264 3120 2322 partem
3151 2255 3403 2323 agnoscis

1831 2360 1991 2398 unam
2043 2346 2242 2416 ignem,
2276 2345 2497 2400 alteram
2540 2360 2756 2415 aquam,
2787 2353 2838 2399 et
2874 2344 2945 2400 ita
2981 2344 3263 2416 reliquasﬁ
3326 2346 3400 2400 lta

1831 2451 2043 2493 censeo.
2094 2436 2234 2504 Quid
2281 2438 2443 2491 vero?
2514 2452 2617 2491 non
2670 2438 2878 2492 videtur
2908 2438 3003 2492 tibi
3039 2453 3175 2507 aqua
3206 2453 3403 2493 nocere

1832 2528 1938 2597 igni
1964 2568 1979 2592 ,
2030 2528 2116 2582 lux
2155 2529 2389 2583 tenebris
2418 2527 2437 2600 [
2462 2527 2861 2600 atlversari]et
2913 2529 3019 2583 alia
3063 2543 3401 2598 qmecunque

1833 2628 1960 2673 sunt
2018 2619 2103 2673 his
2153 2620 2394 2674 similia?
2442 2620 2686 2675 Videtur.
2711 2619 2897 2675 Nonne
2942 2634 3092 2689 ergo,
3125 2620 3168 2674 si
3222 2629 3403 2687 partes

1834 2709 1971 2763 inter
1998 2725 2055 2764 se
2084 2711 2184 2765 sibi
2221 2723 2406 2765 mutuo
2435 2727 2537 2764 non
2559 2720 2773 2775 nocent,
2802 2712 2881 2765 ba:
2914 2722 3095 2765 autem
3126 2725 3183 2765 se
3213 2720 3401 2764 mutuo

1833 2803 2123 2870 perimunt,
2151 2819 2253 2857 non
2277 2813 2435 2857 erunt
2458 2804 2595 2857 inter
2612 2818 2671 2859 se
2701 2813 2880 2872 partes
2903 2821 2915 2855 :
2940 2804 2984 2858 si
3004 2815 3182 2858 autem
3205 2804 3400 2873 3071:

1835 2909 1940 2948 non
1983 2904 2140 2948 erunt
2168 2905 2365 2949 mutua:
2406 2897 2548 2948 inter
2584 2911 2643 2949 se
2679 2905 2882 2963 partes,
2919 2911 3023 2949 non
3056 2904 3214 2949 erunt
3239 2896 3400 2947 unius

1834 2987 2074 3041 materiae
2109 3004 2122 3040 :
2167 2987 2273 3041 imo
2298 3003 2395 3043 nec
2416 2998 2575 3042 erunt
2604 2989 2847 3051 materia,
2873 3002 2937 3041 eo
2966 2988 3107 3057 quod
3133 2986 3269 3040 nihil
3296 2986 3398 3040 sibi

1833 3078 1929 3147 ipsi
1977 3080 2049 3134 sit
2089 3082 2421 3135 contrarium
2475 3096 2571 3137 seu
2618 3082 2859 3135 noxium.
2892 3080 3026 3135 Cum
3070 3093 3205 3149 ergo
3242 3092 3300 3131 se
3330 3080 3401 3132 ita

1834 3172 2064 3228 habeant
2094 3175 2360 3245 opposita,
2392 3185 2536 3245 patet
2566 3175 2688 3229 inde
2708 3189 2769 3228 ea
2808 3190 2909 3227 non
2936 3188 3057 3228 esse
3094 3172 3397 3227 materiam.

1902 3382 2077 3451 Atque
2103 3383 2170 3439 de
2192 3384 2417 3438 materia
2446 3384 2578 3438 satis
2601 3384 2821 3438 dictum.
2861 3381 3192 3439 Veniendum
3214 3392 3396 3437 autem

1835 3484 1918 3528 est
1949 3476 2014 3529 ad
2039 3476 2301 3530 malorum
2337 3476 2786 3545 disquisitionem,
2818 3486 2871 3531 et
2895 3478 3201 3532 necessario
3236 3491 3403 3531 excu-

1835 3566 2011 3621 tienda
2035 3566 2306 3621 hominum
2327 3568 2485 3623 mala.
2509 3566 2643 3621 Mala
2670 3568 2945 3623 hominum
2966 3577 3163 3624 suntne
3190 3569 3403 3638 species

1834 3654 1983 3718 mali,
2008 3669 2075 3708 an
2106 3656 2326 3723 partes?
2352 3656 2407 3711 Si
2441 3659 2650 3726 species
2674 3698 2688 3717 .
2742 3673 2847 3711 non
2884 3657 2987 3711 erit
3007 3658 3151 3711 aliud
3177 3659 3399 3725 malum,

1833 3756 2027 3815 praeter
2088 3748 2183 3801 has
2234 3750 2460 3817 species.
2510 3748 2804 3804 semiudum
2852 3751 3086 3818 seipsum
3138 3766 3203 3805 eo
3258 3754 3400 3820 quod

1832 3850 2028 3904 genera
2047 3837 2098 3889 iu
2133 3839 2409 3906 speciebus
2434 3839 2857 3906 inquirantnr,et
2879 3843 3207 3897 subsistant:
3242 3843 3284 3896 si
3304 3858 3402 3895 au-

1834 3934 1937 3979 tem
1960 3924 2397 3998 hoc[genusest],
2420 3928 2615 3981 malum
2634 3929 2736 3981 erit
2756 3929 3016 3997 genitum:
3047 3945 3169 3984 nam
3193 3932 3401 4000 species

1832 4018 2025 4084 genitae
2058 4018 2357 4085 probantur
2384 4037 2397 4074 :
2426 4029 2483 4073 ut
2510 4030 2593 4075 est
2621 4022 2814 4086 caedes,
2849 4022 3197 4088 adulterium,
3219 4024 3403 4079 ethoc

1831 4123 1997 4175 genus
2022 4109 2240 4163 similia.
2274 4109 2330 4165 Si
2357 4120 2535 4165 autem
2565 4123 2745 4180 partes
2782 4114 3012 4181 alicujus
3037 4113 3158 4167 mali
3192 4115 3401 4185 species

1834 4202 1930 4255 has
1947 4216 2065 4256 esse
2083 4202 2236 4256 velis:
2266 4213 2393 4258 sunt
2410 4212 2586 4259 autem
2612 4205 2692 4259 hae
2716 4207 2908 4277 genitae
2934 4224 2947 4261 :
2979 4221 3201 4262 necesse
3220 4209 3323 4262 erit
3343 4216 3401 4261 ut

1829 4302 1883 4343 et
1904 4300 2069 4345 totum
2092 4292 2217 4346 illud
2235 4295 2467 4363 genitum
2485 4295 2575 4349 sit.
2592 4293 2825 4360 Quorum
2843 4298 2985 4351 enim
3007 4308 3187 4365 partes
3204 4300 3400 4367 genitae

1831 4390 1994 4446 sunt,
2045 4385 2349 4438 necessario
2400 4393 2455 4439 et
2508 4386 2622 4441 hare
2681 4395 2789 4441 tota
2836 4387 3085 4444 similiter
3123 4400 3248 4444 sunt
3302 4404 3399 4461 ge-

1832 4473 1962 4535 nita,
2000 4481 2167 4526 totum
2199 4475 2341 4528 enim
2384 4491 2445 4530 ex
2484 4478 2723 4546 partibus
2738 4489 2969 4535 constat.
3004 4481 3256 4538 Actotum
3281 4483 3398 4558 (90)

1830 4562 2045 4629 quidem
2082 4579 2186 4617 non
2212 4565 2337 4627 erit,
2362 4568 2605 4632 partibus
2632 4582 2735 4621 non
2762 4569 3148 4626 exsistentibus
3173 4588 3188 4638 ;
3215 4580 3399 4639 partes

1834 4666 1961 4705 vero
1988 4652 2180 4722 aliqua:
2200 4664 2375 4720 erunt,
2395 4657 2641 4725 quamvis
2660 4669 2827 4713 totum
2858 4676 2965 4716 non
2994 4662 3155 4717 adsit.
3185 4661 3397 4719 Nullius

1832 4755 2010 4801 autem
2061 4749 2135 4803 rei
2166 4750 2474 4805 exsistentis
2518 4767 2643 4819 pars
2674 4753 2840 4808 altera
2881 4766 2963 4811 est
2998 4758 3197 4827 genita,
3226 4758 3397 4814 altera

1833 4835 2071 4904 ingenita
2103 4856 2118 4891 :
2159 4838 2205 4893 si
2240 4850 2416 4894 autem
2456 4850 2511 4894 et
2541 4842 2641 4896 hoc
2683 4844 2910 4898 Orationi
2935 4848 3251 4914 concedam,
3278 4847 3396 4902 Ma-

1831 4924 1941 4979 lum
1983 4926 2081 4981 fuit
2114 4929 2263 4994 olim,
2294 4945 2414 4984 cum
2448 4940 2616 4987 totum
2658 4933 2923 5004 integrum
2962 4952 3066 4991 non
3101 4949 3266 5006 esset,
3298 4941 3399 4995 hoc

1832 5024 1937 5079 est,
1966 5027 2253 5088 antequam
2283 5020 2423 5075 Deus
2450 5025 2727 5078 materiam
2758 5035 2989 5083 crearet.
3033 5026 3186 5087 Tunc
3215 5044 3395 5087 autem

1832 5115 2001 5161 totum
2029 5108 2291 5179 integrum
2317 5114 2545 5179 exstitit,
2585 5116 2799 5183 quando
2821 5132 2849 5171 a
2881 5117 2989 5173 Deo
3028 5118 3187 5175 homo
3208 5124 3396 5176 condi-

1835 5211 1920 5255 tus
1951 5210 2052 5256 est.
2084 5202 2321 5259 Partium
2349 5206 2493 5261 enim
2530 5208 2655 5261 mali
2699 5219 2885 5264 auctor
2912 5219 2997 5266 est
3038 5210 3216 5269 homo.
3255 5213 3394 5270 Hinc

1451 5327 1687 5386 VARl/E
1722 5333 2123 5393 LECTIONES.

218 5414 272 5445 “
324 5408 459 5481 πρίν
485 5410 529 5461 Δ
561 5427 573 5462 :
602 5409 752 5481 πλὴν
776 5416 856 5475 Ις.

951 5411 995 5445 ⁸⁸
1018 5412 1201 5504 {circae
1238 5432 1347 5504 omZ
1373 5420 1481 5504 AI}:
1548 5422 1604 5504 _"
1624 5442 1715 5504 μοι
1850 5446 1864 5481 :
1904 5432 2076 5504 p115.
2108 5502 2115 5504 _
2164 5434 2209 5465 υ
2234 5434 2483 5504 ἀλλήλοις
2508 5436 2563 5489 δὶ
2584 5435 2755 5490 ταῦτα
2784 5438 3081 5495 ἀντίκειται
3114 5456 3226 5497 om.
3278 5444 3389 5496 AB.

134 5485 181 5586 2
214 5480 655 5605 ξεττὲιοὲξλ
776 5482 990 5605 ξὲέξεῐ
1013 5480 1704 5605 ςξρηδθιρὲνῇἑὰδέιτξηῇίει
1730 5498 1795 5605 ἦν
2861 5480 3252 5568 ’Ὡῖἆιῖἆινὲιίὶ

132 5554 181 5586 ⁸³
214 5552 360 5605 ὄντα.
385 5564 493 5604 om.
530 5548 638 5603 AB.
706 5550 753 5581 “
776 5551 978 5616 ιθέλεις

1154 5557 1201 5588 ⁸⁸
1225 5561 1427 5629 γενητὰ
1456 5568 1711 5634 expungit
1742 5570 1801 5623 Α.
1827 5557 1935 5623 ὗιη.
1974 5570 2030 5625 Β·

1622 5647 1855 5715 NOTAE.

390 5736 581 5791 Totum
635 5735 899 5805 integrum
945 5738 1211 5811 intelligit.
1254 5739 1448 5798 Positis
1494 5745 1741 5802 omnibus
1779 5752 2019 5817 partibus
2072 5757 2286 5825 ponitur
2328 5768 2540 5826 totum;
2581 5760 2786 5817 sublata
2834 5777 2936 5817 una
2990 5773 3142 5833 parte
3191 5763 3396 5819 tollitur

133 5823 347 5868 totum.
