4208 6442
820 325 955 390 1159

1942 325 2201 385 ΡΠΟΊῚΙ
2240 324 2740 383 PA'I‘RIARCILE
2789 324 2896 381 Cl".

3925 322 4051 386 1160

810 447 867 489 ut
903 443 1071 486 totum
1098 431 1364 499 integrum
1396 431 1517 483 mali
1564 433 1870 496 exsisteret,
1914 446 2100 487 auctor
2129 436 2253 495 crit,
2288 435 2376 500 qui
2410 439 2452 492 Α

2410 439 2452 492 Α
2484 436 2730 501 ποιητής.
2762 436 2867 484 Καὶ
2896 433 2955 484 τὸ
2985 432 3232 484 ἐντεῦθεν
3302 432 3591 500 ὀλόκληρον
3624 428 3762 485 εἶναι
3800 432 3859 484 τὸ
3892 452 4052 487 κακον

808 524 1045 581 condidit
1081 520 1276 593 [illum]
1324 522 1480 575 Deus.
1533 524 1687 588 Quod
1737 526 1958 592 impium
2010 534 2112 577 est.
2152 525 2208 578 Si
2257 540 2381 577 vero

811 626 1060 673 neutrum
1109 615 1296 667 horum
1341 615 1544 668 dixeris
1592 630 1714 669 esse
1742 619 1961 680 malum,
2010 619 2100 670 sed
2131 616 2254 667 ntali
2285 616 2380 667 alic

808 708 963 777 cujus
1010 723 1145 771 Opus
1182 721 1304 759 esse
1335 706 1593 769 aﬂirmas,
1629 718 1740 760 tum
1787 709 2023 774 genitum
2061 723 2178 760 esse
2209 708 2382 776 ipsum

806 798 1149 867 iloces.0pns
1171 800 1312 851 enim
1344 798 1710 867 cujuscunque
1762 800 2078 868 principium
2116 800 2381 852 exsisten-

808 893 858 944 di
896 892 1074 944 habet.
1115 892 1192 942 Ad
1232 891 1364 951 lucc,
1396 900 1589 958 praeter
1621 892 1732 944 Ita-c
1768 892 1969 944 nullutn
2008 892 2153 944 aliud
2183 892 2380 944 malum

808 986 1083 1051 assignare
1144 986 1509 1049 potes;qnod
1579 984 1724 1036 enim
1767 999 1902 1050 opus
1961 983 2105 1035 aliud
2159 984 2379 1045 malum,

808 1084 1003 1140 praeter
1054 1074 1103 1126 id
1132 1074 1274 1141 quod
1306 1075 1445 1127 inter
1488 1075 1731 1128 homines
1781 1086 1881 1137 est,
1913 1085 2070 1144 potes
2102 1075 2382 1129 exhibere?

810 1162 942 1215 Nam
970 1163 1109 1230 quod
1148 1166 1192 1214 is
1219 1165 1308 1229 qui
1340 1174 1613 1230 Operatur,
1644 1181 1749 1219 non
1786 1166 1854 1218 sit
1893 1168 2185 1220 secundum
2222 1168 2384 1218 ratio-

809 1268 931 1307 nem
964 1255 1298 1317 substantiae,
1330 1255 1554 1321 malitia,
1587 1258 1680 1309 sed
1723 1258 2018 1311 secundum
2053 1259 2220 1326 ipsam
2256 1275 2381 1327 ope-

809 1350 1073 1402 rationem
1102 1348 1246 1410 mali,
1275 1347 1384 1415 jam
1421 1356 1699 1402 Ostensum
1750 1361 1851 1404 est.

887 1441 1025 1494 Dicit
1054 1440 1355 1494 Methodius
1385 1453 1573 1494 natura
1602 1442 1732 1495 nihil
1762 1457 1881 1497 esse
1904 1444 2126 1510 malum,
2157 1444 2248 1497 sed
2280 1460 2377 1497 usu

810 1534 971 1596 mala,
1010 1533 1127 1587 ﬁeri
1161 1533 1320 1587 mala.

882 1624 1077 1677 Libero
1103 1640 1221 1676 cum
1241 1625 1486 1687 arbitrio,
1516 1625 1686 1693 inquit
1707 1625 2025 1688 Methodins,
2043 1628 2237 1681 factum
2262 1642 2379 1681 esse

809 1712 929 1765 dico
957 1713 1254 1777 hominem,
1292 1728 1394 1767 non
1431 1722 1689 1781 tanquam
1738 1715 1877 1767 malo
1912 1718 2090 1781 aliquo
2114 1717 2223 1783 jam
2254 1730 2378 1769 ante

2484 526 2821 585 αῖτιοςὲσται
2856 527 2902 558 ’θ
2939 525 3348 593 δημιουργήσας
3392 527 3420 574 ὁ
3465 523 3618 588 Θεὸς,
3666 525 3803 592 ὅπερ
3838 525 4055 588 ἀσεϐές.

2484 618 2545 669 Ei
2581 618 2622 669 δ’
2659 619 2765 669 οὐδ’
2795 620 3048 684 ὁπότερον
3066 618 3269 668 τούτων
3296 618 3473 682 λέγεις
3521 616 3583 668 τὸ
3636 616 3829 678 κακὸν,
3860 619 4060 686 πρᾶξιν

2482 710 2537 761 δέ
2577 726 2717 769 τινος
2758 709 2927 760 κακοῦ
2958 706 3093 760 εἶναι
3121 707 3296 772 λέγεις
3339 708 3399 759 τὸ
3444 709 3632 771 κακὸν,
3656 710 3887 778 γενητὸν
3931 711 4060 761 αὐτὸ

2483 800 2746 869 ὑπάρχειν
2788 798 3052 867 μηνύεις⁶
3102 800 3134 864 ἠ
3178 799 3287 867 γὰρ
3314 799 3405 850 τοῦ
3432 815 3579 860 τινος
3635 800 3833 868 πρᾶξις
3888 802 4060 869 ἀρχὴν

2481 895 2573 944 τοῦ
2616 890 2753 943 εἶναι
2794 891 3079 959 λαμϐάνει.
3128 891 3273 961 Πρὸς
3318 891 3381 961 δὴ
3424 892 3634 953 τούτοις
3670 892 3822 943 οὐδὲν
3873 893 4059 961 ἐτεῇ-δ

2482 985 2629 1051 παρὰ
2662 984 2833 1035 ταῦτα
2871 985 2932 1035 τὸ
2965 986 3133 1036 κακὸν
3164 985 3337 1036 είπεῖν
3377 982 3539 1051 ἔχεις.
3580 982 3743 1034 Ποίαν
3778 984 3892 1052 γὰρ
3923 988 4059 1052 πρᾶ-

2482 1076 2563 1140 ξιν
2592 1076 2764 1144 κακὴν
2793 1077 2977 1140 ἕτερον
3002 1076 3151 1145 παρὰ
3185 1076 3241 1127 τὸ
3262 1075 3303 1105 ⁵⁷
3344 1078 3401 1127 ὲν
3444 1074 3751 1141 ἀνθρώποις
3788 1074 4059 1125 δεικνύειν

2482 1166 2622 1234 ἔχεις
2644 1182 2657 1226 ;
2683 1167 2763 1215 ὅτι
2788 1164 2894 1233 γὰρ
2923 1167 2950 1216 ὁ
2983 1164 3219 1231 ἐνεργῶν
3248 1163 3309 1215 οὐ
3339 1163 3479 1214 κατὰ
3506 1163 3597 1214 τὸν
3620 1164 3716 1230 τῆς
3749 1164 3947 1223 οὐσίας
3984 1165 4059 1213 λό-

2480 1275 2574 1325 γον
2612 1258 2845 1325 ὑπὰρχει
2882 1256 3047 1309 κακία
3067 1256 3132 1318 ⁸⁸,
3168 1255 3303 1308 ἀλλὰ
3332 1255 3450 1309 κατ’
3480 1255 3609 1308 αὐτὸ
3634 1255 3694 1308 τὸ
3722 1257 3978 1325 ἐνεργεῖν
4003 1258 4057 1309 τὸ

2481 1352 2664 1413 κακδν,
2699 1352 2795 1420 ἤδη
2826 1350 3110 1402 δέδεικται.

2553 1445 2674 1495 ’Ότι
2697 1445 2763 1511 τῇ
2788 1443 2944 1509 φύσει
2974 1441 3138 1493 κακὸν
3182 1440 3334 1492 οὐδέν
3389 1443 3557 1506 ἐστιν,
3593 1443 3729 1497 ἀλλὰ
3764 1450 3836 1516 τῇ
3865 1450 4057 1520 χρήσει

2481 1536 2685 1603 γίνεται
2717 1536 2860 1587 κακὰ
2883 1535 2949 1585 τὰ
2978 1532 3141 1587 κακά..

2556 1626 2677 1677 Ὅτι
2698 1623 3064 1686 αὐτεξούσιον,
3091 1621 3244 1690 φησὶ,
3268 1623 3544 1690 γεγονέναι
3562 1627 3707 1695 φημὶ
3724 1628 3819 1679 τὸν
3848 1631 4058 1700 ἄνθρω-

2484 1734 2601 1778 πον,
2633 1718 2729 1785 οὐχ
2749 1717 2823 1777 ὠς
2856 1713 3327 1785 προῦποκειμὲνου
3344 1714 3486 1777 τινὸς
3513 1717 3611 1786 ἤδη
3644 1719 3844 1783 κακοῦ,
3874 1718 3941 1774 οἶ)
3966 1723 4057 1791 τὴν

808 1804 1129 1867 exsistente,
1160 1804 1316 1873 cujus
1352 1804 1608 1873 eligendi,
1636 1806 1680 1860 si
1718 1807 1891 1869 vellet,
1931 1817 2246 1874 potestatem
2282 1809 2378 1860 ha-
2411 1796 2453 1850 Β

2411 1796 2453 1850 Β
2484 1808 2729 1871 ἐξουσίαν
2757 1807 2849 1859 τοῦ
2873 1804 3109 1866 ἑλέσθαι,
3138 1806 3185 1854 εἰ
3222 1803 3461 1872 βούλοιτο
3486 1807 3551 1870 ⁸9,
3571 1807 3861 1878 ἅνθρωπος
3886 1814 4056 1882 ἐλάμ-

810 1897 961 1950 beret
995 1915 1007 1948 :
1043 1899 1137 1949 sed
1172 1898 1282 1951 sola
1314 1912 1475 1950 causa
1518 1909 1655 1963 erat,
1697 1900 1977 1954 obediendi
2015 1900 2123 1954 Deo
2156 1900 2233 1953 vel
2277 1916 2381 1952 non

809 1988 1115 2042 obediendi.
1176 1988 1285 2043 Iloc
1334 1992 1476 2043 enim
1536 2000 1661 2044 tunc
1728 2003 1844 2046 erat
1898 1994 1947 2046 in
2024 1994 2189 2063 ipsius
2241 1994 2385 2046 arbi-

810 2081 935 2133 trio.
991 2081 1187 2151 308a
1223 2082 1286 2135 Et
1331 2082 1489 2135 homo
1519 2086 1766 2137 conditus
1807 2100 1834 2137 a
1894 2085 2001 2138 Deo
2058 2096 2379 2153 praaceptum

808 2174 1024 2241 accipit,
1059 2184 1113 2229 et
1143 2174 1266 2227 hinc
1287 2173 1398 2244 jam
1431 2176 1633 2229 tnalum
1668 2178 1880 2246 incipit.
1916 2177 2030 2231 Non
2060 2180 2201 2230 enim
2233 2188 2383 2247 paret

806 2267 988 2322 divino
1020 2270 1286 2323 mandato.
1315 2269 1380 2324 Et
1416 2271 1516 2325 hoc
1547 2281 1602 2325 et
1665 2273 1835 2326 solum
1870 2283 1986 2327 erat
2020 2272 2239 2340 malum,
2267 2274 2380 2327 ino-

808 2360 1098 2426 bedientia,
1129 2377 1250 2431 quae
1276 2362 1347 2417 ibi
1402 2363 1567 2432 cmpit
1602 2365 1884 2419 exsistere.

1414 2542 1743 2598 CCXXXVH
1767 2588 1782 2601 .

886 2630 1142 2700 Excerpta
1170 2649 1197 2687 e
1253 2633 1386 2687 libro
1422 2636 1589 2687 sancti
1634 2633 1887 2687 Metliodii
1929 2633 2005 2686 De
2043 2635 2302 2688 castitate.

886 2727 1009 2793 Legi
1047 2726 1295 2780 similiter
1340 2725 1581 2792 ejusdem
1613 2728 1854 2795 quaedam
1891 2742 1954 2779 ex
1992 2726 2127 2779 libro
2171 2727 2241 2778 De
2295 2742 2381 2778 ca-

807 2823 1005 2885 stitate,
1038 2829 1097 2873 ut
1145 2821 1198 2873 in
1242 2818 1405 2873 simili
1440 2820 1755 2887 compendio
1790 2828 1910 2872 sunt
1953 2820 2113 2872 edita.
2148 2818 2377 2880 Primus,

810 2912 1008 2979 inquit,
1036 2910 1312 2965 Abraham
1338 2924 1459 2963 cum
1498 2910 1548 2961 in
1588 2919 1907 2963 testamento
1954 2909 2381 2961 circuntcisionis

808 3002 979 3071 legcm
1023 3001 1311 3069 acciperet,
1341 2997 1471 3053 nihil
1520 2998 1661 3051 aliud
1695 2999 1967 3052 insinuare
2010 2999 2237 3062 videtur,
2270 3013 2379 3051 suae

2487 1894 2645 1945 6avav
2666 1911 2678 1925 ο
2720 1894 2855 1946 ἀλλὰ
2879 1892 2974 1961 τὴν
3008 1890 3098 1943 τοῦ
3137 1891 3429 1946 ὑπακούειν
3455 1894 3532 1963 τῷ
3555 1896 3671 1961 Θεῷ
3715 1901 3812 1951 καὶ
3840 1901 3920 1971 μὴ
3963 1903 4057 1954 ὑπ-

2484 1984 2699 2037 ακούειν
2716 1986 2885 2037 αἴτιον
2923 1984 3081 2053 μόνον
3103 1981 3189 2053 ἦν.
3239 1984 3409 2036 Τοῦτο
3443 1988 3549 2053 γὰρ
3593 1988 3654 2040 τὸ
3703 1991 4057 2059 αὐτεξούσιον

2482 2077 2733 2127 ἐϐούλετο
2762 2078 2901 2129 τότε.
2960 2078 3066 2129 Καὶ
3108 2078 3399 2147 γενόμενος
3448 2082 3475 2132 ὁ
3518 2080 3803 2151 ἄνθρωπος
3836 2086 4056 2156 ἐντολὴν

2481 2168 2746 2237 λαμϐάνει
2782 2169 2929 2239 παρὰ
2956 2169 3046 2221 τοῦ
3072 2168 3227 2233 Θεοῦ,
3267 2171 3361 2222 καὶ
3392 2172 3638 2224 ἐντεῦθεν
3660 2174 3760 2244 ήδη
3795 2178 3856 2227 τὸ
3889 2181 4058 2228 κακὴν

2480 2260 2705 2329 ἄρχεται
2732 2275 2744 2287 ⁸
2774 2262 2834 2313 ού
2867 2261 2975 2329 γὰρ
3006 2260 3250 2313 πείθεται
3272 2261 3348 2330 τῷ
3367 2261 3495 2331 θείῳ
3518 2268 3926 2335 προστάγματι.
3953 2271 4056 2321 Καὶ

2479 2352 2637 2404 τοῦτο
2670 2353 2761 2405 καὶ
2791 2354 2951 2422 μόνον
2981 2348 3047 2423 ἧν
3075 2353 3134 2405 τὸ
3175 2354 3367 2419 κακὸν,
3417 2357 3451 2425 ἡ
3501 2359 3774 2428 παρακοὴ,
3814 2361 3940 2427 ἥτις
3964 2362 4053 2412 τοῦ

2481 2440 2619 2498 εἶναι
2650 2446 2851 2515 ἤρξατο
2882 2450 2950 2502 ⁵ο.

3175 2546 3335 2602 ΣΛΖ’.

2856 2636 2967 2689 Τοῦ
3005 2639 3191 2691 αὑτοῦ
3236 2640 3372 2706 Περὶ
3406 2639 3667 2707 ἁγνείας.

2566 2725 2903 2795 Ἀνεγνὼσθη
2941 2727 3033 2780 τοῦ
3059 2729 3224 2781 αὑτοῦ
3252 2733 3314 2782 ὲκ
3347 2729 3441 2783 τοῦ
3477 2730 3617 2797 Περὶ
3640 2730 3910 2796 ἁγνείας,
3938 2730 3993 2791 ὃς
4012 2732 4051 2760 ⁸⁸

2482 2818 2573 2869 καὶ
2603 2820 2659 2869 ἐν
2688 2820 2857 2889 ὁμοίῳ
2890 2822 3159 2890 συνόψεως
3192 2823 3409 2891 ἐξεδόθη
3450 2823 3679 2891 τύπῳυ.
3708 2823 3833 2873 Ὀτι
3867 2824 4057 2891 φησὶν,

2499 2912 2554 2960 '0
2589 2909 2718 2976 γοῦν
2760 2910 3010 2980 Ἀϐραὰμ
3036 2914 3247 2980 πρῶτος
3274 2914 3329 2965 ἐν
3359 2914 3587 2983 διαθήκῃ
3618 2913 3715 2982 τὴν
3750 2914 4057 2982 περιτομὴν

2480 3001 2658 3054 λαϐὼν
2709 3003 2861 3055 οὐδὲν
2921 3004 3104 3073 ἓτερον
3160 3004 3494 3058 αἰνίττεσθαι
3548 3006 3713 3069 δοκεῖ,
3759 3005 3820 3056 τὸ
3854 3007 4056 3056 οἰκεῖον

810 3095 979 3161 ipsius
1014 3092 1196 3148 carnis
1236 3091 1537 3145 membrum
1584 3089 2035 3151 circumcidenda,
2059 3105 2219 3157 quam
2254 3092 2375 3150 hoc,
2406 3136 2447 3194 C

2406 3136 2447 3194 C
2482 3095 2918 3163 ἀποτεμνόμενος
2974 3096 3073 3164 τῆς
3128 3095 3328 3164 σαρκὸς
3361 3094 3525 3147 αὑτοῦ
3565 3096 3746 3164 μέλος,
3793 3098 3826 3166 ἦ
3871 3098 4053 3160 τοῦτο,

814 3203 918 3239 non
941 3185 1168 3254 amplius
1191 3198 1310 3238 esse
1333 3184 1625 3238 liberorum
1646 3186 2090 3251 procreationem,
2117 3183 2167 3234 in
2197 3191 2377 3234 creata

808 3296 875 3333 ex
920 3277 1108 3332 eodem
1160 3275 1423 3345 sanguine
1457 3290 1620 3328 carne
1664 3275 2095 3329 instituendam:
2141 3274 2380 3341 singulos

809 3386 919 3425 sua:
957 3368 1161 3423 sororis
1193 3366 1437 3435 exemplo
1484 3367 1682 3421 docens
1713 3368 2163 3435 quemadmodum
2198 3365 2379 3420 carnis

808 3460 1056 3526 voluptas
1084 3458 1134 3510 in
1162 3470 1455 3525 congressu
1483 3456 1553 3509 sit
1583 3457 1895 3511 resecanda.

880 3550 1015 3617 Ego,
1062 3547 1235 3615 inquit
1266 3557 1547 3614 prmterea,
1582 3547 1712 3599 mihi
1753 3546 1893 3599 clare
1918 3547 2099 3601 videor
2129 3561 2194 3599 ex
2229 3547 2379 3600 Scri-

808 3642 981 3711 pturis
1025 3639 1197 3694 sacris
1244 3638 1692 3691 animadvertisse
1725 3633 1769 3701 1,
1815 3654 1908 3707 per
1940 3639 2266 3709 virginitatis
2296 3641 2379 3693 in-

808 3734 1142 3787 stitutionem
1190 3745 1220 3783 a
1265 3732 1432 3784 verbo
1498 3744 1603 3784 non
1665 3746 1785 3786 esse
1832 3732 2051 3787 omnino
2109 3732 2376 3786 sublatam

810 3825 1101 3878 liberorum
1139 3822 1564 3889 generationem.
1611 3821 1797 3892 Neque
1844 3826 2008 3887 enim,
2041 3826 2165 3894 quia
2205 3824 2379 3878 stellis

808 3916 981 3984 major
1038 3923 1120 3969 est
1179 3916 1307 3967 luna
1352 3912 1488 3983 (91),
1541 3924 1822 3983 propterea
1872 3916 2098 3968 aliorum
2134 3916 2370 3968 siderum

809 4007 988 4060 lumen
1018 4005 1313 4072 exstinguit
1369 4019 1384 4055 :
1436 4020 1536 4057 nec
1595 4006 1717 4073 quia
1747 4005 1866 4059 aliis
1896 4007 2030 4059 cibis
2064 4008 2271 4059 dulcius
2298 4016 2380 4059 est

810 4098 911 4151 mel
948 4108 1001 4151 et
1030 4096 1271 4161 suavius,
1298 4102 1583 4166 propterea
1611 4096 1714 4149 alia
1742 4107 1869 4150 sunt
1902 4097 2094 4150 acerba
2117 4107 2170 4150 et
2194 4110 2374 4149 amara

806 4188 1183 4244 existimanda.

878 4280 1010 4334 Illud
1045 4297 1059 4333 :
1095 4277 1226 4331 Filii
1258 4277 1618 4331 adulterorum
1649 4277 1936 4346 imperfecti
1974 4284 2036 4341 ’³,
2062 4278 2127 4330 de
2178 4277 2378 4330 verita-

805 4383 915 4429 tem
958 4371 1381 4427 adulterantibus
1429 4370 1504 4422 ait
1544 4381 1667 4422 esse
1700 4370 1926 4432 dictum,
1963 4384 2070 4437 quo
2098 4368 2236 4422 falso
2275 4369 2375 4422 sibi

2480 3186 2539 3237 τὸ
2578 3187 2773 3255 μηκέτι
2796 3188 2873 3248 είς
2904 3187 3001 3256 τὴν
3045 3190 3108 3239 ὲκ
3154 3188 3249 3239 τοῦ
3291 3186 3457 3240 αὑτοῦ
3489 3189 3717 3256 αἵματος
3758 3190 3940 3258 σάρκα
3965 3191 4058 3257 δη-

2484 3278 2907 3346 μιουργηθεῑσαν
2974 3279 3367 3349 παιδοσπορίαν
3429 3279 3734 3343 ἐπιτελεῖν,
3796 3280 3909 3331 ἀπὸ
3956 3280 4057 3345 τῆς

2484 3370 2620 3431 ἰδίας
2673 3370 2903 3422 ’ἑκαστον
2949 3370 3214 3423 διδάσκων
3243 3362 3475 3438 ἀδεῖιφῆς
3498 3366 3585 3422 οἷα
3626 3370 3829 3439 σαρκὸς
3857 3373 4058 3425 ἀποτε-

2483 3478 2639 3530 μνειν
2664 3460 2761 3531 τὴν
2779 3462 2922 3514 κατὰ
2956 3462 3233 3514 συνουσίαν
3269 3463 3485 3531 ἡδονήν.

2554 3552 2675 3605 Ὅτι
2708 3554 2894 3623 φησιν,
2949 3551 3089 3619 Ἐγὼ
3145 3551 3253 3621 γὰρ
3306 3552 3720 3621 καθεωρακέναι
3766 3569 3857 3619 μοι
3913 3556 4058 3604 δοκω

2483 3644 2665 3710 σαφῶς
2690 3643 2795 3694 ἀπὸ
2837 3641 2945 3693 τῶν
2983 3642 3237 3711 Γραφῶν,
3290 3642 3371 3694 δτι
3406 3642 3702 3711 παρθενίας
3732 3642 3999 3709 ἐλθούσης
4029 3643 4057 3694 ὁ

2480 3735 2635 3803 λόγος
2654 3735 2756 3787 οὐκ
2779 3735 2953 3787 ἀνεῖλε
2979 3736 3155 3803 πάντη
3198 3733 3561 3800 τεκνογονίαν.
3604 3732 3677 3784 Οὐ
3718 3733 3828 3802 γὰρ
3868 3736 4056 3802 ἐπειδὴ

2479 3825 2587 3877 τῶν
2621 3826 2836 3893 ἄστρων
2866 3827 2897 3893 ἡ
2929 3824 3122 3895 σελήνη
3177 3822 3376 3892 μείζων
3402 3824 3542 3887 ἐστὶ,
3586 3822 3737 3891 παρὰ
3761 3823 3924 3876 τοῦτο
3949 3824 4056 3875 τῶν

2480 3918 2655 3969 ἄλλων
2683 3916 2931 3985 ἀστέρων
2958 3916 3017 3967 τὸ
3044 3914 3156 3983 φῶς
3189 3917 3517 3984 ἀναιρεῖται,
3540 3914 3571 3983 ῆ
3598 3915 3786 3983 ἐπειδὴ
3821 3915 3934 3967 τῶν
3964 3916 4054 3967 ἆλ-

2479 4011 2583 4062 λων
2616 4010 2731 4061 ἐστὶ
2761 4008 3087 4077 γλυκύτερον
3107 4008 3163 4058 τὸ
3190 4008 3311 4074 μέλι
3341 4008 3433 4058 καὶ
3485 4006 3770 4077 ὴδύτερον,
3796 4010 3866 4061 τὰ
3895 4009 4055 4059 λοιπὰ

2479 4102 2651 4169 πικρὰ
2680 4103 2775 4153 καὶ
2800 4100 3030 4170 ἁνήδονα
3064 4098 3363 4166 νομιστέον.

2551 4279 2677 4351 [952
2693 4277 2785 4349 8.]
2800 4278 2921 4331 Ὅτι
2938 4278 3017 4340 τὸ,
3040 4274 3229 4330 Τέκνα
3245 4275 3312 4328 δὲ
3324 4275 3553 4344 μοιχῶν
3571 4276 4053 4343 ἀτελεσφόρητα,

2480 4373 2738 4443 περὶτῶν
2769 4372 2866 4441 τὴν
2924 4368 3182 4439 ἀλήθειαν
3226 4370 3580 4437 μοιχωμένων
3615 4368 3661 4399 ⁵³
3688 4372 3860 4437 φησὶν
3906 4370 4056 4438 εἰρῆ-

805 4472 1061 4532 arrogant
1091 4461 1429 4530 sapientiam,
1466 4469 1522 4513 et
1561 4459 1875 4527 Scripturas
1909 4460 2227 4529 depravant,
2270 4461 2369 4514 im-
2402 4472 2445 4526 ι)

2402 4472 2445 4526 D
2484 4464 2629 4521 σθαι.
2661 4462 2857 4523 οἵτινες
2909 4460 3243 4528 κλεψίσοφοι,
3294 4458 3599 4519 νοθεύοντες
3649 4458 3749 4521 τὰς
3804 4459 4052 4529 Γραφὰς,

806 4565 1181 4621 maturamque
1233 4553 1542 4621 producunt
1605 4552 1923 4621 sapientiam
1954 4589 1972 4615 ,
2018 4553 2216 4620 quique
2251 4568 2374 4625 .per

804 4647 1039 4715 speciem
1071 4646 1293 4715 pietatis
1321 4644 1517 4697 docent
1537 4658 1770 4697 errores.
1796 4643 1965 4697 Aliter
1996 4642 2122 4715 [hoc
2149 4642 2372 4715 dictum]

804 4754 908 4791 non
969 4746 1053 4791 est
1104 4736 1508 4805 intelligendum
1540 4751 1554 4798 ;
1606 4749 1777 4802 neque
1811 4735 1953 4788 enim
1982 4736 2049 4789 de
2088 4734 2271 4789 liberis
2309 4750 2374 4788 ex

804 4829 1073 4881 adulterio
1105 4844 1209 4883 non
1264 4827 1557 4897 pariendis,
1595 4833 1649 4881 et
1674 4827 1724 4879 in
1756 4826 1928 4880 lucem
1965 4826 2102 4879 hanc
2138 4827 2371 4880 sensibi-

804 4920 905 4973 lem
930 4920 1148 4973 edendis
1168 4929 1343 4988 potest
1367 4918 1539 4986 accipi
1564 4936 1575 4969 :
1601 4916 1730 4985 quia
1756 4932 1857 4970 non
1884 4916 2055 4969 solum
2083 4917 2229 4970 multi
2264 4918 2372 4973 nati

802 5021 949 5075 sunt,
978 5011 1071 5066 sed
1102 5010 1262 5065 etiam
1283 5009 1396 5063 nati
1430 5024 1495 5063 ex
1524 5008 1789 5063 adulterio
1826 5009 1960 5062 alios
1998 5019 2345 5075 pepererunt.

873 5169 885 5199 '
924 5169 1111 5222 Matth.
1147 5181 1257 5229 nx,
1280 5166 1313 5219 3
1345 5180 1493 5233 seqq.
1529 5182 1544 5230 ;
1580 5164 1599 5217 1
1629 5163 1755 5218 Cor.
1788 5179 1885 5226 vn,
1918 5162 1955 5215 Ξ
1998 5178 2150 5233 seqq.

2470 4558 2900 4625 ἀτελεσφόρητον
2955 4554 3185 4621 γεννῶσι
3245 4554 3460 4619 σοφίαν,
3501 4554 3568 4619 τῇ
3598 4550 3884 4617 θεοσεϐείᾳ
3922 4568 4053 4615 συγ-

2471 4651 2745 4719 κρίνοντες
2779 4648 2874 4715 τὴν
2910 4646 3136 4714 πλάνην.
3174 4644 3383 4705 Ἀλλως
3413 4642 3521 4712 γὰρ
3545 4641 3802 4709 νοηθῆναι
3834 4643 3941 4695 οὐκ
3965 4645 4058 4707 ἐγ·

2472 4742 2655 4808 χωρεῖ.
2692 4736 2829 4789 Οὔτε
2857 4736 2964 4807 γὰρ
3015 4737 3108 4788 ἐπὶ
3164 4733 3258 4787 τοῦ
3295 4735 3369 4804 μὴ
3418 4730 3694 4785 τίκτεσθαι
3734 4733 3801 4783 τὰ
3838 4732 3907 4783 ἐκ
3935 4749 4055 4799 μοι·

2478 4832 2628 4899 χείας
2649 4828 2810 4881 τέκνα
2856 4830 2950 4881 καὶ
2987 4828 3066 4888 είς
3091 4825 3206 4895 φῶς
3260 4823 3513 4892 αἰσθητὸν
3544 4820 3775 4888 ἄγεσθαι
3829 4821 4057 4873 δύναται

2481 4920 2717 4976 νοεῖσθαι
2744 4920 2812 4984 ⁵⁸,
2843 4922 2921 4971 ὅτι
2950 4917 3131 4970 πολλοὶ
3164 4918 3225 4969 οὐ
3257 4917 3412 4984 μόνον
3437 4914 3762 4983 ἐτέχθησαν,
3790 4914 3930 4965 ἀλλὰ
3964 4914 4056 4964 καὶ

2480 5013 2762 5064 τετόκασιν
2792 5013 2854 5063 ὲκ
2884 5008 3130 5080 μοιχείας
3154 5007 3462 5077 τεχθέντες,
3486 5005 3608 5057 οὔτε
3642 5006 3735 5057 ἐπὶ
3762 5004 3860 5057 τοῦ
3898 5022 4054 5056 πνευ-

2229 5175 2270 5202 m
2306 5164 2430 5235 Sap.
2462 5183 2546 5229 ιιι,
2575 5167 2659 5221 16.

2090 5300 2324 5357 νΑιιιλΕ
2358 5305 2770 5361 LECTIONES.

877 5397 923 5425 “
940 5392 1112 5465 ἔσται]
1135 5393 1242 5494 ἄρα
1273 5391 1380 5445 AB.
1463 5392 1508 5423 ⁸⁷
1533 5389 1614 5462 τὸ]
1674 5390 1769 5444 τοῦ
1823 5391 1930 5445 AB.

877 5464 1017 5494 ιραι..
1045 5482 1080 5494 ι-
1203 5466 1223 5494 ο
1261 5473 1372 5494 una!
1402 5462 1607 5494 ἅλικι-η
1644 5462 1696 5494 ἶη
1739 5466 1766 5494 Δ
1799 5478 1930 5494 unum

801 5462 1020 5517 ἑλέσθαι
1042 5462 1100 5527 ςζ

2018 5391 2063 5424 ⁸⁸
2086 5394 2144 5445 τὸ
2168 5398 2336 5448 κακὸν
2354 5412 2461 5452 om.
2482 5398 2589 5453 AB.
2657 5400 2702 5429 δ’
2718 5398 2810 5450 τού
2848 5396 3024 5450 mae.
3055 5397 3102 5449 εί
3148 5395 3383 5465 βούλοιτο
3397 5393 3485 5446 ΑΒ
3536 5410 3548 5422 ·
3572 5396 3627 5465 εἰ
3656 5392 3904 5465 βούλοιτο
3952 5399 4052 5445 τοῦ

1203 5466 1223 5494 °
1260 5473 1378 5532 post
1402 5462 1608 5531 ἤρξατο
1644 5462 1696 5514 in
1733 5466 1771 5515 A
1799 5478 1984 5517 versus
2014 5476 2243 5531 quatuor
2272 5472 2443 5521 vacui.
2502 5471 2543 5499 ⁸¹
2572 5471 2627 5530 ὃς
2658 5470 2701 5521 Α
2728 5486 2741 5521 :
2769 5468 2842 5531 ὼς
2870 5485 2927 5532 ς.

3006 5469 3049 5498 ⁸⁸
3073 5464 3223 5535 τύπῳ
3245 5465 3528 5527 ὡσαύτως.
3568 5464 3690 5517 Ὀτι
3715 5480 3778 5527 ς.
3858 5464 3904 5496 ⁵³
3938 5482 4057 5534 μοι.

801 5535 1064 5604 χωμένων
1086 5535 1147 5598 Β,
1179 5533 1514 5603 μοιχομένων
1539 5534 1605 5598 Α,
1630 5534 2125 5604 μοιχευομένωζς.
2192 5537 2236 5567 ⁵⁸⁸
2265 5540 2496 5591 νοεῖσθαι
2517 5539 2740 5593 δύναται
2768 5556 2827 5601 ς.

2290 5645 2521 5702 NOTAE.

872 5740 986 5809 (9|)
1024 5739 1327 5795 Secundum
1358 5748 1653 5809 aspectum,
1692 5756 1793 5795 non
1841 5740 2129 5794 secundum
2167 5755 2293 5791 rctn.
