4208 6442
212 416 340 480 1161

208 529 454 596 μιτικῶς
483 529 577 583 καὶ
606 529 765 593 θείως
793 529 921 601 [504
949 529 1040 601 11.]
1084 529 1542 603 τελεσφορηθῆναι
1574 549 1589 563 ·

205 620 347 672 Πνε’ύ
356 637 545 689 ματος.

1230 421 1747 482 BIBLIOTHECA.
1784 448 1851 461 -
1870 424 2031 487 COD.
2057 424 2437 487 CCXXXVII.

3316 428 3451 498 1162

1675 534 1885 589 πολλῶν
1947 537 2056 607 γὰρ
2118 538 2322 608 μοιχῶν
2364 538 2535 592 τέκνα
2595 539 2779 610 πλήρη
2864 540 3117 607 ἐγένοντο
3164 540 3211 572 ⁸⁸
3289 542 3447 609 ἁγίου

274 717 400 769 Ὀτι
459 718 657 785 ἀπορεῖ
700 715 897 784 λέγων,
957 719 1019 771 El
1077 720 1228 790 παρά
1278 720 1413 774 Θεοῦ
1455 723 1685 777 δίδονται
1724 727 1779 779 αἱ
1808 734 1855 791 Α

1808 734 1855 791 Α
1948 725 2133 795 Neque
2168 725 2233 781 de
2284 722 2549 792 spirituali
2581 729 2634 775 et
2673 720 2854 775 divina
2893 718 3228 790 perfectione
3274 730 3454 788 potest

200 807 374 876 ψυχαὶ
395 806 509 861 ἀλλ’
539 808 602 860 οὺ
629 808 781 879 παρὰ
836 808 932 863 τοῦ
978 812 1182 880 πατρὸς
1207 812 1253 846 ⁸⁸
1281 817 1393 878 τοῖς
1417 816 1777 886 τικτομένοις,

203 897 320 958 πῶς
350 897 535 951 δίδωσι
559 900 653 952 καὶ
690 902 799 963 τοῖς
830 902 896 953 ὲκ
928 903 1171 972 μοιχείας
1203 906 1574 976 τικτομένοιςς
1607 909 1779 980 τίγὰρ

200 986 407 1053 δίδωσι,
438 993 720 1059 συνεργεῖν
749 991 817 1044 ἂν
873 992 1073 1056 δόξειεν
1105 994 1150 1026 ⁸⁷
1191 999 1303 1057 τοῖς
1345 1000 1775 1069 μοιχευομέναις·

200 1082 248 1131 εἰ
274 1079 388 1151 γὰρ
416 1080 493 1150 μὴ
513 1081 683 1134 ἔδωκε
722 1083 820 1154 τὴν
843 1083 1041 1153 ψυχὴν,
1092 1086 1193 1139 οὐκ
1223 1086 1291 1141 ἂν
1324 1089 1616 1145 ὲτίκτοντο.
1649 1092 1779 1147 Δύει

200 1170 257 1222 δὲ
308 1171 411 1242 τὴν
472 1173 711 1245 ἀπορίαν
774 1176 864 1230 διὰ
923 1177 1185 1231 πλειόνων
1239 1181 1332 1233 καὶ
1376 1182 1561 1252 σαφῶν
1604 1202 1780 1256 παρα-

197 1262 314 1331 δειγ
322 1266 533 1334 μάτων.

271 1444 401 1498 Ὅτι
421 1444 491 1497 τὰ
518 1446 576 1497 ὲν
602 1448 669 1516 τῇ
702 1445 980 1499 1¹ενέσει⁸⁸
1012 1450 1309 1517 φερόμενα,
1333 1446 1445 1503 οἷον
1469 1452 1530 1504 τό
1548 1468 1563 1482 ·
1595 1453 1775 1509 Τοῦτο

198 1532 314 1591 οὖν
344 1537 574 1591 ὀστοῦν
600 1537 671 1592 ἐκ
700 1538 817 1591 τῶν
851 1538 1051 1593 ὀστῶν
1069 1558 1210 1609 μου,
1257 1543 1355 1597 καί
1389 1544 1545 1613 σὰρξ
1566 1544 1634 1600 ἐκ
1661 1544 1782 1599 τῶν

197 1630 447 1696 σαρκῶν
465 1647 615 1699 μονα
645 1631 795 1698 αὕτη
835 1632 1203 1699 κληθήσεται
1222 1635 1402 1703 γυνὴ,
1430 1636 1519 1690 ὅτι
1558 1638 1628 1691 ἐκ
1673 1639 1780 1693 τοῦ

198 1722 425 1789 ἀνδρὸς
446 1722 638 1790 αὐτῆς
656 1723 889 1791 ἐλήφθη
904 1741 919 1755 ·
951 1724 1161 1779 ἕνεκεν
1196 1728 1411 1782 τούτου
1432 1732 1781 1800 καταλείψει

198 1812 514 1881 ἅνθρωπος
534 1814 641 1867 τὸν
678 1815 904 1883 πατέρα
931 1817 1117 1872 αὐτοῦ
1141 1818 1239 1871 καὶ
1268 1820 1386 1885 τὴν
1406 1821 1655 1889 μητέρα,
1682 1824 1779 1876 καὶ

198 1905 810 1975 προσκολληθήσεται
826 1907 901 1977 τῇ
922 1910 1157 1977 γυναικί
1174 1912 1379 1979 αὐτοῦ,
1410 1916 1507 1967 καί
1534 1916 1779 1970 ἔσονται

198 2003 253 2053 οἱ
284 1999 398 2054 δύο
418 2002 506 2066 είς
537 2000 735 2068 σάρκα
751 2002 919 2071 μίαν,
940 2002 1112 2057 ταῦτα
1130 2000 1223 2059 οῦν
1239 2007 1297 2059 ού
1312 2008 1452 2061 κατὰ
1465 2009 1525 2062 τὸ
1544 2010 1779 2081 γράμμα

1879 817 2157 888 explicari,
2216 815 2506 871 multorum
2556 813 2700 868 enim
2743 812 3109 867 adulterorum
3152 810 3246 865 lilii
3306 809 3451 879 pleni

1880 908 2093 963 fuerunt
2118 906 2321 976 Spiritu
2367 913 2577 961 sancto.
2622 903 2843 959 Dubitat
2869 904 3033 959 etiam
3068 920 3083 959 :
3133 901 3214 967 Si,
3250 900 3447 969 inquit,

1880 1000 2072 1056 animae
2096 1014 2125 1053 a
2160 1000 2290 1066 Deo,
2334 1007 2389 1055 et
2432 1012 2536 1053 non
2563 1011 2595 1051 a
2625 1005 2778 1066 patre
2810 993 3123 1068 [naturali]
3154 994 3449 1051 nascitusis

1879 1093 2100 1158 dantur,
2124 1091 2395 1164 quomodo
2425 1091 2518 1144 dat
2536 1090 2701 1144 etiam
2724 1104 2790 1144 ex
2815 1087 3080 1143 adulterio
3099 1089 3400 1157 procreatis
3422 1086 3449 1141 1

1880 1184 2089 1241 videtur
2117 1185 2263 1239 enim
2294 1182 2559 1239 adulteris
2587 1181 2887 1253 cooperari.
2918 1179 2976 1233 Si
3002 1180 3145 1234 enim
3178 1194 3283 1233 non
3301 1194 3448 1233 crea-

1882 1286 1964 1332 ret
2000 1276 2258 1341 animam,
2299 1288 2403 1329 non
2445 1282 2810 1328 nascerentur.
2871 1270 3046 1328 Solvit
3095 1271 3446 1342 quaestionem

1881 1369 2065 1424 multis
2092 1378 2149 1424 et
2169 1366 2470 1438 perspicuis
2497 1366 2780 1436 exemplis.

1950 1461 2042 1516 llla
2081 1476 2148 1515 ex
2186 1459 2379 1516 Genesi
2415 1459 2643 1526 prolata,
2688 1459 2849 1529 quale
2884 1468 2967 1514 est
3007 1476 3021 1511 :
3064 1454 3180 1512 Hoc
3217 1473 3357 1511 nunc
3391 1472 3449 1510 os

1882 1571 1947 1609 ea:
1967 1554 2170 1608 ossibus
2207 1553 2355 1617 meis,
2382 1562 2430 1605 et
2461 1568 2585 1605 caro
2614 1568 2679 1605 ea:
2708 1568 2866 1605 carne
2893 1567 3009 1605 mea
3038 1565 3059 1615 ;
3092 1552 3205 1605 hac
3244 1550 3450 1603 vocabi-

1879 1657 1967 1698 tur
1990 1645 2170 1713 virago
2207 1640 2468 1715 [mulier],
2502 1642 2753 1712 quoniam
2774 1643 2839 1695 de
2860 1643 2971 1694 piro
2996 1656 3094 1695 suo
3122 1650 3331 1708 sumpta
3349 1651 3447 1693 est.

1881 1735 2236 1802 Quamobrem
2284 1735 2540 1803 relinquet
2569 1733 2721 1787 homo
2744 1744 2942 1802 patrem
2968 1750 3121 1787 suum
3141 1746 3191 1787 et
3226 1744 3449 1786 matrem

1879 1842 2053 1889 suam,
2080 1835 2126 1879 et
2164 1824 2444 1879 adhambit
2474 1823 2668 1894 308b
2708 1823 2862 1876 uxori
2895 1838 3024 1887 sua,
3052 1833 3101 1877 et
3140 1832 3289 1876 erunt
3345 1825 3451 1875 duo

1880 1918 1932 1971 in
1960 1932 2119 1971 carne
2166 1933 2274 1969 una
2315 1924 2365 1969 η.
2417 1914 2540 1969 Hinc
2569 1925 2729 1985 negat
2760 1916 3053 1969 secundum
3084 1914 3320 1970 litteram
3350 1928 3451 1969 ex-

1881 2008 2149 2077 plicanda,
2173 2007 2271 2062 sed
2312 2005 2665 2075 spiritualiter
2693 2006 2762 2061 de
2789 2006 3005 2061 Christo
3035 2018 3090 2060 et
3114 2004 3233 2074 ejus
3263 2006 3451 2061 Eccle-

198 2100 335 2168 φησὶ
362 2098 476 2150 δεῖν
507 2099 554 2130 ⁵⁸
592 2099 755 2167 μόνον
790 2102 1050 2165 νοεῖσθαι,
1076 2101 1213 2155 ἀλλά
1242 2104 1337 2156 καὶ
1394 2107 1777 2175 πνευματικῶς
1806 2094 1850 2149 Β

1806 2094 1850 2149 Β
1879 2101 1982 2155 sia.
2021 2097 2209 2153 Divum
2238 2114 2454 2171 quoque
2480 2098 2706 2153 Paulum
2737 2099 2834 2165 ait,
2866 2107 2987 2169 post
3026 2098 3294 2153 dictorum
3331 2112 3451 2152 ver-

198 2188 279 2248 εἰς
314 2185 555 2255 Χριστὸν
588 2187 682 2239 καὶ
711 2189 791 2251 είς
823 2188 923 2259 τὴν
964 2190 1313 2259 Ἐκκλησίαν.
1350 2194 1460 2246 Καί
1504 2212 1666 2265 φησιν
1698 2199 1780 2250 ὅτι

200 2279 298 2330 καὶ
356 2281 387 2330 ὁ
444 2278 586 2340 θεῖος
652 2279 862 2344 Παῦλος
925 2283 1065 2351 μετὰ
1100 2281 1197 2353 τὴν
1217 2285 1326 2337 τῶν
1370 2287 1546 2357 ῥητῶν
1574 2288 1778 2341 τούτων

196 2368 419 2421 ἔκθεσιν
444 2370 594 2437 λέγει
620 2386 634 2400 ·
668 2376 739 2426 Τὸ
790 2374 1127 2443 μυστήριον
1159 2377 1205 2408 ⁸⁸
1241 2378 1417 2431 τοῦτο
1446 2380 1598 2448 μέγα
1650 2381 1781 2435 ἐστὶ

196 2459 356 2528 λέγω
390 2461 441 2513 δ’
462 2462 578 2528 ἐγὼ
599 2464 687 2528 είς
723 2466 980 2531 Χριστὸν
1005 2469 1104 2519 καὶ
1134 2469 1220 2534 εις
1252 2469 1770 2539 τὴνἘκκλησίαν.

210 2550 374 2602 Ἀλλὰ
393 2553 584 2616 καὶτὸ,
606 2555 953 2618 Αὺξὰνεσθε
966 2560 1006 2590 ⁶¹
1029 2559 1127 2613 καὶ
1152 2565 1553 2630 πληθύνεσθε,
1572 2568 1670 2620 οὐκ
1687 2568 1779 2621 ἐπὶ

194 2642 310 2727 τῶν
344 2646 409 2695 ὲκ
441 2646 754 2715 σπέρματος
785 2649 877 2701 καὶ
936 2650 1136 2720 μίξεως
1185 2655 1539 2723 γεννωμένων
1565 2656 1773 2727 ἀνθρὼ-

196 2725 321 2785 πων
350 2735 445 2787 καὶ
478 2737 669 2799 σιτίοις
691 2737 1073 2809 αὐξανομένων
1106 2744 1270 2813 φησὶν
1302 2748 1555 2817 εἰρῆσθαι
1592 2725 1774 2817 μόνον,

196 2823 340 2875 ἀλλὰ
365 2828 460 2877 καὶ
487 2826 532 2857 ⁶¹
563 2829 690 2896 περὶ
720 2830 826 2882 τῶν
853 2832 998 2884 κατὰ
1030 2835 1250 2903 Πνεῦμα
1288 2837 1334 2868 ⁸³
1386 2838 1777 2910 τελειουμένων

198 2914 293 2966 καὶ
353 2917 727 2984 γεννωμένων,
775 2920 958 2985 καθὼς
1008 2926 1107 2978 καὶ
1159 2926 1368 2992 Παῦλος
1421 2929 1553 3000 βοᾷ,
1612 2933 1779 2985 τέκνα

197 3003 385 3055 καλῶν
416 3005 464 3035 “
488 3007 615 3069 τοὺς
638 3006 781 3063 οὕτω
807 3010 875 3061 δι’
906 3013 1071 3066 αὐτοῦ
1107 3018 1491 3083 γεννηθέντας·
1529 3020 1711 3074 Τέκνα
1733 3021 1779 3053 ⁸⁸

1880 2195 2068 2247 borum
2085 2194 2477 2262 expositionem
2499 2192 2680 2247 dicere
2703 2210 2717 2247 :
2746 2191 2858 2245 Hoc
2878 2192 3182 2261 mysterium
3204 2206 3451 2259 maguum

1877 2296 1974 2350 est,
2013 2286 2132 2340 dico
2165 2295 2341 2339 autem
2372 2302 2487 2356 ego,
2530 2286 2586 2339 in
2616 2284 2830 2339 Christo
2859 2295 2909 2338 et
2945 2283 3185 2337 Ecclesia
3219 2292 3265 2337 °.
3306 2284 3447 2349 Quin

1878 2387 1933 2433 et
1961 2378 2063 2431 hoc
2094 2395 2109 2433 :
2147 2375 2373 2431 Crescite
2405 2389 2453 2429 et
2494 2372 2919 2445 multiplicamini
2940 2383 2988 2437 P,
3032 2388 3140 2427 non
3174 2374 3240 2427 de
3269 2365 3449 2425 houii-

1880 2472 2039 2526 nibus
2052 2487 2116 2526 es
2141 2472 2364 2525 seminis
2382 2470 2759 2525 commistione
2775 2467 3093 2538 procreatis,
3111 2476 3168 2520 et
3193 2466 3451 2519 alimento

1878 2563 2248 2618 crescentibus
2292 2561 2467 2617 solum
2522 2574 2642 2616 esse
2698 2560 2923 2625 dictum,
2962 2558 3059 2614 sed
3108 2560 3175 2613 de
3204 2558 3347 2613 natis
3395 2566 3451 2612 et

1875 2654 2128 2724 perfectis
2149 2656 2440 2710 secundum
2460 2652 2749 2723 Spiritum,
2776 2650 3225 2721 quemadmodum
3252 2648 3449 2704 Paulus

1876 2747 2074 2799 clamat
2101 2762 2115 2799 :
2164 2760 2288 2800 cum
2321 2744 2460 2799 lilios
2490 2742 2725 2813 appellat
2768 2743 2888 2798 illos
2918 2757 3053 2812 quos
3085 2742 3158 2795 ita
3188 2739 3308 2813 [per
3335 2742 3452 2810 spi-

1880 2837 2062 2909 ritum]
2094 2848 2353 2907 genuerat
2385 2855 2400 2891 :
2434 2834 2643 2903 Filioli,
2675 2836 3022 2905 inquit,qu
3048 2836 3237 2889 iterum
3264 2846 3451 2902 partu-

1880 2930 1985 2991 rio,
2024 2930 2186 2982 donec
2216 2928 2458 2983 Christus
2498 2931 2554 2980 in
2577 2930 2717 2981 vobis
2760 2928 3014 2997 formetur
3041 2936 3091 2993 τι,
3122 2936 3177 2981 et
3206 2928 3398 2983 iterum
3429 2941 3448 2982 :

1886 3022 1951 3075 In
1976 3020 2179 3077 Christo
2207 3020 2334 3076 Jesu
2366 3020 2503 3073 enim
2528 3034 2619 3086 per
2638 3017 2983 3089 Evangelium
3006 3034 3104 3087 ego
3121 3032 3207 3071 eos
3228 3019 3383 3087 genui
3402 3028 3448 3072 ι’.

196 3102 333 3171 γὰρ,
360 3103 547 3171 φησὶν.
581 3101 690 3166 οὓς
715 3103 903 3159 πάλιν
940 3108 1150 3174 ὠδίνω,
1184 3111 1294 3177 ἕως
1316 3110 1388 3170 οὗ
1408 3116 1659 3183 Χριστὸς
1690 3117 1761 3171 ἐν
1794 3116 1937 3187 ὑμῖν
1962 3116 2249 3188 μορφωθῇ
2268 3135 2285 3151 ο
2306 3115 2403 3171 καὶ
2434 3113 2616 3181 πάλιν,
2655 3113 2758 3168 Ἐν
2784 3112 2893 3184 γὰρ
2909 3112 2955 3144 ⁸⁸
2983 3110 3216 3179 Χριστῷ
3248 3111 3452 3180 Ἰησοῦ

196 3191 295 3248 διὰ
324 3196 434 3250 τοῦ
462 3198 834 3268 Εὐαττελιου
865 3201 979 3270 ἐγὼ
1015 3202 1169 3272 ὑμᾶς
1196 3204 1516 3273 ἐγέννησα.

264 3289 399 3365 Δ’Ὁτι
457 3290 519 3344 τὺ
544 3291 589 3323 ⁸⁷
620 3294 678 3345 έν
700 3293 747 3325 ⁸⁸
768 3297 879 3359 τοῖς
921 3295 1269 3365 Εὑαγγελίοις
1333 3302 1619 3371 εἰρημένον
1684 3319 1788 3355 πα-
1812 3305 1857 3368 C

1784 3305 1857 3368 lC
1961 3303 2092 3358 Illud
2127 3303 2289 3358 etiam
2324 3302 2377 3356 in
2411 3300 2700 3371 Evangelio
2727 3314 2822 3369 per
2850 3295 3155 3367 parabolam
3192 3293 3394 3349 dictum
3430 3311 3446 3350 :

201 3378 532 3447 ραὸολικῶς,
562 3382 656 3449 Τίς
689 3385 734 3417 ⁸⁸
756 3385 928 3439 ἐστιν
945 3387 1014 3450 ἐξ
1044 3387 1209 3456 ὑμῶν
1229 3390 1536 3459 ἄνθρωπος
1567 3393 1635 3459 ὃς
1656 3393 1779 3461 ἔχει

1884 3395 2013 3462 Quis
2064 3404 2143 3449 est
2174 3411 2238 3449 ea:
2278 3394 2420 3448 vobis
2462 3396 2637 3457 homo,
2670 3392 2760 3462 qui
2797 3391 2949 3444 habet
2993 3401 3199 3442 centum
3225 3403 3364 3449 oves,
3399 3393 3451 3440 et

198 3470 425 3525 ἑκατὸν
451 3476 715 3542 πρόϐατα
758 3478 859 3530 καὶ
890 3480 1204 3535 ἀπώλεσεν
1229 3482 1299 3536 ἐν
1336 3484 1406 3549 ἐξ
1443 3484 1662 3550 αὐτῶν,
1686 3487 1781 3539 καὶ

199 3564 355 3633 ἑξῆς,
394 3566 719 3637 ἐνενήκοντα
753 3570 908 3623 ἐννέα
940 3573 1037 3640 μὲν
1090 3573 1341 3641 πρόϐατα
1366 3572 1463 3638 τὰς
1494 3576 1782 3647 οὐρανίους

198 3655 467 3723 δυνάμεις
490 3658 655 3727 φησὶν
684 3659 1002 3729 ἐκδέχεσθαι
1036 3662 1161 3734 χρὴ,
1197 3661 1255 3716 ἓν
1298 3663 1358 3717 δὲ
1394 3664 1455 3717 τὸ
1506 3664 1783 3729 ἀπολωλὸς

197 3747 294 3799 τὸν
336 3748 624 3818 ἄνθρωπον
669 3750 834 3819 ἡγουν
882 3753 982 3822 τὴν
1024 3754 1371 3824 ἀνθρωπείαν
1410 3757 1591 3826 φύσιν,
1620 3758 1688 3811 δι’
1716 3758 1783 3827 ἢν

201 3839 299 3891 καὶ
332 3840 757 3910 κατεληλυθέναι
788 3842 880 3897 τδν
902 3844 1075 3913 Λόγον
1102 3844 1196 3898 τοῦ
1219 3846 1431 3918 Πατρδς
1466 3849 1532 3901 ὲκ
1558 3849 1667 3902 τῶν
1693 3850 1783 3903 ού-

203 3929 410 3999 ρανῶν.

278 4022 405 4075 Ὀτι
430 4022 491 4075 τὸ
514 4061 530 4087 ,
574 4023 699 4076 Ἐπὶ
726 4024 772 4055 ⁷⁸
810 4024 1091 4095 ποταμῶν
1120 4027 1494 4096 Βαϐυλῶνος,
1534 4031 1627 4084 καὶ
1656 4031 1781 4101 ἑξῆς

200 4116 257 4166 αἱ
319 4115 514 4183 ψυχαὶ,
539 4117 672 4184 φησὶ
698 4157 713 4181 ,
744 4116 1010 4185 λέγουσιν.
1040 4118 1296 4172 Ἐστενον
1346 4120 1453 4190 γὰρ
1500 4122 1704 4191 ὄργανα
1736 4124 1780 4154 ⁷¹

202 4204 474 4257 καλοῦσαι
500 4208 566 4259 τὰ
604 4208 936 4278 σκηνώματα
983 4211 1215 4271 ἑαυτῶν,
1248 4210 1283 4264 ἃ
1319 4213 1634 4282 ἐκρέμασαν
1674 4216 1783 4269 ἀπὸ

202 4298 316 4349 τῶν
387 4299 707 4367 πεισμάτων
770 4302 868 4370 τῆς
913 4302 1135 4369 ἁγνείας
1171 4304 1440 4372 ἐξάψασαι
1476 4306 1571 4359 τοῦ
1600 4308 1779 4375 ξύλου,

200 4390 290 4441 ἵνα
327 4390 405 4459 μὴ
435 4390 738 4461 δυνηθῶσιν
760 4392 1189 4465 ὲξαρπασθείσαι
1219 4396 1379 4449 πάλιν
1403 4401 1780 4471 παρασυρῆναι

198 4483 279 4551 τῷ
322 4482 557 4552 ῥεύματι
581 4486 681 4553 τῆς
701 4486 991 4555 ἀκρασίας.
1035 4486 1293 4541 Βαϐυλὼν
1317 4489 1444 4560 γὰρ,
1468 4491 1721 4559 τάραχος
1745 4492 1778 4562 ἦ

198 4577 1048 4648 σύγχυσιςέρμηνευομένη,τὸν
1067 4581 1390 4653 περίρρυτον
1412 4582 1523 4652 βίον
1545 4582 1781 4636 δείκνυσι

1881 3505 2042 3541 unam
2089 3488 2320 3558 perdidit
2380 3502 2445 3541 ea:
2477 3486 2587 3539 illis
2616 3490 2665 3551 ³,
2710 3493 2766 3539 et
2793 3497 2913 3553 quas
2954 3488 3296 3551 sequuntur:
3345 3476 3451 3532 Per

1883 3576 2173 3646 nonaginta
2229 3591 2423 3630 novem
2478 3589 2607 3630 oves
2645 3571 3003 3642 intelligenda
3031 3577 3155 3625 sunt
3198 3568 3451 3624 caelestes

1882 3676 2180 3738 potestates
2207 3668 2324 3722 sive
2346 3666 2518 3736 angeli
2552 3683 2568 3732 ;
2604 3681 2707 3719 una
2736 3676 2914 3718 autem
2934 3660 3143 3732 perdita
3176 3658 3449 3713 hominem

1882 3756 2172 3827 signiﬁcat,
2211 3758 2327 3811 sive
2376 3766 2621 3809 naturam
2672 3756 2980 3815 humanam,
3014 3760 3235 3821 propter
3285 3762 3448 3819 quam

1881 3851 1957 3904 ait
1994 3846 2223 3904 Verbum
2254 3849 2433 3904 Patris
2462 3862 2493 3903 e
2523 3847 2661 3903 cmlo
2697 3844 3059 3901 descendisse.

1951 4026 2086 4082 Illud
2153 4044 2167 4081 :
2222 4025 2390 4094 Super
2432 4026 2655 4095 ﬂumina
2703 4023 2983 4095 Babylonis
3008 4024 3053 4088 ί,
3083 4021 3306 4086 etc.,ab
3333 4018 3454 4073 ani-

1884 4119 2076 4173 mabus
2120 4118 2321 4171 dictum
2367 4117 2642 4171 existimat
2674 4134 2688 4171 :
2738 4130 2938 4185 organa
2964 4115 3110 4169 enim
3147 4112 3451 4167 habitacula

1883 4225 1980 4263 sua
2003 4210 2292 4278 appellant,
2328 4224 2446 4277 qua:
2484 4208 2886 4277 suspenderunt
2913 4222 2944 4259 a
2976 4204 3199 4260 funibus
3226 4205 3450 4260 castita-

1884 4304 1971 4367 tis,
2004 4311 2063 4357 ut
2088 4302 2361 4372 laquearia
2392 4308 2694 4369 tangerent,
2721 4314 2789 4353 ne
2824 4312 3038 4351 rursum
3088 4297 3342 4351 detractze
3367 4295 3452 4349 in-

1886 4394 2262 4461 temperantia:
2299 4391 2418 4445 lacu
2448 4392 2835 4443 volutarentur.
2865 4387 3102 4456 Babylon
3127 4394 3305 4439 autem
3334 4401 3452 4453 per-

1882 4482 2111 4536 turbatio
2140 4490 2235 4535 aut
2284 4481 2524 4549 confusio
2547 4479 2867 4549 explicatur,
2899 4488 2955 4532 et
3004 4476 3170 4529 vitam
3200 4479 3341 4529 lianc
3396 4475 3448 4528 in

1883 4576 2170 4629 fluentibus
2204 4573 2365 4628 sitam
2405 4571 2663 4633 ostendit,
2703 4572 2754 4624 in
2788 4569 2942 4637 cujus
2976 4569 3154 4623 medio
3200 4570 3453 4623 sedentes

197 4665 415 4727 τοῦτον,
442 4660 501 4718 οὗ
538 4668 595 4719 ὲν
620 4666 772 4736 μέσῳ
800 4668 1158 4734 καθεσθέντες
1198 4672 1633 4743 περικλυζόμεθα
1665 4672 1773 4725 τῶν
1799 4654 1852 4713 Ῑ)

1799 4654 1852 4713 Ῑ)
1880 4670 2176 4739 iniquitatis
2219 4667 2532 4723 ﬂuminibus
2564 4663 2893 4719 irruentibus
2927 4661 3169 4716 conclusi
3222 4660 3452 4713 inunda-

200 4755 472 4826 ποταμῶν
518 4758 615 4826 τῆς
665 4758 866 4822 κακίας
911 4763 1296 4831 έφορμώντων.
1326 4764 1416 4816 Διὸ
1446 4764 1537 4817 καὶ
1565 4764 1777 4835 βοῶμεν

203 4847 348 4915 μετά
391 4846 669 4917 κλαυθμοῦ
694 4848 830 4917 πρὸς
855 4851 944 4903 τὸν
976 4850 1127 4913 Θεὸν,
1167 4852 1253 4906 ἵνα
1284 4854 1358 4924 μὴ
1382 4853 1779 4923 κατολισθήσωο

202 4954 291 4989 σιν
320 4937 482 5007 ἡμῶν
510 4940 925 5009 ἁποῤῥηχθέντα
950 4945 1063 5005 τοῖς
1086 4943 1293 5012 κύμασι
1322 4946 1416 5011 τῆς
1450 4945 1642 5014 ἡδονῆς
1670 4945 1779 4999 ἀπὸ

198 5030 297 5082 τοῦ
321 5029 492 5097 φυτοῦ
516 5032 613 5098 τῆς
643 5033 863 5100 ἁγνείας
891 5034 959 5087 τὰ
982 5035 1207 5105 ὄργανα.
1246 5037 1333 5089 Ἑν
1366 5037 1519 5107 τύπῳ
1548 5039 1655 5107 γὰρ
1680 5038 1778 5107 τῆς

202 5122 511 5190 παρθενίας
546 5125 644 5193 τὴν
677 5126 826 5177 ἰτέαν
857 5128 1132 5197 πανταχοῦ
1163 5130 1680 5199 παραλαμὸἁνουσιν
1715 5132 1770 5183 αἱ

200 5215 445 5284 Γραφαὶ,
472 5215 766 5288 ἐπειδήπερ
793 5216 851 5270 τὸ
872 5217 1030 5281 ἄνθος
1076 5220 1254 5273 αὐτῶν
1280 5222 1356 5283 είς
1382 5220 1526 5292 ὕδωρ
1548 5226 1775 5295 ἀποτρι-

1877 4778 2015 4815 mur.
2066 4761 2243 4827 Quare
2278 4774 2399 4813 cum
2443 4757 2699 4827 Iacrymis
2726 4765 2780 4811 et
2822 4754 3023 4824 gemitu
3058 4753 3359 4827 clamamus
3377 4749 3448 4803 ad

1877 4852 2067 4914 Deum,
2099 4866 2164 4905 ne
2189 4865 2390 4920 organa
2419 4860 2601 4903 nostra
2645 4863 2672 4901 a
2708 4847 2876 4914 stirpe
2920 4842 3189 4898 castitatis
3224 4856 3319 4911 per
3358 4839 3453 4893 flu-

1875 4955 1995 4997 ctus
2033 4942 2365 5009 voluptatum
2404 4940 2589 4993 avulsa
2636 4948 2879 5006 pereant.
2908 4935 3009 4989 Per
3043 4933 3261 4988 saliccm
3303 4934 3450 4987 enim

1879 5033 2172 5103 Scriptum
2222 5034 2422 5100 ubique
2464 5031 2790 5085 adumbraut
2837 5027 3061 5097 ﬁguram
3097 5024 3447 5095 virginitatis.

1879 5129 2012 5193 Quia
2068 5128 2166 5180 llos
2216 5126 2440 5179 salicum
2481 5124 2526 5177 si
2577 5123 2628 5175 in
2686 5137 2823 5191 aqua
2869 5121 3123 5173 decoctus
3178 5129 3448 5181 sumatur,

1880 5218 2137 5289 quidquid
2163 5219 2228 5271 ac]
2256 5219 2458 5271 coitum
2488 5216 2689 5269 excitat
2716 5224 2771 5268 et
2801 5212 3099 5273 libidinem,
3127 5208 3448 5277 exstinguit,

272 5338 300 5402 Ρ
336 5326 474 5402 Gen.
503 5344 559 5393 ιι,
600 5330 690 5387 25.
719 5330 810 5386 24.
889 5338 914 5366 ⁶
958 5334 1153 5402 l'lplies.
1194 5349 1244 5400 ν,
1281 5334 1371 5388 32.
1448 5346 1474 5385 P
1498 5335 1635 5389 Gen.
1672 5354 1710 5398 I,
1745 5335 1835 5389 28.
1911 5345 1934 5385 ς

1784 5335 1835 5389 8.
1911 5345 1937 5385 (ι
1967 5334 2139 5388 Calai.
2174 5347 2246 5398 tv,
2288 5331 2377 5386 19.
2451 5340 2477 5369 τ
2513 5331 2534 5385 1
2576 5326 2705 5384 Cor.
2739 5342 2812 5393 tv,
2852 5325 2939 5381 15.
3015 5330 3039 5359 ⁸
3073 5322 3206 5377 Luc.
3246 5337 3336 5389 xv,
3390 5321 3446 5375 4.

207 5404 225 5435 ι
259 5400 403 5453 Psal.
438 5415 655 5463 cum,
696 5402 749 5455 1.

1498 5520 1585 5574 VA
1598 5518 1735 5573 “le
1766 5515 2165 5573 LECTIONES.

280 5627 326 5657 ³⁸
348 5625 570 5690 ἐγένετο
602 5643 662 5689 ς’.
738 5630 784 5659 ³⁸
820 5647 926 5681 πατ

204 5696 233 5709 __
280 5627 326 5657 ⁸⁸
348 5627 570 5709 ἐγένετο
602 5643 662 5689 ς’.
738 5630 784 5659 ³⁸
820 5630 1052 5751 πατξρὸς]
1083 5634 1391 5702 πνεύματος
1425 5633 1532 5686 ΑΒ.
1608 5635 1651 5665 ⁸⁷
1687 5632 1815 5712 δοξῃ
1850 5647 1909 5693 ς.
1991 5632 2036 5662 ³³
2067 5629 2188 5711 Γεν]
2215 5628 2381 5709 p.25.
2460 5629 2505 5659 ”
2538 5627 2618 5679 δεῖ
2641 5645 2700 5691 ς.
2776 5630 2818 5659 ⁸⁸
2836 5628 2896 5680 τὸ
2926 5627 3133 5699 μυστ.]¹
3164 5629 3363 5697 Epltes.
3392 5643 3446 5693 ν,

206 5696 295 5748 αἱ.
376 5698 419 5725 ⁶¹
460 5695 606 5751 ubi]
650 5697 783 5751 Gen.
817 5716 853 5751 ι.
882 5700 916 5751 ἓ
958 5742 971 5751 .
1053 5708 1187 5751 ¹καὶ
1221 5722 1330 5751 om-
1356 5703 1461 5751 AB.
1540 5704 1586 5734 ⁸³
1605 5718 1886 5751 manuum
1918 5719 1978 5751 ς.
2023 5702 2068 5732 ⁸⁵
2101 5718 2279 5751 καίων
2324 5702 2365 5751 Λ
2404 5717 2416 5750 :
2451 5699 2639 5751 λέγων·
2665 5716 2726 5751 ς.
2806 5700 2849 5730 ⁸³
2878 5698 3062 5751 τέκναι
3110 5698 3229 5751 Gul.
3262 5715 3335 5751 ιν.
3360 5700 3441 5751 15.

376 5698 435 5770 ⁶¹ι
650 5697 783 5752 Gen.
817 5716 853 5762 ι,
882 5695 971 5753 ἳ8.
1028 5695 1072 5733 ⁸³
1094 5708 1187 5754 καὶ
1221 5695 1330 5757 om.
1356 5703 1461 5755 AB.
1540 5704 1586 5734 ”
1605 5695 1886 5768 πνεύμὲζτα
1918 5719 1978 5764 ς.
2023 5702 2068 5732 ⁸⁸
2101 5695 2279 5752 καλῶν
2324 5702 2365 5770 Α
2404 5717 2416 5750 τ
2451 5699 2639 5765 λέγων’
2665 5716 2726 5762 ς·-
2772 5769 2777 5770 ί
2806 5700 2849 5730 ⁸³
2878 5695 3062 5770 τέκναι

3110 5698 3229 5753 Gul.
3262 5700 3441 5759 1ν,15.

279 5768 336 5843 εν
378 5766 509 5834 γὰρῖ
547 5766 721 5843 ligor:
774 5771 966 5843 [καί-5.
1022 5774 1089 5843 Α⁶⁷
1123 5776 1181 5824 τὸ
1209 5790 1313 5825 om.
1354 5792 1432 5833 ιη’.
1472 5775 1535 5829 Α.
1613 5777 1655 5804 ⁸⁸
1688 5766 1879 5827 ὲνήοιιι.
1904 5777 1970 5825 Α.
2064 5772 2109 5803 ⁶¹
2140 5770 2245 5843 τίς]
2320 5768 2451 5825 Luc.
2479 5785 2575 5836 ιν,
2598 5772 2651 5824 4.
2740 5769 2784 5800 ⁷⁸
2815 5770 2929 5840 ἐπὶ]
2962 5766 3102 5823 tua].
3127 5783 3349 5834 cum,
3394 5769 3441 5822 1.

210 5837 255 5865 ⁷⁵
288 5836 492 5907 ὄργανα
549 5837 810 5892 καλοῦσαι
846 5841 935 5892 ΑΒ
966 5859 978 5893 ;
1009 5841 1373 5897 ἀνακαλοῦσαι
1412 5861 1470 5908 ς.

612 5933 878 5995 ιἈτιιοῐ..
916 5935 1032 5994 Ca.
1067 5934 1227 5996 Clll.

2932 5930 3010 5990 37
