4208 6442
762 349 897 418 1163

1872 342 2133 404 ΡΗΟΤΙῘ
2172 340 2673 403 ΡΑΤΠΙΑΠΟΗΑΞ
2713 339 2818 399 CP.

3843 334 3977 399 ιιθι

761 464 930 515 donec
962 458 1251 528 genitalem
1279 464 1571 509 sementem
1601 454 1811 523 penitus
1837 455 2071 508 sterilem
2104 454 2313 507 reddat.
2348 460 2391 513 Α
2420 466 2423 495 ι

2348 460 2391 513 Α
2420 444 2511 504 ὁὲν
2540 453 2607 505 ἂν
2643 451 2801 520 ποθῇ,
2828 449 2935 501 πᾶν
2970 447 3091 499 ὅσον
3132 446 3212 508 εἰς
3243 444 3425 514 ὀχείας
3454 444 3640 508 ὰναζεῑ
3673 445 3721 476 ⁷⁸
3746 444 3847 497 καὶ
3867 447 3985 515 ξρι-

762 549 1219 620 Quemadmodum
1257 554 1310 599 et
1362 544 1620 599 Homerus
1662 546 1970 607 declaravit,
2006 545 2095 614 qui
2126 544 2316 599 salices

763 652 1038 714 propterea
1067 639 1400 708 frugiperdas
1429 637 1739 690 nominavit.

838 909 965 963 llbul
996 905 1279 959 Jcremiaa:
1307 900 1561 969 Sponsam
1585 898 1860 952 sollicitam
1882 913 2009 959 esse,
2035 912 2095 949 ne
2112 897 2319 949 oblivis-

776 1011 925 1052 catur
945 995 1231 1047 ornamenti
1266 992 1367 1054 sui,
1400 999 1443 1042 et
1474 990 1720 1056 virginem
1748 1002 1808 1039 ne
1830 985 2100 1051 pectoralis
2135 987 2214 1039 sui
2241 992 2319 1022 α’*

770 1087 999 1159 309a;
1027 1086 1182 1137 docet
1227 1097 1333 1135 non
1374 1077 1754 1133 committenda
1797 1092 1895 1131 nec
1939 1077 2165 1129 laxanda
2203 1088 2323 1129 esse

771 1178 1045 1233 fraudibus
1084 1174 1237 1228 frena
1270 1186 1364 1226 seu
1406 1167 1613 1222 vincula
1677 1166 2066 1235 temperantiae.
2093 1163 2194 1218 Per
2223 1178 2319 1233 pe-

768 1280 918 1323 ctora
950 1268 1091 1321 enim
1120 1280 1311 1321 sensus
1337 1267 1525 1327 animi,
1558 1277 1687 1319 sane
1715 1260 2055 1317 convenienti
2081 1258 2320 1319 ratione,

767 1370 821 1413 et
875 1373 1025 1412 mens
1053 1367 1235 1411 nostra
1268 1356 1598 1425 intelligitur.
1635 1351 1909 1407 Pectorale
1938 1358 2160 1414 autem,
2196 1362 2322 1417 pro-

768 1450 998 1519 positum
1041 1449 1202 1501 animi
1231 1448 1297 1501 ad
1327 1448 1629 1502 castitatem
1659 1443 1943 1513 colligans,
1973 1451 2057 1497 est
2088 1441 2326 1495 charitas

770 1543 822 1593 in
853 1540 1147 1594 Christum.

840 1632 1003 1687 Illud:
1032 1633 1191 1687 Sume
1208 1631 1333 1684 mihi
1356 1630 1565 1683 vitulam
1589 1630 1862 1694 triennem,
1883 1634 1930 1679 et
1949 1626 2161 1679 arietem
2178 1624 2330 1676 trien-

772 1740 906 1788 nem,
938 1733 984 1777 et
1020 1735 1290 1788 turturem,
1310 1732 1357 1775 et
1381 1720 1711 1774 columbamll
1739 1722 1813 1773 ait
1842 1717 2141 1788 signiﬁcare
2159 1711 2327 1787 [hoc,]

2422 542 2650 612 θισμοὺς
2689 538 3102 599 ἁποσὸέννυσιν,
3154 536 3263 588 ἔστ’
3299 537 3365 589 ἂν
3420 537 3498 598 εἰς
3543 536 3712 604 ἄρδην
3739 536 3989 588 ἀποστει-

2426 636 2573 706 ρώσῃ
2600 635 2696 704 τὴν
2723 632 2819 685 ἐπὶ
2871 631 3213 684 παιδοποιίαν
3261 630 3453 698 φορὰν,
3507 627 3696 697 ὥσπερ
3749 628 3817 697 δὴ
3842 628 3935 679 καὶ
3964 630 3992 680 ὁ

2425 728 2671 795 ’Όμηρος
2707 724 2752 755 ⁷³
2787 726 3041 793 ἐμήνυσε,
3072 721 3159 774 διὰ
3212 720 3369 773 τοῦτο
3421 719 3655 781 καλέσας
3689 718 3999 790 ὼλεσικάρο

2424 836 2555 880 πους
2577 818 2674 878 τὰς
2698 817 2859 879 ίτέας.

2495 908 2623 979 [955
2658 908 2751 978 IL]
2778 909 2899 960 Ὀτι
2931 909 3114 976 φησὶν,
3152 904 3381 974 Ἀμέλει
3404 905 3468 957 τὸ
3488 903 3573 972 μὴ
3601 902 3998 956 ἐπιλαθέσθαι

2426 999 2669 1066 νύμφην
2684 998 2791 1050 τὸν
2809 998 3041 1065 κόσμον
3060 997 3213 1065 μηδὲ
3230 994 3526 1062 παρθένον
3553 994 3666 1061 τὴν
3707 992 4001 1060 στηθοδε-

2428 1086 2617 1153 σμίδα
2641 1085 2885 1157 [505Η.],
2906 1086 3197 1156 λεγόμενον
3223 1088 3279 1138 ὲν
3308 1083 3698 1155 ’1ερεμίᾳ⁷⁵,τδ
3723 1084 3801 1150 μὴ
3826 1081 4003 1133 ἐνδοῦ-

2432 1196 2518 1230 ναι
2554 1179 2648 1231 καὶ
2679 1178 2903 1245 χαλάσαι
2931 1178 3021 1230 τὸν
3042 1177 3345 1246 δεσμὸντῆς
3373 1174 3726 1245 σωφροσύνης
3764 1174 4004 1234 ἀπάταις

2431 1266 2599 1333 δηλοῖ.
2675 1267 2852 1337 Στήθη
2883 1268 2991 1335 γὰρ
3018 1268 3073 1320 αί
3098 1268 3314 1335 φρένεις
3346 1268 3514 1319 εἰκότι
3537 1266 3679 1333 λόγῳ
3696 1263 3796 1317 καὶ
3823 1268 3854 1316 ό
3885 1265 4004 1325 νοῦς

2432 1358 2587 1427 ήμῶν
2624 1354 2761 1411 εἶναι
2792 1359 3068 1429 νομίζεται
3095 1374 3107 1388 ⁶
3132 1361 3164 1428 ἡ
3194 1359 3249 1411 δὲ
3278 1358 3650 1429 στηθοδεσμὶς,
3678 1359 3713 1427 ἠ
3740 1356 4007 1409 συνδοῦσα

2432 1449 2543 1519 ζωὴ
2577 1451 2621 1481 ⁷⁵
2650 1450 2749 1519 τὴν
2765 1451 3019 1518 πρόθεσιν
3055 1450 3158 1520 τῆς
3186 1450 3364 1520 ψυχῆς
3402 1453 3481 1513 είς
3519 1448 3767 1519 ἁγνείαν,
3797 1449 4006 1517 ἐστὶνή

2433 1541 2565 1609 πρὸς
2600 1540 2831 1611 Χριστὸν
2868 1541 3080 1610 ἀγάπη.

2504 1632 2627 1684 Ὅτι
2656 1634 2735 1696 τὸ,
2770 1633 2925 1687 Λάϐε
2965 1634 3010 1665 ⁷⁸
3034 1650 3135 1704 μοι
3184 1632 3442 1700 δάμαλιν
3468 1628 3881 1701 τριετίζουσαν
3912 1629 4006 1684 καί

2435 1720 2573 1793 αἶγα
2630 1724 3033 1794 τριετίζουσαν
3101 1726 3201 1780 καί
3270 1726 3439 1793 κριὸν
3495 1724 3858 1793 τριετίζοντα
3913 1724 4010 1777 καὶ

780 1813 913 1868 aller
942 1815 1070 1868 mihi
1097 1813 1209 1883 jugi
1242 1822 1516 1880 expertem
1560 1812 1814 1875 animam,
1850 1811 2016 1863 instar
2054 1808 2249 1871 vitulze,
2275 1816 2328 1859 et
2360 1813 2400 1867 Β
2429 1834 2442 1868 π

2360 1813 2400 1867 Β
2429 1817 2684 1887 τρυγόνα
2731 1818 2827 1871 καί
2895 1820 3247 1887 περιστερὰν
3294 1816 3641 1879 αἰνίττεσθαί,
3686 1832 3880 1884 φησιν.
3932 1815 4010 1866 ὅτι

772 1905 919 1958 omni
941 1904 1138 1957 malitia
1155 1914 1427 1958 carentem
1450 1922 1462 1969 ;
1494 1903 1823 1972 corpusitem
1845 1900 2200 1955 etrationetn:
2222 1912 2334 1953 cor-

776 2010 873 2062 pus
885 1995 1095 2063 quidem
1118 1994 1279 2047 veluti
1303 2008 1537 2063 capram,
1553 1994 1676 2062 quia
1699 2007 1791 2060 per
1819 1991 1952 2045 altas
1968 1999 2188 2059 rupeset
2208 2004 2335 2059 pra!-

775 2086 952 2153 cipitia
975 2083 1204 2149 incedit;
1227 2084 1485 2138 rationem
1506 2098 1629 2138 vero
1644 2094 1700 2136 ut
1714 2083 1955 2147 arietem,
1972 2097 2039 2135 ne
2054 2080 2334 2135 exsultans

776 2177 990 2232 excidat
1017 2192 1045 2230 a
1070 2178 1317 2233 veritate.
1347 2176 1436 2231 Sic
1455 2177 1593 2231 enim
1616 2175 1955 2245 inculpabilis
1989 2175 2122 2238 eris,
2145 2188 2333 2244 quem-

785 2269 1072 2323 admodum
1126 2269 1419 2332 Abraham,
1478 2269 1523 2322 si
1567 2266 1696 2321 mihi
1755 2267 1991 2319 animam
2034 2272 2087 2319 et
2141 2277 2334 2319 sensus

778 2371 1121 2429 mentemque
1152 2359 1510 2424 consecraris,
1546 2374 1663 2428 quae
1686 2359 1908 2427 ﬁgurate
1944 2358 2075 2411 dicit
2107 2356 2333 2410 vitulam

781 2464 836 2506 et
872 2467 1111 2520 capram,
1169 2462 1223 2506 et
1283 2452 1505 2505 arietem
1564 2452 1854 2515 triennem,
1898 2450 2046 2518 quasi
2081 2450 2336 2516 optimam

783 2544 1069 2598 Trinitatis
1114 2544 1481 2615 cognitionem
1536 2543 1776 2597 tollentia
1811 2542 1944 2611 (92).
1983 2542 2146 2596 Forte
2176 2541 2338 2595 etiam

782 2647 835 2689 et
865 2637 1095 2705 primam
1132 2645 1187 2689 ct
1243 2636 1497 2699 mediam,
1542 2647 1595 2691 et
1654 2636 1896 2690 ultimam
1951 2636 2074 2689 vitae
2125 2644 2338 2689 aetatem

783 2727 933 2800 [Deo
993 2727 1446 2801 consecrandam]
1494 2728 1790 2793 insinuant,
1850 2737 1909 2783 ut
1951 2727 2043 2795 qui
2106 2725 2341 2780 maxime

785 2822 916 2876 velit
959 2836 1055 2875 nos
1108 2830 1162 2875 et
1219 2836 1390 2874 annos
1439 2820 1703 2889 pueritize.
1732 2829 1787 2872 et
1845 2817 2016 2873 virilis
2062 2819 2260 2880 aetatis,
2288 2826 2344 2871 et

783 2912 1079 2967 senectutis
1124 2912 1239 2981 pari
1292 2912 1491 2980 pietate
1532 2913 1805 2965 traductos
1849 2911 1953 2965 sibi
1990 2909 2204 2965 offerre.
2256 2910 2337 2963 Ad

790 3019 949 3073 quem
998 3004 1217 3057 modum
1244 3005 1407 3057 etiam
1452 3004 1504 3058 in
1547 3002 1854 3072 Evangeliis
1885 3003 2142 3057 Dominus
2188 3003 2343 3056 nobis

787 3097 1054 3165 prmcipit:
1086 3094 1414 3163 Quapropter
1438 3104 1484 3147 et
1520 3110 1606 3147 vos
1649 3094 1843 3147 similes
1895 3096 2016 3147 estis
2050 3093 2343 3147 hominibus

788 3190 875 3257 qui
905 3199 1203 3255 exspectant
1242 3188 1522 3241 Dominum
1563 3201 1714 3239 suum
1754 3187 1965 3255 quando
2002 3194 2345 3242 revertatura

790 3282 1007 3346 nuptiis,
1033 3289 1092 3333 ut
1129 3295 1243 3332 cum
1268 3278 1482 3340 venerit,
1509 3286 1558 3330 et
1586 3279 1887 3345 pulsaverit,
1913 3277 2181 3344 confestim
2222 3294 2348 3346 ape-

792 3371 933 3422 riant
965 3372 1042 3423 ei:
1079 3370 1213 3423 beati
1250 3371 1396 3434 estis,
1443 3370 1567 3438 quia
1609 3368 1765 3437 faciet
1802 3384 1887 3420 vos
1932 3366 2279 3429 discumbere,
2303 3376 2349 3419 et

2437 1909 2774 1980 Προσένεγκέ
2805 1927 2894 1979 μοι
2916 1910 3090 1976 ἄζυγα
3108 1910 3202 1962 καὶ
3221 1909 3502 1961 άκάκωτόν
3523 1909 3567 1938 ⁷⁷
3598 1923 3692 1959 σου
3716 1907 3820 1975 τὴν
3830 1906 4011 1975 ψυχὴν

2432 2001 2712 2070 δαμάλεως
2761 2002 2937 2071 δίκην,
2977 2002 3067 2053 καὶ
3101 2001 3202 2071 τὴν
3249 2002 3426 2070 σάρκα
3460 1999 3555 2052 καὶ
3600 2000 3694 2051 τὸν
3724 1996 4010 2065 λογισμὸν,

2433 2095 2530 2163 τὴν
2560 2094 2655 2164 μὲν
2678 2094 2752 2155 ὼς
2782 2090 2915 2161 αἶγα
2946 2094 3014 2156 ⁷⁸,
3046 2093 3233 2164 ἐπειδὴ
3257 2092 3324 2145 τὰ
3355 2093 3603 2162 μετέωρα
3628 2083 3723 2143 καὶ
3747 2087 4014 2160 κρημνώ-

2433 2184 2495 2254 δη
2518 2185 2816 2254 περιπολεῖ,
2829 2185 2918 2236 τὸν
2942 2184 2998 2238 δὲ
3028 2184 3103 2246 ὡς
3131 2185 3301 2254 κριὸν,
3328 2184 3413 2235 ἴνα
3444 2182 3706 2252 μηδαμῶς
3738 2182 4013 2251 ἀποσκιρ-

2435 2279 2603 2347 τήσας
2647 2276 2960 2346 ὲξολισθήσῃ
3016 2278 3114 2341 τῆς
3147 2275 3422 2345 ἀληθείας.
3469 2273 3621 2327 Οὕτω
3674 2275 3784 2344 γὰρ
3822 2272 4013 2326 ἀνεπί-

2434 2370 2636 2439 ληπτος
2669 2368 2765 2439 ἔσῃ
2795 2369 2869 2431 ὡς
2917 2368 3167 2439 Ἀϐραὰμ
3202 2370 3270 2432 ⁷⁸,
3293 2368 3361 2420 ἂν
3405 2367 3606 2437 ἀναθῇς
3634 2367 3758 2436 ἐμοὶ
3787 2366 3884 2418 καὶ
3915 2364 4015 2436 τὴν

2438 2461 2615 2530 ψυχὴν
2641 2462 2736 2514 καὶ
2760 2459 2856 2531 τὴν
2879 2459 3131 2529 αἴσθησιν
3156 2461 3250 2512 καὶ
3278 2459 3371 2513 τὸν
3398 2457 3522 2512 νοῦν
3546 2476 3559 2489 ·
3602 2457 3638 2510 ἃ
3666 2455 4014 2525 συμϐολικῶς

2437 2552 2665 2619 δάμαλιν
2694 2550 2795 2621 ἔφη
2830 2552 2924 2604 καὶ
2976 2546 3108 2619 αἶγα
3153 2552 3247 2603 καὶ
3286 2551 3435 2621 κριὸν
3461 2549 3822 2619 τριετίζοντα,
3850 2545 4016 2599 οἱονεὶ

2440 2644 2537 2713 τὴν
2568 2644 2769 2711 γνῶσιν
2797 2644 3185 2714 ἁχακέμφατον
3208 2645 3307 2713 τῆς
3338 2641 3553 2712 τριάδος
3592 2638 4012 2709 έπανῃρημένα.

2441 2734 2591 2802 Τάχα
2620 2734 2675 2786 δὲ
2712 2734 2805 2786 καὶ
2854 2736 2953 2803 τὴν
2998 2733 3221 2803 πρώτην
3277 2734 3371 2783 καὶ
3420 2732 3517 2799 τὴν
3566 2732 3739 2800 μέσην
3777 2728 3873 2781 καὶ
3915 2726 4016 2798 τὴν

2441 2825 2756 2877 τελευταίαν
2822 2824 2917 2877 τοῦ
2966 2825 3078 2894 βίου
3138 2825 3238 2893 τῆς
3290 2823 3501 2892 ἡλικίας
3523 2821 3681 2892 ἡμῶν
3710 2821 4014 2875 αἰνίσσεται

2442 2916 2648 2987 τρίϐον,
2688 2917 3012 2987 βουλόμενος
3050 2916 3126 2979 ὡς
3174 2918 3255 2969 ὅτι
3301 2918 3346 2948 ⁸ο
3388 2915 3619 2985 μάλιστα
3651 2914 3745 2967 καὶ
3782 2913 3873 2965 τὸν
3911 2911 4020 2963 τῶν

2444 3010 2649 3063 παίδων
2674 3011 2767 3062 καὶ
2793 3010 2884 3063 τὸν
2909 3008 3014 3060 τῶν
3043 3008 3254 3077 ἀνδρῶν
3301 3010 3395 3060 καὶ
3422 3006 3512 3060 τὸν
3540 3007 3647 3058 τῶν
3678 3002 4018 3074 γεραιτέρων

2446 3103 2632 3172 χρόνον
2656 3118 2718 3153 συ
2728 3101 2976 3170 μφρόνως
2999 3100 3297 3170 βιώσαντας
3329 3097 3482 3167 αὐτῷ
3503 3094 3974 3167 προσενέγκασθαι
4000 3109 4017 3126 ⁶

2454 3191 2572 3244 καθ’
2605 3191 2663 3243 ὃν
2711 3191 2913 3260 τρόπον
2950 3192 3044 3244 καὶ
3092 3191 3150 3243 έν
3187 3189 3531 3257 Εὑαγγελίοις
3566 3191 3594 3241 ὁ
3631 3187 3834 3259 Κύριος
3870 3202 4023 3256 νομο-

2453 3282 2617 3335 θετεῖ·
2656 3284 2763 3337 Διὰ
2803 3282 2979 3335 τοῦτο
3020 3281 3064 3313 ⁸⁸
3093 3281 3192 3334 καί
3220 3281 3385 3350 ὑμεῖς
3413 3279 3601 3348 ὅμοιοι
3646 3280 3891 3349 γίνεσθε
3916 3279 4023 3331 άν-

2455 3373 2705 3440 θρώποις
2765 3371 3275 3441 προσδεχομένοις
3339 3371 3446 3424 τὸν
3499 3371 3708 3437 κύριον
3789 3368 4025 3430 αὐτῶν,

794 3461 1049 3513 transiens
1068 3462 1382 3514 ministrabit
1409 3462 1566 3515 vobis.
1593 3456 1661 3512 Et
1688 3460 1733 3513 si
1762 3460 1813 3511 in
1834 3458 2081 3521 secunda,
2105 3468 2151 3511 et
2174 3458 2351 3524 tertia,

2456 3466 2598 3517 πότε
2628 3465 2918 3517 ἁναλύσει
2969 3465 3037 3517 ἐκ
3074 3460 3190 3517 τῶν
3244 3464 3465 3532 γάμων,
3500 3465 3600 3516 ἵνα
3626 3462 3871 3516 ἐλθόντι
3930 3463 4029 3515 καί

794 3552 929 3605 beata
952 3555 1073 3607 estis
1090 3562 1139 3607 γ.

2459 3557 2779 3622 κρούσαντι
2879 3555 3039 3619 αὺτῷ
3107 3556 3324 3621 εὐθέως
3381 3556 3681 3619 ἀνοίξωσι.
3740 3552 4029 3622 Μακάριοι

793 3646 931 3701 ἐστε
955 3689 969 3712 ,
1030 3647 1118 3701 ὅτι
1201 3645 1512 3701 ἀνακλινεῖ
1558 3648 1604 3685 ⁸³
1662 3645 1813 3710 ὑμᾶς
1883 3646 1979 3700 καί
2044 3650 2355 3715 παρελθὼν
2390 3650 2754 3716 διακονήσει.
2803 3651 2927 3708 Κάν
3016 3649 3089 3717 τῇ
3145 3648 3391 3718 δευτέρᾳ
3472 3647 3571 3703 καὶ
3630 3647 3708 3716 τῇ
3759 3648 3805 3679 ⁸³
3864 3648 4032 3715 τρίτη

792 3738 1068 3807 μακάριοί
1095 3739 1254 3793 ἐστε.

866 3830 1215 3885 Considerate
1275 3832 1417 3884 enim
1474 3832 1613 3899 quod
1664 3838 1774 3884 tres
1825 3829 2030 3898 vigilias
2080 3833 2348 3901 ponendo,

796 3924 1183 3992 vespertinam,
1212 3922 1461 3984 alteram,
1488 3933 1545 3976 et
1572 3924 1807 3988 tertiam,
1844 3932 1952 3977 tres
1972 3939 2189 3993 quoque
2221 3934 2352 3978 rcta-

800 4013 869 4065 tis
899 4013 1228 4065 mutationes
1291 4012 1644 4080 signiﬁcarit:
1681 4014 2116 4078 adolescentiam,
2144 4015 2352 4069 virilem

798 4110 1038 4166 atatem,
1070 4114 1123 4156 et
1163 4112 1519 4165 senectutem,
1553 4104 1693 4173 quod
1739 4104 1865 4158 velit
1891 4119 2007 4169 nos,
2037 4120 2157 4159 cum
2190 4121 2353 4162 vene-

802 4193 869 4245 rit
894 4192 1146 4246 mundum
1171 4191 1190 4264 [
1214 4194 1264 4246 in
1287 4191 1530 4263 judicio]
1560 4206 1955 4263 assumpturus,
1988 4206 2204 4263 paratos
2229 4211 2350 4251 esse

801 4296 863 4336 ac
894 4296 1058 4349 puros
1085 4282 1329 4351 quamvis
1373 4286 1548 4337 adhuc
1592 4284 1644 4337 in
1676 4285 1900 4351 pueritia
1930 4295 2249 4351 versantes;
2280 4287 2355 4339 si-

2545 3827 2942 3897 Ἐπισκέψασθε
2963 3827 3071 3897 γὰρ
3100 3826 3181 3879 ὅτι
3198 3826 3345 3894 τρεῖς
3369 3822 3697 3893 ὑποθέμενος
3716 3822 3765 3854 ⁸⁸
3782 3823 4035 3890 φυλακὰς

2461 3922 2671 3984 νυκτὸς,
2711 3918 3023 3989 έσπερινὴν,
3080 3918 3175 3969 καὶ
3216 3917 3475 3986 δευτέραν
3522 3916 3615 3968 καὶ
3672 3915 3888 3984 τρίτην,
3944 3916 4037 3967 καὶ

2459 4018 2607 4085 τρεῖς
2634 4012 2789 4083 ἡμῶν
2845 4011 2944 4073 τὰς
2981 4010 3081 4078 τῆς
3110 4009 3156 4041 ⁸⁸
3185 4009 3400 4077 ἡλικίας
3437 4005 3655 4076 ᾐνίξατο
3701 4005 4033 4075 μεταϐολὰς,

2458 4109 2556 4178 τὴν
2598 4102 2931 4177 μειρακιώδη
2949 4104 3041 4155 καὶ
3069 4101 3166 4171 τὴν
3193 4100 3465 4171 πρόσηόον
3497 4100 3590 4150 καὶ
3616 4098 3713 4167 τὴν
3735 4097 4035 4167 πρεσϐυτι-

2461 4200 2583 4269 κὴν,
2647 4196 2963 4267 βουλόμενος
3019 4194 3105 4247 ἵνα
3163 4194 3258 4245 καὶ
3308 4193 3497 4251 παῖδας
3529 4190 3706 4250 ὄντας,
3762 4188 3861 4240 ἐὰν
3906 4188 4033 4259 ἔλθῃ

2460 4286 2913 4357 παραληψόμενος
2949 4283 3038 4336 τὸν
3072 4284 3293 4349 κόσμον,
3329 4279 3575 4347 ἑτοίμους
3611 4278 3913 4331 καταλάϐοι
3944 4280 4035 4331 καὶ

803 4373 1002 4426 militer
1055 4374 1345 4427 secundam
1440 4383 1491 4427 et
1553 4380 1766 4429 tertiam
1837 4376 2078 4443 vigiliam
2134 4376 2353 4431 indicat.
2461 4395 2465 4429 τ

2461 4376 2756 4445 καθαροὺς,
2791 4373 2886 4425 καὶ
2926 4372 3021 4442 τὴν
3048 4372 3305 4439 δευτέραν
3337 4369 3537 4439 ὁμοίως
3568 4371 3659 4421 καὶ⁵
3684 4368 3784 4437 τὴν
3817 4368 4032 4437 τρίτην.

802 4459 1119 4529 vespertina
1144 4464 1285 4516 enim
1315 4463 1492 4533 vigilia
1522 4473 1605 4517 est
1636 4464 1877 4519 ﬂorentis
1903 4467 2079 4520 aetatis
2110 4468 2355 4521 humanm

2472 4464 2763 4535 Ἐσπερινὴ
2784 4464 2891 4531 γὰρ
2924 4462 3134 4532 φυλακὴ
3162 4464 3189 4514 ό
3217 4461 3406 4530 καιρός
3440 4461 3557 4512 ἐστι
3584 4461 3682 4529 τῆς
3712 4458 3907 4527 ἀκμῆς
3939 4458 4034 4511 τοῦ

803 4562 997 4616 status,
1046 4567 1154 4622 quo
1196 4553 1383 4620 incipit
1418 4554 1641 4609 rationis
1695 4553 1978 4622 imperium
2019 4556 2356 4624 passionibus
2390 4609 2428 4625 ἢ
2461 4583 2465 4608 t

2390 4609 2428 4625 ἢ
2461 4556 2771 4625 ἀνθρώπου,
2801 4554 2921 4608 καθ’
2947 4554 3012 4625 ἢν
3035 4555 3260 4625 ἄρχεται
3288 4550 3656 4622 ταράσσεσθαι
3680 4551 3739 4602 τὸ
3771 4553 4034 4620 ἡγεμονι-

803 4645 1063 4713 agitatum
1134 4645 1374 4711 turbari;
1427 4645 1590 4697 altera
1647 4661 1797 4711 vero,
1844 4646 2055 4714 quando
2110 4647 2360 4712 deinceps
2392 4641 2432 4664 ν

2392 4641 2432 4664 ν
2467 4648 2560 4700 κὺν
2587 4646 2997 4713 ἐπιθολούμενον
3021 4648 3131 4707 τοῖς
3154 4642 3349 4696 πάθεσι
3373 4659 3387 4671 ·
3420 4641 3647 4710 δευτέρα
3680 4642 3759 4705 δὲ,
3793 4642 4037 4710 ὁπηνίκα

804 4737 858 4789 in
894 4735 1190 4803 perfectum
1223 4738 1394 4790 virum
1420 4739 1653 4791 evadens
1688 4738 1873 4807 incipit
1912 4752 2064 4792 mens
2091 4739 2361 4807 perpetuis
2465 4740 2466 4745 “

2465 4738 2647 4790 λοιπὸν
2678 4738 2756 4800 είς
2784 4736 2948 4806 ἄνδρα
2971 4735 3170 4787 τέλειον
3211 4732 3404 4794 ἐλάσας
3448 4730 3672 4801 ἄρχεται
3704 4730 4037 4800 βεϐαιότητα

807 4829 1140 4894 negotiorum
1216 4828 1531 4881 tumultibus
1605 4830 1880 4896 occupari.
1949 4827 2133 4883 Tertia
2210 4843 2358 4894 vero,
2466 4850 2469 4863 ι

2466 4828 2572 4880 τῶν
2620 4827 2863 4897 θορύϐων
2892 4828 2920 4878 ό
2947 4824 3067 4885 νοῦς
3103 4822 3572 4894 προσλαμϐάνειν·
3611 4821 3771 4889 τρίτη
3820 4821 3903 4883 δὲ,
3949 4822 4035 4873 ὅτε

805 4919 1017 4987 quando
1048 4918 1270 4971 inﬁnita:
1304 4918 1658 4987 cupiditatum
1691 4920 1954 4988 imagines
1992 4933 2219 4989 corpore
2246 4919 2356 4987 jam
2463 4946 2467 4967 ‹

2463 4921 2521 4973 αἱ
2577 4919 2823 4970 πλεῖσται
2871 4914 3160 4984 φαντασίαι
3208 4913 3315 4966 τῶν
3379 4911 3681 4980 ἐπιθυμιῶν
3729 4911 4033 4979 φθίνουσιν,

807 5016 1175 5060 marcescente
1192 5015 1243 5059 et
1266 5006 1319 5059 in
1343 5007 1551 5059 senium
1579 5018 1833 5074 vergente
1864 5007 2061 5060 sensim
2088 5008 2358 5061 delicium.
2467 5040 2469 5057 .

2467 5007 2984 5078 ἀπομαραινομένης
3048 5005 3150 5075 ἤδη
3204 5004 3301 5072 τῆς
3346 5001 3546 5071 σαρκὸς
3594 5001 3687 5054 καὶ
3730 5002 3813 5063 είς
3856 5000 4036 5068 γῆρας

806 5096 1145 5166 Quapropter
1203 5110 1401 5152 aeterna
1444 5098 1563 5153 lidei
1618 5098 1809 5168 309b
1870 5098 2073 5166 lampas
2127 5099 2178 5151 in
2204 5102 2363 5152 corde

2470 5100 2901 5170 προκοπτούσης.
2942 5098 3032 5150 Διὸ
3058 5095 3330 5167 προσῆκεν
3359 5092 3618 5148 άσδεστον
3649 5093 3709 5145 ἐν
3736 5094 3807 5163 τῇ
3836 5092 4038 5162 καρδία

881 5218 957 5247 ¹¹·ν
985 5210 1181 5265 Jerem.
1208 5226 1266 5277 tt,
1296 5210 1383 5265 32.
1460 5221 1484 5247 ι
1516 5210 1648 5266 Gen.
1687 5228 1769 5277 xv,
1799 5211 1850 5265 9.
1927 5219 1954 5258 1
1990 5210 2117 5264 Luc.
2148 5226 2243 5275 sn,
2269 5211 2427 5265 5-27.

2102 5351 2338 5407 VARIIE
2366 5350 2744 5407 LECTIONES

888 5449 929 5479 ⁷³
960 5446 1128 5527 ἁναζῇ
1170 5464 1247 5527 ςέι
1305 5446 1643 5527 ⁷ῘΑ⁶ςρμηροςῙ
1674 5446 1774 5527 Od.
1806 5462 1859 5527 x,
1884 5443 2109 5527 510:":
2144 5444 2376 5527 Ἱερά),
2408 5445 2495 5527 ᾆξ’).
2554 5447 2601 5477 ⁷⁵
2631 5461 2714 5527 an_
2748 5444 2940 5527 ςώνη]
3024 5440 3253 5527 ⁷⁶ηλά6ξ]
3282 5440 3425 5527 pen.
3458 5440 3642 5527 ξνν.ῒ9ἶ
3686 5440 3730 5471 ⁷⁷
3783 5443 3878 5493 καὶ
3913 5435 4040 5527 σῖγα

812 5534 979 5596 τριετ.
1006 5507 1128 5596 add:
1162 5507 1266 5571 ΑΒ.
1301 5517 1365 5596 ,⁷⁸
1395 5507 1969 5596 Ιξιὶτί”άάρὶκώτατόν.Η
2007 5515 2052 5547 ⁷⁸
2078 5514 2150 5575 ὡς
2176 5507 2477 5596 δ”.ξξραὸιμ
2508 5533 2565 5596 ς.
2597 5584 2615 5596 ἳ
2668 5517 2715 5596 '_°
2745 5507 2850 5596 δ’τιῖ
2880 5507 2989 5582 άρα
3013 5513 3119 5596 ΑΔΒ.
3165 5582 3189 5593 θ
3210 5507 3252 5543 ’ί
3278 5512 3363 5563 διὰ
3401 5507 3577 5581 τοῦτο]
3626 5509 3757 5564 Luc.
3822 5526 3919 5571 sit,
3952 5510 4038 5563 56.

815 5582 859 5617 ’ί
880 5588 1137 5657 ἀνακλίνῃ
1165 5604 1224 5651 ς.
1300 5587 1344 5617 ⁸³
1369 5590 1436 5657 τῇ
1465 5603 1573 5641 om.
1598 5588 1661 5640 Α.
1747 5586 1790 5615 ελ
1820 5585 2136 5645 ἐπιθέμενος
2166 5602 2225 5647 ς.
2300 5585 2346 5615 ⁸⁸
2376 5582 2472 5645 τὰς
2496 5584 2616 5657 τῆς]
2634 5588 2731 5649 τὰς
2761 5585 2799 5638 Β
2824 5582 2878 5640 ει
2914 5600 2996 5653 ντο
3037 5584 3099 5636 Α·
3132 5582 3227 5650 τῆς
3261 5598 3321 5644 ς·

2262 5677 2488 5733 NOTAE.

890 5768 998 5838 (92)
1041 5773 1151 5827 l’ra:
1178 5789 1234 5827 sc
1271 5773 1516 5839 ferentia,
1550 5771 1925 5842 signiﬁcantia.
