4208 6442
224 408 368 478 1165

1244 414 1761 475 BIBLIOTHECA.
1791 440 1859 451 -·
1891 416 2053 477 COD.
2090 418 2471 480 CCXXXVII.

3328 424 3469 490 1166

220 520 320 585 τῆς
364 518 600 579 πίστεως
638 514 938 587 ἐξάψαντας
989 518 1079 572 τὸν
1108 518 1317 591 λύχνον,
1352 523 1446 572 καὶ
1480 520 1576 590 τὴν
1627 522 1795 587 ὀσφὺν
1828 530 1872 583 Α

1828 530 1872 583 Α
1903 522 2127 577 fovenda
2150 536 2254 589 est,
2282 527 2557 596 lumbique
2586 532 2937 598 temperantia
2966 532 3302 603 accingendi,
3327 538 3463 606 vigi-

219 606 683 675 ἁναξωσαμένους
731 612 797 677 τῇ
855 610 1207 682 σωφροσύνῃ,
1277 611 1635 681 ἐγρηγορέναι
1708 610 1801 664 καὶ

221 697 540 766 προσδοκᾷν
567 699 655 749 ἀεὶ
683 697 775 750 τὸν
811 698 1035 768 Κύριον.

296 784 425 836 Ὅτι
455 791 663 855 σίκερα,
708 787 864 854 φησὶ,
898 789 1006 839 πᾶν
1028 788 1088 840 τὸ
1120 787 1289 858 μέθην
1329 788 1491 858 φέρον
1533 788 1673 857 μετὰ
1708 788 1801 841 τὸν

221 871 371 925 οἶνον
399 875 488 927 τὸν
521 875 580 937 ἐξ
611 876 889 943 ἀμπέλων.

301 965 427 1016 Ὀτι
452 965 543 1017 δύο
564 966 676 1036 εἴδη
700 967 956 1034 ἀμπέλων
978 969 1127 1039 παρὰ
1152 972 1219 1039 τῇ
1249 969 1458 1041 Γραφῇ,
1488 969 1608 1025 λίαν
1629 969 1804 1037 ἀγαθὴ

226 1056 327 1106 καὶ
357 1057 478 1108 λίαν
521 1059 687 1127 κακή.
743 1059 853 1111 Καὶ
904 1059 1012 1127 γάρ
1059 1077 1222 1129 φησιν
1262 1062 1291 1111 ὁ
1338 1061 1562 1131 Κύριος.
1597 1060 1742 1130 Ἐγώ
1758 1060 1805 1092 ⁸⁸

224 1148 351 1214 ειμι
391 1149 429 1214 ἡ
470 1147 739 1215 ἄμπελος
785 1152 824 1218 ἠ
868 1152 1146 1219 ἀληθινὴ,
1180 1153 1348 1221 ὑμεῖς
1392 1155 1465 1207 τὰ
1513 1153 1804 1223 κλήματα.

241 1238 313 1288 Ἦ
347 1236 407 1289 δὲ
448 1239 593 1309 κακὴ
658 1241 750 1293 καὶ
798 1241 969 1310 ἀγρία
1028 1244 1174 1295 ἐστὶν
1227 1246 1257 1295 ὁ
1296 1243 1560 1308 διάὸολος,
1606 1244 1807 1297 λύσσαν

230 1327 588 1395 ἀποστάζων,
619 1329 694 1392 ὡς
724 1331 820 1384 καὶ
852 1332 1091 1401 Μωῦσῆς
1129 1332 1445 1402 διαγράφων
1488 1336 1618 1403 περὶ
1642 1334 1806 1387 αὑτοῦ

230 1433 409 1486 φησιν
434 1434 451 1450 ο
496 1420 590 1472 Ἐκ
642 1420 752 1489 γὰρ
778 1422 823 1452 ⁸⁷
856 1421 1127 1491 ἀμπέλου
1151 1423 1428 1493 Σοδόμων¹
1458 1427 1521 1493 ἠ-
1547 1424 1811 1495 ἄμπελος

232 1507 372 1582 [506
425 1510 519 1582 Η.]
559 1512 777 1578 αὐτῶν,
814 1514 911 1567 καὶ
958 1515 998 1582 ὴ
1040 1516 1331 1584 κληματις
1361 1516 1558 1570 αὐτῶν
1589 1518 1656 1570 ἐκ
1699 1519 1812 1571 Γο-

230 1600 487 1669 μόῤῥαςν
519 1606 612 1655 καὶ
642 1603 792 1673 ἑξῆς.

313 1694 438 1749 ὀτι
468 1697 497 1747 ὁ
517 1694 714 1764 χρυσὸς
747 1694 824 1746 ίὸν
853 1693 915 1746 οὐ
942 1694 1331 1765 παραδέχεται.

312 1790 437 1842 Ὀτι
473 1788 628 1857 φησι,
683 1786 757 1837 Τὸ
789 1786 898 1856 γὰρ
945 1787 1231 1856 λεγόμενον
1288 1788 1676 1858 ὠμοιῶσθαι⁸⁸
1696 1792 1811 1859 τὴν

1902 606 2142 671 landum,
2175 618 2230 663 et
2274 608 2535 665 Dominus
2576 622 2760 668 noster
2789 630 3004 687 semper
3041 623 3464 688 exspectandus.

1974 786 2183 849 Sicera,
2225 787 2432 856 inquit,
2464 798 2546 843 est
2591 789 2869 860 quidquid,
2901 807 3055 849 εχιτ-ιι
3088 797 3271 851 vinum
3302 810 3333 852 e
3365 801 3471 853 vite

1902 888 2236 941 expressum,
2273 873 2521 929 inebriat.

1979 959 2092 1014 Duo
2124 960 2247 1013 vitis
2285 976 2481 1030 genera
2536 965 2613 1018 ait
2651 965 2705 1020 in
2742 966 3017 1036 Scriptura
3044 971 3168 1038 poni
3198 987 3212 1023 :
3241 973 3467 1027 alterum

1905 1051 2185 1117 optimum,
2216 1050 2443 1106 alterum
2489 1056 2805 1124 pessimum.
2850 1059 3096 1115 Etenim:
3125 1061 3259 1131 Ego,
3294 1061 3473 1131 inquit

1909 1140 2186 1205 Dominus,
2208 1158 2324 1195 sum
2348 1143 2465 1197 vitis
2496 1161 2637 1208 uera,
2668 1164 2755 1200 vos
2782 1150 3024 1215 palmites
3043 1159 3090 1204 ⁸.
3122 1150 3258 1206 Maia
3290 1164 3471 1207 autem

1906 1241 1961 1286 et
1999 1234 2229 1304 agrestis
2257 1244 2341 1289 est
2374 1235 2621 1293 diabolus
2684 1240 2919 1295 furorem
2968 1242 3258 1309 distillans,
3280 1261 3474 1314 quem-

1909 1326 2193 1379 admodum
2248 1325 2424 1381 Moses
2468 1328 2536 1383 de
2578 1343 2642 1384 eo
2696 1331 2940 1386 scribens
2990 1333 3068 1387 ait
3118 1352 3133 1389 :
3200 1334 3275 1388 De
3327 1337 3476 1389 uinea

1910 1413 2257 1470 Sodomorum
2292 1421 2441 1472 vinea
2465 1436 2663 1487 eorum,
2687 1432 2736 1476 el
2765 1424 2882 1477 ritis
2909 1440 3089 1478 eorum
3119 1441 3217 1480 uva
3256 1427 3394 1494 fellis
3422 1436 3471 1492 ·;

1908 1518 1962 1563 ει
1985 1524 2105 1577 qua:
2132 1522 2453 1581 sequuntur.

1980 1687 2184 1741 Aurum
2215 1692 2439 1759 arugini
2475 1708 2580 1746 non
2612 1709 2730 1749 esse
2757 1695 3047 1750 obnoxium
3085 1698 3263 1753 docet.

1978 1776 2101 1830 illa:
2128 1776 2487 1835 Assimilatttm
2511 1799 2624 1837 esse
2647 1800 2857 1853 regnum
2881 1787 3130 1840 cartorum
3151 1793 3326 1843 decent
3371 1790 3480 1843 vir-

226 1880 562 1943 ,ϐασι-λείαν
586 1874 701 1928 τῶν
721 1875 991 1944 οὐρανῶν
1003 1876 1149 1930 δέκα
1166 1880 1500 1947 παρθένοις,
1535 1882 1813 1951 σημαίνειν
1841 1868 1888 1927 Β

1841 1868 1888 1927 Β
1916 1871 2121 1941 ginibtu
2144 1872 2203 1938 δ,
2248 1874 2363 1927 vult
2412 1876 2738 1945 signiﬁcare,
2768 1894 2957 1934 omnes
2986 1881 3126 1935 idem
3156 1883 3276 1938 vita
3309 1897 3479 1951 genus

236 1971 491 2039 βούλεται
518 1968 617 2038 τὴν
665 1969 835 2037 αὐτὴν
865 1969 985 2021 ὁδὸν
1018 1969 1112 2021 τοῦ
1166 1971 1593 2041 ἐπιτηδεύματος
1638 1974 1814 2038 πάσας

233 2062 685 2132 επανῃρημένας,
722 2061 810 2113 διὰ
842 2061 940 2130 τὴν
971 2060 1209 2131 ἔμφασιν
1246 2063 1341 2115 τοῦ
1370 2064 1502 2118 ίῶτα
1532 2066 1810 2137 στοιχείου.

235 2151 489 2224 [9561ἰ.]
534 2151 873 2205 Ἐστείλαντο
905 2154 1003 2222 μὲν
1042 2154 1149 2225 γὰρ
1194 2157 1586 2227 παραπλησίως
1617 2159 1816 2222 ἑαυτὰς

234 2250 321 2309 εἰς
344 2246 504 2297 τοῦτο
520 2243 1027 2313 καθομολογήσασαι
1044 2245 1111 2308 ⁸⁸,
1134 2247 1229 2298 καὶ
1248 2247 1420 2320 ταύτῃ
1437 2248 1814 2318 κικλήσκονται

233 2337 396 2397 δέκα,
440 2335 624 2388 οὐκέτι
650 2336 695 2367 ⁹⁹
719 2335 775 2388 δὲ
813 2335 1010 2404 ὁμοίως
1046 2336 1266 2404 ἐξῆλθον
1298 2340 1703 2409 ὑπαντήσουσαι
1739 2342 1815 2413 τῷ

231 2428 482 2498 Νυμφίῳ
528 2445 540 2459 ⁸
567 2429 625 2480 αἱ
660 2426 759 2496 μὲν
812 2428 921 2497 γὰρ
973 2428 1179 2499 τροφὴν
1228 2430 1453 2498 ἄφθονον
1495 2433 1816 2503 ἐπορίσαντο

236 2527 366 2587 ταῖς
390 2524 795 2595 ὲλαιοθρὲπτοις
814 2523 1110 2594 λαμπάσιν,
1140 2527 1196 2579 αἱ
1222 2526 1278 2579 δὲ
1304 2544 1429 2579 κατε
1438 2528 1814 2600 ρρᾳθύμησαν.

239 2617 339 2669 Διὸ
383 2616 450 2685 δὴ
488 2616 586 2668 καλ⁵
642 2615 918 2686 ίσάριθμοι
962 2617 1098 2686 πρὸς
1156 2616 1196 2670 ε’
1228 2618 1579 2689 διαιροῦνται,
1630 2623 1814 2695 ἐπειδή

239 2730 353 2783 περ
377 2713 477 2775 τὰς
505 2718 546 2764 ε’
578 2713 863 2783 αἰσθήσεις
891 2714 947 2766 al.
994 2714 1090 2785 μὲν
1128 2715 1308 2767 αὐτῶν
1356 2717 1687 2784 ἐφυλάξαντο
1713 2734 1815 2768 κα-

241 2801 443 2869 Θαρὰς,
473 2800 537 2863 ἃς
571 2803 619 2853 ol
654 2803 896 2855 πλεῖστοι
926 2804 1116 2871 σοφίας
1144 2805 1316 2867 πύλας
1348 2805 1813 2877 προσηγόρευσαν,

241 2895 302 2945 αἱ
328 2894 387 2946 δὲ
421 2892 729 2946 τούναντίον
760 2896 1207 2965 κατελωϐήσαντο
1263 2897 1449 2967 κακίᾳ.
1493 2896 1817 2966 Ἐγκρατευ-

242 2985 486 3053 σάμεναι
531 2986 643 3054 γὰρ
694 2986 791 3037 καὶ
839 2985 1172 3053 ἁγνεύσασαι
1220 2987 1567 3059 δικαιοσύνης
1616 2991 1815 3059 μᾶλλον

241 3077 553 3148 εὐφόρεσαν
580 3078 625 3109 ⁹¹
656 3076 1098 3146 παραπτώμασιν
1123 3095 1137 3107 ο
1161 3077 1219 3141 ἐξ
1237 3074 1297 3133 οὗ
1326 3080 1422 3132 καὶ
1447 3080 1640 3152 συνέϐη
1658 3083 1815 3147 αὐτὸς

241 3166 711 3235 ἁπαγορευθῆναι.
758 3167 879 3219 Εἴτε
919 3168 1027 3235 γὰρ
1071 3167 1442 3239 κατορθοῦμεν
1484 3170 1594 3223 εἴτε
1640 3172 1817 3242 πλημ·
1841 3206 1885 3263 c

246 3257 546 3327 μελοῦμεν,
600 3257 689 3310 διὰ
734 3258 935 3311 τούτων
967 3259 1203 3329 ἑκάτερα
1243 3262 1335 3313 καὶ
1374 3262 1443 3314 τὰ
1480 3262 1814 3333 ἀνδραγαθή-

243 3369 392 3421 ματα
410 3351 732 3421 κρατύνεται
752 3352 848 3404 καὶ
873 3354 940 3404 τὰ
963 3354 1106 3407 κακὰ
1135 3354 1454 3424 πράγματα.
1482 3355 1594 3408 Καὶ
1625 3356 1815 3427 ὥσπερ

239 3447 275 3507 ἠ
320 3443 587 3497 θάλλουσα
632 3443 727 3496 καὶ
778 3442 1071 3512 ὀφθαλμῶν
1123 3445 1346 3511 ἁγνείαν
1398 3446 1498 3515 ἔφη
1529 3448 1623 3500 καλ⁵
1666 3447 1817 3501 ὤτων

241 3525 388 3585 εἶναι
423 3533 518 3584 καὶ
555 3532 805 3602 γλώσσης
840 3532 1068 3585 καὶτῶν
1108 3532 1308 3585 λοιπῶν
1356 3533 1589 3603 καθεξῆς
1624 3534 1814 3603 αἰσθη-

240 3627 476 3696 τηρίων,
509 3624 651 3678 οὕτω
685 3624 750 3693 δὴ
791 3625 887 3676 καὶ
925 3623 995 3676 τὰ
1027 3625 1261 3677 ἐνταῦθα
1293 3624 1391 3693 τὴν
1417 3626 1598 3678 πίστιν
1624 3626 1817 3679 ἄσυλον

242 3720 279 3786 ή
309 3718 659 3787 φυλαξαμένη
674 3717 781 3768 τῶν
807 3718 965 3768 πέντε
986 3716 1169 3769 διόδων
1190 3717 1288 3785 τῆς
1306 3718 1525 3787 ἀρετῆς,
1546 3718 1812 3787 ὁράσεως,

240 3808 510 3876 γεύσεως,
540 3807 855 3877 ὀσφρήσεως
877 3808 945 3870 ⁸⁸,
990 3806 1130 3876 ἁφῆς
1158 3824 1215 3859 τε
1273 3808 1365 3860 καὶ
1415 3806 1603 3877 ἀκοῆς,
1656 3808 1817 3859 πέντε

246 3898 753 3970 προσαγορεύονται
785 3898 831 3929 ’³
862 3898 1140 3968 παρθένοι,
1170 3898 1259 3951 διὰ
1297 3898 1357 3951 τὸ
1398 3897 1495 3960 τὰς
1529 3899 1685 3950 πέντε
1722 3899 1819 3966 τῆς

247 3993 558 4060 αἰσθήσεως
609 3989 778 4057 ἁγνὰς
832 3989 1279 4058 ἀποκαταστῆσαι
1318 3988 1397 4058 τῷ
1443 3987 1661 4059 Χριστῷ
1695 4006 1819 4056 φαν-

244 4085 469 4148 τασίας,
505 4081 598 4149 ἀφ’
629 4082 863 4149 ἑκάστης
918 4080 1087 4150 αὐτῆς
1128 4074 1213 4133 οἷα
1254 4080 1511 4150 λαμπάδα
1547 4081 1645 4149 τὴν
1674 4081 1815 4132 ὁσιόο

240 4191 386 4238 τητα
442 4173 759 4238 λάμπουσαν
802 4172 849 4203 ’δ
907 4172 1156 4241 τρανῶς·
1216 4174 1249 4241 ἡ
1308 4172 1416 4241 γὰρ
1472 4172 1817 4240 πεντάφωτος

241 4265 409 4337 ἡμῶν
472 4264 685 4332 ἀληθῶς
738 4264 957 4334 λαμπὰς
994 4267 1027 4332 ἡ
1087 4264 1223 4334 σάρξ
1282 4264 1448 4326 ἐστιν.
1484 4262 1549 4332 ἢν
1595 4265 1628 4330 ἡ
1672 4264 1815 4333 ψυχὴ

243 4357 592 4426 βαστάζουσα
646 4356 799 4427 δᾳδὸς
851 4357 1004 4423 δίκην
1070 4356 1146 4425 τῷ
1202 4356 1435 4425 Νυμφίῳ
1490 4355 1817 4424 παρίσταται

247 4445 498 4517 Χριστῷ,
529 4449 597 4516 τῇ
639 4446 822 4515 ἡμέρα
862 4446 962 4514 τῆς
1001 4447 1347 4506 ἀναστάσεως
1376 4445 1811 4515 παραφαίνουσα,

1917 1978 2010 2018 seu
2056 1964 2295 2018 studium
2354 1966 2671 2035 arripuisse,
2739 1980 2959 2037 prOpter
3026 1971 3478 2041 significationem

1912 2065 1968 2111 et
1999 2057 2102 2110 vim
2134 2058 2478 2113 elementaris
2530 2059 2722 2113 litterae
2774 2058 2893 2114 Iota
2938 2061 3051 2129 (93)
3083 2060 3105 2134 [
3134 2076 3254 2132 quae
3291 2066 3478 2117 decem

1915 2147 2105 2221 valet.]
2128 2146 2400 2204 Ornarunt
2437 2151 2581 2204 enim
2616 2153 2822 2220 seipsas
2851 2152 3013 2207 simili
3048 2154 3218 2219 cultu,
3245 2162 3303 2208 ut
3337 2154 3478 2209 idem

1917 2241 2039 2295 vita
2090 2257 2261 2312 genus
2308 2256 2495 2297 omnes
2540 2243 2947 2311 profiterentur,
3006 2246 3100 2300 sed
3143 2261 3249 2300 non
3285 2246 3479 2301 eodem

1912 2347 2099 2388 omnes
2127 2334 2286 2390 modo
2330 2334 2580 2389 exierunt
2629 2345 2686 2388 ut
2716 2347 3062 2393 occurrerent
3107 2353 3325 2407 sponso.
3383 2340 3480 2394 Ha:

1914 2426 2055 2480 enim
2086 2427 2335 2481 alimenta
2361 2428 2583 2497 copiosa
2616 2430 2959 2496 praebuerunt
2981 2429 3318 2500 lampadibus
3356 2431 3480 2487 oleo

1916 2516 2190 2573 fovendis:
2223 2521 2328 2572 illae
2352 2534 2480 2574 vero
2516 2532 2801 2575 cessarunt
2827 2536 2922 2590 per
2946 2522 3236 2590 ignaviam.
3266 2522 3402 2578 Hinc
3421 2523 3477 2578 in

1914 2611 2152 2681 quinque
2200 2613 2317 2681 pari
2364 2628 2591 2667 numero
2628 2614 2817 2668 divisae
2860 2624 3005 2669 sunt.
3054 2614 3192 2679 Quia
3240 2616 3481 2684 quinque

1914 2719 2105 2759 sensus
2129 2715 2253 2759 sunt
2282 2746 2297 2771 ,
2324 2719 2461 2772 quos
2491 2704 2595 2760 illa:
2637 2705 2855 2775 quidem
2887 2721 3051 2775 puros
3079 2707 3480 2771 custodierunt,

1916 2812 2053 2864 quos
2075 2798 2291 2867 plurimi
2340 2807 2604 2852 vocarunt
2633 2809 2820 2868 portas
2862 2800 3179 2868 sapientiae;
3222 2801 3308 2855 ha:
3349 2814 3482 2853 vero

1915 2905 2010 2959 per
2042 2890 2299 2944 ma‘litiam
2331 2888 2723 2944 deformarunt.
2778 2887 2911 2944 Nam
2941 2889 3069 2945 dum
3110 2891 3297 2946 colunt
3343 2901 3482 2946 tem-

1914 2980 2214 3048 perantiam
2243 2988 2298 3034 et
2332 2980 2759 3043 sanctificantur,
2788 2981 2960 3046 magis
2992 2979 3103 3051 (94)
3136 2980 3482 3035 abundarunt

1916 3070 2063 3123 vitiis
2104 3084 2265 3138 quam
2315 3069 2529 3137 justitia
2588 3084 2681 3124 seu
2740 3071 3054 3137 virtutibus,
3105 3072 3250 3128 unde
3312 3074 3476 3129 etiam

1916 3162 2096 3215 evenit
2136 3169 2195 3214 ut
2232 3160 2651 3226 damnarentur;
2709 3163 2822 3217 sive
2868 3164 3011 3216 enim
3059 3174 3207 3219 recte
3254 3180 3479 3234 agamus

1920 3254 2033 3307 sive
2056 3266 2355 3323 peccemus,
2406 3268 2500 3322 per
2529 3254 2630 3308 hos
2662 3250 2907 3325 [sensus]
2969 3264 3199 3324 utraque
3245 3267 3299 3311 et
3333 3272 3476 3327 prte-

1917 3345 2064 3400 clare
2094 3345 2234 3399 facta
2260 3355 2317 3399 et
2347 3345 2589 3414 improbe
2617 3346 2789 3399 fiunt:
2820 3357 2877 3399 et
2904 3345 3073 3401 virtus
3105 3361 3388 3417 generosa,
3423 3360 3478 3405 et

1917 3436 2055 3490 male
2104 3436 2243 3490 facta
2293 3437 2535 3490 vincunt.
2569 3434 2636 3490 Et
2680 3438 3132 3505 quemadmodum
3184 3439 3336 3509 virgo
3377 3441 3477 3508 ait,

1915 3526 2301 3579 cominentiam
2322 3539 2442 3579 esse
2471 3524 2773 3587 oculorum,
2805 3535 2861 3579 et
2893 3526 3129 3593 aurium,
3161 3537 3215 3581 et
3256 3526 3477 3597 lingua,

1915 3625 1969 3669 et
2000 3615 2333 3685 reliquorum
2356 3616 2609 3681 deinceps
2638 3629 2913 3679 sensuum,
2955 3615 3027 3669 ita
3063 3631 3186 3684 quae
3204 3618 3291 3673 hic
3315 3618 3475 3674 iidem

1918 3704 2332 3772 impraedabilem
2358 3704 2597 3772 quinque
2630 3705 2837 3758 viarum
2874 3706 3108 3767 virtutis.
3139 3709 3287 3765 visus
3344 3709 3480 3782 [in-

1916 3788 2108 3861 quam]
2132 3791 2385 3853 olfactus,
2408 3800 2651 3859 gustatus
2672 3802 2726 3844 et
2749 3793 2964 3847 auditus
3007 3796 3343 3861 custodiunt,
3368 3799 3474 3854 illae

1915 3883 2152 3950 quinque
2201 3883 2437 3951 virgines
2480 3883 2855 3952 appellantur,
2917 3898 2983 3939 eo
3038 3886 3184 3955 quod
3236 3890 3479 3959 quinque

1915 3988 2168 4026 sensuum
2191 3972 2407 4042 specula
2432 3974 2547 4028 sive
2591 3975 2855 4044 imagines
2881 3974 3101 4032 Christo
3144 3994 3328 4047 puras,
3383 3983 3477 4051 (ab

1916 4080 2236 4134 unaquaque
2272 4063 2565 4136 [sensuum
2598 4066 2869 4139 imagine]
2910 4071 3255 4127 sanctitatem
3310 4073 3478 4129 veluti

1916 4156 2215 4225 lampadem
2269 4156 2417 4211 clare
2458 4155 2773 4227 fulgentem)
2815 4161 3029 4215 sistant.
3067 4160 3202 4216 Nam
3238 4165 3478 4233 quinque

1916 4253 2123 4322 lychnis
2172 4254 2379 4321 lampas
2433 4268 2562 4308 vere
2619 4266 2861 4309 nostrum
2918 4271 3118 4327 corpus
3173 4269 3299 4321 est,
3331 4263 3478 4328 quod

1916 4348 2094 4399 anima
2142 4346 2311 4399 instar
2348 4344 2483 4400 facis
2530 4346 2862 4411 circumfert,
2893 4346 3217 4416 Christoque
3260 4347 3477 4418 Sponso

1919 4448 2299 4505 repraesentat,
2355 4438 2421 4493 ad
2485 4438 2624 4493 diem
2697 4440 3113 4494 resurrectionis
3166 4455 3465 4510 apparens,

240 4538 337 4591 διὰ
386 4537 574 4589 πασῶν
605 4538 713 4588 τῶν
759 4537 1059 4608 αἰσθήσεων
1104 4536 1577 4606 διεκθρώσκουσαν
1599 4536 1647 4567 ’⁸
1676 4539 1812 4603 λαμ·
1842 4549 1889 4603 ι)

1842 4545 2119 4603 Dperque
2169 4545 2357 4584 omnes
2426 4543 2620 4584 sensus
2693 4531 3026 4585 clarissimos
3096 4531 3219 4586 iidei
3291 4532 3474 4587 radios

243 4628 397 4698 πρὰν
419 4628 518 4695 τὴν
545 4629 745 4689 πίστιν,
778 4629 960 4690 καθὼς
976 4630 1134 4691 αὐτὸς
1158 4628 1391 4690 ἐδίδαξεν
1407 4626 1596 4693 εἰπὼν,
1620 4627 1745 4695 Πῦρ
1757 4628 1804 4660 ’⁸

1913 4620 2233 4683 diffundens,
2260 4622 2705 4688 quemadmodum
2730 4621 2845 4691 ipse
2870 4622 3115 4677 Christus
3134 4623 3316 4677 docuit
3344 4638 3470 4677 cum

242 4719 442 4789 ἦλθον
464 4721 682 4785 ,βαλεῖν
713 4722 810 4773 ἐπὶ
838 4722 953 4787 τὴν
978 4721 1113 4789 τῆν,
1140 4721 1236 4773 καὶ
1287 4720 1509 4788 ἤθελον
1534 4724 1585 4773 ει
1621 4719 1734 4787 ἤδη
1761 4719 1805 4750 "

1914 4715 2045 4767 dixit
2080 4733 2093 4767 :
2128 4712 2324 4782 310a
2351 4710 2526 4782 Ignem
2559 4714 2673 4768 veni
2702 4717 2903 4767 mittere
2934 4715 2988 4767 in
3012 4724 3227 4779 terram,
3269 4723 3319 4768 et
3343 4714 3471 4779 quid

242 4811 514 4879 ἀνήφθη.
573 4813 675 4878 γῆν
727 4812 881 4881 ἡμῶν
925 4814 991 4864 τὰ
1028 4811 1359 4880 σκηνώματα
1400 4811 1631 4880 φράσας,
1662 4811 1742 4873 είς
1770 4808 1807 4863 ἃ

1912 4804 2022 4855 volo
2042 4802 2139 4854 nisi
2167 4812 2219 4853 ut
2230 4801 2349 4870 jam
2367 4804 2549 4855 ardeat
2574 4799 2948 4875 [Accendatur]
2965 4814 2987 4842 ο
3001 4844 3015 4857 .
3039 4802 3261 4858 Terram
3288 4812 3471 4859 nostra

319 4958 345 4987 ³
376 4946 534 5003 Joan.
560 4962 650 5009 xv,
678 4946 731 5001 5.
811 4958 837 4986 ι
865 4946 1020 5000 Deut.
1077 4962 1251 5008 um,
1277 4946 1367 4999 52.
1448 4946 1472 4982 δ
1500 4945 1687 4998 Matth.
1727 4959 1793 4995 xx
1830 4956 1909 4998 ut,
1940 4940 1957 4989 1

880 4946 1020 5000 )eut.
1077 4962 1251 5008 um,
1277 4946 1367 4999 52.
1448 4946 1472 4982 δ
1500 4945 1687 4998 Matth.
1727 4959 1793 4995 xx
1830 4940 1957 4998 “1.1
2066 4950 2086 4975 τ
2121 4938 2252 4992 Luc.
2305 4955 2403 5001 xu,
2454 4939 2542 4993 49.

1586 5098 1820 5154 VARle
1868 5095 2262 5154 LECTIONES.

319 5260 369 5291 “
402 5257 532 5329 ἐγώ]
578 5257 737 5311 .loan.
784 5274 873 5323 xv,
921 5259 977 5329 1.
1049 5258 1172 5309 "ex
1200 5256 1333 5329 γὰρ]
1385 5256 1535 5311 Dent.
1582 5274 1751 5320 xxxtt,
1800 5259 1888 5312 5‘2.
1926 5249 2377 5329 7_"‘tb,uou‘£i00at]
2438 5249 2645 5329 _Matth.
2692 5265 2824 5329 ξιτ,
3030 5252 3080 5284 ⁸⁸
3106 5252 3469 5329 καθομολογή-

246 5345 415 5384 σασαι
566 5329 736 5403 ταύτῃ
764 5320 869 5403 A_:'
887 5320 1425 5403 xaﬁoyoitoyﬁadiﬂat
1450 5330 1541 5403 καὶ
1566 5329 1741 5398 πάντῃ
1772 5346 1832 5403 ς.
1920 5326 1965 5357 ’⁸
1990 5320 2175 5403 οὐκέτι
2204 5323 2247 5375 Α
2273 5340 2286 5374 :
2315 5320 2551 5403 OlS‘XnEG‘ﬂ
2581 5338 2640 5385 ς.
2691 5322 2736 5354 ⁸⁸
2766 5322 3063 5403 εὐφόρεσαν
3219 5320 3465 5403 gessi»;

246 5418 351 5453 σαν
384 5417 443 5463 ς.
472 5400 541 5451 cf.
567 5416 617 5466 p.
642 5390 763 5457 96'i.
802 5398 887 5452 40.
950 5400 995 5431 ’³
1026 5390 1345 5467 δσφρῆσεως
1374 5399 1611 5468 γεύσεως
1644 5390 1741 5462 ς.”
1781 5390 1825 5430 ⁵³
1842 5393 2330 5468 προσαγορεύονται
2355 5390 2444 5443 ΑΒ
2470 5410 2484 5445 ;
2509 5391 2970 5462 προσαγορεύεται
2993 5410 3054 5457 ς.
3102 5393 3147 5424 ’⁵
3172 5390 3463 5463 λάμπουσα

248 5470 361 5525 ΛΒ.
426 5469 471 5499 ⁸⁸
495 5463 617 5523 libri
645 5463 1147 5539 διεκθρώσκουσα.”
1194 5463 1240 5500 ⁵⁸
1262 5467 1393 5541 πῦρ]
1415 5474 1435 5503 ⁴
1468 5468 1599 5523 Luc.
1626 5484 1722 5531 ιιι,
1776 5463 1895 5522 49.⁷
1929 5468 1972 5499 ’⁷
1999 5466 2099 5535 ήδη
2124 5464 2169 5517 Δ
2202 5480 2218 5517 :
2246 5463 2363 5530 εἴδη
2395 5477 2458 5524 ς.

1735 5584 1963 5641 NOTAE.

320 5679 435 5744 (95)
464 5676 740 5748 Signiﬁcat
770 5677 920 5735 ίῶτα.
947 5677 1083 5743 apud
1115 5676 1350 5739 Gnaeos,
1370 5678 1573 5739 decem,
1608 5688 1659 5729 et
1688 5693 1801 5729 ma-

242 5751 541 5819 joriiiiguru
574 5766 607 5809 t,
636 5764 799 5799 unum
834 5765 845 5799 :
869 5750 998 5819 hinc
1027 5748 1214 5819 idiota,
1238 5750 1492 5819 privatus,
1515 5764 1667 5798 unus.

320 5816 435 5886 (96)
479 5820 534 5872 In
566 5832 792 5887 corpore
835 5816 1149 5887 εὐφύρεσαν
1202 5816 1352 5871 MSS.
1390 5834 1407 5868 ι
1441 5817 1604 5887 Magis
1634 5818 1807 5870 abun-

1916 5676 2112 5727 darunt
2137 5673 2280 5725 vitiis
2301 5686 2459 5739 quam
2490 5671 2779 5725 virtutibus
2805 5687 2898 5727 seu
2921 5672 3144 5739 jttstitia.
3179 5672 3351 5729 Locus
3371 5675 3461 5731 hic

1917 5745 2072 5812 plane
2100 5745 2305 5795 videtur
2328 5752 2658 5812 Acorruptns,
2696 5743 2897 5807 aliquid
2939 5746 3082 5798 enim
3116 5746 3285 5801 deest.
3312 5744 3459 5801 Idem

1914 5809 2287 5867 animadvertit
2322 5810 2383 5865 D.
2416 5809 2767 5865 liteschelius.
2806 5829 2823 5861 ι
