  <div class='ocr_page' id='page_1' title='image "/cluster/home/n/w/nwhite01/storage/ocr_20150623/103/nnc1.0046979689/599.png"; bbox 0 0 4208 6442; ppageno 0'>
   <div class='ocr_carea' id='block_1_1' title="bbox 776 384 910 449">
    <p class='ocr_par' dir='ltr' id='par_1_1' title="bbox 776 384 910 449">
     <span class='ocr_line' id='line_1_1' title="bbox 776 384 910 449; baseline 0 -3"><span class='ocrx_word' id='word_1_1' title='bbox 776 384 910 449; x_wconf 84' lang='grc'><strong>1167</strong></span> 
     </span>
    </p>
   </div>
   <div class='ocr_carea' id='block_1_2' title="bbox 1919 387 2866 453">
    <p class='ocr_par' dir='ltr' id='par_1_2' title="bbox 1919 387 2866 453">
     <span class='ocr_line' id='line_1_2' title="bbox 1919 387 2866 453; baseline 0.006 -6"><span class='ocrx_word' id='word_1_2' title='bbox 1919 387 2177 450; x_wconf 84' lang='grc' dir='ltr'><strong>ΡΠΟΤΠ</strong></span> <span class='ocrx_word' id='word_1_3' title='bbox 2218 390 2723 452; x_wconf 66' lang='grc' dir='ltr'><strong>ΡΑΤΗΙΛΒΟΠΕ</strong></span> <span class='ocrx_word' id='word_1_4' title='bbox 2762 392 2866 453; x_wconf 86' lang='lat' dir='ltr'><strong>CP.</strong></span> 
     </span>
    </p>
   </div>
   <div class='ocr_carea' id='block_1_3' title="bbox 3891 390 4023 463">
    <p class='ocr_par' dir='ltr' id='par_1_3' title="bbox 3891 390 4023 463">
     <span class='ocr_line' id='line_1_3' title="bbox 3891 390 4023 463; baseline 0 -1"><span class='ocrx_word' id='word_1_5' title='bbox 3891 390 4023 463; x_wconf 81' lang='lat'><strong>1168</strong></span> 
     </span>
    </p>
   </div>
   <div class='ocr_carea' id='block_1_4' title="bbox 777 495 2439 578">
    <p class='ocr_par' dir='ltr' id='par_1_4' title="bbox 777 495 2413 567">
     <span class='ocr_line' id='line_1_4' title="bbox 777 495 2413 567; baseline 0.002 -16"><span class='ocrx_word' id='word_1_6' title='bbox 777 496 1122 552; x_wconf 62' lang='lat' dir='ltr'><strong>tabernacuia</strong></span> <span class='ocrx_word' id='word_1_7' title='bbox 1151 511 1377 565; x_wconf 88' lang='lat' dir='ltr'><strong>corpora</strong></span> <span class='ocrx_word' id='word_1_8' title='bbox 1408 495 1556 560; x_wconf 88' lang='lat' dir='ltr'><strong>dicit,</strong></span> <span class='ocrx_word' id='word_1_9' title='bbox 1594 498 1647 550; x_wconf 92' lang='lat' dir='ltr'><strong>ln</strong></span> <span class='ocrx_word' id='word_1_10' title='bbox 1680 496 1876 567; x_wconf 84' lang='lat' dir='ltr'><strong>quibus</strong></span> <span class='ocrx_word' id='word_1_11' title='bbox 1912 501 2080 554; x_wconf 90' lang='lat' dir='ltr'><strong>voluit</strong></span> <span class='ocrx_word' id='word_1_12' title='bbox 2116 502 2220 553; x_wconf 85' lang='lat' dir='ltr'><strong>vim</strong></span> <span class='ocrx_word' id='word_1_13' title='bbox 2247 516 2340 554; x_wconf 84' lang='lat' dir='ltr'><strong>seu</strong></span> <span class='ocrx_word' id='word_1_14' title='bbox 2371 513 2413 567; x_wconf 72' lang='grc' dir='ltr'><strong>Α</strong></span> 
     </span>
    </p>
   </div>
   <div class='ocr_carea' id='block_1_5' title="bbox 2364 495 4026 578">
    <p class='ocr_par' dir='ltr' id='par_1_5' title="bbox 2371 503 4026 578">
     <span class='ocr_line' id='line_1_5' title="bbox 2371 503 4026 578; baseline 0.005 -23"><span class='ocrx_word' id='word_1_15' title='bbox 2371 513 2413 567; x_wconf 74' lang='grc' dir='ltr'><strong>Α</strong></span> <span class='ocrx_word' id='word_1_16' title='bbox 2446 503 2696 556; x_wconf 79' lang='grc' dir='ltr'>ἐϐούλετο</span> <span class='ocrx_word' id='word_1_17' title='bbox 2738 503 2944 573; x_wconf 79' lang='grc' dir='ltr'>ταχέως</span> <span class='ocrx_word' id='word_1_18' title='bbox 2982 503 3288 574; x_wconf 80' lang='grc' dir='ltr'>ἀναφθῆναι</span> <span class='ocrx_word' id='word_1_19' title='bbox 3332 506 3430 575; x_wconf 81' lang='grc' dir='ltr'>τὴν</span> <span class='ocrx_word' id='word_1_20' title='bbox 3459 505 3775 572; x_wconf 76' lang='grc' dir='ltr'><strong>ὀξυκίνητον</strong></span> <span class='ocrx_word' id='word_1_21' title='bbox 3820 511 3920 578; x_wconf 79' lang='grc' dir='ltr'>τῆς</span> <span class='ocrx_word' id='word_1_22' title='bbox 3947 513 4026 563; x_wconf 83' lang='grc' dir='ltr'>δι-</span> 
     </span>
    </p>
   </div>
   <div class='ocr_carea' id='block_1_6' title="bbox 772 589 2345 659">
    <p class='ocr_par' dir='ltr' id='par_1_6' title="bbox 772 589 2345 659">
     <span class='ocr_line' id='line_1_6' title="bbox 772 589 2345 659; baseline 0 -14"><span class='ocrx_word' id='word_1_23' title='bbox 772 593 1137 659; x_wconf 81' lang='lat' dir='ltr'><strong>Operatiouem</strong></span> <span class='ocrx_word' id='word_1_24' title='bbox 1191 590 1447 642; x_wconf 72' lang='lat' dir='ltr'><strong>doctrinae</strong></span> <span class='ocrx_word' id='word_1_25' title='bbox 1500 604 1607 643; x_wconf 64' lang='lat' dir='ltr'><strong>suae</strong></span> <span class='ocrx_word' id='word_1_26' title='bbox 1651 589 1942 644; x_wconf 73' lang='lat' dir='ltr'><strong>ferventem</strong></span> <span class='ocrx_word' id='word_1_27' title='bbox 1993 601 2047 644; x_wconf 91' lang='lat' dir='ltr'><strong>et</strong></span> <span class='ocrx_word' id='word_1_28' title='bbox 2098 592 2345 646; x_wconf 78' lang='lat' dir='ltr'><strong>celeriter</strong></span> 
     </span>
    </p>
   </div>
   <div class='ocr_carea' id='block_1_7' title="bbox 775 678 2341 751">
    <p class='ocr_par' dir='ltr' id='par_1_7' title="bbox 775 678 2341 751">
     <span class='ocr_line' id='line_1_7' title="bbox 775 678 2341 751; baseline 0.002 -17"><span class='ocrx_word' id='word_1_29' title='bbox 775 682 1020 735; x_wconf 85' lang='lat' dir='ltr'><strong>mobilem</strong></span> <span class='ocrx_word' id='word_1_30' title='bbox 1055 678 1353 751; x_wconf 77' lang='lat' dir='ltr'><strong>[subtilem]</strong></span> <span class='ocrx_word' id='word_1_31' title='bbox 1395 682 1610 735; x_wconf 82' lang='lat' dir='ltr'><strong>accendi</strong></span> <span class='ocrx_word' id='word_1_32' title='bbox 1644 697 1658 745; x_wconf 91' lang='lat'><strong>;</strong></span> <span class='ocrx_word' id='word_1_33' title='bbox 1687 682 1863 735; x_wconf 88' lang='lat' dir='ltr'><strong>oleum</strong></span> <span class='ocrx_word' id='word_1_34' title='bbox 1916 692 2091 736; x_wconf 90' lang='lat' dir='ltr'><strong>autem</strong></span> <span class='ocrx_word' id='word_1_35' title='bbox 2116 682 2341 748; x_wconf 50' lang='lat' dir='ltr'><strong>justiti:</strong></span> 
     </span>
    </p>
   </div>
   <div class='ocr_carea' id='block_1_8' title="bbox 774 772 2347 841">
    <p class='ocr_par' dir='ltr' id='par_1_8' title="bbox 774 772 2347 841">
     <span class='ocr_line' id='line_1_8' title="bbox 774 772 2347 841; baseline -0.001 -16"><span class='ocrx_word' id='word_1_36' title='bbox 774 784 827 825; x_wconf 89' lang='lat' dir='ltr'><strong>et</strong></span> <span class='ocrx_word' id='word_1_37' title='bbox 863 773 1136 840; x_wconf 81' lang='lat' dir='ltr'><strong>sapientia:</strong></span> <span class='ocrx_word' id='word_1_38' title='bbox 1166 772 1585 839; x_wconf 65' lang='lat' dir='ltr'><strong>comparandum</strong></span> <span class='ocrx_word' id='word_1_39' title='bbox 1626 789 1639 824; x_wconf 90' lang='lat'><strong>:</strong></span> <span class='ocrx_word' id='word_1_40' title='bbox 1686 786 1782 841; x_wconf 89' lang='lat' dir='ltr'><strong>per</strong></span> <span class='ocrx_word' id='word_1_41' title='bbox 1814 786 2015 824; x_wconf 87' lang='lat' dir='ltr'><strong>moram</strong></span> <span class='ocrx_word' id='word_1_42' title='bbox 2047 772 2175 825; x_wconf 89' lang='lat' dir='ltr'><strong>illud</strong></span> <span class='ocrx_word' id='word_1_43' title='bbox 2213 783 2347 827; x_wconf 90' lang='lat' dir='ltr'><strong>tem-</strong></span> 
     </span>
    </p>
   </div>
   <div class='ocr_carea' id='block_1_9' title="bbox 779 862 2345 933">
    <p class='ocr_par' dir='ltr' id='par_1_9' title="bbox 779 862 2345 933">
     <span class='ocr_line' id='line_1_9' title="bbox 779 862 2345 933; baseline -0.001 -17"><span class='ocrx_word' id='word_1_44' title='bbox 779 866 926 933; x_wconf 82' lang='lat' dir='ltr'><strong>poris</strong></span> <span class='ocrx_word' id='word_1_45' title='bbox 987 864 1325 917; x_wconf 81' lang='lat' dir='ltr'><strong>intervallum</strong></span> <span class='ocrx_word' id='word_1_46' title='bbox 1391 862 1547 927; x_wconf 81' lang='lat' dir='ltr'><strong>dixit,</strong></span> <span class='ocrx_word' id='word_1_47' title='bbox 1606 862 1747 930; x_wconf 83' lang='lat' dir='ltr'><strong>quod</strong></span> <span class='ocrx_word' id='word_1_48' title='bbox 1794 876 1961 929; x_wconf 89' lang='lat' dir='ltr'><strong>usque</strong></span> <span class='ocrx_word' id='word_1_49' title='bbox 2026 863 2095 917; x_wconf 83' lang='lat' dir='ltr'><strong>ad</strong></span> <span class='ocrx_word' id='word_1_50' title='bbox 2145 863 2345 917; x_wconf 78' lang='lat' dir='ltr'><strong>Christi</strong></span> 
     </span>
    </p>
   </div>
   <div class='ocr_carea' id='block_1_10' title="bbox 774 948 2348 1020">
    <p class='ocr_par' dir='ltr' id='par_1_10' title="bbox 774 948 2348 1020">
     <span class='ocr_line' id='line_1_10' title="bbox 774 948 2348 1020; baseline 0.002 -18"><span class='ocrx_word' id='word_1_51' title='bbox 774 952 1061 1003; x_wconf 83' lang='lat' dir='ltr'><strong>adventum</strong></span> <span class='ocrx_word' id='word_1_52' title='bbox 1108 948 1412 1020; x_wconf 81' lang='lat' dir='ltr'><strong>[judicium]</strong></span> <span class='ocrx_word' id='word_1_53' title='bbox 1460 951 1785 1019; x_wconf 78' lang='lat' dir='ltr'><strong>porrigitur;</strong></span> <span class='ocrx_word' id='word_1_54' title='bbox 1818 951 2192 1005; x_wconf 74' lang='lat' dir='ltr'><strong>domuitionem</strong></span> <span class='ocrx_word' id='word_1_55' title='bbox 2220 966 2348 1005; x_wconf 89' lang='lat' dir='ltr'><strong>vero</strong></span> 
     </span>
    </p>
   </div>
   <div class='ocr_carea' id='block_1_11' title="bbox 774 1041 2342 1107">
    <p class='ocr_par' dir='ltr' id='par_1_11' title="bbox 774 1041 2342 1107">
     <span class='ocr_line' id='line_1_11' title="bbox 774 1041 2342 1107; baseline 0.001 -14"><span class='ocrx_word' id='word_1_56' title='bbox 774 1050 827 1094; x_wconf 90' lang='lat' dir='ltr'><strong>et</strong></span> <span class='ocrx_word' id='word_1_57' title='bbox 882 1056 1126 1107; x_wconf 87' lang='lat' dir='ltr'><strong>soporem</strong></span> <span class='ocrx_word' id='word_1_58' title='bbox 1169 1041 1410 1105; x_wconf 83' lang='lat' dir='ltr'><strong>virginis,</strong></span> <span class='ocrx_word' id='word_1_59' title='bbox 1442 1042 1643 1096; x_wconf 72' lang='lat' dir='ltr'><strong>exitum</strong></span> <span class='ocrx_word' id='word_1_60' title='bbox 1689 1057 1756 1096; x_wconf 86' lang='lat' dir='ltr'><strong>ex</strong></span> <span class='ocrx_word' id='word_1_61' title='bbox 1808 1042 1909 1096; x_wconf 88' lang='lat' dir='ltr'><strong>hac</strong></span> <span class='ocrx_word' id='word_1_62' title='bbox 1955 1042 2084 1096; x_wconf 79' lang='lat' dir='ltr'><strong>vita.</strong></span> <span class='ocrx_word' id='word_1_63' title='bbox 2113 1042 2342 1097; x_wconf 81' lang='lat' dir='ltr'><strong>Mediam</strong></span> 
     </span>
    </p>
   </div>
   <div class='ocr_carea' id='block_1_12' title="bbox 777 1133 2347 1204">
    <p class='ocr_par' dir='ltr' id='par_1_12' title="bbox 777 1133 2347 1204">
     <span class='ocr_line' id='line_1_12' title="bbox 777 1133 2347 1204; baseline 0.003 -20"><span class='ocrx_word' id='word_1_64' title='bbox 777 1145 988 1186; x_wconf 88' lang='lat' dir='ltr'><strong>noctem</strong></span> <span class='ocrx_word' id='word_1_65' title='bbox 1017 1148 1141 1185; x_wconf 88' lang='lat' dir='ltr'><strong>vero</strong></span> <span class='ocrx_word' id='word_1_66' title='bbox 1172 1133 1492 1185; x_wconf 80' lang='lat' dir='ltr'><strong>Antichristi</strong></span> <span class='ocrx_word' id='word_1_67' title='bbox 1524 1149 1767 1203; x_wconf 78' lang='lat' dir='ltr'><strong>regnum,</strong></span> <span class='ocrx_word' id='word_1_68' title='bbox 1795 1149 1899 1202; x_wconf 86' lang='lat' dir='ltr'><strong>qua</strong></span> <span class='ocrx_word' id='word_1_69' title='bbox 1936 1143 2094 1189; x_wconf 89' lang='lat' dir='ltr'><strong>nocte</strong></span> <span class='ocrx_word' id='word_1_70' title='bbox 2126 1135 2347 1204; x_wconf 79' lang='lat' dir='ltr'><strong>angelus</strong></span> 
     </span>
    </p>
   </div>
   <div class='ocr_carea' id='block_1_13' title="bbox 777 1226 2347 1297">
    <p class='ocr_par' dir='ltr' id='par_1_13' title="bbox 777 1226 2347 1297">
     <span class='ocr_line' id='line_1_13' title="bbox 777 1226 2347 1297; baseline 0.004 -22"><span class='ocrx_word' id='word_1_71' title='bbox 777 1227 1017 1291; x_wconf 85' lang='lat' dir='ltr'><strong>perditor</strong></span> <span class='ocrx_word' id='word_1_72' title='bbox 1077 1227 1268 1279; x_wconf 88' lang='lat' dir='ltr'><strong>domos</strong></span> <span class='ocrx_word' id='word_1_73' title='bbox 1327 1227 1601 1293; x_wconf 87' lang='lat' dir='ltr'><strong>pervadet.</strong></span> <span class='ocrx_word' id='word_1_74' title='bbox 1654 1226 1959 1281; x_wconf 85' lang='lat' dir='ltr'><strong>Clamorem</strong></span> <span class='ocrx_word' id='word_1_75' title='bbox 2022 1236 2202 1281; x_wconf 86' lang='lat' dir='ltr'><strong>autem</strong></span> <span class='ocrx_word' id='word_1_76' title='bbox 2256 1228 2347 1297; x_wconf 86' lang='lat' dir='ltr'><strong>qui</strong></span> 
     </span>
    </p>
   </div>
   <div class='ocr_carea' id='block_1_14' title="bbox 774 1319 2347 1384">
    <p class='ocr_par' dir='ltr' id='par_1_14' title="bbox 774 1319 2347 1384">
     <span class='ocr_line' id='line_1_14' title="bbox 774 1319 2347 1384; baseline 0.002 -14"><span class='ocrx_word' id='word_1_77' title='bbox 774 1320 906 1372; x_wconf 87' lang='lat' dir='ltr'><strong>dicit</strong></span> <span class='ocrx_word' id='word_1_78' title='bbox 935 1338 947 1374; x_wconf 95' lang='lat'>:</span> <span class='ocrx_word' id='word_1_79' title='bbox 988 1320 1121 1374; x_wconf 81' lang='lat' dir='ltr'><strong>Ecce</strong></span> <span class='ocrx_word' id='word_1_80' title='bbox 1152 1336 1370 1381; x_wconf 79' lang='lat' dir='ltr'><strong>sponsus</strong></span> <span class='ocrx_word' id='word_1_81' title='bbox 1420 1321 1573 1382; x_wconf 75' lang='lat' dir='ltr'><strong>venit,</strong></span> <span class='ocrx_word' id='word_1_82' title='bbox 1606 1323 1740 1373; x_wconf 73' lang='lat' dir='ltr'><strong>exite</strong></span> <span class='ocrx_word' id='word_1_83' title='bbox 1770 1319 1971 1373; x_wconf 79' lang='lat' dir='ltr'><strong>obviam</strong></span> <span class='ocrx_word' id='word_1_84' title='bbox 1999 1322 2045 1374; x_wconf 84' lang='lat' dir='ltr'><strong>ei</strong></span> <span class='ocrx_word' id='word_1_85' title='bbox 2074 1320 2127 1384; x_wconf 74' lang='grc' dir='ltr'>ἀ,</span> <span class='ocrx_word' id='word_1_86' title='bbox 2160 1336 2347 1376; x_wconf 89' lang='lat' dir='ltr'><strong>vocem</strong></span> 
     </span>
    </p>
   </div>
   <div class='ocr_carea' id='block_1_15' title="bbox 773 1413 2347 1481">
    <p class='ocr_par' dir='ltr' id='par_1_15' title="bbox 773 1413 2347 1481">
     <span class='ocr_line' id='line_1_15' title="bbox 773 1413 2347 1481; baseline 0.002 -17"><span class='ocrx_word' id='word_1_87' title='bbox 773 1426 805 1464; x_wconf 90' lang='lat' dir='ltr'><strong>e</strong></span> <span class='ocrx_word' id='word_1_88' title='bbox 836 1413 975 1466; x_wconf 71' lang='lat' dir='ltr'><strong>cmlo</strong></span> <span class='ocrx_word' id='word_1_89' title='bbox 1013 1423 1066 1466; x_wconf 93' lang='lat' dir='ltr'><strong>et</strong></span> <span class='ocrx_word' id='word_1_90' title='bbox 1098 1414 1276 1467; x_wconf 91' lang='lat' dir='ltr'><strong>tubam</strong></span> <span class='ocrx_word' id='word_1_91' title='bbox 1330 1414 1545 1478; x_wconf 84' lang='lat' dir='ltr'><strong>quando</strong></span> <span class='ocrx_word' id='word_1_92' title='bbox 1578 1425 1763 1465; x_wconf 80' lang='lat' dir='ltr'><strong>omnes</strong></span> <span class='ocrx_word' id='word_1_93' title='bbox 1798 1414 2200 1481; x_wconf 88' lang='lat' dir='ltr'><strong>resurgentibus</strong></span> <span class='ocrx_word' id='word_1_94' title='bbox 2223 1429 2347 1481; x_wconf 88' lang='lat' dir='ltr'><strong>pro-</strong></span> 
     </span>
    </p>
   </div>
   <div class='ocr_carea' id='block_1_16' title="bbox 777 1502 2350 1571">
    <p class='ocr_par' dir='ltr' id='par_1_16' title="bbox 777 1502 2350 1571">
     <span class='ocr_line' id='line_1_16' title="bbox 777 1502 2350 1571; baseline 0.001 -16"><span class='ocrx_word' id='word_1_95' title='bbox 777 1504 909 1571; x_wconf 89' lang='lat' dir='ltr'><strong>priis</strong></span> <span class='ocrx_word' id='word_1_96' title='bbox 963 1506 1297 1571; x_wconf 82' lang='lat' dir='ltr'><strong>corporibus,</strong></span> <span class='ocrx_word' id='word_1_97' title='bbox 1350 1502 1578 1556; x_wconf 91' lang='lat' dir='ltr'><strong>nubibus</strong></span> <span class='ocrx_word' id='word_1_98' title='bbox 1627 1502 1764 1556; x_wconf 90' lang='lat' dir='ltr'><strong>vecti</strong></span> <span class='ocrx_word' id='word_1_99' title='bbox 1813 1502 2025 1556; x_wconf 85' lang='lat' dir='ltr'><strong>obviam</strong></span> <span class='ocrx_word' id='word_1_100' title='bbox 2072 1506 2350 1571; x_wconf 88' lang='lat' dir='ltr'><strong>rapientur</strong></span> 
     </span>
    </p>
   </div>
   <div class='ocr_carea' id='block_1_17' title="bbox 778 1595 1079 1651">
    <p class='ocr_par' dir='ltr' id='par_1_17' title="bbox 778 1595 1079 1651">
     <span class='ocr_line' id='line_1_17' title="bbox 778 1595 1079 1651; baseline 0.01 -3"><span class='ocrx_word' id='word_1_101' title='bbox 778 1595 1005 1648; x_wconf 85' lang='lat' dir='ltr'><strong>Domino</strong></span> <span class='ocrx_word' id='word_1_102' title='bbox 1033 1606 1079 1651; x_wconf 74' lang='grc' dir='ltr'>ε.</span> 
     </span>
    </p>
   </div>
   <div class='ocr_carea' id='block_1_18' title="bbox 849 1683 2351 1755">
    <p class='ocr_par' dir='ltr' id='par_1_18' title="bbox 849 1683 2351 1755">
     <span class='ocr_line' id='line_1_18' title="bbox 849 1683 2351 1755; baseline 0 -20"><span class='ocrx_word' id='word_1_103' title='bbox 849 1687 980 1739; x_wconf 72' lang='lat' dir='ltr'><strong>tium</strong></span> <span class='ocrx_word' id='word_1_104' title='bbox 1013 1688 1079 1740; x_wconf 87' lang='lat' dir='ltr'><strong>de</strong></span> <span class='ocrx_word' id='word_1_105' title='bbox 1112 1686 1411 1755; x_wconf 80' lang='lat' dir='ltr'><strong>virginibus</strong></span> <span class='ocrx_word' id='word_1_106' title='bbox 1441 1696 1495 1739; x_wconf 91' lang='lat' dir='ltr'><strong>et</strong></span> <span class='ocrx_word' id='word_1_107' title='bbox 1517 1686 1679 1739; x_wconf 86' lang='lat' dir='ltr'><strong>castis</strong></span> <span class='ocrx_word' id='word_1_108' title='bbox 1707 1684 1905 1737; x_wconf 89' lang='lat' dir='ltr'><strong>animis</strong></span> <span class='ocrx_word' id='word_1_109' title='bbox 1928 1683 2154 1751; x_wconf 89' lang='lat' dir='ltr'><strong>plurima</strong></span> <span class='ocrx_word' id='word_1_110' title='bbox 2183 1683 2351 1737; x_wconf 88' lang='lat' dir='ltr'><strong>dixis-</strong></span> 
     </span>
    </p>
   </div>
   <div class='ocr_carea' id='block_1_19' title="bbox 778 1773 2347 1845">
    <p class='ocr_par' dir='ltr' id='par_1_19' title="bbox 778 1773 2347 1845">
     <span class='ocr_line' id='line_1_19' title="bbox 778 1773 2347 1845; baseline -0.004 -14"><span class='ocrx_word' id='word_1_111' title='bbox 778 1790 880 1843; x_wconf 90' lang='lat' dir='ltr'><strong>set,</strong></span> <span class='ocrx_word' id='word_1_112' title='bbox 912 1788 965 1831; x_wconf 93' lang='lat' dir='ltr'><strong>et</strong></span> <span class='ocrx_word' id='word_1_113' title='bbox 996 1777 1098 1831; x_wconf 86' lang='lat' dir='ltr'><strong>hoc</strong></span> <span class='ocrx_word' id='word_1_114' title='bbox 1138 1776 1320 1830; x_wconf 84' lang='lat' dir='ltr'><strong>infert.</strong></span> <span class='ocrx_word' id='word_1_115' title='bbox 1352 1777 1457 1830; x_wconf 86' lang='lat' dir='ltr'><strong>Has</strong></span> <span class='ocrx_word' id='word_1_116' title='bbox 1496 1777 1656 1845; x_wconf 81' lang='lat' dir='ltr'><strong>igitur</strong></span> <span class='ocrx_word' id='word_1_117' title='bbox 1689 1776 1831 1829; x_wconf 85' lang='lat' dir='ltr'><strong>solas</strong></span> <span class='ocrx_word' id='word_1_118' title='bbox 1862 1774 2089 1837; x_wconf 89' lang='lat' dir='ltr'><strong>animas,</strong></span> <span class='ocrx_word' id='word_1_119' title='bbox 2123 1773 2347 1826; x_wconf 87' lang='lat' dir='ltr'><strong>electam</strong></span> 
     </span>
    </p>
   </div>
   <div class='ocr_carea' id='block_1_20' title="bbox 2446 594 4032 669">
    <p class='ocr_par' dir='ltr' id='par_1_20' title="bbox 2446 594 4032 669">
     <span class='ocr_line' id='line_1_20' title="bbox 2446 594 4032 669; baseline 0.003 -22"><span class='ocrx_word' id='word_1_120' title='bbox 2446 594 2739 657; x_wconf 83' lang='grc' dir='ltr'>δασκαλίας</span> <span class='ocrx_word' id='word_1_121' title='bbox 2766 595 2929 647; x_wconf 83' lang='grc' dir='ltr'>αὑτοῦ</span> <span class='ocrx_word' id='word_1_122' title='bbox 2971 597 3062 648; x_wconf 79' lang='grc' dir='ltr'><strong>καὶ</strong></span> <span class='ocrx_word' id='word_1_123' title='bbox 3096 597 3359 667; x_wconf 73' lang='grc' dir='ltr'><strong>διάπυρον</strong></span> <span class='ocrx_word' id='word_1_124' title='bbox 3385 598 3583 664; x_wconf 81' lang='grc' dir='ltr'>πρᾶξιν</span> <span class='ocrx_word' id='word_1_125' title='bbox 3607 598 3689 666; x_wconf 82' lang='grc' dir='ltr'>(τὸ</span> <span class='ocrx_word' id='word_1_126' title='bbox 3713 600 3825 669; x_wconf 82' lang='grc' dir='ltr'><strong>γὰρ</strong></span> <span class='ocrx_word' id='word_1_127' title='bbox 3853 600 4032 652; x_wconf 73' lang='grc' dir='ltr'>ἔλαιον</span> 
     </span>
    </p>
   </div>
   <div class='ocr_carea' id='block_1_21' title="bbox 2446 684 4035 758">
    <p class='ocr_par' dir='ltr' id='par_1_21' title="bbox 2446 684 4035 758">
     <span class='ocr_line' id='line_1_21' title="bbox 2446 684 4035 758; baseline 0.004 -23"><span class='ocrx_word' id='word_1_128' title='bbox 2446 688 2511 753; x_wconf 81' lang='grc' dir='ltr'>τῇ</span> <span class='ocrx_word' id='word_1_129' title='bbox 2536 684 2850 754; x_wconf 77' lang='grc' dir='ltr'><strong>δικαιοσύνῃ</strong></span> <span class='ocrx_word' id='word_1_130' title='bbox 2883 686 2976 738; x_wconf 74' lang='grc' dir='ltr'><strong>καὶ</strong></span> <span class='ocrx_word' id='word_1_131' title='bbox 2993 689 3058 756; x_wconf 82' lang='grc' dir='ltr'>τῇ</span> <span class='ocrx_word' id='word_1_132' title='bbox 3090 687 3252 755; x_wconf 77' lang='grc' dir='ltr'>σοφίᾳ</span> <span class='ocrx_word' id='word_1_133' title='bbox 3277 686 3699 755; x_wconf 80' lang='grc' dir='ltr'>παραδλητέον),</span> <span class='ocrx_word' id='word_1_134' title='bbox 3733 692 4035 758; x_wconf 73' lang='grc' dir='ltr'>χρονισμδν</span> 
     </span>
    </p>
   </div>
   <div class='ocr_carea' id='block_1_22' title="bbox 2447 777 4030 847">
    <p class='ocr_par' dir='ltr' id='par_1_22' title="bbox 2447 777 4030 847">
     <span class='ocr_line' id='line_1_22' title="bbox 2447 777 4030 847; baseline 0.003 -19"><span class='ocrx_word' id='word_1_135' title='bbox 2447 777 2503 829; x_wconf 81' lang='grc' dir='ltr'>δὲ</span> <span class='ocrx_word' id='word_1_136' title='bbox 2540 778 2600 829; x_wconf 89' lang='grc' dir='ltr'>τὸ</span> <span class='ocrx_word' id='word_1_137' title='bbox 2651 779 2755 846; x_wconf 83' lang='grc' dir='ltr'><strong>πρὸ</strong></span> <span class='ocrx_word' id='word_1_138' title='bbox 2800 778 2900 846; x_wconf 84' lang='grc' dir='ltr'>τῆς</span> <span class='ocrx_word' id='word_1_139' title='bbox 2929 779 3235 847; x_wconf 81' lang='grc' dir='ltr'><strong>παρουσίας</strong></span> <span class='ocrx_word' id='word_1_140' title='bbox 3279 779 3551 846; x_wconf 86' lang='grc' dir='ltr'>διάστημα</span> <span class='ocrx_word' id='word_1_141' title='bbox 3603 778 3697 831; x_wconf 81' lang='grc' dir='ltr'>τοῦ</span> <span class='ocrx_word' id='word_1_142' title='bbox 3768 781 4030 845; x_wconf 84' lang='grc' dir='ltr'>Χριστοῦ,</span> 
     </span>
    </p>
   </div>
   <div class='ocr_carea' id='block_1_23' title="bbox 2448 866 4032 937">
    <p class='ocr_par' dir='ltr' id='par_1_23' title="bbox 2448 866 4032 937">
     <span class='ocr_line' id='line_1_23' title="bbox 2448 866 4032 937; baseline 0.004 -21"><span class='ocrx_word' id='word_1_143' title='bbox 2448 868 2756 935; x_wconf 78' lang='grc' dir='ltr'>νυσταγμὸν</span> <span class='ocrx_word' id='word_1_144' title='bbox 2789 866 2842 918; x_wconf 77' lang='grc' dir='ltr'><strong>δὲ</strong></span> <span class='ocrx_word' id='word_1_145' title='bbox 2880 869 2973 919; x_wconf 75' lang='grc' dir='ltr'><strong>καὶ</strong></span> <span class='ocrx_word' id='word_1_146' title='bbox 3008 868 3264 936; x_wconf 88' lang='grc' dir='ltr'>κοίμησιν</span> <span class='ocrx_word' id='word_1_147' title='bbox 3289 868 3387 935; x_wconf 80' lang='grc' dir='ltr'>τῆς</span> <span class='ocrx_word' id='word_1_148' title='bbox 3418 869 3687 937; x_wconf 75' lang='grc' dir='ltr'><strong>παρθένου</strong></span> <span class='ocrx_word' id='word_1_149' title='bbox 3720 871 3824 937; x_wconf 82' lang='grc' dir='ltr'><strong>τὴν</strong></span> <span class='ocrx_word' id='word_1_150' title='bbox 3853 872 4032 935; x_wconf 78' lang='grc' dir='ltr'>ἔξοδον</span> 
     </span>
    </p>
   </div>
   <div class='ocr_carea' id='block_1_24' title="bbox 2448 955 4033 1025">
    <p class='ocr_par' dir='ltr' id='par_1_24' title="bbox 2448 955 4033 1025">
     <span class='ocr_line' id='line_1_24' title="bbox 2448 955 4033 1025; baseline 0.003 -19"><span class='ocrx_word' id='word_1_151' title='bbox 2448 956 2544 1023; x_wconf 80' lang='grc' dir='ltr'>τὴν</span> <span class='ocrx_word' id='word_1_152' title='bbox 2579 956 2686 1007; x_wconf 84' lang='grc' dir='ltr'>ἀπὸ</span> <span class='ocrx_word' id='word_1_153' title='bbox 2728 956 2819 1008; x_wconf 75' lang='grc' dir='ltr'>τοῦ</span> <span class='ocrx_word' id='word_1_154' title='bbox 2853 955 2989 1025; x_wconf 90' lang='grc' dir='ltr'>βίου,</span> <span class='ocrx_word' id='word_1_155' title='bbox 3033 960 3380 1025; x_wconf 82' lang='grc' dir='ltr'><strong>μεσονύκτιον</strong></span> <span class='ocrx_word' id='word_1_156' title='bbox 3411 955 3466 1008; x_wconf 86' lang='grc' dir='ltr'>δὲ</span> <span class='ocrx_word' id='word_1_157' title='bbox 3498 958 3595 1025; x_wconf 79' lang='grc' dir='ltr'>τὴν</span> <span class='ocrx_word' id='word_1_158' title='bbox 3629 956 3913 1025; x_wconf 83' lang='grc' dir='ltr'>βασιλείαν</span> <span class='ocrx_word' id='word_1_159' title='bbox 3938 958 4033 1010; x_wconf 83' lang='grc' dir='ltr'><strong>τοῦ</strong></span> 
     </span>
    </p>
   </div>
   <div class='ocr_carea' id='block_1_25' title="bbox 2448 1046 4034 1117">
    <p class='ocr_par' dir='ltr' id='par_1_25' title="bbox 2448 1046 4034 1117">
     <span class='ocr_line' id='line_1_25' title="bbox 2448 1046 4034 1117; baseline 0.001 -19"><span class='ocrx_word' id='word_1_160' title='bbox 2448 1047 2814 1117; x_wconf 83' lang='grc' dir='ltr'>ἀντιχρίστου,</span> <span class='ocrx_word' id='word_1_161' title='bbox 2844 1048 2965 1099; x_wconf 87' lang='grc' dir='ltr'>καθ’</span> <span class='ocrx_word' id='word_1_162' title='bbox 3011 1049 3076 1117; x_wconf 82' lang='grc' dir='ltr'><strong>ἢν</strong></span> <span class='ocrx_word' id='word_1_163' title='bbox 3098 1047 3126 1098; x_wconf 87' lang='grc' dir='ltr'>ὁ</span> <span class='ocrx_word' id='word_1_164' title='bbox 3174 1046 3499 1114; x_wconf 81' lang='grc' dir='ltr'>όλοθρευτὴς</span> <span class='ocrx_word' id='word_1_165' title='bbox 3521 1087 3536 1109; x_wconf 89' lang='grc'><strong>,</strong></span> <span class='ocrx_word' id='word_1_166' title='bbox 3576 1046 3805 1115; x_wconf 79' lang='grc' dir='ltr'>ἄγγελος</span> <span class='ocrx_word' id='word_1_167' title='bbox 3837 1051 4034 1100; x_wconf 75' lang='grc' dir='ltr'>ἐπιπο-</span> 
     </span>
    </p>
   </div>
   <div class='ocr_carea' id='block_1_26' title="bbox 2453 1137 4034 1208">
    <p class='ocr_par' dir='ltr' id='par_1_26' title="bbox 2453 1137 4034 1208">
     <span class='ocr_line' id='line_1_26' title="bbox 2453 1137 4034 1208; baseline 0.002 -19"><span class='ocrx_word' id='word_1_168' title='bbox 2453 1139 2669 1207; x_wconf 86' lang='grc' dir='ltr'>ρεύεται</span> <span class='ocrx_word' id='word_1_169' title='bbox 2722 1140 2819 1199; x_wconf 73' lang='grc' dir='ltr'>τὰς</span> <span class='ocrx_word' id='word_1_170' title='bbox 2867 1137 3063 1198; x_wconf 84' lang='grc' dir='ltr'>οἰκίας,</span> <span class='ocrx_word' id='word_1_171' title='bbox 3126 1139 3372 1208; x_wconf 84' lang='grc' dir='ltr'>κραυγὴν</span> <span class='ocrx_word' id='word_1_172' title='bbox 3393 1139 3449 1191; x_wconf 84' lang='grc' dir='ltr'>δὲ</span> <span class='ocrx_word' id='word_1_173' title='bbox 3486 1140 3784 1206; x_wconf 78' lang='grc' dir='ltr'><strong>λέγουσαν·</strong></span> <span class='ocrx_word' id='word_1_174' title='bbox 3824 1140 3975 1191; x_wconf 79' lang='grc' dir='ltr'>Ἰδοὺ</span> <span class='ocrx_word' id='word_1_175' title='bbox 4002 1142 4034 1192; x_wconf 88' lang='grc' dir='ltr'><strong>ό</strong></span> 
     </span>
    </p>
   </div>
   <div class='ocr_carea' id='block_1_27' title="bbox 2449 1229 4034 1297">
    <p class='ocr_par' dir='ltr' id='par_1_27' title="bbox 2449 1229 4034 1297">
     <span class='ocr_line' id='line_1_27' title="bbox 2449 1229 4034 1297; baseline 0.001 -16"><span class='ocrx_word' id='word_1_176' title='bbox 2449 1230 2737 1297; x_wconf 66' lang='grc' dir='ltr'>Νυμφίος·</span> <span class='ocrx_word' id='word_1_177' title='bbox 2771 1229 3019 1297; x_wconf 77' lang='grc' dir='ltr'><strong>ἔρχεσθε</strong></span> <span class='ocrx_word' id='word_1_178' title='bbox 3041 1231 3086 1260; x_wconf 76' lang='grc'><strong>’⁸</strong></span> <span class='ocrx_word' id='word_1_179' title='bbox 3112 1232 3198 1292; x_wconf 76' lang='grc' dir='ltr'>εἰς</span> <span class='ocrx_word' id='word_1_180' title='bbox 3227 1229 3594 1297; x_wconf 80' lang='grc' dir='ltr'><strong>ἀπάντησιν,</strong></span> <span class='ocrx_word' id='word_1_181' title='bbox 3623 1231 3723 1296; x_wconf 83' lang='grc' dir='ltr'>τὴν</span> <span class='ocrx_word' id='word_1_182' title='bbox 3765 1231 3879 1282; x_wconf 82' lang='grc' dir='ltr'>ἀπὸ</span> <span class='ocrx_word' id='word_1_183' title='bbox 3926 1231 4034 1283; x_wconf 87' lang='grc' dir='ltr'>τῶν</span> 
     </span>
    </p>
   </div>
   <div class='ocr_carea' id='block_1_28' title="bbox 2449 1320 4035 1390">
    <p class='ocr_par' dir='ltr' id='par_1_28' title="bbox 2449 1320 4035 1390">
     <span class='ocr_line' id='line_1_28' title="bbox 2449 1320 4035 1390; baseline -0.001 -18"><span class='ocrx_word' id='word_1_184' title='bbox 2449 1321 2691 1390; x_wconf 79' lang='grc' dir='ltr'>οὐρανῶν</span> <span class='ocrx_word' id='word_1_185' title='bbox 2755 1320 2936 1390; x_wconf 82' lang='grc' dir='ltr'>φωνὴν</span> <span class='ocrx_word' id='word_1_186' title='bbox 2970 1322 3064 1373; x_wconf 79' lang='grc' dir='ltr'>καὶ</span> <span class='ocrx_word' id='word_1_187' title='bbox 3111 1322 3424 1388; x_wconf 80' lang='grc' dir='ltr'>σάλπιγγα,</span> <span class='ocrx_word' id='word_1_188' title='bbox 3473 1321 3633 1373; x_wconf 83' lang='grc' dir='ltr'>ὁπότε</span> <span class='ocrx_word' id='word_1_189' title='bbox 3696 1322 3903 1381; x_wconf 83' lang='grc' dir='ltr'>πάντες</span> <span class='ocrx_word' id='word_1_190' title='bbox 3951 1320 4035 1385; x_wconf 75' lang='grc' dir='ltr'><strong>ἑξ-</strong></span> 
     </span>
    </p>
   </div>
   <div class='ocr_carea' id='block_1_29' title="bbox 2451 1411 4034 1480">
    <p class='ocr_par' dir='ltr' id='par_1_29' title="bbox 2451 1411 4034 1480">
     <span class='ocr_line' id='line_1_29' title="bbox 2451 1411 4034 1480; baseline -0.001 -16"><span class='ocrx_word' id='word_1_191' title='bbox 2451 1411 2796 1464; x_wconf 78' lang='grc' dir='ltr'>αναστάντων</span> <span class='ocrx_word' id='word_1_192' title='bbox 2865 1412 3047 1473; x_wconf 81' lang='grc' dir='ltr'>αὐτοῖς</span> <span class='ocrx_word' id='word_1_193' title='bbox 3091 1411 3199 1462; x_wconf 91' lang='grc' dir='ltr'>τῶν</span> <span class='ocrx_word' id='word_1_194' title='bbox 3274 1413 3540 1480; x_wconf 84' lang='grc' dir='ltr'>σωμάτων</span> <span class='ocrx_word' id='word_1_195' title='bbox 3626 1412 3719 1462; x_wconf 75' lang='grc' dir='ltr'>ἐπὶ</span> <span class='ocrx_word' id='word_1_196' title='bbox 3791 1412 4034 1479; x_wconf 73' lang='grc' dir='ltr'>νεφελῶν</span> 
     </span>
    </p>
   </div>
   <div class='ocr_carea' id='block_1_30' title="bbox 2449 1503 4035 1573">
    <p class='ocr_par' dir='ltr' id='par_1_30' title="bbox 2449 1503 4035 1573">
     <span class='ocr_line' id='line_1_30' title="bbox 2449 1503 4035 1573; baseline -0.001 -18"><span class='ocrx_word' id='word_1_197' title='bbox 2449 1505 2758 1572; x_wconf 85' lang='grc' dir='ltr'>ὀχήσονται,</span> <span class='ocrx_word' id='word_1_198' title='bbox 2801 1503 2879 1565; x_wconf 86' lang='grc' dir='ltr'><strong>είς</strong></span> <span class='ocrx_word' id='word_1_199' title='bbox 2914 1504 3013 1572; x_wconf 83' lang='grc' dir='ltr'>τὴν</span> <span class='ocrx_word' id='word_1_200' title='bbox 3050 1504 3353 1572; x_wconf 82' lang='grc' dir='ltr'>ἀπάντησιν</span> <span class='ocrx_word' id='word_1_201' title='bbox 3384 1504 3755 1573; x_wconf 83' lang='grc' dir='ltr'><strong>ἁρπασθέντες</strong></span> <span class='ocrx_word' id='word_1_202' title='bbox 3784 1503 3882 1555; x_wconf 82' lang='grc' dir='ltr'>τοῦ</span> <span class='ocrx_word' id='word_1_203' title='bbox 3926 1504 4035 1555; x_wconf 77' lang='grc' dir='ltr'><strong>Κυ-</strong></span> 
     </span>
    </p>
   </div>
   <div class='ocr_carea' id='block_1_31' title="bbox 2454 1612 2592 1665">
    <p class='ocr_par' dir='ltr' id='par_1_31' title="bbox 2454 1612 2592 1665">
     <span class='ocr_line' id='line_1_31' title="bbox 2454 1612 2592 1665; baseline 0.014 -20"><span class='ocrx_word' id='word_1_204' title='bbox 2454 1612 2483 1665; x_wconf 88' lang='grc' dir='ltr'>ρ</span> <span class='ocrx_word' id='word_1_205' title='bbox 2492 1612 2568 1646; x_wconf 81' lang='grc' dir='ltr'><strong>ιου</strong></span> <span class='ocrx_word' id='word_1_206' title='bbox 2580 1635 2592 1647; x_wconf 88' lang='grc'><strong>.</strong></span> 
     </span>
    </p>
   </div>
   <div class='ocr_carea' id='block_1_32' title="bbox 2522 1683 4038 1754">
    <p class='ocr_par' dir='ltr' id='par_1_32' title="bbox 2522 1683 4038 1754">
     <span class='ocr_line' id='line_1_32' title="bbox 2522 1683 4038 1754; baseline 0.001 -17"><span class='ocrx_word' id='word_1_207' title='bbox 2522 1686 2645 1738; x_wconf 85' lang='grc' dir='ltr'>’Ὀτι</span> <span class='ocrx_word' id='word_1_208' title='bbox 2667 1702 2731 1737; x_wconf 86' lang='grc' dir='ltr'><strong>πε</strong></span> <span class='ocrx_word' id='word_1_209' title='bbox 2744 1686 2797 1754; x_wconf 75' lang='lat' dir='ltr'><strong>pi.</strong></span> <span class='ocrx_word' id='word_1_210' title='bbox 2822 1684 2931 1737; x_wconf 90' lang='grc' dir='ltr'>τῶν</span> <span class='ocrx_word' id='word_1_211' title='bbox 2952 1683 3237 1753; x_wconf 86' lang='grc' dir='ltr'>παρθένων</span> <span class='ocrx_word' id='word_1_212' title='bbox 3267 1684 3364 1736; x_wconf 80' lang='grc' dir='ltr'>καὶ</span> <span class='ocrx_word' id='word_1_213' title='bbox 3388 1684 3566 1751; x_wconf 81' lang='grc' dir='ltr'>ἁγνῶν</span> <span class='ocrx_word' id='word_1_214' title='bbox 3584 1685 3776 1754; x_wconf 80' lang='grc' dir='ltr'>ψυχῶν</span> <span class='ocrx_word' id='word_1_215' title='bbox 3808 1686 4038 1738; x_wconf 84' lang='grc' dir='ltr'>πλεῖστα</span> 
     </span>
    </p>
   </div>
   <div class='ocr_carea' id='block_1_33' title="bbox 2452 1776 4037 1849">
    <p class='ocr_par' dir='ltr' id='par_1_33' title="bbox 2452 1776 4037 1849">
     <span class='ocr_line' id='line_1_33' title="bbox 2452 1776 4037 1849; baseline 0.001 -20"><span class='ocrx_word' id='word_1_216' title='bbox 2452 1778 2620 1830; x_wconf 81' lang='grc' dir='ltr'>εἰπὼν</span> <span class='ocrx_word' id='word_1_217' title='bbox 2674 1778 2922 1849; x_wconf 73' lang='grc' dir='ltr'>ἐπιφέρει</span> <span class='ocrx_word' id='word_1_218' title='bbox 2970 1777 3065 1830; x_wconf 71' lang='grc' dir='ltr'><strong>καὶ</strong></span> <span class='ocrx_word' id='word_1_219' title='bbox 3120 1776 3298 1830; x_wconf 86' lang='grc' dir='ltr'>τοῦτο.</span> <span class='ocrx_word' id='word_1_220' title='bbox 3348 1777 3567 1844; x_wconf 83' lang='grc' dir='ltr'>’Δμέλει</span> <span class='ocrx_word' id='word_1_221' title='bbox 3618 1778 3826 1841; x_wconf 89' lang='grc' dir='ltr'>ταύτας</span> <span class='ocrx_word' id='word_1_222' title='bbox 3876 1780 4037 1848; x_wconf 81' lang='grc' dir='ltr'>μόνον</span> 
     </span>
    </p>
   </div>
   <div class='ocr_carea' id='block_1_34' title="bbox 776 1856 2438 1939">
    <p class='ocr_par' dir='ltr' id='par_1_34' title="bbox 776 1856 2419 1938">
     <span class='ocr_line' id='line_1_34' title="bbox 776 1856 2419 1938; baseline -0.005 -15"><span class='ocrx_word' id='word_1_223' title='bbox 776 1885 1028 1938; x_wconf 82' lang='lat' dir='ltr'><strong>sponsam</strong></span> <span class='ocrx_word' id='word_1_224' title='bbox 1090 1885 1261 1932; x_wconf 90' lang='lat' dir='ltr'><strong>suam,</strong></span> <span class='ocrx_word' id='word_1_225' title='bbox 1298 1868 1529 1921; x_wconf 84' lang='lat' dir='ltr'><strong>Verbum</strong></span> <span class='ocrx_word' id='word_1_226' title='bbox 1564 1877 1739 1931; x_wconf 88' lang='lat' dir='ltr'><strong>vocat,</strong></span> <span class='ocrx_word' id='word_1_227' title='bbox 1788 1866 2021 1934; x_wconf 87' lang='lat' dir='ltr'><strong>reliquas</strong></span> <span class='ocrx_word' id='word_1_228' title='bbox 2052 1880 2180 1920; x_wconf 91' lang='lat' dir='ltr'><strong>vero</strong></span> <span class='ocrx_word' id='word_1_229' title='bbox 2211 1880 2347 1919; x_wconf 91' lang='lat' dir='ltr'><strong>con-</strong></span> <span class='ocrx_word' id='word_1_230' title='bbox 2379 1856 2419 1909; x_wconf 85' lang='grc' dir='ltr'><strong>Β</strong></span> 
     </span>
    </p>
   </div>
   <div class='ocr_carea' id='block_1_35' title="bbox 2373 1856 4035 1939">
    <p class='ocr_par' dir='ltr' id='par_1_35' title="bbox 2379 1856 4035 1939">
     <span class='ocr_line' id='line_1_35' title="bbox 2379 1856 4035 1939; baseline -0.001 -18"><span class='ocrx_word' id='word_1_231' title='bbox 2379 1856 2419 1909; x_wconf 76' lang='grc' dir='ltr'><strong>Β</strong></span> <span class='ocrx_word' id='word_1_232' title='bbox 2447 1867 2708 1939; x_wconf 84' lang='grc' dir='ltr'>ὲκλεκτὴν</span> <span class='ocrx_word' id='word_1_233' title='bbox 2746 1869 2981 1937; x_wconf 79' lang='grc' dir='ltr'><strong>Νύμφην</strong></span> <span class='ocrx_word' id='word_1_234' title='bbox 3006 1868 3103 1929; x_wconf 84' lang='grc' dir='ltr'>τὰς</span> <span class='ocrx_word' id='word_1_235' title='bbox 3128 1867 3306 1936; x_wconf 75' lang='grc' dir='ltr'>ψυχὰς</span> <span class='ocrx_word' id='word_1_236' title='bbox 3360 1868 3387 1919; x_wconf 84' lang='grc' dir='ltr'>ὁ</span> <span class='ocrx_word' id='word_1_237' title='bbox 3409 1867 3577 1933; x_wconf 82' lang='grc' dir='ltr'><strong>Λόγος</strong></span> <span class='ocrx_word' id='word_1_238' title='bbox 3610 1868 3806 1919; x_wconf 80' lang='grc' dir='ltr'>ἑαυτοῦ</span> <span class='ocrx_word' id='word_1_239' title='bbox 3859 1870 4035 1935; x_wconf 80' lang='grc' dir='ltr'>καλεῖ,</span> 
     </span>
    </p>
   </div>
   <div class='ocr_carea' id='block_1_36' title="bbox 777 1957 2346 2028">
    <p class='ocr_par' dir='ltr' id='par_1_36' title="bbox 777 1957 2346 2028">
     <span class='ocr_line' id='line_1_36' title="bbox 777 1957 2346 2028; baseline -0.003 -15"><span class='ocrx_word' id='word_1_240' title='bbox 777 1962 1021 2026; x_wconf 88' lang='lat' dir='ltr'><strong>cubinas,</strong></span> <span class='ocrx_word' id='word_1_241' title='bbox 1078 1961 1505 2014; x_wconf 79' lang='lat' dir='ltr'><strong>adulescentulas</strong></span> <span class='ocrx_word' id='word_1_242' title='bbox 1550 1971 1604 2013; x_wconf 90' lang='lat' dir='ltr'><strong>et</strong></span> <span class='ocrx_word' id='word_1_243' title='bbox 1650 1960 1784 2013; x_wconf 78' lang='lat' dir='ltr'><strong>ﬁlius</strong></span> <span class='ocrx_word' id='word_1_244' title='bbox 1816 1957 2091 2028; x_wconf 87' lang='lat' dir='ltr'><strong>appellans</strong></span> <span class='ocrx_word' id='word_1_245' title='bbox 2118 1958 2258 2011; x_wconf 90' lang='lat' dir='ltr'><strong>hunc</strong></span> <span class='ocrx_word' id='word_1_246' title='bbox 2295 1957 2346 2009; x_wconf 92' lang='lat' dir='ltr'><strong>in</strong></span> 
     </span>
    </p>
   </div>
   <div class='ocr_carea' id='block_1_37' title="bbox 780 2051 2346 2121">
    <p class='ocr_par' dir='ltr' id='par_1_37' title="bbox 780 2051 2346 2121">
     <span class='ocr_line' id='line_1_37' title="bbox 780 2051 2346 2121; baseline -0.004 -16"><span class='ocrx_word' id='word_1_247' title='bbox 780 2052 994 2106; x_wconf 87' lang='lat' dir='ltr'><strong>modum</strong></span> <span class='ocrx_word' id='word_1_248' title='bbox 1029 2071 1043 2107; x_wconf 91' lang='lat'><strong>:</strong></span> <span class='ocrx_word' id='word_1_249' title='bbox 1078 2052 1366 2121; x_wconf 75' lang='lat' dir='ltr'><strong>Sexaginta</strong></span> <span class='ocrx_word' id='word_1_250' title='bbox 1396 2062 1516 2105; x_wconf 81' lang='lat' dir='ltr'><strong>sunt</strong></span> <span class='ocrx_word' id='word_1_251' title='bbox 1539 2051 1753 2121; x_wconf 73' lang='lat' dir='ltr'><strong>reginaz,</strong></span> <span class='ocrx_word' id='word_1_252' title='bbox 1780 2060 1829 2104; x_wconf 84' lang='lat' dir='ltr'><strong>et</strong></span> <span class='ocrx_word' id='word_1_253' title='bbox 1861 2052 2120 2120; x_wconf 82' lang='lat' dir='ltr'><strong>octoginta</strong></span> <span class='ocrx_word' id='word_1_254' title='bbox 2152 2065 2346 2103; x_wconf 83' lang='lat' dir='ltr'><strong>concu-</strong></span> 
     </span>
    </p>
   </div>
   <div class='ocr_carea' id='block_1_38' title="bbox 777 2137 2349 2207">
    <p class='ocr_par' dir='ltr' id='par_1_38' title="bbox 777 2137 2349 2207">
     <span class='ocr_line' id='line_1_38' title="bbox 777 2137 2349 2207; baseline -0.002 -13"><span class='ocrx_word' id='word_1_255' title='bbox 777 2144 932 2207; x_wconf 62' lang='lat' dir='ltr'><strong>binae,</strong></span> <span class='ocrx_word' id='word_1_256' title='bbox 976 2156 1021 2197; x_wconf 86' lang='lat' dir='ltr'><strong>et</strong></span> <span class='ocrx_word' id='word_1_257' title='bbox 1069 2146 1578 2198; x_wconf 80' lang='lat' dir='ltr'><strong>adolescentularunt</strong></span> <span class='ocrx_word' id='word_1_258' title='bbox 1621 2158 1723 2194; x_wconf 85' lang='lat' dir='ltr'><strong>non</strong></span> <span class='ocrx_word' id='word_1_259' title='bbox 1768 2152 1841 2195; x_wconf 79' lang='lat' dir='ltr'><strong>est</strong></span> <span class='ocrx_word' id='word_1_260' title='bbox 1893 2158 2172 2194; x_wconf 81' lang='lat' dir='ltr'><strong>numerus.</strong></span> <span class='ocrx_word' id='word_1_261' title='bbox 2234 2137 2349 2191; x_wconf 84' lang='lat' dir='ltr'><strong>Una</strong></span> 
     </span>
    </p>
   </div>
   <div class='ocr_carea' id='block_1_39' title="bbox 774 2231 2351 2301">
    <p class='ocr_par' dir='ltr' id='par_1_39' title="bbox 774 2231 2351 2301">
     <span class='ocr_line' id='line_1_39' title="bbox 774 2231 2351 2301; baseline -0.004 -14"><span class='ocrx_word' id='word_1_262' title='bbox 774 2244 853 2287; x_wconf 76' lang='lat' dir='ltr'><strong>est</strong></span> <span class='ocrx_word' id='word_1_263' title='bbox 886 2234 1124 2285; x_wconf 84' lang='lat' dir='ltr'><strong>columba</strong></span> <span class='ocrx_word' id='word_1_264' title='bbox 1166 2250 1304 2298; x_wconf 83' lang='lat' dir='ltr'><strong>mea,</strong></span> <span class='ocrx_word' id='word_1_265' title='bbox 1342 2235 1570 2301; x_wconf 75' lang='lat' dir='ltr'><strong>perfecta</strong></span> <span class='ocrx_word' id='word_1_266' title='bbox 1611 2250 1725 2286; x_wconf 86' lang='lat' dir='ltr'><strong>mea</strong></span> <span class='ocrx_word' id='word_1_267' title='bbox 1755 2248 1773 2295; x_wconf 90' lang='lat'><strong><em>;</em></strong></span> <span class='ocrx_word' id='word_1_268' title='bbox 1804 2248 1908 2283; x_wconf 86' lang='lat' dir='ltr'><strong>una</strong></span> <span class='ocrx_word' id='word_1_269' title='bbox 1943 2244 2016 2283; x_wconf 84' lang='lat' dir='ltr'><strong>est</strong></span> <span class='ocrx_word' id='word_1_270' title='bbox 2056 2231 2217 2283; x_wconf 85' lang='lat' dir='ltr'><strong>matri</strong></span> <span class='ocrx_word' id='word_1_271' title='bbox 2242 2245 2351 2282; x_wconf 77' lang='lat' dir='ltr'><strong>sua:</strong></span> 
     </span>
    </p>
   </div>
   <div class='ocr_carea' id='block_1_40' title="bbox 778 2323 2349 2394">
    <p class='ocr_par' dir='ltr' id='par_1_40' title="bbox 778 2323 2349 2394">
     <span class='ocr_line' id='line_1_40' title="bbox 778 2323 2349 2394; baseline -0.003 -16"><span class='ocrx_word' id='word_1_272' title='bbox 778 2326 941 2379; x_wconf 85' lang='lat' dir='ltr'><strong>electa</strong></span> <span class='ocrx_word' id='word_1_273' title='bbox 996 2327 1237 2394; x_wconf 80' lang='lat' dir='ltr'><strong>genitrici</strong></span> <span class='ocrx_word' id='word_1_274' title='bbox 1283 2343 1414 2379; x_wconf 66' lang='lat' dir='ltr'><strong>suae.</strong></span> <span class='ocrx_word' id='word_1_275' title='bbox 1470 2326 1720 2379; x_wconf 80' lang='lat' dir='ltr'><strong>Viderunt</strong></span> <span class='ocrx_word' id='word_1_276' title='bbox 1747 2341 1860 2379; x_wconf 81' lang='lat' dir='ltr'><strong>eam</strong></span> <span class='ocrx_word' id='word_1_277' title='bbox 1895 2325 2040 2392; x_wconf 77' lang='lat' dir='ltr'><strong>ﬁliw,</strong></span> <span class='ocrx_word' id='word_1_278' title='bbox 2064 2332 2111 2375; x_wconf 84' lang='lat' dir='ltr'><strong>et</strong></span> <span class='ocrx_word' id='word_1_279' title='bbox 2146 2323 2349 2377; x_wconf 82' lang='lat' dir='ltr'><strong>beatam</strong></span> 
     </span>
    </p>
   </div>
   <div class='ocr_carea' id='block_1_41' title="bbox 778 2414 2349 2483">
    <p class='ocr_par' dir='ltr' id='par_1_41' title="bbox 778 2414 2349 2483">
     <span class='ocr_line' id='line_1_41' title="bbox 778 2414 2349 2483; baseline -0.002 -15"><span class='ocrx_word' id='word_1_280' title='bbox 778 2419 1198 2483; x_wconf 77' lang='lat' dir='ltr'><strong>prwdicaverunt</strong></span> <span class='ocrx_word' id='word_1_281' title='bbox 1228 2433 1344 2470; x_wconf 89' lang='lat' dir='ltr'><strong>eam</strong></span> <span class='ocrx_word' id='word_1_282' title='bbox 1391 2418 1604 2483; x_wconf 69' lang='lat' dir='ltr'><strong>reginas,</strong></span> <span class='ocrx_word' id='word_1_283' title='bbox 1634 2426 1682 2469; x_wconf 86' lang='lat' dir='ltr'><strong>et</strong></span> <span class='ocrx_word' id='word_1_284' title='bbox 1714 2416 2015 2468; x_wconf 74' lang='lat' dir='ltr'><strong>concubina:</strong></span> <span class='ocrx_word' id='word_1_285' title='bbox 2060 2414 2349 2466; x_wconf 82' lang='lat' dir='ltr'><strong>laudabunt</strong></span> 
     </span>
    </p>
   </div>
   <div class='ocr_carea' id='block_1_42' title="bbox 777 2506 2349 2576">
    <p class='ocr_par' dir='ltr' id='par_1_42' title="bbox 777 2506 2349 2576">
     <span class='ocr_line' id='line_1_42' title="bbox 777 2506 2349 2576; baseline -0.001 -14"><span class='ocrx_word' id='word_1_286' title='bbox 777 2525 896 2562; x_wconf 81' lang='lat' dir='ltr'><strong>eam</strong></span> <span class='ocrx_word' id='word_1_287' title='bbox 935 2507 979 2564; x_wconf 69' lang='grc' dir='ltr'>ί.</span> <span class='ocrx_word' id='word_1_288' title='bbox 1013 2510 1147 2564; x_wconf 87' lang='lat' dir='ltr'><strong>Cum</strong></span> <span class='ocrx_word' id='word_1_289' title='bbox 1174 2510 1316 2563; x_wconf 87' lang='lat' dir='ltr'><strong>enim</strong></span> <span class='ocrx_word' id='word_1_290' title='bbox 1354 2510 1532 2562; x_wconf 66' lang='lat' dir='ltr'><strong>multa:</strong></span> <span class='ocrx_word' id='word_1_291' title='bbox 1565 2510 1672 2562; x_wconf 84' lang='lat' dir='ltr'><strong>sint</strong></span> <span class='ocrx_word' id='word_1_292' title='bbox 1704 2510 1843 2574; x_wconf 62' lang='lat' dir='ltr'><strong>lilia},</strong></span> <span class='ocrx_word' id='word_1_293' title='bbox 1877 2517 1934 2561; x_wconf 91' lang='lat' dir='ltr'><strong>ut</strong></span> <span class='ocrx_word' id='word_1_294' title='bbox 1963 2517 2128 2576; x_wconf 84' lang='lat' dir='ltr'><strong>patet,</strong></span> <span class='ocrx_word' id='word_1_295' title='bbox 2166 2506 2349 2561; x_wconf 85' lang='lat' dir='ltr'><strong>Eccle-</strong></span> 
     </span>
    </p>
   </div>
   <div class='ocr_carea' id='block_1_43' title="bbox 779 2597 2353 2669">
    <p class='ocr_par' dir='ltr' id='par_1_43' title="bbox 779 2597 2353 2669">
     <span class='ocr_line' id='line_1_43' title="bbox 779 2597 2353 2669; baseline -0.005 -12"><span class='ocrx_word' id='word_1_296' title='bbox 779 2604 893 2667; x_wconf 67' lang='lat' dir='ltr'><strong>siae,</strong></span> <span class='ocrx_word' id='word_1_297' title='bbox 928 2618 1032 2656; x_wconf 89' lang='lat' dir='ltr'><strong>una</strong></span> <span class='ocrx_word' id='word_1_298' title='bbox 1063 2614 1239 2655; x_wconf 88' lang='lat' dir='ltr'><strong>tamen</strong></span> <span class='ocrx_word' id='word_1_299' title='bbox 1272 2611 1355 2655; x_wconf 91' lang='lat' dir='ltr'><strong>est</strong></span> <span class='ocrx_word' id='word_1_300' title='bbox 1384 2601 1549 2654; x_wconf 87' lang='lat' dir='ltr'><strong>electa</strong></span> <span class='ocrx_word' id='word_1_301' title='bbox 1594 2611 1649 2654; x_wconf 90' lang='lat' dir='ltr'><strong>et</strong></span> <span class='ocrx_word' id='word_1_302' title='bbox 1681 2601 1913 2669; x_wconf 84' lang='lat' dir='ltr'><strong>pretiosa</strong></span> <span class='ocrx_word' id='word_1_303' title='bbox 1946 2600 1996 2651; x_wconf 93' lang='lat' dir='ltr'><strong>in</strong></span> <span class='ocrx_word' id='word_1_304' title='bbox 2030 2598 2201 2652; x_wconf 88' lang='lat' dir='ltr'><strong>oculis</strong></span> <span class='ocrx_word' id='word_1_305' title='bbox 2239 2597 2353 2664; x_wconf 85' lang='lat' dir='ltr'><strong>eius</strong></span> 
     </span>
    </p>
   </div>
   <div class='ocr_carea' id='block_1_44' title="bbox 782 2687 2355 2764">
    <p class='ocr_par' dir='ltr' id='par_1_44' title="bbox 782 2687 2355 2764">
     <span class='ocr_line' id='line_1_44' title="bbox 782 2687 2355 2764; baseline -0.004 -17"><span class='ocrx_word' id='word_1_306' title='bbox 782 2711 893 2764; x_wconf 71' lang='lat' dir='ltr'><strong>prae</strong></span> <span class='ocrx_word' id='word_1_307' title='bbox 936 2696 1206 2757; x_wconf 88' lang='lat' dir='ltr'><strong>oumibus,</strong></span> <span class='ocrx_word' id='word_1_308' title='bbox 1262 2704 1436 2747; x_wconf 91' lang='lat' dir='ltr'><strong>status</strong></span> <span class='ocrx_word' id='word_1_309' title='bbox 1481 2706 1670 2761; x_wconf 84' lang='lat' dir='ltr'><strong>nempe</strong></span> <span class='ocrx_word' id='word_1_310' title='bbox 1714 2691 2005 2758; x_wconf 88' lang='lat' dir='ltr'><strong>virginum.</strong></span> <span class='ocrx_word' id='word_1_311' title='bbox 2030 2687 2097 2742; x_wconf 88' lang='lat' dir='ltr'><strong>Et</strong></span> <span class='ocrx_word' id='word_1_312' title='bbox 2138 2688 2355 2759; x_wconf 79' lang='lat' dir='ltr'><strong>reginas</strong></span> 
     </span>
    </p>
   </div>
   <div class='ocr_carea' id='block_1_45' title="bbox 783 2778 2353 2854">
    <p class='ocr_par' dir='ltr' id='par_1_45' title="bbox 783 2778 2353 2854">
     <span class='ocr_line' id='line_1_45' title="bbox 783 2778 2353 2854; baseline -0.004 -17"><span class='ocrx_word' id='word_1_313' title='bbox 783 2787 993 2839; x_wconf 86' lang='lat' dir='ltr'><strong>videtur</strong></span> <span class='ocrx_word' id='word_1_314' title='bbox 1048 2785 1328 2854; x_wconf 90' lang='lat' dir='ltr'><strong>prophetia</strong></span> <span class='ocrx_word' id='word_1_315' title='bbox 1378 2782 1514 2836; x_wconf 82' lang='lat' dir='ltr'><strong>velle</strong></span> <span class='ocrx_word' id='word_1_316' title='bbox 1573 2782 1871 2843; x_wconf 85' lang='lat' dir='ltr'><strong>insinuare,</strong></span> <span class='ocrx_word' id='word_1_317' title='bbox 1923 2779 2073 2851; x_wconf 86' lang='lat' dir='ltr'><strong>[quia</strong></span> <span class='ocrx_word' id='word_1_318' title='bbox 2124 2795 2229 2833; x_wconf 92' lang='lat' dir='ltr'><strong>non</strong></span> <span class='ocrx_word' id='word_1_319' title='bbox 2288 2778 2353 2831; x_wconf 89' lang='lat' dir='ltr'><strong>ad</strong></span> 
     </span>
    </p>
   </div>
   <div class='ocr_carea' id='block_1_46' title="bbox 784 2872 2353 2946">
    <p class='ocr_par' dir='ltr' id='par_1_46' title="bbox 784 2872 2353 2946">
     <span class='ocr_line' id='line_1_46' title="bbox 784 2872 2353 2946; baseline -0.005 -18"><span class='ocrx_word' id='word_1_320' title='bbox 784 2893 946 2930; x_wconf 89' lang='lat' dir='ltr'><strong>unum</strong></span> <span class='ocrx_word' id='word_1_321' title='bbox 976 2891 1150 2946; x_wconf 76' lang='lat' dir='ltr'><strong>regem</strong></span> <span class='ocrx_word' id='word_1_322' title='bbox 1179 2875 1376 2944; x_wconf 75' lang='lat' dir='ltr'><strong>regian</strong></span> <span class='ocrx_word' id='word_1_323' title='bbox 1410 2876 1490 2927; x_wconf 67' lang='lat' dir='ltr'><strong>hae</strong></span> <span class='ocrx_word' id='word_1_324' title='bbox 1523 2874 1947 2935; x_wconf 81' lang='lat' dir='ltr'><strong>adducebantur,</strong></span> <span class='ocrx_word' id='word_1_325' title='bbox 1978 2872 2071 2925; x_wconf 89' lang='lat' dir='ltr'><strong>sed</strong></span> <span class='ocrx_word' id='word_1_326' title='bbox 2100 2883 2353 2938; x_wconf 77' lang='lat' dir='ltr'><strong>unaquae—</strong></span> 
     </span>
    </p>
   </div>
   <div class='ocr_carea' id='block_1_47' title="bbox 782 2962 2355 3039">
    <p class='ocr_par' dir='ltr' id='par_1_47' title="bbox 782 2962 2355 3039">
     <span class='ocr_line' id='line_1_47' title="bbox 782 2962 2355 3039; baseline -0.006 -17"><span class='ocrx_word' id='word_1_327' title='bbox 782 2985 887 3039; x_wconf 88' lang='lat' dir='ltr'><strong>que</strong></span> <span class='ocrx_word' id='word_1_328' title='bbox 921 2969 1065 3021; x_wconf 92' lang='lat' dir='ltr'><strong>velut</strong></span> <span class='ocrx_word' id='word_1_329' title='bbox 1114 2969 1326 3020; x_wconf 89' lang='lat' dir='ltr'><strong>domina</strong></span> <span class='ocrx_word' id='word_1_330' title='bbox 1358 2980 1453 3034; x_wconf 89' lang='lat' dir='ltr'><strong>per</strong></span> <span class='ocrx_word' id='word_1_331' title='bbox 1483 2980 1542 3020; x_wconf 90' lang='lat' dir='ltr'><strong>se</strong></span> <span class='ocrx_word' id='word_1_332' title='bbox 1567 2975 1619 3019; x_wconf 91' lang='lat' dir='ltr'><strong>et</strong></span> <span class='ocrx_word' id='word_1_333' title='bbox 1654 2965 1833 3034; x_wconf 86' lang='lat' dir='ltr'><strong>regina</strong></span> <span class='ocrx_word' id='word_1_334' title='bbox 1856 2974 1991 3027; x_wconf 88' lang='lat' dir='ltr'><strong>erat,</strong></span> <span class='ocrx_word' id='word_1_335' title='bbox 2024 2962 2355 3029; x_wconf 88' lang='lat' dir='ltr'><strong>aliarumque</strong></span> 
     </span>
    </p>
   </div>
   <div class='ocr_carea' id='block_1_48' title="bbox 785 3052 2355 3125">
    <p class='ocr_par' dir='ltr' id='par_1_48' title="bbox 785 3052 2355 3125">
     <span class='ocr_line' id='line_1_48' title="bbox 785 3052 2355 3125; baseline -0.003 -16"><span class='ocrx_word' id='word_1_336' title='bbox 785 3068 905 3125; x_wconf 89' lang='lat' dir='ltr'><strong>post</strong></span> <span class='ocrx_word' id='word_1_337' title='bbox 943 3060 1041 3112; x_wconf 87' lang='lat' dir='ltr'><strong>hac</strong></span> <span class='ocrx_word' id='word_1_338' title='bbox 1077 3060 1343 3110; x_wconf 87' lang='lat' dir='ltr'><strong>auctrices</strong></span> <span class='ocrx_word' id='word_1_339' title='bbox 1392 3066 1446 3109; x_wconf 89' lang='lat' dir='ltr'><strong>et</strong></span> <span class='ocrx_word' id='word_1_340' title='bbox 1477 3052 1798 3125; x_wconf 86' lang='lat' dir='ltr'><strong>principes.]</strong></span> <span class='ocrx_word' id='word_1_341' title='bbox 1828 3054 1947 3106; x_wconf 87' lang='lat' dir='ltr'><strong>lllas</strong></span> <span class='ocrx_word' id='word_1_342' title='bbox 1986 3054 2180 3123; x_wconf 86' lang='lat' dir='ltr'><strong>regias,</strong></span> <span class='ocrx_word' id='word_1_343' title='bbox 2236 3067 2355 3121; x_wconf 70' lang='lat' dir='ltr'><strong>quae</strong></span> 
     </span>
    </p>
   </div>
   <div class='ocr_carea' id='block_1_49' title="bbox 786 3142 2355 3210">
    <p class='ocr_par' dir='ltr' id='par_1_49' title="bbox 786 3142 2355 3210">
     <span class='ocr_line' id='line_1_49' title="bbox 786 3142 2355 3210; baseline -0.006 -7"><span class='ocrx_word' id='word_1_344' title='bbox 786 3159 908 3203; x_wconf 87' lang='lat' dir='ltr'><strong>ante</strong></span> <span class='ocrx_word' id='word_1_345' title='bbox 938 3149 1196 3201; x_wconf 83' lang='lat' dir='ltr'><strong>diluvium</strong></span> <span class='ocrx_word' id='word_1_346' title='bbox 1230 3146 1496 3207; x_wconf 83' lang='lat' dir='ltr'><strong>vixerunt,</strong></span> <span class='ocrx_word' id='word_1_347' title='bbox 1522 3146 1735 3198; x_wconf 88' lang='lat' dir='ltr'><strong>animas</strong></span> <span class='ocrx_word' id='word_1_348' title='bbox 1786 3146 1889 3197; x_wconf 81' lang='lat' dir='ltr'><strong>lleo</strong></span> <span class='ocrx_word' id='word_1_349' title='bbox 1927 3142 2219 3210; x_wconf 86' lang='lat' dir='ltr'><strong>placentes,</strong></span> <span class='ocrx_word' id='word_1_350' title='bbox 2255 3144 2355 3196; x_wconf 89' lang='lat' dir='ltr'><strong>hoc</strong></span> 
     </span>
    </p>
   </div>
   <div class='ocr_carea' id='block_1_50' title="bbox 787 3237 2355 3303">
    <p class='ocr_par' dir='ltr' id='par_1_50' title="bbox 787 3237 2355 3303">
     <span class='ocr_line' id='line_1_50' title="bbox 787 3237 2355 3303; baseline -0.008 -7"><span class='ocrx_word' id='word_1_351' title='bbox 787 3250 892 3301; x_wconf 84' lang='lat' dir='ltr'><strong>est.</strong></span> <span class='ocrx_word' id='word_1_352' title='bbox 920 3240 1122 3303; x_wconf 82' lang='lat' dir='ltr'><strong>Abelis,</strong></span> <span class='ocrx_word' id='word_1_353' title='bbox 1160 3239 1332 3301; x_wconf 89' lang='lat' dir='ltr'><strong>Sethi,</strong></span> <span class='ocrx_word' id='word_1_354' title='bbox 1374 3237 1599 3291; x_wconf 87' lang='lat' dir='ltr'><strong>Enochi.</strong></span> <span class='ocrx_word' id='word_1_355' title='bbox 1636 3237 1975 3290; x_wconf 72' lang='lat' dir='ltr'><strong>(loncubiuas</strong></span> <span class='ocrx_word' id='word_1_356' title='bbox 2002 3244 2205 3298; x_wconf 84' lang='lat' dir='ltr'><strong>autem,</strong></span> <span class='ocrx_word' id='word_1_357' title='bbox 2236 3248 2355 3301; x_wconf 69' lang='lat' dir='ltr'><strong>quae</strong></span> 
     </span>
    </p>
   </div>
   <div class='ocr_carea' id='block_1_51' title="bbox 789 3327 2356 3403">
    <p class='ocr_par' dir='ltr' id='par_1_51' title="bbox 789 3327 2356 3403">
     <span class='ocr_line' id='line_1_51' title="bbox 789 3327 2356 3403; baseline -0.006 -17"><span class='ocrx_word' id='word_1_358' title='bbox 789 3343 909 3403; x_wconf 92' lang='lat' dir='ltr'><strong>post</strong></span> <span class='ocrx_word' id='word_1_359' title='bbox 964 3333 1220 3385; x_wconf 90' lang='lat' dir='ltr'><strong>diluvium</strong></span> <span class='ocrx_word' id='word_1_360' title='bbox 1276 3329 1519 3393; x_wconf 81' lang='lat' dir='ltr'><strong>fuerunt,</strong></span> <span class='ocrx_word' id='word_1_361' title='bbox 1574 3330 1781 3381; x_wconf 87' lang='lat' dir='ltr'><strong>animas</strong></span> <span class='ocrx_word' id='word_1_362' title='bbox 1808 3327 2356 3396; x_wconf 42' lang='lat' dir='ltr'><strong>prophetat-umque:</strong></span> 
     </span>
    </p>
   </div>
   <div class='ocr_carea' id='block_1_52' title="bbox 788 3414 2349 3493">
    <p class='ocr_par' dir='ltr' id='par_1_52' title="bbox 788 3414 2349 3493">
     <span class='ocr_line' id='line_1_52' title="bbox 788 3414 2349 3493; baseline -0.008 -16"><span class='ocrx_word' id='word_1_363' title='bbox 788 3426 1100 3493; x_wconf 86' lang='lat' dir='ltr'><strong>priusquam</strong></span> <span class='ocrx_word' id='word_1_364' title='bbox 1147 3420 1389 3474; x_wconf 86' lang='lat' dir='ltr'><strong>Ecclesia</strong></span> <span class='ocrx_word' id='word_1_365' title='bbox 1434 3418 1540 3473; x_wconf 86' lang='lat' dir='ltr'><strong>Deo</strong></span> <span class='ocrx_word' id='word_1_366' title='bbox 1588 3419 2025 3485; x_wconf 88' lang='lat' dir='ltr'><strong>desponsaretur,</strong></span> <span class='ocrx_word' id='word_1_367' title='bbox 2074 3417 2165 3483; x_wconf 87' lang='lat' dir='ltr'><strong>qui</strong></span> <span class='ocrx_word' id='word_1_368' title='bbox 2206 3414 2349 3469; x_wconf 91' lang='lat' dir='ltr'><strong>velut</strong></span> 
     </span>
    </p>
   </div>
   <div class='ocr_carea' id='block_1_53' title="bbox 789 3506 2357 3577">
    <p class='ocr_par' dir='ltr' id='par_1_53' title="bbox 789 3506 2357 3577">
     <span class='ocr_line' id='line_1_53' title="bbox 789 3506 2357 3577; baseline -0.009 -6"><span class='ocrx_word' id='word_1_369' title='bbox 789 3532 911 3571; x_wconf 90' lang='lat' dir='ltr'><strong>cum</strong></span> <span class='ocrx_word' id='word_1_370' title='bbox 961 3514 1277 3569; x_wconf 86' lang='lat' dir='ltr'><strong>concubinis</strong></span> <span class='ocrx_word' id='word_1_371' title='bbox 1309 3522 1550 3565; x_wconf 87' lang='lat' dir='ltr'><strong>versatus</strong></span> <span class='ocrx_word' id='word_1_372' title='bbox 1595 3511 1645 3563; x_wconf 90' lang='lat' dir='ltr'><strong>in</strong></span> <span class='ocrx_word' id='word_1_373' title='bbox 1680 3508 1899 3577; x_wconf 90' lang='lat' dir='ltr'><strong>copiosa</strong></span> <span class='ocrx_word' id='word_1_374' title='bbox 1935 3517 1989 3561; x_wconf 93' lang='lat' dir='ltr'><strong>et</strong></span> <span class='ocrx_word' id='word_1_375' title='bbox 2026 3506 2234 3560; x_wconf 88' lang='lat' dir='ltr'><strong>sincera</strong></span> <span class='ocrx_word' id='word_1_376' title='bbox 2270 3520 2357 3558; x_wconf 87' lang='lat' dir='ltr'><strong>sa—</strong></span> 
     </span>
    </p>
   </div>
   <div class='ocr_carea' id='block_1_54' title="bbox 790 3598 2358 3675">
    <p class='ocr_par' dir='ltr' id='par_1_54' title="bbox 790 3598 2358 3675">
     <span class='ocr_line' id='line_1_54' title="bbox 790 3598 2358 3675; baseline -0.006 -18"><span class='ocrx_word' id='word_1_377' title='bbox 790 3609 1003 3675; x_wconf 77' lang='lat' dir='ltr'><strong>pientiae</strong></span> <span class='ocrx_word' id='word_1_378' title='bbox 1032 3604 1277 3658; x_wconf 85' lang='lat' dir='ltr'><strong>doctrina</strong></span> <span class='ocrx_word' id='word_1_379' title='bbox 1304 3618 1429 3655; x_wconf 89' lang='lat' dir='ltr'><strong>vero</strong></span> <span class='ocrx_word' id='word_1_380' title='bbox 1460 3600 1711 3655; x_wconf 88' lang='lat' dir='ltr'><strong>submisit</strong></span> <span class='ocrx_word' id='word_1_381' title='bbox 1735 3598 1979 3663; x_wconf 89' lang='lat' dir='ltr'><strong>oracula,</strong></span> <span class='ocrx_word' id='word_1_382' title='bbox 2006 3608 2064 3651; x_wconf 93' lang='lat' dir='ltr'><strong>ut</strong></span> <span class='ocrx_word' id='word_1_383' title='bbox 2106 3605 2358 3666; x_wconf 88' lang='lat' dir='ltr'><strong>caperent</strong></span> 
     </span>
    </p>
   </div>
   <div class='ocr_carea' id='block_1_55' title="bbox 794 3686 2357 3750">
    <p class='ocr_par' dir='ltr' id='par_1_55' title="bbox 794 3686 2357 3750">
     <span class='ocr_line' id='line_1_55' title="bbox 794 3686 2357 3750; baseline -0.008 0"><span class='ocrx_word' id='word_1_384' title='bbox 794 3698 866 3750; x_wconf 90' lang='lat' dir='ltr'><strong>illi</strong></span> <span class='ocrx_word' id='word_1_385' title='bbox 904 3697 1063 3749; x_wconf 83' lang='lat' dir='ltr'><strong>tidem</strong></span> <span class='ocrx_word' id='word_1_386' title='bbox 1089 3694 1295 3747; x_wconf 88' lang='lat' dir='ltr'><strong>salutis.</strong></span> <span class='ocrx_word' id='word_1_387' title='bbox 1331 3692 1668 3745; x_wconf 77' lang='lat' dir='ltr'><strong>Concubinas</strong></span> <span class='ocrx_word' id='word_1_388' title='bbox 1697 3698 1874 3743; x_wconf 91' lang='lat' dir='ltr'><strong>autem</strong></span> <span class='ocrx_word' id='word_1_389' title='bbox 1905 3688 2200 3742; x_wconf 85' lang='lat' dir='ltr'><strong>nominavit</strong></span> <span class='ocrx_word' id='word_1_390' title='bbox 2231 3686 2357 3740; x_wconf 83' lang='lat' dir='ltr'><strong>Ver-</strong></span> 
     </span>
    </p>
   </div>
   <div class='ocr_carea' id='block_1_56' title="bbox 792 3780 2355 3858">
    <p class='ocr_par' dir='ltr' id='par_1_56' title="bbox 792 3780 2355 3858">
     <span class='ocr_line' id='line_1_56' title="bbox 792 3780 2355 3858; baseline -0.008 -13"><span class='ocrx_word' id='word_1_391' title='bbox 792 3794 918 3845; x_wconf 80' lang='lat' dir='ltr'><strong>bum</strong></span> <span class='ocrx_word' id='word_1_392' title='bbox 946 3791 1331 3858; x_wconf 87' lang='lat' dir='ltr'><strong>prophetarum</strong></span> <span class='ocrx_word' id='word_1_393' title='bbox 1354 3787 1580 3851; x_wconf 88' lang='lat' dir='ltr'><strong>animas,</strong></span> <span class='ocrx_word' id='word_1_394' title='bbox 1603 3785 1729 3853; x_wconf 91' lang='lat' dir='ltr'><strong>quia</strong></span> <span class='ocrx_word' id='word_1_395' title='bbox 1756 3798 1859 3837; x_wconf 92' lang='lat' dir='ltr'><strong>non</strong></span> <span class='ocrx_word' id='word_1_396' title='bbox 1890 3793 2073 3850; x_wconf 90' lang='lat' dir='ltr'><strong>aperte</strong></span> <span class='ocrx_word' id='word_1_397' title='bbox 2088 3791 2146 3835; x_wconf 91' lang='lat' dir='ltr'><strong>ut</strong></span> <span class='ocrx_word' id='word_1_398' title='bbox 2174 3780 2355 3835; x_wconf 88' lang='lat' dir='ltr'><strong>Eccle-</strong></span> 
     </span>
    </p>
   </div>
   <div class='ocr_carea' id='block_1_57' title="bbox 790 3872 2355 3945">
    <p class='ocr_par' dir='ltr' id='par_1_57' title="bbox 790 3872 2355 3945">
     <span class='ocr_line' id='line_1_57' title="bbox 790 3872 2355 3945; baseline -0.007 -11"><span class='ocrx_word' id='word_1_399' title='bbox 790 3884 925 3935; x_wconf 82' lang='lat' dir='ltr'><strong>siam</strong></span> <span class='ocrx_word' id='word_1_400' title='bbox 960 3880 1060 3934; x_wconf 90' lang='lat' dir='ltr'><strong>sibi</strong></span> <span class='ocrx_word' id='word_1_401' title='bbox 1111 3893 1203 3933; x_wconf 89' lang='lat' dir='ltr'><strong>eas</strong></span> <span class='ocrx_word' id='word_1_402' title='bbox 1252 3878 1537 3945; x_wconf 88' lang='lat' dir='ltr'><strong>copulavit,</strong></span> <span class='ocrx_word' id='word_1_403' title='bbox 1573 3874 1883 3930; x_wconf 89' lang='lat' dir='ltr'><strong>sacriﬁcans</strong></span> <span class='ocrx_word' id='word_1_404' title='bbox 1915 3873 2057 3927; x_wconf 87' lang='lat' dir='ltr'><strong>illam</strong></span> <span class='ocrx_word' id='word_1_405' title='bbox 2101 3873 2153 3925; x_wconf 92' lang='lat' dir='ltr'><strong>in</strong></span> <span class='ocrx_word' id='word_1_406' title='bbox 2189 3872 2355 3940; x_wconf 88' lang='lat' dir='ltr'><strong>ﬁgura</strong></span> 
     </span>
    </p>
   </div>
   <div class='ocr_carea' id='block_1_58' title="bbox 789 3963 2358 4039">
    <p class='ocr_par' dir='ltr' id='par_1_58' title="bbox 789 3963 2358 4039">
     <span class='ocr_line' id='line_1_58' title="bbox 789 3963 2358 4039; baseline -0.005 -16"><span class='ocrx_word' id='word_1_407' title='bbox 789 3972 943 4025; x_wconf 89' lang='lat' dir='ltr'><strong>vituli</strong></span> <span class='ocrx_word' id='word_1_408' title='bbox 996 3969 1248 4039; x_wconf 86' lang='lat' dir='ltr'><strong>saginati.</strong></span> <span class='ocrx_word' id='word_1_409' title='bbox 1299 3968 1590 4037; x_wconf 87' lang='lat' dir='ltr'><strong>Sexaginta</strong></span> <span class='ocrx_word' id='word_1_410' title='bbox 1642 3978 1820 4019; x_wconf 91' lang='lat' dir='ltr'><strong>autem</strong></span> <span class='ocrx_word' id='word_1_411' title='bbox 1866 3964 2080 4033; x_wconf 87' lang='lat' dir='ltr'><strong>reginas</strong></span> <span class='ocrx_word' id='word_1_412' title='bbox 2123 3963 2263 4024; x_wconf 91' lang='lat' dir='ltr'><strong>inde,</strong></span> <span class='ocrx_word' id='word_1_413' title='bbox 2300 3971 2358 4014; x_wconf 92' lang='lat' dir='ltr'><strong>ut</strong></span> 
     </span>
    </p>
   </div>
   <div class='ocr_carea' id='block_1_59' title="bbox 792 4049 2356 4123">
    <p class='ocr_par' dir='ltr' id='par_1_59' title="bbox 792 4049 2356 4123">
     <span class='ocr_line' id='line_1_59' title="bbox 792 4049 2356 4123; baseline -0.007 -10"><span class='ocrx_word' id='word_1_414' title='bbox 792 4074 932 4121; x_wconf 89' lang='lat' dir='ltr'><strong>reor,</strong></span> <span class='ocrx_word' id='word_1_415' title='bbox 960 4060 1024 4111; x_wconf 90' lang='lat' dir='ltr'><strong>ab</strong></span> <span class='ocrx_word' id='word_1_416' title='bbox 1042 4059 1249 4110; x_wconf 83' lang='lat' dir='ltr'><strong>Adamo</strong></span> <span class='ocrx_word' id='word_1_417' title='bbox 1274 4056 1602 4123; x_wconf 81' lang='lat' dir='ltr'><strong>protOpIasto</strong></span> <span class='ocrx_word' id='word_1_418' title='bbox 1628 4067 1794 4121; x_wconf 88' lang='lat' dir='ltr'><strong>usque</strong></span> <span class='ocrx_word' id='word_1_419' title='bbox 1814 4051 1878 4103; x_wconf 88' lang='lat' dir='ltr'><strong>ad</strong></span> <span class='ocrx_word' id='word_1_420' title='bbox 1897 4049 2009 4104; x_wconf 84' lang='lat' dir='ltr'><strong>Noe</strong></span> <span class='ocrx_word' id='word_1_421' title='bbox 2025 4065 2117 4118; x_wconf 91' lang='lat' dir='ltr'><strong>per</strong></span> <span class='ocrx_word' id='word_1_422' title='bbox 2141 4064 2356 4105; x_wconf 89' lang='lat' dir='ltr'><strong>succes-</strong></span> 
     </span>
    </p>
   </div>
   <div class='ocr_carea' id='block_1_60' title="bbox 790 4139 2358 4217">
    <p class='ocr_par' dir='ltr' id='par_1_60' title="bbox 790 4139 2358 4217">
     <span class='ocr_line' id='line_1_60' title="bbox 790 4139 2358 4217; baseline -0.007 -13"><span class='ocrx_word' id='word_1_423' title='bbox 790 4154 997 4205; x_wconf 82' lang='lat' dir='ltr'><strong>sionem</strong></span> <span class='ocrx_word' id='word_1_424' title='bbox 1032 4151 1178 4203; x_wconf 88' lang='lat' dir='ltr'><strong>viros</strong></span> <span class='ocrx_word' id='word_1_425' title='bbox 1228 4146 1338 4201; x_wconf 91' lang='lat' dir='ltr'><strong>Deo</strong></span> <span class='ocrx_word' id='word_1_426' title='bbox 1372 4146 1644 4217; x_wconf 86' lang='lat' dir='ltr'><strong>placentes</strong></span> <span class='ocrx_word' id='word_1_427' title='bbox 1682 4141 1918 4207; x_wconf 88' lang='lat' dir='ltr'><strong>vocavit,</strong></span> <span class='ocrx_word' id='word_1_428' title='bbox 1942 4143 2067 4211; x_wconf 89' lang='lat' dir='ltr'><strong>quia</strong></span> <span class='ocrx_word' id='word_1_429' title='bbox 2110 4141 2197 4197; x_wconf 90' lang='lat' dir='ltr'><strong>isti</strong></span> <span class='ocrx_word' id='word_1_430' title='bbox 2239 4139 2358 4194; x_wconf 89' lang='lat' dir='ltr'><strong>aliis</strong></span> 
     </span>
    </p>
   </div>
   <div class='ocr_carea' id='block_1_61' title="bbox 794 4230 2355 4311">
    <p class='ocr_par' dir='ltr' id='par_1_61' title="bbox 794 4230 2355 4311">
     <span class='ocr_line' id='line_1_61' title="bbox 794 4230 2355 4311; baseline -0.007 -19"><span class='ocrx_word' id='word_1_431' title='bbox 794 4238 1064 4311; x_wconf 87' lang='lat' dir='ltr'><strong>[aliorum]</strong></span> <span class='ocrx_word' id='word_1_432' title='bbox 1115 4237 1394 4307; x_wconf 66' lang='lat' dir='ltr'><strong>praceptis</strong></span> <span class='ocrx_word' id='word_1_433' title='bbox 1439 4235 1503 4288; x_wconf 90' lang='lat' dir='ltr'><strong>ad</strong></span> <span class='ocrx_word' id='word_1_434' title='bbox 1551 4234 1777 4287; x_wconf 88' lang='lat' dir='ltr'><strong>salutem</strong></span> <span class='ocrx_word' id='word_1_435' title='bbox 1823 4230 2208 4301; x_wconf 88' lang='lat' dir='ltr'><strong>acquirendam</strong></span> <span class='ocrx_word' id='word_1_436' title='bbox 2252 4245 2355 4281; x_wconf 90' lang='lat' dir='ltr'><strong>non</strong></span> 
     </span>
    </p>
   </div>
   <div class='ocr_carea' id='block_1_62' title="bbox 788 4319 2357 4403">
    <p class='ocr_par' dir='ltr' id='par_1_62' title="bbox 788 4319 2357 4403">
     <span class='ocr_line' id='line_1_62' title="bbox 788 4319 2357 4403; baseline -0.01 -15"><span class='ocrx_word' id='word_1_437' title='bbox 788 4332 952 4403; x_wconf 78' lang='lat'><strong>310</strong></span> <span class='ocrx_word' id='word_1_438' title='bbox 978 4332 1007 4384; x_wconf 72' lang='grc' dir='ltr'><strong>ὁ</strong></span> <span class='ocrx_word' id='word_1_439' title='bbox 1028 4330 1392 4399; x_wconf 88' lang='lat' dir='ltr'><strong>indiguerunt,</strong></span> <span class='ocrx_word' id='word_1_440' title='bbox 1412 4340 1475 4379; x_wconf 90' lang='lat' dir='ltr'><strong>eo</strong></span> <span class='ocrx_word' id='word_1_441' title='bbox 1490 4325 1630 4393; x_wconf 88' lang='lat' dir='ltr'><strong>quod</strong></span> <span class='ocrx_word' id='word_1_442' title='bbox 1662 4324 1835 4377; x_wconf 87' lang='lat' dir='ltr'><strong>adhuc</strong></span> <span class='ocrx_word' id='word_1_443' title='bbox 1867 4336 2053 4376; x_wconf 88' lang='lat' dir='ltr'><strong>recens</strong></span> <span class='ocrx_word' id='word_1_444' title='bbox 2077 4327 2223 4375; x_wconf 87' lang='lat' dir='ltr'><strong>esset</strong></span> <span class='ocrx_word' id='word_1_445' title='bbox 2253 4319 2357 4372; x_wconf 91' lang='lat' dir='ltr'><strong>illis</strong></span> 
     </span>
    </p>
   </div>
   <div class='ocr_carea' id='block_1_63' title="bbox 789 4409 2356 4475">
    <p class='ocr_par' dir='ltr' id='par_1_63' title="bbox 789 4409 2356 4475">
     <span class='ocr_line' id='line_1_63' title="bbox 789 4409 2356 4475; baseline -0.01 0"><span class='ocrx_word' id='word_1_446' title='bbox 789 4421 972 4475; x_wconf 87' lang='lat' dir='ltr'><strong>mundi</strong></span> <span class='ocrx_word' id='word_1_447' title='bbox 1002 4434 1095 4474; x_wconf 88' lang='lat' dir='ltr'><strong>sex</strong></span> <span class='ocrx_word' id='word_1_448' title='bbox 1127 4416 1313 4471; x_wconf 82' lang='lat' dir='ltr'><strong>diebus</strong></span> <span class='ocrx_word' id='word_1_449' title='bbox 1353 4415 1553 4469; x_wconf 92' lang='lat' dir='ltr'><strong>conditi</strong></span> <span class='ocrx_word' id='word_1_450' title='bbox 1584 4412 1808 4466; x_wconf 87' lang='lat' dir='ltr'><strong>molitio.</strong></span> <span class='ocrx_word' id='word_1_451' title='bbox 1834 4409 2192 4465; x_wconf 79' lang='lat' dir='ltr'><strong>Meminerant</strong></span> <span class='ocrx_word' id='word_1_452' title='bbox 2215 4410 2356 4462; x_wconf 89' lang='lat' dir='ltr'><strong>enim</strong></span> 
     </span>
    </p>
   </div>
   <div class='ocr_carea' id='block_1_64' title="bbox 2448 1958 4028 2029">
    <p class='ocr_par' dir='ltr' id='par_1_64' title="bbox 2448 1958 4028 2029">
     <span class='ocr_line' id='line_1_64' title="bbox 2448 1958 4028 2029; baseline 0.001 -18"><span class='ocrx_word' id='word_1_453' title='bbox 2448 1961 2545 2021; x_wconf 85' lang='grc' dir='ltr'>τὰς</span> <span class='ocrx_word' id='word_1_454' title='bbox 2577 1960 2769 2021; x_wconf 79' lang='grc' dir='ltr'>λοιπὰς</span> <span class='ocrx_word' id='word_1_455' title='bbox 2802 1958 2858 2012; x_wconf 80' lang='grc' dir='ltr'>δὲ</span> <span class='ocrx_word' id='word_1_456' title='bbox 2887 1960 3167 2021; x_wconf 83' lang='grc' dir='ltr'>παλλακὰς</span> <span class='ocrx_word' id='word_1_457' title='bbox 3196 1961 3290 2012; x_wconf 76' lang='grc' dir='ltr'>καὶ</span> <span class='ocrx_word' id='word_1_458' title='bbox 3305 1958 3548 2020; x_wconf 76' lang='grc' dir='ltr'>νεάνιδας</span> <span class='ocrx_word' id='word_1_459' title='bbox 3576 1959 4028 2029; x_wconf 77' lang='grc' dir='ltr'>καὶ-θυγατέρας,</span> 
     </span>
    </p>
   </div>
   <div class='ocr_carea' id='block_1_65' title="bbox 2450 2046 4037 2118">
    <p class='ocr_par' dir='ltr' id='par_1_65' title="bbox 2450 2046 4037 2118">
     <span class='ocr_line' id='line_1_65' title="bbox 2450 2046 4037 2118; baseline 0 -17"><span class='ocrx_word' id='word_1_460' title='bbox 2450 2050 2627 2118; x_wconf 79' lang='grc' dir='ltr'>λέγων</span> <span class='ocrx_word' id='word_1_461' title='bbox 2688 2046 2810 2103; x_wconf 76' lang='grc' dir='ltr'>ὦδεο</span> <span class='ocrx_word' id='word_1_462' title='bbox 2862 2049 3194 2115; x_wconf 80' lang='grc' dir='ltr'>Ἐξήκοντά</span> <span class='ocrx_word' id='word_1_463' title='bbox 3236 2050 3280 2080; x_wconf 76' lang='grc'><strong><em>⁵⁸</em></strong></span> <span class='ocrx_word' id='word_1_464' title='bbox 3337 2050 3455 2102; x_wconf 81' lang='grc' dir='ltr'>εισι</span> <span class='ocrx_word' id='word_1_465' title='bbox 3513 2048 3886 2111; x_wconf 71' lang='grc' dir='ltr'>βασίλισσαι</span> <span class='ocrx_word' id='word_1_466' title='bbox 3942 2050 4037 2101; x_wconf 76' lang='grc' dir='ltr'>καὶ</span> 
     </span>
    </p>
   </div>
   <div class='ocr_carea' id='block_1_66' title="bbox 2451 2134 4036 2209">
    <p class='ocr_par' dir='ltr' id='par_1_66' title="bbox 2451 2134 4036 2209">
     <span class='ocr_line' id='line_1_66' title="bbox 2451 2134 4036 2209; baseline 0.001 -15"><span class='ocrx_word' id='word_1_467' title='bbox 2451 2142 2830 2209; x_wconf 72' lang='grc' dir='ltr'>ὀγδοήκοντα</span> <span class='ocrx_word' id='word_1_468' title='bbox 2897 2142 3225 2205; x_wconf 74' lang='grc' dir='ltr'>παλλακαὶ,</span> <span class='ocrx_word' id='word_1_469' title='bbox 3290 2142 3389 2193; x_wconf 75' lang='grc' dir='ltr'>καὶ</span> <span class='ocrx_word' id='word_1_470' title='bbox 3442 2140 3714 2207; x_wconf 78' lang='grc' dir='ltr'>νεάνιδες</span> <span class='ocrx_word' id='word_1_471' title='bbox 3777 2134 3868 2193; x_wconf 79' lang='grc' dir='ltr'><strong>ὧν</strong></span> <span class='ocrx_word' id='word_1_472' title='bbox 3926 2146 4036 2196; x_wconf 80' lang='grc' dir='ltr'>οὐκ</span> 
     </span>
    </p>
   </div>
   <div class='ocr_carea' id='block_1_67' title="bbox 2449 2232 4036 2302">
    <p class='ocr_par' dir='ltr' id='par_1_67' title="bbox 2449 2232 4036 2302">
     <span class='ocr_line' id='line_1_67' title="bbox 2449 2232 4036 2302; baseline -0.001 -14"><span class='ocrx_word' id='word_1_473' title='bbox 2449 2235 2620 2288; x_wconf 82' lang='grc' dir='ltr'>ἐστιν</span> <span class='ocrx_word' id='word_1_474' title='bbox 2644 2236 2907 2302; x_wconf 82' lang='grc' dir='ltr'>ἀριθμός.</span> <span class='ocrx_word' id='word_1_475' title='bbox 2949 2234 3067 2286; x_wconf 84' lang='grc' dir='ltr'>Μία</span> <span class='ocrx_word' id='word_1_476' title='bbox 3093 2234 3225 2286; x_wconf 78' lang='grc' dir='ltr'>ἐστὶ</span> <span class='ocrx_word' id='word_1_477' title='bbox 3256 2232 3580 2300; x_wconf 80' lang='grc' dir='ltr'>περιστερά</span> <span class='ocrx_word' id='word_1_478' title='bbox 3642 2251 3781 2301; x_wconf 86' lang='grc' dir='ltr'>μου,</span> <span class='ocrx_word' id='word_1_479' title='bbox 3834 2236 4036 2287; x_wconf 70' lang='grc' dir='ltr'>τελεία</span> 
     </span>
    </p>
   </div>
   <div class='ocr_carea' id='block_1_68' title="bbox 2445 2323 4036 2395">
    <p class='ocr_par' dir='ltr' id='par_1_68' title="bbox 2445 2323 4036 2395">
     <span class='ocr_line' id='line_1_68' title="bbox 2445 2323 4036 2395; baseline -0.001 -16"><span class='ocrx_word' id='word_1_480' title='bbox 2445 2344 2585 2395; x_wconf 83' lang='grc' dir='ltr'>μου,</span> <span class='ocrx_word' id='word_1_481' title='bbox 2611 2328 2721 2394; x_wconf 83' lang='grc' dir='ltr'><strong>μία</strong></span> <span class='ocrx_word' id='word_1_482' title='bbox 2744 2326 2875 2379; x_wconf 73' lang='grc' dir='ltr'>ἐστὶ</span> <span class='ocrx_word' id='word_1_483' title='bbox 2907 2323 2980 2393; x_wconf 77' lang='grc' dir='ltr'>τῇ</span> <span class='ocrx_word' id='word_1_484' title='bbox 3002 2325 3183 2394; x_wconf 75' lang='grc' dir='ltr'>μητρὶ</span> <span class='ocrx_word' id='word_1_485' title='bbox 3223 2323 3436 2392; x_wconf 75' lang='grc' dir='ltr'>αὐτῆς,</span> <span class='ocrx_word' id='word_1_486' title='bbox 3466 2324 3715 2389; x_wconf 77' lang='grc' dir='ltr'>ὲκλεκτή</span> <span class='ocrx_word' id='word_1_487' title='bbox 3744 2324 3881 2377; x_wconf 82' lang='grc' dir='ltr'>ἐστι</span> <span class='ocrx_word' id='word_1_488' title='bbox 3919 2328 3934 2355; x_wconf 87' lang='grc'>¹</span> <span class='ocrx_word' id='word_1_489' title='bbox 3966 2324 4036 2392; x_wconf 75' lang='grc' dir='ltr'>τῇ</span> 
     </span>
    </p>
   </div>
   <div class='ocr_carea' id='block_1_69' title="bbox 2452 2416 4037 2490">
    <p class='ocr_par' dir='ltr' id='par_1_69' title="bbox 2452 2416 4037 2490">
     <span class='ocr_line' id='line_1_69' title="bbox 2452 2416 4037 2490; baseline -0.002 -18"><span class='ocrx_word' id='word_1_490' title='bbox 2452 2420 2716 2486; x_wconf 83' lang='grc' dir='ltr'><strong>τεκούσῃ</strong></span> <span class='ocrx_word' id='word_1_491' title='bbox 2742 2421 2955 2486; x_wconf 81' lang='grc' dir='ltr'><strong>αὑτήν.</strong></span> <span class='ocrx_word' id='word_1_492' title='bbox 2992 2418 3118 2489; x_wconf 81' lang='grc'><strong>[507</strong></span> <span class='ocrx_word' id='word_1_493' title='bbox 3154 2417 3530 2490; x_wconf 69' lang='grc' dir='ltr'><strong>Η.]1ἰῑδοσαν</strong></span> <span class='ocrx_word' id='word_1_494' title='bbox 3554 2417 3753 2484; x_wconf 77' lang='grc' dir='ltr'>αὐτὴν</span> <span class='ocrx_word' id='word_1_495' title='bbox 3789 2416 4037 2485; x_wconf 77' lang='grc' dir='ltr'>θυγατέ-</span> 
     </span>
    </p>
   </div>
   <div class='ocr_carea' id='block_1_70' title="bbox 2445 2510 4039 2580">
    <p class='ocr_par' dir='ltr' id='par_1_70' title="bbox 2445 2510 4039 2580">
     <span class='ocr_line' id='line_1_70' title="bbox 2445 2510 4039 2580; baseline -0.002 -15"><span class='ocrx_word' id='word_1_496' title='bbox 2445 2529 2573 2579; x_wconf 85' lang='grc' dir='ltr'>ρες,</span> <span class='ocrx_word' id='word_1_497' title='bbox 2601 2511 2703 2564; x_wconf 83' lang='grc' dir='ltr'>καὶ</span> <span class='ocrx_word' id='word_1_498' title='bbox 2725 2510 3129 2580; x_wconf 81' lang='grc' dir='ltr'>μακαριοῦσιν</span> <span class='ocrx_word' id='word_1_499' title='bbox 3166 2510 3383 2578; x_wconf 84' lang='grc' dir='ltr'>αὐτὴν,</span> <span class='ocrx_word' id='word_1_500' title='bbox 3412 2510 3782 2574; x_wconf 77' lang='grc' dir='ltr'>βασίλισσαι</span> <span class='ocrx_word' id='word_1_501' title='bbox 3824 2511 3928 2562; x_wconf 85' lang='grc' dir='ltr'><strong>καί</strong></span> <span class='ocrx_word' id='word_1_502' title='bbox 3974 2526 4039 2577; x_wconf 79' lang='grc' dir='ltr'>τε</span> 
     </span>
    </p>
   </div>
   <div class='ocr_carea' id='block_1_71' title="bbox 2457 2600 4039 2668">
    <p class='ocr_par' dir='ltr' id='par_1_71' title="bbox 2457 2600 4039 2668">
     <span class='ocr_line' id='line_1_71' title="bbox 2457 2600 4039 2668; baseline -0.003 -13"><span class='ocrx_word' id='word_1_503' title='bbox 2457 2603 2765 2657; x_wconf 73' lang='grc' dir='ltr'>παλλακαὶ</span> <span class='ocrx_word' id='word_1_504' title='bbox 2810 2604 3170 2655; x_wconf 83' lang='grc' dir='ltr'>αὶνέσουσιν</span> <span class='ocrx_word' id='word_1_505' title='bbox 3215 2600 3430 2665; x_wconf 79' lang='grc' dir='ltr'>αὑτήν.</span> <span class='ocrx_word' id='word_1_506' title='bbox 3472 2600 3689 2653; x_wconf 86' lang='grc' dir='ltr'>Πολλῶν</span> <span class='ocrx_word' id='word_1_507' title='bbox 3724 2602 3831 2668; x_wconf 78' lang='grc' dir='ltr'>γὰρ</span> <span class='ocrx_word' id='word_1_508' title='bbox 3861 2601 4039 2653; x_wconf 82' lang='grc' dir='ltr'>οὐσῶν</span> 
     </span>
    </p>
   </div>
   <div class='ocr_carea' id='block_1_72' title="bbox 2454 2692 4039 2763">
    <p class='ocr_par' dir='ltr' id='par_1_72' title="bbox 2454 2692 4039 2763">
     <span class='ocr_line' id='line_1_72' title="bbox 2454 2692 4039 2763; baseline -0.003 -16"><span class='ocrx_word' id='word_1_509' title='bbox 2454 2695 2695 2762; x_wconf 83' lang='grc' dir='ltr'>δηλονότι</span> <span class='ocrx_word' id='word_1_510' title='bbox 2747 2694 2846 2763; x_wconf 84' lang='grc' dir='ltr'>τῆς</span> <span class='ocrx_word' id='word_1_511' title='bbox 2888 2693 3214 2763; x_wconf 83' lang='grc' dir='ltr'>Ἐκκλησίας</span> <span class='ocrx_word' id='word_1_512' title='bbox 3251 2693 3360 2745; x_wconf 88' lang='grc' dir='ltr'>τῶν</span> <span class='ocrx_word' id='word_1_513' title='bbox 3408 2692 3745 2762; x_wconf 78' lang='grc' dir='ltr'><strong>θυγατέρων,</strong></span> <span class='ocrx_word' id='word_1_514' title='bbox 3787 2692 3886 2761; x_wconf 90' lang='grc' dir='ltr'><strong>μία</strong></span> <span class='ocrx_word' id='word_1_515' title='bbox 3920 2694 4039 2744; x_wconf 76' lang='grc' dir='ltr'>ἐστὶ</span> 
     </span>
    </p>
   </div>
   <div class='ocr_carea' id='block_1_73' title="bbox 2459 2784 4037 2857">
    <p class='ocr_par' dir='ltr' id='par_1_73' title="bbox 2459 2784 4037 2857">
     <span class='ocr_line' id='line_1_73' title="bbox 2459 2784 4037 2857; baseline -0.003 -18"><span class='ocrx_word' id='word_1_516' title='bbox 2459 2789 2592 2857; x_wconf 90' lang='grc' dir='ltr'>μόνη</span> <span class='ocrx_word' id='word_1_517' title='bbox 2640 2790 2674 2856; x_wconf 81' lang='grc' dir='ltr'>ὴ</span> <span class='ocrx_word' id='word_1_518' title='bbox 2710 2787 2939 2856; x_wconf 83' lang='grc' dir='ltr'>ὲκλεκτὴ</span> <span class='ocrx_word' id='word_1_519' title='bbox 2985 2788 3079 2839; x_wconf 78' lang='grc' dir='ltr'>καὶ</span> <span class='ocrx_word' id='word_1_520' title='bbox 3119 2785 3424 2855; x_wconf 83' lang='grc' dir='ltr'>τιμιωτάτη</span> <span class='ocrx_word' id='word_1_521' title='bbox 3455 2786 3512 2837; x_wconf 82' lang='grc' dir='ltr'>ὲν</span> <span class='ocrx_word' id='word_1_522' title='bbox 3542 2784 3839 2853; x_wconf 76' lang='grc' dir='ltr'><strong>ὀφθαλμοῖς</strong></span> <span class='ocrx_word' id='word_1_523' title='bbox 3866 2785 4037 2851; x_wconf 78' lang='grc' dir='ltr'>αὐτῆς</span> 
     </span>
    </p>
   </div>
   <div class='ocr_carea' id='block_1_74' title="bbox 2458 2874 4037 2948">
    <p class='ocr_par' dir='ltr' id='par_1_74' title="bbox 2458 2874 4037 2948">
     <span class='ocr_line' id='line_1_74' title="bbox 2458 2874 4037 2948; baseline -0.004 -18"><span class='ocrx_word' id='word_1_524' title='bbox 2458 2879 2598 2948; x_wconf 82' lang='grc' dir='ltr'>ὑπὲρ</span> <span class='ocrx_word' id='word_1_525' title='bbox 2628 2878 2828 2939; x_wconf 88' lang='grc' dir='ltr'>πάσας,</span> <span class='ocrx_word' id='word_1_526' title='bbox 2858 2877 2918 2930; x_wconf 83' lang='grc' dir='ltr'><strong>τὸ</strong></span> <span class='ocrx_word' id='word_1_527' title='bbox 2950 2878 3135 2945; x_wconf 82' lang='grc' dir='ltr'>τάγμα</span> <span class='ocrx_word' id='word_1_528' title='bbox 3174 2876 3285 2927; x_wconf 91' lang='grc' dir='ltr'>τῶν</span> <span class='ocrx_word' id='word_1_529' title='bbox 3324 2876 3630 2943; x_wconf 86' lang='grc' dir='ltr'>παρθένων.</span> <span class='ocrx_word' id='word_1_530' title='bbox 3666 2874 3993 2934; x_wconf 88' lang='grc' dir='ltr'>Βασιλίσσας</span> <span class='ocrx_word' id='word_1_531' title='bbox 4015 2874 4037 2903; x_wconf 79' lang='grc'><strong>⁸</strong></span> 
     </span>
    </p>
   </div>
   <div class='ocr_carea' id='block_1_75' title="bbox 2454 2962 4035 3035">
    <p class='ocr_par' dir='ltr' id='par_1_75' title="bbox 2454 2962 4035 3035">
     <span class='ocr_line' id='line_1_75' title="bbox 2454 2962 4035 3035; baseline -0.004 -16"><span class='ocrx_word' id='word_1_532' title='bbox 2454 2968 2511 3019; x_wconf 76' lang='grc' dir='ltr'>δὲ</span> <span class='ocrx_word' id='word_1_533' title='bbox 2551 2968 2880 3019; x_wconf 75' lang='grc' dir='ltr'>αἰνίττεσθαι</span> <span class='ocrx_word' id='word_1_534' title='bbox 2931 2968 2964 3035; x_wconf 85' lang='grc' dir='ltr'>ἡ</span> <span class='ocrx_word' id='word_1_535' title='bbox 3020 2964 3323 3033; x_wconf 72' lang='grc' dir='ltr'>προφητεία</span> <span class='ocrx_word' id='word_1_536' title='bbox 3366 2964 3633 3031; x_wconf 73' lang='grc' dir='ltr'>βούλεται,</span> <span class='ocrx_word' id='word_1_537' title='bbox 3671 2962 3898 3031; x_wconf 75' lang='grc' dir='ltr'>ὃτι,οὑχ</span> <span class='ocrx_word' id='word_1_538' title='bbox 3943 2962 4035 3028; x_wconf 67' lang='grc' dir='ltr'><strong>ὑφ’</strong></span> 
     </span>
    </p>
   </div>
   <div class='ocr_carea' id='block_1_76' title="bbox 2456 3052 4037 3126">
    <p class='ocr_par' dir='ltr' id='par_1_76' title="bbox 2456 3052 4037 3126">
     <span class='ocr_line' id='line_1_76' title="bbox 2456 3052 4037 3126; baseline -0.001 -17"><span class='ocrx_word' id='word_1_539' title='bbox 2456 3058 2553 3110; x_wconf 75' lang='grc' dir='ltr'>ἕνα</span> <span class='ocrx_word' id='word_1_540' title='bbox 2616 3057 2812 3126; x_wconf 69' lang='grc' dir='ltr'>ἤγοντο</span> <span class='ocrx_word' id='word_1_541' title='bbox 2872 3055 3093 3125; x_wconf 77' lang='grc' dir='ltr'>βασιλέα</span> <span class='ocrx_word' id='word_1_542' title='bbox 3149 3055 3585 3124; x_wconf 85' lang='grc' dir='ltr'>βασιλευόμεναι,</span> <span class='ocrx_word' id='word_1_543' title='bbox 3644 3052 3758 3105; x_wconf 79' lang='grc' dir='ltr'><strong>ἀλλ’</strong></span> <span class='ocrx_word' id='word_1_544' title='bbox 3826 3055 4037 3121; x_wconf 76' lang='grc' dir='ltr'>ἑκάστη</span> 
     </span>
    </p>
   </div>
   <div class='ocr_carea' id='block_1_77' title="bbox 2457 3140 4036 3216">
    <p class='ocr_par' dir='ltr' id='par_1_77' title="bbox 2457 3140 4036 3216">
     <span class='ocr_line' id='line_1_77' title="bbox 2457 3140 4036 3216; baseline -0.002 -17"><span class='ocrx_word' id='word_1_545' title='bbox 2457 3146 2646 3216; x_wconf 85' lang='grc' dir='ltr'>ῶσπερ</span> <span class='ocrx_word' id='word_1_546' title='bbox 2676 3147 3067 3207; x_wconf 79' lang='grc' dir='ltr'>αὑτοδέσποτος</span> <span class='ocrx_word' id='word_1_547' title='bbox 3111 3148 3202 3199; x_wconf 80' lang='grc' dir='ltr'>καὶ</span> <span class='ocrx_word' id='word_1_548' title='bbox 3231 3146 3516 3215; x_wconf 79' lang='grc' dir='ltr'>βασίλισσα</span> <span class='ocrx_word' id='word_1_549' title='bbox 3550 3140 3637 3214; x_wconf 85' lang='grc' dir='ltr'><strong>ἦν,</strong></span> <span class='ocrx_word' id='word_1_550' title='bbox 3671 3145 3767 3196; x_wconf 81' lang='grc' dir='ltr'>καὶ</span> <span class='ocrx_word' id='word_1_551' title='bbox 3807 3146 3888 3197; x_wconf 84' lang='grc' dir='ltr'><strong>ὃτι</strong></span> <span class='ocrx_word' id='word_1_552' title='bbox 3925 3146 4036 3196; x_wconf 84' lang='grc' dir='ltr'>τῶν</span> 
     </span>
    </p>
   </div>
   <div class='ocr_carea' id='block_1_78' title="bbox 2460 3232 4035 3309">
    <p class='ocr_par' dir='ltr' id='par_1_78' title="bbox 2460 3232 4035 3309">
     <span class='ocr_line' id='line_1_78' title="bbox 2460 3232 4035 3309; baseline -0.003 -17"><span class='ocrx_word' id='word_1_553' title='bbox 2460 3240 2597 3309; x_wconf 82' lang='grc' dir='ltr'>μετὰ</span> <span class='ocrx_word' id='word_1_554' title='bbox 2636 3239 2836 3301; x_wconf 84' lang='grc' dir='ltr'>ταύτας</span> <span class='ocrx_word' id='word_1_555' title='bbox 2871 3239 2890 3270; x_wconf 86' lang='grc'>³</span> <span class='ocrx_word' id='word_1_556' title='bbox 2933 3238 3100 3308; x_wconf 76' lang='grc' dir='ltr'>ἀρχαὶ</span> <span class='ocrx_word' id='word_1_557' title='bbox 3146 3238 3240 3290; x_wconf 69' lang='grc' dir='ltr'>καὶ</span> <span class='ocrx_word' id='word_1_558' title='bbox 3287 3239 3500 3308; x_wconf 87' lang='grc' dir='ltr'>πρῶται</span> <span class='ocrx_word' id='word_1_559' title='bbox 3540 3232 3699 3307; x_wconf 79' lang='grc' dir='ltr'>ἦσαν,</span> <span class='ocrx_word' id='word_1_560' title='bbox 3745 3238 3844 3299; x_wconf 78' lang='grc' dir='ltr'><strong>τάς</strong></span> <span class='ocrx_word' id='word_1_561' title='bbox 3878 3236 4035 3305; x_wconf 83' lang='grc' dir='ltr'>βασι-</span> 
     </span>
    </p>
   </div>
   <div class='ocr_carea' id='block_1_79' title="bbox 2455 3328 4037 3398">
    <p class='ocr_par' dir='ltr' id='par_1_79' title="bbox 2455 3328 4037 3398">
     <span class='ocr_line' id='line_1_79' title="bbox 2455 3328 4037 3398; baseline -0.001 -16"><span class='ocrx_word' id='word_1_562' title='bbox 2455 3330 2610 3394; x_wconf 72' lang='grc' dir='ltr'>λικὰς</span> <span class='ocrx_word' id='word_1_563' title='bbox 2659 3331 2895 3394; x_wconf 81' lang='grc' dir='ltr'>ὲκείνας,</span> <span class='ocrx_word' id='word_1_564' title='bbox 2951 3331 3050 3389; x_wconf 74' lang='grc' dir='ltr'>τὰς</span> <span class='ocrx_word' id='word_1_565' title='bbox 3104 3329 3211 3398; x_wconf 80' lang='grc' dir='ltr'><strong>πρὸ</strong></span> <span class='ocrx_word' id='word_1_566' title='bbox 3257 3330 3351 3382; x_wconf 83' lang='grc' dir='ltr'>τοῦ</span> <span class='ocrx_word' id='word_1_567' title='bbox 3406 3328 3800 3397; x_wconf 79' lang='grc' dir='ltr'>κατακλυσμοῦ</span> <span class='ocrx_word' id='word_1_568' title='bbox 3855 3329 4037 3397; x_wconf 70' lang='grc' dir='ltr'>ψυχὰς</span> 
     </span>
    </p>
   </div>
   <div class='ocr_carea' id='block_1_80' title="bbox 2456 3421 4035 3493">
    <p class='ocr_par' dir='ltr' id='par_1_80' title="bbox 2456 3421 4035 3493">
     <span class='ocr_line' id='line_1_80' title="bbox 2456 3421 4035 3493; baseline -0.003 -17"><span class='ocrx_word' id='word_1_569' title='bbox 2456 3423 2781 3493; x_wconf 78' lang='grc' dir='ltr'>εὐαρέστους</span> <span class='ocrx_word' id='word_1_570' title='bbox 2806 3423 2885 3493; x_wconf 80' lang='grc' dir='ltr'>τῷ</span> <span class='ocrx_word' id='word_1_571' title='bbox 2907 3421 3024 3491; x_wconf 86' lang='grc' dir='ltr'><strong>Θεῷ</strong></span> <span class='ocrx_word' id='word_1_572' title='bbox 3057 3422 3450 3491; x_wconf 78' lang='grc' dir='ltr'>γεγενημένας,</span> <span class='ocrx_word' id='word_1_573' title='bbox 3488 3422 3735 3474; x_wconf 86' lang='grc' dir='ltr'>τουτέστι</span> <span class='ocrx_word' id='word_1_574' title='bbox 3764 3423 3864 3484; x_wconf 80' lang='grc' dir='ltr'><strong>τάς</strong></span> <span class='ocrx_word' id='word_1_575' title='bbox 3890 3423 4035 3491; x_wconf 78' lang='grc' dir='ltr'>ἀμφὶ</span> 
     </span>
    </p>
   </div>
   <div class='ocr_carea' id='block_1_81' title="bbox 2455 3511 4035 3583">
    <p class='ocr_par' dir='ltr' id='par_1_81' title="bbox 2455 3511 4035 3583">
     <span class='ocr_line' id='line_1_81' title="bbox 2455 3511 4035 3583; baseline -0.003 -16"><span class='ocrx_word' id='word_1_576' title='bbox 2455 3516 2545 3567; x_wconf 83' lang='grc' dir='ltr'><strong>τὸν</strong></span> <span class='ocrx_word' id='word_1_577' title='bbox 2574 3514 2739 3567; x_wconf 78' lang='grc' dir='ltr'>Ἀὁελ</span> <span class='ocrx_word' id='word_1_578' title='bbox 2769 3517 2861 3567; x_wconf 78' lang='grc' dir='ltr'>καὶ</span> <span class='ocrx_word' id='word_1_579' title='bbox 2888 3514 2979 3566; x_wconf 75' lang='grc' dir='ltr'>τὸν</span> <span class='ocrx_word' id='word_1_580' title='bbox 3010 3514 3116 3581; x_wconf 83' lang='grc' dir='ltr'><strong>Σὴθ</strong></span> <span class='ocrx_word' id='word_1_581' title='bbox 3148 3514 3242 3565; x_wconf 69' lang='grc' dir='ltr'>καὶ</span> <span class='ocrx_word' id='word_1_582' title='bbox 3270 3514 3361 3565; x_wconf 81' lang='grc' dir='ltr'><strong>τὸν</strong></span> <span class='ocrx_word' id='word_1_583' title='bbox 3396 3511 3585 3582; x_wconf 80' lang='grc' dir='ltr'>Ἐνώχ“</span> <span class='ocrx_word' id='word_1_584' title='bbox 3615 3512 3740 3583; x_wconf 83' lang='lat'><strong>[957</strong></span> <span class='ocrx_word' id='word_1_585' title='bbox 3771 3512 3865 3583; x_wconf 57' lang='lat' dir='ltr'><strong>IL]</strong></span> <span class='ocrx_word' id='word_1_586' title='bbox 3896 3513 4035 3564; x_wconf 85' lang='grc' dir='ltr'>παλ-</span> 
     </span>
    </p>
   </div>
   <div class='ocr_carea' id='block_1_82' title="bbox 2454 3600 4034 3671">
    <p class='ocr_par' dir='ltr' id='par_1_82' title="bbox 2454 3600 4034 3671">
     <span class='ocr_line' id='line_1_82' title="bbox 2454 3600 4034 3671; baseline -0.002 -16"><span class='ocrx_word' id='word_1_587' title='bbox 2454 3605 2627 3666; x_wconf 79' lang='grc' dir='ltr'>λακὰς</span> <span class='ocrx_word' id='word_1_588' title='bbox 2648 3604 2705 3655; x_wconf 81' lang='grc' dir='ltr'>δὲ</span> <span class='ocrx_word' id='word_1_589' title='bbox 2743 3603 2840 3664; x_wconf 79' lang='grc' dir='ltr'>τὰς</span> <span class='ocrx_word' id='word_1_590' title='bbox 2875 3603 3012 3671; x_wconf 84' lang='grc' dir='ltr'>μετὰ</span> <span class='ocrx_word' id='word_1_591' title='bbox 3043 3602 3132 3654; x_wconf 83' lang='grc' dir='ltr'>τὸν</span> <span class='ocrx_word' id='word_1_592' title='bbox 3171 3600 3546 3671; x_wconf 84' lang='grc' dir='ltr'>κατακλυσμὸν</span> <span class='ocrx_word' id='word_1_593' title='bbox 3566 3601 3672 3653; x_wconf 88' lang='grc' dir='ltr'>τῶν</span> <span class='ocrx_word' id='word_1_594' title='bbox 3713 3602 4034 3670; x_wconf 77' lang='grc' dir='ltr'>προφητῶν,</span> 
     </span>
    </p>
   </div>
   <div class='ocr_carea' id='block_1_83' title="bbox 2457 3690 4039 3763">
    <p class='ocr_par' dir='ltr' id='par_1_83' title="bbox 2457 3690 4039 3763">
     <span class='ocr_line' id='line_1_83' title="bbox 2457 3690 4039 3763; baseline -0.002 -17"><span class='ocrx_word' id='word_1_595' title='bbox 2457 3690 2545 3756; x_wconf 76' lang='grc' dir='ltr'>αἷς</span> <span class='ocrx_word' id='word_1_596' title='bbox 2574 3694 2679 3763; x_wconf 82' lang='grc' dir='ltr'><strong>πρὸ</strong></span> <span class='ocrx_word' id='word_1_597' title='bbox 2717 3692 2809 3746; x_wconf 81' lang='grc' dir='ltr'>τοῦ</span> <span class='ocrx_word' id='word_1_598' title='bbox 2850 3694 2951 3762; x_wconf 80' lang='grc' dir='ltr'>τὴν</span> <span class='ocrx_word' id='word_1_599' title='bbox 2999 3693 3326 3762; x_wconf 82' lang='grc' dir='ltr'>Ἐκκλησίαν</span> <span class='ocrx_word' id='word_1_600' title='bbox 3369 3692 3708 3762; x_wconf 81' lang='grc' dir='ltr'>ἁρμοσθῆναι</span> <span class='ocrx_word' id='word_1_601' title='bbox 3739 3692 3819 3761; x_wconf 84' lang='grc' dir='ltr'>τῷ</span> <span class='ocrx_word' id='word_1_602' title='bbox 3848 3694 4039 3763; x_wconf 80' lang='grc' dir='ltr'>Κυρίῳ</span> 
     </span>
    </p>
   </div>
   <div class='ocr_carea' id='block_1_84' title="bbox 2458 3780 4037 3852">
    <p class='ocr_par' dir='ltr' id='par_1_84' title="bbox 2458 3780 4037 3852">
     <span class='ocr_line' id='line_1_84' title="bbox 2458 3780 4037 3852; baseline -0.002 -15"><span class='ocrx_word' id='word_1_603' title='bbox 2458 3784 2802 3837; x_wconf 84' lang='grc' dir='ltr'>παλλακίδων</span> <span class='ocrx_word' id='word_1_604' title='bbox 2831 3784 2986 3852; x_wconf 70' lang='grc' dir='ltr'>δίκην</span> <span class='ocrx_word' id='word_1_605' title='bbox 3023 3783 3407 3849; x_wconf 83' lang='grc' dir='ltr'>συγγινόμενος</span> <span class='ocrx_word' id='word_1_606' title='bbox 3463 3780 3681 3851; x_wconf 80' lang='grc' dir='ltr'>ἀληθεῖς</span> <span class='ocrx_word' id='word_1_607' title='bbox 3731 3782 4037 3851; x_wconf 81' lang='grc' dir='ltr'>ὑπέσπειρε</span> 
     </span>
    </p>
   </div>
   <div class='ocr_carea' id='block_1_85' title="bbox 2457 3872 4038 3945">
    <p class='ocr_par' dir='ltr' id='par_1_85' title="bbox 2457 3872 4038 3945">
     <span class='ocr_line' id='line_1_85' title="bbox 2457 3872 4038 3945; baseline -0.003 -17"><span class='ocrx_word' id='word_1_608' title='bbox 2457 3877 2648 3945; x_wconf 86' lang='grc' dir='ltr'>λόγους</span> <span class='ocrx_word' id='word_1_609' title='bbox 2686 3876 2743 3926; x_wconf 83' lang='grc' dir='ltr'>ὲν</span> <span class='ocrx_word' id='word_1_610' title='bbox 2769 3874 2985 3942; x_wconf 82' lang='grc' dir='ltr'>ἀφθόνῳ</span> <span class='ocrx_word' id='word_1_611' title='bbox 3012 3873 3033 3903; x_wconf 70' lang='grc' dir='ltr'><strong>δ</strong></span> <span class='ocrx_word' id='word_1_612' title='bbox 3063 3874 3157 3925; x_wconf 80' lang='grc' dir='ltr'>καὶ</span> <span class='ocrx_word' id='word_1_613' title='bbox 3200 3873 3412 3942; x_wconf 82' lang='grc' dir='ltr'>καθαρᾷ</span> <span class='ocrx_word' id='word_1_614' title='bbox 3442 3872 3749 3941; x_wconf 68' lang='grc' dir='ltr'>φιλοσοφία,</span> <span class='ocrx_word' id='word_1_615' title='bbox 3784 3873 3877 3925; x_wconf 85' lang='grc' dir='ltr'><strong>ἵνα</strong></span> <span class='ocrx_word' id='word_1_616' title='bbox 3916 3890 4038 3939; x_wconf 68' lang='grc' dir='ltr'>γενο</span> 
     </span>
    </p>
   </div>
   <div class='ocr_carea' id='block_1_86' title="bbox 2458 3962 4039 4035">
    <p class='ocr_par' dir='ltr' id='par_1_86' title="bbox 2458 3962 4039 4035">
     <span class='ocr_line' id='line_1_86' title="bbox 2458 3962 4039 4035; baseline -0.003 -16"><span class='ocrx_word' id='word_1_617' title='bbox 2458 3969 2696 4035; x_wconf 80' lang='grc' dir='ltr'>νήσωσιν</span> <span class='ocrx_word' id='word_1_618' title='bbox 2716 3963 2866 4033; x_wconf 78' lang='grc' dir='ltr'>αὐτῷ</span> <span class='ocrx_word' id='word_1_619' title='bbox 2893 3962 3254 4017; x_wconf 78' lang='grc' dir='ltr'>συλλαϐοῦσαι</span> <span class='ocrx_word' id='word_1_620' title='bbox 3288 3963 3468 4015; x_wconf 89' lang='grc' dir='ltr'>πίστιν</span> <span class='ocrx_word' id='word_1_621' title='bbox 3491 3962 3788 4031; x_wconf 83' lang='grc' dir='ltr'>σωτηρίας.</span> <span class='ocrx_word' id='word_1_622' title='bbox 3823 3963 4039 4015; x_wconf 81' lang='grc' dir='ltr'>Παλλα-</span> 
     </span>
    </p>
   </div>
   <div class='ocr_carea' id='block_1_87' title="bbox 2458 4052 4037 4127">
    <p class='ocr_par' dir='ltr' id='par_1_87' title="bbox 2458 4052 4037 4127">
     <span class='ocr_line' id='line_1_87' title="bbox 2458 4052 4037 4127; baseline -0.004 -16"><span class='ocrx_word' id='word_1_623' title='bbox 2458 4058 2559 4121; x_wconf 87' lang='grc' dir='ltr'><strong>κὰς</strong></span> <span class='ocrx_word' id='word_1_624' title='bbox 2586 4058 2644 4110; x_wconf 84' lang='grc' dir='ltr'>δὲ</span> <span class='ocrx_word' id='word_1_625' title='bbox 2661 4056 3067 4127; x_wconf 84' lang='grc' dir='ltr'>προσηγόρευσε</span> <span class='ocrx_word' id='word_1_626' title='bbox 3086 4056 3184 4117; x_wconf 82' lang='grc' dir='ltr'><strong>τάς</strong></span> <span class='ocrx_word' id='word_1_627' title='bbox 3216 4054 3555 4123; x_wconf 72' lang='grc' dir='ltr'>προφητικὰς</span> <span class='ocrx_word' id='word_1_628' title='bbox 3582 4052 3807 4121; x_wconf 80' lang='grc' dir='ltr'>ψυχάςό</span> <span class='ocrx_word' id='word_1_629' title='bbox 3842 4055 4037 4121; x_wconf 82' lang='grc' dir='ltr'>Λόγος,</span> 
     </span>
    </p>
   </div>
   <div class='ocr_carea' id='block_1_88' title="bbox 2463 4144 4041 4220">
    <p class='ocr_par' dir='ltr' id='par_1_88' title="bbox 2463 4144 4041 4220">
     <span class='ocr_line' id='line_1_88' title="bbox 2463 4144 4041 4220; baseline -0.003 -18"><span class='ocrx_word' id='word_1_630' title='bbox 2463 4151 2546 4203; x_wconf 83' lang='grc' dir='ltr'>ὃτι</span> <span class='ocrx_word' id='word_1_631' title='bbox 2587 4149 2662 4220; x_wconf 86' lang='grc' dir='ltr'>μὴ</span> <span class='ocrx_word' id='word_1_632' title='bbox 2693 4149 2939 4218; x_wconf 80' lang='grc' dir='ltr'>φανερῶς</span> <span class='ocrx_word' id='word_1_633' title='bbox 2971 4146 3160 4210; x_wconf 75' lang='grc' dir='ltr'>αὑτάς,</span> <span class='ocrx_word' id='word_1_634' title='bbox 3192 4144 3380 4215; x_wconf 85' lang='grc' dir='ltr'>ῶσπερ</span> <span class='ocrx_word' id='word_1_635' title='bbox 3417 4145 3481 4213; x_wconf 82' lang='grc' dir='ltr'>δὴ</span> <span class='ocrx_word' id='word_1_636' title='bbox 3530 4146 3623 4197; x_wconf 78' lang='grc' dir='ltr'>καὶ</span> <span class='ocrx_word' id='word_1_637' title='bbox 3665 4146 3766 4215; x_wconf 80' lang='grc' dir='ltr'>τὴν</span> <span class='ocrx_word' id='word_1_638' title='bbox 3808 4146 4041 4213; x_wconf 79' lang='grc' dir='ltr'>Ἐκκλη-</span> 
     </span>
    </p>
   </div>
   <div class='ocr_carea' id='block_1_89' title="bbox 2465 4236 4038 4308">
    <p class='ocr_par' dir='ltr' id='par_1_89' title="bbox 2465 4236 4038 4308">
     <span class='ocr_line' id='line_1_89' title="bbox 2465 4236 4038 4308; baseline -0.003 -15"><span class='ocrx_word' id='word_1_639' title='bbox 2465 4242 2610 4303; x_wconf 90' lang='grc' dir='ltr'>σίαν,</span> <span class='ocrx_word' id='word_1_640' title='bbox 2636 4240 2966 4308; x_wconf 73' lang='grc' dir='ltr'>ἐπηγάγετο,</span> <span class='ocrx_word' id='word_1_641' title='bbox 3018 4239 3187 4302; x_wconf 79' lang='grc' dir='ltr'>θύσας</span> <span class='ocrx_word' id='word_1_642' title='bbox 3229 4238 3295 4292; x_wconf 88' lang='grc' dir='ltr'>δι’</span> <span class='ocrx_word' id='word_1_643' title='bbox 3328 4239 3348 4268; x_wconf 88' lang='grc'><strong><em>⁸</em></strong></span> <span class='ocrx_word' id='word_1_644' title='bbox 3392 4236 3558 4305; x_wconf 81' lang='grc' dir='ltr'>αὐτὴν</span> <span class='ocrx_word' id='word_1_645' title='bbox 3600 4236 3801 4304; x_wconf 85' lang='grc' dir='ltr'>μόσχον</span> <span class='ocrx_word' id='word_1_646' title='bbox 3830 4237 3928 4289; x_wconf 85' lang='grc' dir='ltr'><strong>τὸν</strong></span> <span class='ocrx_word' id='word_1_647' title='bbox 3958 4253 4038 4289; x_wconf 83' lang='grc' dir='ltr'>σι-</span> 
     </span>
    </p>
   </div>
   <div class='ocr_carea' id='block_1_90' title="bbox 2457 4324 4039 4399">
    <p class='ocr_par' dir='ltr' id='par_1_90' title="bbox 2457 4324 4039 4399">
     <span class='ocr_line' id='line_1_90' title="bbox 2457 4324 4039 4399; baseline -0.003 -14"><span class='ocrx_word' id='word_1_648' title='bbox 2457 4333 2667 4386; x_wconf 89' lang='grc' dir='ltr'>τευτόν.</span> <span class='ocrx_word' id='word_1_649' title='bbox 2711 4332 3006 4399; x_wconf 80' lang='grc' dir='ltr'>Ἐξήκοντα</span> <span class='ocrx_word' id='word_1_650' title='bbox 3030 4330 3087 4383; x_wconf 83' lang='grc' dir='ltr'><strong>δὲ</strong></span> <span class='ocrx_word' id='word_1_651' title='bbox 3116 4329 3431 4399; x_wconf 79' lang='grc' dir='ltr'>βασιλίσσας</span> <span class='ocrx_word' id='word_1_652' title='bbox 3471 4327 3741 4391; x_wconf 75' lang='grc' dir='ltr'>ἐντεῦθεν,</span> <span class='ocrx_word' id='word_1_653' title='bbox 3769 4327 3848 4390; x_wconf 86' lang='grc' dir='ltr'><strong>ὡς</strong></span> <span class='ocrx_word' id='word_1_654' title='bbox 3888 4324 4039 4397; x_wconf 81' lang='grc' dir='ltr'>οἶμαι</span> 
     </span>
    </p>
   </div>
   <div class='ocr_carea' id='block_1_91' title="bbox 2458 4418 4039 4492">
    <p class='ocr_par' dir='ltr' id='par_1_91' title="bbox 2458 4418 4039 4492">
     <span class='ocr_line' id='line_1_91' title="bbox 2458 4418 4039 4492; baseline -0.004 -17"><span class='ocrx_word' id='word_1_655' title='bbox 2458 4423 2556 4492; x_wconf 81' lang='grc' dir='ltr'>δὴ,</span> <span class='ocrx_word' id='word_1_656' title='bbox 2609 4420 2734 4482; x_wconf 68' lang='grc' dir='ltr'>τοὺς</span> <span class='ocrx_word' id='word_1_657' title='bbox 2763 4422 2870 4473; x_wconf 86' lang='grc' dir='ltr'><strong>άπὸ</strong></span> <span class='ocrx_word' id='word_1_658' title='bbox 2902 4419 2996 4472; x_wconf 83' lang='grc' dir='ltr'>τοῦ</span> <span class='ocrx_word' id='word_1_659' title='bbox 3043 4418 3467 4490; x_wconf 84' lang='grc' dir='ltr'>πρωτοπλάστου</span> <span class='ocrx_word' id='word_1_660' title='bbox 3520 4418 3682 4487; x_wconf 85' lang='grc' dir='ltr'>μέχρι</span> <span class='ocrx_word' id='word_1_661' title='bbox 3724 4418 3854 4469; x_wconf 85' lang='grc' dir='ltr'><strong>Νῶε</strong></span> <span class='ocrx_word' id='word_1_662' title='bbox 3903 4419 4039 4470; x_wconf 78' lang='grc' dir='ltr'>κατὰ</span> 
     </span>
    </p>
   </div>
   <div class='ocr_carea' id='block_1_92' title="bbox 788 4500 2450 4580">
    <p class='ocr_par' dir='ltr' id='par_1_92' title="bbox 788 4500 2430 4578">
     <span class='ocr_line' id='line_1_92' title="bbox 788 4500 2430 4578; baseline -0.009 -14"><span class='ocrx_word' id='word_1_663' title='bbox 788 4514 1047 4566; x_wconf 86' lang='lat' dir='ltr'><strong>mundum</strong></span> <span class='ocrx_word' id='word_1_664' title='bbox 1081 4524 1110 4561; x_wconf 90' lang='lat' dir='ltr'><strong>a</strong></span> <span class='ocrx_word' id='word_1_665' title='bbox 1147 4509 1255 4561; x_wconf 88' lang='lat' dir='ltr'><strong>Deo</strong></span> <span class='ocrx_word' id='word_1_666' title='bbox 1286 4519 1381 4560; x_wconf 86' lang='lat' dir='ltr'><strong>sex</strong></span> <span class='ocrx_word' id='word_1_667' title='bbox 1410 4504 1600 4558; x_wconf 90' lang='lat' dir='ltr'><strong>diebus</strong></span> <span class='ocrx_word' id='word_1_668' title='bbox 1638 4500 1932 4572; x_wconf 82' lang='lat' dir='ltr'><strong>perlectum</strong></span> <span class='ocrx_word' id='word_1_669' title='bbox 1960 4515 2103 4563; x_wconf 90' lang='lat' dir='ltr'><strong>esse,</strong></span> <span class='ocrx_word' id='word_1_670' title='bbox 2132 4512 2357 4569; x_wconf 69' lang='lat' dir='ltr'><strong>quaeque</strong></span> <span class='ocrx_word' id='word_1_671' title='bbox 2388 4525 2430 4578; x_wconf 71' lang='grc' dir='ltr'><strong>ι)</strong></span> 
     </span>
    </p>
   </div>
   <div class='ocr_carea' id='block_1_93' title="bbox 2374 4500 4036 4580">
    <p class='ocr_par' dir='ltr' id='par_1_93' title="bbox 2388 4506 4036 4580">
     <span class='ocr_line' id='line_1_93' title="bbox 2388 4506 4036 4580; baseline -0.001 -17"><span class='ocrx_word' id='word_1_672' title='bbox 2388 4525 2430 4578; x_wconf 82' lang='grc' dir='ltr'><strong>ι)</strong></span> <span class='ocrx_word' id='word_1_673' title='bbox 2459 4510 2708 4579; x_wconf 81' lang='grc' dir='ltr'>διαδοχὴν</span> <span class='ocrx_word' id='word_1_674' title='bbox 2750 4510 3222 4580; x_wconf 84' lang='grc' dir='ltr'>εὐαρεστήσαντας</span> <span class='ocrx_word' id='word_1_675' title='bbox 3260 4508 3487 4560; x_wconf 74' lang='grc' dir='ltr'>ἐκάλεσε</span> <span class='ocrx_word' id='word_1_676' title='bbox 3529 4507 3607 4577; x_wconf 80' lang='grc' dir='ltr'>τῷ</span> <span class='ocrx_word' id='word_1_677' title='bbox 3643 4506 3763 4576; x_wconf 79' lang='grc' dir='ltr'><strong>Θεῷ</strong></span> <span class='ocrx_word' id='word_1_678' title='bbox 3787 4548 3801 4569; x_wconf 85' lang='grc'><strong>,</strong></span> <span class='ocrx_word' id='word_1_679' title='bbox 3846 4509 4036 4575; x_wconf 65' lang='grc' dir='ltr'>ἐπειδή</span> 
     </span>
    </p>
   </div>
   <div class='ocr_carea' id='block_1_94' title="bbox 789 4591 2350 4671">
    <p class='ocr_par' dir='ltr' id='par_1_94' title="bbox 789 4591 2350 4671">
     <span class='ocr_line' id='line_1_94' title="bbox 789 4591 2350 4671; baseline -0.01 -14"><span class='ocrx_word' id='word_1_680' title='bbox 789 4604 844 4657; x_wconf 91' lang='lat' dir='ltr'><strong>in</strong></span> <span class='ocrx_word' id='word_1_681' title='bbox 890 4602 1139 4671; x_wconf 89' lang='lat' dir='ltr'><strong>paradiso</strong></span> <span class='ocrx_word' id='word_1_682' title='bbox 1192 4598 1520 4652; x_wconf 83' lang='lat' dir='ltr'><strong>acciderunt.</strong></span> <span class='ocrx_word' id='word_1_683' title='bbox 1570 4591 1708 4647; x_wconf 88' lang='lat' dir='ltr'><strong>Hinc</strong></span> <span class='ocrx_word' id='word_1_684' title='bbox 1745 4606 1873 4660; x_wconf 85' lang='lat' dir='ltr'><strong>ergo</strong></span> <span class='ocrx_word' id='word_1_685' title='bbox 1908 4592 2114 4646; x_wconf 86' lang='lat' dir='ltr'><strong>animas</strong></span> <span class='ocrx_word' id='word_1_686' title='bbox 2167 4592 2350 4652; x_wconf 87' lang='lat' dir='ltr'><strong>hasce,</strong></span> 
     </span>
    </p>
   </div>
   <div class='ocr_carea' id='block_1_95' title="bbox 787 4682 2355 4764">
    <p class='ocr_par' dir='ltr' id='par_1_95' title="bbox 787 4682 2355 4764">
     <span class='ocr_line' id='line_1_95' title="bbox 787 4682 2355 4764; baseline -0.007 -18"><span class='ocrx_word' id='word_1_687' title='bbox 787 4710 907 4764; x_wconf 63' lang='lat' dir='ltr'><strong>quae</strong></span> <span class='ocrx_word' id='word_1_688' title='bbox 936 4693 1043 4746; x_wconf 78' lang='lat' dir='ltr'><strong>Deo</strong></span> <span class='ocrx_word' id='word_1_689' title='bbox 1063 4710 1090 4745; x_wconf 89' lang='lat' dir='ltr'><strong>a</strong></span> <span class='ocrx_word' id='word_1_690' title='bbox 1110 4690 1326 4745; x_wconf 89' lang='lat' dir='ltr'><strong>condito</strong></span> <span class='ocrx_word' id='word_1_691' title='bbox 1353 4687 1554 4741; x_wconf 87' lang='lat' dir='ltr'><strong>mundo</strong></span> <span class='ocrx_word' id='word_1_692' title='bbox 1585 4699 1681 4753; x_wconf 91' lang='lat' dir='ltr'><strong>per</strong></span> <span class='ocrx_word' id='word_1_693' title='bbox 1722 4683 2116 4738; x_wconf 87' lang='lat' dir='ltr'><strong>successionem</strong></span> <span class='ocrx_word' id='word_1_694' title='bbox 2143 4682 2355 4751; x_wconf 90' lang='lat' dir='ltr'><strong>placere</strong></span> 
     </span>
    </p>
   </div>
   <div class='ocr_carea' id='block_1_96' title="bbox 785 4773 2354 4847">
    <p class='ocr_par' dir='ltr' id='par_1_96' title="bbox 785 4773 2354 4847">
     <span class='ocr_line' id='line_1_96' title="bbox 785 4773 2354 4847; baseline -0.007 -10"><span class='ocrx_word' id='word_1_695' title='bbox 785 4785 1181 4843; x_wconf 84' lang='lat' dir='ltr'><strong>desiderarunt,</strong></span> <span class='ocrx_word' id='word_1_696' title='bbox 1213 4789 1265 4833; x_wconf 91' lang='lat' dir='ltr'><strong>et</strong></span> <span class='ocrx_word' id='word_1_697' title='bbox 1291 4776 1466 4847; x_wconf 90' lang='lat' dir='ltr'><strong>quasi,</strong></span> <span class='ocrx_word' id='word_1_698' title='bbox 1498 4776 1542 4829; x_wconf 89' lang='lat' dir='ltr'><strong>si</strong></span> <span class='ocrx_word' id='word_1_699' title='bbox 1571 4774 1652 4828; x_wconf 83' lang='lat' dir='ltr'><strong>fas</strong></span> <span class='ocrx_word' id='word_1_700' title='bbox 1678 4774 1749 4827; x_wconf 92' lang='lat' dir='ltr'><strong>ita</strong></span> <span class='ocrx_word' id='word_1_701' title='bbox 1778 4773 1945 4842; x_wconf 89' lang='lat' dir='ltr'><strong>loqui,</strong></span> <span class='ocrx_word' id='word_1_702' title='bbox 1977 4773 2135 4842; x_wconf 90' lang='lat' dir='ltr'><strong>primi</strong></span> <span class='ocrx_word' id='word_1_703' title='bbox 2171 4774 2354 4826; x_wconf 67' lang='lat' dir='ltr'><strong>saeculi</strong></span> 
     </span>
    </p>
   </div>
   <div class='ocr_carea' id='block_1_97' title="bbox 787 4864 2353 4942">
    <p class='ocr_par' dir='ltr' id='par_1_97' title="bbox 787 4864 2353 4942">
     <span class='ocr_line' id='line_1_97' title="bbox 787 4864 2353 4942; baseline -0.008 -14"><span class='ocrx_word' id='word_1_704' title='bbox 787 4882 1060 4942; x_wconf 88' lang='lat' dir='ltr'><strong>neptes,et</strong></span> <span class='ocrx_word' id='word_1_705' title='bbox 1084 4872 1285 4925; x_wconf 89' lang='lat' dir='ltr'><strong>vicinas</strong></span> <span class='ocrx_word' id='word_1_706' title='bbox 1312 4868 1383 4920; x_wconf 88' lang='lat' dir='ltr'><strong>illi</strong></span> <span class='ocrx_word' id='word_1_707' title='bbox 1411 4867 1606 4936; x_wconf 86' lang='lat' dir='ltr'><strong>ingenti</strong></span> <span class='ocrx_word' id='word_1_708' title='bbox 1638 4880 1733 4917; x_wconf 90' lang='lat' dir='ltr'><strong>sex</strong></span> <span class='ocrx_word' id='word_1_709' title='bbox 1766 4865 1970 4918; x_wconf 87' lang='lat' dir='ltr'><strong>dierum</strong></span> <span class='ocrx_word' id='word_1_710' title='bbox 2000 4864 2169 4933; x_wconf 90' lang='lat' dir='ltr'><strong>operi,</strong></span> <span class='ocrx_word' id='word_1_711' title='bbox 2196 4879 2353 4918; x_wconf 80' lang='lat' dir='ltr'><strong>sexa-</strong></span> 
     </span>
    </p>
   </div>
   <div class='ocr_carea' id='block_1_98' title="bbox 786 4957 2347 5034">
    <p class='ocr_par' dir='ltr' id='par_1_98' title="bbox 786 4957 2347 5034">
     <span class='ocr_line' id='line_1_98' title="bbox 786 4957 2347 5034; baseline -0.006 -16"><span class='ocrx_word' id='word_1_712' title='bbox 786 4968 932 5034; x_wconf 83' lang='lat' dir='ltr'><strong>ginta</strong></span> <span class='ocrx_word' id='word_1_713' title='bbox 981 4965 1192 5032; x_wconf 84' lang='lat' dir='ltr'><strong>reginas</strong></span> <span class='ocrx_word' id='word_1_714' title='bbox 1242 4963 1467 5030; x_wconf 81' lang='lat' dir='ltr'><strong>tigurate</strong></span> <span class='ocrx_word' id='word_1_715' title='bbox 1504 4957 1804 5026; x_wconf 84' lang='lat' dir='ltr'><strong>appellavit,</strong></span> <span class='ocrx_word' id='word_1_716' title='bbox 1835 4970 1899 5009; x_wconf 90' lang='lat' dir='ltr'><strong>eo</strong></span> <span class='ocrx_word' id='word_1_717' title='bbox 1941 4960 2105 5024; x_wconf 87' lang='lat' dir='ltr'><strong>quod,</strong></span> <span class='ocrx_word' id='word_1_718' title='bbox 2130 4966 2187 5009; x_wconf 91' lang='lat' dir='ltr'><strong>ut</strong></span> <span class='ocrx_word' id='word_1_719' title='bbox 2216 4957 2347 5022; x_wconf 89' lang='lat' dir='ltr'><strong>dixi,</strong></span> 
     </span>
    </p>
   </div>
   <div class='ocr_carea' id='block_1_99' title="bbox 787 5047 2347 5125">
    <p class='ocr_par' dir='ltr' id='par_1_99' title="bbox 787 5047 2347 5125">
     <span class='ocr_line' id='line_1_99' title="bbox 787 5047 2347 5125; baseline -0.006 -14"><span class='ocrx_word' id='word_1_720' title='bbox 787 5055 869 5111; x_wconf 79' lang='lat' dir='ltr'><strong>ha:</strong></span> <span class='ocrx_word' id='word_1_721' title='bbox 899 5066 1019 5125; x_wconf 91' lang='lat' dir='ltr'><strong>post</strong></span> <span class='ocrx_word' id='word_1_722' title='bbox 1064 5069 1156 5109; x_wconf 89' lang='lat' dir='ltr'><strong>sex</strong></span> <span class='ocrx_word' id='word_1_723' title='bbox 1200 5054 1410 5107; x_wconf 88' lang='lat' dir='ltr'><strong>dierum</strong></span> <span class='ocrx_word' id='word_1_724' title='bbox 1444 5064 1629 5118; x_wconf 91' lang='lat' dir='ltr'><strong>opera,</strong></span> <span class='ocrx_word' id='word_1_725' title='bbox 1672 5048 1927 5102; x_wconf 85' lang='lat' dir='ltr'><strong>vixerint.</strong></span> <span class='ocrx_word' id='word_1_726' title='bbox 1978 5047 2168 5117; x_wconf 76' lang='lat' dir='ltr'><strong>Magno</strong></span> <span class='ocrx_word' id='word_1_727' title='bbox 2204 5049 2347 5103; x_wconf 90' lang='lat' dir='ltr'><strong>enim</strong></span> 
     </span>
    </p>
   </div>
   <div class='ocr_carea' id='block_1_100' title="bbox 787 5139 2348 5222">
    <p class='ocr_par' dir='ltr' id='par_1_100' title="bbox 787 5139 2348 5222">
     <span class='ocr_line' id='line_1_100' title="bbox 787 5139 2348 5222; baseline -0.006 -19"><span class='ocrx_word' id='word_1_728' title='bbox 787 5151 865 5203; x_wconf 85' lang='lat' dir='ltr'><strong>illi</strong></span> <span class='ocrx_word' id='word_1_729' title='bbox 900 5147 1126 5222; x_wconf 79' lang='lat' dir='ltr'><strong>[sancti]</strong></span> <span class='ocrx_word' id='word_1_730' title='bbox 1168 5147 1373 5201; x_wconf 85' lang='lat' dir='ltr'><strong>honore</strong></span> <span class='ocrx_word' id='word_1_731' title='bbox 1405 5152 1529 5197; x_wconf 88' lang='lat' dir='ltr'><strong>sunt</strong></span> <span class='ocrx_word' id='word_1_732' title='bbox 1557 5142 1753 5206; x_wconf 75' lang='lat' dir='ltr'><strong>alrecti,</strong></span> <span class='ocrx_word' id='word_1_733' title='bbox 1795 5155 1919 5195; x_wconf 90' lang='lat' dir='ltr'><strong>cum</strong></span> <span class='ocrx_word' id='word_1_734' title='bbox 1951 5140 2152 5210; x_wconf 86' lang='lat' dir='ltr'><strong>dignati</strong></span> <span class='ocrx_word' id='word_1_735' title='bbox 2183 5139 2348 5195; x_wconf 79' lang='lat' dir='ltr'><strong>collo-</strong></span> 
     </span>
    </p>
   </div>
   <div class='ocr_carea' id='block_1_101' title="bbox 783 5234 2345 5311">
    <p class='ocr_par' dir='ltr' id='par_1_101' title="bbox 783 5234 2345 5311">
     <span class='ocr_line' id='line_1_101' title="bbox 783 5234 2345 5311; baseline -0.006 -14"><span class='ocrx_word' id='word_1_736' title='bbox 783 5246 911 5311; x_wconf 91' lang='lat' dir='ltr'><strong>quio</strong></span> <span class='ocrx_word' id='word_1_737' title='bbox 939 5241 1247 5311; x_wconf 84' lang='lat' dir='ltr'><strong>angelorum</strong></span> <span class='ocrx_word' id='word_1_738' title='bbox 1300 5238 1462 5291; x_wconf 86' lang='lat' dir='ltr'><strong>Deum</strong></span> <span class='ocrx_word' id='word_1_739' title='bbox 1508 5251 1611 5288; x_wconf 91' lang='lat' dir='ltr'><strong>non</strong></span> <span class='ocrx_word' id='word_1_740' title='bbox 1646 5250 1738 5304; x_wconf 90' lang='lat' dir='ltr'><strong>per</strong></span> <span class='ocrx_word' id='word_1_741' title='bbox 1768 5234 2035 5288; x_wconf 84' lang='lat' dir='ltr'><strong>somnium</strong></span> <span class='ocrx_word' id='word_1_742' title='bbox 2067 5236 2160 5288; x_wconf 89' lang='lat' dir='ltr'><strong>sed</strong></span> <span class='ocrx_word' id='word_1_743' title='bbox 2190 5249 2345 5301; x_wconf 90' lang='lat' dir='ltr'><strong>aper-</strong></span> 
     </span>
    </p>
   </div>
   <div class='ocr_carea' id='block_1_102' title="bbox 785 5324 2339 5398">
    <p class='ocr_par' dir='ltr' id='par_1_102' title="bbox 785 5324 2339 5398">
     <span class='ocr_line' id='line_1_102' title="bbox 785 5324 2339 5398; baseline -0.006 -11"><span class='ocrx_word' id='word_1_744' title='bbox 785 5344 892 5387; x_wconf 86' lang='lat' dir='ltr'><strong>tam</strong></span> <span class='ocrx_word' id='word_1_745' title='bbox 926 5334 1187 5387; x_wconf 85' lang='lat' dir='ltr'><strong>visionem</strong></span> <span class='ocrx_word' id='word_1_746' title='bbox 1224 5335 1551 5398; x_wconf 82' lang='lat' dir='ltr'><strong>spectarunt.</strong></span> <span class='ocrx_word' id='word_1_747' title='bbox 1576 5324 1897 5392; x_wconf 83' lang='lat' dir='ltr'><strong>Perpendite</strong></span> <span class='ocrx_word' id='word_1_748' title='bbox 1918 5325 2060 5377; x_wconf 88' lang='lat' dir='ltr'><strong>enim</strong></span> <span class='ocrx_word' id='word_1_749' title='bbox 2085 5334 2339 5393; x_wconf 83' lang='lat' dir='ltr'><strong>quantam</strong></span> 
     </span>
    </p>
   </div>
   <div class='ocr_carea' id='block_1_103' title="bbox 860 5466 1342 5531">
    <p class='ocr_par' dir='ltr' id='par_1_103' title="bbox 860 5466 1342 5531">
     <span class='ocr_line' id='line_1_103' title="bbox 860 5466 1342 5531; baseline -0.012 -8"><span class='ocrx_word' id='word_1_750' title='bbox 860 5470 885 5509; x_wconf 70' lang='grc' dir='ltr'><em>ἀ</em></span> <span class='ocrx_word' id='word_1_751' title='bbox 915 5470 1101 5524; x_wconf 73' lang='lat' dir='ltr'><strong>Matth.</strong></span> <span class='ocrx_word' id='word_1_752' title='bbox 1136 5482 1259 5531; x_wconf 80' lang='lat' dir='ltr'><strong>xxv,</strong></span> <span class='ocrx_word' id='word_1_753' title='bbox 1289 5466 1342 5529; x_wconf 84' lang='lat'><strong>6,</strong></span> 
     </span>
    </p>
   </div>
   <div class='ocr_carea' id='block_1_104' title="bbox 2463 4595 4037 4672">
    <p class='ocr_par' dir='ltr' id='par_1_104' title="bbox 2463 4595 4037 4672">
     <span class='ocr_line' id='line_1_104' title="bbox 2463 4595 4037 4672; baseline -0.003 -18"><span class='ocrx_word' id='word_1_754' title='bbox 2463 4618 2565 4671; x_wconf 86' lang='grc' dir='ltr'><strong>περ</strong></span> <span class='ocrx_word' id='word_1_755' title='bbox 2592 4602 2677 4653; x_wconf 80' lang='grc' dir='ltr'><strong>ἑτέ</strong></span> <span class='ocrx_word' id='word_1_756' title='bbox 2686 4618 2793 4672; x_wconf 91' lang='grc' dir='ltr'><strong>ρων</strong></span> <span class='ocrx_word' id='word_1_757' title='bbox 2817 4595 2960 4653; x_wconf 75' lang='grc' dir='ltr'>οὗτοι</span> <span class='ocrx_word' id='word_1_758' title='bbox 2984 4599 3459 4672; x_wconf 80' lang='grc' dir='ltr'>παραγγελμάτων</span> <span class='ocrx_word' id='word_1_759' title='bbox 3481 4600 3558 4661; x_wconf 89' lang='grc' dir='ltr'><strong>είς</strong></span> <span class='ocrx_word' id='word_1_760' title='bbox 3589 4598 3650 4650; x_wconf 87' lang='grc' dir='ltr'><strong>τὸ</strong></span> <span class='ocrx_word' id='word_1_761' title='bbox 3690 4598 4037 4667; x_wconf 79' lang='grc' dir='ltr'>σωθήσεσθαι</span> 
     </span>
    </p>
   </div>
   <div class='ocr_carea' id='block_1_105' title="bbox 2459 4685 4038 4758">
    <p class='ocr_par' dir='ltr' id='par_1_105' title="bbox 2459 4685 4038 4758">
     <span class='ocr_line' id='line_1_105' title="bbox 2459 4685 4038 4758; baseline 0 -19"><span class='ocrx_word' id='word_1_762' title='bbox 2459 4688 2647 4757; x_wconf 87' lang='grc' dir='ltr'>χρείαν</span> <span class='ocrx_word' id='word_1_763' title='bbox 2692 4689 2792 4739; x_wconf 71' lang='grc' dir='ltr'>οὐκ</span> <span class='ocrx_word' id='word_1_764' title='bbox 2819 4689 3137 4757; x_wconf 74' lang='grc' dir='ltr'>ἐσχήκασιν,</span> <span class='ocrx_word' id='word_1_765' title='bbox 3158 4688 3239 4740; x_wconf 81' lang='grc' dir='ltr'>Ετι</span> <span class='ocrx_word' id='word_1_766' title='bbox 3271 4686 3371 4758; x_wconf 73' lang='grc' dir='ltr'>[δὲ]</span> <span class='ocrx_word' id='word_1_767' title='bbox 3399 4688 3710 4757; x_wconf 78' lang='grc' dir='ltr'>προσφάτου</span> <span class='ocrx_word' id='word_1_768' title='bbox 3745 4685 3845 4755; x_wconf 80' lang='grc' dir='ltr'>τῆς</span> <span class='ocrx_word' id='word_1_769' title='bbox 3902 4691 4038 4740; x_wconf 82' lang='grc' dir='ltr'>κατὰ</span> 
     </span>
    </p>
   </div>
   <div class='ocr_carea' id='block_1_106' title="bbox 2458 4777 4033 4849">
    <p class='ocr_par' dir='ltr' id='par_1_106' title="bbox 2458 4777 4033 4849">
     <span class='ocr_line' id='line_1_106' title="bbox 2458 4777 4033 4849; baseline 0 -19"><span class='ocrx_word' id='word_1_770' title='bbox 2458 4780 2555 4847; x_wconf 83' lang='grc' dir='ltr'>τὴν</span> <span class='ocrx_word' id='word_1_771' title='bbox 2580 4778 2880 4849; x_wconf 80' lang='grc' dir='ltr'>ὲξαήμερον</span> <span class='ocrx_word' id='word_1_772' title='bbox 2896 4778 3062 4848; x_wconf 78' lang='grc' dir='ltr'>οὔσης</span> <span class='ocrx_word' id='word_1_773' title='bbox 3085 4779 3267 4841; x_wconf 80' lang='grc' dir='ltr'>αὐτοῖς</span> <span class='ocrx_word' id='word_1_774' title='bbox 3297 4780 3317 4809; x_wconf 85' lang='grc'>⁶</span> <span class='ocrx_word' id='word_1_775' title='bbox 3340 4777 3432 4829; x_wconf 87' lang='grc' dir='ltr'>τοῦ</span> <span class='ocrx_word' id='word_1_776' title='bbox 3460 4778 3663 4846; x_wconf 90' lang='grc' dir='ltr'>κόσμου</span> <span class='ocrx_word' id='word_1_777' title='bbox 3693 4779 4033 4841; x_wconf 86' lang='grc' dir='ltr'>συστάσεως·</span> 
     </span>
    </p>
   </div>
   <div class='ocr_carea' id='block_1_107' title="bbox 2456 4868 4035 4939">
    <p class='ocr_par' dir='ltr' id='par_1_107' title="bbox 2456 4868 4035 4939">
     <span class='ocr_line' id='line_1_107' title="bbox 2456 4868 4035 4939; baseline 0.001 -20"><span class='ocrx_word' id='word_1_778' title='bbox 2456 4869 2762 4938; x_wconf 75' lang='grc' dir='ltr'>ἐμέμνηντο</span> <span class='ocrx_word' id='word_1_779' title='bbox 2789 4871 2895 4939; x_wconf 86' lang='grc' dir='ltr'><strong>γάρ</strong></span> <span class='ocrx_word' id='word_1_780' title='bbox 2928 4872 3007 4922; x_wconf 83' lang='grc' dir='ltr'>ὅτι</span> <span class='ocrx_word' id='word_1_781' title='bbox 3028 4871 3086 4922; x_wconf 86' lang='grc' dir='ltr'><strong>ὲν</strong></span> <span class='ocrx_word' id='word_1_782' title='bbox 3129 4868 3188 4933; x_wconf 81' lang='grc' dir='ltr'><strong>ἒξ</strong></span> <span class='ocrx_word' id='word_1_783' title='bbox 3216 4870 3447 4939; x_wconf 79' lang='grc' dir='ltr'>ἡμέραις</span> <span class='ocrx_word' id='word_1_784' title='bbox 3476 4870 3504 4920; x_wconf 86' lang='grc' dir='ltr'><strong>ό</strong></span> <span class='ocrx_word' id='word_1_785' title='bbox 3545 4869 3676 4931; x_wconf 79' lang='grc' dir='ltr'>θεὸς</span> <span class='ocrx_word' id='word_1_786' title='bbox 3703 4870 4035 4938; x_wconf 73' lang='grc' dir='ltr'>ἐτεκτήνατο</span> 
     </span>
    </p>
   </div>
   <div class='ocr_carea' id='block_1_108' title="bbox 2456 4957 4033 5027">
    <p class='ocr_par' dir='ltr' id='par_1_108' title="bbox 2456 4957 4033 5027">
     <span class='ocr_line' id='line_1_108' title="bbox 2456 4957 4033 5027; baseline -0.001 -18"><span class='ocrx_word' id='word_1_787' title='bbox 2456 4958 2557 5027; x_wconf 83' lang='grc' dir='ltr'><strong>τὴν</strong></span> <span class='ocrx_word' id='word_1_788' title='bbox 2601 4958 2779 5011; x_wconf 89' lang='grc' dir='ltr'>κτίσιν</span> <span class='ocrx_word' id='word_1_789' title='bbox 2806 4959 2875 5010; x_wconf 85' lang='grc' dir='ltr'><strong>τά</strong></span> <span class='ocrx_word' id='word_1_790' title='bbox 2912 4975 2972 5010; x_wconf 88' lang='grc' dir='ltr'><strong>τε</strong></span> <span class='ocrx_word' id='word_1_791' title='bbox 3019 4959 3077 5011; x_wconf 85' lang='grc' dir='ltr'>ἐν</span> <span class='ocrx_word' id='word_1_792' title='bbox 3116 4957 3196 5027; x_wconf 84' lang='grc' dir='ltr'>τῷ</span> <span class='ocrx_word' id='word_1_793' title='bbox 3235 4958 3551 5027; x_wconf 83' lang='grc' dir='ltr'>παραδείσῳ</span> <span class='ocrx_word' id='word_1_794' title='bbox 3587 4960 3875 5025; x_wconf 82' lang='grc' dir='ltr'>γεγονότα.</span> <span class='ocrx_word' id='word_1_795' title='bbox 3912 4959 4033 5010; x_wconf 79' lang='grc' dir='ltr'><strong>Ἐν-</strong></span> 
     </span>
    </p>
   </div>
   <div class='ocr_carea' id='block_1_109' title="bbox 2455 5046 4031 5119">
    <p class='ocr_par' dir='ltr' id='par_1_109' title="bbox 2455 5046 4031 5119">
     <span class='ocr_line' id='line_1_109' title="bbox 2455 5046 4031 5119; baseline 0.001 -20"><span class='ocrx_word' id='word_1_796' title='bbox 2455 5048 2643 5101; x_wconf 84' lang='grc' dir='ltr'>τεῦθεν</span> <span class='ocrx_word' id='word_1_797' title='bbox 2689 5046 2782 5101; x_wconf 83' lang='grc' dir='ltr'><strong>οὖν</strong></span> <span class='ocrx_word' id='word_1_798' title='bbox 2814 5049 2876 5119; x_wconf 85' lang='grc' dir='ltr'>δὴ</span> <span class='ocrx_word' id='word_1_799' title='bbox 2907 5050 3007 5112; x_wconf 84' lang='grc' dir='ltr'><strong>τὰς</strong></span> <span class='ocrx_word' id='word_1_800' title='bbox 3053 5051 3161 5103; x_wconf 83' lang='grc' dir='ltr'>ἀπὸ</span> <span class='ocrx_word' id='word_1_801' title='bbox 3207 5050 3306 5118; x_wconf 81' lang='grc' dir='ltr'><strong>τῆς</strong></span> <span class='ocrx_word' id='word_1_802' title='bbox 3342 5050 3653 5112; x_wconf 88' lang='grc' dir='ltr'>συστάσεως</span> <span class='ocrx_word' id='word_1_803' title='bbox 3698 5050 3908 5112; x_wconf 75' lang='grc' dir='ltr'>εὐθέως</span> <span class='ocrx_word' id='word_1_804' title='bbox 3939 5048 4031 5101; x_wconf 79' lang='grc' dir='ltr'>τοῦ</span> 
     </span>
    </p>
   </div>
   <div class='ocr_carea' id='block_1_110' title="bbox 2456 5140 4031 5211">
    <p class='ocr_par' dir='ltr' id='par_1_110' title="bbox 2456 5140 4031 5211">
     <span class='ocr_line' id='line_1_110' title="bbox 2456 5140 4031 5211; baseline 0.002 -21"><span class='ocrx_word' id='word_1_805' title='bbox 2456 5140 2661 5207; x_wconf 84' lang='grc' dir='ltr'>κόσμου</span> <span class='ocrx_word' id='word_1_806' title='bbox 2700 5142 2840 5193; x_wconf 84' lang='grc' dir='ltr'>κατά</span> <span class='ocrx_word' id='word_1_807' title='bbox 2884 5141 3132 5211; x_wconf 78' lang='grc' dir='ltr'>διαδοχὴν</span> <span class='ocrx_word' id='word_1_808' title='bbox 3178 5141 3270 5193; x_wconf 84' lang='grc' dir='ltr'><strong>τὸν</strong></span> <span class='ocrx_word' id='word_1_809' title='bbox 3303 5141 3437 5193; x_wconf 85' lang='grc' dir='ltr'>Θεὸν</span> <span class='ocrx_word' id='word_1_810' title='bbox 3488 5141 3675 5193; x_wconf 83' lang='grc' dir='ltr'>ποθεῖν</span> <span class='ocrx_word' id='word_1_811' title='bbox 3719 5141 4031 5210; x_wconf 76' lang='grc' dir='ltr'>έλομένας¹</span> 
     </span>
    </p>
   </div>
   <div class='ocr_carea' id='block_1_111' title="bbox 2452 5230 4030 5303">
    <p class='ocr_par' dir='ltr' id='par_1_111' title="bbox 2452 5230 4030 5303">
     <span class='ocr_line' id='line_1_111' title="bbox 2452 5230 4030 5303; baseline -0.014 -4"><span class='ocrx_word' id='word_1_812' title='bbox 2452 5232 2650 5301; x_wconf 63' lang='grc' dir='ltr'><strong>ψυχὰς,</strong></span> <span class='ocrx_word' id='word_1_813' title='bbox 2692 5234 2787 5285; x_wconf 80' lang='grc' dir='ltr'>καὶ</span> <span class='ocrx_word' id='word_1_814' title='bbox 2832 5232 3038 5301; x_wconf 85' lang='grc' dir='ltr'>σχεδὸν,</span> <span class='ocrx_word' id='word_1_815' title='bbox 3082 5234 3133 5286; x_wconf 79' lang='grc' dir='ltr'><strong>εί</strong></span> <span class='ocrx_word' id='word_1_816' title='bbox 3168 5233 3273 5303; x_wconf 82' lang='grc' dir='ltr'>χρὴ</span> <span class='ocrx_word' id='word_1_817' title='bbox 3302 5234 3489 5301; x_wconf 88' lang='grc' dir='ltr'>φάναι,</span> <span class='ocrx_word' id='word_1_818' title='bbox 3538 5232 3638 5295; x_wconf 84' lang='grc' dir='ltr'>τὰς</span> <span class='ocrx_word' id='word_1_819' title='bbox 3672 5230 3768 5283; x_wconf 81' lang='grc' dir='ltr'>τοῦ</span> <span class='ocrx_word' id='word_1_820' title='bbox 3808 5231 4030 5301; x_wconf 81' lang='grc' dir='ltr'>πρώτου</span> 
     </span>
    </p>
   </div>
   <div class='ocr_carea' id='block_1_112' title="bbox 2454 5321 4031 5393">
    <p class='ocr_par' dir='ltr' id='par_1_112' title="bbox 2454 5321 4031 5393">
     <span class='ocr_line' id='line_1_112' title="bbox 2454 5321 4031 5393; baseline 0.004 -16"><span class='ocrx_word' id='word_1_821' title='bbox 2454 5324 2649 5385; x_wconf 87' lang='grc' dir='ltr'>αἰῶνος</span> <span class='ocrx_word' id='word_1_822' title='bbox 2715 5324 2883 5387; x_wconf 76' lang='grc' dir='ltr'>οὔσας</span> <span class='ocrx_word' id='word_1_823' title='bbox 2935 5324 3130 5391; x_wconf 76' lang='grc' dir='ltr'>ἔγγονα</span> <span class='ocrx_word' id='word_1_824' title='bbox 3182 5324 3278 5377; x_wconf 81' lang='grc' dir='ltr'><strong>καὶ</strong></span> <span class='ocrx_word' id='word_1_825' title='bbox 3331 5324 3577 5391; x_wconf 83' lang='grc' dir='ltr'>γείτονας</span> <span class='ocrx_word' id='word_1_826' title='bbox 3627 5323 3728 5393; x_wconf 84' lang='grc' dir='ltr'>τῆς</span> <span class='ocrx_word' id='word_1_827' title='bbox 3784 5321 4031 5392; x_wconf 79' lang='grc' dir='ltr'>μεγάλης</span> 
     </span>
    </p>
   </div>
   <div class='ocr_carea' id='block_1_113' title="bbox 1421 5459 2502 5530">
    <p class='ocr_par' dir='ltr' id='par_1_113' title="bbox 1421 5459 2502 5530">
     <span class='ocr_line' id='line_1_113' title="bbox 1421 5459 2502 5530; baseline 0 -13"><span class='ocrx_word' id='word_1_828' title='bbox 1421 5462 1490 5517; x_wconf 78' lang='grc' dir='ltr'><strong>οι</strong></span> <span class='ocrx_word' id='word_1_829' title='bbox 1524 5461 1711 5516; x_wconf 88' lang='lat' dir='ltr'><strong>Thess.</strong></span> <span class='ocrx_word' id='word_1_830' title='bbox 1754 5477 1828 5525; x_wconf 79' lang='lat' dir='ltr'><strong>tv,</strong></span> <span class='ocrx_word' id='word_1_831' title='bbox 1855 5460 1939 5515; x_wconf 74' lang='grc'><strong>16.</strong></span> <span class='ocrx_word' id='word_1_832' title='bbox 2022 5461 2040 5498; x_wconf 74' lang='grc' dir='ltr'><strong>ί</strong></span> <span class='ocrx_word' id='word_1_833' title='bbox 2080 5459 2238 5515; x_wconf 86' lang='lat' dir='ltr'><strong>Cant.</strong></span> <span class='ocrx_word' id='word_1_834' title='bbox 2266 5479 2337 5525; x_wconf 81' lang='lat' dir='ltr'><strong>vi,</strong></span> <span class='ocrx_word' id='word_1_835' title='bbox 2369 5463 2422 5530; x_wconf 88' lang='grc'>7,</span> <span class='ocrx_word' id='word_1_836' title='bbox 2450 5465 2502 5517; x_wconf 84' lang='grc'><strong>8.</strong></span> 
     </span>
    </p>
   </div>
   <div class='ocr_carea' id='block_1_114' title="bbox 2042 5577 2719 5634">
    <p class='ocr_par' dir='ltr' id='par_1_114' title="bbox 2042 5577 2719 5634">
     <span class='ocr_line' id='line_1_114' title="bbox 2042 5577 2719 5634; baseline 0.007 -7"><span class='ocrx_word' id='word_1_837' title='bbox 2042 5577 2277 5632; x_wconf 69' lang='grc' dir='ltr'><strong>ἾΑΒΙᾹΞ</strong></span> <span class='ocrx_word' id='word_1_838' title='bbox 2320 5577 2719 5634; x_wconf 64' lang='lat' dir='ltr'><strong>LECTIONES.</strong></span> 
     </span>
    </p>
   </div>
   <div class='ocr_carea' id='block_1_115' title="bbox 856 5723 2093 5796">
    <p class='ocr_par' dir='ltr' id='par_1_115' title="bbox 856 5723 2093 5796">
     <span class='ocr_line' id='line_1_115' title="bbox 856 5723 2093 5796; baseline 0.014 -4"><span class='ocrx_word' id='word_1_839' title='bbox 856 5727 898 5757; x_wconf 76' lang='grc' dir='ltr'><strong>ο·</strong></span> <span class='ocrx_word' id='word_1_840' title='bbox 922 5725 1141 5796; x_wconf 65' lang='grc' dir='ltr'><strong>ερχιᾳθι</strong></span> <span class='ocrx_word' id='word_1_841' title='bbox 1164 5726 1204 5796; x_wconf 57' lang='grc' dir='ltr'>Α</span> <span class='ocrx_word' id='word_1_842' title='bbox 1237 5739 1249 5773; x_wconf 84' lang='lat'><em>=</em></span> <span class='ocrx_word' id='word_1_843' title='bbox 1291 5723 1591 5796; x_wconf 65' lang='lat' dir='ltr'><strong>:pxms-</strong></span> <span class='ocrx_word' id='word_1_844' title='bbox 1639 5723 1723 5796; x_wconf 68' lang='grc' dir='ltr'><strong>,τ’</strong></span> <span class='ocrx_word' id='word_1_845' title='bbox 1752 5723 2033 5796; x_wconf 44' lang='lat' dir='ltr'><strong>idem“</strong></span> <span class='ocrx_word' id='word_1_846' title='bbox 2054 5723 2093 5796; x_wconf 65' lang='lat'><strong>9</strong></span> 
     </span>
    </p>
   </div>
   <div class='ocr_carea' id='block_1_116' title="bbox 787 5788 2182 5859">
    <p class='ocr_par' dir='ltr' id='par_1_116' title="bbox 787 5788 2182 5859">
     <span class='ocr_line' id='line_1_116' title="bbox 787 5788 2182 5859; baseline -0.007 -10"><span class='ocrx_word' id='word_1_847' title='bbox 787 5814 882 5859; x_wconf 81' lang='grc' dir='ltr'><strong>σας</strong></span> <span class='ocrx_word' id='word_1_848' title='bbox 911 5788 1016 5859; x_wconf 54' lang='lat' dir='ltr'><strong>cf.&quot;</strong></span> <span class='ocrx_word' id='word_1_849' title='bbox 1060 5794 1078 5825; x_wconf 93' lang='grc'><strong><em>³</em></strong></span> <span class='ocrx_word' id='word_1_850' title='bbox 1100 5788 1329 5855; x_wconf 81' lang='grc' dir='ltr'>ταύταις</span> <span class='ocrx_word' id='word_1_851' title='bbox 1357 5788 1425 5845; x_wconf 76' lang='grc' dir='ltr'><strong>Β.</strong></span> <span class='ocrx_word' id='word_1_852' title='bbox 1513 5792 1533 5821; x_wconf 71' lang='grc'>⁸</span> <span class='ocrx_word' id='word_1_853' title='bbox 1556 5789 1776 5858; x_wconf 79' lang='grc' dir='ltr'>αφθόρῳ</span> <span class='ocrx_word' id='word_1_854' title='bbox 1829 5788 2182 5841; x_wconf 75' lang='lat' dir='ltr'><strong>llaeschelius.</strong></span> 
     </span>
    </p>
   </div>
   <div class='ocr_carea' id='block_1_117' title="bbox 1679 5716 2404 5787">
    <p class='ocr_par' dir='ltr' id='par_1_117' title="bbox 1679 5716 2404 5787">
     <span class='ocr_line' id='line_1_117' title="bbox 1679 5716 2404 5787; baseline 0.001 -18"><span class='ocrx_word' id='word_1_855' title='bbox 1679 5720 1723 5750; x_wconf 83' lang='lat'><strong>”</strong></span> <span class='ocrx_word' id='word_1_856' title='bbox 1752 5716 2033 5787; x_wconf 75' lang='grc' dir='ltr'>ἐξήκοντα]</span> <span class='ocrx_word' id='word_1_857' title='bbox 2054 5717 2208 5770; x_wconf 85' lang='lat' dir='ltr'><strong>Cant.</strong></span> <span class='ocrx_word' id='word_1_858' title='bbox 2254 5732 2328 5778; x_wconf 80' lang='lat' dir='ltr'><strong>v1,</strong></span> <span class='ocrx_word' id='word_1_859' title='bbox 2356 5718 2404 5770; x_wconf 88' lang='lat'><strong>7.</strong></span> 
     </span>
    </p>
   </div>
   <div class='ocr_carea' id='block_1_118' title="bbox 2277 5788 2695 5851">
    <p class='ocr_par' dir='ltr' id='par_1_118' title="bbox 2277 5788 2695 5851">
     <span class='ocr_line' id='line_1_118' title="bbox 2277 5788 2695 5851; baseline -0.002 -11"><span class='ocrx_word' id='word_1_860' title='bbox 2277 5788 2458 5840; x_wconf 64' lang='lat' dir='ltr'><strong>&#39;6L‘A</strong></span> <span class='ocrx_word' id='word_1_861' title='bbox 2508 5790 2695 5851; x_wconf 74' lang='grc' dir='ltr'>εδὲς.</span> 
     </span>
    </p>
   </div>
   <div class='ocr_carea' id='block_1_119' title="bbox 2514 5715 4031 5786">
    <p class='ocr_par' dir='ltr' id='par_1_119' title="bbox 2514 5715 4031 5786">
     <span class='ocr_line' id='line_1_119' title="bbox 2514 5715 4031 5786; baseline -0.001 -16"><span class='ocrx_word' id='word_1_862' title='bbox 2514 5720 2526 5748; x_wconf 87' lang='grc'>¹</span> <span class='ocrx_word' id='word_1_863' title='bbox 2552 5718 2670 5770; x_wconf 73' lang='grc' dir='ltr'>ἐστὶ</span> <span class='ocrx_word' id='word_1_864' title='bbox 2717 5726 2835 5786; x_wconf 87' lang='lat' dir='ltr'><strong>post</strong></span> <span class='ocrx_word' id='word_1_865' title='bbox 2872 5715 3102 5785; x_wconf 75' lang='grc' dir='ltr'>έκλεκτή</span> <span class='ocrx_word' id='word_1_866' title='bbox 3150 5731 3257 5769; x_wconf 88' lang='lat' dir='ltr'><strong>om.</strong></span> <span class='ocrx_word' id='word_1_867' title='bbox 3288 5717 3352 5773; x_wconf 81' lang='grc' dir='ltr'><strong>Α.</strong></span> <span class='ocrx_word' id='word_1_868' title='bbox 3415 5716 3434 5745; x_wconf 84' lang='grc'>¹</span> <span class='ocrx_word' id='word_1_869' title='bbox 3465 5715 3632 5785; x_wconf 85' lang='grc' dir='ltr'>παρθ.</span> <span class='ocrx_word' id='word_1_870' title='bbox 3664 5717 3759 5770; x_wconf 82' lang='grc' dir='ltr'><strong>καὶ</strong></span> <span class='ocrx_word' id='word_1_871' title='bbox 3784 5716 4031 5784; x_wconf 81' lang='grc' dir='ltr'>βασιλίσ-</span> 
     </span>
    </p>
   </div>
   <div class='ocr_carea' id='block_1_120' title="bbox 2772 5785 4028 5855">
    <p class='ocr_par' dir='ltr' id='par_1_120' title="bbox 2772 5785 4028 5855">
     <span class='ocr_line' id='line_1_120' title="bbox 2772 5785 4028 5855; baseline 0.002 -17"><span class='ocrx_word' id='word_1_872' title='bbox 2772 5790 2791 5817; x_wconf 86' lang='grc'>⁶</span> <span class='ocrx_word' id='word_1_873' title='bbox 2822 5786 3025 5855; x_wconf 70' lang='grc' dir='ltr'>αὑτοίςΙ</span> <span class='ocrx_word' id='word_1_874' title='bbox 3075 5785 3239 5855; x_wconf 77' lang='grc' dir='ltr'>αὐτῆς</span> <span class='ocrx_word' id='word_1_875' title='bbox 3265 5790 3327 5838; x_wconf 82' lang='grc' dir='ltr'><strong>Α.</strong></span> <span class='ocrx_word' id='word_1_876' title='bbox 3404 5787 3421 5815; x_wconf 87' lang='grc'><strong>⁷</strong></span> <span class='ocrx_word' id='word_1_877' title='bbox 3456 5787 3720 5853; x_wconf 68' lang='grc' dir='ltr'>ιλομένας</span> <span class='ocrx_word' id='word_1_878' title='bbox 3751 5788 3934 5840; x_wconf 71' lang='grc' dir='ltr'>ποθεῖν</span> <span class='ocrx_word' id='word_1_879' title='bbox 3963 5804 4028 5851; x_wconf 85' lang='grc' dir='ltr'>ς.</span> 
     </span>
    </p>
   </div>
  </div>
