4208 6442
238 406 377 475 1169

1266 408 1783 473 BIBLIOTIIECA.
1818 436 1889 448 -
1925 413 2090 475 COD.
2138 412 2521 483 CCXXXVU.

3351 418 3482 486 1170

234 526 564 598 έξαημέρου,
624 528 888 598 ἐξήκοντα
930 527 1245 599 βασιλίσσας
1277 529 1379 599 ἔφη
1436 528 1798 599 συμϐολικῶς,

1909 527 2155 584 ﬁduciam
2207 532 2457 590 habuerit
2514 535 2641 591 Setlt
2670 535 2736 588 ad
2790 535 2976 602 Deum,
3006 547 3265 607 quantam
3320 541 3477 604 Abel,

230 616 319 673 διὰ
346 618 410 673 τὺ
448 618 586 689 μετά
616 620 715 689 τὴν
754 620 1060 691 ἑξαήμερον
1082 621 1310 692 ταύταςξ
1340 621 1414 685 ὡς
1446 620 1605 691 ἔφην,
1638 637 1799 689 γεγο-

231 710 412 763 νέναι·
450 711 691 782 μεγάλην
737 712 849 784 γάρ
894 706 1041 766 οὗτοι
1076 713 1240 782 τιμὴν
1292 714 1590 783 ἐσχήκασιν
1634 712 1802 780 ἀγγέ-

230 802 342 867 λοις
407 802 770 873 ὁμιλήσαντες
812 805 907 859 καὶ
965 804 1057 858 τὸν
1104 804 1237 858 Θεδν
1295 804 1442 874 ὕπαρ
1505 805 1607 858 οὐκ
1668 804 1801 873 δναρ

1908 631 2163 690 quautam
2194 622 2401 687 Enoch.
2422 636 2679 696 quantam
2719 626 3044 691 Hathusala,
3073 640 3332 699 quautam
3369 630 3485 687 Noe

1909 714 2065 780 primi
2087 714 2314 783 iustitiae
2341 718 2577 774 cultores
2605 719 2629 773 τ
2659 721 2764 776 Sed
2788 722 2852 775 de
2880 721 2964 776 his
2998 723 3151 778 satis.
3180 725 3253 779 De
3277 739 3487 779 concu-

1908 803 2050 860 binis
2090 808 2283 862 iterum
2310 809 2618 865 dicendum.

229 892 576 963 θεασάμενοι.
612 897 1019 967 Ἑπιτκέψασθε
1066 898 1176 968 γάρ
1212 897 1347 967 ὅσην
1403 895 1531 967 έσχε
1562 895 1899 967 ’παρρησίαν
1945 896 1975 949 ὅ
2014 898 2122 968 Σὴθ
2174 899 2312 971 πρὸς
2385 900 2477 954 τὸν
2528 901 2681 964 Θεὸν,
2714 901 2846 971 ὅσην
2890 900 2920 957 δ
3000 902 3185 969 Ἀσελ,
3268 906 3403 975 ὅσην
3447 907 3476 958 ὁ

244 987 623 1059 Ἐνὼχ,ὅσηνὸ
649 992 1002 1057 Μαθουσάλα,
1032 994 1163 1063 ὅσην
1185 992 1216 1045 ὅ
1246 990 1392 1057 Νῶε,
1425 990 1632 1063 πρῶτοι
1662 989 2004 1062 δικαιοσύνης
2059 992 2213 1058 ὅντες
2238 994 2483 1065 ἐρασταί.
2508 996 2618 1049 Καὶ
2639 998 2766 1068 περὶ
2790 994 2997 1053 τούτων
3028 998 3126 1071 μὲν
3150 999 3445 1070 αὐτάρκως
3465 1015 3482 1032 ·

229 1085 360 1155 περὶ
397 1086 457 1140 δι
525 1086 633 1142 τῶν
661 1087 955 1143 παλλακῶν
988 1088 1151 1142 πάλιν
1182 1088 1423 1143 λεκτέον.

297 1196 428 1258 Tol;
472 1196 612 1265 μετά
648 1197 742 1250 τὸν
790 1196 1175 1267 κατακλυσμὸν
1228 1196 1503 1265 ἀπωτέρω
1540 1194 1733 1249 λοιπὸν
1776 1195 1811 1264 ή

228 1286 433 1355 γνῶσις
467 1282 537 1359 ἦν
601 1286 696 1341 τοῦ
742 1286 901 1352 Θεοῦ,
956 1288 1049 1342 καὶ
1086 1287 1318 1358 ἔχρῃζον
1359 1288 1549 1358 ἐτέρας
1593 1284 1813 1355 διδαχῆς

230 1381 512 1452 ἑρπούσης
551 1380 656 1452 ήδη
683 1384 785 1450 τῆς
828 1380 1287 1450 είδωλολατρείας.
1324 1380 1383 1432 'O
1420 1375 1515 1432 οὖν
1540 1377 1695 1441 Θεὸς,
1725 1377 1812 1430 ἵνα

234 1475 308 1542 μὴ
344 1474 523 1545 πάντη
575 1473 638 1527 τὸ
678 1473 833 1541 γένος
877 1473 985 1526 τῶν
1013 1471 1317 1543 ἀνθρώπιον
1355 1472 1593 1541 ἀῖστωθῇ
1624 1470 1646 1502 ⁸
1669 1469 1810 1541 λήθῃ

230 1563 341 1615 τῶν
379 1562 581 1629 καλῶν,
604 1562 696 1615 τὸν
727 1562 856 1616 ῐδιον
886 1562 1059 1615 Παῖδα
1099 1564 1213 1625 τοῖς
1256 1562 1561 1632 προφήταις
1588 1560 1807 1614 ἐκέλευ-

234 1669 329 1705 σεν
359 1653 639 1723 ὑφηγῆσαι
660 1654 682 1685 ⁹
706 1653 804 1724 τὴν
825 1654 1089 1724 ἐσομένην
1119 1651 1313 1705 ἑαυτοῦ
1335 1652 1378 1684 ⁸⁸
1397 1652 1695 1723 παρουσίαν
1717 1650 1808 1705 διά

1987 1193 2071 1249 Ab
2098 1194 2165 1250 iis
2191 1195 2281 1264 qui
2312 1204 2431 1265 post
2482 1194 2740 1251 diluvium
2784 1195 3063 1262 vixerunt,
3113 1197 3205 1253 Dei
3246 1198 3489 1270 cognitio

1918 1284 2076 1352 paulo
2108 1284 2315 1354 longius
2349 1286 2610 1348 recessit.
2653 1286 2866 1356 aliaque
2904 1290 3116 1344 ratione
3158 1290 3302 1345 docti
3332 1299 3487 1353 sunt,

1916 1386 2165 1445 serpente
2184 1376 2296 1446 jam
2324 1376 2526 1446 passim
2551 1378 2870 1436 idololatria.
2903 1378 3047 1435 Deus
3066 1395 3197 1450 ergo
3220 1395 3287 1435 ne
3315 1395 3489 1451 genus

1914 1469 2210 1524 humanum
2240 1468 2509 1524 oblivione
2541 1471 2840 1525 honestatis
2886 1471 3101 1540 penitus
3150 1472 3484 1537 aboleretur,

1913 1576 2069 1616 suum
2098 1559 2295 1615 Filium
2322 1575 2417 1630 per
2446 1563 2737 1631 prophetas
2755 1561 2919 1631 jussit
2940 1563 3167 1627 dictare,
3194 1564 3486 1623 adventum

1909 1653 2025 1721 ejus
2056 1652 2108 1707 iu
2144 1654 2401 1707 mundum
2428 1668 2591 1708 carne
2615 1663 2895 1721 assumpta
2930 1653 3197 1719 futurum,
3234 1669 3342 1722 quo
3368 1654 3486 1726 spi-

235 1746 442 1814 σαρκὸς
470 1747 550 1808 είς
576 1745 669 1798 τὸν
694 1746 919 1815 κόσμον,
952 1744 1073 1798 καθ’
1105 1744 1173 1815 ῆν
1213 1746 1246 1814 ή
1285 1743 1386 1814 τῆς
1429 1744 1803 1815 πνευματικῆς

1909 1744 2117 1799 ritualis
2143 1743 2411 1798 octonarii
2440 1744 2692 1813 gaudium
2736 1752 2793 1799 et
2832 1745 3070 1816 cognitio
3102 1746 3488 1814 praedicaretur

232 1812 490 1902 ὀγδοάδος
512 1836 658 1908 χαρά
700 1812 811 1890 καὶ⁷
842 1836 1041 1905 γνῶσις
1081 1812 1507 1906 κηρυχθήσεται,
1558 1812 1805 1904 ἀφέσεως

1909 1836 1973 1889 ad
2005 1836 2364 1891 exhibendam
2392 1812 2770 1890 remissionem
2805 1812 3175 1905 peccatorum,
3205 1844 3261 1892 et
3299 1850 3489 1893 resur-

232 1929 651 1999 ἁμαρτημάτων
699 1925 835 1983 οὖσα
882 1930 976 1982 καὶ
1034 1928 1381 1989 ἀναστάσεως
1456 1927 1800 1997 παρεκτική·

233 2020 743 2091 περιτμηθήσεσθαι
796 2020 903 2090 γάρ
940 2019 1006 2073 δι’
1036 2018 1209 2087 αὐτῆς
1259 2019 1349 2072 τὸν
1398 2017 1682 2089 ἄνθρωπον
1735 2017 1805 2071 τά

235 2112 385 2181 πάθη
417 2111 510 2164 καὶ
539 2111 637 2181 τὴν
666 2110 890 2180 φθοράν.
923 2111 1033 2165 Καὶ
1056 2110 1148 2164 διά
1189 2111 1347 2164 τοῦτο
1385 2111 1476 2164 τὸν
1504 2110 1804 2177 κατάλογον

231 2205 343 2257 τῶν
379 2204 492 2259 ἀπὸ
506 2204 600 2257 τοῦ
638 2204 888 2275 ’Δδραάμ
916 2204 1232 2275 προφητῶν,
1262 2202 1349 2257 διά
1391 2204 1490 2275 τήν
1521 2203 1618 2274 τῆς
1646 2219 1805 2274 περι-

232 2298 410 2368 τομῆς
461 2296 755 2367 πρεσϐείαν
804 2298 894 2349 τὸν
932 2296 1077 2353 ὀκτὼ
1130 2294 1494 2367 περιεχούσης
1550 2295 1806 2365 ἀριθμὸν,

232 2382 301 2458 ῆς
353 2388 652 2457 ἐξήρτηται
682 2387 776 2440 καὶ
805 2389 835 2441 ὅ
870 2388 1055 2458 νόμος,
1088 2387 1367 2450 παλλακὰς
1406 2386 1681 2450 ἐκάλεσεν,
1723 2387 1807 2440 ὅτι

234 2479 343 2548 πρὸ
384 2478 481 2532 τοῦ
512 2480 611 2549 τὴν
642 2478 864 2549 νύμφην
896 2478 995 2549 τήν
1051 2478 1379 2549 Ἐκκλησίαν
1430 2478 1809 2550 κατεγγυηθῆ-

235 2588 325 2622 ναι
348 2569 429 2639 τῷ
460 2570 642 2640 Λόγῳ,
671 2570 740 2623 τὰ
766 2572 882 2623 θεῖα
914 2570 1264 2633 συλλαϐόντες
1300 2571 1341 2601 ¹¹
1365 2571 1678 2641 σπέρματα,
1709 2572 1809 2641 τῆς

235 2665 437 2732 νοητῆς
498 2662 931 2733 προεξήγγειλαν
1001 2661 1251 2729 ὀγδοάδος
1311 2663 1416 2729 τὴν
1482 2664 1807 2733 περιτομήν.

236 2753 505 2816 Νεάνιδας
558 2754 615 2806 δὲ
657 2752 816 2806 πάλιν
878 2753 960 2815 εἰς
1015 2750 1385 2821 ἀναρίθμητον
1448 2751 1807 2815 συντελούσας

234 2846 430 2915 ὅμιλον
464 2846 534 2899 τά
562 2845 667 2898 ὑπὸ
695 2847 807 2908 τοίς
845 2844 1117 2915 κρείττοσι
1150 2842 1279 2916 [508
1295 2842 1386 2913 Η.]
1415 2844 1810 2916 δικαιοπραγή-

237 2954 413 2991 σαντα
468 2937 667 3006 πλήθη,
702 2937 796 2989 καὶ
850 2935 1112 2997 νεανικῶς
1162 2934 1255 2988 καὶ
1290 2934 1553 3001 γενναίως
1591 2936 1813 3007 διαθλή-

237 3047 411 3084 σαντα
441 3030 578 3097 πρὸς
601 3030 700 3101 τὴν
725 3030 1021 3100 ἁμαρτίαν,
1053 3026 1224 3080 καλεῖ.
1263 3027 1424 3080 Ἀλλὰ
1450 3027 1655 3079 τούτων
1694 3028 1810 3081 οὗθ’

235 3129 294 3179 αἱ
318 3124 629 3194 βασίλισσαι
649 3122 765 3177 οὗθ’
794 3126 850 3177 αί
870 3123 1141 3176 παλλακαὶ
1172 3122 1553 3194 συγκρίνονται
1582 3124 1647 3193 τῇ
1686 3123 1811 3175 Ἐκο

237 3217 444 3287 κλησίᾳ.
469 3234 484 3248 ο
534 3218 567 3285 ή
609 3216 719 3287 γὰρ
769 3215 950 3269 τελεία
998 3217 1092 3268 καὶ
1148 3216 1379 3285 ἱκλεκτὴ
1433 3216 1583 3287 παρά
1633 3215 1813 3279 πάσας

233 3311 638 3382 ὀνομαζομένη,
672 3314 705 3382 ή
737 3313 802 3365 ὲκ
840 3312 1057 3365 πάντων
1094 3310 1406 3365 συνεστῶσα
1432 3327 1494 3364 τε
1546 3311 1644 3363 καὶ
1683 3327 1811 3363 συν-

235 3406 485 3475 ημμένη,
546 3405 657 3457 τῶν
718 3404 1033 3458 ἀποστόλων
1082 3404 1251 3469 ἐστὶν,
1299 3405 1332 3474 ή
1396 3403 1815 3475 ὑπερϐάλλουσα

233 3495 428 3566 νύμφη
481 3496 561 3566 τῷ
617 3496 800 3550 κάλλει
842 3496 943 3566 τῆς
992 3497 1175 3566 ἀκμῆς
1220 3496 1314 3549 καὶ
1363 3495 1465 3565 τῆς
1516 3497 1816 3567 παρθενίας

238 3589 445 3651 πάσας.
492 3588 582 3641 Διὸ
634 3589 732 3641 καὶ
780 3587 1141 3659 μακαρίζεται
1171 3587 1308 3655 πρὸς
1337 3587 1445 3639 τῶν
1485 3588 1681 3650 ἄλλων,
1732 3590 1814 3641 ὅτι

233 3679 381 3749 αὕτη
412 3675 520 3732 εἶδε
551 3682 643 3731 καὶ
669 3680 901 3748 ήκουσεν
934 3678 1179 3745 ἀφθόνως
1224 3676 1261 3731 ἃ
1306 3678 1508 3730 ἐκεῖναι
1542 3678 1816 3747 ἐπεπόθη-

238 3788 343 3823 σαν
397 3770 527 3823 ίδεϊν
581 3769 674 3822 καὶ
708 3768 937 3821 ἀκούσαι
992 3769 1087 3821 καὶ
1112 3767 1213 3820 οὐκ
1240 3762 1379 3820 εἶδον
1420 3770 1530 3820 οὐδ’
1553 3769 1811 3838 ἥκουσαν.

234 3863 586 3931 Μακάριοιη
621 3863 800 3932 τάροί
814 3858 1127 3930 ὀφθαλμοὶ,
1148 3861 1336 3929 φησὶν,
1359 3860 1543 3929 ὑμῶν,
1567 3862 1595 3912 ὁ
1611 3860 1817 3930 Κύριος

235 3959 358 4018 τοῖς
383 3957 670 4026 μαθηταῖς,
691 3958 745 4008 οι
769 3955 1108 4021 ,ϐλέποντες
1146 3954 1183 4007 d
1210 3954 1491 4017 βλέπετε.
1516 3952 1679 4021 Λέγω
1707 3952 1817 4021 γὰρ

236 4047 389 4114 ὑμῖν
432 4046 524 4099 ὅτι
564 4046 783 4099 πολλοὶ
829 4043 1127 4112 προφῆται
1165 4046 1558 4111 ἐπεθύμησαν
1594 4043 1744 4098 ἰδεῖν
1778 4042 1819 4097 ά

231 4136 525 4201 βλέπετε,
562 4136 658 4189 καί
684 4138 797 4189 οὐκ
834 4131 1019 4193 εἶδον.
1050 4134 1150 4189 καὶ
1171 4134 1429 4188 ἀκοῦσαι
1464 4134 1503 4187 d
1548 4134 1814 4199 ἀκούετε,

238 4230 344 4284 καὶ
373 4232 487 4282 οὐκ
528 4227 828 4295 ἤκουσαν.
858 4224 987 4297 [560
1020 4224 1110 4296 IL]
1137 4225 1347 4279 Οὐκοῦν
1371 4226 1459 4280 διὰ
1490 4226 1663 4280 ταῦτα
1707 4243 1816 4297 μα-

237 4318 565 4389 καρίζουσιν
620 4318 788 4388 αὐτὴν
847 4320 896 4371 οἰ
948 4319 1245 4388 προφῆται,
1296 4320 1377 4372 ὅτι
1424 4313 1500 4371 ῶν
1548 4320 1702 4372 αὐτοὶ
1744 4318 1819 4390 μὴ

236 4412 559 4480 ὲπέτυχονή
575 4409 866 4479 Ἐκκλησία
899 4410 1189 4479 μετείληφε
1213 4410 1309 4463 καὶ
1335 4409 1563 4480 ήξιώθη.
1589 4409 1817 4463 Δύναται

1906 1927 2223 1993 rectionem,
2262 1940 2359 1997 per
2405 1926 2552 1982 illum
2583 1927 2727 1982 enim
2775 1927 3157 1983 circumcisum
3204 1927 3269 1981 iri
3308 1928 3485 1982 homi-

1906 2034 2051 2084 nem,
2085 2019 2236 2084 vitia,
2276 2018 2515 2089 inquam,
2557 2030 2613 2075 et
2641 2020 3065 2088 corruptionem.
3114 2019 3253 2075 Hinc
3290 2020 3488 2075 catalo-

1905 2124 2030 2179 gum
2065 2110 2450 2180 prophetarum
2511 2110 2579 2167 ab
2611 2111 2917 2165 Abrahamo
2956 2120 3219 2180 emptum,
3265 2120 3485 2183 propter

1906 2201 2358 2267 circumcisionis,
2389 2217 2509 2272 quze
2531 2204 2870 2257 octonarium
2898 2205 3140 2259 continet
3171 2219 3483 2267 numerum,

1908 2294 2305 2363 antiquitatem,
2328 2309 2358 2347 a
2392 2310 2497 2363 qua
2524 2294 2609 2350 lex
2632 2296 2863 2364 pendet,
2889 2298 3224 2352 concubinas
3254 2296 3486 2366 appella-

1907 2388 2003 2441 vit.
2026 2385 2159 2442 Nam
2192 2397 2476 2455 antequam
2503 2403 2697 2459 sponsa
2749 2387 2985 2443 Ecclesia
3032 2385 3208 2443 Verbo
3244 2387 3485 2457 despon-

1908 2478 2146 2542 deretur,
2178 2478 2546 2548 concipientes
2570 2479 2809 2533 divinam
2843 2482 3145 2533 sementem
3184 2475 3484 2546 spiritualis

1910 2571 2202 2635 octonarii,
2232 2570 2698 2627 circumcisionem
2739 2569 3193 2639 pramuntiarunt.
3230 2566 3311 2622 Ad
3349 2566 3487 2621 mul-

1910 2665 2193 2720 titudinem
2221 2679 2350 2719 vero
2380 2678 2599 2719 rursum
2646 2661 3092 2718 innumerabilem
3130 2660 3483 2731 (hominum),

1910 2775 2030 2829 quae
2058 2773 2158 2828 pro
2179 2758 2442 2825 majorum
2474 2757 2700 2824 imperio
2730 2760 2878 2825 juste
2906 2755 3058 2818 vivit,
3086 2764 3140 2809 et
3174 2754 3407 2809 viriliter
3432 2762 3489 2810 ct

1912 2868 2173 2925 generose
2196 2862 2386 2908 contra
2412 2852 2539 2907 vitia
2564 2852 2822 2915 decertat,
2845 2848 3280 2904 adulescentulas
3306 2848 3491 2916 appelo

1914 2949 2007 3001 lat.
2046 2946 2155 3002 Sed
2186 2961 2252 3000 ex
2306 2946 2373 2999 iis
2420 2958 2592 3014 neque
2639 2945 2876 3013 reginae,
2924 2956 3096 3009 neque
3147 2940 3487 3003 concubium,

1913 3055 2032 3094 cum
2078 3037 2319 3093 Ecclesia
2349 3045 2756 3106 comparantur.
2792 3033 2916 3090 Haec
2962 3034 3105 3087 enim
3152 3031 3394 3103 perfecta
3434 3042 3489 3085 et

1914 3132 2085 3186 electa
2151 3145 2260 3200 pra:
2312 3131 2562 3183 omnibus
2603 3128 2902 3190 nominata,
2957 3142 3077 3195 quae
3120 3142 3186 3181 ex
3235 3124 3491 3181 omnibus

1914 3232 2125 3280 constat
2161 3230 2217 3277 et
2260 3223 2583 3278 concinnata
2623 3230 2744 3286 est,
2796 3230 2879 3275 est
2912 3218 3318 3289 apostolorum,
3369 3232 3490 3286 qua

1914 3329 2110 3385 sponsa
2160 3314 2324 3375 ﬂore}
2354 3312 2771 3384 pulchritudinis
2818 3318 2875 3366 et
2932 3310 3200 3365 castitatis
3266 3321 3491 3377 superat

1914 3421 2123 3461 omnes.
2151 3407 2486 3475 Quapmpter
2515 3403 2672 3458 beata
2716 3402 2783 3456 ab
2820 3400 2942 3457 aliis
2984 3399 3329 3469 praedicatur,
3361 3399 3488 3467 quia

1916 3497 2029 3552 haec
2050 3504 2236 3567 aperte
2267 3496 2403 3551 vidit
2425 3504 2478 3551 et
2510 3493 2736 3557 audivit,
2776 3507 2895 3563 qua
2933 3491 3036 3546 illa:
3084 3491 3267 3545 videre
3305 3498 3360 3544 et
3393 3505 3490 3543 au-

1914 3593 2031 3645 dire
2066 3591 2529 3645 desideraverunt.
2566 3587 2716 3642 Beati
2740 3585 2899 3651 oculi,
2932 3584 3090 3655 311
3118 3602 3150 3637 α
3181 3584 3357 3651 inquit
3383 3583 3488 3636 Do-

1917 3682 2091 3735 minus
2118 3679 2416 3750 discipulis,
2449 3680 2537 3747 qui
2582 3677 2781 3743 vident,
2816 3693 2935 3746 qua
2982 3694 3069 3730 vos
3113 3676 3319 3730 videtis.
3360 3674 3487 3727 Dico

1913 3779 2052 3831 enim
2079 3778 2241 3840 vobis,
2289 3774 2428 3845 quod
2458 3772 2609 3827 multi
2651 3772 2914 3841 propheta
2946 3771 3373 3825 desideraverunt
3416 3769 3491 3821 vi-

1915 3873 2035 3924 dere
2056 3884 2172 3939 qua
2199 3870 2404 3934 videtis,
2438 3878 2486 3920 et
2516 3882 2619 3920 non
2659 3864 2929 3927 viderunt;
2955 3873 3000 3917 et
3033 3863 3220 3915 audire
3244 3876 3361 3930 qua:
3390 3877 3493 3913 au-

1915 3963 2061 4023 ditis,
2095 3968 2145 4014 et
2191 3976 2293 4013 non
2322 3960 2601 4013 audierunt
2645 3957 2692 4010 ⁸.
2724 3955 2914 4010 Nonne
2957 3962 3241 4021 propterea
3274 3953 3490 4005 beatam

1917 4054 2210 4123 praedicant
2262 4051 2433 4120 ipsam
2474 4048 2771 4119 prophetat,
2824 4045 2967 4115 quod
2997 4046 3197 4114 quibus
3244 4043 3347 4113 ipsi
3383 4056 3492 4095 non

1919 4153 2223 4215 potuerunt,
2253 4143 2340 4198 bis
2362 4141 2601 4197 Ecclesia
2629 4139 2798 4210 potita
2825 4139 2931 4201 sit,
2964 4147 3018 4192 et
3038 4137 3278 4207 dignata.
3315 4133 3495 4189 Possit

1917 4238 2040 4308 quis
2069 4250 2322 4307 sponsam
2350 4234 2514 4290 etiam
2541 4233 2699 4288 aliter
2723 4230 3024 4299 explicare,
3062 4242 3119 4283 et
3160 4228 3341 4282 dicere
3371 4240 3495 4279 car-

1920 4349 2041 4389 nem
2070 4347 2191 4386 esse
2215 4332 2587 4385 intemeratam
2623 4321 2860 4389 Domini,
2901 4323 3058 4389 cujus
3081 4335 3243 4375 causa
3281 4327 3493 4387 patrem

1920 4422 2153 4477 deseruit
2180 4431 2234 4475 et
2263 4420 2318 4474 in
2350 4428 2550 4473 terram
2584 4416 2690 4470 huc
2721 4410 3020 4477 descendit,
3052 4410 3241 4479 illique
3279 4422 3379 4478 per
3410 4407 3496 4458 iu-

236 4502 297 4555 δέ
330 4518 414 4562 τις
446 4503 541 4553 καὶ
566 4500 765 4570 ἑτέρως
788 4501 893 4571 τὴν
921 4500 1139 4570 νύμφην
1168 4502 1333 4569 φάναι
1373 4502 1471 4571 τὴν
1507 4502 1685 4570 σάρκα
1717 4501 1815 4572 τὴν

1919 4508 2287 4565 carnationem
2346 4504 2631 4573 copulatus
2690 4510 2795 4555 est.
2843 4494 2984 4551 iiinc
3049 4496 3282 4565 ﬁgurate
3344 4494 3491 4548 illam

236 4592 545 4661 ἀμόλυντον
589 4586 728 4642 εἶναι
765 4590 859 4642 τοῦ
905 4592 1132 4659 Κυρίου,
1179 4584 1248 4661 ἦς
1286 4591 1445 4660 χάριν
1488 4590 1820 4659 καταλείψας

237 4688 332 4737 τὸν
354 4682 574 4752 Πατέρα
602 4682 862 4751 κατῆλθεν
893 4683 1127 4735 ἐνταῦθα
1141 4684 1236 4735 καὶ
1250 4683 1655 4754 προσεκολλήθη
1682 4685 1819 4755 αὐτῇ

239 4772 691 4843 ὲνανθρωπήσας.
725 4772 815 4823 Διὸ
857 4770 919 4837 δὴ
979 4770 1073 4822 καὶ
1123 4770 1451 4841 περιστεράν
1497 4771 1667 4839 αὐτὴν
1715 4771 1818 4840 ἔφη

237 4864 602 4935 τροπικῶς³³,
634 4861 1114 4932 ἑπειδὴτιθασὸν¹δ
1142 4862 1201 4914 τὸ
1225 4862 1363 4925 ζῶον
1392 4864 1485 4915 καὶ
1508 4861 1819 4931 ὑπωρόφιον

240 4960 339 5011 καὶ
362 4957 544 5028 διαίτῃ
568 4958 631 5026 τῇ
662 4954 962 5025 ἀνθρώπων
993 4955 1037 4985 ³⁸
1075 4955 1387 5025 ἀσμενίζον.
1430 4956 1539 5007 Kal.
1570 4956 1628 5005 ὲν
1661 4954 1737 5023 τῷ
1770 4970 1824 5021 μ’

240 5051 396 5105 κα¹ιδ¹
418 5049 640 5119 ψαλμῷ,
675 5050 777 5102 Ἐκ
798 5048 1010 5112 δεξιῶν
1026 5050 1069 5080 ’⁸
1089 5046 1498 5116 παρισταμένη
1520 5047 1613 5100 τοῦ
1635 5048 1674 5078 "
1690 5047 1824 5100 Θεοῦ

236 5139 443 5211 μερῶν
457 5140 825 5203 βασίλισσα,
842 5143 875 5211 ή
894 5140 971 5210 τῷ
995 5140 1268 5210 διαχρύσῳ
1282 5139 1382 5208 τῆς
1410 5139 1613 5208 ἀρετῆς
1636 5139 1825 5209 κόσμῳ

242 5232 739 5301 κατεπολισμὲνη,
774 5229 842 5302 ἧς
898 5232 1212 5303 ἐπεθύμησε
1243 5231 1338 5285 τοῦ
1367 5231 1593 5295 κάλλους
1624 5233 1652 5285 ὁ
1677 5231 1827 5300 βασι-

317 5426 342 5459 κ
387 5414 519 5468 Luc.
564 5431 617 5480 x,
648 5413 739 5480 ει,
775 5412 864 5468 25.
940 5412 1143 5470 hPsal.
1195 5426 1345 5476 mv,
1390 5413 1475 5469 l0.

1925 4600 2227 4656 columbam
2258 4596 2569 4667 appellavit,
2612 4595 2753 4664 quod
2786 4589 2984 4645 animal
3016 4590 3087 4641 sit
3124 4589 3276 4639 cicur
3304 4594 3361 4640 et
3394 4586 3496 4641 sub

1926 4694 2082 4747 tectis
2106 4693 2327 4760 degens,
2367 4689 2721 4755 convictuque
2759 4683 3038 4738 hominum
3083 4679 3398 4732 delectetur.
3432 4676 3499 4731 Et

1925 4786 1977 4838 in
2022 4782 2434 4852 quadragesimo
2480 4785 2675 4847 quarto
2717 4775 2923 4843 psalmo
2973 4788 2988 4825 :
3045 4770 3206 4825 Stans
3256 4770 3436 4838 regina
3464 4786 3498 4822 a

1924 4875 2123 4928 dextris
2153 4873 2202 4926 ιι.
2232 4872 2363 4938 (Deo
2390 4870 2491 4925 sibi
2522 4868 2775 4923 sinistras
2800 4866 3066 4935 sumente)
3090 4875 3255 4916 aureo
3280 4860 3497 4913 virtutis

1924 4965 2067 5018 cultu
2119 4968 2417 5028 exornata;
2468 4960 2622 5028 cujus
2674 4958 3131 5027 pulchritudinem
3179 4952 3497 5022 concupivit

1926 5060 2061 5121 Rex,
2090 5072 2217 5111 caro
2242 5065 2347 5121 est,
2383 5063 2441 5108 ut
2476 5052 2613 5116 dixi,
2645 5051 2736 5107 illa
2765 5052 2967 5106 illibata
3012 5059 3069 5105 et
3107 5048 3290 5113 beata,
3332 5060 3498 5116 quam

1922 5164 2106 5204 secum
2135 5149 2187 5202 in
2218 5148 2414 5203 cmlum
2454 5146 2757 5215 deportavit
2788 5143 3046 5205 Verbum,
3079 5149 3242 5210 atque
3274 5141 3327 5193 in
3359 5140 3491 5192 dex-

1924 5249 2005 5293 tra
2056 5237 2231 5292 Patris
2272 5236 2578 5299 collocavit,
2617 5237 2812 5290 vestitu
2852 5235 3111 5289 deaurato
3150 5238 3495 5292 exornatam,

1515 5570 1753 5629 VABIE
1796 5560 2198 5626 LECTIONES.

315 5691 340 5724 ⁸
372 5691 613 5759 άίστωθῇ
636 5708 745 5746 υιιι.
775 5692 882 5747 ΑΒ.
991 5693 1011 5723 ⁹
1050 5691 1431 5762 ὑφηγήσασθαι
1466 5691 1723 5758 Scaliger.

253 5838 349 5889 καὶ
382 5831 476 5885 τοῦ
541 5846 623 5899 pr.
656 5834 722 5887 Α.

1834 5690 1877 5723 ⁸⁸
1908 5689 2071 5743 αὑτοῦ
2101 5707 2160 5754 ς’.
2253 5691 2291 5720 ¹¹
2322 5688 2713 5757 προσλαϐόντες
2740 5688 2843 5740 ΑΒ.

242 5760 338 5816 24.
422 5762 467 5834 "_
689 5763 791 5832 ἐφη
821 5780 880 5827 ς.
961 5766 1001 5796 ⁸³
1028 5735 1278 5816 τιθαίάσδν
1322 5772 1376 5817 et
1409 5735 1738 5834 ύπορρέφιον
1768 5778 1828 5825 ς.
1909 5763 1950 5792 ¹³
1991 5763 2055 5831 τῇ
2103 5740 2209 5814 τῶν
2238 5741 2397 5828 ἀνθῤ.
2433 5776 2491 5821 ς.
2574 5762 2614 5789 ¹⁶
2639 5735 2711 5809 ἐκν
2733 5775 2838 5809 των
2866 5757 2910 5809 ὃ.
2951 5735 3007 5820 ιβ,
3090 5735 3250 5806 "Eoo

2913 5688 2955 5717 "
2989 5678 3271 5826 μακάριοιί
3303 5683 3429 5736 Luc.
3468 5696 3499 5735 ι

2951 5735 3007 5820 ιτ,
3090 5756 3126 5787 ⁸⁷
3157 5754 3250 5806 τοὺ
3332 5754 3497 5806 λαιῶν

3332 5772 3396 5806 Λα
3403 5768 3497 5806 ιων
