4208 6442
737 401 877 469 1171

1880 413 2140 473 ΡΗΟΤΙΙ
2180 413 2687 476 ΡΑΤΒΙΑΒΕΗΕ
2720 418 2827 478 CP.

3853 407 3995 474 11η

738 520 875 573 ιυοά
934 519 1155 589 mystice
1186 529 1271 576 est
1302 522 1492 576 studiis
1538 522 1862 578 innocentiae
1896 540 1988 579 seu
2032 527 2315 594 incorrup-
2341 533 2389 592 Α

2413 524 2559 589 λεύς,
2590 530 2623 597 ἡ
2653 529 2787 598 σάρξ
2815 530 2981 592 ἐστιν,
3011 528 3086 591 ὡς
3129 529 3286 597 ἔφην,
3320 530 3353 598 ἡ
3389 527 3658 597 ἄχραντος
3686 520 3873 592 ἐκείνη
3905 506 4001 574 καὶ

736 609 915 666 tionis.

2418 623 2688 693 μακαρία,
2724 625 2788 692 ἢν
2820 621 2984 685 αὐτὸς
3011 622 3350 690 ἀνακομίσας
3381 621 3410 671 ό
3438 620 3594 686 λόγος
3616 617 3697 681 είς
3733 614 4000 683 οὐρανοὺς

734 705 795 757 ἐκ
858 704 1047 770 δεξιῶν
1104 710 1416 779 παρέστησε
1458 710 1552 763 τοῦ
1619 710 1853 781 Πατρδς,
1912 712 1970 765 ἐν
2038 714 2317 787 ίματισμῳ
2352 716 2630 789 διαχρύσῳ
2664 717 3101 788 κεκοσμημένην,
3133 716 3161 769 ὃ
3194 715 3255 781 δή
3291 718 3406 768 ἐστι
3475 710 3821 784 συμϐολικῶς
3887 708 4001 769 τοῖς

734 799 1131 871 ἐπιτηδεύμασι
1160 801 1260 872 τῆς
1283 802 1607 874 ἀφθαρσίας.

803 893 987 964 (Dicit)
1024 894 1165 963 quod
1206 893 1473 964 παρθενία
1521 896 1632 966 (95)
1654 896 1865 951 dicatur
1914 913 1941 950 a
1989 900 2141 969 παρὰ
2185 899 2303 952 θεία

734 981 1029 1036 mutatione
1068 984 1226 1037 unius
1257 984 1476 1049 litterze,
1520 986 1673 1063 quasi
1717 1001 1837 1055 qua:
1868 985 1980 1041 sola
2014 988 2184 1053 illum,
2213 987 2303 1056 qui

735 1073 1057 1141 virginitatis
1085 1075 1407 1130 intemerata
1435 1078 1706 1130 contineat
1729 1079 1979 1147 mysteria
2014 1077 2122 1133 Deo
2153 1094 2304 1133 com-

734 1173 907 1233 paret,
939 1180 1043 1232 quo
1073 1166 1273 1221 bonum
1311 1166 1513 1221 nullum
1560 1169 1787 1222 inveniri
1825 1169 1999 1238 majus
2030 1180 2230 1239 potest.

807 1252 1091 1322 Virtutem,
1146 1258 1239 1322 ait,
1294 1258 1408 1313 sive
1452 1270 1673 1328 propter
1718 1261 1974 1328 seipsam,
2020 1263 2133 1317 sive
2161 1264 2305 1331 quod

736 1345 945 1400 animas
984 1347 1235 1402 sublimet
1274 1357 1328 1401 et
1367 1348 1421 1401 in
1456 1349 1651 1403 cmlum
1692 1351 1843 1404 tollat
1886 1352 2026 1406 hanc
2070 1354 2304 1408 nominis

735 1438 1147 1507 appellationem
1177 1441 1473 1509 accepisse.

806 1526 941 1583 Cum
976 1530 1134 1584 dictis
1168 1531 1427 1587 hactenus
1454 1534 1618 1588 etiam
1651 1535 1753 1589 hoc
1789 1535 1860 1588 ait
1891 1536 2058 1591 videri
2099 1537 2299 1594 facere.

735 1615 1027 1674 Oraculum
1051 1622 1259 1676 caelitus
1281 1640 1309 1675 a
1340 1621 1495 1676 Patre
1519 1624 1734 1678 Christo
1760 1626 1810 1677 in
1834 1624 2062 1680 Jordane
2086 1629 2265 1681 datum
2290 1645 2303 1680 :

737 1704 915 1761 Filius
952 1726 1095 1763 meus
1121 1726 1173 1764 es
1207 1723 1283 1775 tu,
1328 1728 1420 1781 ego
1465 1713 1618 1765 hodie
1657 1713 1809 1781 genui
1838 1725 1884 1766 te
1925 1715 1967 1768 ί.
2001 1712 2305 1770 Observan-

738 1800 863 1852 dum
892 1801 1005 1863 hic,
1046 1802 1177 1855 illud
1215 1801 1383 1856 ﬁlium
1413 1819 1568 1857 suum
1610 1817 1751 1866 esse,
1802 1803 2079 1858 indeﬁnite
2106 1815 2159 1860 et
2189 1808 2307 1861 sine

740 1899 982 1959 tempore
1010 1891 1231 1944 dictum.
1262 1894 1335 1945 Es
1370 1894 1511 1946 enim
1540 1892 1685 1959 ﬁlius
1714 1909 1812 1948 suo
1841 1896 2110 1963 ipsidixit,
2130 1906 2308 1950 etnon

742 1979 926 2049 (dixit)
974 1980 1141 2049 factus
1184 1998 1275 2046 es;
1307 1982 1589 2039 declarans
1635 2000 1812 2054 neque
1858 2002 2051 2040 novum
2083 2004 2175 2041 seu
2226 2003 2313 2041 re-

740 2081 955 2126 centem
1012 2072 1187 2142 ipsum
1245 2075 1495 2143 adeptum
1548 2090 1669 2130 esse
1734 2078 2074 2144 ﬁliationem,
2135 2094 2309 2148 neque

741 2162 903 2216 ﬁnem
922 2162 1177 2218 habuisse
1202 2178 1324 2218 eum
1340 2167 1430 2234 qui
1455 2166 1602 2236 prius
1624 2168 1915 2234 exstiterit,
1940 2173 2034 2224 sed
2060 2170 2309 2225 eumdem

741 2264 958 2317 semper
981 2265 1125 2305 esse.
1167 2250 1299 2306 lllud
1330 2267 1456 2306 vero
1483 2271 1497 2307 :
1531 2253 1635 2321 Ego
1658 2256 1809 2309 hodie
1832 2259 1984 2326 genui
2027 2271 2113 2321 te;
2145 2246 2311 2325 volui,

744 2340 940 2409 inquit,
967 2355 1091 2394 eum
1118 2341 1206 2410 qui
1236 2343 1384 2409 prius
1409 2342 1520 2411 jam
1546 2347 1669 2400 inde
1700 2358 1823 2401 ante
1854 2348 2047 2402 saecula
2081 2352 2133 2405 in
2159 2352 2312 2406 caelis

742 2430 920 2487 fuerat
954 2435 1115 2487 etiam
1149 2437 1346 2490 mundo
1384 2452 1665 2506 generare,
1710 2441 1810 2493 hoc
1844 2452 1946 2503 est,
1982 2444 2132 2508 prius
2162 2445 2313 2513 igno—

744 2536 881 2592 tum,
911 2535 1092 2580 notum
1140 2527 1385 2584 reddere.
1420 2528 1706 2597 Nimirum,
1732 2532 1795 2585 iis
1826 2533 1915 2601 qui
1942 2535 2310 2590 multimodam

744 2616 841 2671 Dei
866 2618 1190 2688 sapientiam
1231 2623 1469 2675 nondum
1498 2622 2104 2693 intelliguntnunquam
2138 2628 2312 2680 adhuc

744 2719 907 2764 natus
939 2719 1024 2764 est
1067 2710 1339 2779 Christus,
1373 2715 1474 2767 hoc
1512 2724 1616 2777 est,
1650 2731 1923 2785 nunquam
1973 2719 2222 2787 cognitus
2261 2728 2314 2771 et

743 2807 1035 2863 revelatus.

814 2983 1047 3038 Plurima
1073 2999 1139 3039 ex
1168 2984 1484 3054 Apocalypsi
1529 2986 1697 3039 sancti
1744 2984 1969 3042 Joannis
2014 2987 2314 3059 31117(ιί-

2412 894 2606 947 πῆὍτι
2634 893 2865 962 παρθεία
2885 893 2927 924 ⁸⁸
2947 896 2978 963 ή
3002 892 3271 963 παρθενία
3294 891 3431 943 κατά
3458 891 3585 960 μίαν
3608 891 3937 959 ἀπαλλαγὴν
3958 892 4000 924 ¹⁹

2412 985 2657 1038 καλεῖται
2689 985 2980 1054 στοιχείου,
3006 983 3081 1045 ὡς
3110 983 3174 1052 δὴ
3212 982 3347 1052 μόνη
3374 982 3465 1033 τὸν
3488 981 3681 1051 ἔχοντα
3706 981 3881 1051 αὐτῆς
3903 982 4000 1043 τὰς

2411 1078 2683 1147 ἀφθόρους
2707 1078 2929 1139 τελετὰς
2960 1075 3079 1147 Θεῷ
3109 1076 3486 1138 ἀπεικάζουσα
3511 1116 3525 1140 ,
3556 1067 3618 1127 οὗ
3646 1075 3834 1144 μεῖζον
3864 1075 4000 1141 ἀγα-

2414 1169 2507 1222 θὸν
2534 1170 2796 1222 ἀδύνατον
2824 1170 3025 1236 εὑρεῖν.

2474 1262 2597 1315 Ὀτι
2655 1263 2840 1331 φησὶν,
2859 1261 2922 1312 Ἦ
2940 1258 3109 1329 ἀρετὴ
3134 1260 3254 1330 ἢτοι
3281 1259 3347 1312 δι’
3371 1258 3649 1320 ἑαυτὴνθο,
3683 1256 3796 1310 εἴτε
3829 1257 3918 1309 διά
3942 1259 4000 1309 τὸ

2405 1356 2703 1427 αίρεινικαὶ
2735 1354 3085 1425 μετεωρίζειν
3115 1352 3253 1422 πρὸς
3276 1351 3501 1422 οὐρανὸν
3521 1352 3621 1413 τάς
3648 1349 3833 1419 ψυχὰς
3866 1349 4000 1403 ταύ-

2413 1465 2513 1516 την
2556 1448 2757 1517 ἔσχηκε
2792 1446 2889 1516 τὴν
2930 1444 3267 1512 ἐπωνυμίαν.

2474 1539 2597 1591 Ὀτι
2645 1539 2826 1606 φησὶν,
2871 1536 3053 1587 Ἐοικε
3085 1534 3141 1586 δὲ
3182 1534 3297 1594 τοῖς
3343 1530 3652 1601 εἰρημένοις
3698 1530 3794 1583 καὶ
3844 1530 3999 1582 τοῦτο

2420 1629 2653 1698 μάλιστα
2707 1629 3019 1695 συμφωνεῖν
3066 1625 3127 1677 τὸ
3173 1622 3669 1694 χρησμῳδούμενον
3698 1620 3909 1675 ἀνωθεν
3941 1620 3998 1683 ἐξ

2412 1718 2576 1773 αὐτοῦ
2623 1718 2718 1772 τοῦ
2765 1719 2969 1788 Πατρὸς
3002 1717 3082 1786 τῷ
3110 1715 3329 1787 Χριστῷ
3357 1716 3415 1767 ἐν
3446 1713 3525 1785 τῷ
3557 1713 3793 1784 Ἰορδάνῃ
3816 1730 3831 1743 ⁸
3868 1714 3997 1777 mc

2338 1820 2379 1875 Β
2403 1830 2520 1880 μου
2551 1806 2605 1865 sl
2622 1811 2724 1873 σὺ,
2751 1810 2865 1878 ἐγὼ
2894 1810 3164 1877 σήμερον
3188 1804 3519 1874 γεγέννηκά
3539 1820 3632 1858 σε.
3662 1805 3996 1873 Παρατηρη-

2412 1906 2533 1957 τέον
2556 1904 2663 1973 γὰρ
2686 1905 2767 1956 ὅτι
2798 1903 2859 1954 τὸ
2890 1902 2987 1971 μὲν
3021 1900 3145 1954 Υἰὸν
3168 1897 3333 1951 αὐτοῦ
3352 1898 3395 1928 ¹¹
3422 1892 3560 1949 εἶναι
3592 1894 3863 1961 ἀορίστως
3888 1895 3996 1946 ἀπ-

2416 2002 2651 2069 εφήνατο
2671 1998 2765 2052 καὶ
2785 1996 3050 2067 ἀχρόνως.
3085 1999 3156 2050 El
3185 1994 3295 2063 γὰρ
3328 1994 3459 2058 Υἱὸς
3481 1990 3627 2058 αὐτῴ
3659 1990 3762 2061 ἔφη
3796 1987 3917 2060 [καὶ
3938 1986 3995 2038 οὐ

2412 2095 2638 2162 γέγονας
2660 2090 2727 2162 ⁸³]
2758 2090 3039 2159 ἐμφαίνων
3066 2089 3202 2159 μήτε
3233 2087 3542 2157 πρόσφατον
3572 2084 3735 2137 αὐτὸν
3764 2096 3996 2148 τετυχη-

2411 2186 2564 2239 κέναι
2614 2184 2712 2253 τῆς
2761 2182 3031 2245 υἱοθεσίας
3058 2222 3073 2245 ,
3112 2183 3248 2251 μήτε
3282 2176 3347 2233 αὖ
3380 2177 3809 2249 προῦπάρξαντα
3842 2175 3996 2232 τέλος

2412 2278 2722 2349 ἐσχηκέναι,
2770 2275 2907 2328 ἀλλά
2948 2270 3086 2327 εἶναι
3128 2272 3217 2327 ἀεὶ⁵
3260 2272 3351 2325 τὸν
3383 2272 3566 2325 αὐτόν.
3595 2270 3671 2321 Τὸ
3703 2269 3798 2320 δέ·
3850 2266 3997 2334 Ἐγὼ

2412 2373 2677 2439 σήμερον
2710 2366 3038 2439 γεγέννηκὰ
3070 2382 3165 2431 σε,
3196 2366 3277 2418 ὅτι
3313 2363 3553 2434 Προόντα
3586 2362 3686 2433 ἤδη
3737 2360 3846 2430 πρὸ
3888 2360 3996 2411 τῶν

2412 2462 2641 2525 αίὼνων,
2672 2460 2817 2528 λέγει
2838 2463 2904 2522 ’³,
2936 2460 2993 2511 ἐν
3026 2460 3139 2519 τοῖς
3168 2458 3413 2525 οὐρανοῖς
3438 2452 3735 2523 ἐϐουλήθην
3781 2454 3877 2505 καὶ
3916 2451 3995 2520 τῷ

2414 2555 2603 2622 κόσμῳ
2657 2551 2935 2620 γεννῆσαι,
2988 2550 3016 2601 ὅ
3061 2550 3124 2620 δή
3173 2550 3290 2600 ἐστι
3342 2547 3580 2616 πρόσθεν
3627 2544 3995 2611 ἀγνοούμενον

2413 2645 2697 2713 γνωρίσαι.
2717 2642 2931 2711 ’Δμέλει
2950 2642 2998 2672 ’⁸
3025 2643 3137 2702 τοῖς
3163 2639 3388 2709 μηδέπω
3406 2638 3515 2689 τῶν
3539 2635 3840 2703 ἀνθρώπων
3865 2651 3994 2684 συν-

2414 2737 2555 2807 ῃσθη
2565 2737 2744 2805 μένοις
2769 2735 2867 2804 τὴν
2896 2731 3277 2785 πολυποίκιλον
3305 2729 3400 2782 τοῦ
3426 2728 3563 2781 Θεοῦ
3599 2727 3790 2794 σοφίαν
3814 2728 3843 2777 ὁ
3867 2727 3995 2795 Χρι-

2418 2831 2540 2891 στὸς
2585 2825 2796 2881 οὐδέπω
2840 2825 3158 2893 γεγέννηται
3183 2840 3196 2855 ·
3232 2824 3369 2891 ὅπερ
3409 2822 3561 2875 ἐστὶν
3591 2822 3802 2874 οὐδέπω
3826 2818 3998 2885 ἐγνώ-

2421 2920 2545 2986 σθη,
2588 2918 2802 2971 οὐδέπω
2840 2916 3247 2984 πεφανέρωται.

2490 3012 2613 3063 Ὅτι
2636 3010 2704 3062 τά
2735 3009 2958 3061 πλεῖστα
2990 3006 3090 3073 τῆς
3118 3005 3213 3058 τοῦ
3236 3006 3393 3074 ἁγίου
3421 3006 3665 3058 Ἰωάννου
3694 3001 3997 3055 Ἀποκαλύ-

744 3084 828 3131 cta
855 3077 918 3129 ad
943 3075 1237 3131 Ecclesiam
1264 3085 1317 3130 et
1335 3078 1621 3147 virginales
1638 3079 1844 3133 animas
1867 3080 2045 3135 refert.
2065 3082 2316 3148 Quinitno

2416 3100 2563 3170 ψεως
2593 3098 2732 3171 ρητά
2769 3101 2850 3160 εἰς
2886 3097 2983 3167 τὴν
3020 3097 3346 3165 Ἐκκλησίαν
3381 3096 3478 3149 καὶ
3509 3095 3606 3156 τάς
3634 3093 4001 3162 παρθενευού-

744 3169 925 3221 omnia
993 3165 1108 3222 fere
1164 3169 1306 3223 dicta
1367 3169 1587 3223 aliunde
1635 3169 2041 3239 interpretatur,
2078 3188 2175 3228 nec
2221 3165 2385 3227 ad-C

2420 3165 2518 3252 σας
2553 3165 2729 3260 φυγὰς
2758 3165 3144 3255 ἀνάγει.Ἀλλά
3183 3187 3365 3256 σχεδὸν
3394 3189 3485 3239 καὶ
3520 3186 3645 3257 1509
3677 3183 3769 3254 Η.]
3797 3186 3899 3237 ὅσα
3931 3185 3998 3236 ἂν

744 3262 1005 3327 litteram,
1036 3262 1131 3318 sed
1152 3263 1439 3333 allegorice
1472 3265 1526 3318 in
1551 3265 1652 3320 hoc
1675 3266 1887 3337 dialogo
1914 3269 2152 3337 exponit.

816 3462 1031 3518 Refellit
1070 3478 1163 3517 eos
1211 3464 1304 3532 qui
1356 3464 1522 3517 fatum
1570 3473 1795 3534 ponunt,
1844 3464 1929 3519 his
1980 3465 2160 3519 verbis
2200 3481 2213 3516 :
2261 3465 2316 3520 Si

746 3567 894 3609 astra
945 3556 1263 3612 mortalibus
1313 3556 1652 3611 calamitates
1705 3565 1760 3610 et
1816 3555 2014 3609 malam
2080 3566 2314 3609 mentem

746 3648 1060 3711 conciliant,
1106 3649 1253 3703 circa
1303 3648 1569 3702 luxuriam
1624 3657 1678 3703 et
1730 3649 1853 3701 vitae
1902 3649 2318 3703 inconstantiam

744 3747 1029 3807 occupata,
1058 3737 1187 3807 ipsis
1215 3738 1524 3793 hominibus
1550 3737 1848 3792 infeliciora
1867 3747 2012 3799 sunt,
2040 3737 2185 3805 quod
2211 3749 2315 3790 non

746 3826 860 3896 ipsa
897 3827 1088 3896 (astra)
1116 3836 1301 3881 ament
1333 3825 1512 3892 mala;
1559 3828 1650 3881 sed
1684 3826 1926 3880 homines
1964 3826 2127 3879 etiam
2168 3835 2224 3879 ut
2255 3839 2319 3879 ea

746 3920 1065 3989 designent,
1095 3929 1313 3989 cogant.
1360 3918 1627 3974 Preterea
1659 3919 1704 3972 si
1734 3918 1876 3972 nulla
1907 3920 2049 3973 actio
2083 3920 2200 3972 sine
2225 3919 2318 3972 dc-

745 4009 947 4063 siclerio
998 4007 1091 4073 ﬁt,
1128 4017 1183 4061 et
1217 4023 1380 4062 omne
1414 4009 1737 4062 desiderium
1777 4019 1958 4063 careat
1989 4008 2318 4072 desiderato,

746 4103 893 4156 Deus
923 4109 1102 4155 autem
1140 4100 1342 4155 nullius
1366 4100 1437 4154 sit
1465 4099 1732 4169 indigens,
1761 4115 1890 4169 ergo
1932 4115 2030 4154 nec
2062 4100 2317 4153 malitiam

746 4192 1061 4248 meditatur.
1093 4192 1376 4245 Astrornm
1410 4193 1846 4261 naturajpropior
1872 4201 1955 4245 est
1996 4191 2125 4256 Deo,
2153 4193 2320 4245 adeo-

747 4297 854 4351 que
882 4282 1071 4336 melior
1117 4283 1376 4335 bonorum
1416 4281 1696 4335 hominum
1739 4282 1973 4347 virtute;
2012 4269 2140 4351 erg'o
2170 4290 2320 4337 astra

744 4374 872 4429 mali
906 4382 1033 4427 sunt
1055 4375 1317 4442 expertia,
1356 4389 1453 4427 nec
1488 4374 1648 4428 ullius
1687 4375 1946 4445 indigent.
1981 4376 2062 4429 Ad
2086 4376 2220 4439 haec,
2253 4377 2317 4430 ad

744 4464 1117 4525 refellendum.
1144 4464 1285 4533 quod
1307 4464 1519 4534 genesis
1542 4465 1784 4532 quaedam
1816 4472 2089 4533 operetur,
2121 4467 2313 4533 (dicit:
2352 4501 2393 4554 Β

746 4554 861 4610 Hoc
889 4556 994 4622 lex)
1032 4556 1299 4624 prohibet,
1335 4558 1655 4625 impostores
1687 4558 1872 4625 punit,
1912 4559 2178 4626 minisque
2210 4557 2317 4613 Ge-

746 4648 1139 4702 nethliacorum
1177 4647 1479 4701 doctrinam
1530 4649 1818 4716 proscribit
1860 4665 1873 4704 :
1907 4664 2036 4717 ergo
2078 4650 2163 4703 lex
2193 4666 2321 4705 con-

745 4740 912 4794 traria
959 4749 1041 4796 est
1088 4741 1293 4810 genesi.
1336 4741 1680 4810 Quaecunque
1728 4743 1871 4795 enim
1919 4742 2002 4796 lex
2049 4743 2319 4807 prohibet,

746 4833 960 4902 genesis
996 4834 1212 4899 deﬁnit;
1246 4849 1583 4905 quaecunque
1611 4843 1785 4886 autem
1815 4835 1956 4903 cogit
1988 4837 2200 4903 genesis
2244 4834 2321 4888 l‘a-

749 4933 895 4984 cere,
924 4933 984 4972 ea
1019 4920 1102 4975 lex
1144 4921 1449 4984 interdicit;
1492 4936 1620 4991 ergo
1649 4921 1733 4974 lex
1762 4921 1976 4976 inimica
2008 4926 2189 4993 genesi
2217 4935 2319 4981 est.

752 5012 807 5063 Si
838 5022 1014 5065 autem
1058 5014 1310 5079 inimica,
1342 5030 1469 5082 ergo
1507 5014 1836 5084 legislatores
1873 5031 1977 5068 non
2013 5029 2134 5070 sunt
2159 5018 2316 5088 legis-

748 5098 949 5155 ]atores
982 5106 1277 5156 secundum
1322 5108 1563 5174 genesin.
1609 5105 1720 5161 Hoc
1755 5121 1870 5171 εει,
1921 5124 2025 5161 non
2062 5120 2188 5163 sunt
2226 5126 2321 5179 ge—

832 5214 846 5250 ί
894 5212 1042 5267 Psal.
1083 5212 1139 5277 2,
1173 5214 1225 5267 7.

2422 3284 2560 3355 ρητά
2606 3284 2699 3336 καὶ
2747 3280 2963 3335 ἄλλοθεν
2995 3280 3207 3345 ἔλαϐεν,
3239 3279 3613 3348 ἀλληγορικῶς
3644 3279 3783 3330 αὑτά
3810 3278 3906 3329 καὶ
3934 3276 3995 3327 οὐ

2420 3376 2562 3429 κατά
2590 3375 2651 3427 τὸ
2685 3374 2918 3444 γράμμα
2949 3373 3217 3443 διηγεῖται
3245 3374 3300 3425 ὲν
3328 3370 3463 3440 τῷδε
3496 3370 3571 3440 τῷ
3600 3370 3853 3436 διαλόγῳ.

2493 3468 2615 3519 Ὀτι
2645 3466 2880 3534 ἀναιρῶν
2902 3464 3027 3526 τοὺς
3056 3463 3397 3534 εἱμαρμένην
3431 3463 3752 3526 δοξάζοντας
3791 3460 3961 3529 φησίν
3980 3476 3995 3489 ⁵

2420 3562 2483 3625 Et
2513 3560 2611 3621 τὰς
2643 3558 2753 3611 τῶν
2782 3557 2991 3627 θνητῶν
3037 3558 3325 3627 συμφορὰς
3359 3560 3452 3609 καὶ
3482 3555 3902 3624 κακοφροσύνας
3932 3554 4000 3607 τά

2420 3651 2594 3720 ἄστρα
2624 3647 2988 3713 τεκταίνεται,
3021 3648 3151 3716 περὶ
3187 3649 3285 3710 τὰς
3315 3649 3600 3715 ἀσελγείας
3649 3648 3745 3698 καὶ
3792 3646 4000 3714 τροπὰς

2420 3740 2513 3796 τοῦ
2549 3741 2665 3812 βίου
2694 3739 3068 3809 ἀσχολούμενα
3097 3741 3206 3809 ἀρα
3236 3736 3538 3807 ἀθλιωτέρα
3557 3737 3664 3789 τῶν
3693 3736 4001 3807 ἀνθρώπων

2421 3835 2587 3897 ἐστὶν,
2615 3834 2696 3885 ὅτι
2745 3833 2805 3884 οὐ
2858 3832 3017 3901 μόνον
3064 3831 3205 3885 αὐτά
3244 3830 3351 3883 τῶν
3386 3830 3573 3883 κακῶν
3614 3830 3835 3899 ἐρῶσιν,
3862 3828 4000 3881 ἀλλὰ

2420 3928 2515 3979 καὶ
2557 3927 2683 3987 τοὺς
2728 3924 3047 3993 ἀνθρώπους
3095 3923 3464 3991 ἀναγκάζουσι
3508 3921 3680 3975 ταῦτα
3713 3921 3997 3990 πράττειν.

2425 4021 2544 4072 Ἔτι
2566 4020 2788 4070 εί’πά’.σα
2814 4019 3009 4085 πρᾶξις
3027 4017 3191 4087 χωρὶς
3216 4014 3510 4083 ἐπιθυμίας
3535 4015 3595 4066 οὐ
3620 4013 3851 4080 γίνεται.
3877 4013 4003 4064 οὐδέ

2425 4112 2531 4182 μὴν
2578 4108 2845 4180 ἐπιθυμία
2887 4109 3052 4179 χωρίς
3098 4108 3321 4171 ἐνδείας,
3353 4106 3597 4167 ἀνενδεὲς
3639 4106 3697 4159 δὲ
3729 4105 3792 4157 τὸ
3822 4105 3998 4168 Θεῖον,

2421 4204 2737 4271 ἀνεννόητον
2787 4202 2894 4270 ἄρα
2949 4199 3230 4270 πονηρίας.
3250 4199 3313 4251 Ἠ
3338 4198 3392 4249 δὲ
3421 4199 3529 4249 τῶν
3576 4198 3795 4267 ἄστρων
3840 4197 4002 4265 φύσις

2422 4292 2703 4361 ἐγγυτέρω
2754 4290 3009 4341 τέτακται
3057 4288 3216 4348 Θεοῦ,
3249 4288 3518 4357 κρείσσων
3562 4282 3698 4338 οὖσα
3746 4285 3845 4353 τῆς
3894 4286 4003 4337 τῶν

2423 4383 2752 4454 κρεισσόνων
2796 4378 3097 4448 ἀνθρώπων
3140 4379 3369 4448 ἀρετῆς·
3424 4377 3750 4443 ἀννεννόητα
3800 4377 4001 4439 κακίας

2422 4474 2529 4545 ἄρα
2553 4474 2645 4526 καὶ
2669 4471 2888 4540 ἀνενδεῆ
2919 4474 3034 4523 ἐστι
3058 4472 3127 4524 τὰ
3154 4470 3478 4538 ἄστρα.Ἔτι
3510 4471 3587 4530 εἰς
3605 4468 3650 4500 ³⁵
3678 4469 3739 4519 τὸ
3763 4468 3999 4530 ἀνελεῖν,

2427 4568 2560 4620 Τινά
2589 4566 2796 4632 γένεσις
2828 4564 3117 4633 ἐργάζεται
3142 4605 3156 4628 ,
3183 4562 3342 4614 τοῦτο
3383 4562 3438 4614 δὲ
3468 4562 3627 4630 νόμος
3658 4560 3883 4623 κωλύει,
3916 4578 4006 4613 κο·

2427 4660 2603 4722 λάζων
2644 4658 2767 4719 τοὺς
2801 4658 3103 4725 ἀλάστορας
3136 4655 3229 4706 καὶ
3274 4654 3339 4706 δι’
3364 4654 3592 4722 ἀπειλῆς
3618 4653 3905 4721 ἀπείργων
3939 4654 4004 4702 τὰ

2426 4752 2525 4819 τῆς
2553 4749 2821 4817 γενέσεως
2854 4749 3127 4816 δόγματα,
3159 4746 3397 4798 ἐναντίον
3418 4746 3526 4815 ἄρα
3552 4745 3714 4814 νόμος
3745 4745 3961 4810 γενέσει
3989 4761 4001 4772 ο

2426 4842 2528 4895 ὅσα
2581 4840 2676 4908 μὲν
2724 4840 2832 4908 γὰρ
2880 4839 3040 4907 νόμος
3092 4835 3515 4900 κωλύει,ταῦτα
3538 4836 3749 4902 γένεσις
3781 4834 4002 4902 ὥρισεν,

2426 4932 2525 4983 ὅσα
2551 4929 2607 4980 δὲ
2629 4928 2841 4995 γένεσις
2875 4932 3047 4981 ποιεῖν
3080 4927 3346 4997 βιάζεται,
3382 4927 3555 4978 ταῦτα
3584 4927 3745 4994 νόμος
3779 4923 4001 4976 κωλύει.

2428 5020 2693 5089 Πολέμιον
2716 5022 2822 5088 ἄρα
2841 5021 3050 5086 γενέσει
3072 5021 3255 5088 νόμος.
3288 5020 3349 5071 Εἰ
3376 5020 3431 5071 δὲ
3457 5019 3736 5083 πολέμιον,
3770 5018 3874 5068 οὐκ
3896 5017 4003 5083 ἀρα

2431 5114 2573 5166 κατά
2617 5115 2830 5181 γένεσιν
2858 5115 2904 5164 οἱ
2935 5112 3220 5181 νομοθέται
3252 5112 3557 5181 νομοθέται.
3608 5109 3728 5180 [961
3771 5108 3871 5180 IL]
3925 5108 4003 5159 Τὰ

2017 5312 2252 5369 νΑιιιλΕ
2290 5315 2698 5375 LECTIONES.

828 5418 1070 5508 A‘r‘lsra‘ocit'
1108 5422 1225 5508 θεῖα
1252 5439 1369 5508 post
1397 5425 1674 5508 SPIIO‘UII'HI
1712 5428 1921 5508 Suicer.
1948 5429 2267 5508 Thes._tt.p.
2291 5434 2431 5489 595:
2469 5437 2712 5508 il‘rustra.
2797 5441 2838 5471 ”
2864 5438 3177 5508 ὑπαλλαγὴν
3210 5436 3316 5491 ΑΒ.

3413 5436 3459 5468 ὀ
3512 5446 3633 5498 post
3655 5433 3859 5504 ἑαυτὴν
3907 5436 3999 5486 ail‘

752 5488 990 5579 ξίθξ¹¹⁹¹ωί
1018 5488 1280 5579 αξρὲτήςξὶ
1306 5499 1345 5526 ²¹
1380 5495 1547 5579 ᾗῖγαιι]
1589 5496 1731 5579 εἶναι]ἰ
1776 5500 1939 5579 αὐτὴν
1988 5488 2309 5579 Gatakeijns
2460 5488 2729 5566 sincer—2.
2763 5527 2813 5578 p.
2860 5488 3325 5563 οὐ
3352 5488 3627 5577 γέγοναςῘ
3666 5488 3860 5559 homin
3884 5505 3997 5559 loco

755 5554 946 5613 lacuna
992 5554 1163 5617 est'itt
1194 5554 1301 5621 ἉΒ,
1380 5569 1423 5598 ³³
1452 5554 1617 5635 λέγει.

1696 5570 1740 5599 ν’
1780 5570 1971 5637 ἀμέλει
1996 5573 2249 5639 υιηηΑΒ.
2328 5570 2379 5607 "V
2405 5579 2513 5629 eiA
2553 5599 2566 5631 :
2601 5582 2677 5641 εἰς
2704 5597 2763 5642 ς.

2296 5689 2523 5749 NOTAE.

808 5788 1533 5870 _(95_).1rap0¢vi_¢s_imereel
1568 5813 1583 5845 ι
1614 5812 1751 5870 pone
1774 5815 1803 5870 ν
1841 5809 1889 5851 et
1928 5817 1961 5850 α
1996 5804 2329 5869 praepositio-

767 5862 852 5910 nis
889 5862 1134 5916 ultimum
1164 5862 1450 5931 abjice.lta
1486 5876 1566 5919 cst
1588 5867 1743 5921 unius
1786 5867 1977 5924 littera:
1997 5862 2324 5941 permutatio

2436 5824 2465 5856 ν
2488 5824 2631 5873 proa
2671 5808 3015 5877 Etymnlogns
3054 5811 3155 5864 huc
3183 5824 3285 5864 non
3312 5806 3442 5862 facit
3477 5807 3566 5877 qui
3598 5807 3734 5862 dicit
3762 5806 3992 5868 dictum.

2433 5878 2513 5930 ὅτι
2548 5882 2695 5948 παρὰ
2723 5880 2857 5933 Θεοῦ
2892 5880 3064 5950 ἐδόθη.
