4208 6442
752 365 893 427 1175

1897 361 2161 422 ΡΗΟΤΙῙ
2201 357 2706 421 ΡΑΤΙὶῐΛΒΟΗιΕ
2744 356 2854 417 CP.

3868 355 4014 418 1176

746 493 889 532 slum
910 475 1164 543 deinceps
1184 474 1463 544 Scriptura
1493 484 1759 544 praecepta
1797 473 2085 543 signiticet,
2118 476 2308 542 quibus

2417 470 2573 540 τύπῳ
2601 469 2908 535 παρέλαϐεν
2937 468 2969 535 ἠ
2995 466 3209 537 Γραφή.
3240 464 3349 518 Καὶ
3380 464 3751 535 ἐπισκέψασθε
3788 468 4009 537 μήποτε

745 566 1128 627 suadiabolus
1148 567 1470 635 opponendo
1494 566 1815 619 adumbrata
1849 566 2131 635 figmenta,
2150 578 2319 634 genus

744 662 1035 713 humanum
1097 657 1330 724 decepit.
1386 656 1571 710 Ficum
1625 659 1825 725 quippe
1864 672 1987 711 cum
2038 667 2311 725 praecepto

744 750 943 801 hmuini
975 750 1028 803 in
1060 749 1310 816 paradiso
1342 750 1465 802 dato
1508 750 1866 817 comparavit,
1896 749 2020 817 quia
2053 751 2316 818 deceptus

741 846 899 893 homo
936 842 1075 895 fuliis
1100 843 1183 895 fici
1218 841 1514 894 nuditatem
1539 856 1691 895 suam
1721 840 1920 895 velavit
1946 858 1961 907 ;
1990 842 2153 895 vitem
2187 855 2317 895 vero

741 931 841 995 legi
877 942 994 997 post
1025 932 1286 984 diluvium
1329 929 1443 985 Noe
1475 931 1633 995 datae,
1667 946 1732 986 eo
1765 931 1907 999 quod
1957 934 2084 986 vino
2109 932 2317 1002 sopitus

740 1021 899 1075 fuerit
936 1022 1171 1087 irrisus;
1221 1021 1395 1076 oleam
1446 1036 1573 1075 vero
1618 1022 1721 1091 legi
1770 1022 1932 1077 Mosis
1982 1024 2033 1076 in
2075 1025 2313 1088 deserto,

740 1116 866 1184 quia
892 1116 1067 1169 oleum
1110 1127 1359 1170 sanctum
1416 1119 1529 1172 sive
1554 1119 1728 1189 gratia
1776 1119 2117 1187 prophetica,
2170 1133 2310 1184 pne-

740 1209 1108 1263 varicanlilms
1143 1210 1247 1263 illis
1285 1209 1560 1264 defecerat
1598 1213 1667 1265 ab
1712 1211 2048 1265 haereditate.
2104 1211 2311 1264 libam-

740 1313 867 1351 num
900 1310 1177 1366 comparat
1221 1299 1361 1354 data:
1405 1300 1504 1369 legi
1554 1302 1620 1355 ad
1677 1301 1908 1355 salutem
1958 1302 2144 1355 mundi
2180 1316 2313 1368 apo-

738 1387 914 1450 stolis,
947 1388 1070 1455 quia
1100 1402 1196 1455 per
1229 1388 1442 1443 illorum
1476 1389 1783 1443 doctrinam
1822 1390 2129 1443 castitatem
2168 1389 2311 1442 didi-

735 1479 928 1543 cinms,
978 1482 1065 1534 cui
1117 1480 1215 1533 soli
1272 1480 1503 1533 similem
1580 1482 1778 1535 nullam
1844 1483 2019 1551 potuit
2072 1483 2307 1550 speciem

735 1570 983 1624 diabolus
1032 1571 1293 1626 invenire.
1326 1572 1487 1641 312
1510 1574 1535 1624 b
1568 1571 1706 1626 Hinc
1738 1582 1968 1635 quatuor
2004 1572 2304 1639 Evangelia

733 1661 878 1713 edita
904 1671 1051 1721 sunt,
1074 1659 1183 1714 Deo
1201 1671 1395 1730 quater
1413 1662 1802 1715 immanitatem
1827 1660 2306 1733 [incarnationem]

735 1752 1111 1814 annuntiante,
1141 1759 1195 1804 et
1224 1752 1506 1818 quaternis
1544 1751 1752 1820 legibus
1784 1754 2033 1817 docente,
2066 1767 2301 1821 quarum

735 1853 974 1910 tempora
997 1856 1202 1911 aperte.
1226 1859 1323 1912 per
1347 1843 1617 1897 fructuum
1639 1844 1953 1898 discrimina
1992 1844 2302 1914 intelligun-

734 1945 842 1988 tur.
876 1933 1035 1990 Ficus
1057 1938 1200 1990 enim
1232 1946 1454 2005 propter
1482 1936 1820 1991 dulcedinem
1851 1946 1906 1991 et
1928 1939 2308 2001 nutritionem,

730 2024 901 2093 legem
935 2038 1060 2080 ante
1100 2028 1602 2096 praevaricationem
1646 2027 1809 2083 latam
1851 2030 2113 2084 declarat.
2167 2030 2309 2084 Non-

731 2134 1007 2189 nunquam
1032 2121 1176 2173 enim
1205 2120 1340 2173 ficus
1363 2120 1415 2173 in
1456 2122 1737 2190 Scriptura
1773 2121 1827 2174 in
1862 2124 2144 2178 meliorem
2192 2138 2311 2191 par-

732 2218 837 2261 mn
864 2211 1147 2279 accipitur.
1199 2208 1338 2265 Vitis
1372 2225 1502 2264 vero
1531 2212 1599 2263 ob
1641 2212 1749 2264 vini
1809 2210 2207 2279 iucunditatem
2254 2222 2310 2267 et

730 2296 993 2364 laetitiam,
1028 2316 1214 2355 eorum
1254 2304 1345 2372 qui
1378 2318 1441 2357 ex
1493 2304 1568 2358 ira
1610 2303 1705 2359 Dei
1762 2316 1818 2359 et
1862 2306 2065 2361 diluvio
2106 2307 2306 2361 servati

729 2402 873 2455 sunt,
918 2393 1167 2447 timorem
1196 2396 1691 2452 etsollicitudinem
1740 2398 1795 2451 in
1846 2398 2102 2467 gaudium
2136 2414 2292 2453 versa

729 2482 987 2536 insinuat.
1020 2484 1144 2539 Olea
1173 2501 1324 2550 vero,
1357 2498 1579 2557 propter
1628 2489 1732 2543 olei
1764 2489 2023 2555 fructum,
2055 2487 2303 2542 intimam

731 2575 823 2629 Dei
859 2576 1287 2632 misericordiam
1314 2579 1623 2645 significat;
1659 2581 1767 2634 Deo
1809 2595 2025 2633 rursum
2062 2580 2307 2633 homines

729 2667 794 2718 ad
821 2667 1151 2735 impietatem
1190 2679 1312 2736 post
1361 2670 1620 2723 diluvium
1676 2668 1957 2738 prolapsos
2015 2670 2304 2728 tolerante.

728 2769 783 2813 ct
814 2760 1065 2830 dignante
1116 2762 1439 2830 quibusdam
1487 2762 1656 2831 legent
1720 2763 1851 2817 dare
1904 2772 1958 2815 et
2017 2778 2301 2829 apparere.

729 2849 1011 2905 Rhamnus
1072 2862 1251 2905 autem
1306 2852 1667 2921 virginitatem
1727 2852 1971 2905 denotat.
2022 2851 2306 2909 Rhamnus

728 2943 874 2995 enim
904 2945 1066 2997 arbor
1093 2953 1242 2998 casta
1276 2953 1380 3007 est,
1420 2954 1472 2997 et
1502 2944 1735 2998 fortasse
1764 2959 1832 2996 ex
1868 2946 2033 2998 simili
2068 2948 2302 3014 quadam

729 3049 851 3087 cum
888 3036 1099 3104 virgine
1154 3045 1345 3089 natura
1384 3039 1549 3104 stirps
1600 3038 1712 3090 hare
1747 3038 1972 3105 ῥάμνος,
2006 3039 2100 3090 καὶ
2142 3042 2306 3106 ἄγνος

2422 562 2519 624 τὰς
2543 562 2635 614 ἐπὶ
2666 560 2759 612 τοῦ
2791 558 3215 629 πρωτοπλάστου
3267 556 3427 625 μέχρι
3460 558 3555 609 τοῦ
3590 558 3831 627 Χριστοῦ
3864 559 4006 611 καθ-

2420 655 2547 723 εξῆς
2589 655 2621 723 ἡ
2656 652 2845 722 Γραφὴ
2872 650 3191 720 νομοθεσίας
3220 648 3387 717 δηλοῖ,
3423 641 3499 699 ὧν
3530 650 3558 699 ὸ
3580 649 3828 710 διάϐολος
3858 651 4009 701 ἀντι-

2423 748 2609 818 μίμοις
2642 746 2951 815 ἐξηπάτησε
2988 744 3269 812 πλάσμασι
3296 742 3356 797 τὸ
3376 742 3679 810 ἀνθρώπων
3705 740 3885 807 γένος,
3908 744 4005 807 τὴν

2423 841 2520 907 μὲν
2548 835 2639 891 οὖν
2670 838 2840 905 συκῆν
2869 836 3244 899 ἁπεικάζουσα
3270 838 3336 903 τῇ
3380 836 3517 886 κατά
3549 834 3637 885 τὸν
3667 834 4003 900 παράδεισον

2416 930 2629 999 δοθείσῃ
2678 928 2755 997 τῷ
2803 926 3074 996 ἀνθρώπῳ
3118 924 3302 993 ἐντολῇ
3326 964 3340 985 ,
3372 923 3561 990 ἐπειδὴ
3590 923 3690 993 τὴν
3720 922 4004 990 γύμνωσιν

2416 1020 2718 1089 ἀπατηθεὶς
2746 1011 2901 1081 οὗτος
2934 1017 3183 1078 πετάλοις
3219 1015 3527 1083 ἐπεκάλυψε
3559 1013 3729 1081 συκῆς
3756 1031 3771 1043 ·
3800 1014 3906 1081 τὴν
3948 1014 4001 1065 δὲ

2416 1114 2660 1180 ἄμπελον
2693 1113 2758 1179 τῇ
2796 1111 2886 1161 ἐπὶ
2915 1107 3008 1161 τοῦ
3046 1106 3437 1175 κατακλυσμοῦ
3479 1107 3553 1175 τῷ
3578 1106 3623 1137 ⁸⁸
3652 1106 3801 1165 Νῶε,
3832 1105 3926 1157 διὰ
3947 1106 4005 1155 τὸ

2413 1207 2541 1275 οἴνῳ
2565 1204 2929 1273 χλευασθέντα
2960 1200 3323 1271 κοιμηθῆναι·
3356 1200 3455 1267 τὴν
3480 1199 3535 1249 δὲ
3567 1200 3753 1250 ἐλαίαν
3774 1201 3840 1266 τῇ
3867 1200 4003 1250 κατα

2412 1299 2511 1369 τὴν
2540 1298 2741 1368 ἔρημον
2764 1295 2838 1365 τῷ
2868 1297 3074 1364 Μωῦσῇ
3094 1294 3161 1353 ³⁷,
3193 1292 3379 1361 ἐπειδὴ
3411 1291 3470 1342 τὸ
3498 1291 3745 1360 χάρισμα
3774 1290 3836 1339 τὸ
3865 1306 3999 1358 προ-

2414 1392 2664 1461 φητικὸν,
2708 1390 2768 1441 τὸ
2823 1389 3000 1440 ἔλαιον
3045 1387 3107 1438 τὸ
3155 1388 3350 1451 ἆγιον,
3386 1384 3779 1451 ἀνομησάντων
3823 1382 4006 1433 αὐτῶν

2414 1482 2719 1534 ἐκλελοίπει
2750 1479 2851 1547 τῆς
2892 1477 3286 1548 κληρονομίαςο
3318 1476 3419 1544 ’τὴν
3461 1475 3518 1526 δὲ
3550 1475 3755 1544 ῥάμνον
3795 1478 3861 1543 τῇ
3915 1473 4006 1524 ἐπὶ

2418 1574 2517 1641 τῆς
2551 1573 2823 1641 σωτηρίας
2842 1571 2885 1602 ³⁸
2910 1570 3006 1621 τοῦ
3044 1568 3249 1637 κόσμου
3278 1569 3389 1628 τοῖς
3417 1566 3758 1626 ἀποστόλοις,
3788 1564 4007 1632 ἐπειδή-

2410 1685 2515 1737 περ
2537 1668 2604 1719 δι’
2636 1666 2814 1720 αὐτῶν
2840 1665 3194 1733 ἐδιδάχθημεν
3238 1660 3478 1728 ἁγνείαν,
3497 1655 3563 1731 ἦς
3588 1656 3869 1727 ἀπατηλὸν
3913 1658 4007 1725 μό-

2408 1783 2503 1834 νης
2533 1762 2747 1815 εἴδωλον
2774 1761 2802 1811 ὁ
2827 1759 3068 1819 διάϐολος
3089 1757 3187 1807 οὐκ
3219 1754 3404 1824 ἴσχυσε
3436 1752 3715 1804 σκευάσαι.
3755 1750 3884 1820 [964
3914 1737 4006 1812 ιι]

2412 1857 2517 1909 Καὶ
2550 1856 2637 1907 διὰ
2678 1852 2833 1905 τοῦτο
2879 1852 2972 1903 καὶ
3003 1848 3311 1915 Εὑαγγέλια
3356 1846 3595 1914 τέσσαρα
3615 1842 4001 1911 παραδέδοται,

2409 1947 2661 2016 τετράκις
2685 1940 3179 2009 εὐαγγελισαμένου
3201 1938 3294 1991 τοῦ
3317 1937 3450 1989 Θεοῦ
3478 1937 3576 2004 τὴν
3600 1934 4000 2003 άνθρωπότητα

2412 2041 2507 2092 καὶ
2540 2036 3061 2105 παιδαγωγήσαντος
3093 2029 3374 2100 τέτρασι⁸⁹
3402 2029 3608 2096 νόμοις,
3634 2020 3708 2077 ὧν
3735 2026 3783 2074 οἱ
3816 2023 4001 2091 καιροὶ

2412 2131 2598 2199 σαφῶς
2621 2130 2728 2181 ἀπὸ
2754 2128 2847 2195 τῆς
2874 2126 3262 2195 διαφορότητος
3295 2121 3579 2189 δηλοῦνται
3609 2120 3718 2172 τῶν
3748 2116 4002 2187 καρπῶν.

2419 2224 2485 2275 'lI
2510 2224 2606 2293 μὲν
2629 2221 2738 2289 γὰρ
2767 2219 2907 2288 συκῆ
2926 2219 3013 2270 διὰ
3032 2217 3129 2281 τὴν
3155 2215 3458 2283 γλυκασίαν
3489 2216 3583 2266 καὶ
3606 2212 3705 2283 τὴν
3730 2210 4003 2281 τρυφὴνδθ

2407 2315 2505 2385 τὴν
2550 2313 2655 2384 πρὸ
2699 2313 2797 2381 τῆς
2847 2310 3215 2381 παραϐάσεως
3241 2306 3335 2360 τοῦ
3364 2306 3655 2376 ἀνθρώπου
3698 2305 4003 2376 παρίστησι

2410 2407 2782 2477 γεγενημένην
2806 2421 2820 2435 ο
2848 2403 2965 2456 ἐστι
2996 2403 3107 2470 γὰρ
3152 2402 3241 2454 ὅτε
3289 2401 3389 2469 τῆς
3424 2400 3596 2468 συκῆς
3630 2401 3659 2450 ὁ
3694 2399 3908 2467 καρπὸς
3936 2401 4002 2468 τῇ

2408 2498 2597 2567 Γραφῇ
2630 2495 2723 2547 ἐπὶ
2748 2495 2808 2547 τὸ
2836 2496 3082 2563 κρεῖττον
3108 2491 3532 2559 ἑκλαμϐάνεται.
3550 2489 3615 2540 'il
3650 2488 3707 2540 δὲ
3736 2488 4003 2558 ἄμπελος,

2408 2587 2495 2639 διὰ
2524 2586 2620 2654 τὴν
2655 2584 2944 2652 ἱλαρότητα
2971 2584 3070 2650 τὴν
3100 2582 3165 2632 ὲκ
3192 2580 3287 2632 τοῦ
3314 2579 3459 2631 οἴνου
3487 2580 3581 2630 καὶ
3605 2577 3703 2647 τὴν
3729 2580 4006 2645 εὐφροσύ-

2408 2695 2504 2738 νην
2528 2676 2636 2727 τῶν
2663 2672 3076 2743 περισωθέντων
3122 2671 3220 2740 τῆς
3266 2670 3433 2739 ὀργῆς
3478 2672 3573 2721 καὶ
3599 2668 3692 2721 τοῦ
3724 2670 4002 2721 κατακλυ-

2410 2768 2569 2837 σμοῦ,
2602 2766 2698 2836 τὴν
2728 2766 2836 2818 ἀπὸ
2870 2764 2964 2816 τοῦ
2990 2764 3155 2832 φόϐου
3185 2764 3400 2831 καὶτῆς
3435 2762 3715 2833 φροντίδος
3745 2763 3880 2824 είςδι
3909 2762 4006 2831 τὴν

2407 2859 2581 2927 χαρὰν
2610 2857 2785 2909 αὐτῶν
2818 2855 3121 2922 μεταϐολὴν
3154 2852 3559 2905 αἰνίσσεται,Ἠ
3606 2851 3665 2903 δὲ
3714 2851 3872 2903 ἐλαία
3917 2853 4004 2904 διὰ

2407 2948 2497 2997 τὸν
2531 2946 2742 3013 καρπὸν
2772 2943 2866 2994 ⁸τοῦ
2903 2944 3081 2994 ἐλαίου
3098 2944 3143 2971 δ’
3171 2942 3268 3011 τὴν
3302 2942 3704 3011 εὐσπλαγχνίαν
3732 2941 3831 2993 τοῦ
3870 2942 4005 2994 Θεοῦ

2412 3036 2627 3105 μηνύει,
2660 3036 2823 3087 πάλιν
2872 3034 3378 3101 άνεξικακήσαντος
3427 3033 3522 3084 τοῦ
3558 3034 3693 3085 Θεοῦ
3738 3035 3880 3102 μετᾶ
3914 3036 4003 3085 τὸν

730 3128 1072 3197 appellatur;
1101 3129 1362 3184 rhamnus
1394 3130 1612 3198 quidem
1651 3139 1872 3197 propter
1918 3133 2081 3183 robur
2105 3145 2159 3185 et
2192 3134 2303 3185 for-

2411 3126 2815 3194 κατακλυσμὸν,
2849 3126 2958 3176 τῶν
2989 3124 3292 3196 ἀνθρώπων
3323 3126 3711 3193 ἐκτραπέντων
3735 3128 3817 3190 είς
3849 3126 4004 3178 ἀθεό-

736 3220 1013 3273 titudinem
1069 3230 1259 3274 contra
1302 3221 1645 3289 voluptates,
1690 3222 1853 3289 ἄγνος
1898 3222 2108 3291 (96-85)
2140 3242 2303 3288 vero,

731 3314 871 3381 quod
894 3314 1037 3367 omni
1065 3328 1133 3367 ex
1165 3325 1316 3384 parte
1339 3325 1488 3369 casta
1516 3327 1569 3370 et
1599 3330 1731 3385 pura
1760 3317 1848 3369 sit.
1884 3315 2031 3371 Unde
2055 3329 2107 3370 et
2136 3318 2303 3371 Eliam

734 3405 913 3459 ferunt
965 3420 993 3458 a
1048 3405 1187 3460 facie
1235 3403 1507 3461 Jezabelis
1560 3407 1803 3461 mulieris
1865 3408 2157 3477 fugientem
2234 3411 2301 3465 ad

732 3502 1017 3553 rbamnum
1048 3501 1279 3569 primum
1302 3501 1535 3564 venisse,
1568 3508 1734 3569 atque
1762 3501 2077 3554 exauditum
2114 3501 2303 3567 fuisse,

730 3590 1021 3659 cibumque
1079 3590 1377 3658 accepisse,
1436 3594 1562 3660 quia
1622 3592 1954 3661 fugientibus
2022 3595 2304 3648 stimulum

729 3685 936 3744 carnis,
984 3691 1039 3735 et
1078 3682 1360 3747 feminam,
1420 3694 1476 3738 et
1511 3685 1869 3755 voluptatem,
1904 3690 2207 3759 perfugium
2247 3700 2304 3744 et

730 3782 1123 3843 tegumentum,
1159 3776 1432 3829 castitatis
1457 3776 1665 3844 lignum
1694 3778 2038 3845 germinavit,
2071 3781 2213 3848 quod
2237 3780 2306 3833 ab

730 3872 964 3921 adventu
1025 3868 1283 3938 principis
1338 3870 1606 3939 virginum
1657 3869 1883 3935 Christi,
1946 3888 2168 3941 regnum
2252 3874 2303 3925 in

731 3956 982 4012 homines
1005 3958 1250 4013 obtinuit
1272 3958 1410 4029 (86).
1443 3958 1556 4014 lloc
1590 3961 1735 4014 enim
1780 3963 1997 4013 unicum
2036 3962 2304 4015 castitatis

736 4066 987 4119 regnum,
1048 4052 1205 4120 cujus
1254 4052 1403 4121 ipsos
1459 4068 1735 4121 nunquam
1810 4054 2122 4120 paeniteret,
2181 4063 2303 4123 post

725 4136 926 4191 Christi
955 4138 1240 4193 adventum
1273 4138 1621 4209 arripuerunt
1654 4140 1919 4206 homines,
1952 4158 2073 4197 cum
2112 4146 2304 4214 singu-

728 4228 901 4281 lorum
957 4229 1210 4295 aliorum,
1260 4232 1459 4298 quibus
1517 4232 1660 4287 data:
1705 4233 1922 4288 fuerant
1985 4236 2131 4305 leges
2175 4246 2301 4291 ante

726 4318 928 4373 Christi
985 4321 1302 4385 adventum,
1361 4338 1649 4392 regnorum
1719 4326 1961 4380 habenas
2012 4341 2044 4379 a
2103 4328 2301 4395 seipsis

723 4411 974 4466 celeriter
998 4415 1393 4481 excussissem,
1433 4426 1491 4470 et
1517 4419 1794 4473 contrario
1828 4418 2300 4488 falsoquefparere

2409 3240 2567 3291 τητα,
2619 3222 2799 3274 δοῦναι
2850 3221 3014 3289 νόμον
3061 3222 3156 3272 καὶ
3202 3221 3598 3290 ἐμιρανισθῆναί
3650 3224 3906 3274 τισιν.⁹ῐι
3951 3223 4004 3274 δὲ

2410 3315 2612 3383 ῥάμνος
2653 3316 2750 3383 τὴν
2780 3314 3001 3379 ἁγνείαν
3042 3313 3355 3383 συνίστησι·
3391 3315 3451 3365 τὸ
3478 3315 3587 3384 γάρ
3612 3315 3745 3366 αὐτὸ
3786 3315 4004 3384 δένδρον

2412 3408 2614 3477 ῥάμνος
2646 3409 2739 3459 καὶ
2783 3409 2945 3474 ἄγνος
2978 3408 3115 3468 ἐστὶ,
3148 3408 3241 3459 καὶ
3268 3409 3407 3477 τάχα
3436 3408 3521 3460 διὰ
3550 3409 3610 3460 τὸ
3646 3409 3913 3475 συγγενὲς
3946 3409 4003 3461 τὸ

2410 3501 2578 3568 φυτὸν
2604 3500 2761 3551 τοῦτο
2788 3503 2854 3569 τῇ
2893 3499 3219 3570 παρθενίᾳη
3261 3501 3429 3569 ταύτῃ
3464 3502 3665 3570 ῥάμνος
3711 3504 3805 3552 καὶ
3841 3502 4003 3567 ἄγνος

2409 3588 2843 3658 προσηγορεύθη,
2878 3590 3082 3657 ῥάμνος
3118 3588 3218 3657 μὲν
3250 3590 3402 3659 παρὰ
3432 3590 3491 3639 τὸ
3538 3588 3863 3657 στερέμνιον
3913 3587 4001 3639 καὶ

2409 3680 2674 3749 καρτερὸν
2699 3680 2835 3749 πρὸς
2861 3681 2957 3741 τὰς
2984 3680 3194 3749 ἡδονὰς,
3218 3678 3380 3745 ἄγνος
3404 3678 3461 3730 δὲ
3488 3678 3639 3747 παρὰ
3665 3679 3727 3729 τὸ
3752 3678 3843 3729 διὰ
3872 3697 3993 3729 παν-

2407 3772 2494 3833 τὸς
2520 3772 2958 3837 ἁγνεῦειν.”Οθεν
2990 3772 3084 3823 καὶ
3113 3770 3205 3822 τὸν
3242 3770 3450 3833 Ἠλίαν,
3486 3772 3549 3821 ὲκ
3579 3770 3880 3839 προσώπου
3905 3770 4000 3837 τῆς

2420 3862 2654 3925 Ἰεζάϐελ.
2681 3862 2938 3929 γυναικὸς
2954 3862 2998 3892 ⁸⁸
3033 3861 3329 3929 φεύγοντα,
3356 3860 3511 3927 λόγος
3542 3862 3644 3912 ὑπὸ
3672 3862 3885 3931 ῥάμνον
3915 3862 3999 3914 ἐλ-

2409 3955 2521 4008 θεῖν
2558 3955 2773 4025 πρῶτον
2809 3958 2902 4007 καὶ
2930 3954 3356 4022 είσακουσθῆναι
3404 3955 3497 4007 καὶ
3547 3954 3733 4007 λαϐεῖν
3762 3956 3999 4025 τροφὴν,

2406 4047 2487 4098 ὅτι
2511 4047 2619 4098 τῶν
2646 4045 2957 4113 φευγόντων
2985 4046 3077 4097 τὸν
3111 4040 3325 4115 οἶστρον
3356 4045 3452 4096 καὶ⁵
3485 4045 3583 4113 τὴν
3612 4048 3853 4111 γυναῖκα
3874 4046 3994 4117 [JH

2407 4135 2498 4207 H.]
2528 4137 2620 4189 καὶ
2665 4138 2763 4207 τὴν
2798 4136 2991 4207 ἡδονὴν
3018 4135 3081 4188 τὸ
3109 4134 3455 4203 καταγώγιον
3487 4138 3582 4188 καὶ⁵
3626 4138 3659 4205 ὴ
3720 4137 3905 4205 σκέπη
3940 4137 3997 4189 τὸ

2404 4230 2502 4297 τῆς
2530 4229 2752 4294 ἁγνείας
2775 4228 3074 4296 ἐϐλάστησε
3104 4226 3279 4290 ξύλον,
3313 4227 3421 4278 ἀπὸ
3442 4230 3538 4298 τῆς
3568 4228 3881 4296 παρουσίας
3903 4226 3996 4279 τοῦ

2405 4318 2812 4386 ἀρχιπαρθένου
2847 4315 3084 4386 Χριστοῦ
3137 4314 3463 4385 βασιλεῦσαν
3511 4316 3619 4367 τῶν
3663 4316 3995 4385 ἀνθρώπων.

2404 4409 2618 4477 Ταύτην
2643 4408 2752 4477 γὰρ
2778 4407 2943 4477 μόνην
2970 4408 3066 4477 τὴν
3088 4408 3185 4476 τῆς
3210 4408 3434 4473 ἁγνείας
3463 4406 3744 4475 βασιλείαν
3765 4408 3879 4460 ἀπὺ
3899 4409 3996 4476 τῆς

722 4512 775 4555 et
799 4518 857 4557 se
888 4504 1157 4572 subjicere
1189 4508 1528 4564 maluissent.
1575 4511 1898 4579 Quanquam
1940 4527 2083 4581 szepe
2123 4512 2298 4581 paeni—

2411 4502 2501 4555 τοῦ
2534 4503 2773 4571 Χριστοῦ
2808 4506 3109 4573 παρουσίας
3135 4502 3512 4571 άμεταμελητὶ
3552 4504 3908 4573 προσήκαντο
3950 4505 3995 4555 oi

732 4606 904 4650 tentes
924 4599 1289 4666 quarsiverunt
1319 4601 1511 4655 iterum
1542 4604 1719 4673 regale
1740 4603 1827 4657 Dei
1858 4604 1991 4673 legis
2013 4607 2300 4676 imperium

733 4694 988 4753 recteque
1020 4685 1287 4741 factorum
1330 4690 1493 4743 animi
1531 4692 1679 4745 vitiis
1711 4703 2087 4761 corruptorum
2145 4709 2304 4748 reno-

727 4777 1021 4831 vatiouem.
1059 4777 1193 4832 Nam
1256 4781 1493 4835 hostium
1547 4784 1814 4849 manibus,
1867 4794 1921 4838 et
1994 4787 2303 4855 ignominiae

722 4869 1072 4935 passionibus
1114 4872 1323 4939 traditi,
1383 4889 1595 4927 rursum
1630 4875 1861 4944 imperio
1902 4880 2297 4948 praeceptisque

723 4960 818 5013 Dei
844 4961 957 5030 regi
991 4963 1299 5029 voluerunt,
1329 4973 1466 5019 utex
1494 4966 1721 5021 infinitis
1748 4970 2004 5023 aerumnis
2028 4971 2297 5039 malisque

723 5052 1086 5119 eriperentur.
1128 5055 1233 5109 Sed
1261 5056 1378 5109 lucc
1402 5055 1575 5125 legum
1606 5073 1767 5127 regna
1795 5070 2019 5127 propter
2068 5061 2294 5115 fetentia

724 5152 779 5196 et
820 5144 1237 5202 innuedicabilia
1293 5147 1515 5217 313a
1558 5151 1779 5203 vulnera
1826 5153 2151 5217 animarum,
2195 5169 2297 5207 no-

2410 4593 2711 4663 άνθρωποι,
2728 4594 2961 4662 ἑκάστης
2986 4592 3092 4644 τῶν
3118 4592 3527 4662 προδεδομὲνων
3555 4594 3741 4654 αὐτοῖς
3763 4594 3996 4645 ἐντολῶν

2410 4682 2517 4751 πρὸ
2564 4683 2661 4751 τῆς
2696 4682 2930 4751 Χριστοῦ
2975 4682 3281 4751 παρουσίας
3324 4685 3466 4734 κατὰ
3500 4684 3664 4751 τάχος
3713 4682 3995 4751 βασιλείας

2408 4777 2631 4838 ἑαυτοὺς
2655 4775 3069 4844 ἀφηνιάζοντες,
3098 4776 3190 4827 καὶ
3220 4778 3285 4845 τῇ
3310 4777 3587 4846 ἁντιμίμῳ
3614 4776 3819 4845 μᾶλλον
3846 4778 3995 4829 πειθο

2407 4874 2593 4939 αρχείν
2624 4870 2717 4922 καὶ
2744 4870 2835 4920 ὑπ’
2855 4868 3026 4937 αὐτῆς
3059 4868 3438 4938 βασιλεύεσθαι
3471 4868 3924 4940 προαιρούμενοι,
3950 4873 3995 4920 εἱ

2407 4962 2500 5013 καὶ
2534 4961 2960 5030 μεταμελόμενοι
2979 4962 3025 4993 ⁸⁸
3056 4959 3317 5020 πολλάκις
3366 4960 3665 5029 ἐπεζήτουν
3695 4960 3866 5012 πάλιν
3898 4962 3995 5030 τὴν

2407 5054 2544 5123 πρὸς
2584 5053 2718 5107 Θεοῦ
2746 5054 3037 5123 δεδομένην
3072 5052 3255 5115 αὐτοῖς
3299 5051 3735 5123 βασιλικωτάτην
3770 5052 3994 5120 ἐντολὴν

2406 5148 2501 5200 καὶ
2534 5148 2926 5215 ἀνακαινισμὸν
2946 5146 3055 5199 τῶν
3081 5144 3487 5216 διαφθαρέντων
3505 5143 3684 5197 αὐτῶν
3703 5145 3770 5196 ὲκ
3790 5144 3992 5205 κακίας

2002 5323 2235 5381 VARIaE
2277 5325 2682 5383 LECTIONES.

792 5440 839 5472 ³⁸
874 5439 951 5509 τῷ
974 5443 1014 5494 Α
1040 5458 1054 5493 :
1084 5442 1177 5495 τοῦ
1210 5458 1268 5507 ς,
1374 5444 1417 5475 ³⁷
1462 5449 1632 5509 μωσεῖ
1658 5445 1765 5500 ΑΒ.
1872 5448 1915 5479 ³⁸
1941 5465 1968 5499 τ

1462 5449 1632 5513 μωσεῖ
1658 5447 1694 5499 Λ
1707 5445 1765 5500 Β.

722 5505 767 5539 ⁸⁸
801 5512 877 5573 εἰς
903 5505 949 5566 Ᾱ
986 5530 1001 5567 :
1042 5513 1139 5583 τὴν
1168 5505 1335 5577 εἱςς.

1415 5506 1631 5569 δί’ὲλέου
1659 5520 1721 5570 Α.
1804 5517 1848 5548 ’⁵³
1886 5506 2139 5588 παρθένῳ

1975 5451 2020 5519 ῆι
2052 5450 2317 5519 σωτηρίᾳ·

2308 5520 2354 5551 ⁸⁸
2405 5519 2523 5585 Ἰεζ.
2558 5524 2649 5573 καὶ
2686 5524 2942 5589 γυναικὸς
2966 5539 3025 5586 ς.

2422 5450 2465 5483 ³’
2498 5450 2642 5503 παιδ.
2666 5453 2773 5513 τοῖς
2798 5451 3015 5519 τέτρασι
3047 5467 3108 5514 ς.
3185 5448 3230 5481 ⁸⁸
3259 5450 3468 5519 τρυφὴν
3487 5446 3588 5519 ,ΑΒ
3613 5464 3626 5500 :
3652 5447 3867 5517 τροφὴν
3925 5465 3985 5512 ς-

3111 5521 3156 5553 ³⁸
3192 5517 3498 5590 μεταμελού
3506 5534 3655 5589 μενοι
3682 5536 3743 5583 ς.

2221 5636 2455 5695 NOTVS.

795 5727 1005 5795 (98—85)
1046 5729 1231 5795 ἁγνός,
1261 5740 1444 5783 castus
1468 5747 1649 5796 purus.

798 5799 907 5869 (86)
938 5801 1089 5867 Quod
1134 5805 1202 5853 ab
1234 5811 1453 5854 auctore
1506 5802 1832 5869 virginitatis
1882 5801 2102 5855 Christo
2133 5801 2284 5871 plan-

2410 5744 2575 5784 tatum
2606 5744 2689 5785 est
2726 5733 2793 5786 iis
2818 5734 2910 5801 qui
2935 5733 3294 5804 virginitatem
3350 5730 3811 5803 complectuntur.
3845 5730 3981 5788 Vide

2399 5816 2554 5859 notas
2600 5804 2913 5859 lftnsehclii.
