4208 6442
252 424 392 492 1177

1270 433 1790 495 BIBLIOTHECA.
1819 457 1888 470 —
1916 432 2079 493 COD.
2108 430 2486 494 CCXXXVII.

3363 417 3513 485 -1178

242 546 494 615 ψυχικῶν
525 547 988 618 κατορθωμάτων.
1022 551 1443 621 Παραδιδόμενοι
1477 552 1586 620 γὰρ
1617 554 1698 615 εἰς
1718 554 1819 621 χεῖ-

1928 550 2143 603 luerunt
2171 548 2274 603 illis
2309 548 2616 617 imperare,
2651 545 2823 598 donec
2871 542 3031 607 Deus,
3064 545 3326 609 quartum
3349 536 3515 590 mise-

246 657 350 709 ρας
378 639 591 711 ἐχθρῶν
624 641 719 693 καὶ
747 641 898 710 πάθη
927 641 1166 710 ἀτιμίας.
1203 642 1504 712 ἐπεζήτουν
1536 642 1820 713 βασιλεύε-

242 733 372 784 σθαι
398 736 464 802 τῇ
496 734 683 803 ἐντολῇ
720 735 814 786 καὶ
854 736 967 796 τοῖς
1000 735 1389 803 προστάγμασι
1421 735 1514 787 τοῦ
1547 735 1705 799 Θεοῦ,
1738 736 1823 789 ἵνα

240 824 470 889 γένηται
500 826 683 887 αὐτοῖς
717 825 867 890 λύσις
893 827 1002 879 τῶν
1033 827 1387 881 πολυπλόκων
1413 826 1708 897 συμφορῶν
1729 827 1825 879 καὶ

1926 651 2076 696 ratus
2102 640 2394 701 hominem.
2425 638 2573 693 misit
2606 638 2935 699 castitatem,
2957 648 2984 686 a
3008 631 3293 701 Scriptura
3322 627 3513 682 rham-

1926 748 2055 787 num
2085 740 2451 802 congruenter
2492 727 2842 796 appellatam,
2882 738 3005 794 quae
3054 722 3128 776 illi
3184 722 3509 789 imperaret,

1926 838 2050 891 qua:
2114 822 2485 890 voluptatibus
2547 818 2843 885 superatis,
2899 817 3062 869 etiam
3130 813 3185 866 in
3242 810 3513 878 reliquum

241 914 537 983 ἀπαλλαγὴ
567 915 675 966 τῶν
705 915 910 970 κακῶν.
934 918 997 968 Δί
1031 916 1087 970 δὲ
1119 916 1206 967 διὰ
1236 916 1296 967 τὸ
1332 916 1619 986 προσάξειν
1647 916 1819 969 αὐτῶν

1927 924 2142 982 tempus
2170 913 2278 967 illis
2296 910 2644 966 interminata
2668 917 2773 972 est,
2797 906 2963 975 quod.
2992 905 3094 959 nisi
3130 903 3233 959 sibi
3258 906 3517 969 parerent

241 1004 339 1054 καὶ
398 1005 634 1066 ἀνιάτως
689 1004 835 1073 ἔχειν
881 1006 1009 1068 τοὺς
1052 1006 1153 1073 τῆς
1201 1004 1381 1075 ψυχῆς
1426 1004 1700 1073 μώλωπας
1729 1005 1819 1058 οὐκ

1930 1019 2139 1070 omnes,
2180 1013 2235 1059 et
2263 1004 2477 1058 sincere
2530 1002 2596 1056 ad
2642 1015 2704 1054 se
2750 1000 3094 1061 accederent,
3154 996 3396 1047 futurum
3458 997 3515 1041 ut

241 1092 531 1146 ἐϐούλοντο
560 1094 866 1163 βασιλεύειν
892 1095 1094 1164 αὐτῶν,
1129 1097 1323 1168 μέχρις
1351 1099 1378 1149 6
1409 1096 1541 1160 Θεὸς
1566 1096 1819 1166 τέταρτον

1931 1111 2120 1150 omnes
2150 1094 2379 1149 flammis
2409 1094 2866 1152 absumerentur;
2918 1088 3117 1142 nullam
3188 1084 3339 1139 enim
3392 1088 3517 1149 post

242 1183 588 1255 κατελεήσας
618 1186 708 1242 τὸν
738 1188 1026 1254 ἄνθρωπον
1053 1189 1151 1256 τὴν
1178 1188 1402 1255 ἁγνείαν
1421 1187 1707 1240 ἀπέστειλε
1734 1186 1819 1256 βα-

1932 1188 2073 1241 hanc
2097 1187 2260 1240 aliam
2314 1187 2484 1256 legem
2517 1192 2609 1239 aut
2656 1184 2961 1239 doctrinam
3018 1186 3353 1236 secuturam,
3410 1172 3508 1226 sed

244 1276 499 1329 σιλεῦσαι
519 1319 533 1342 ,
561 1279 627 1347 ἢν
656 1280 862 1348 ῥάμνον
907 1279 1216 1343 ἀκολούθως
1245 1281 1503 1333 ἐκάλεσεν
1534 1282 1567 1350 ἡ
1599 1281 1786 1351 Γραφή
1811 1293 1819 1311 ¹

1923 1278 2186 1346 judicium
2212 1287 2266 1333 et
2300 1279 2497 1345 ignem.
2533 1276 2671 1329 Hinc
2697 1274 2952 1339 deinceps
2996 1271 3159 1323 homo
3209 1262 3380 1332 cmpit
3422 1263 3512 1332 jn-

238 1366 364 1436 ἥτις
404 1368 833 1424 καταναλώσασα
856 1371 957 1434 τὰς
987 1372 1199 1441 ἡδονὰς,
1229 1374 1322 1426 καὶ
1354 1373 1696 1442 ἀπενλήσασα
1716 1372 1819 1423 λοι-

1931 1372 2135 1426 stitiam
2184 1371 2382 1437 colere,
2422 1371 2641 1436 Deoque
2690 1375 3010 1421 constanter
3067 1377 3165 1430 per
3216 1361 3378 1416 fidem
3412 1358 3510 1410 ad-

238 1461 366 1524 πὸν,
401 1464 449 1515 εἰ
484 1463 558 1533 μὴ
593 1466 728 1534 αὐτῇ
781 1465 1061 1519 πείθονται
1106 1467 1312 1530 πάντες
1357 1468 1452 1520 καὶ
1498 1468 1555 1519 ἐν
1601 1463 1819 1534 ἀληθείᾳ

1938 1463 2171 1527 h:erere,
2201 1474 2259 1518 et
2279 1477 2336 1517 se
2370 1477 2398 1515 a
2422 1461 2635 1515 diabolo
2671 1461 2978 1527 seiungere.

238 1557 657 1627 προσέρχοιντο,
694 1562 831 1629 πυρὶ
876 1563 1330 1631 καταδαπανῆσαι
1363 1566 1600 1625 πάνταςο
1640 1561 1823 1614 οὐκέτι
1859 1563 1969 1630 γὰρ
2001 1561 2138 1631 μετὰ
2164 1562 2369 1630 ταύτην
2413 1559 2631 1612 ἔσεσθαι
2677 1559 2841 1625 νόμον
2872 1555 2903 1623 ἥ
2969 1551 3317 1607 διδασκαλίαν
3395 1548 3514 1601 ὲτέο

238 1663 366 1715 ραν,
400 1649 537 1701 ἀλλά
565 1653 659 1703 καὶ
685 1654 866 1721 κρίσιν
892 1655 987 1706 καὶ
1019 1654 1133 1725 πῦρ
1153 1673 1168 1687 ο
1201 1657 1297 1709 καὶ
1324 1656 1412 1709 διὰ
1445 1655 1602 1708 τοῦτο
1636 1651 1824 1705 λοιπὸν
1888 1652 1983 1703 ἀπ’
2048 1652 2298 1705 ἐντεῦθεν
2340 1654 2755 1722 δικαιοπραγεῖν
2784 1650 2812 1701 6
2842 1648 3130 1719 ἄνθρωπος
3166 1642 3369 1715 ἧρξατο
3415 1643 3515 1695 καὶ

237 1743 525 1800 πιστεύειν
556 1744 787 1813 βεϐαίως
812 1745 891 1815 τῷ
913 1747 1034 1816 Θεῷ
1062 1750 1156 1801 καὶ
1179 1746 1680 1818 ἀποσχίζεσθαιτοῦ
1704 1743 1975 1801 διαϐόλου.

316 1836 440 1886 Ὀτι
474 1840 809 1904 σημειωτέον
843 1839 918 1902 ὼς
938 1836 1091 1905 οὗτος
1120 1843 1147 1895 6
1173 1842 1440 1911 διάλογος,
1468 1835 1512 1910 ᾧ
1534 1842 1815 1911 ἐπιγραφὴ

1988 1843 2408 1904 Observandum,
2459 1841 2728 1909 dialogum
2804 1838 2945 1892 hunc
3007 1834 3097 1904 qui
3174 1828 3509 1901 Symposium

235 1926 595 1992 Συμπόσιον
624 1929 655 1999 ῆ
686 1932 815 2001 περὶ
841 1933 1060 2000 ἁγνείας
1082 1933 1147 1996 ⁵⁸,
1179 1934 1329 2004 παρά
1361 1934 1495 1986 πολύ
1523 1936 1639 1985 ἐστι
1677 1950 1825 1985 νενο-

236 2012 506 2082 θευμένος
532 2018 576 2048 ’⁵⁷
598 2032 612 2045 ⁸
644 2020 898 2090 εὑρήσεις
923 2023 1031 2093 γάρ
1062 2024 1120 2075 ὲν
1152 2024 1302 2095 αὐτῷ
1332 2024 1825 2095 παραϐεϐλημένας

235 2108 338 2159 καὶ
368 2110 718 2177 Ἀρειανικάς
745 2114 1069 2179 δοξοκοπίας
1098 2118 1194 2170 καὶ
1228 2117 1435 2187 ἑτέρων
1463 2116 1627 2170 τινῶν
1658 2134 1822 2169 κακο-

232 2196 539 2260 δοξούντων
568 2201 1019 2273 μυθολογήματα.

305 2287 433 2340 Ὅτι
473 2290 804 2357 σημειωτέον
842 2292 895 2345 τί
939 2293 1068 2345 ποτὲ
1118 2294 1233 2347 ἐστι
1278 2295 1340 2348 τὸ
1382 2298 1511 2349 κατ’
1538 2298 1762 2362 εἰκόνα,
1796 2295 1824 2349 δ

236 2382 404 2450 μόνος
451 2384 747 2454 ἐσχηκέναι
797 2387 1014 2453 λέγεται
1062 2386 1350 2459 ἄνθρωπος
1376 2388 1485 2441 τῶν
1534 2391 1640 2443 ὑπὸ
1686 2388 1821 2443 Θεοῦ

230 2476 643 2545 γεγενημένων.
676 2478 811 2531 Οὐδὲ
834 2479 942 2549 γὰρ
971 2479 1099 2551 [965
1118 2480 1211 2552 IL]
1239 2479 1305 2533 ἂν
1334 2480 1484 2551 εὖροι
1506 2498 1588 2543 τις
1617 2482 1703 2534 ἐπ’
1726 2484 1821 2534 ἁν-

233 2568 462 2638 θρώπου
486 2588 538 2621 τι
572 2569 680 2621 τῶν
712 2572 932 2639 τιμίων,
958 2565 1017 2626 οὗ
1056 2572 1131 2643 μὴ
1173 2574 1265 2625 καὶ
1313 2571 1560 2639 ἀγγέλων
1594 2574 1821 2642 μετέσχε

236 2662 428 2726 φύσις.
469 2659 606 2712 Οὔτε
636 2661 744 2731 γάρ
771 2662 831 2715 τὸ
861 2662 1151 2727 ἀθάνατον,
1184 2663 1279 2715 καὶ⁸
1304 2664 1411 2732 γάρ
1436 2664 1531 2716 καὶ
1570 2664 1820 2732 ἄγγελος,

237 2752 366 2804 οὔτε
396 2755 456 2805 τὸ
484 2755 832 2819 αὐτεξούσιον
854 2772 867 2787 ·
906 2758 954 2808 εἰ
986 2756 1094 2825 γὰρ
1123 2756 1204 2809 ὅτι
1249 2756 1499 2823 ἀγγέλοις
1554 2757 1696 2809 κατὰ
1732 2756 1823 2809 τὸν

230 2841 497 2908 Θεολόγον
530 2845 619 2895 ἐπὶ
648 2844 709 2895 τὸ
743 2843 946 2910 ἀγαθὸν
980 2842 1181 2912 μᾶλλον
1206 2844 1239 2912 ή
1286 2842 1447 2913 ῥοπὴ,
1497 2842 1636 2894 κατά
1664 2840 1823 2893 τοῦτο

231 2930 339 2997 ὂρα
372 2932 455 2983 ὄτι
493 2933 619 3002 μηδ’
648 2933 783 2993 ὅλως
813 2932 1040 2985 δυνατὸν
1068 2932 1128 2983 τὸ
1161 2934 1283 2984 κατ’
1316 2931 1501 2983 εἰκόνα
1534 2930 1693 2983 τοῦτο
1733 2933 1821 2983 ὲν-

230 3026 395 3074 νοεϊν.
433 3024 494 3075 Εἰ
546 3024 603 3076 δὲ
656 3025 717 3076 τὸ
772 3025 998 3094 ἀρχικὸν
1050 3024 1229 3091 λέγεις
1285 3024 1509 3094 (ἄρχειν
1542 3022 1652 3093 γὰρ
1712 3023 1820 3076 τῶν

232 3114 439 3184 ἰχθύων
464 3117 557 3167 καὶ
591 3116 699 3166 τῶν
726 3115 901 3168 ἄλλων
934 3118 962 3169 ὁ
994 3116 1279 3185 ἄνθρωπος
1310 3116 1445 3186 πρὸς
1478 3116 1613 3169 Θεοῦ
1653 3116 1817 3185 ὴξὶω-

226 3222 325 3257 ται
357 3207 415 3257 ἐν
445 3209 510 3276 τῇ
540 3205 641 3275 τῆς
673 3208 1061 3275 κοσμογενείας
1099 3177 1394 3279 ’ξυγγραφῇ
1417 3177 1455 3276 i,
1491 3210 1603 3263 οὐδ’
1646 3177 1820 3272 οῦντως
1847 3177 1890 3239 C

227 3294 620 3363 ἀλλοτριώσεις
660 3296 750 3347 τὸν
785 3296 1014 3364 ἄγγελον
1040 3314 1052 3326 ·
1083 3299 1272 3367 ἄρχειν
1291 3300 1400 3371 γὰρ
1428 3300 1537 3353 τῶν
1571 3300 1820 3367 ἀγγέλων

224 3388 361 3447 τοὺς
398 3387 615 3449 πλείους
663 3387 849 3449 ἔθνους
878 3388 972 3441 καὶ
1018 3389 1191 3458 φυλῆς
1237 3392 1389 3461 παρὰ
1438 3392 1535 3461 τῆς
1592 3392 1817 3461 Γραφῆς

228 3476 384 3538 ἰδίως
434 3476 811 3546 δεδιδάγμεθα.
849 3478 911 3530 Et
962 3477 1007 3530 δ’
1041 3480 1123 3531 ὅτι
1171 3480 1243 3549 μὴ
1291 3480 1596 3552 χειροήθεις
1636 3482 1817 3544 αὐτοῖς

220 3568 359 3629 τοὺς
414 3568 756 3637 ἀρχομένους
805 3566 1021 3620 τελοῦσι
1085 3570 1183 3639 τὴν
1231 3571 1495 3639 διαφορὰν
1549 3574 1811 3639 εἰσάγεις,

221 3658 491 3729 καθάπερ
515 3662 711 3712 ἐκεῖνοι
743 3660 812 3713 τά
846 3660 1018 3713 πολλὰ
1046 3661 1155 3713 τῶν
1181 3660 1356 3724 ζώων,
1396 3663 1551 3715 οὐδὲν
1578 3664 1713 3734 πρὸς
1739 3666 1815 3735 τῷ

218 3750 429 3820 γέλωτι
471 3752 779 3821 κομπάζεις
799 3769 813 3782 ·
847 3752 969 3805 οὐδὲ
1000 3752 1105 3823 γὰρ
1140 3746 1198 3806 οὗ
1241 3755 1426 3809 εἰκόνα
1456 3756 1643 3827 φέρειν
1668 3759 1694 3810 6
1725 3757 1817 3810 άν-

220 3845 449 3913 θρωπος
478 3844 720 3911 λέγεται,
746 3845 1054 3920 χειροήθεις
1082 3845 1206 3908 τοὺς
1228 3846 1563 3917 ἀρχομένους
1586 3849 1810 3919 (ἄπαγε)

215 3935 479 3989 δεικνύει.
510 3935 575 3989 Τί
622 3930 714 3990 οὖν
762 3938 879 3988 ἐστι
917 3937 998 4002 τὸ,
1041 3937 1169 3991 κατ’
1228 3940 1477 4004 εἰκόνα;
1530 3942 1645 3994 ὅσοι
1702 3943 1811 4012 γὰρ

214 4027 321 4097 τὴν
384 4027 480 4080 τοῦ
548 4027 867 4097 σωματικοῦ
931 4027 1059 4099 [512
1111 4029 1203 4101 IL]
1254 4032 1533 4101 σχήματος
1600 4032 1807 4104 εύπρέ-

213 4136 387 4171 πειαν
446 4118 868 4190 ὲρῤαῴῲδησαν.
916 4120 1050 4191 πρὸς
1095 4124 1208 4184 τοῖς
1255 4124 1471 4194 μυρίοις
1534 4124 1805 4194 ἐλέγχοις,

217 4212 349 4263 οὐδὲ
392 4211 495 4279 τῆς
528 4211 667 4281 πρὸς
697 4212 789 4265 τὸν
842 4211 1073 4281 ἄγγελον
1109 4214 1394 4278 κοινωνίας
1438 4217 1579 4270 κατά
1625 4217 1805 4283 τοῦτο,

211 4306 364 4375 ὅπερ
405 4304 521 4355 ἐστὶ
550 4304 614 4356 τὸ
653 4304 1010 4374 ζητούμενον,
1050 4306 1141 4359 τὸν
1169 4306 1456 4377 ἄνθρωπον
1498 4308 1808 4380 ἠλευθέρω-

1930 1933 2266 1996 inscribitur,
2288 1932 2403 1987 sive
2438 1932 2503 1983 de
2534 1931 2804 1993 castitate,
2835 1940 3085 1994 magnam
3115 1933 3326 1992 partem
3361 1916 3512 1972 adul-

1929 2034 2163 2078 teratum
2220 2038 2378 2079 esse:
2436 2021 2679 2076 oﬂ'endes
2727 2018 2872 2073 enim
2931 2018 2981 2070 in
3044 2016 3136 2069 illo
3170 2014 3412 2078 adjectus
3451 2018 3508 2062 et

1926 2120 2155 2172 Arianas
2189 2132 2464 2185 vanasqne
2492 2114 2857 2184 opinationes,
2910 2110 3155 2178 aliasque
3206 2105 3346 2161 male
3382 2118 3510 2157 seu-

1929 2212 2178 2266 tientium
2217 2209 2454 2264 fabulas.

1995 2300 2319 2357 Notandum.
2356 2300 2493 2366 Quid
2529 2298 2598 2353 sit
2635 2312 2735 2353 cur
2778 2293 2924 2351 solus
2960 2293 3125 2346 homo
3162 2304 3228 2344 ex
3256 2287 3511 2342 omnibus

1927 2415 1955 2452 a
1983 2398 2091 2452 Deo
2124 2397 2323 2451 creatis
2358 2396 2522 2449 rebus
2556 2394 2793 2453 dicatur,
2830 2389 3001 2444 factus
3034 2384 3336 2442 secundum
3365 2384 3504 2435 imu-

1926 2494 2102 2561 giuem
2133 2490 2269 2545 Dei?
2306 2488 2445 2541 Nihil
2506 2486 2650 2541 enim
2710 2484 2763 2537 in
2828 2482 3044 2536 homine
3084 2479 3325 2548 reperiat
3381 2476 3507 2544 quis

1926 2580 2127 2647 nobile,
2167 2594 2276 2649 quo
2328 2586 2509 2634 careat
2556 2574 2799 2645 angelica
2840 2582 3075 2627 natura:
3134 2586 3240 2625 non
3278 2570 3503 2623 immor-

1924 2671 2130 2735 talitas,
2191 2686 2311 2723 nam
2359 2679 2413 2722 et
2453 2668 2675 2739 angelus
2704 2664 3071 2727 immortalis;
3106 2678 3211 2715 non
3269 2659 3501 2714 liberum

1922 2762 2229 2826 arbitrium,
2262 2776 2385 2815 nam
2418 2761 2461 2814 si
2488 2757 2684 2825 angeli,
2716 2766 2777 2810 ut
2812 2755 2978 2810 sentit
3012 2752 3341 2819 Theologus,
3368 2749 3502 2823 [Na-

1923 2849 2237 2923 zianzenus]
2286 2851 2457 2917 magis
2511 2849 2695 2922 [quam
2748 2845 3019 2919 homines]
3070 2844 3409 2913 propendent
3450 2846 3502 2896 in

1922 2945 2144 3007 bonum,
2173 2943 2474 2997 secundum
2540 2942 2643 2993 hoc
2671 2937 2911 3003 intellige
2964 2935 3112 2989 nullo
3146 2937 3308 2989 modo
3338 2948 3501 3002 posse

1920 3035 2093 3104 accipi
2127 3033 2254 3089 illud
2289 3033 2585 3088 secundum
2627 3029 3057 3085 similitudinem.
3104 3024 3163 3081 Si
3210 3025 3501 3093 imperium

1924 3129 2073 3183 dicas
2102 3128 2377 3197 (dignatus
2405 3134 2488 3178 est
2513 3123 2657 3176 enim
2699 3122 2861 3175 homo
2908 3134 2936 3173 a
2970 3118 3080 3173 Deo
3113 3118 3343 3186 imperio
3392 3119 3497 3187 pis-

1926 3220 2071 3274 cium
2120 3228 2177 3273 et
2208 3216 2435 3270 aliorum
2477 3214 2529 3267 in
2582 3214 2694 3283 ipsa
2750 3210 2933 3265 mundi
2985 3209 3242 3265 fabricati
3292 3208 3502 3263 descri-

1926 3308 2149 3380 ptione),
2185 3324 2253 3362 ne
2285 3309 2363 3361 sic
2386 3308 2603 3375 quidem
2634 3305 2856 3374 angelos
2884 3304 3140 3359 ostendes
3164 3315 3288 3357 esse
3315 3300 3503 3355 diver-

1923 3418 2035 3458 sos.
2069 3401 2344 3456 Dominari
2390 3399 2533 3453 enim
2570 3397 2749 3465 plures
2783 3395 3099 3466 angelorum
3128 3393 3404 3463 gentibus,
3436 3401 3495 3447 et

1924 3495 2235 3549 nationibus
2266 3491 2576 3561 singulatim
2603 3505 2633 3544 e
2689 3488 2970 3555 Scriptura
3023 3486 3316 3541 didicimus
3341 3484 3391 3540 κ.
3437 3484 3496 3539 Si

1922 3596 2129 3649 autem,
2154 3585 2298 3653 quod
2326 3582 2602 3652 subjectos
2636 3595 2744 3634 non
2770 3578 3081 3633 tractabiles
3112 3578 3214 3633 sibi
3244 3577 3494 3640 reddant,

1921 3677 2380 3747 quemadmodum
2440 3674 2513 3729 illi
2569 3673 2739 3726 multa
2798 3672 3077 3734 animalia,
3140 3666 3497 3724 diﬂ’erentiam

1919 3769 2242 3832 constituas,
2271 3766 2403 3822 nihil
2435 3765 2535 3821 nisi
2558 3766 2726 3820 risum
2746 3764 2941 3835 jactas,
2976 3761 3310 3831 nequeenim
3336 3760 3498 3814 homo

1918 3856 2071 3925 cujus
2097 3858 2383 3928 imaglnem
2435 3855 2579 3912 ferre
2605 3856 2803 3911 dicitur
2837 3852 3029 3926 (apage
3058 3852 3312 3921 dictum),
3372 3852 3499 3904 sub-

1912 3952 2084 4021 jectos
2107 3952 2280 4006 reddit
2301 3951 2414 4005 sive
2437 3950 2674 4004 ostendit
2707 3956 3043 4002 mansuetos.
3063 3945 3203 4012 Quid
3225 3945 3389 4013 igitur
3414 3954 3497 3997 est

1918 4044 2067 4107 illud,
2112 4044 2398 4097 secundum
2457 4040 2789 4109 imaginem?
2837 4035 2969 4091 Nam
3017 4038 3327 4106 quicunque
3384 4050 3499 4084 cor-

1916 4150 2093 4206 poreae
2121 4135 2305 4201 figura
2342 4133 2677 4203 elegantiam
2730 4128 3026 4185 commenti
3062 4136 3209 4187 sunt,
3246 4128 3496 4179 omnibus

1916 4229 2031 4283 suis
2058 4225 2393 4297 argumentis
2427 4224 2701 4283 hominem
2735 4236 2909 4287 neque
2933 4223 3000 4275 ab
3034 4220 3355 4289 angelorum
3383 4219 3498 4287 qui-

1913 4324 2036 4374 dem
2085 4318 2273 4373 lormas
2320 4316 2701 4371 communione
2756 4329 2855 4384 pro
2903 4313 3116 4366 ratione
3167 4310 3493 4381 qttaastionis

214 4410 358 4448 σαν·
409 4396 883 4466 ἀνθρωπόμορφον
926 4396 1036 4467 γὰρ
1100 4398 1156 4450 αἱ
1216 4396 1358 4451 θεῖαι
1412 4399 1628 4468 Γραφαὶ
1675 4402 1804 4465 τοὺς

1917 4411 2210 4466 liberarunt
2237 4411 2371 4481 (87).
2401 4409 2483 4461 Ab
2523 4407 2729 4476 angelis
2756 4406 2899 4459 enim
2924 4404 3215 4457 humanam
3250 4402 3496 4455 indutam

210 4488 491 4556 ἀγγέλους
514 4490 648 4558 ἡμῖν
674 4489 986 4542 ἐνδεδύσθαι
1025 4489 1213 4559 σχῆμα
1245 4490 1609 4544 ὑπετύπωσαν
1637 4492 1703 4548 ⁸⁸.
1740 4494 1803 4546 Εἰ

1917 4515 2033 4555 esse
2057 4499 2306 4563 formam,
2334 4498 2486 4551 nobis
2512 4496 2710 4549 divina:
2756 4494 2980 4548 Litterae
3012 4492 3393 4562 prodiderunt.
3436 4490 3495 4544 Si

210 4583 273 4634 δὲ
308 4581 375 4633 τὸ
407 4580 801 4651 δημιουργικὸν
832 4582 925 4634 καὶ
958 4582 1259 4652 πρακτικὸν
1286 4583 1331 4615 δ’
1372 4586 1451 4647 εἰς
1483 4582 1716 4656 ὓπαρξιν
1742 4585 1803 4639 τὸ

1917 4599 2085 4644 autem
2131 4586 2342 4657 opiﬁcis
2401 4596 2457 4641 et
2500 4583 2774 4639 effectoris
2839 4583 3159 4637 substantia
3239 4580 3494 4635 bumante

212 4675 345 4727 κατ’
379 4673 565 4725 εἰκόνα
585 4674 883 4741 φυλάσσειν
915 4674 1059 4744 ἔχεις
1084 4676 1170 4726 ἐπ’
1200 4674 1488 4745 ἀνθρώπου
1517 4677 1803 4747 (δημιουρ-

211 4768 308 4832 γεῖ
342 4765 454 4832 γάρ
480 4764 610 4827 Θεὸς
636 4765 683 4797 ⁸⁸
715 4766 775 4817 τὸ
810 4768 939 4831 πᾶν,
968 4768 1264 4835 ἀφράστως
1298 4769 1393 4819 καὶ
1437 4770 1803 4842 άνεπινοήτως

212 4857 484 4926 προάγων
510 4857 578 4908 τά
608 4858 682 4927 μὴ
711 4856 860 4919 ὄντα,
885 4856 1023 4909 ἀλλὰ
1054 4858 1147 4909 καὶ
1178 4857 1465 4927 ἄνθρωπος
1499 4861 1668 4913 ἐνίοτε
1703 4862 1802 4931 μὲν

210 4948 281 5000 ἐκ
310 4947 413 5014 τῆς
450 4946 589 5009 ἰδίας
638 4949 828 5011 ούσίας
878 4948 972 5001 καὶ
1010 4948 1225 5016 φύσεως
1269 4952 1477 5020 σπορᾶς
1526 4953 1798 5025 καταϐολῇ

208 5040 407 5106 ὅμοιον
456 5037 744 5108 ἄνθρωπον
796 5040 1080 5109 γεωργῶν,
1124 5040 1294 5093 ἐνίοτε
1328 5042 1385 5094 δὲ
1432 5044 1597 5116 τέχνῃ
1630 5047 1801 5100 πολλά

206 5130 325 5182 τῶν
376 5130 653 5206 τεχνητῶν
678 5133 722 5164 ⁸⁸
758 5132 1143 5202 δημιουργῶν,
1193 5135 1242 5187 εἰ
1286 5135 1380 5187 καὶ
1409 5135 1484 5206 μὴ
1530 5138 1576 5169 ⁸³
1607 5139 1672 5191 ἐκ
1704 5139 1800 5193 τοῦ

208 5219 448 5291 μηδαμῆ
482 5223 747 5292 μηδαμῶς
781 5224 827 5256 ⁸³
854 5223 1050 5289 δντος),
1079 5224 1214 5278 ἀλλά
1241 5228 1335 5280 καὶ
1360 5227 1518 5281 τοῦτό
1547 5247 1598 5282 τι
1628 5231 1674 5261 ⁸⁸
1707 5249 1801 5285 πι-

203 5312 378 5367 θανὸν
434 5312 557 5384 ἕχον
588 5315 788 5387 ῥᾳδίως
838 5317 1142 5389 ἐλέγχεται.
1184 5319 1254 5376 Οἵ
1306 5317 1412 5394 [τε]
1463 5322 1573 5395 γάρ
1626 5325 1796 5393 μονά-

1903 4679 2131 4749 elIigiem
2156 4680 2208 4733 in
2265 4679 2482 4733 homine
2512 4677 2647 4730 dicis
2680 4689 2902 4729 manere
2949 4673 3063 4744 (88)
3114 4673 3289 4741 (creat
3346 4671 3493 4726 enim

1906 4772 2068 4837 Deus,
2096 4772 2349 4825 universa
2382 4766 2745 4837 ineXpIicabili
2777 4778 2832 4821 et
2858 4768 3310 4835 incompreheuso
3335 4765 3493 4818 modo

1903 4862 2249 4935 producendo
2275 4870 2496 4927 ea‘quae
2532 4874 2635 4912 non
2688 4859 2860 4929 sunt),
2897 4858 3060 4911 etiam
3125 4858 3288 4911 homo
3322 4870 3492 4924 quau-

1905 4956 2079 5026 doque
2113 4953 2307 5026 3136
2350 4970 2417 5008 ex
2475 4967 2570 5006 sua
2628 4950 2933 5007 substantia
2969 4962 3022 5005 et
3072 4960 3266 5003 natura
3294 4987 3309 5010 .
3364 4958 3484 5003 satu

1907 5048 2136 5103 seminis
2166 5046 2395 5101 similem
2446 5043 2548 5099 sibi
2600 5043 2876 5098 hominem
2926 5052 3102 5105 creat,
3157 5040 3492 5108 quandoque

1908 5154 2036 5193 vero
2068 5136 2296 5190 artiﬁcio
2338 5134 2502 5189 multa
2530 5134 2782 5203 opiﬁcum
2833 5130 3084 5194 artiﬁcia,
3141 5129 3390 5200 quamvis
3420 5145 3489 5183 ex

1908 5232 2051 5286 nulla
2083 5246 2139 5284 re
2161 5229 2309 5299 prius
2341 5228 2660 5292 exsistente,
2700 5225 2893 5296 lingit;
2929 5225 3209 5279 enimvero
3260 5232 3314 5279 et
3363 5223 3489 5289 hoc,

1913 5324 1957 5379 si
1988 5322 2120 5393 quid
2172 5319 2448 5391 probabile
2482 5319 2665 5386 habet,
2714 5316 2874 5373 facile
2927 5317 3220 5373 refellitur.
3259 5315 3395 5369 Nam
3425 5326 3483 5370 et

1514 5455 1747 5515 VARUS
1779 5458 2183 5517 LECTIONES.

279 5540 330 5574 “
380 5534 715 5611 ᾦ-ιὰγνείας
744 5561 851 5602 om.
878 5546 985 5604 AC.
1060 5549 1104 5581 ⁵⁷
1132 5551 1249 5604 isti.
1264 5552 1642 5636 νενοθευμένος
1680 5558 1744 5613 Α.
1768 5558 1875 5629 γὰρ
1895 5556 2277 5627 νενοθευμένος
2303 5556 2449 5609 ἐστίν
2478 5574 2539 5621 ς.
2617 5554 2662 5587 ⁸⁸
2689 5554 3049 5609 ἐπετύπωσαν
3084 5572 3145 5619 ς.
3222 5553 3267 5586 ⁸⁸
3298 5550 3482 5605 malim

204 5615 572 5665 ποοακτικὸν.
624 5626 679 5665 et
724 5632 844 5665 IIIOX
877 5619 1010 5665 ἔνει-
1083 5620 1131 5652 ⁸.
1159 5622 1266 5665 γὰο
1297 5637 1325 5665 a
1356 5623 1488 5665 “Ah:
1518 5643 1556 5665 ρ
1654 5628 1699 5660 Ιι
1726 5629 1980 5665 ravum-Em
2025 5630 2053 5665 Α
2157 5627 2203 5659 ³1
2245 5629 2316 5665 nili
2344 5644 2429 5665 nm
2487 5633 2516 5665 Δ
2617 5627 2664 5659 ⁸³
2691 5626 2910 5665 ιινιδιιιιῆ
2945 5624 3206 5665 ιιηδαιυῖν
3236 5624 3274 5665 Ιι
3294 5663 3304 5665 Α
3376 5638 3482 5665 un-

234 5619 585 5699 προακτιιιὸνι
624 5626 701 5698 et.
724 5632 846 5673 mox
877 5619 1010 5699 ἔχει.
1043 5688 1061 5699 _
1083 5620 1131 5699 ’ξ
1159 5622 1266 5691 γὰρ
1297 5623 1325 5674 ὀ
1346 5619 1497 5699 Θεὸς
1518 5643 1579 5690 ς.
1654 5628 1699 5660 ⁸⁸
1726 5619 1980 5699 τεχνιτῶν
2018 5630 2083 5682 Δ.
2118 5619 2131 5627 ’
2157 5627 2203 5659 ’ί
2242 5619 2318 5699 μὴ
2344 5644 2451 5681 υιιι.
2478 5619 2543 5683 lt.
2617 5627 2664 5659 ⁸³
2689 5626 2912 5698 μηδαμῇ
2942 5624 3206 5697 μηδαμῶς
3236 5624 3308 5688 Β,
3373 5638 3485 5693 μηο

1725 5762 1958 5821 NOTA'J.

201 5682 357 5754 δαμῇ
381 5684 449 5745 Δ,
478 5686 741 5755 μηδαμῶς
773 5705 835 5753 ς.
907 5682 954 5722 ῖδ
985 5688 1133 5761 τι]τδ
1156 5682 1298 5747 corr.
1328 5695 1397 5748 Δ.

280 5845 395 5917 (87)
430 5847 561 5913 Qua:
590 5857 729 5905 erat.
753 5864 859 5920 qua
886 5850 1097 5908 ratione
1115 5853 1307 5909 similis
1334 5864 1475 5909 esset
1504 5852 1631 5910 Deo.

1980 5851 2092 5923 (88)
2130 5850 2367 5922 Efﬁgiem
2394 5851 2665 5909 custodire
2687 5864 2851 5922 posss
2882 5849 3153 5907 hominem
3190 5857 3369 5919 unus.
