4208 6442
718 402 858 467 1179

1840 404 2102 469 PlIOTII
2146 402 2649 463 PATRIARCIIE
2688 408 2796 467 ΟΡ.

3833 417 3973 484 1180

716 524 808 590 qui
855 519 1151 575 solitariam
1200 519 1364 573 vitam
1423 521 1643 590 degunt,
1696 529 1751 575 et
1797 533 2081 591 propterea
2133 520 2334 588 quod!

2431 537 2586 582 wre;,
2624 521 2717 572 καὶ
2745 522 2829 574 διὰ
2873 522 2932 574 τὸ
2976 523 3151 577 δοκεῖν
3184 526 3479 595 φυλάσσειν
3514 530 3573 581 τδ
3606 532 3735 582 κατ’
3766 535 3973 587 εἰκόνα

718 614 1174 672 videanturillud.
1206 615 1275 666 ad
1302 614 1607 683 imaginem,
1674 629 1914 679 servare,
1944 624 2289 682 posteaquam

720 710 926 775 seipsos
960 722 1120 775 supra
1167 721 1327 760 omne
1362 706 1657 759 artificium
1704 707 1997 759 humanum
2043 714 2291 758 etartem

721 801 1087 869 perfecerunt,
1123 799 1305 853 miseri
1331 798 1666 861 viderentur,
1693 799 1831 866 quod
1864 799 1965 851 hoc
1992 796 2109 865 ipso
2142 796 2291 861 illud,

721 895 1005 947 secundum
1055 891 1479 953 similitudinem,
1538 890 1932 957 perdidissent.
1986 887 2126 953 Quid
2162 904 2292 957 ergo

722 997 807 1040 est
837 987 961 1047 hoc,
1019 985 1303 1037 secundum
1328 982 1731 1035 similitudinem
1762 982 1785 1034 ?
1824 979 2090 1033 Virtutum
2143 980 2299 1033 indu-

727 1078 860 1130 stria
887 1086 1164 1144 partarum
1198 1073 1482 1127 thesaurus
1515 1081 1619 1127 est.
1645 1072 1835 1140 Angcli
1868 1072 2012 1125 enim
2049 1072 2297 1139 quamvis

724 1174 983 1223 virtutem
1008 1168 1261 1231 habeant,
1297 1182 1402 1219 non
1438 1166 1688 1219 dicuntur
1729 1174 1907 1217 tamen
1942 1178 2035 1229 per
2059 1162 2298 1215 laborem

727 1272 783 1317 et
808 1262 1131 1317 industriam
1160 1270 1368 1328 partam
1402 1258 1603 1311 habere
1644 1256 1767 1325 quia
1802 1270 1904 1308 non
1930 1253 2292 1308 sollicitantur

728 1374 758 1411 a
796 1365 1040 1426 peccato.
1078 1354 1181 1409 Sed
1222 1353 1471 1423 quamvis
1504 1353 1605 1406 hoc
1640 1349 2047 1413 concederetur,
2104 1349 2171 1401 ab
2207 1363 2301 1399 au-

728 1451 864 1519 gelis
897 1450 1148 1502 virtutem
1173 1448 1291 1500 sine
1320 1445 1506 1500 labore
1532 1458 1863 1512 possessam,
1901 1450 1993 1493 aut
2021 1440 2072 1493 hi
2092 1453 2305 1506 quoque

730 1544 885 1607 illud,
917 1543 987 1597 ad
1012 1542 1317 1611 imaginem,
1339 1540 1455 1592 sine
1487 1538 1671 1591 labore
1708 1534 1956 1590 habendo
1988 1534 2158 1601 magis
2194 1533 2303 1585 Deo

731 1639 939 1693 similes
964 1636 1241 1690 habebunt
1262 1634 1403 1686 hanc
1433 1639 1581 1694 :aut,
1613 1630 1657 1683 si
1691 1629 1743 1682 hi
1774 1643 1898 1686 non,
1938 1624 2104 1679 multo
2130 1625 2307 1677 minus

734 1730 919 1792 homo,
950 1726 1076 1795 quia
1129 1738 1253 1777 cum
1299 1721 1464 1782 illius,
1507 1728 1600 1771 aut.
1639 1728 1762 1770 ante
1835 1715 1981 1769 illius
2060 1714 2309 1781 imaginis

732 1819 1160 1888 possessionem,
1204 1812 1385 1866 multis
1413 1810 1672 1865 arumnis
1718 1816 1775 1863 et
1803 1804 2083 1860 laboribus
2125 1812 2302 1860 exant-

735 1911 863 1966 latis
890 1910 1031 1965 hanc
1062 1904 1389 1974 assequitur.

1335 2013 1711 2073 CCXXXVIH.

822 2140 997 2196 Flavii
1030 2138 1245 2203 Iosephi
1276 2138 1667 2206 Antiquitatum
1701 2132 2054 2186 Iudaicarum
2090 2129 2233 2181 libri.

812 2256 941 2327 Legi
1011 2252 1232 2321 Iosephi
1284 2250 1662 2317 Antiquitates,
1719 2258 1949 2316 quarum
2010 2240 2307 2308 Excerpta,

738 2365 861 2421 quae
891 2349 957 2402 de
988 2344 1200 2399 Herode
1238 2352 1485 2403 narrant,
1517 2338 1833 2392 describunt
1867 2332 2311 2387 instaurationem

743 2439 949 2509 templi,
984 2446 1043 2490 tit
1076 2434 1387 2489 Judtrorum
1412 2429 1763 2499 occupaverit
1800 2427 2119 2490 dominium,
2151 2435 2317 2494 utque

741 2532 863 2601 ejus
888 2531 1054 2598 stirps
1083 2526 1371 2595 imperium
1407 2524 1598 2592 adepta
1627 2522 1716 2584 sit,
1747 2530 1806 2573 ut
1834 2520 2063 2587 denique
2089 2518 2139 2569 in
2172 2516 2315 2585 opti-

742 2635 948 2680 matum
986 2634 1212 2690 regnum
1268 2617 1515 2681 verterit,
1547 2614 1905 2683 principatum
1937 2609 2163 2665 summis
2186 2623 2318 2677 pon-

745 2715 981 2769 tificibus
1003 2708 1407 2769 invadentibus,
1429 2713 1484 2759 et
1511 2705 1617 2758 alia
1648 2717 1769 2771 quae
1807 2701 1892 2757 bis
1927 2698 2314 2768 adiunguntur.

814 2972 1103 3043 Josephus,
1127 2969 1193 3023 ad
1225 2969 1385 3022 linem
1436 2966 1556 3020 libri
1602 2964 1779 3034 quinti
1820 2962 2012 3018 decimi
2078 2960 2323 3029 Antiqui-

745 3077 940 3129 tatum,
990 3063 1171 3117 tradit.
1202 3060 1411 3114 Octavo
1445 3056 1655 3111 decimo
1707 3055 1857 3125 regni
1909 3052 2136 3106 Herodis
2181 3066 2323 3104 anno

742 3156 1047 3229 perfectum
1080 3151 1338 3220 templum
1393 3145 1823 3215 Hierosolymis:
1856 3143 2000 3212 quod
2050 3140 2313 3195 Salomon

746 3263 845 3302 rex
892 3242 1271 3305 exaedificavit,
1319 3241 1462 3309 quod
1498 3252 1745 3292 eversum
1792 3236 1985 3289 iterum
2033 3233 2231 3301 captivi
2294 3245 2324 3284 e

744 3338 1022 3409 Babylone
1079 3333 1283 3389 reducti
1347 3332 1638 3386 Persarum
1688 3342 1812 3395 rege
1863 3325 2028 3380 Dario
2095 3324 2323 3392 coadju-

748 3441 910 3483 vante
935 3436 1229 3481 erexerunt
1276 3437 1370 3477 sex
1405 3432 1459 3475 et
1515 3419 1876 3489 quadraginta
1939 3416 2118 3470 annis.
2173 3416 2325 3469 Hunc

752 3521 1019 3575 Herodem
1057 3517 1251 3581 refert,
1306 3513 1643 3567 auferentem
1679 3509 2031 3564 fundamenta
2064 3509 2322 3577 antiqua,

752 3614 855 3667 alia
892 3626 1020 3665 vero
1052 3619 1242 3664 contra
1275 3606 1363 3660 illa
1392 3604 1709 3674 jacientem,
1755 3602 1916 3671 duplo
1948 3600 2127 3669 priore
2156 3601 2326 3668 majus

752 3706 969 3759 fecisse.
1010 3700 1304 3769 Superavit
1350 3697 1494 3751 enim
1531 3694 1822 3748 altitudine
1892 3692 2148 3761 templum
2182 3691 2324 3757 quod

751 3795 949 3863 captivi
1009 3799 1303 3847 erexerunt
1366 3787 1621 3855 templum
1692 3784 2000 3838 Salomonis
2055 3782 2326 3836 mensuris

751 3884 1097 3957 quibusdam.
1153 3882 1481 3937 Contiuebat
1515 3877 1772 3947 templum
1816 3875 2049 3930 Herodis
2104 3885 2322 3929 centum

755 3980 965 4032 cubitos
989 3974 1357 4043 longitudine:
1396 3972 1626 4026 altitudo
1666 3970 1896 4039 amplius
1927 3970 2143 4039 viginti,
2190 3981 2329 4035 quos

753 4072 917 4123 ctiam
952 4066 1312 4127 transcendit.
1347 4075 1590 4133 tempore
1624 4062 1987 4116 fundamentis
2039 4059 2328 4114 subsiden-

759 4163 921 4223 tibus,
947 4174 1109 4230 quam
1136 4159 1298 4209 etiam
1330 4155 1559 4209 Neronis
1602 4154 1829 4223 imperio
1868 4148 2036 4204 Judaei
2077 4149 2330 4203 attollere

756 4255 1081 4324 cogitarunt.
1117 4246 1465 4305 Edilicatum
1514 4262 1642 4301 vero
1692 4245 1947 4315 templum
2000 4245 2069 4299 ab
2119 4242 2332 4298 Ilerode

758 4363 865 4400 uno
917 4361 1060 4399 anno
1118 4356 1173 4397 et
1226 4357 1320 4395 sex
1370 4342 1645 4394 mensibus
1702 4338 1971 4407 Josephus
2034 4335 2223 4401 refert,
2278 4345 2332 4389 et

758 4443 950 4493 domus
981 4480 997 4503 ,
1054 4448 1108 4491 et
1149 4445 1495 4489 monumenta
1527 4432 1721 4505 314α
1766 4448 1883 4500 qua:
1930 4432 2136 4485 circum
2179 4439 2334 4484 erant

757 4543 883 4585 octo
913 4532 1138 4598 integris
1175 4528 1348 4581 annis.
1392 4527 1624 4594 Lapides
1673 4527 1869 4594 quibus
1911 4524 2165 4592 templum
2203 4524 2333 4576 aedi-

760 4625 979 4678 ﬁcatum
1016 4622 1271 4676 candidos
1328 4634 1390 4671 ac
1426 4621 1629 4681 lirmos,
1683 4617 1922 4685 singulos
1960 4616 2127 4669 fuisse
2171 4614 2339 4683 longi-

768 4718 955 4769 tudine
996 4715 1303 4768 cubitorum
1339 4712 1528 4778 viginti
1560 4712 1819 4779 quinquc,
1866 4709 2147 4761 altitudine
2195 4716 2340 4773 octo,

764 4807 1047 4861 latitudine
1092 4808 1416 4869 duodecim;
1475 4806 1683 4857 linitum
1720 4817 1850 4855 vero
1904 4803 2004 4855 hac
2054 4800 2339 4855 industria.

772 4896 851 4952 Eo
887 4898 938 4949 in
966 4911 1129 4966 opere
1177 4910 1369 4964 magna
1400 4892 1629 4948 Herodis
1673 4893 1868 4948 enituit
1898 4892 2210 4961 diligentia:
2246 4894 2343 4944 ad-

763 4989 907 5043 vexit
936 4989 1083 5057 prius
1098 5003 1310 5041 onmem
1343 4988 1644 5049 materiam,
1672 4996 1932 5055 erantque
1960 4986 2031 5039 illi
2084 4987 2346 5053 plaustra,

775 5082 923 5136 inille
964 5073 1167 5149 lapides
1214 5081 1413 5133 vehere
1471 5090 1753 5143 consueta,
1794 5080 1978 5133 decent
2032 5080 2196 5131 millia
2234 5079 2346 5145 opi-

772 5175 955 5237 ficum,
1003 5173 1366 5237 sacerdotum,
1410 5173 1499 5239 qui
1540 5174 1590 5225 iu
1652 5173 1827 5241 adytis
1861 5172 2129 5225 servirent
2176 5171 2343 5225 mille.

771 5267 869 5335 llis
904 5267 1048 5321 enim
1083 5267 1350 5320 aediﬁcare
1372 5265 1621 5334 lignaque
1650 5268 1845 5319 cedere
1877 5264 2127 5327 instituit,
2162 5279 2349 5317 sacras

775 5359 882 5414 illis
922 5358 1170 5412 omnibus
1200 5366 1376 5411 vestes
1417 5371 1690 5421 coemens,
1715 5365 1769 5409 et
1795 5365 2109 5423 apparatus,
2143 5355 2331 5409 volun-

2397 613 2596 672 παντὸς
2644 613 2983 683 ἀνθρωπίνου
3047 616 3423 688 [τεχνήματος
3466 621 3540 693 ἢ]
3596 625 3973 692 τεχνάσματος

2398 703 2653 772 ἀνωτέρω
2677 706 2900 769 ἑαυτοὺς
2930 708 3320 778 ἐργασάμενοι,
3341 713 3514 766 ἄθλιοι
3545 714 3610 767 ἂν
3640 718 3885 783 φανεῖεν,
3916 718 3977 768 τὸ

2398 798 2522 845 κατ’
2552 799 2756 849 εἰκόνα
2800 798 2871 850 δι’
2917 800 3050 851 αὐτὸ
3099 804 3275 855 ἐκεῖνο
3298 804 3342 835 ⁸⁸
3371 806 3760 869 ἀπολέσαντες.
3789 809 3857 860 Τί
3884 804 3977 860 οὖν

2398 886 2479 951 τὸ,
2517 889 2647 939 κατ’
2679 890 2919 953 είκόνα;
2940 893 2973 960 ἡ
3012 891 3121 944 τῶν
3151 895 3363 963 ἀρετῶν
3406 898 3472 949 δι’
3496 899 3819 966 ἐπιμελείας
3848 901 3975 965 κτῆ·

2402 995 2484 1040 σις
2510 994 2523 1007 ·
2559 980 2777 1046 ἄγγελοι
2822 982 2920 1051 μὲν
2952 982 3063 1052 γὰρ
3094 984 3237 1053 ἔχειν
3271 988 3495 1057 ἀρετὴν,
3532 989 3649 1042 ἀλλ’
3682 990 3746 1042 οὐ
3780 991 3882 1059 τὴν
3910 992 3976 1043 δι’

2400 1072 2716 1139 ἐπιμελείας
2751 1075 2841 1126 καὶ⁵
2888 1074 3082 1139 κόπου,
3126 1078 3209 1131 ὅτι
3247 1079 3320 1148 μὴ
3354 1079 3708 1149 μεθέλκονται
3732 1082 3839 1134 ὑπὸ
3872 1100 3976 1135 κα-

2401 1166 2545 1231 κίας,
2580 1168 2921 1232 δοξάζονται.
2966 1170 3106 1223 Ἀλλ’
3136 1175 3185 1226 εί
3224 1176 3318 1226 καὶ
3364 1176 3524 1229 τοῦτο
3570 1177 3979 1246 συγχωρηθείη,

2402 1259 2610 1310 ἀκοπον
2652 1259 2861 1328 ἀρετῶν
2902 1260 3098 1329 κτῆσιν
3143 1266 3257 1327 τοῖς
3285 1265 3537 1332 ἀγγέλοις
3584 1267 3981 1335 ἀποκεκληρῶ-

2406 1351 2548 1412 σθαι,
2580 1352 2613 1422 ἢ
2655 1352 2750 1407 καὶ
2772 1349 2921 1406 οὗτοι
2949 1355 3031 1416 τὸ,
3054 1357 3181 1408 κατ’
3209 1359 3436 1421 εικόνα,
3470 1358 3549 1428 τῷ
3577 1359 3806 1421 ἀκόπως
3838 1360 3982 1427 ἔχειν

2406 1442 2525 1512 Θεῷ
2586 1445 2787 1513 μᾶλλον
2838 1445 3249 1513 πλησιάζοντες,
3296 1449 3409 1519 ἢεί
3456 1452 3532 1522 μὴ
3569 1444 3748 1515 οὗτοι,
3802 1451 3985 1520 πολλῷ

2410 1535 2612 1602 μᾶλλον
2643 1536 2752 1589 οὐδ’
2791 1538 2819 1590 ὁ
2878 1537 3185 1609 ἄνθρωπος,
3237 1541 3318 1593 ὅτι
3367 1544 3506 1609 μετὰ
3549 1544 3753 1612 ταύτης
3802 1543 3838 1612 ἢ
3884 1543 3991 1612 πρὸ

2406 1626 2611 1697 ταύτης
2660 1629 2762 1698 τὴν
2813 1629 3008 1696 κτῆσιν
3062 1630 3274 1683 πολλῶν
3337 1634 3593 1703 ταράχων
3644 1636 3739 1687 καὶ
3810 1635 3991 1687 πόνων

2410 1719 2825 1791 ἐμπιπλάμενος
2855 1722 3062 1791 ταύτην
3090 1723 3393 1793 ἐκδέχεται.

3115 2006 3265 2059 ΣΛΗ¹

2567 2114 2854 2181 Ἰωσήπου
2884 2115 2996 2185 τῆς
3036 2117 3473 2190 Ἀρχαιολογίας
3515 2122 3555 2188 ἡ
3601 2122 3852 2191 ἐκλογή.

2496 2226 2834 2299 Ἀνεγνώσθη
2894 2231 3156 2302 Ἰωσήπου
3212 2236 3245 2303 ἠ
3314 2236 3730 2304 Ἀρχαιολογεά
3763 2252 3778 2265 -
3835 2230 3905 2307 ἧς
3966 2238 3999 2305 ἡ

2414 2320 2633 2393 ἐκλογὴ,
2651 2324 2751 2377 ὅσα
2767 2342 2826 2378 τε
2852 2326 3054 2396 ἱστορεῖ
3080 2326 3207 2396 περὶ
3241 2325 3481 2395 Ἡρώδου
3502 2326 3647 2389 ⁸⁶·⁸⁷,
3679 2327 3999 2393 καταλέγει,

2418 2415 2520 2482 τήν
2557 2432 2617 2467 τε
2658 2417 3019 2489 ἀνοικοδομὴν
3059 2417 3157 2471 τοῦ
3214 2416 3366 2481 ναοῦ,
3405 2417 3555 2480 ὅπως
3591 2433 3653 2469 τε
3706 2418 3809 2487 τὴν
3868 2417 4004 2467 Ἰου-

2419 2506 2611 2576 δαῖκὴν
2656 2508 2954 2581 ὑπεισῆλθε
3007 2511 3309 2582 βασιλείαν,
3363 2512 3458 2565 καὶ
3501 2512 3649 2573 ὅπως
3688 2510 3857 2563 αὑτοῦ
3901 2512 4005 2579 τὴν

2420 2599 2596 2669 ἀρχὴν
2636 2602 2685 2653 οἱ
2728 2607 2794 2658 ὲκ
2853 2605 3043 2673 γένους
3090 2604 3409 2668 διεδέξαντο,
3452 2603 3599 2665 ὅπως
3644 2619 3702 2654 τε
3752 2601 3891 2672 αὕτη
3926 2604 4008 2663 εἰς

2420 2698 2847 2769 ἀριστοκρατίαν
2911 2695 3308 2760 καταλέλυται,
3354 2695 3454 2763 τὴν
3526 2694 3867 2764 προστασίαν
3909 2693 4007 2745 τοῦ

2425 2790 2610 2852 ἔθνους
2638 2790 2750 2842 τῶν
2780 2789 3086 2861 ἀρχιερέων
3119 2786 3557 2855 ἀναδεξαμένων,
3612 2785 3707 2838 καὶ
3742 2787 3844 2838 ὅσα
3872 2784 4016 2838 ἄλλα

2423 2882 2633 2945 τούτοις
2672 2880 3140 2934 συνδιαπλέκεται.

2497 2973 2622 3025 Ὀτι
2646 2972 2691 3004 ⁸⁸
2724 2971 2989 3042 Ἰώσηπος
3025 2970 3163 3041 πρὸς
3206 2968 3285 3039 τῷ
3311 2969 3454 3022 τέλει
3483 2972 3585 3039 τῆς
3631 2974 3689 3020 ιε’
3730 2967 3877 3021 κατά
3912 2967 4013 3036 τὴν

2427 3066 2484 3119 Ἀ
2488 3082 2528 3133 ρ
2534 3065 2885 3133 χαιολογίαν
2900 3062 3162 3132 ἱστορίας,
3178 3061 3646 3115 ὀκτωκαιδέκατον
3663 3060 3781 3125 ἔτος
3799 3060 3898 3129 τῆς
3918 3061 4015 3129 βα-

2431 3154 2782 3227 σιλείαςῘ968
2810 3153 2899 3225 3.]
2936 3152 3182 3223 Ἡρώδην
3200 3154 3244 3186 ³⁸
3262 3153 3495 3206 ἀνύοντα
3516 3152 3605 3205 τὸν
3632 3154 3690 3203 ἐν
3716 3150 4018 3220 Ἱεροσολύ-

2437 3264 2555 3317 μοις
2588 3246 2742 3310 νεὼν,
2763 3246 2821 3298 δν
2846 3246 3031 3298 ἔκτισε
3058 3242 3312 3313 Σολομὼν
3340 3243 3369 3294 δ
3400 3241 3674 3312 βασιλεὺς,
3697 3258 4017 3311 καταστρα-

2437 3339 2605 3408 φέντα
2644 3339 2701 3392 δὲ
2738 3339 2902 3392 πάλιν
2926 3340 2976 3391 oi
3005 3340 3069 3391 ἐκ
3098 3334 3423 3397 Βαϐυλῶνος
3468 3333 3793 3403 ἀναχθέντες
3853 3334 4020 3402 αίχμ·

2436 3433 2631 3486 άλωτοι
2681 3431 2907 3500 Δαρείου
2937 3428 3030 3482 τοῦ
3070 3428 3297 3499 Περσῶν
3342 3425 3604 3496 βασιλέως
3635 3425 4021 3495 συναραμένου

2434 3526 2618 3586 αὐτοῖς
2660 3523 2966 3593 ἀνέστησαν
3015 3524 3073 3574 ὲν
3108 3526 3159 3584 ς’
3194 3518 3340 3571 ἔτεσι
3376 3518 3469 3570 καὶ
3505 3524 3589 3587 μ’,
3640 3514 3835 3569 τοῦτόν
3888 3533 4021 3585 φησι

2433 3616 2525 3668 τὸν
2552 3615 2899 3686 περιώνυμον
2922 3611 3058 3666 νεὼν
3080 3613 3125 3644 ⁸⁸
3152 3612 3294 3681 μετά
3323 3611 3419 3679 ἔτη
3448 3610 3728 3675 ὲξακέσια,
3760 3608 4024 3662 ἀνελόντα

2438 3704 2538 3774 μὲν
2584 3705 2712 3765 τοὺς
2752 3701 3013 3771 ἀρχαίους
3060 3700 3364 3769 θεμελίους,
3418 3700 3637 3769 ἐτέρους
3680 3696 3740 3749 δὲ
3777 3696 4025 3751 καταϐα-

2435 3796 2595 3848 λόντα
2619 3796 2705 3846 ἐπ’
2732 3792 2913 3848 αὑτῶν
2936 3793 2979 3824 ⁸⁸
3008 3792 3098 3844 τὸν
3137 3791 3386 3861 Ἡρώδην
3413 3790 3695 3845 διπλάσιον
3736 3788 3837 3841 τοῦ
3886 3806 4024 3860 προ-

2435 3886 2596 3956 τέρου
2640 3883 2976 3954 ἀναστῆσαι·
3016 3882 3301 3936 λείπεσθαι
3343 3882 3453 3953 γὰρ
3507 3882 3599 3934 τὸν
3637 3881 3745 3934 ὑπὸ
3782 3884 3899 3934 τῶν
3945 3882 4027 3935 ai-

2437 3979 2739 4049 χμα).ώτων
2762 3977 2857 4031 τοῦ
2890 3977 3289 4047 Σολομωντείου
3324 3977 3541 4046 μέτροις
3590 3974 3733 4028 κατά
3769 3976 3834 4027 τὸ
3881 3975 4017 4045 ’ὕψος

2438 4072 2600 4125 τισίν.
2629 4067 2757 4141 Εἶχε
2792 4071 2849 4123 δὲ
2874 4072 2902 4123 ὁ
2932 4070 3173 4139 Ἡρώδου
3204 4069 3341 4132 νεὼς
3376 4070 3549 4139 μῆκος
3584 4068 3683 4136 μὲν
3723 4068 3932 4137 πήχεις
3960 4068 4025 4137 ρ’,

2441 4164 2573 4233 ὕψος
2599 4164 2655 4217 δὲ
2685 4170 2732 4217 κ’
2756 4164 3053 4233 περιττοῖς,
3082 4161 3176 4223 οὓς
3201 4160 3247 4192 ⁸³
3272 4160 3370 4213 καὶ
3397 4159 3577 4229 ὑπέϐη
3601 4158 3677 4228 τῷ
3711 4161 3901 4229 χρόνῳ
3925 4160 4031 4211 τῶν

2441 4254 2709 4323 θεμελίων
2742 4252 3180 4321 συνιζησάντωνο
3211 4248 3241 4301 ὃ
3284 4249 3377 4302 καὶ
3413 4247 3555 4301 κατά
3592 4249 3720 4309 τοὺς
3769 4248 4029 4317 Νέρωνος

2442 4346 2668 4414 καιροὺς
2715 4343 2958 4395 Ἰουδαῖοι
2995 4340 3328 4409 ὲγνώκεισαν
3358 4340 3685 4409 ἐπεγείρειν.
3725 4340 4034 4410 Οἰκοδομη-

2444 4436 2603 4505 θῆναι
2644 4436 2687 4488 δ’
2716 4432 2845 4506 [515
2872 4431 2964 4505 ί1.]
3007 4431 3219 4503 Ἡρώδῃ
3243 4433 3338 4485 τὸν
3381 4433 3509 4484 ναὸν
3567 4429 3834 4501 Ἰώσηπός
3869 4450 4034 4501 φησιν

2447 4526 2678 4595 ἐνιαυτῷ
2725 4527 2806 4578 ἑνὶ
2856 4525 2949 4577 καὶ
2987 4525 3151 4594 μησὶν
3185 4530 3260 4587 ς¹,
3300 4523 3408 4575 τῶν
3434 4523 3480 4553 ⁸³
3506 4521 3562 4574 δὲ
3592 4522 3720 4591 περὶ
3754 4522 3851 4573 τὸν
3900 4524 4036 4574 νεὼν

2450 4619 2613 4671 οἴκων
2663 4618 2759 4671 καὶ
2817 4614 3131 4685 περιϐόλων
3184 4614 3229 4644 ⁸⁵
3274 4613 3451 4665 ἔτεσιν
3503 4612 3644 4673 ὅλοις
3700 4617 3777 4681 η’.
3835 4612 4037 4672 Λίθονς

2448 4707 2511 4771 δ’,
2542 4706 2602 4771 ἐξ
2637 4700 2711 4759 ὧν
2740 4706 2994 4775 ἠγείρετο
3028 4706 3056 4756 ὁ
3107 4703 3261 4767 νεὼς,
3305 4702 3531 4765 λευκοὺς
3588 4703 3687 4771 μὲν
3752 4697 3899 4754 εἶναι
3948 4705 4038 4755 καὶ

2452 4800 2767 4869 κραταιοὺς,
2802 4798 2948 4868 ἒχειν
2977 4797 3021 4849 δ’
3052 4798 3282 4849 ἕκαστον
3313 4796 3491 4848 αὐτῶν
3533 4794 3744 4863 μήκους
3791 4794 3898 4863 μὲν
3930 4796 4035 4863 πή-

2452 4910 2566 4961 χεις
2614 4897 2659 4943 κ’
2694 4892 2787 4942 καὶ
2825 4888 2891 4955 ε’,
2935 4889 3100 4957 ὕψους
3138 4888 3192 4939 δὲ
3225 4886 3273 4956 η’
3320 4888 3415 4939 καὶ
3458 4885 3649 4955 εὔρους
3702 4887 3835 4955 περὶ
3869 4885 3939 4954 ιβ’
3973 4886 4036 4936 ⁸⁸.

2453 4982 2786 5050 Ἰέλεσθῆναι
2814 4980 2951 5033 δὲτὸ
2980 4980 3141 5050 ἔργον
3173 4980 3305 5048 φησὶ
3333 4980 3544 5045 ἐπινοίᾳ
3573 4976 3822 5047 τοιαύτῃ·
3861 4977 4040 5047 Ἡρώ-

2452 5077 2517 5145 δῃ
2561 5075 2728 5145 πολλή
2771 5091 2857 5136 τις
2906 5073 3123 5139 ἐγένετο
3160 5072 3285 5141 περὶ
3316 5071 3361 5101 ⁸⁸
3407 5074 3468 5122 τὸ
3501 5070 3661 5139 ἔργον
3712 5070 4035 5139 φιλοτιμία·

2455 5168 2669 5238 ἀγείρει
2700 5162 2793 5219 οὖν
2828 5165 3095 5235 πρότερον
3128 5162 3345 5215 ἃπασαν
3376 5160 3529 5229 ὓλην,
3561 5160 3656 5212 καὶ
3686 5161 3858 5229 χίλιαι
3887 5159 4039 5229 αὑτῴ

2459 5263 2667 5331 ἄμαξαι
2690 5260 2872 5323 λίθους
2905 5260 3059 5325 ἄγειν
3107 5259 3393 5327 εὐτρεπεῖς
3415 5256 3457 5285 ⁵⁷
3510 5249 3671 5323 ἦσαν,
3707 5255 3945 5323 ἐργάται
3981 5254 4037 5305 δὲ

2440 5356 2589 5407 ἄλλοι
2624 5355 2721 5425 μὲν
2776 5353 2985 5423 μύριοι,
3038 5352 3145 5404 τῶν
3210 5350 3266 5402 δὲ
3314 5348 3526 5417 ἱερέων,
3562 5345 3609 5399 οἳ
3658 5346 3769 5398 τῶν
3828 5347 4038 5398 ἀδύτων

2079 5506 2309 5562 νΑιιιΑς
2338 5506 2627 5563 LECTION
2638 5506 2738 5560 ES.

850 5652 894 5683 "
925 5652 1098 5703 ἐκεῖνο
1127 5646 1243 5701 Ali:
1276 5646 1434 5699 τοῦτο
1459 5662 1516 5709 ς.
1594 5644 1709 5677 ⁵⁸⁸⁸⁷
1745 5639 1955 5711 ἡρώδην
1982 5650 2047 5704 Λ.
2124 5642 2169 5671 ⁸³
2198 5639 2693 5707 ἈνεγνώσΟη-ὅτι
2732 5634 3017 5711 Ἰώσηπος]
3052 5635 3237 5711 iuravi"
3275 5647 3380 5711 mg.
3408 5630 3570 5711 habet
3610 5630 3761 5711 C.ita
3782 5633 4042 5711 prmfatus

784 5723 1011 5792 εὕρηται
1041 5722 1134 5773 καὶ
1166 5721 1240 5792 ἐν
1271 5719 1429 5792 filim
1451 5716 1655 5792 ﬁdium
1707 5714 1827 5792 έχον
1849 5713 2103 5792 ,οὕτως’,ι
2126 5714 2214 5792 qui
2248 5714 2316 5792 ‘in
2357 5722 2497 5763 textu
2540 5711 2650 5792 sola

953 5794 1075 5856 ὺδην
1118 5789 1242 5843 AB:
1295 5781 1534 5856 Ἡρώδου
1568 5781 1638 5849 cz.
1704 5781 1903 5856 6mm
1929 5801 1985 5848 ς.
2064 5782 2104 5856 ⁶Α¹
2143 5781 2305 5833 αὑτὸν
2340 5800 2399 5845 ς.

1976 5856 2019 5887 ⁵⁵
2051 5853 2381 5907 εἰκοσιπέντε
2415 5870 2472 5916 ς.

782 5793 829 5824 ι’
856 5789 890 5857 ’ἡ
902 5789 1075 5859 ρώδην
1118 5789 1203 5843 ΑΒ
1231 5808 1242 5840 ε

786 5861 830 5893 ⁸⁸
859 5855 1005 5918 οἷκον
1032 5855 1125 5915 καὶ
1156 5855 1435 5931 περίϐολον
1490 5857 1533 5909 Β
1563 5870 1611 5910 et
1642 5870 1786 5911 corr.
1820 5855 1884 5907 Δ.

2702 5710 2851 5777 pauit.
2878 5702 3255 5773 "AvéyvdiGOq.
3610 5703 3748 5777 *ἱερὸς
3783 5704 3880 5771 τῷ,
3929 5714 4034 5756 clr.

2494 5782 2537 5812 ⁶²
2573 5770 2775 5841 οὓςῖ’ὂς
2812 5777 2850 5828 Ii
2876 5789 2927 5828 et
2955 5770 3095 5827 «sorr.
3133 5776 3195 5825 A.
3223 5770 3229 5772 ⁷
3273 5773 3317 5804 ⁸³
3347 5770 3476 5841 sfw]
3510 5771 3601 5821 τὸν
3636 5771 3677 5822 ll
3705 5784 3759 5824 et
3789 5770 3935 5829 corr.
3969 5776 4037 5825 Α.

2577 5853 2618 5882 ss
2646 5840 2772 5919 imp}
2816 5849 2946 5901 Αυε
2979 5848 3161 5916 fixerit
3204 5861 3260 5908 ις.
3340 5840 3381 5872 ⁸⁷
3418 5842 3711 5911 εὐπρεπεῖς
3742 5842 3799 5896 Β.
