4208 6442
178 433 321 503 1181
1201 427 1715 490 BIBLIOTHECA.
1742 452 1766 464 -

1866 427 1999 490 IOD.
2022 428 2437 490 CCXXXVIII.
3290 417 3427 484 1182

180 562 370 630 ιργων
400 557 623 630 ἔμελλον
672 555 958 616 ἅπτεσθαι.
998 550 1194 621 χίλιοιο
1250 548 1536 610 τοσούτους
1565 546 1611 579 ⁸⁸
1641 546 1749 615 γάρ

1866 554 2040 608 atem,
2108 544 2361 612 opinione
2425 540 2588 597 citius
2642 538 2710 592 ad
2762 537 2966 594 exitum
3029 533 3309 606 perduxit.
3362 544 3421 590 et

176 655 493 725 οἰκοδομεῖν
537 656 631 709 καὶ
682 651 995 723 ξυλουργεῖν
1038 644 1436 710 ἑξεπαίδευσεν.
1477 639 1757 711 ἱερατικὰς

1866 655 2103 712 magnam
2158 639 2391 711 gratiam
2439 636 2579 707 apud
2623 634 2878 705 populum
2930 632 3249 689 conciliavit
3299 632 3427 687 sibi.

178 723 383 810 αὐτοῖς
408 748 609 802 ἅπασιν
640 743 988 813 ὠνησάμενος
1014 735 1221 796 στολά;.
1255 734 1363 785 Καὶ
1386 731 1479 801 ἥδε
1510 732 1543 799 ἡ
1577 746 1757 799 παρα-

1866 731 2139 785 Sacrificat
2173 737 2354 785 autem
2380 726 2621 782 Herodes
2643 724 2896 780 absoluto
2921 723 3123 793 templo
3153 730 3431 776 trecentas

181 839 366 909 σκευὴ
417 840 609 891 θᾶττον
651 812 752 905 μὲν
789 830 1000 891 ἐλπίδος
1049 830 1127 891 είς
1182 825 1356 894 πέρας
1402 824 1463 875 τὸ
1514 821 1758 890 βούλημα

1866 835 2052 875 raccas
2076 838 2092 887 ;
2120 828 2383 889 quantum
2410 830 2540 873 vero
2559 814 2729 871 Judai
2760 813 3145 879 sacriﬁcarint,
3171 812 3283 867 dici
3315 825 3426 865 non

179 933 387 1001 ἧγαγε,
423 929 661 1001 μεγάλας
689 928 743 979 δὲ
766 926 862 977 καὶ
890 920 1085 982 πολλάς
1111 917 1217 971 ἀπὸ
1244 914 1339 968 τοῦ
1386 912 1625 983 πλήθους
1659 911 1755 975 τάς
1862 921 2060 984 potest.

179 998 541 1092 εὐχαριστίας
578 1022 634 1071 έν
658 1022 768 1079 τοῖς
802 1016 980 1077 ἀλλοις
1002 1012 1203 1066 ἅπασιν
1233 1005 1530 1075 ἀχθομένου
1574 1002 1788 1075 Ἡρώδῃ
1808 1003 1852 1036 ⁸⁸
1885 1004 2239 1075 προὺξένησε.
2284 1003 2410 1057 Θύει
2479 1002 2526 1057 δ’
2594 999 2840 1073 Ἡρώδης
2903 999 3021 1068 ἀμα
3065 998 3161 1051 τοῦ
3240 1012 3433 1049 συντε-

177 1088 342 1165 λέσαι
366 1113 457 1165 τὸν
487 1113 619 1162 νεὼν
650 1106 775 1175 βοῦς
813 1103 1132 1177 τριακοσίας
1152 1117 1166 1130 ο
1198 1098 1306 1152 τῶν
1334 1097 1378 1149 δ’
1403 1096 1578 1150 ἀλλων
1617 1094 1889 1149 Ἰουδαίων
1914 1094 2013 1148 ὅσα
2038 1094 2279 1157 θύσειαν,
2307 1094 2415 1147 οὐδ’
2445 1091 2663 1161 ἀγένετο
2684 1089 2865 1145 λαϐεῖν
2904 1088 3146 1160 ἀριθμῷ.

256 1198 433 1267 υῦτος
476 1202 718 1272 Ἡρώδης
748 1200 894 1252 ἐστὶν
943 1199 971 1250 ὁ
1033 1194 1391 1260 Ἀντιπάτρου
1444 1188 1540 1241 τοῦ
1596 1188 1757 1241 Ἰδου-

1930 1184 2027 1241 Hic
2044 1201 2175 1241 vero
2194 1185 2437 1241 Herodes
2469 1184 2613 1239 ﬁlius
2652 1182 2756 1237 fuit
2787 1180 3058 1250 Antipatri
3098 1178 3343 1241 Idumaei.
3377 1190 3434 1234 et

186 1297 359 1365 μαίου
391 1296 485 1348 καί
529 1295 627 1362 τῆς
664 1290 993 1360 Ἀραδίσσης
1024 1285 1262 1353 (Κύπρις
1294 1284 1339 1335 δ’
1384 1282 1556 1351 δνομα
1600 1282 1760 1351 αὐτῇ)

1866 1278 2129 1333 Arabissze
2150 1278 2235 1331 cui
2262 1291 2454 1331 nomen
2484 1274 2699 1344 Cypris,
2733 1289 2840 1342 quo
2870 1283 3156 1343 regnante,
3177 1274 3434 1326 Christus

183 1392 343 1450 παῖε,
380 1388 464 1455 ἐφ’
494 1379 555 1439 οὗ
582 1384 676 1437 καὶ
714 1381 946 1453 Χριστὸς
980 1381 1009 1432 ὁ
1038 1377 1169 1439 Θεὸς
1200 1373 1354 1445 ἡμῶν
1388 1372 1482 1426 ἀπὶ
1519 1371 1764 1442 σωτηρίᾳ

1866 1386 1893 1427 e
1930 1368 2152 1439 Virgine
2200 1369 2265 1423 ad
2292 1367 2663 1422 redimendum
2710 1379 2879 1435 genus
2924 1367 3215 1418 humanum
3270 1373 3435 1418 natus

181 1482 285 1534 τοῦ
322 1479 593 1548 ἡμετέρου
633 1475 821 1543 γένους
866 1469 1198 1543 παρθενικῆς
1252 1467 1603 1520 ἀποτίκτεται
1656 1465 1765 1533 μή-

183 1590 328 1643 τρας
350 1587 366 1601 ·
395 1570 515 1623 καθ’
539 1561 601 1620 οὗ
624 1568 716 1620 καὶ
745 1566 933 1636 μανεὶς
974 1560 1218 1632 Ἡρώδης
1238 1558 1333 1613 τοῦ
1368 1558 1467 1628 μὲν
1489 1558 1760 1610 Δεσπότου

182 1644 485 1729 διήμαρτε,
541 1656 735 1724 φονεὺς
791 1652 847 1705 δὲ
882 1649 1090 1704 πολλῶν
1126 1646 1337 1719 νηπίων
1385 1644 1615 1714 γίνεται.
1668 1645 1763 1706 Είς

182 1750 454 1821 ὡμότητα
492 1746 550 1799 δὲ
596 1746 690 1799 καὶ
744 1743 1054 1813 μιαιφονίαν
1091 1740 1297 1801 πάντας
1340 1739 1455 1791 ὅσοι
1510 1737 1763 1807 τύραννοι

183 1841 598 1913 ὑπερόαλέσθαι
638 1839 941 1908 ἱστόρηται.
982 1835 1093 1887 Καὶ
1129 1832 1387 1901 γυναικὸς
1425 1831 1482 1883 δὲ
1515 1831 1612 1900 τῆς
1642 1830 1762 1883 Μα-

183 1935 445 2006 ριάμμης
471 1932 518 1964 ⁷⁸
549 1931 820 2001 (Θυγάτηρ
868 1928 913 1981 δ’
962 1922 1030 1998 ἦν
1074 1925 1213 1994 αὕτη
1258 1922 1613 1991 Ἀλεξάνδρας
1662 1920 1763 1990 τῆς

1864 1471 1967 1517 est.
2018 1460 2075 1517 In
2106 1476 2265 1530 quem
2318 1460 2546 1515 serviens
2604 1455 2871 1528 peccavit,
2926 1464 2982 1511 et
3035 1455 3435 1509 contrucidatis

1866 1564 1945 1608 tot
1993 1553 2326 1617 infantibus,
2376 1566 2481 1622 qua
2532 1549 2857 1605 crudelitate
2922 1563 2987 1601 ac
3037 1548 3188 1602 caede
3238 1562 3433 1602 omnes

1869 1656 2018 1701 retro
2044 1655 2301 1716 tyrannos
2347 1657 2635 1713 superasse
2687 1639 2877 1696 fertur.
2921 1637 3055 1708 Ejus
3096 1639 3287 1693 uxoris
3315 1636 3432 1691 Ia-

1869 1738 2145 1802 riatnmes,
2175 1752 2294 1805 qua
2344 1735 2667 1790 Alexandra
2695 1730 2968 1803 pontificis
3018 1728 3257 1801 Hyrcani
3305 1730 3434 1787 tiliae

1868 1833 1976 1886 filia
2004 1831 2122 1895 fuit,
2156 1842 2411 1885 venustas
2454 1828 2699 1898 corporis
2740 1835 2885 1881 tanta
2912 1826 3014 1881 fuit
3055 1835 3116 1880 ut
3152 1824 3299 1878 nulla
3332 1839 3434 1879 un-

1868 1939 2028 1991 quam
2063 1924 2134 1976 illi
2166 1937 2262 1992 par
2304 1921 2470 1975 fuisse
2524 1921 2821 1974 videretur.
2860 1918 2939 1973 Ex
2979 1918 3081 1973 hac
3128 1917 3295 1986 igitur
3321 1917 3430 1971 duo

194 2022 473 2093 Ὑρκανοῦ
497 2020 589 2074 τοῦ
614 2019 913 2091 ἀρχιερέως
943 2019 1152 2082 παιδὸς,
1172 2016 1291 2088 ῶρᾳ
1310 2016 1559 2085 σώματος
1590 2014 1763 2067 οὐδενὶ

1870 2018 1977 2069 nati
2023 2014 2115 2069 lilii
2149 2013 2509 2075 Aristobulus,
2539 2018 2593 2067 et
2635 2010 2968 2074 Alexander,
3029 2010 3123 2078 qui
3183 2008 3433 2076 pulchri-

183 2119 372 2189 χρόνῳ
403 2115 638 2169 λιποῦσα
662 2116 703 2145 ⁷⁸
737 2112 907 2177 δεῖξαι
937 2111 1140 2181 ταύτης
1173 2110 1515 2181 ἐφάμιλλον),
1554 2108 1761 2177 ταύτης

183 2206 283 2264 οὖν
316 2208 414 2263 καὶ
443 2207 536 2260 δύο
557 2207 667 2261 τῶν
688 2206 749 2270 ἐξ
772 2207 941 2275 αὐτῆς
968 2204 1113 2273 αὐτῴ
1141 2202 1507 2272 γεννηθέντων
1533 2201 1759 2265 παίδων,

198 2299 621 2373 ’Δριστοὸούλου
652 2300 746 2352 καὶ
770 2297 1143 2365 Ἀλεξάνδρου,
1174 2294 1222 2347 οἳ
1257 2292 1441 2347 κάλλει
1468 2310 1527 2345 τε
1562 2293 1654 2344 καὶ
1676 2291 1762 2344 λόο

1865 2110 2071 2171 tudine,
2099 2109 2463 2175 orationisque
2512 2106 2709 2174 gratia,
2754 2118 3121 2172 manuumque
3160 2103 3430 2172 prompti-

1865 2202 2067 2263 tudine,
2106 2200 2234 2253 nihil
2260 2215 2363 2253 non
2396 2200 2602 2269 regium
2636 2198 2861 2261 habere,
2891 2196 3135 2251 omnium
3166 2210 3261 2249 ore
3288 2192 3437 2248 fere-

1863 2296 2076 2347 bantur.
2145 2292 2346 2348 Contra
2414 2294 2512 2347 hos
2565 2304 2758 2346 omnes
2820 2288 3104 2343 calumniis
3166 2287 3438 2357 Antipatri

186 2409 304 2459 γων
350 2391 582 2457 ἀσκήσει
627 2390 721 2442 καὶ
761 2386 959 2457 χειρῶν
1008 2384 1189 2455 ἔργοις
1236 2383 1388 2435 οὐδὲν
1422 2376 1582 2455 ἦττον
1616 2382 1649 2452 ἢ
1681 2383 1762 2436 δτι

1866 2384 2119 2441 en‘eratns
2162 2399 2267 2443 est.
2320 2386 2501 2441 Primo
2552 2386 2769 2453 quidem
2832 2385 2884 2439 in
2937 2396 3187 2444 uxorem.
3243 2381 3441 2436 deinde

187 2480 460 2549 βασιλέως
488 2476 625 2549 ἦσαν
658 2480 842 2535 παῖδες
867 2476 968 2529 ἀνά
994 2476 1211 2528 πάντων
1235 2476 1488 2545 ἐφέροντο
1513 2474 1761 2542 στόμασι,

184 2572 399 2625 τούτων
438 2573 768 2641 συμπάντων
790 2570 832 2600 ⁷⁸
866 2568 1137 2630 διαϐολαῖς
1172 2566 1529 2636 Ἀντιπάτρου
1574 2566 1764 2634 μανείς

186 2664 389 2734 δήμιος
420 2664 648 2731 γίνεται,
687 2662 901 2732 πρῶτον
942 2660 1041 2731 μὲν
1087 2661 1186 2730 τῆς
1229 2661 1497 2729 γαμετῆς,
1524 2657 1642 2711 εἶτα
1672 2661 1765 2711 καὶ

188 2756 301 2808 τῶν
335 2754 565 2817 παίδων,
592 2754 684 2806 καὶ
712 2753 1017 2806 τελευταῖον
1062 2752 1418 2819 Ἀντιπάτρου
1450 2750 1544 2802 καὶ
1575 2748 1761 2813 αὑτοῦ,

188 2848 387 2907 παιδὸς
421 2848 485 2899 ἐκ
522 2845 791 2914 προτέρας
814 2842 1093 2911 γυναικός.
1124 2842 1281 2911 Νόσῳ
1305 2841 1362 2894 δὲ
1394 2843 1568 2911 πικρᾷ
1593 2858 1767 2910 παρα-

185 2940 367 3000 δοθεὶς
431 2938 696 3008 (ἒλκωσις
742 2936 850 3006 γάρ
902 2934 1135 3004 ἐντέρων
1194 2930 1308 3002 εἷχε
1358 2934 1450 2987 τὸν
1506 2934 1767 3003 δύστηνον

185 3028 378 3099 ὖρθιόν
408 3045 469 3081 τε
517 3024 707 3099 ἆσθμα
754 3028 846 3080 καὶ
879 3027 1056 3079 ποδῶν
1093 3026 1285 3079 λευκοῦ
1332 3026 1640 3097 φλέγματος
1690 3026 1767 3079 ol-

186 3120 364 3188 δημα,
390 3118 556 3172 δειναί
579 3137 638 3171 τε
686 3118 778 3171 τοῦ
830 3118 1004 3171 κώλου
1042 3118 1353 3187 ἀλγηδόνες,
1415 3120 1509 3171 καὶ
1561 3119 1765 3172 αἰδοίου

188 3208 360 3279 σῆψις
391 3210 678 3277 σκώληκας
707 3208 1029 3278 ἐμποιοῦσα,
1056 3208 1149 3261 καὶ
1174 3208 1344 3278 μυρία
1372 3209 1529 3281 ἀλλα)
1564 3210 1700 3279 μετὰ
1723 3210 1766 3242 ⁷⁸

185 3300 451 3371 πέμπτην
481 3298 548 3370 [δ’
568 3298 638 3371 τι]
668 3300 882 3369 ἡμέραν
908 3299 1005 3369 τῆς
1028 3298 1393 3369 ’Δντιπάτρου
1422 3301 1638 3369 σφαγῆς
1670 3299 1767 3353 τοῦ

1866 2479 2024 2539 ﬁlios,
2054 2488 2112 2533 et
2137 2480 2351 2533 demum
2388 2480 2736 2548 Antipatrum
2768 2494 2799 2534 e
2819 2478 3002 2545 priore
3026 2484 3218 2531 natum
3245 2490 3436 2530 uxore.

1866 2571 2075 2625 Acerbo
2126 2572 2313 2625 m0rho
2372 2580 2622 2634 vexatus,
2664 2572 2968 2623 vexabatur
3025 2568 3170 2623 enim
3222 2566 3445 2620 intesti-

1866 2678 2057 2717 norum
2124 2662 2548 2727 exulceratione,
2586 2661 2801 2716 nonnisi
2844 2669 3064 2715 erectus
3123 2658 3441 2722 anhelabat,

1866 2757 2029 2825 pedes
2064 2754 2336 2808 tnntebant
2369 2754 2674 2825 phlegmate
2719 2752 2959 2817 humido,
2988 2761 3044 2807 et
3090 2766 3291 2821 graves
3337 2750 3444 2804 coli

1866 2844 2168 2913 passiones,
2198 2842 2435 2897 verenda
2469 2842 2767 2911 putrefacta
2810 2843 3094 2897 scatehant
3122 2842 3399 2895 vermibus
3427 2857 3440 2892 :

1865 2947 1917 2991 et
1950 2937 2052 2989 alia
2088 2936 2276 2991 multa.
2308 2935 2374 2989 Ει
2394 2938 2587 3006 quinto
2632 2946 2755 3005 post
2793 2937 2995 2996 eadem
3025 2933 3297 3002 Antipatri
3345 2933 3441 2986 lilii

1867 3027 1953 3081 die
1980 3027 2142 3081 ctiam
2175 3028 2338 3081 vitam
2366 3026 2521 3080 finiit.
2565 3027 2763 3081 Vivens
2812 3041 2982 3081 annos
3029 3039 3222 3081 omnes
3243 3022 3442 3096 3141)

1869 3119 2287 3193 [septuaginta],
2345 3120 2621 3189 imperans
2668 3134 2735 3174 ex
2786 3119 2893 3174 illis
2951 3134 3047 3174 se:
3089 3128 3147 3174 et
3189 3118 3435 3188 triginta.

1869 3213 2080 3282 Regnat
2111 3230 2237 3267 vero
2264 3214 2559 3283 illegitime,
2586 3222 2853 3283 etprteter
2874 3227 3023 3282 spem
3057 3226 3233 3277 suam,
3263 3211 3445 3267 studio

1873 3305 2090 3359 Antonii
2158 3306 2310 3359 ducis
2382 3303 2751 3359 Romanorum
2790 3307 3022 3374 pecunia
3080 3307 3350 3376 corrupti.
3386 3314 3443 3358 et

186 3390 383 3454 παιδὸς
409 3394 504 3443 καὶ
534 3392 695 3453 αὐτὸς
725 3390 815 3443 τὸν
849 3390 960 3460 βίον
1000 3390 1352 3459 κατέστρεψε,
1384 3391 1625 3455 διαὸιοὺς
1656 3392 1754 3461 μὲν

1866 3398 2089 3466 Augusti
2118 3396 2612 3461 commendatione,
2641 3396 2858 3451 decreto
2884 3395 2953 3450 ad
2971 3396 3444 3451 confirmationem

187 3482 289 3552 ἐτη
320 3482 612 3550 σύμπαντα
634 3488 674 3533 o’
702 3482 747 3512 "
767 3522 781 3546 ,
809 3480 1134 3551 βασιλεύσας
1163 3481 1208 3533 δ’
1234 3482 1294 3545 ἐξ
1319 3481 1495 3534 αὐτῶν
1521 3482 1566 3545 ζ’
1586 3483 1680 3535 καὶ
1701 3485 1763 3536 λ’.

1876 3497 2094 3540 senatus
2121 3485 2375 3541 Romani.

188 3575 481 3629 Βασιλεύει
501 3575 545 3628 δ’
564 3570 718 3638 οὗτος
743 3578 1074 3647 παρανόμως
1104 3594 1161 3629 τε
1187 3577 1279 3630 καὶ
1294 3579 1425 3648 παρ’
1450 3578 1670 3641 ἐλπίδας
1702 3580 1797 3633 καὶ
1818 3580 1865 3611 ⁷⁸
1890 3581 2053 3634 αὐτοῦ
2079 3582 2312 3640 ἐκείνου.
2346 3580 2551 3650 σπουδῇ
2586 3580 2683 3649 μὲν
2708 3578 2993 3633 Ἀντωνίου
3019 3580 3114 3633 τοῦ
3136 3577 3445 3651 στρατηγοῦ

197 3665 516 3736 Ῥωμαίων,
546 3668 826 3738 χρήμασιν
861 3667 1280 3738 ὑπηρετοῦντος,
1327 3670 1420 3720 καὶ
1454 3670 1764 3734 Αὐγούστου
1802 3671 2113 3724 καταινέσει
2181 3672 2307 3743 [969
2377 3670 2490 3742 IL],
2531 3670 2696 3740 ψήφῳ
2738 3670 2794 3723 δὲ
2832 3671 2969 3739 πρὸς
3000 3670 3298 3739 ἀφοσίωσιν
3349 3667 3446 3722 καὶ

184 3761 291 3828 τῆς
319 3758 513 3829 βουλῆς
548 3758 856 3829 Ῥωμαίων.

261 3850 395 3904 Ὅτι
438 3850 678 3921 Ἡρώδου
712 3850 888 3914 τοῦδε,
928 3852 1021 3904 τοῦ
1082 3853 1298 3923 πρώτου
1352 3854 1410 3918 ἐξ
1458 3855 1772 3925 ἀλλοφύλων

190 3940 352 4010 παρά
376 3940 501 4003 τοὺς
537 3941 735 4012 νόμους
768 3943 1183 4013 βασιλεύσαντος
1239 3946 1531 4011 Ἰουδαίων,
1578 3950 1770 4001 τούτου

188 4034 381 4104 πατὴρ
412 4028 479 4102 ἦν
516 4033 812 4102 Ἰδουμαῖος
865 4036 1019 4103 γένος
1052 4035 1111 4099 ἐξ
1155 4036 1494 4101 Ἀσκάλωνος
1521 4037 1648 4110 [5M
1677 4038 1770 4113 H.]

188 4125 429 4188 πόλεως,
471 4126 599 4187 παῖς
642 4125 891 4191 ’Δντίπα,
918 4127 1176 4190 Ἀντίπας
1228 4130 1321 4180 καὶ
1373 4130 1534 4193 αὐτὸς
1573 4132 1769 4184 ἐπικα-

188 4216 458 4287 λούμενος
506 4216 791 4289 πρότερον,
844 4218 1197 4291 Ἀντίπατρος
1252 4222 1299 4274 δ’
1347 4221 1556 4276 ἔπειτα.
1600 4217 1769 4284 Οὗτος

190 4310 407 4362 πολλῶν
432 4309 531 4379 μὲν
558 4310 858 4379 χρημάτων
892 4312 1162 4382 εὐπορῶν,
1207 4313 1548 4383 δραστήριως
1583 4314 1641 4367 δὲ
1672 4314 1771 4384 τὴν

191 4399 358 4467 φύσιν
405 4400 502 4452 καὶ
554 4402 881 4469 στασιαστὴς
945 4403 1227 4470 τυγχάνων
1260 4404 1327 4467 "",
1387 4403 1639 4474 ’Υρκανῷ
1694 4403 1772 4475 τῷ

203 4490 479 4544 Ἰουδαίων
534 4493 783 4561 ἀρχιερεῖ
813 4492 880 4543 δι’
936 4493 1147 4557 εὐνοίας
1183 4494 1477 4564 ἐτύγχανεν
1506 4496 1574 4558 ⁷⁸,
1621 4495 1772 4565 Ἀρι-

193 4580 475 4649 στοσούλῳ
502 4580 557 4633 δὲ
590 4582 836 4652 τάδελφῷ
857 4583 901 4613 τ’
931 4582 1196 4649 Ὑρκανοῦ
1223 4584 1477 4654 διάφορος
1498 4599 1510 4612 ·
1541 4584 1621 4638 διὸ
1654 4586 1772 4638 πεί-

190 4671 276 4723 θει
316 4670 612 4739 Ὑρκανὸν,
666 4672 925 4735 πολλάκις
981 4674 1309 4743 ἐνοχλήσας,
1347 4674 1445 4743 τὴν
1492 4675 1768 4745 βασιλείαν

193 4763 366 4816 πάλιν
395 4764 685 4834 ἀναζητεῖν
727 4766 898 4818 ἀπασι
937 4765 1178 4833 τρόποις,
1212 4766 1278 4836 ἢν
1307 4767 1516 4818 ἐκείνου
1555 4784 1769 4837 συγχω-

1942 3854 2173 3909 Herodis
2224 3852 2403 3919 hujus,
2455 3852 2546 3921 qui
2591 3852 2798 3922 primus
2845 3860 3196 3906 externorum
3246 3848 3446 3904 Judaais

1878 3947 2186 4016 imperavit,
2220 3955 2374 4015 pater
2403 3945 2502 3999 fuit
2534 3943 2798 3999 lduinaens
2823 3947 3041 3999 natione
3060 3960 3126 3998 ex
3151 3942 3443 4009 Ascalone,

1873 4039 2014 4093 filius
2052 4038 2282 4106 Antipa,
2318 4037 2480 4090 etiam
2509 4037 2737 4105 Antipas
2768 4038 2916 4104 prius
2950 4045 3193 4097 vocatus,
3241 4034 3440 4087 deinde

1868 4132 2170 4201 Antipater.
2199 4128 2299 4183 Hic
2333 4129 2516 4183 multis
2549 4129 2796 4199 pecuniis
2831 4128 3135 4189 abundans,
3177 4125 3445 4182 factiosus

1868 4224 2085 4288 ingenio
2116 4232 2170 4277 et
2192 4222 2498 4285 seditiosus,
2546 4237 2669 4275 cum
2706 4220 2953 4291 Hyrcano
2980 4218 3288 4273 Judaeorum
3312 4234 3446 4287 pon-

1870 4315 2036 4377 tilice,
2064 4328 2128 4367 eo
2154 4314 2297 4383 quod
2352 4315 2560 4367 faveret
2600 4309 2914 4363 Aristobulo
2956 4308 3116 4361 fratri
3176 4307 3438 4378 Hyrcani,

1870 4402 2184 4455 inimicitias
2232 4401 2420 4471 gessit.
2464 4400 2644 4467 Quare
2704 4414 2825 4475 cum
2881 4398 3081 4450 multas
3119 4412 3259 4465 saepe
3307 4411 3443 4450 con-

1869 4494 2003 4549 ciret
2053 4493 2260 4555 turbas,
2303 4507 2370 4547 eo
2408 4499 2688 4560 permovet
2740 4488 3049 4559 Hyrcanum
3103 4497 3163 4541 ut
3209 4503 3438 4558 regnum

1871 4587 2064 4640 iterum
2098 4585 2344 4654 requirat
2374 4584 2625 4637 omnibus
2659 4581 2855 4643 modis,
2884 4584 3027 4649 quod
3076 4579 3165 4633 illo
3198 4580 3440 4634 donante

1875 4674 2492 4730 babueratAristobulus
2524 4674 2690 4725 frater
2707 4671 3045 4726 interfectus.
3072 4671 3194 4725 Hazc
3213 4670 3440 4725 fratrum

1875 4768 2139 4822 discordia
2161 4782 2349 4835 magna
2373 4766 2634 4819 malorum
2663 4778 2826 4817 causa
2860 4763 3015 4832 ipsis,
3040 4764 3444 4832 etcognationi,

194 4858 467 4928 ρήσαντος
500 4857 831 4927 ἀφελόμενος
857 4858 1263 4926 Ἀριστόϐουλος
1295 4852 1438 4927 εἶχεν
1464 4859 1492 4910 ό
1518 4859 1764 4927 ἀδελφός.

1872 4860 2127 4929 gentique
2157 4854 2461 4911 Iudaeorum
2493 4856 2612 4920 fuit,
2646 4865 2701 4909 et
2727 4870 2824 4909 cur
2841 4868 3065 4921 regnum
3102 4853 3169 4907 ad
3188 4866 3446 4909 externos

192 4947 348 5019 Αὕτη
397 4949 505 5001 τῶν
558 4949 800 5018 ἀδελφῶν
854 4952 886 5021 ἡ
946 4951 1133 5013 στάσις
1193 4951 1443 5021 μεγάλων
1488 4952 1533 4983 ⁸⁸
1581 4954 1766 5007 κακῶν

1875 4952 2238 5005 delaberetur.
2274 4950 2327 5003 In
2361 4952 2461 5003 hac
2500 4947 2768 5002 discordia
2806 4946 2974 4999 multa
3012 4946 3300 5013 Antipater
3343 4962 3442 5014 pro

194 5040 349 5091 αίτία
403 5041 585 5104 αὐτοῖς
614 5058 673 5094 τε
713 5042 809 5095 καὶ
852 5040 996 5109 γένει
1041 5042 1135 5095 καὶ
1178 5042 1255 5112 τῷ
1320 5044 1587 5095 Ἰουδαίων
1623 5044 1765 5097 ἔθνει

1875 5041 2126 5111 Hyrcano
2180 5053 2366 5097 contra
2423 5040 2795 5095 Aristobulum
2858 5037 3008 5091 visus
3067 5046 3154 5091 est
3220 5036 3436 5093 fecisse.

192 5129 458 5199 κατέστη.
516 5132 609 5184 καὶ
671 5133 769 5202 τῆς
826 5135 905 5196 είς
957 5132 1288 5202 ἀλλοφύλους
1341 5136 1439 5206 τῆς
1498 5135 1766 5205 βασιλείας

1875 5134 2114 5189 Tandem
2138 5136 2481 5190 Aristobulus
2512 5148 2615 5187 una
2652 5149 2773 5188 cum
2820 5130 3007 5185 liberis
3046 5132 3294 5199 captivus
3342 5132 3445 5185 du-

201 5220 627 5290 μεταπτώσεως.
668 5223 755 5275 Ἐν
779 5226 845 5293 τῇ
879 5225 1065 5278 στάσει
1102 5226 1278 5297 ταύτῃ
1309 5226 1477 5279 πολλὰ
1522 5228 1766 5294 φαίνεται

1874 5229 2035 5283 citur.
2075 5228 2203 5283 Inde
2239 5229 2359 5300 fuga
2381 5239 2621 5299 ereptus,
2648 5228 2716 5283 ad
2759 5242 2868 5281 rem
2904 5224 3212 5283 Judaorum
3245 5226 3440 5280 lterum

202 5312 558 5385 Ἀντίπατρος
578 5315 713 5385 ὑπὲρ
728 5315 1026 5387 ’Υρακανοῦ
1043 5317 1165 5371 κατ’
1192 5318 1603 5390 ’Δριστοδούλου
1632 5321 1766 5391 πρά-

1876 5336 1935 5375 se
1964 5322 2255 5386 convertit,
2294 5322 2601 5391 iterumque
2646 5320 2903 5375 obsessus
2952 5334 2983 5374 a
3010 5316 3270 5373 Romanis
3316 5332 3441 5371 cum

1476 5456 1711 5511 VARI/I3
1750 5455 2133 5513 LECTIONES
2174 5497 2189 5511 .

262 5545 312 5580 ⁸⁸
340 5542 627 5632 τοσούτους
643 5548 711 5632 Λ;
736 5548 1002 5631 τοσούτων
1021 5566 1087 5632 Ξ.
1165 5550 1209 5581 ⁸³
1254 5548 1507 5632 Ἡρώδου⁷
1530 5567 1588 5614 ς.
1663 5550 1711 5582 ⁷⁸
1747 5550 2030 5632 μαριάμης
2048 5552 2111 5603 Δ.
2185 5550 2241 5579 ’⁵
2303 5548 2533 5601 λιποῦσα
2563 5547 2605 5600 Β
2627 5588 2641 5609 ,
2684 5546 2942 5632 λειποῦσα
2971 5554 3051 5632 A'.‘
3080 5545 3338 5632 λείπουσα
3376 5563 3440 5609 ς.

266 5612 623 5696 συμμιξάντων]
655 5615 989 5696 οὖνπάντων
1020 5612 1060 5671 Β
1080 5630 1138 5696 et_
1172 5612 1335 5696 corn:
1366 5624 1428 5680 Α,
1451 5612 1552 5673 οὖν
1580 5612 2023 5687 σύμ-ι·ιά-ιτ’ων’ς-ξ⁷
2102 5622 2149 5696 ’ξ
2194 5621 2329 5696 μετά
2362 5621 2423 5696 A_.
2463 5620 2602 5671 κατά
2631 5636 2689 5681 ς.
2723 5619 2767 5649 ⁷³
2796 5618 2841 5696 ὃς
2878 5632 2986 5670 υιιι.
3014 5615 3071 5668 Β.
3119 5617 3193 5696 ,⁸⁷⁸
3219 5614 3261 5666 o’
3293 5631 3438 5682 tng.:

192 5686 313 5740 libri
343 5685 483 5737 enim
512 5700 621 5736 om.
728 5687 771 5717 ⁷⁸
801 5691 891 5741 καὶ
922 5701 1047 5743 ante
1080 5689 1396 5743 abrot’iadd.
1428 5693 1491 5744 A.
1566 5692 1610 5721 "
1647 5684 1738 5743 καὶ
1782 5684 2254 5754 στασζτυγιάνων
2284 5688 2344 5748 Β.
2379 5687 2454 5741 ῶν
2497 5693 2587 5740 καὶ
2627 5704 2780 5740 στας.
2815 5684 3077 5752 Iosephus
3106 5685 3288 5751 Antiq.
3321 5700 3436 5745 xrv.

194 5757 246 5827 1.
404 5768 515 5827 Olli:
593 5760 931 5827 participium
962 5776 1023 5824 ς.
1098 5759 1143 5790 ⁷⁸
1215 5762 1508 5827 ιτύγχανεν
1559 5762 1678 5816 add.
1739 5761 1798 5812 Β.
1900 5760 1945 5793 ⁷⁸
1984 5762 2039 5814 δὲ
2097 5758 2338 5827 τάδελφῷ
2406 5758 2510 5822 ΑΒ,
2557 5758 2636 5827 τῷ
2683 5756 2892 5827 ἀδελφῷ
2923 5773 2984 5819 ς.
3086 5754 3133 5787 ⁸⁸
3166 5754 3439 5826 μεγάλων]

305 5759 360 5836 ξε
404 5768 518 5836 om:
593 5760 931 5827 participium
962 5776 1023 5824 ς.
1098 5759 1143 5790 "
1215 5762 1508 5831 ιτύγχανεν
1559 5762 1678 5816 add.
1739 5761 1798 5812 Β.

196 5824 320 5881 libri
354 5822 587 5895 μεγάλη.

1900 5760 1945 5793 ⁷⁸
1984 5762 2039 5814 δὲ
2097 5758 2338 5827 τάδελφῷ
2406 5758 2510 5822 ΑΒ,
2557 5758 2636 5829 τῷ
2683 5756 2892 5827 ἀδελφῷ
2923 5773 2984 5819 ς.
