4208 6442
770 381 905 449 1183

1925 388 2188 449 ΡΗΟΤΙΙ
2229 388 2733 449 ΡΛΤΙὶΙΛΙίΟΗΕ
2771 388 2880 447 CP.

3879 376 4022 442 ιιει

769 504 879 555 ΙῖΙίυ
919 499 1025 554 Ant
1051 514 1189 571 gono
1227 498 1336 570 (hic
1368 501 1513 554 enim
1578 515 1700 555 cum
1728 510 1885 570 patre
1926 520 2032 557 una
2082 506 2335 573 captivus

2439 517 2554 567 ςας.
2585 504 2747 565 Τέλος
2778 504 2825 555 δ’
2864 504 2906 535 ⁸⁸
2958 500 3362 572 ’Δριστὲϐουλος
3397 499 3499 571 μὲν
3529 498 3608 560 είς
3644 494 3866 567 Ῥώμην
3898 497 4021 565 ἅμα

764 594 889 659 fuit)
918 595 1148 656 capitur,
1192 594 1529 662 Romamque
1581 596 1835 661 mittitur,
1868 607 1921 650 et
1956 597 2158 666 ligatus
2182 612 2335 650 com-

766 688 1065 756 prehensus
1096 695 1199 748 est,
1233 700 1354 740 cunt
1390 685 1626 753 regalem
1658 699 1717 741 et
1759 689 2124 757 pontiﬁcalem
2162 688 2338 756 digiti-

767 790 929 832 tatetn
966 794 1138 831 annos
1164 789 1273 831 tres
1295 789 1349 831 et
1388 793 1483 832 sex
1520 794 1734 833 menses
1788 782 2065 848 gessisset,
2114 780 2337 835 illustris

764 879 817 919 et
850 868 1223 936 magnanimus
1275 868 1326 921 in
1362 883 1531 937 regno
1582 869 1777 923 factus.
1818 871 2066 939 llyrcano
2116 872 2334 939 quidem

764 960 1108 1026 pontificatus
1161 960 1394 1014 tributus
1436 969 1543 1023 est,
1596 962 1835 1014 nontlnm
1888 975 2017 1013 vero
2050 974 2279 1028 regnum
2318 979 2333 1014 :

764 1052 857 1101 sed
894 1050 1119 1118 p0pulns
1147 1051 1385 1119 propriis
1418 1052 1626 1121 legibus
1672 1055 1912 1115 viVehat,
1972 1053 2153 1121 populi
2193 1069 2332 1120 pra}-

765 1139 939 1195 fectns
973 1155 1067 1209 pro
1090 1154 1215 1211 rege
1238 1144 1362 1195 data
1388 1144 1487 1197 sibi
1517 1154 1785 1211 potestate
1817 1148 1994 1201 dictus
2033 1156 2134 1202 est.
2173 1148 2331 1202 Anti--

763 1240 918 1299 pater
968 1242 1170 1296 autem,
1232 1234 1606 1300 pontificatum
1666 1249 1891 1306 gerente
1945 1238 2215 1309 Hyrcano,
2266 1240 2333 1293 ad

763 1337 1013 1391 ntagnaut
1042 1326 1340 1393 potentiam
1366 1340 1713 1393 pervenerat.
1752 1329 1885 1383 Nam
1918 1346 2041 1383 cum
2071 1330 2334 1385 Romanis

761 1414 990 1469 ducibus
1046 1428 1234 1469 contra
1293 1418 1623 1474 rebellantes
1667 1421 1980 1476 auxiliaudo
2034 1423 2334 1490 pugnabat,

762 1520 1096 1575 regnumque
1128 1507 1438 1562 Iudaeorum
1503 1522 1726 1579 propter
1767 1513 1931 1565 robur
2004 1512 2224 1578 injuste,
2279 1522 2334 1567 et

762 1599 1093 1653 concedente
1129 1598 1378 1670 Hyrcano
1412 1602 1638 1672 adeptus
1670 1615 1775 1659 est.
1808 1604 1986 1659 .lnlius
2008 1619 2136 1658 vero
2153 1603 2336 1659 Caesar

762 1690 1131 1744 Aristobulum
1201 1707 1428 1749 carcere
1484 1694 1701 1749 solvens
1752 1697 1805 1749 in
1863 1696 2079 1765 Syriam
2141 1706 2331 1749 contra

762 1778 1121 1848 Pompeianos
1177 1783 1395 1837 mittere
1445 1784 1708 1841 decrevit.
1767 1788 1872 1842 Sed
1922 1788 2069 1841 illum
2126 1802 2334 1855 praave-

2439 595 2625 645 παισὶν
2650 594 2991 662 αἰχμάλωτος
3031 591 3247 658 ἄγεται,
3278 589 3488 643 ἐκεῖθεν
3514 588 3571 641 δὲ
3617 584 3806 656 φυγὼν
3850 588 4020 639 πάλιν

2438 688 2518 748 είς
2573 686 2641 738 τά
2685 688 2813 755 περὶ
2860 685 2961 755 τὴν
3018 684 3277 737 Ἰουδαίαν
3312 682 3698 753 παραγίνεται,
3733 680 3901 733 πάλιν
3955 695 4017 731 τε

2440 775 2820 845 πολιορκηθεὶς
2872 775 2976 827 ὑπὸ
3016 774 3303 844 Ῥωμαίων
3351 772 3467 842 ἀμα
3511 770 3589 841 τῷ
3640 770 3793 823 παιδὶ
3833 770 4016 822 Ἀντι-

2436 867 2578 934 γόνῳ
2617 858 2792 936 (οὗτος
2827 867 2934 936 γάρ
2973 865 3163 935 ἔτυχεν
3206 866 3271 917 ὲκ
3306 862 3524 933 Ῥώμης
3560 862 3639 931 τῷ
3672 862 3845 929 πατρὶ
3878 877 4019 929 συμ-

2439 956 2646 1025 φυγὼν)
2676 956 2981 1020 ἁλίσκεται,
3010 958 3103 1008 καὶ
3130 957 3207 1016 είς
3240 953 3457 1023 Ῥώμην
3482 952 3892 1020 ἀναπέμπεται,
3921 949 4016 1003 καὶ

2436 1051 2613 1113 δεθεὶς
2646 1050 2947 1119 κατείχετο,
2976 1048 3298 1117 βασιλεύσας
3325 1046 3422 1117 μὲν
3454 1046 3549 1098 καὶ
3580 1042 4017 1115 ἀρχιερατεύσας

2439 1142 2533 1211 ἔτη
2568 1142 2618 1209 γ’
2659 1141 2837 1211 μῆνας
2867 1148 2943 1207 ς’,
2977 1140 3229 1211 λαμπρὸς
3250 1138 3305 1191 δὲ
3332 1138 3426 1191 καὶ
3455 1136 3831 1208 μεγαλόψυχος
3861 1136 3922 1187 ὲν
3946 1137 4013 1203 τῇ

2437 1233 2581 1302 ἀρχῇ
2610 1231 2871 1299 γεγονώς.
2913 1229 3167 1299 ’Υρκανῷ
3218 1228 3264 1281 δ’
3296 1231 3329 1297 ἠ
3377 1226 3476 1295 μὲν
3511 1222 3893 1295 ἀρχιερωσύνη
3934 1223 4015 1275 δί-

2436 1323 2609 1386 δοται,
2641 1322 2821 1375 οὐκέτι
2862 1320 2908 1374 δ’
2939 1322 2973 1391 ἠ
3005 1319 3251 1390 βασιλεία
3274 1336 3286 1347 ·
3317 1317 3428 1371 ἀλλ’
3454 1312 3523 1388 ἦν
3550 1317 3611 1367 τὸ
3654 1315 3810 1377 ἔθνος
3851 1315 4015 1366 αὺτο-

2438 1416 2789 1485 νομούμενον,
2825 1414 3092 1485 ἐθνάρχης
3129 1412 3174 1466 δ’
3214 1412 3363 1482 ὅμως
3384 1412 3429 1442 "
3455 1409 3576 1463 ἀντὶ
3612 1408 3877 1478 βασιλέως
3917 1408 4017 1475 τῆς

2436 1507 2724 1577 δεδομένης
2774 1507 2924 1575 αύτῷ
2973 1505 3218 1569 ἐξουσίας
3265 1499 3409 1574 εἶχεν
3444 1504 3632 1571 ὄνομα.
3667 1501 4017 1568 Ἀντιπάτρῳ

2436 1600 2481 1653 δ’
2521 1598 2788 1668 Ὑρκανοῦ
2827 1597 3307 1669 ἀρχιερατεύοντος
3356 1596 3448 1648 ἐπὶ
3500 1595 3750 1646 πλεῖστον
3796 1592 3870 1645 τὰ
3920 1591 4019 1659 τῆς

2436 1694 2755 1754 δυναστείας
2782 1690 3009 1761 ηὕξετοο
3050 1690 3335 1760 Ῥωμαίων
3388 1705 3447 1741 τε
3510 1690 3617 1755 γὰρ
3666 1688 3780 1748 τοῖς
3815 1702 4020 1754 στρατ-

2438 1787 2594 1855 ηγοῖς
2622 1786 2764 1837 κατά
2811 1784 2919 1837 τῶν
2961 1784 3370 1851 ἀνθισταμένων
3430 1781 3753 1849 συνεμάχει,
3810 1780 3910 1831 καὶ
3958 1779 4023 1831 τὰ

764 1874 974 1924 nientes
1005 1872 1317 1942 Pompeiani
1367 1890 1579 1928 veneno
1623 1887 1997 1947 corrumpunt.
2030 1876 2095 1931 Et
2138 1878 2335 1945 Scipio,

2459 1877 2724 1930 Ἰουδαίων
2746 1876 2834 1928 διὰ
2868 1875 3071 1946 χειρὸς,
3099 1876 3165 1944 τῇ
3205 1871 3608 1942 ἀπραγμοσύνῃ
3656 1871 3749 1922 καὶ
3775 1870 3855 1939 τῷ
3892 1886 4023 1935 συγ-

762 1962 1007 2016 inittcnte
1040 1962 1300 2033 Pompeio
1354 1964 1445 2017 illo
1490 1967 1788 2021 Aristobuli
1835 1985 2061 2036 puerum
2121 1969 2337 2038 315a

760 2054 1122 2109 Alexandrum
1178 2070 1495 2126 accusante,
1554 2076 1674 2129 quze
1728 2062 1881 2130 prius
1945 2062 2000 2116 in
2050 2060 2325 2116 Romanos

762 2158 1096 2213 peccaverat,
1120 2151 1293 2203 securi
1323 2155 1610 2219 percussit.

2446 1967 2784 2036 κεχωρηκότι
2823 1965 3115 2035 Ὑρκανοῦ,
3150 1964 3310 2028 αὐτὸς
3354 1960 3466 2033 εἶχε
3507 1963 3830 2031 πράγματα.
3879 1962 4025 2031 ’Δρι-

2448 2058 2734 2111 στόϐουλον
2764 2058 2820 2110 δὲ
2851 2057 3067 2120 Ἰούλιος
3093 2059 3121 2109 ὁ
3163 2058 3402 2126 Καῖσαρ,
3437 2055 3604 2117 λύσας
3635 2054 3745 2106 τῶν
3777 2054 4020 2120 δεσμῶν,

2428 2151 2507 2213 είς
2545 2150 2752 2220 Συρίαν
2790 2149 2932 2202 κατά
2980 2148 3089 2203 τῶν
3139 2149 3427 2218 Πομπηΐου
3479 2148 3723 2215 πέμπειν
3762 2146 4020 2214 ἐγνώκει,

773 2237 912 2291 Ἀλλ’
941 2241 1103 2294 αὑτὸν
1138 2240 1443 2309 φθάσαντες
1484 2246 1535 2297 οἱ
1567 2244 1636 2298 τὰ
1670 2245 1957 2315 Πομπηΐου
2006 2243 2329 2316 φρονοῦντες
2362 2242 2642 2314 φαρμάκῳ
2692 2242 2996 2311 φθείρουσι.
3065 2242 3175 2294 Καὶ
3249 2240 3487 2293 Σκιπίων
3536 2238 3581 2291 δ’
3618 2238 4025 2299 ἐπιστείλαντος

758 2336 909 2407 αὐτῷ
944 2338 1230 2408 Πομπηΐου
1274 2341 1365 2392 τδν
1417 2340 1829 2409 Ἀριστοϐούλου
1875 2342 2042 2395 παῖδα
2082 2337 2857 2410 Ἀλέξανδρον,ὲπικαλοῦντος
2923 2336 2962 2391 ἃ
3030 2335 3292 2407 πρότερον
3350 2336 3429 2399 είς
3471 2334 3777 2404 Ῥωμαίους
3840 2333 4023 2404 ἁμάρ-

757 2444 861 2489 τοι,
896 2430 1114 2484 πελέκει
1138 2432 1487 2502 διεχρήσατο.

834 2524 1152 2581 Declaratur
1199 2542 1327 2581 vero
1358 2543 1386 2581 a
1438 2528 1579 2583 .lnlio
1620 2530 1837 2586 Casare
1888 2530 2175 2599 Antipater
2220 2539 2340 2599 post

760 2616 1043 2669 victoriam
1074 2627 1263 2671 contra
1298 2616 1615 2686 Pompeium
1645 2621 1931 2688 pra’fectus
1968 2618 2163 2674 ludam
2194 2638 2209 2674 ι
2246 2620 2336 2689 qui

2519 2521 2927 2576 Ἀποδείκνυται
2964 2518 3021 2571 δὲ
3071 2518 3175 2570 ὑπὸ
3230 2516 3449 2570 Ἰουλίου
3504 2514 3783 2583 Καίσαρος
3852 2516 4024 2567 Ἀντί-

2450 2632 2657 2685 πατρος
2687 2613 2823 2683 μετὰ
2851 2612 2950 2681 τὴν
2977 2615 3116 2665 κατὰ
3158 2610 3442 2679 Πομπηΐου
3474 2610 3631 2678 νίκην
3663 2609 3759 2660 καὶ
3802 2609 4024 2677 ἐπίτρο-

759 2708 813 2762 in
844 2707 1083 2763 Judaaam
1115 2709 1336 2763 veniens
1379 2709 1644 2765 Phasaelo
1702 2712 1810 2765 lilio
1838 2711 2335 2780 Hierosolymorum

2440 2727 2541 2772 πος
2583 2708 2857 2768 Ἰουδαίας.
2900 2706 2995 2767 ’³ος
3033 2704 3127 2755 ἐπὶ
3167 2702 3369 2770 ταύτην
3402 2700 3449 2732 ⁸³
3494 2698 3890 2771 παραγεγονὼς
3922 2700 4025 2750 Φα-

759 2802 1173 2869 virinorutnque
1197 2802 1481 2870 imperium
1506 2803 1676 2857 dedit.
1696 2805 1827 2858 Post
1845 2819 1905 2858 se
1926 2820 2053 2859 vero
2078 2803 2335 2857 Herodem

2443 2802 2627 2872 σαήλῳ
2658 2800 2759 2870 μὲν
2789 2797 2865 2867 τῷ
2906 2797 3060 2851 παιδὶ
3104 2792 3548 2864 Ἱεροσολυμιτῶν
3587 2792 3686 2843 καὶ
3716 2792 3831 2843 τῶν
3868 2792 4025 2861 πέριξ

760 2888 1049 2943 admodum
1070 2890 1345 2959 juvenem,
1373 2890 1581 2944 decimo
1602 2892 1789 2959 quinto
1817 2892 1995 2945 aetatis
2024 2906 2167 2945 anno
2190 2891 2335 2946 Gali-

2444 2896 2539 2964 τὴν
2566 2892 2901 2962 στρατηγίδα
2929 2890 3102 2961 ἀρχὴν
3139 2889 3185 2920 ⁸⁵
3213 2888 3417 2951 δίδωσι,
3459 2886 3551 2938 τὸν
3594 2883 3654 2935 δὲ
3705 2883 3827 2951 μετ’
3864 2883 4024 2934 αὑτὸν

760 2978 871 3033 Ιειειῐξ
898 2984 1192 3048 principem
1240 2980 1496 3043 declarat,
1550 2983 1682 3036 nihil
1712 2982 2049 3049 ajuventute
2097 2984 2335 3051 prohibi-

2456 2984 2701 3053 Ἡρώδην
2728 2984 2848 3035 νέον
2872 2981 2999 3033 ὄντα
3036 2980 3232 3049 κομιδῇ
3280 2974 3691 3047 (πεντεκαίδεκα
3729 2974 3841 3041 γάρ
3879 2971 4025 3037 αὐτῷ

760 3082 817 3125 ιιι
844 3092 871 3122 ιι
888 3086 1139 3138 magnum
1163 3072 1290 3139 quid
1308 3081 1363 3126 et
1390 3072 1541 3126 virile
1563 3081 1839 3141 praestare.
1873 3073 2103 3141 Hzecque
2136 3071 2335 3126 faciens

2444 3077 2550 3129 ἀπὸ
2581 3074 2846 3142 γενέσεως
2870 3072 2963 3141 ἔτη
3004 3067 3093 3141 ἦν)
3127 3070 3225 3138 τῆς
3252 3067 3539 3129 Γαλιλαίας
3579 3064 3876 3133 ἀποφαίνει
3911 3063 4023 3117 ἐπί-

759 3162 1065 3231 Antipater,
1103 3173 1157 3217 et
1195 3164 1543 3219 nihilominus
1566 3180 1596 3217 a
1638 3164 1831 3233 populo
1864 3165 2063 3228 cultus,
2097 3180 2257 3234 quam
2293 3164 2335 3218 si

2443 3183 2664 3236 τροπον,
2704 3164 2855 3217 οὐδὲν
2888 3163 2992 3215 ὑπὸ
3023 3163 3122 3230 τῆς
3159 3161 3411 3227 νεότητος
3439 3156 3532 3211 τοῦ
3567 3157 3640 3228 μὴ
3674 3157 3797 3225 οὐχὶ
3830 3157 3893 3207 τὸ
3916 3156 4023 3208 δειε-

760 3268 854 3307 rex
887 3267 1048 3308 esset.
1072 3254 1213 3308 Nihi!
1251 3266 1427 3309 tamen
1457 3271 1681 3324 prorsus
1703 3272 1731 3309 ει
1754 3257 1856 3309 lide
1887 3266 1942 3310 et
1970 3256 2335 3311 benevolentia

2446 3259 2535 3310 νὺν
2583 3255 2733 3326 αύτῷ
2782 3255 2875 3307 καὶ
2925 3255 3170 3322 γενναῖον
3210 3250 3445 3319 ἐκφῆναι
3497 3248 3869 3315 κωλυόμενον.
3917 3247 4022 3299 Καὶ

757 3358 885 3411 erga
914 3341 1221 3414 Hyrcanum
1252 3346 1560 3414 pontilicetu
1607 3346 1903 3398 maximum
1940 3345 2205 3399 alienatus
2232 3355 2335 3397 est.

2443 3349 2617 3404 ταῦτα
2652 3349 2908 3421 πράττων
2948 3347 3327 3415 Ἀντίπατρος,
3373 3342 3470 3396 καὶ
3503 3340 3892 3410 θαμαζὸμενος
3935 3341 4021 3391 οὖα

760 3432 905 3486 Finit
923 3428 1204 3502 Antipater
1253 3434 1592 3503 splendidam
1613 3445 1669 3487 et
1687 3434 1893 3488 claram
1916 3436 2138 3489 omnino
2154 3436 2335 3501 vitam,

2442 3441 2533 3493 δὲν
2555 3436 2718 3512 ἦττον
2747 3438 2855 3492 ύπδ
2887 3437 2981 3490 τοῦ
3016 3437 3201 3499 ἔθνους
3241 3435 3273 3505 ἢ
3314 3434 3455 3486 κατά
3497 3432 3720 3502 βασιλέα
3762 3432 3834 3495 ⁸³,
3874 3434 4019 3502 ὅμως

758 3522 971 3576 occulte
999 3537 1226 3587 veneno,
1256 3522 1467 3575 Malcho
1496 3524 1815 3590 pincernam
1843 3521 2067 3589 pecunia
2099 3536 2335 3574 corrum-

2442 3532 2542 3601 τῆς
2568 3531 2705 3601 πρὸς
2734 3528 3009 3601 Ὑρκανὸν
3034 3528 3125 3580 τὸν
3150 3526 3411 3596 ἀρχιερέα
3433 3523 3639 3585 εὐνοίας
3663 3524 3761 3575 καὶ
3786 3522 4019 3586 πίστεως

761 3624 941 3681 penle,
974 3625 1033 3667 ut
1060 3629 1265 3669 veneno
1295 3625 1479 3685 pctutn
1520 3613 1787 3668 inliceret.
1822 3613 2071 3667 Malcbus
2102 3613 2190 3666 hic
2223 3613 2335 3682 qui-

2440 3622 2591 3674 οὺδὲν
2618 3620 2758 3683 ’ὀλως
2800 3619 3117 3689 ὴλλοὶωσεν.
3169 3616 3501 3682 ’Δναιρεῐται
3530 3612 3587 3664 δὲ
3637 3613 4022 3683 Ἀντίπατρος,

760 3708 880 3759 dant
904 3703 1120 3760 Judaeus
1156 3716 1298 3768 erat,
1329 3704 1718 3760 nectendorutn
1759 3704 2004 3759 dolorum
2032 3706 2256 3774 peritus,
2286 3715 2335 3760 et

2442 3711 2635 3781 εὔρουν
2662 3714 2756 3765 καὶ
2782 3711 3034 3782 λαμπρὸν
3063 3709 3153 3761 διὰ
3190 3707 3389 3767 παντὸς
3431 3705 3746 3769 ἀναφαίνων
3786 3706 3836 3737 ⁸⁸
3889 3706 4021 3776 βίον,

758 3796 884 3850 data
926 3796 1251 3866 suspicione,
1291 3798 1605 3866 iuramento
1655 3796 2020 3866 suspicionem
2075 3796 2229 3860 lenit,
2285 3807 2335 3851 et

2437 3802 2495 3867 ἐξ
2523 3803 2814 3873 ἐπιϐουλῆς
2848 3802 3146 3873 φαρμάκῳ,
3171 3798 3301 3873 [515
3339 3798 3433 3871 Η.]
3471 3797 3713 3869 Μαλίχου
3757 3800 3853 3851 τὸν
3878 3802 4025 3866 ,οἰνο-

762 3890 978 3943 tictione
1004 3888 1281 3942 amicitiae.
1318 3888 1422 3943 Sed
1462 3887 1597 3942 nihil
1628 3889 1827 3952 minus,
1860 3897 1918 3941 ut
1942 3886 2248 3953 videbatur,
2284 3888 2335 3941 in

2437 3897 2556 3966 χόον
2580 3897 2827 3966 χρήμασι
2858 3896 3153 3956 πείσαντος
3182 3892 3375 3957 στάξαι
3406 3894 3482 3963 τῷ
3522 3893 3729 3963 πόματι
3761 3891 3863 3944 τοῦ
3887 3908 4027 3959 φαρ-

760 3978 1024 4034 Herodem
1045 3979 1147 4034 hoc
1174 3981 1389 4047 ingenio
1414 3980 1814 4034 machinantem
1839 3978 2044 4041 facere,
2065 3989 2158 4031 aut
2174 3978 2335 4033 etiam

2445 3987 2643 4057 μάκου.
2706 3986 2947 4057 Μαλίχος
2972 3986 3017 4038 δ’
3050 3976 3206 4048 οὗτος
3249 3984 3495 4047 Ἰουδαῖος
3530 3985 3628 4054 μὲν
3652 3980 3742 4054 ἦν,
3772 3983 3949 4043 δεινὸς
3972 3983 4025 4034 δὲ

760 4073 1217 4126 vehementiorem
1269 4072 1536 4135 incidens,
1585 4086 1801 4141 pmnam
1841 4073 2199 4142 postulantem
2246 4088 2337 4143 pa-

758 4172 928 4217 terna:
959 4166 1144 4231 caedis,
1174 4166 1496 4235 pugionibus
1528 4165 1816 4220 confossus
1843 4165 2190 4220 interficitur.

2436 4080 2584 4132 δόλον
2620 4078 2790 4150 ῥάψαι
2822 4078 2914 4132 καὶ
2965 4077 3212 4148 δοθείσης
3252 4077 3507 4139 ὑπονοίας
3540 4079 3726 4146 ὅρκοις
3754 4076 3858 4145 τὴν
3895 4077 4027 4129 ὑπό-

2440 4188 2588 4225 νοιαν
2614 4170 2954 4241 θεραπεῦσαι
2982 4170 3077 4222 καὶ
3104 4168 3392 4237 ὑποκρίσει
3432 4168 3634 4237 φιλίας.
3687 4167 3831 4221 Ἀλλ’
3876 4167 4027 4221 οὐδὲν

756 4255 941 4331 ἦττον,
970 4256 1044 4319 ὡς
1068 4257 1262 4319 ἔοικεν,
1296 4256 1512 4329 Ἡρώδῃ
1538 4258 1764 4311 τοιαῦτα
1794 4257 2143 4328 μηχανᾶσθαι
2170 4258 2333 4326 φύσιν
2365 4259 2582 4331 λαχόντι
2608 4263 2641 4333 ἢ
2678 4264 2773 4316 καὶ
2795 4263 3081 4331 δεινοτέρῳ
3122 4262 3453 4329 περιτυχὼν,
3531 4260 3661 4332 [972
3700 4259 3798 4331 R.]
3878 4260 4030 4329 δίκην

758 4351 1201 4419 εἰσπραττομένῳ
1228 4348 1320 4401 τοῦ
1351 4351 1603 4420 πατρῴου
1629 4350 1813 4419 φόνου,
1845 4351 2090 4419 ξιφιδίοις
2129 4356 2629 4425 κατακεντούμενος
2664 4357 2941 4408 κτίννυται
2981 4353 3048 4407 ⁸⁷.

828 4441 1129 4510 Antigonus
1171 4457 1297 4494 vero
1348 4442 1488 4494 lilius
1529 4443 1846 4507 Aristobuli,
1886 4442 2054 4495 Fabio
2085 4444 2331 4509 pecuniis

756 4540 1036 4599 corrupto,
1062 4539 1114 4582 et
1139 4528 1425 4583 Ptolomaeo
1457 4530 1728 4599 Hymenaei
1758 4531 1889 4595 lilio,
1916 4542 2131 4598 propter
2149 4532 2335 4584 matri-

758 4620 996 4673 tnoniutn
1036 4623 1217 4689 (soror
1252 4621 1396 4675 enim
1428 4622 1544 4689 ejus
1572 4631 1830 4690 nupserat
1854 4622 1950 4690 illi)
1976 4633 2030 4676 et
2057 4622 2177 4675 aliis
2207 4636 2336 4675 non-

2527 4447 2829 4516 Ἀντίγονος
2872 4448 2917 4501 δ’
2962 4448 2990 4499 ὁ
3025 4446 3433 4518 Ἀριστοϐούλου
3468 4449 3618 4508 παῖς,
3648 4445 3856 4499 Φαϐίου
3898 4446 4029 4513 χρή-

2446 4556 2575 4608 μασι
2604 4538 3051 4609 θεραπευθέντος,
3081 4541 3177 4592 καὶ
3214 4539 3551 4607 Πτολεμαίου
3584 4538 3679 4591 τοῦ
3709 4540 3955 4592 Μεναξου
3984 4540 4027 4569 ⁸⁸

2443 4630 2531 4681 διὰ
2559 4629 2618 4681 τὺ
2648 4628 2891 4698 κήδευμα
2926 4630 3149 4699 (ἀδελφὴ
3177 4632 3285 4699 γὰρ
3323 4629 3488 4682 αὐτοῦ
3533 4630 3878 4697 ἐγεγάμητο)
3908 4630 4028 4680 συλο

759 4714 953 4776 nullis,
983 4728 1269 4784 aggressus
1322 4723 1406 4767 est
1440 4714 1766 4769 descendere
1822 4714 1871 4766 in
1912 4712 2172 4766 Judaaam.
2226 4711 2334 4767 Sed

2442 4719 2853 4789 λαμϐανομένου
2905 4721 2996 4770 καὶ
3050 4720 3252 4787 ἑτέρων
3289 4720 3471 4781 τινῶν,
3502 4719 3835 4787 ἐπεχείρησε
3891 4736 4024 4769 κατ-

758 4803 998 4858 llerodes
1022 4820 1196 4875 pugna
1228 4821 1553 4876 congressus
1583 4808 1732 4869 vicit,
1762 4816 1815 4860 ct
1836 4822 1867 4861 e
1886 4804 2068 4860 Jndtea
2096 4807 2335 4874 expellit,

2444 4811 2673 4879 άγεσθαι
2701 4813 2792 4863 ἐπὶ
2825 4811 3099 4864 Ἰουδαίαν.
3140 4811 3278 4862 Ἀλλ’
3315 4810 3559 4880 Ἡρώδης
3588 4812 3740 4880 μάχῃ
3773 4813 4025 4878 συμπλα-

758 4904 811 4948 υι
836 4898 902 4949 ab
932 4898 1343 4968 Hierosolymis,
1362 4909 1415 4952 et
1443 4899 1559 4967 ipso
1584 4899 1830 4969 Hyrcano
1856 4898 2152 4952 honoriﬁce
2177 4908 2328 4966 parta

759 4986 1007 5049 victoria,
1036 4998 1316 5056 susceptus
1351 4997 1453 5042 est.
1499 4990 1763 5043 Ant0nius
1808 5003 1940 5043 vero
1979 4989 2087 5041 dux
2129 4988 2327 5042 Itoma-

762 5094 975 5142 norum,
1025 5081 1264 5147 pecuniis
1295 5091 1618 5146 excaacatus,
1660 5081 1850 5135 Herodi
1884 5095 1939 5134 et
1966 5080 2331 5135 fratri‘Phae-

761 5171 875 5224 selo
911 5169 1215 5225 Judaeortnu
1269 5174 1590 5228 tetrarchias
1624 5174 1791 5239 dedit,
1850 5173 2095 5243 Hyrcano
2139 5184 2329 5226 contra

759 5265 877 5318 hec
928 5280 1035 5318 non
1091 5265 1422 5336 indignante,
1477 5266 1728 5334 populum
1781 5280 1905 5319 vero
1957 5267 2333 5319 accusantibus

766 5353 1103 5422 llerodianis,
1133 5356 1264 5409 nihil
1286 5357 1519 5425 amplius
1552 5369 1671 5411 erat
1704 5371 1863 5425 quam
1906 5366 1966 5409 ut
2007 5356 2329 5424 supplicium

2438 4902 2553 4961 κεὶς
2584 4900 2712 4968 νικᾷ
2745 4898 2836 4950 καὶ
2870 4899 2966 4966 τῆς
2996 4896 3267 4949 Ἰουδαίων
3294 4897 3397 4965 γῆς
3430 4895 3747 4959 ἀπελαύνει,
3780 4898 3882 4947 καὶ
3924 4897 4023 4948 ὑπὸ

2451 4989 2838 5061 Ἰεροσολύμων
2883 4990 2926 5021 ⁸⁸
2974 4990 3068 5042 καὶ
3120 4988 3283 5042 αὑτοῦ
3320 4988 3589 5059 Ὑρκανοῦ
3621 4989 3903 5057 λαμπρῶς
3934 4989 4022 5041 ἐπὶ

2438 5080 2505 5147 τῇ
2556 5076 2682 5146 νίκῃ
2724 5075 2913 5145 ἐδέχθη
2946 5076 3361 5146 παραγεγονώς.
3407 5076 3515 5128 Καὶ
3548 5074 3842 5138 Ἀντώνιος
3889 5078 4019 5147 χρή-

2444 5187 2628 5240 μασιν,
2666 5172 2694 5221 ὁ
2727 5168 3012 5239 Ῥωμαίων
3048 5166 3373 5237 στρατηγὸς,
3411 5166 3625 5237 Ἡρώδῃ
3650 5170 3746 5219 καὶ
3768 5167 3848 5236 τῷ
3872 5168 4020 5222 ἀδελ-

2440 5261 2525 5331 φῷ
2543 5262 2809 5331 Φασαήλῳ
2835 5260 2934 5321 τὰς
2960 5260 3068 5311 τῶν
3102 5258 3375 5312 Ἰουδαίων
3404 5258 3735 5327 τετραρχίας
3779 5259 4013 5319 δίδωσιν,

2439 5356 2589 5409 οὐδὲν
2628 5356 2765 5421 πρὸς
2798 5353 2972 5408 ταῦτα
2998 5351 3437 5423 δυσχεραίνοντος
3490 5350 3783 5420 Ὑρκανοῦ.
3822 5353 3931 5407 Τοῦ
3960 5352 4014 5405 δὲ

2072 5527 2307 5585 VARUE
2347 5527 2746 5583 LECTIONES.

840 5639 879 5668 "
908 5637 1103 5713 5:91”.
1293 5642 1338 5672 "
1359 5640 1403 5693 δ’
1433 5643 1604 5713 ὅμως]
1627 5644 1775 5713 ὅμως
1794 5645 1841 5697 δ’
1871 5651 1933 5699 Α.

770 5720 833 5770 ς’.
944 5709 989 5738 ⁸⁸
1016 5710 1319 5764 ἀναϐαίνων
1359 5713 1419 5763 Α.
1469 5709 1477 5710 ί
1522 5713 1565 5742 ⁸⁷
1590 5709 1911 5769 -κτείννυται
1940 5718 2005 5770 Δ.

774 5746 833 5770 ς.
1016 5746 1317 5764 ...μνη-,ν
1359 5746 1419 5763 η.

770 5778 818 5808 ⁸³
866 5778 1301 5846 Ἱεροσολυμιτῶν
1325 5781 1589 5852 Scaliger.

2065 5648 2083 5677 ³
2106 5648 2124 5681 ι
2136 5650 2189 5681 η’
2235 5666 2264 5681 η
2274 5646 2355 5681 ’.ιφιῦ

2038 5647 2083 5679 ⁸³
2105 5648 2189 5698 ἐπ’
2235 5647 2332 5698 αὐτ

2107 5716 2152 5748 ⁸⁸
2206 5734 2335 5785 μενα

2437 5662 2493 5709 ς’.
2593 5647 2641 5676 ⁸⁸
2666 5647 2853 5714 ἄρχειν
2881 5660 2940 5707 ς.
3018 5647 3061 5674 ’⁵⁵
3091 5647 3230 5695 κατά
3262 5647 3481 5709 βασιλέα
3514 5647 3579 5697 Α,
3621 5647 3717 5688 καὶ
3749 5647 4007 5704 βασιλέως

2456 5719 2537 5781 Α,
2596 5713 2885 5782 Ὕμεναίου
2922 5730 2983 5777 ς.
3037 5713 3187 5783 Apud
3239 5710 3528 5779 Josephuut
3580 5719 3667 5762 est
3719 5706 4007 5761 Μενναίου.

2593 5644 2641 5714 ἒδ
2666 5644 2853 5714 ἄρχειν
2881 5660 2940 5707 ς.
3018 5644 3061 5674 ⁸⁵
3091 5640 3481 5714 κατὰ-βασιλέα
3514 5637 3579 5697 Α,
3621 5634 4012 5714 καὶ-βασιλέως
