4208 6442
173 434 314 502 1185

1187 418 1704 483 BIBLIOTHECA.
1738 440 1803 454 —
1832 415 1993 477 COD.
2023 416 2437 480 CCXXXVIIL

3291 410 3429 482 1186

168 550 412 619 πλήθους
460 543 571 597 τῶν
619 540 749 613 περὶ
810 537 1054 609 Ἡρώδην
1106 534 1554 606 κατηγορούντων
1592 529 1743 584 οὐδὲν

1851 530 2113 597 subirem,
2139 529 2255 584 loco
2282 544 2452 599 paena:
2471 533 2745 585 sumendze
2760 531 2831 585 ob
2855 544 2976 598 qua
2993 544 3383 587 accusaverat“
3406 551 3422 587 :

168 642 339 693 πλέον
369 636 509 707 πλὴν
533 632 627 685 τοῦ
672 630 942 701 τιμωρίαν
978 628 1201 695 ὑπέχειν
1245 624 1366 678 ἀντὶ
1409 620 1505 675 τοῦ
1563 620 1747 674 λαϐεῖν

165 727 245 785 ὧν
282 730 583 784 ἐπεκάλουν
634 724 844 790 ὲγίνενο
884 720 973 774 διὰ
1022 720 1082 772 τὸ
1133 720 1408 787 χρήμασιν
1465 709 1748 765 Ἀντώνιον

164 818 499 889 διεφθάρθαι
522 819 615 869 καὶ
648 811 912 882 Ὑρκανὸν
935 811 1046 870 τοῖς
1064 808 1191 877 περὶ
1222 803 1466 871 Ἡρώδην
1483 798 1744 851 τίθεσθαι·

167 908 273 977 ἤδη
306 908 417 975 γάρ
465 905 560 959 καὶ
595 904 691 971 τῆς
720 898 990 969 θυγατρὸς
1018 894 1184 949 αὐτοῦ
1209 893 1373 945 παῖδα
1403 889 1749 960 Μαριάμμην

177 1001 428 1070 Ἡρώδης
451 996 771 1066 ἐγγεγύητο.

240 1087 579 1155 Πτολεμαίου
621 1084 676 1137 δὲ
718 1084 813 1136 τοῦ
846 1082 1083 1137 Μιναίου
1125 1082 1215 1135 τὸν
1252 1083 1368 1153 βίον
1422 1083 1671 1144 λιπόντος
1720 1080 1749 1131 ό

166 1185 300 1243 παῖς
340 1180 602 1249 λαμϐάνει
627 1178 726 1246 τὴν
755 1176 929 1247 ἀρχὴν
954 1177 1245 1237 Λυσανίας.
1272 1177 1384 1227 Καὶ
1413 1175 1659 1243 Πάκορος
1691 1172 1747 1225 δὲ

166 1300 195 1351 ὁ
264 1274 532 1343 βασιλέως
604 1276 733 1333 παῖς
792 1270 887 1322 καὶ
955 1268 1401 1338 Βαζαφαρμάνης
1463 1266 1749 1337 σατράπης

170 1371 386 1437 Πάρθος
404 1368 665 1436 κατέσχον
694 1366 792 1433 τὴν
818 1364 1041 1431 Συρίαν.⁸
1058 1364 1332 1424 Λυσανίας
1355 1362 1412 1414 δὲ
1430 1362 1521 1419 τὸν
1544 1361 1747 1428 σατρά-

169 1477 281 1529 πην
342 1458 481 1526 ἔχων
522 1458 617 1508 σὺν
670 1455 819 1520 αὑτῷ
856 1457 1089 1506 ποιεῖται
1140 1454 1276 1521 πρὸς
1314 1452 1615 1518 Ἀντίγονον
1658 1450 1748 1501 τὸν

168 1545 589 1616 Ἀριστοϐούλου
635 1543 858 1611 φιλίαν*
912 1544 1009 1595 καὶ
1055 1542 1359 1609 ’Δντίγονος
1407 1540 1749 1607 ὑπισχνεῖται

168 1636 414 1705 Πάρθοις
448 1634 592 1703 χίλια
612 1634 850 1687 τάλαντα
891 1632 1083 1685 δώσειν
1132 1632 1227 1684 καὶ¹
1259 1628 1615 1689 πεντακοσίας
1648 1645 1747 1695 γυ-

165 1732 384 1790 ναῖκας,
406 1730 454 1779 εί
484 1727 581 1793 τὴν
602 1724 862 1795 πατρῴαν
882 1723 1056 1794 ἀρχὴν
1084 1722 1452 1775 ἀποδώσουσιν
1477 1720 1523 1751 ⁸⁸
1551 1718 1749 1787 ’Υρκα-

163 1824 258 1876 νὸν
314 1821 641 1888 ἀφελόμενοι
699 1818 956 1880 καὶτοὺς
1010 1816 1140 1885 ’περὶ⁸
1187 1813 1435 1884 Ἡρώδην
1485 1811 1742 1867 ἀνέλοιεν.

1848 622 1974 689 quia
2014 623 2287 677 Antonius
2316 634 2607 692 corruptus
2644 622 2820 678 fuerat
2850 637 3007 684 auro.
3050 633 3107 677 et
3149 623 3433 693 Hyrcanus

1850 729 1971 767 cum
2009 711 2331 768 Herodianis
2368 716 2614 769 sentiret.
2645 713 2763 768 Jam
2794 716 2938 768 enim
2968 715 3091 770 lilia
3126 716 3291 770 tiliam
3317 715 3432 771 Ia-

1853 806 2117 859 riamnem
2149 803 2386 860 Herodes
2409 807 2734 873 desponsam
2756 806 3007 859 habebat.

1919 1070 2213 1126 Ptolomaeo
2245 1085 2373 1125 vero
2408 1068 2706 1140 Hymenreo
2734 1068 2841 1121 vita
2870 1065 3127 1121 defuncto
3158 1065 3429 1135 Lysanias

1856 1162 2001 1216 illius
2053 1163 2262 1232 accepit
2302 1160 2630 1229 imperium,
2672 1167 2726 1213 et
2760 1157 2997 1211 Pacorus
3043 1157 3239 1227 3150
3285 1156 3430 1227 regis

1851 1254 1994 1308 ﬁlius
2023 1261 2077 1307 et
2120 1253 2588 1322 Bazapbarmanes
2638 1262 2853 1319 satrapa
2893 1248 3149 1315 Parthus,
3198 1264 3433 1318 occupa-

1852 1356 1976 1401 runt
2024 1345 2260 1416 Syriam.
2308 1344 2569 1417 Lysanias
2622 1359 2749 1398 vero
2799 1344 3003 1397 habens
3045 1358 3228 1397 secum
3262 1352 3434 1396 satra-

1851 1453 1994 1503 pam,
2044 1437 2143 1489 init
2173 1436 2467 1490 amicitiam
2514 1450 2633 1487 cum
2670 1436 2946 1501 Antigono
2980 1433 3277 1487 Aristobuli
3314 1432 3428 1486 lilio

1850 1537 1905 1581 et
1932 1527 2234 1597 Antigonus
2274 1525 2538 1595 promittit
2572 1525 2788 1578 Parthis
2834 1524 2979 1578 mille
3012 1526 3213 1578 talenta
3243 1538 3302 1577 se
3333 1524 3430 1576 da-

1852 1630 2055 1682 turum,
2086 1629 2142 1672 et
2185 1626 2507 1687 quingentas
2548 1617 2821 1680 mulieres,
2852 1618 2895 1670 si
2928 1625 3214 1685 paternum
3257 1615 3433 1681 impc-

1850 1710 1988 1762 rium
2045 1711 2257 1774 darent,
2322 1706 2606 1762 interfecto
2670 1707 2918 1777 Hyrcano
2969 1715 3025 1761 et
3082 1704 3427 1760 Herodianis.

1850 1801 2141 1869 Propterea
2203 1800 2443 1855 Pacorus
2498 1809 2553 1854 et
2617 1799 3092 1868 Bazapbarmanes
3152 1797 3433 1851 adducunt

159 1913 258 1965 Διὸ
290 1886 538 1978 Πάκορος
571 1910 667 1961 καὶ
708 1907 1151 1975 Βαζαφαρμάνης
1189 1904 1519 1969 κατάγουσιν
1566 1898 1741 1951 Ἀντί-

1851 1892 2174 1959 Antigonum
2199 1903 2253 1945 et
2278 1891 2424 1945 illato
2455 1890 2523 1943 ab
2549 1888 2865 1944 Herodianis
2893 1888 3052 1952 bello,
3083 1888 3233 1941 inulti
3258 1889 3431 1940 utrin—

160 2020 348 2072 γονον,
385 2003 478 2053 καὶ
512 2000 749 2069 πολέμου
780 2000 965 2059 αὐτοῖς
1010 1997 1114 2049 ὑπὸ
1156 1996 1265 2048 τῶν
1316 1994 1445 2061 περὶ
1497 1990 1741 2061 Ἡρώδην

162 2097 473 2156 συστάντος
502 2092 689 2143 πολλοὶ
717 2093 809 2159 ἀφ’
850 2089 1129 2158 ἑκατέρων
1160 2086 1481 2146 κτείνονται,
1533 2082 1741 2134 εὐδοκι-

164 2186 405 2257 μοῦντος
438 2183 670 2253 μάλιστα
700 2184 810 2243 τοῖς
834 2182 1014 2241 πόνοις
1055 2178 1320 2243 Ἡρώδου.
1346 2174 1507 2238 Τέλος
1542 2173 1743 2243 ’Υρκα-

159 2278 257 2337 vo;
291 2277 388 2327 καὶ
412 2272 695 2342 Φασάηλος
725 2271 860 2341 δόλῳ
896 2269 1333 2339 συλλαμϐάνεται
1363 2267 1465 2319 ὑπὸ
1487 2266 1738 2335 Πάρθων·

162 2368 266 2422 καὶ
305 2369 336 2420 ὁ
392 2366 492 2436 μὲν
529 2363 812 2433 Φασάηλος
870 2363 978 2414 τῶν
1027 2360 1236 2431 ἐχθρῶν
1280 2358 1599 2429 προφθάσας
1645 2354 1743 2425 τὴν

162 2459 415 2529 σφαγὴν,
448 2458 628 2528 πέτρα
658 2456 758 2525 τὴν
798 2453 1038 2524 κεφαλὴν
1069 2450 1415 2523 προσαράξας
1448 2450 1613 2516 ἔξεισι
1650 2449 1743 2501 τοῦ

165 2550 310 2619 βίου,
350 2547 613 2618 Ὑρκανὸς
646 2546 702 2599 δὲ
726 2546 941 2615 δέσμιος
962 2542 1157 2612 είχετο.
1183 2543 1292 2595 Καὶ
1318 2544 1366 2594 οί
1408 2542 1611 2611 Πάρθοι
1634 2540 1746 2593 λοι-

164 2643 274 2695 πὸν
294 2642 364 2695 τά
408 2639 754 2710 Ἱεροσόλυμα
776 2636 1051 2699 λαϐόντες,
1087 2636 1239 2704 μόλις
1270 2634 1467 2696 αύτούς
1508 2632 1745 2707 Ἡρώδου

163 2732 439 2800 δεινότητι
468 2728 694 2799 γνώμης
728 2728 820 2780 καὶ
846 2728 1001 2796 τάχει
1032 2726 1123 2779 τοῦ
1156 2724 1471 2795 προμηθοῦς
1509 2727 1603 2777 καὶ
1633 2741 1747 2792 χει-

170 2828 286 2895 ρῶν
314 2825 484 2894 ἀρετῇ
519 2824 614 2874 σὺν
656 2824 720 2889 τῇ
754 2823 916 2890 γενεᾷ
939 2820 1313 2888 διαφυγόντος,
1344 2817 1414 2869 τά
1434 2817 1544 2869 τῶν
1580 2817 1747 2886 Ἰερο-

168 2916 485 2985 σολυμιτῶν
528 2912 826 2983 διήρπαζον
860 2914 1116 2983 χρήματα
1150 2911 1289 2977 πλὴν
1328 2910 1436 2961 τῶν
1481 2908 1748 2979 Ὑρκανοῦ

165 3012 247 3078 (π’
304 3008 351 3059 δ’
380 3003 447 3075 ἦν
493 3006 753 3072 τάλαντα)
798 3006 866 3065 ⁹¹,
914 3004 1006 3055 καὶ
1034 3002 1205 3063 οὓτως
1239 3002 1319 3064 εἰς
1348 3000 1447 3069 τὴν
1489 2998 1749 3069 πατρῴαν

164 3104 353 3174 ἀρχὴν
392 3102 698 3169 Ἀντίγονον
738 3098 1154 3167 ὲγκαθιστῶσιν.
1202 3097 1509 3163 Ἀντίγονος
1535 3094 1579 3145 δ’
1621 3094 1748 3163 ’Υρ-

167 3192 347 3249 κανοῦ
382 3190 477 3244 τοῦ
509 3190 656 3243 θείου
687 3189 828 3257 ὑπὲρ
870 3187 963 3240 τοῦ
995 3188 1068 3256 μὴ
1111 3187 1272 3240 πάλιν
1317 3181 1607 3237 ἀναλαϐεῖν
1648 3182 1748 3247 τὴν

1844 1998 1951 2050 que
1985 1982 2285 2045 caeduntur.
2331 1982 2557 2037 multum
2594 1980 2801 2036 Herode
2828 1981 3103 2035 laboribus
3130 1979 3425 2034 celebrato.

1843 2072 2084 2127 Tandem
2130 2073 2370 2128 Herodes
2426 2086 2482 2127 et
2548 2072 2842 2128 Pbasaelus
2898 2074 3020 2127 dolo
3061 2073 3348 2141 capiuntur
3397 2085 3427 2123 a

1843 2164 2080 2230 Parthis,
2127 2172 2181 2219 et
2214 2164 2507 2219 Pbasaelus
2548 2166 2748 2220 caedem
2793 2166 3024 2219 hostium
3073 2172 3427 2231 pragvertens,

1845 2258 1986 2313 illiso
2029 2259 2096 2313 ad
2136 2267 2341 2328 petram
2374 2258 2550 2326 capite
2588 2259 2759 2311 linivit
2801 2257 2963 2311 vitam
2988 2275 3002 2311 :
3028 2258 3270 2325 captivus
3300 2270 3429 2307 vero

1846 2354 2137 2407 tenebatur
2162 2352 2460 2422 Hyrcanus.
2492 2353 2553 2407 Et
2581 2352 2812 2423 denique
2838 2352 3019 2406 Parthi
3058 2349 3426 2419 Hierosolyma

1845 2458 2195 2517 occupantes,
2231 2450 2322 2502 vix
2363 2449 2486 2502 illos
2530 2446 2762 2513 Herode,
2802 2447 2967 2501 animi
3014 2445 3326 2517 praestantia
3371 2452 3429 2498 et

1845 2540 2123 2596 celeritate
2160 2542 2395 2608 consilii,
2430 2555 2792 2610 manuumque
2836 2542 3028 2595 robore
3071 2554 3193 2593 cum
3224 2537 3427 2591 familia

1848 2631 2105 2702 fugiente,
2152 2635 2413 2703 pecunias
2450 2632 3055 2702 Hierosolymitanorum
3106 2640 3425 2701 rapuerunt.

1850 2738 2043 2794 praeter
2070 2742 2161 2782 eas
2190 2743 2307 2796 quae
2336 2737 2488 2783 erant
2514 2727 2782 2797 Hyrcani;
2815 2729 3083 2795 octoginta
3115 2741 3246 2781 vero
3273 2735 3431 2779 erant

1852 2818 2071 2883 talenta,
2095 2829 2150 2873 et
2174 2822 2251 2874 sic
2278 2822 2328 2873 in
2351 2820 2581 2889 patrium
2609 2836 2835 2888 regnum
2862 2822 3189 2888 Antigonum
3224 2817 3432 2873 consti—

1853 2920 2090 2965 tuerunt.
2116 2913 2415 2982 Antigonus
2441 2928 2567 2967 vero
2594 2913 2871 2983 Hyrcano;
2903 2928 2973 2966 ne
2994 2912 3224 2981 amplius
3247 2926 3432 2967 sacer-

1850 3002 2054 3056 dotium
2080 3015 2287 3073 gereret
2308 3006 2455 3073 (nam
2479 3007 2569 3074 qui
2598 3005 2775 3074 aliqua
2801 3015 2953 3074 parte
2981 3005 3229 3073 corporis
3256 3002 3433 3057 mutili

1850 3104 1997 3157 sunt,
2029 3110 2134 3147 non
2186 3107 2311 3150 sunt
2358 3098 2466 3164 apti
2520 3096 2588 3150 ad
2636 3098 2937 3151 sacerdotia
2986 3099 3127 3163 apud
3172 3095 3435 3163 inda-os),

1854 3198 2013 3238 aures
2038 3186 2250 3248 incidit.
2279 3197 2333 3242 et
2365 3188 2578 3242 Parthis
2606 3203 2788 3243 secum
2813 3196 2871 3240 ut
2894 3189 3095 3242 ducant
3121 3188 3431 3241 committit.

168 3285 477 3356 ἱερωσύνην
509 3283 591 3351 (τὸ
620 3284 727 3351 γάρ
759 3281 1118 3349 σεσινωμένον
1151 3279 1291 3331 κατά
1313 3295 1367 3329 τι
1398 3275 1489 3328 τοῦ
1515 3274 1765 3343 σώματος
1809 3275 1973 3343 μέρος
2007 3277 2301 3349 ἀπείρηται
2341 3278 2610 3343 Ἰουδαίοις
2651 3281 2920 3350 ἱερᾶσθαι)
2986 3279 3305 3350 περιτέμνει
3370 3278 3438 3330 τὰ

166 3377 314 3443 ὦτα,
347 3379 444 3431 καὶ
476 3377 713 3443 Πάρθοις
737 3376 889 3441 ἄγειν
919 3373 1015 3425 σὺν
1038 3372 1221 3433 αὐτοῖς
1248 3370 1483 3422 δίδωσιν.

258 3472 510 3543 Ἡρώδης
564 3470 608 3522 δ’
643 3468 894 3539 οὐδαμῶς
926 3467 1142 3537 ἠρέμει,
1201 3464 1339 3518 ἀλλά
1392 3462 1610 3533 πρῶτον
1653 3462 1748 3531 μὲν

1930 3458 2173 3515 Herodes
2200 3476 2538 3531 nequaquam
2561 3462 2903 3531 quiescebat;
2932 3466 3027 3518 sed
3057 3480 3292 3534 primum
3322 3465 3442 3534 qui-

165 3565 253 3626 είς
285 3562 527 3631 Μάλιχον
559 3559 653 3613 τὸν
688 3556 935 3625 Ἀράϐων
962 3556 1127 3625 ἀπῄει
1156 3553 1403 3623 βασιλέα,
1433 3553 1747 3622 ἐπικουρίαν

166 3652 320 3706 κατὰ
353 3652 612 3721 πατρῴαν
640 3649 820 3719 φιλίαν
864 3646 1082 3707 ἐλπίδας
1112 3645 1251 3713 ἔχων
1292 3646 1498 3713 εὑρεῖν·
1547 3645 1749 3694 ἀποτυ-

166 3742 289 3812 χὼν
325 3739 454 3812 [516
512 3736 602 3809 H.]
652 3737 710 3790 δὲ
760 3734 851 3788 ἐπὶ
903 3735 1225 3803 Βρεντήσιον
1274 3733 1409 3800 πρὸς
1467 3730 1747 3782 Ἀντώνιον

165 3835 266 3885 τὸν
306 3834 353 3864 ’⁸
392 3831 677 3900 Ῥωμαίων
723 3826 1043 3896 στρατηγὸν,
1100 3822 1350 3877 κάκεῖθεν
1398 3825 1476 3884 είς
1531 3822 1749 3890 Ῥώμην

170 3926 277 3977 σὺν
309 3922 455 3991 αύτῷ
477 3922 757 3987 ἀνάγεται,
780 3916 1260 3985 ἀπολοφυράμενος
1280 3915 1346 3966 τά
1368 3911 1749 3981 συνενεχθέντα

166 4017 386 4071 καὶτὸν
416 4012 678 4082 τάδελφοῦ
720 4011 968 4063 θάνατον.
1016 4010 1280 4061 Ἐποιεῖτο
1317 4007 1373 4059 δὲ
1408 4006 1633 4073 γνώμην
1672 4002 1749 4072 τῷ

169 4110 279 4177 τῆς
318 4108 565 4177 γαμετῆς
597 4106 828 4175 ἀδελφῷ,
876 4104 1143 4175 Ὑρκανοῦ
1182 4103 1239 4155 δὲ
1277 4101 1541 4170 θυγατρὸς
1574 4098 1746 4160 παιδὶ,

167 4201 227 4252 εῖ
256 4218 377 4262 πως
404 4199 638 4259 δύναιτο,
668 4200 766 4267 τὴν
786 4197 1061 4267 βασιλείαν
1086 4194 1538 4263 καταπράξασθαι
1559 4208 1572 4221 ’
1602 4190 1750 4260 αύτῴ

168 4293 289 4362 γάρ
338 4291 660 4346 ἀνέλπιστον
712 4287 781 4357 ἦν
833 4288 1147 4341 παντάπασι
1196 4286 1400 4353 ταύτην
1444 4282 1750 4354 περιελθεῖν

172 4381 470 4450 ἀλλοφύλῳ
500 4381 635 4432 δντι.
660 4378 802 4431 Ἀλλ’
830 4376 1110 4439 ’Δντώνιος
1140 4378 1233 4428 καὶ
1264 4375 1587 4443 Αῦγουστος,
1617 4376 1751 4443 σύμ-

170 4475 368 4544 ψηφον
418 4470 673 4532 λαϐόντες
705 4469 803 4538 τὴν
838 4467 1053 4537 βουλὴν,
1098 4470 1191 4520 καὶ
1219 4466 1445 4536 βασιλέα
1488 4466 1750 4520 Ἰουδαίων

169 4566 567 4633 ἀποφαίνουσι,
611 4563 706 4615 καὶ
740 4562 881 4615 κατὰ
932 4560 1239 4628 Ἀντιγόνου
1289 4558 1549 4620 πολλάκις
1604 4558 1753 4627 αύτῷ

171 4658 642 4730 συμμαχήσαντες
669 4654 809 4725 μετὰ
841 4654 1039 4716 πολλάς
1086 4653 1299 4721 σφαγάς
1345 4653 1437 4704 καὶ
1485 4650 1753 4720 πολέμους

183 4752 500 4819 Ἀντίγονον
532 4748 628 4819 μὲν
677 4745 1019 4817 αἰχμάλωτον
1049 4746 1263 4813 ἄγουσι,
1297 4745 1520 4797 Σοσσίου
1555 4760 1753 4812 στρατ-

1860 3550 1979 3603 dem
2024 3552 2090 3603 ad
2146 3550 2428 3606 Malichum
2484 3554 2722 3606 Arabum
2787 3568 2964 3623 regem
3024 3555 3209 3619 vadit,
3266 3557 3439 3609 anxi-

1858 3640 1985 3693 lium
2005 3639 2155 3709 juxta
2190 3654 2468 3711 paternam
2512 3645 2803 3697 amicitiam
2836 3646 3182 3700 inventurum
3224 3662 3284 3701 se
3317 3663 3441 3717 spe-

1863 3746 1993 3785 rans
2047 3748 2062 3785 :
2122 3732 2412 3788 frustratus
2471 3749 2601 3788 vero
2645 3736 2989 3791 Brundisium
3031 3739 3097 3793 ad
3142 3739 3439 3793 Antonium

1856 3825 2045 3877 ducem
2076 3823 2396 3893 Romanum,
2432 3828 2553 3881 inde
2578 3842 2700 3883 cum
2732 3828 2821 3882 illo
2869 3829 3094 3883 Romam
3138 3833 3437 3885 contendito

1858 3920 2141 3987 deplorans
2187 3935 2247 3974 ea
2280 3936 2397 3986 quae
2445 3921 2790 3985 accidissent,
2840 3922 3131 3991 fratrisque
3184 3935 3439 3980 mortem.

1857 4009 2201 4079 Cogitaverat
2242 4026 2370 4065 vero
2405 4009 2555 4065 fratri
2583 4015 2799 4077 uxoris,
2851 4013 2960 4067 lilio
3016 4015 3138 4067 lilize
3174 4013 3437 4086 Hyrcani,

1858 4102 1901 4156 si
1932 4117 2039 4170 quo
2066 4102 2223 4157 modo
2247 4112 2449 4171 posset,
2474 4118 2698 4173 regnum
2725 4107 2965 4170 tradere;
2990 4105 3261 4162 diliidebat
3288 4110 3437 4162 enim

1856 4191 2105 4245 omnibus
2127 4194 2301 4245 modis
2326 4192 2427 4246 sibi
2452 4203 2677 4247 externo
2706 4194 2756 4248 id
2786 4210 2940 4263 posse
2962 4200 3298 4267 contingere.
3329 4199 3441 4255 Sed

1857 4281 2130 4351 Augustus
2182 4292 2235 4337 et
2295 4284 2563 4339 Antonius
2612 4288 2800 4340 eodem
2847 4289 2923 4341 usi
2985 4290 3214 4344 consilio
3255 4306 3432 4361 regem

1856 4373 2162 4431 Iudaeorum
2203 4386 2409 4439 creant,
2456 4387 2510 4431 et
2544 4389 2732 4431 contra
2778 4380 3103 4449 Antigonum
3142 4397 3283 4452 saepe
3305 4398 3433 4437 cum

1860 4467 1947 4520 illo
1976 4479 2276 4540 pugnantes
2309 4477 2428 4539 post
2467 4470 2662 4524 multas
2697 4471 2879 4525 clades
2910 4482 2966 4527 et
3008 4472 3168 4537 bella,
3202 4476 3431 4541 Antigo-

1860 4576 1985 4614 num
2003 4562 2269 4630 captivum
2316 4564 2537 4629 ducunt,
2578 4562 2754 4627 Sosio.
2786 4566 3028 4620 Romano
3070 4568 3223 4631 duce,
3271 4570 3435 4625 linem

1862 4651 1986 4705 huic
2018 4652 2159 4706 bello
2193 4654 2521 4722 imponente.
2559 4655 2713 4709 Illum
2744 4671 2871 4711 vero
2911 4659 3086 4728 magis
3120 4660 3173 4713 in
3207 4661 3439 4728 imperio

1862 4742 2205 4798 conﬁrmant.
2243 4745 2510 4801 Antonius
2538 4746 2645 4800 dux
2680 4749 2951 4816 accipiens
2984 4752 3256 4818 captivum
3280 4754 3435 4807 Anti-

167 4816 365 4914 τηγοῦ
389 4816 674 4911 Ῥωμαίων
701 4816 853 4903 τέλος
876 4839 1033 4892 τοῦτο
1071 4842 1184 4901 τοῖς
1203 4838 1459 4907 πολέμοις
1498 4838 1649 4889 ὲπιθε
1662 4838 1748 4906 μέ-

1869 4849 2086 4901 gonum,
2122 4836 2355 4891 vinctum
2383 4839 2655 4907 triumpho
2684 4854 2901 4895 servare
2926 4816 3185 4897 decrevit.
3233 4844 3431 4916 δίδη

170 4954 297 4997 νου,
330 4934 476 5004 αὐτῷ
500 4935 558 4988 δὲ
579 4934 646 4988 τά
665 4936 763 5004 τῆς
797 4932 973 5001 ἀρχῆς
1016 4933 1105 4983 ἐπὶ
1134 4930 1333 4999 μᾶλλον
1373 4930 1753 5000 κρατύνουσιν.

1855 4925 2079 4995 Cognito
2100 4936 2277 4982 autem
2311 4927 2619 4984 Judworum
2655 4932 2904 5000 populum
2933 4933 3056 4987 odio
3083 4935 3135 4988 in
3160 4934 3437 4991 Herodem

185 5026 483 5087 Ἀντώνιος
525 5025 581 5077 δὲ
623 5026 653 5078 ό
704 5021 1007 5092 στρατηγὸς
1068 5021 1243 5075 λαϐὼν
1287 5022 1631 5091 αἰχμάλωτον
1671 5021 1748 5074 rei

1856 5030 1992 5069 nova
2030 5018 2227 5081 moliri,
2259 5018 2586 5089 Antigonum
2615 5022 2913 5076 Antiochia:
2940 5025 3120 5077 sea-uri
3146 5029 3433 5092 percussit.

184 5119 505 5185 Ἀντίγονον
533 5115 661 5187 [973
696 5115 794 5187 R.]
826 5115 1045 5184 δέσμιον
1075 5114 1215 5179 ἔγνω
1244 5114 1404 5185 μέχρι
1440 5113 1534 5166 τοῦ
1560 5112 1761 5183 θριάμ-

1857 5108 2136 5180 Hyrcanus
2148 5121 2347 5175 autem,
2363 5128 2483 5165 cum
2504 5111 2768 5167 Herodem
2786 5129 3012 5182 regnare
3029 5117 3309 5180 intellexit,
3332 5118 3440 5171 int-

171 5212 280 5265 ϐου
326 5210 619 5279 φυλάττειν
646 5225 659 5238 °
700 5208 888 5279 μαθὼν
915 5208 971 5261 δὲ
1000 5208 1338 5278 νεωτερίζειν
1376 5209 1437 5260 τὸ
1490 5207 1748 5260 Ἰουδαίωι

1859 5210 2091 5278 ploravit
2129 5207 2416 5264 Phraatem
2457 5224 2636 5279 regem
2671 5227 2684 5264 :
2714 5220 2769 5265 et
2794 5210 2953 5265 simul
2985 5212 3291 5280 postulante
3325 5212 3439 5266 lie~

172 5305 339 5364 ἐθνος
368 5306 433 5356 ὲκ
457 5301 552 5355 τοῦ
582 5302 721 5371 πρὸς
755 5300 999 5373 Ἡρώδην
1027 5301 1239 5370 μίσους,
1269 5302 1459 5354 τοῦτον
1478 5303 1536 5353 ὲν
1558 5301 1759 5353 Ἀντιο-

171 5396 307 5467 χείφ⁵
343 5394 684 5448 ὶπελέκισεν.
729 5394 989 5464 Ὑρκανὸς
1028 5393 1073 5445 δ’
1123 5392 1248 5445 ἐπεὶ
1304 5393 1551 5465 Ἡρώδην
1600 5393 1755 5463 βασι-

174 5489 367 5542 λεύειν
389 5489 643 5558 ἡκουσεν,
672 5486 861 5557 ἐδεήθη
888 5487 1135 5556 Φραάτου
1186 5485 1465 5555 βασιλέως,
1506 5488 1597 5539 καὶ
1634 5504 1756 5539 συν-

172 5580 473 5651 δεηθέντος
518 5580 756 5647 Ἡρώδου
785 5578 1002 5647 ἀφίεται
1043 5581 1121 5641 εἰς
1143 5579 1243 5648 τὴν
1267 5579 1519 5650 πατρίδα,
1546 5578 1757 5632 πολλῶν

176 5673 417 5736 εΑπίσας
453 5676 583 5743 παρ’
627 5671 842 5743 Ἡρώδη
868 5674 1068 5741 τυχεῖν.
1110 5670 1353 5741 Ἡρώδης
1399 5672 1455 5724 δὲ
1507 5673 1758 5741 σχήματα

1865 5301 1995 5355 rode
2052 5301 2104 5355 in
2156 5300 2384 5370 patriam
2440 5301 2693 5366 mittitur,
2749 5302 2913 5355 multa
2963 5316 3021 5357 se
3082 5316 3309 5371 sperans
3364 5306 3442 5359 ab

1866 5391 2076 5447 Herode
2097 5398 2533 5446 consecuturum.
2564 5390 2801 5447 Herodes
2838 5406 2965 5446 vero
2995 5394 3231 5461 speciem
3267 5396 3435 5447 bene-

1865 5485 2115 5540 volentiae
2134 5493 2188 5539 et
2210 5485 2367 5553 primi
2396 5483 2615 5540 honoris
2644 5486 2696 5539 in
2723 5500 2845 5541 eum
2878 5500 3124 5556 magnam
3151 5488 3388 5543 ostendit
3419 5504 3432 5541 :

1864 5576 2056 5631 deinde
2080 5589 2208 5629 vero
2241 5575 2291 5629 ei
2326 5576 2724 5644 corruptionem
2766 5576 3110 5645 largitionum
3143 5577 3433 5646 objiciens,

1868 5680 1922 5723 et
1982 5668 2336 5738 proditionem
2380 5666 2518 5735 apud
2578 5668 2802 5733 Arabes,
2844 5667 3117 5725 hominem
3161 5667 3442 5724 interfecit

1488 5783 1718 5838 unus
1743 5780 2155 5859 .LECTIONES.

257 5881 309 5913 ‘°
341 5875 738 5949 ἀποδώσουσινι
761 5878 907 5953 αύτῴ
941 5878 1200 5931 δώσουσιν
1230 5880 1294 5930 A.
1372 5877 1411 5908 "
1452 5877 1588 5945 πλὴν
1616 5905 1685 5917 -
1712 5892 1748 5927 τη

1851 5891 1946 5927 ντα
1985 5889 2092 5930 om.
2136 5876 2173 5925 A
2186 5912 2198 5927 .

2302 5871 2346 5904 ⁶⁹
2370 5872 2484 5939 τὸν]
2529 5871 2636 5925 τῶν
2670 5873 2737 5924 A.
