  <div class='ocr_page' id='page_1' title='image "/cluster/home/n/w/nwhite01/storage/ocr_20150623/103/nnc1.0046979689/609.png"; bbox 0 0 4208 6442; ppageno 0'>
   <div class='ocr_carea' id='block_1_1' title="bbox 765 376 2427 471">
    <p class='ocr_par' dir='ltr' id='par_1_1' title="bbox 765 386 2427 471">
     <span class='ocr_line' id='line_1_1' title="bbox 765 386 2427 471; baseline -0.017 0"><span class='ocrx_word' id='word_1_1' title='bbox 765 405 899 471; x_wconf 85' lang='grc'><strong>1187</strong></span> <span class='ocrx_word' id='word_1_2' title='bbox 1884 388 2147 451; x_wconf 87' lang='grc' dir='ltr'><strong>ΡΗΟΤΙΙ</strong></span> <span class='ocrx_word' id='word_1_3' title='bbox 2180 386 2427 446; x_wconf 66' lang='lat' dir='ltr'><strong>PATRII</strong></span> 
     </span>
    </p>
   </div>
   <div class='ocr_carea' id='block_1_2' title="bbox 2361 376 4023 471">
    <p class='ocr_par' dir='ltr' id='par_1_2' title="bbox 2361 376 4023 444">
     <span class='ocr_line' id='line_1_2' title="bbox 2361 376 4023 444; baseline 0.001 -1"><span class='ocrx_word' id='word_1_4' title='bbox 2361 384 2681 444; x_wconf 75' lang='lat' dir='ltr'><strong>lIARCH/E</strong></span> <span class='ocrx_word' id='word_1_5' title='bbox 2715 384 2819 444; x_wconf 91' lang='lat' dir='ltr'><strong>CP.</strong></span> <span class='ocrx_word' id='word_1_6' title='bbox 3876 376 4023 444; x_wconf 85' lang='grc'><strong>1188</strong></span> 
     </span>
    </p>
   </div>
   <div class='ocr_carea' id='block_1_3' title="bbox 764 487 2426 577">
    <p class='ocr_par' dir='ltr' id='par_1_3' title="bbox 764 502 2404 577">
     <span class='ocr_line' id='line_1_3' title="bbox 764 502 2404 577; baseline -0.017 -6"><span class='ocrx_word' id='word_1_7' title='bbox 764 532 964 572; x_wconf 83' lang='lat' dir='ltr'><strong>annum</strong></span> <span class='ocrx_word' id='word_1_8' title='bbox 996 508 1381 577; x_wconf 81' lang='lat' dir='ltr'><strong>octogesimum</strong></span> <span class='ocrx_word' id='word_1_9' title='bbox 1413 504 1646 575; x_wconf 88' lang='lat' dir='ltr'><strong>primum</strong></span> <span class='ocrx_word' id='word_1_10' title='bbox 1676 511 1948 571; x_wconf 81' lang='lat' dir='ltr'><strong>agentem,</strong></span> <span class='ocrx_word' id='word_1_11' title='bbox 1984 514 2104 552; x_wconf 88' lang='lat' dir='ltr'><strong>cum</strong></span> <span class='ocrx_word' id='word_1_12' title='bbox 2136 509 2330 562; x_wconf 84' lang='lat' dir='ltr'><strong>magna</strong></span> <span class='ocrx_word' id='word_1_13' title='bbox 2362 502 2404 556; x_wconf 75' lang='grc' dir='ltr'>Α</span> 
     </span>
    </p>
   </div>
   <div class='ocr_carea' id='block_1_4' title="bbox 2362 487 4024 577">
    <p class='ocr_par' dir='ltr' id='par_1_4' title="bbox 2362 487 4024 564">
     <span class='ocr_line' id='line_1_4' title="bbox 2362 487 4024 564; baseline -0.002 -20"><span class='ocrx_word' id='word_1_14' title='bbox 2362 502 2404 556; x_wconf 75' lang='grc' dir='ltr'>Α</span> <span class='ocrx_word' id='word_1_15' title='bbox 2439 494 2535 564; x_wconf 83' lang='grc' dir='ltr'><strong>μὲν</strong></span> <span class='ocrx_word' id='word_1_16' title='bbox 2569 494 2782 554; x_wconf 77' lang='grc' dir='ltr'><strong>εὐνοίας</strong></span> <span class='ocrx_word' id='word_1_17' title='bbox 2814 489 2911 545; x_wconf 77' lang='grc' dir='ltr'><strong>καὶ</strong></span> <span class='ocrx_word' id='word_1_18' title='bbox 2940 490 3106 559; x_wconf 78' lang='grc' dir='ltr'>τιμῆς</span> <span class='ocrx_word' id='word_1_19' title='bbox 3143 487 3244 557; x_wconf 85' lang='grc' dir='ltr'>τῆς</span> <span class='ocrx_word' id='word_1_20' title='bbox 3290 488 3679 557; x_wconf 87' lang='grc' dir='ltr'>πρωτευούσης</span> <span class='ocrx_word' id='word_1_21' title='bbox 3730 489 3905 541; x_wconf 86' lang='grc' dir='ltr'>πολλά</span> <span class='ocrx_word' id='word_1_22' title='bbox 3937 493 4024 551; x_wconf 83' lang='grc' dir='ltr'><strong>είς</strong></span> 
     </span>
    </p>
   </div>
   <div class='ocr_carea' id='block_1_5' title="bbox 768 579 2430 664">
    <p class='ocr_par' dir='ltr' id='par_1_5' title="bbox 768 587 2349 664">
     <span class='ocr_line' id='line_1_5' title="bbox 768 587 2349 664; baseline -0.02 0"><span class='ocrx_word' id='word_1_23' title='bbox 768 620 823 664; x_wconf 91' lang='lat' dir='ltr'><strong>et</strong></span> <span class='ocrx_word' id='word_1_24' title='bbox 871 604 1127 660; x_wconf 77' lang='lat' dir='ltr'><strong>ineffabili</strong></span> <span class='ocrx_word' id='word_1_25' title='bbox 1176 599 1465 655; x_wconf 88' lang='lat' dir='ltr'><strong>clementia</strong></span> <span class='ocrx_word' id='word_1_26' title='bbox 1512 607 1567 651; x_wconf 91' lang='lat' dir='ltr'><strong>et</strong></span> <span class='ocrx_word' id='word_1_27' title='bbox 1621 593 1996 648; x_wconf 89' lang='lat' dir='ltr'><strong>incuriositate</strong></span> <span class='ocrx_word' id='word_1_28' title='bbox 2036 590 2085 643; x_wconf 75' lang='grc' dir='ltr'><strong>Ιι.</strong></span> <span class='ocrx_word' id='word_1_29' title='bbox 2122 587 2259 653; x_wconf 84' lang='lat' dir='ltr'><strong>Quin</strong></span> <span class='ocrx_word' id='word_1_30' title='bbox 2295 593 2349 638; x_wconf 90' lang='lat' dir='ltr'><strong>et</strong></span> 
     </span>
    </p>
   </div>
   <div class='ocr_carea' id='block_1_6' title="bbox 2363 579 4025 664">
    <p class='ocr_par' dir='ltr' id='par_1_6' title="bbox 2444 579 4025 651">
     <span class='ocr_line' id='line_1_6' title="bbox 2444 579 4025 651; baseline -0.004 -13"><span class='ocrx_word' id='word_1_31' title='bbox 2444 585 2607 639; x_wconf 81' lang='grc' dir='ltr'>αὑτὸν</span> <span class='ocrx_word' id='word_1_32' title='bbox 2664 582 2895 645; x_wconf 74' lang='grc' dir='ltr'>ἐδείκνυ,</span> <span class='ocrx_word' id='word_1_33' title='bbox 2945 583 3003 633; x_wconf 78' lang='grc' dir='ltr'>ὲν</span> <span class='ocrx_word' id='word_1_34' title='bbox 3050 580 3261 651; x_wconf 74' lang='grc' dir='ltr'>ὑστέρῳ</span> <span class='ocrx_word' id='word_1_35' title='bbox 3303 579 3362 631; x_wconf 84' lang='grc' dir='ltr'>δὲ</span> <span class='ocrx_word' id='word_1_36' title='bbox 3403 579 3659 642; x_wconf 82' lang='grc' dir='ltr'>διαϐολὰς</span> <span class='ocrx_word' id='word_1_37' title='bbox 3704 580 4025 647; x_wconf 68' lang='grc' dir='ltr'>ἐπενεγκὼν</span> 
     </span>
    </p>
   </div>
   <div class='ocr_carea' id='block_1_7' title="bbox 762 670 2424 763">
    <p class='ocr_par' dir='ltr' id='par_1_7' title="bbox 762 679 2349 763">
     <span class='ocr_line' id='line_1_7' title="bbox 762 679 2349 763; baseline -0.018 -6"><span class='ocrx_word' id='word_1_38' title='bbox 762 698 1129 757; x_wconf 69' lang='lat' dir='ltr'><strong>Aristobulum</strong></span> <span class='ocrx_word' id='word_1_39' title='bbox 1178 692 1410 763; x_wconf 85' lang='lat' dir='ltr'><strong>Hyrcani</strong></span> <span class='ocrx_word' id='word_1_40' title='bbox 1448 690 1636 753; x_wconf 91' lang='lat' dir='ltr'><strong>ﬁlium,</strong></span> <span class='ocrx_word' id='word_1_41' title='bbox 1674 685 1985 740; x_wconf 68' lang='lat' dir='ltr'><strong>Mariamna:</strong></span> <span class='ocrx_word' id='word_1_42' title='bbox 2020 680 2207 735; x_wconf 79' lang='lat' dir='ltr'><strong>uxoris</strong></span> <span class='ocrx_word' id='word_1_43' title='bbox 2243 679 2349 730; x_wconf 87' lang='lat' dir='ltr'><strong>fra-</strong></span> 
     </span>
    </p>
   </div>
   <div class='ocr_carea' id='block_1_8' title="bbox 2364 670 4026 763">
    <p class='ocr_par' dir='ltr' id='par_1_8' title="bbox 2444 670 4026 743">
     <span class='ocr_line' id='line_1_8' title="bbox 2444 670 4026 743; baseline -0.004 -16"><span class='ocrx_word' id='word_1_44' title='bbox 2444 674 2768 743; x_wconf 86' lang='grc' dir='ltr'>δωροδοκίας</span> <span class='ocrx_word' id='word_1_45' title='bbox 2806 673 2899 725; x_wconf 72' lang='grc' dir='ltr'>καὶ</span> <span class='ocrx_word' id='word_1_46' title='bbox 2931 672 3030 741; x_wconf 81' lang='grc' dir='ltr'>τῆς</span> <span class='ocrx_word' id='word_1_47' title='bbox 3060 672 3195 740; x_wconf 82' lang='grc' dir='ltr'>πρὸς</span> <span class='ocrx_word' id='word_1_48' title='bbox 3221 670 3466 740; x_wconf 78' lang='grc' dir='ltr'>’Δραϐας</span> <span class='ocrx_word' id='word_1_49' title='bbox 3498 670 3787 741; x_wconf 82' lang='grc' dir='ltr'>προδοσίας</span> <span class='ocrx_word' id='word_1_50' title='bbox 3811 671 4026 723; x_wconf 75' lang='grc' dir='ltr'><strong>ἀνεῖλεν</strong></span> 
     </span>
    </p>
   </div>
   <div class='ocr_carea' id='block_1_9' title="bbox 767 758 2429 853">
    <p class='ocr_par' dir='ltr' id='par_1_9' title="bbox 767 770 2350 853">
     <span class='ocr_line' id='line_1_9' title="bbox 767 770 2350 853; baseline -0.018 -5"><span class='ocrx_word' id='word_1_51' title='bbox 767 806 923 853; x_wconf 90' lang='lat' dir='ltr'><strong>tretn,</strong></span> <span class='ocrx_word' id='word_1_52' title='bbox 954 790 1229 843; x_wconf 72' lang='lat' dir='ltr'><strong>adnitente</strong></span> <span class='ocrx_word' id='word_1_53' title='bbox 1257 784 1563 838; x_wconf 84' lang='lat' dir='ltr'><strong>Alexandra</strong></span> <span class='ocrx_word' id='word_1_54' title='bbox 1595 793 1885 848; x_wconf 89' lang='lat' dir='ltr'><strong>puerorum</strong></span> <span class='ocrx_word' id='word_1_55' title='bbox 1922 782 2115 836; x_wconf 89' lang='lat' dir='ltr'><strong>matre,</strong></span> <span class='ocrx_word' id='word_1_56' title='bbox 2144 781 2200 825; x_wconf 89' lang='lat' dir='ltr'><strong>et</strong></span> <span class='ocrx_word' id='word_1_57' title='bbox 2235 770 2350 823; x_wconf 81' lang='lat' dir='ltr'><strong>Ma—</strong></span> 
     </span>
    </p>
   </div>
   <div class='ocr_carea' id='block_1_10' title="bbox 2365 758 4027 853">
    <p class='ocr_par' dir='ltr' id='par_1_10' title="bbox 2447 758 4027 834">
     <span class='ocr_line' id='line_1_10' title="bbox 2447 758 4027 834; baseline -0.005 -16"><span class='ocrx_word' id='word_1_58' title='bbox 2447 765 2615 834; x_wconf 82' lang='grc' dir='ltr'>άνδρα</span> <span class='ocrx_word' id='word_1_59' title='bbox 2644 762 2784 833; x_wconf 82' lang='grc' dir='ltr'>ὑπὲρ</span> <span class='ocrx_word' id='word_1_60' title='bbox 2811 762 2879 814; x_wconf 83' lang='grc' dir='ltr'><strong>τά</strong></span> <span class='ocrx_word' id='word_1_61' title='bbox 2916 762 2969 813; x_wconf 87' lang='grc' dir='ltr'>π’</span> <span class='ocrx_word' id='word_1_62' title='bbox 2998 761 3093 829; x_wconf 78' lang='grc' dir='ltr'><strong>ἐτη</strong></span> <span class='ocrx_word' id='word_1_63' title='bbox 3121 758 3352 828; x_wconf 72' lang='grc' dir='ltr'>ἐνιαυτῷ</span> <span class='ocrx_word' id='word_1_64' title='bbox 3387 761 3467 812; x_wconf 73' lang='grc' dir='ltr'><strong>ἑνὶ</strong></span> <span class='ocrx_word' id='word_1_65' title='bbox 3500 761 3637 829; x_wconf 80' lang='grc' dir='ltr'>μετὰ</span> <span class='ocrx_word' id='word_1_66' title='bbox 3675 759 3883 827; x_wconf 79' lang='grc' dir='ltr'>πολλῆς</span> <span class='ocrx_word' id='word_1_67' title='bbox 3934 759 4027 811; x_wconf 80' lang='grc' dir='ltr'>καὶ</span> 
     </span>
    </p>
   </div>
   <div class='ocr_carea' id='block_1_11' title="bbox 768 850 2430 946">
    <p class='ocr_par' dir='ltr' id='par_1_11' title="bbox 768 862 2352 946">
     <span class='ocr_line' id='line_1_11' title="bbox 768 862 2352 946; baseline -0.016 -8"><span class='ocrx_word' id='word_1_68' title='bbox 768 886 997 946; x_wconf 88' lang='lat' dir='ltr'><strong>riamna,</strong></span> <span class='ocrx_word' id='word_1_69' title='bbox 1026 894 1293 934; x_wconf 89' lang='lat' dir='ltr'><strong>summum</strong></span> <span class='ocrx_word' id='word_1_70' title='bbox 1327 874 1632 943; x_wconf 89' lang='lat' dir='ltr'><strong>pontiﬁcem</strong></span> <span class='ocrx_word' id='word_1_71' title='bbox 1660 871 1873 924; x_wconf 84' lang='lat' dir='ltr'><strong>decimo</strong></span> <span class='ocrx_word' id='word_1_72' title='bbox 1912 867 2143 933; x_wconf 87' lang='lat' dir='ltr'><strong>septimo</strong></span> <span class='ocrx_word' id='word_1_73' title='bbox 2176 862 2352 915; x_wconf 84' lang='lat' dir='ltr'><strong>aetatis</strong></span> 
     </span>
    </p>
   </div>
   <div class='ocr_carea' id='block_1_12' title="bbox 2362 850 4024 946">
    <p class='ocr_par' dir='ltr' id='par_1_12' title="bbox 2448 850 4024 924">
     <span class='ocr_line' id='line_1_12' title="bbox 2448 850 4024 924; baseline -0.004 -13"><span class='ocrx_word' id='word_1_74' title='bbox 2448 858 2657 924; x_wconf 83' lang='grc' dir='ltr'>ἁφάτου</span> <span class='ocrx_word' id='word_1_75' title='bbox 2684 856 2781 923; x_wconf 82' lang='grc' dir='ltr'>τῆς</span> <span class='ocrx_word' id='word_1_76' title='bbox 2802 853 3101 915; x_wconf 70' lang='grc' dir='ltr'><strong>ἐπιεικείας</strong></span> <span class='ocrx_word' id='word_1_77' title='bbox 3122 853 3217 905; x_wconf 72' lang='grc' dir='ltr'>καὶ</span> <span class='ocrx_word' id='word_1_78' title='bbox 3245 851 3674 921; x_wconf 80' lang='grc' dir='ltr'><strong>ἀπραγμοσύνης</strong></span> <span class='ocrx_word' id='word_1_79' title='bbox 3694 850 4024 919; x_wconf 81' lang='grc' dir='ltr'>βεϐιωκότα.</span> 
     </span>
    </p>
   </div>
   <div class='ocr_carea' id='block_1_13' title="bbox 767 941 2429 1029">
    <p class='ocr_par' dir='ltr' id='par_1_13' title="bbox 767 952 2345 1029">
     <span class='ocr_line' id='line_1_13' title="bbox 767 952 2345 1029; baseline -0.017 0"><span class='ocrx_word' id='word_1_80' title='bbox 767 991 911 1029; x_wconf 82' lang='lat' dir='ltr'><strong>anno</strong></span> <span class='ocrx_word' id='word_1_81' title='bbox 932 985 1099 1027; x_wconf 90' lang='lat' dir='ltr'><strong>creat.</strong></span> <span class='ocrx_word' id='word_1_82' title='bbox 1125 969 1186 1022; x_wconf 83' lang='lat' dir='ltr'><strong>Et</strong></span> <span class='ocrx_word' id='word_1_83' title='bbox 1210 966 1407 1024; x_wconf 82' lang='lat' dir='ltr'><strong>deinde</strong></span> <span class='ocrx_word' id='word_1_84' title='bbox 1432 967 1484 1017; x_wconf 91' lang='lat' dir='ltr'><strong>in</strong></span> <span class='ocrx_word' id='word_1_85' title='bbox 1508 963 1724 1017; x_wconf 82' lang='lat' dir='ltr'><strong>Jericho</strong></span> <span class='ocrx_word' id='word_1_86' title='bbox 1746 965 1799 1015; x_wconf 92' lang='lat' dir='ltr'><strong>in</strong></span> <span class='ocrx_word' id='word_1_87' title='bbox 1824 960 2033 1029; x_wconf 81' lang='lat' dir='ltr'><strong>piscina</strong></span> <span class='ocrx_word' id='word_1_88' title='bbox 2054 956 2161 1008; x_wconf 91' lang='lat' dir='ltr'><strong>illic</strong></span> <span class='ocrx_word' id='word_1_89' title='bbox 2185 952 2345 1008; x_wconf 89' lang='lat' dir='ltr'><strong>snﬁ&#39;o-</strong></span> 
     </span>
    </p>
   </div>
   <div class='ocr_carea' id='block_1_14' title="bbox 2365 941 4027 1029">
    <p class='ocr_par' dir='ltr' id='par_1_14' title="bbox 2454 941 4027 1018">
     <span class='ocr_line' id='line_1_14' title="bbox 2454 941 4027 1018; baseline -0.005 -16"><span class='ocrx_word' id='word_1_90' title='bbox 2454 949 2563 1002; x_wconf 77' lang='grc' dir='ltr'><strong>Καὶ</strong></span> <span class='ocrx_word' id='word_1_91' title='bbox 2600 946 3005 1018; x_wconf 81' lang='grc' dir='ltr'>Ἀριστόϐουλον</span> <span class='ocrx_word' id='word_1_92' title='bbox 3023 946 3081 998; x_wconf 81' lang='grc' dir='ltr'>δὲ</span> <span class='ocrx_word' id='word_1_93' title='bbox 3113 946 3202 997; x_wconf 79' lang='grc' dir='ltr'><strong>τὸν</strong></span> <span class='ocrx_word' id='word_1_94' title='bbox 3236 946 3430 997; x_wconf 82' lang='grc' dir='ltr'>υἱωνὸν</span> <span class='ocrx_word' id='word_1_95' title='bbox 3458 945 3504 976; x_wconf 80' lang='grc'><strong><em>⁸³</em></strong></span> <span class='ocrx_word' id='word_1_96' title='bbox 3534 944 3631 1013; x_wconf 84' lang='grc' dir='ltr'>μὲν</span> <span class='ocrx_word' id='word_1_97' title='bbox 3667 944 3713 974; x_wconf 72' lang='grc' dir='ltr'>’δ</span> <span class='ocrx_word' id='word_1_98' title='bbox 3751 941 4027 1013; x_wconf 78' lang='grc' dir='ltr'>Ὑρκανοῦ</span> 
     </span>
    </p>
   </div>
   <div class='ocr_carea' id='block_1_15' title="bbox 769 1035 2431 1133">
    <p class='ocr_par' dir='ltr' id='par_1_15' title="bbox 769 1048 2346 1133">
     <span class='ocr_line' id='line_1_15' title="bbox 769 1048 2346 1133; baseline -0.016 -12"><span class='ocrx_word' id='word_1_99' title='bbox 769 1070 880 1121; x_wconf 89' lang='lat' dir='ltr'><strong>cari</strong></span> <span class='ocrx_word' id='word_1_100' title='bbox 905 1066 1089 1133; x_wconf 83' lang='lat' dir='ltr'><strong>jussit.</strong></span> <span class='ocrx_word' id='word_1_101' title='bbox 1129 1063 1235 1117; x_wconf 90' lang='lat' dir='ltr'><strong>Sed</strong></span> <span class='ocrx_word' id='word_1_102' title='bbox 1270 1060 1509 1115; x_wconf 81' lang='lat' dir='ltr'><strong>Herodes</strong></span> <span class='ocrx_word' id='word_1_103' title='bbox 1548 1057 1765 1126; x_wconf 82' lang='lat' dir='ltr'><strong>quidem</strong></span> <span class='ocrx_word' id='word_1_104' title='bbox 1814 1053 1958 1117; x_wconf 90' lang='lat' dir='ltr'><strong>talis,</strong></span> <span class='ocrx_word' id='word_1_105' title='bbox 2003 1048 2176 1120; x_wconf 82' lang='lat' dir='ltr'><strong>qualis</strong></span> <span class='ocrx_word' id='word_1_106' title='bbox 2228 1059 2346 1099; x_wconf 85' lang='lat' dir='ltr'><strong>esse</strong></span> 
     </span>
    </p>
   </div>
   <div class='ocr_carea' id='block_1_16' title="bbox 2365 1035 4027 1133">
    <p class='ocr_par' dir='ltr' id='par_1_16' title="bbox 2452 1035 4027 1112">
     <span class='ocr_line' id='line_1_16' title="bbox 2452 1035 4027 1112; baseline -0.006 -18"><span class='ocrx_word' id='word_1_107' title='bbox 2452 1042 2796 1112; x_wconf 82' lang='grc' dir='ltr'><strong>Μαριάμμης</strong></span> <span class='ocrx_word' id='word_1_108' title='bbox 2818 1040 2863 1071; x_wconf 79' lang='grc'><strong>’⁸</strong></span> <span class='ocrx_word' id='word_1_109' title='bbox 2892 1039 2950 1091; x_wconf 82' lang='grc' dir='ltr'>δὲ</span> <span class='ocrx_word' id='word_1_110' title='bbox 2975 1039 3072 1107; x_wconf 84' lang='grc' dir='ltr'><strong>τῆς</strong></span> <span class='ocrx_word' id='word_1_111' title='bbox 3095 1039 3343 1107; x_wconf 81' lang='grc' dir='ltr'><strong>γαμετῆς</strong></span> <span class='ocrx_word' id='word_1_112' title='bbox 3373 1036 3621 1102; x_wconf 81' lang='grc' dir='ltr'>ἀδελφὸν,</span> <span class='ocrx_word' id='word_1_113' title='bbox 3652 1035 4027 1104; x_wconf 79' lang='grc' dir='ltr'>ὲνοχλησάσης</span> 
     </span>
    </p>
   </div>
   <div class='ocr_carea' id='block_1_17' title="bbox 764 1123 2426 1231">
    <p class='ocr_par' dir='ltr' id='par_1_17' title="bbox 764 1162 1236 1231">
     <span class='ocr_line' id='line_1_17' title="bbox 764 1162 1236 1231; baseline -0.011 -17"><span class='ocrx_word' id='word_1_114' title='bbox 764 1162 874 1231; x_wconf 85' lang='lat' dir='ltr'><strong>jam</strong></span> <span class='ocrx_word' id='word_1_115' title='bbox 904 1162 1106 1212; x_wconf 89' lang='lat' dir='ltr'><strong>dictum</strong></span> <span class='ocrx_word' id='word_1_116' title='bbox 1133 1166 1236 1209; x_wconf 81' lang='lat' dir='ltr'><strong>est.</strong></span> 
     </span>
    </p>
   </div>
   <div class='ocr_carea' id='block_1_18' title="bbox 2368 1123 4030 1231">
    <p class='ocr_par' dir='ltr' id='par_1_18' title="bbox 2465 1123 4030 1197">
     <span class='ocr_line' id='line_1_18' title="bbox 2465 1123 4030 1197; baseline 0.001 -15"><span class='ocrx_word' id='word_1_117' title='bbox 2465 1129 2819 1197; x_wconf 78' lang='grc' dir='ltr'><strong>Ἀλεξάνδρας</strong></span> <span class='ocrx_word' id='word_1_118' title='bbox 2872 1128 2973 1195; x_wconf 78' lang='grc' dir='ltr'><strong>τῆς</strong></span> <span class='ocrx_word' id='word_1_119' title='bbox 3027 1126 3136 1179; x_wconf 82' lang='grc' dir='ltr'><strong>τῶν</strong></span> <span class='ocrx_word' id='word_1_120' title='bbox 3187 1126 3391 1180; x_wconf 80' lang='grc' dir='ltr'>παίδων</span> <span class='ocrx_word' id='word_1_121' title='bbox 3450 1124 3655 1195; x_wconf 80' lang='grc' dir='ltr'>μητρὸς</span> <span class='ocrx_word' id='word_1_122' title='bbox 3709 1125 3806 1175; x_wconf 78' lang='grc' dir='ltr'>καὶ</span> <span class='ocrx_word' id='word_1_123' title='bbox 3859 1123 4030 1187; x_wconf 76' lang='grc' dir='ltr'>αὐτῆς</span> 
     </span>
    </p>
   </div>
   <div class='ocr_carea' id='block_1_19' title="bbox 768 1217 4031 1323">
    <p class='ocr_par' dir='ltr' id='par_1_19' title="bbox 768 1217 4031 1323">
     <span class='ocr_line' id='line_1_19' title="bbox 768 1217 4031 1323; baseline -0.013 -14"><span class='ocrx_word' id='word_1_124' title='bbox 768 1217 1134 1323; x_wconf 52' lang='grc' dir='ltr'>λίαριάμμης,</span> <span class='ocrx_word' id='word_1_125' title='bbox 1158 1246 1418 1319; x_wconf 79' lang='grc' dir='ltr'>ἀρχιερέα</span> <span class='ocrx_word' id='word_1_126' title='bbox 1443 1246 1542 1315; x_wconf 82' lang='grc' dir='ltr'><strong>μὲν</strong></span> <span class='ocrx_word' id='word_1_127' title='bbox 1563 1244 1882 1311; x_wconf 79' lang='grc' dir='ltr'><strong>καθίστησιν</strong></span> <span class='ocrx_word' id='word_1_128' title='bbox 1904 1238 1970 1302; x_wconf 72' lang='grc' dir='ltr'><strong>ιζ’</strong></span> <span class='ocrx_word' id='word_1_129' title='bbox 1993 1237 2108 1299; x_wconf 70' lang='grc' dir='ltr'>ἔτος</span> <span class='ocrx_word' id='word_1_130' title='bbox 2128 1233 2348 1301; x_wconf 78' lang='grc' dir='ltr'>ἄγοντα,</span> <span class='ocrx_word' id='word_1_131' title='bbox 2388 1229 2481 1280; x_wconf 71' lang='grc' dir='ltr'>καὶ</span> <span class='ocrx_word' id='word_1_132' title='bbox 2510 1226 2625 1296; x_wconf 79' lang='grc' dir='ltr'>μετ’</span> <span class='ocrx_word' id='word_1_133' title='bbox 2662 1226 2843 1291; x_wconf 84' lang='grc' dir='ltr'>ὀλίγον</span> <span class='ocrx_word' id='word_1_134' title='bbox 2876 1226 2933 1277; x_wconf 74' lang='grc' dir='ltr'>ἐν</span> <span class='ocrx_word' id='word_1_135' title='bbox 2976 1222 3289 1292; x_wconf 79' lang='grc' dir='ltr'><strong>Ἱεριχοῦντι</strong></span> <span class='ocrx_word' id='word_1_136' title='bbox 3323 1223 3370 1254; x_wconf 85' lang='grc'>⁹⁶</span> <span class='ocrx_word' id='word_1_137' title='bbox 3402 1223 3521 1282; x_wconf 81' lang='grc' dir='ltr'>ταῖς</span> <span class='ocrx_word' id='word_1_138' title='bbox 3582 1221 3760 1273; x_wconf 76' lang='grc' dir='ltr'>ἐκεῖσε</span> <span class='ocrx_word' id='word_1_139' title='bbox 3824 1217 4031 1286; x_wconf 72' lang='grc' dir='ltr'>κολυμρ</span> 
     </span>
    </p>
   </div>
   <div class='ocr_carea' id='block_1_20' title="bbox 771 1310 3595 1417">
    <p class='ocr_par' dir='ltr' id='par_1_20' title="bbox 771 1310 3595 1417">
     <span class='ocr_line' id='line_1_20' title="bbox 771 1310 3595 1417; baseline -0.012 -22"><span class='ocrx_word' id='word_1_140' title='bbox 771 1310 1021 1417; x_wconf 38' lang='grc' dir='ltr'>ϐήθιραίς.</span> <span class='ocrx_word' id='word_1_141' title='bbox 1042 1310 1469 1407; x_wconf 71' lang='grc' dir='ltr'>ἐναποπνιγῆναι</span> <span class='ocrx_word' id='word_1_142' title='bbox 1503 1335 1901 1406; x_wconf 79' lang='grc' dir='ltr'>κατεπράξατο.</span> <span class='ocrx_word' id='word_1_143' title='bbox 1960 1328 2095 1383; x_wconf 82' lang='grc' dir='ltr'>Ἀλλ’</span> <span class='ocrx_word' id='word_1_144' title='bbox 2151 1323 2395 1395; x_wconf 81' lang='grc' dir='ltr'>Ἡρώδης</span> <span class='ocrx_word' id='word_1_145' title='bbox 2423 1320 2520 1390; x_wconf 85' lang='grc' dir='ltr'><strong>μὲν</strong></span> <span class='ocrx_word' id='word_1_146' title='bbox 2540 1317 2801 1381; x_wconf 77' lang='grc' dir='ltr'>τοιοῦτος,</span> <span class='ocrx_word' id='word_1_147' title='bbox 2838 1315 2933 1369; x_wconf 77' lang='grc' dir='ltr'>καὶ</span> <span class='ocrx_word' id='word_1_148' title='bbox 2953 1310 3063 1378; x_wconf 75' lang='grc' dir='ltr'>οἷος</span> <span class='ocrx_word' id='word_1_149' title='bbox 3089 1314 3228 1368; x_wconf 78' lang='grc' dir='ltr'>εἶναι</span> <span class='ocrx_word' id='word_1_150' title='bbox 3253 1314 3595 1384; x_wconf 84' lang='grc' dir='ltr'>προείρηται.</span> 
     </span>
    </p>
   </div>
   <div class='ocr_carea' id='block_1_21' title="bbox 842 1404 2504 1489">
    <p class='ocr_par' dir='ltr' id='par_1_21' title="bbox 842 1404 2344 1489">
     <span class='ocr_line' id='line_1_21' title="bbox 842 1404 2344 1489; baseline -0.015 0"><span class='ocrx_word' id='word_1_151' title='bbox 842 1404 1079 1489; x_wconf 70' lang='lat' dir='ltr'><strong>hforiens</strong></span> <span class='ocrx_word' id='word_1_152' title='bbox 1108 1404 1714 1487; x_wconf 39' lang='lat' dir='ltr'><strong>Herodes-Archelaum</strong></span> <span class='ocrx_word' id='word_1_153' title='bbox 1761 1427 1926 1479; x_wconf 88' lang='lat' dir='ltr'><strong>ﬁlium</strong></span> <span class='ocrx_word' id='word_1_154' title='bbox 1975 1422 2189 1477; x_wconf 66' lang='lat' dir='ltr'><strong>Cmsare</strong></span> <span class='ocrx_word' id='word_1_155' title='bbox 2224 1432 2344 1486; x_wconf 86' lang='lat' dir='ltr'><strong>pcr-</strong></span> 
     </span>
    </p>
   </div>
   <div class='ocr_carea' id='block_1_22' title="bbox 2371 1404 4033 1489">
    <p class='ocr_par' dir='ltr' id='par_1_22' title="bbox 2516 1404 4033 1478">
     <span class='ocr_line' id='line_1_22' title="bbox 2516 1404 4033 1478; baseline -0.006 -14"><span class='ocrx_word' id='word_1_156' title='bbox 2516 1412 2638 1464; x_wconf 79' lang='grc' dir='ltr'>Ὀτι</span> <span class='ocrx_word' id='word_1_157' title='bbox 2666 1409 2928 1463; x_wconf 83' lang='grc' dir='ltr'><strong>τελευτῶν</strong></span> <span class='ocrx_word' id='word_1_158' title='bbox 2978 1406 3220 1478; x_wconf 85' lang='grc' dir='ltr'>Ἡρώδης</span> <span class='ocrx_word' id='word_1_159' title='bbox 3250 1405 3539 1476; x_wconf 83' lang='grc' dir='ltr'>Ἀρχέλαον</span> <span class='ocrx_word' id='word_1_160' title='bbox 3572 1404 3663 1457; x_wconf 77' lang='grc' dir='ltr'><strong>τὸν</strong></span> <span class='ocrx_word' id='word_1_161' title='bbox 3711 1404 3827 1456; x_wconf 75' lang='grc' dir='ltr'>υίὺν</span> <span class='ocrx_word' id='word_1_162' title='bbox 3859 1405 4033 1456; x_wconf 84' lang='grc' dir='ltr'>διατί-</span> 
     </span>
    </p>
   </div>
   <div class='ocr_carea' id='block_1_23' title="bbox 771 1498 2433 1590">
    <p class='ocr_par' dir='ltr' id='par_1_23' title="bbox 771 1514 2347 1590">
     <span class='ocr_line' id='line_1_23' title="bbox 771 1514 2347 1590; baseline -0.016 -8"><span class='ocrx_word' id='word_1_163' title='bbox 771 1529 1021 1582; x_wconf 87' lang='lat' dir='ltr'><strong>mittente</strong></span> <span class='ocrx_word' id='word_1_164' title='bbox 1066 1539 1437 1580; x_wconf 71' lang='lat' dir='ltr'><strong>successorem</strong></span> <span class='ocrx_word' id='word_1_165' title='bbox 1486 1522 1635 1590; x_wconf 86' lang='lat' dir='ltr'><strong>regni</strong></span> <span class='ocrx_word' id='word_1_166' title='bbox 1674 1517 1973 1572; x_wconf 70' lang='lat' dir='ltr'><strong>consuluit.</strong></span> <span class='ocrx_word' id='word_1_167' title='bbox 2000 1514 2187 1566; x_wconf 68' lang='lat' dir='ltr'><strong>Cresar</strong></span> <span class='ocrx_word' id='word_1_168' title='bbox 2220 1522 2347 1560; x_wconf 89' lang='lat' dir='ltr'><strong>vero</strong></span> 
     </span>
    </p>
   </div>
   <div class='ocr_carea' id='block_1_24' title="bbox 2368 1498 4030 1590">
    <p class='ocr_par' dir='ltr' id='par_1_24' title="bbox 2448 1498 4030 1573">
     <span class='ocr_line' id='line_1_24' title="bbox 2448 1498 4030 1573; baseline -0.005 -16"><span class='ocrx_word' id='word_1_169' title='bbox 2448 1505 2620 1569; x_wconf 83' lang='grc' dir='ltr'>θεται,</span> <span class='ocrx_word' id='word_1_170' title='bbox 2674 1504 2951 1573; x_wconf 81' lang='grc' dir='ltr'>Καίσαρος</span> <span class='ocrx_word' id='word_1_171' title='bbox 2984 1499 3250 1563; x_wconf 84' lang='grc' dir='ltr'>διδοῦντος</span> <span class='ocrx_word' id='word_1_172' title='bbox 3283 1501 3325 1533; x_wconf 77' lang='grc'><strong>’⁷</strong></span> <span class='ocrx_word' id='word_1_173' title='bbox 3348 1498 3449 1568; x_wconf 81' lang='grc' dir='ltr'>τῆς</span> <span class='ocrx_word' id='word_1_174' title='bbox 3481 1498 3749 1567; x_wconf 73' lang='grc' dir='ltr'><strong>βασιλείας</strong></span> <span class='ocrx_word' id='word_1_175' title='bbox 3775 1498 4030 1565; x_wconf 80' lang='grc' dir='ltr'>γενέσθαι</span> 
     </span>
    </p>
   </div>
   <div class='ocr_carea' id='block_1_25' title="bbox 774 1586 2436 1686">
    <p class='ocr_par' dir='ltr' id='par_1_25' title="bbox 774 1586 2352 1686">
     <span class='ocr_line' id='line_1_25' title="bbox 774 1586 2352 1686; baseline -0.016 -13"><span class='ocrx_word' id='word_1_176' title='bbox 774 1620 1049 1686; x_wconf 76' lang='lat' dir='ltr'><strong>Angustus</strong></span> <span class='ocrx_word' id='word_1_177' title='bbox 1097 1614 1331 1667; x_wconf 64' lang='lat' dir='ltr'><strong>dimidia:</strong></span> <span class='ocrx_word' id='word_1_178' title='bbox 1379 1586 1743 1679; x_wconf 30' lang='lat' dir='ltr'><strong>regniipartis</strong></span> <span class='ocrx_word' id='word_1_179' title='bbox 1788 1604 2113 1657; x_wconf 83' lang='lat' dir='ltr'><strong>Archelaum</strong></span> <span class='ocrx_word' id='word_1_180' title='bbox 2163 1611 2352 1651; x_wconf 88' lang='lat' dir='ltr'><strong>creans</strong></span> 
     </span>
    </p>
   </div>
   <div class='ocr_carea' id='block_1_26' title="bbox 2369 1586 4031 1686">
    <p class='ocr_par' dir='ltr' id='par_1_26' title="bbox 2450 1586 4031 1667">
     <span class='ocr_line' id='line_1_26' title="bbox 2450 1586 4031 1667; baseline -0.008 -17"><span class='ocrx_word' id='word_1_181' title='bbox 2450 1598 2709 1667; x_wconf 82' lang='grc' dir='ltr'>διάδοχον.</span> <span class='ocrx_word' id='word_1_182' title='bbox 2742 1599 2959 1666; x_wconf 82' lang='grc' dir='ltr'>Καῖσαρ</span> <span class='ocrx_word' id='word_1_183' title='bbox 2992 1595 3049 1648; x_wconf 82' lang='grc' dir='ltr'>δὲ</span> <span class='ocrx_word' id='word_1_184' title='bbox 3088 1593 3138 1663; x_wconf 95' lang='lat'>(6</span> <span class='ocrx_word' id='word_1_185' title='bbox 3166 1591 3471 1660; x_wconf 77' lang='grc' dir='ltr'>Αὖγουστος</span> <span class='ocrx_word' id='word_1_186' title='bbox 3521 1591 3565 1644; x_wconf 91' lang='grc' dir='ltr'>δ’</span> <span class='ocrx_word' id='word_1_187' title='bbox 3595 1586 3684 1661; x_wconf 77' lang='grc' dir='ltr'><strong>ἦν)</strong></span> <span class='ocrx_word' id='word_1_188' title='bbox 3734 1590 3837 1657; x_wconf 83' lang='grc' dir='ltr'>τῆς</span> <span class='ocrx_word' id='word_1_189' title='bbox 3900 1592 4031 1658; x_wconf 71' lang='grc' dir='ltr'>ἡμι-</span> 
     </span>
    </p>
   </div>
   <div class='ocr_carea' id='block_1_27' title="bbox 775 1682 2437 1773">
    <p class='ocr_par' dir='ltr' id='par_1_27' title="bbox 775 1689 2353 1773">
     <span class='ocr_line' id='line_1_27' title="bbox 775 1689 2353 1773; baseline -0.015 -8"><span class='ocrx_word' id='word_1_190' title='bbox 775 1710 1077 1773; x_wconf 90' lang='lat' dir='ltr'><strong>dominum,</strong></span> <span class='ocrx_word' id='word_1_191' title='bbox 1115 1716 1169 1759; x_wconf 91' lang='lat' dir='ltr'><strong>et</strong></span> <span class='ocrx_word' id='word_1_192' title='bbox 1201 1704 1342 1771; x_wconf 88' lang='lat' dir='ltr'><strong>regis</strong></span> <span class='ocrx_word' id='word_1_193' title='bbox 1367 1702 1524 1754; x_wconf 88' lang='lat' dir='ltr'><strong>titulo</strong></span> <span class='ocrx_word' id='word_1_194' title='bbox 1553 1710 1867 1753; x_wconf 88' lang='lat' dir='ltr'><strong>ornaturum</strong></span> <span class='ocrx_word' id='word_1_195' title='bbox 1899 1711 1958 1749; x_wconf 89' lang='lat' dir='ltr'><strong>se</strong></span> <span class='ocrx_word' id='word_1_196' title='bbox 1980 1694 2139 1753; x_wconf 86' lang='lat' dir='ltr'><strong>dixit,</strong></span> <span class='ocrx_word' id='word_1_197' title='bbox 2171 1692 2213 1745; x_wconf 90' lang='lat' dir='ltr'><strong>si</strong></span> <span class='ocrx_word' id='word_1_198' title='bbox 2247 1689 2353 1741; x_wconf 90' lang='lat' dir='ltr'><strong>cle-</strong></span> 
     </span>
    </p>
   </div>
   <div class='ocr_carea' id='block_1_28' title="bbox 2370 1682 4032 1773">
    <p class='ocr_par' dir='ltr' id='par_1_28' title="bbox 2458 1682 4032 1759">
     <span class='ocr_line' id='line_1_28' title="bbox 2458 1682 4032 1759; baseline -0.005 -17"><span class='ocrx_word' id='word_1_199' title='bbox 2458 1689 2608 1753; x_wconf 71' lang='grc' dir='ltr'>σείας</span> <span class='ocrx_word' id='word_1_200' title='bbox 2644 1689 2933 1759; x_wconf 79' lang='grc' dir='ltr'>Ἀρχέλαον</span> <span class='ocrx_word' id='word_1_201' title='bbox 2974 1688 3259 1755; x_wconf 82' lang='grc' dir='ltr'>ἀποφήνας</span> <span class='ocrx_word' id='word_1_202' title='bbox 3294 1684 3503 1754; x_wconf 89' lang='grc' dir='ltr'>κύριον,</span> <span class='ocrx_word' id='word_1_203' title='bbox 3536 1684 3628 1735; x_wconf 75' lang='grc' dir='ltr'><strong>καὶ</strong></span> <span class='ocrx_word' id='word_1_204' title='bbox 3675 1682 3927 1751; x_wconf 74' lang='grc' dir='ltr'>βασιλεία</span> <span class='ocrx_word' id='word_1_205' title='bbox 3956 1700 4032 1734; x_wconf 88' lang='grc' dir='ltr'>τι·</span> 
     </span>
    </p>
   </div>
   <div class='ocr_carea' id='block_1_29' title="bbox 774 1774 2436 1872">
    <p class='ocr_par' dir='ltr' id='par_1_29' title="bbox 774 1784 2429 1872">
     <span class='ocr_line' id='line_1_29' title="bbox 774 1784 2429 1872; baseline -0.016 -16"><span class='ocrx_word' id='word_1_206' title='bbox 774 1812 987 1856; x_wconf 83' lang='lat' dir='ltr'><strong>tnenter</strong></span> <span class='ocrx_word' id='word_1_207' title='bbox 1013 1808 1068 1854; x_wconf 89' lang='lat' dir='ltr'><strong>et</strong></span> <span class='ocrx_word' id='word_1_208' title='bbox 1096 1800 1237 1869; x_wconf 78' lang='lat' dir='ltr'><strong>juste</strong></span> <span class='ocrx_word' id='word_1_209' title='bbox 1269 1810 1491 1865; x_wconf 86' lang='lat' dir='ltr'><strong>regnum</strong></span> <span class='ocrx_word' id='word_1_210' title='bbox 1524 1792 1957 1845; x_wconf 86' lang='lat' dir='ltr'><strong>administratum</strong></span> <span class='ocrx_word' id='word_1_211' title='bbox 1989 1784 2351 1855; x_wconf 78' lang='lat' dir='ltr'><strong>cognovisset.</strong></span> <span class='ocrx_word' id='word_1_212' title='bbox 2392 1817 2429 1872; x_wconf 71' lang='grc' dir='ltr'><strong>Β</strong></span> 
     </span>
    </p>
   </div>
   <div class='ocr_carea' id='block_1_30' title="bbox 2371 1774 4033 1872">
    <p class='ocr_par' dir='ltr' id='par_1_30' title="bbox 2392 1774 4033 1872">
     <span class='ocr_line' id='line_1_30' title="bbox 2392 1774 4033 1872; baseline -0.006 -37"><span class='ocrx_word' id='word_1_213' title='bbox 2392 1817 2429 1872; x_wconf 71' lang='grc' dir='ltr'><strong>Β</strong></span> <span class='ocrx_word' id='word_1_214' title='bbox 2463 1785 2657 1849; x_wconf 81' lang='grc' dir='ltr'>μήσειν</span> <span class='ocrx_word' id='word_1_215' title='bbox 2710 1777 2886 1842; x_wconf 83' lang='grc' dir='ltr'>εἶπεν,</span> <span class='ocrx_word' id='word_1_216' title='bbox 2933 1780 2982 1831; x_wconf 84' lang='grc' dir='ltr'><strong>εἰ</strong></span> <span class='ocrx_word' id='word_1_217' title='bbox 3021 1778 3280 1840; x_wconf 73' lang='grc' dir='ltr'>επιεικῶς</span> <span class='ocrx_word' id='word_1_218' title='bbox 3332 1777 3428 1829; x_wconf 83' lang='grc' dir='ltr'>καὶ</span> <span class='ocrx_word' id='word_1_219' title='bbox 3462 1776 3686 1837; x_wconf 82' lang='grc' dir='ltr'><strong>δικαίως</strong></span> <span class='ocrx_word' id='word_1_220' title='bbox 3714 1774 3816 1843; x_wconf 76' lang='grc' dir='ltr'>τὴν</span> <span class='ocrx_word' id='word_1_221' title='bbox 3859 1775 4033 1843; x_wconf 83' lang='grc' dir='ltr'>ἀρχὴν</span> 
     </span>
    </p>
   </div>
   <div class='ocr_carea' id='block_1_31' title="bbox 774 1865 2436 1957">
    <p class='ocr_par' dir='ltr' id='par_1_31' title="bbox 774 1865 2427 1957">
     <span class='ocr_line' id='line_1_31' title="bbox 774 1865 2427 1957; baseline -0.015 -10"><span class='ocrx_word' id='word_1_222' title='bbox 774 1896 1013 1947; x_wconf 71' lang='lat' dir='ltr'><strong>Alteram</strong></span> <span class='ocrx_word' id='word_1_223' title='bbox 1042 1865 1171 1945; x_wconf 77' lang='lat' dir='ltr'><strong>vero</strong></span> <span class='ocrx_word' id='word_1_224' title='bbox 1189 1895 1398 1957; x_wconf 90' lang='lat' dir='ltr'><strong>partem</strong></span> <span class='ocrx_word' id='word_1_225' title='bbox 1429 1885 1693 1948; x_wconf 84' lang='lat' dir='ltr'><strong>dividens,</strong></span> <span class='ocrx_word' id='word_1_226' title='bbox 1726 1882 2029 1949; x_wconf 83' lang='lat' dir='ltr'><strong>Philippum</strong></span> <span class='ocrx_word' id='word_1_227' title='bbox 2052 1886 2107 1930; x_wconf 91' lang='lat' dir='ltr'><strong>et</strong></span> <span class='ocrx_word' id='word_1_228' title='bbox 2134 1874 2357 1939; x_wconf 80' lang='lat' dir='ltr'><strong>Antipa-</strong></span> <span class='ocrx_word' id='word_1_229' title='bbox 2392 1865 2427 1872; x_wconf 68' lang='grc'><strong>’⁷</strong></span> 
     </span>
    </p>
   </div>
   <div class='ocr_carea' id='block_1_32' title="bbox 2371 1865 4033 1957">
    <p class='ocr_par' dir='ltr' id='par_1_32' title="bbox 2392 1865 4033 1941">
     <span class='ocr_line' id='line_1_32' title="bbox 2392 1865 4033 1941; baseline -0.005 -18"><span class='ocrx_word' id='word_1_230' title='bbox 2392 1865 2427 1872; x_wconf 57' lang='grc'><strong>’⁷</strong></span> <span class='ocrx_word' id='word_1_231' title='bbox 2467 1871 2625 1941; x_wconf 79' lang='grc' dir='ltr'>μάθοι</span> <span class='ocrx_word' id='word_1_232' title='bbox 2664 1872 3003 1939; x_wconf 77' lang='grc' dir='ltr'>χειρίζοντα·</span> <span class='ocrx_word' id='word_1_233' title='bbox 3040 1871 3140 1937; x_wconf 78' lang='grc' dir='ltr'>τὴν</span> <span class='ocrx_word' id='word_1_234' title='bbox 3172 1870 3215 1921; x_wconf 76' lang='grc' dir='ltr'>δ’</span> <span class='ocrx_word' id='word_1_235' title='bbox 3257 1868 3421 1935; x_wconf 80' lang='grc' dir='ltr'>ἄλλην</span> <span class='ocrx_word' id='word_1_236' title='bbox 3473 1871 3664 1936; x_wconf 89' lang='grc' dir='ltr'>μοῖραν</span> <span class='ocrx_word' id='word_1_237' title='bbox 3720 1865 3917 1918; x_wconf 87' lang='grc' dir='ltr'>διελὼν</span> <span class='ocrx_word' id='word_1_238' title='bbox 3946 1882 4033 1916; x_wconf 80' lang='grc' dir='ltr'>τε-</span> 
     </span>
    </p>
   </div>
   <div class='ocr_carea' id='block_1_33' title="bbox 780 1957 2442 2045">
    <p class='ocr_par' dir='ltr' id='par_1_33' title="bbox 780 1966 2355 2045">
     <span class='ocr_line' id='line_1_33' title="bbox 780 1966 2355 2045; baseline -0.013 -8"><span class='ocrx_word' id='word_1_239' title='bbox 780 1998 919 2039; x_wconf 86' lang='lat' dir='ltr'><strong>trmn</strong></span> <span class='ocrx_word' id='word_1_240' title='bbox 955 1982 1283 2045; x_wconf 73' lang='lat' dir='ltr'><strong>tetrarchas,</strong></span> <span class='ocrx_word' id='word_1_241' title='bbox 1314 1978 1546 2033; x_wconf 80' lang='lat' dir='ltr'><strong>Herodis</strong></span> <span class='ocrx_word' id='word_1_242' title='bbox 1578 1987 1630 2031; x_wconf 88' lang='lat' dir='ltr'><strong>et</strong></span> <span class='ocrx_word' id='word_1_243' title='bbox 1676 1978 1820 2044; x_wconf 91' lang='lat' dir='ltr'><strong>ipsos</strong></span> <span class='ocrx_word' id='word_1_244' title='bbox 1869 1974 2009 2026; x_wconf 85' lang='lat' dir='ltr'><strong>ﬁlios</strong></span> <span class='ocrx_word' id='word_1_245' title='bbox 2053 1966 2355 2023; x_wconf 85' lang='lat' dir='ltr'><strong>constituit.</strong></span> 
     </span>
    </p>
   </div>
   <div class='ocr_carea' id='block_1_34' title="bbox 2373 1957 4035 2045">
    <p class='ocr_par' dir='ltr' id='par_1_34' title="bbox 2462 1957 4035 2032">
     <span class='ocr_line' id='line_1_34' title="bbox 2462 1957 4035 2032; baseline -0.005 -17"><span class='ocrx_word' id='word_1_246' title='bbox 2462 1964 2703 2032; x_wconf 75' lang='grc' dir='ltr'>τράρχας</span> <span class='ocrx_word' id='word_1_247' title='bbox 2725 1962 2986 2013; x_wconf 83' lang='grc' dir='ltr'>Φίλιππον</span> <span class='ocrx_word' id='word_1_248' title='bbox 3016 1960 3498 2029; x_wconf 70' lang='grc' dir='ltr'>καὶἊντίπατρον,</span> <span class='ocrx_word' id='word_1_249' title='bbox 3526 1960 3620 2010; x_wconf 74' lang='grc' dir='ltr'>καὶ</span> <span class='ocrx_word' id='word_1_250' title='bbox 3644 1957 4035 2027; x_wconf 83' lang='grc' dir='ltr'>αὑτοὺςἨρώ-</span> 
     </span>
    </p>
   </div>
   <div class='ocr_carea' id='block_1_35' title="bbox 780 2049 2442 2131">
    <p class='ocr_par' dir='ltr' id='par_1_35' title="bbox 780 2057 2357 2131">
     <span class='ocr_line' id='line_1_35' title="bbox 780 2057 2357 2131; baseline -0.014 -1"><span class='ocrx_word' id='word_1_251' title='bbox 780 2078 885 2131; x_wconf 84' lang='lat' dir='ltr'><strong>Sed</strong></span> <span class='ocrx_word' id='word_1_252' title='bbox 909 2075 1205 2129; x_wconf 77' lang='lat' dir='ltr'><strong>Archelaus</strong></span> <span class='ocrx_word' id='word_1_253' title='bbox 1245 2087 1369 2126; x_wconf 88' lang='lat' dir='ltr'><strong>cum</strong></span> <span class='ocrx_word' id='word_1_254' title='bbox 1405 2070 1670 2123; x_wconf 82' lang='lat' dir='ltr'><strong>violenter</strong></span> <span class='ocrx_word' id='word_1_255' title='bbox 1716 2080 1864 2119; x_wconf 89' lang='lat' dir='ltr'><strong>more</strong></span> <span class='ocrx_word' id='word_1_256' title='bbox 1893 2075 2118 2131; x_wconf 89' lang='lat' dir='ltr'><strong>paterno</strong></span> <span class='ocrx_word' id='word_1_257' title='bbox 2146 2057 2357 2112; x_wconf 75' lang='lat' dir='ltr'><strong>Judaaos</strong></span> 
     </span>
    </p>
   </div>
   <div class='ocr_carea' id='block_1_36' title="bbox 2374 2049 4036 2131">
    <p class='ocr_par' dir='ltr' id='par_1_36' title="bbox 2462 2049 4036 2120">
     <span class='ocr_line' id='line_1_36' title="bbox 2462 2049 4036 2120; baseline -0.004 -13"><span class='ocrx_word' id='word_1_258' title='bbox 2462 2056 2552 2107; x_wconf 83' lang='grc' dir='ltr'><strong>δου</strong></span> <span class='ocrx_word' id='word_1_259' title='bbox 2588 2057 2779 2115; x_wconf 86' lang='grc' dir='ltr'>παῖδας</span> <span class='ocrx_word' id='word_1_260' title='bbox 2812 2054 2991 2119; x_wconf 71' lang='grc' dir='ltr'>ὄντας,</span> <span class='ocrx_word' id='word_1_261' title='bbox 3028 2052 3368 2120; x_wconf 87' lang='grc' dir='ltr'>καθίστησιν.</span> <span class='ocrx_word' id='word_1_262' title='bbox 3409 2050 3550 2103; x_wconf 78' lang='grc' dir='ltr'>Ἀλλ’</span> <span class='ocrx_word' id='word_1_263' title='bbox 3583 2049 3879 2118; x_wconf 81' lang='grc' dir='ltr'>Ἀρχέλαος</span> <span class='ocrx_word' id='word_1_264' title='bbox 3918 2049 4036 2101; x_wconf 76' lang='grc' dir='ltr'>ἐπεὶ</span> 
     </span>
    </p>
   </div>
   <div class='ocr_carea' id='block_1_37' title="bbox 781 2133 2443 2237">
    <p class='ocr_par' dir='ltr' id='par_1_37' title="bbox 781 2154 2360 2237">
     <span class='ocr_line' id='line_1_37' title="bbox 781 2154 2360 2237; baseline -0.014 -14"><span class='ocrx_word' id='word_1_265' title='bbox 781 2180 1010 2237; x_wconf 65' lang='lat' dir='ltr'><strong>regeret,</strong></span> <span class='ocrx_word' id='word_1_266' title='bbox 1068 2167 1267 2221; x_wconf 70' lang='lat' dir='ltr'><strong>Ctesari</strong></span> <span class='ocrx_word' id='word_1_267' title='bbox 1300 2164 1638 2232; x_wconf 83' lang='lat' dir='ltr'><strong>supplicante</strong></span> <span class='ocrx_word' id='word_1_268' title='bbox 1686 2159 1900 2229; x_wconf 84' lang='lat' dir='ltr'><strong>populo,</strong></span> <span class='ocrx_word' id='word_1_269' title='bbox 1938 2154 2223 2226; x_wconf 82' lang='lat' dir='ltr'><strong>tyrannide</strong></span> <span class='ocrx_word' id='word_1_270' title='bbox 2252 2166 2360 2217; x_wconf 89' lang='lat' dir='ltr'><strong>op-</strong></span> 
     </span>
    </p>
   </div>
   <div class='ocr_carea' id='block_1_38' title="bbox 2375 2133 4037 2237">
    <p class='ocr_par' dir='ltr' id='par_1_38' title="bbox 2464 2133 4037 2212">
     <span class='ocr_line' id='line_1_38' title="bbox 2464 2133 4037 2212; baseline -0.006 -17"><span class='ocrx_word' id='word_1_271' title='bbox 2464 2142 2629 2212; x_wconf 85' lang='grc' dir='ltr'>ώμῶς</span> <span class='ocrx_word' id='word_1_272' title='bbox 2682 2143 2776 2194; x_wconf 63' lang='grc' dir='ltr'><strong>καὶ¹</strong></span> <span class='ocrx_word' id='word_1_273' title='bbox 2823 2141 2963 2193; x_wconf 87' lang='grc' dir='ltr'><strong>κατά</strong></span> <span class='ocrx_word' id='word_1_274' title='bbox 3013 2142 3105 2192; x_wconf 84' lang='grc' dir='ltr'><strong>τὸν</strong></span> <span class='ocrx_word' id='word_1_275' title='bbox 3141 2139 3353 2208; x_wconf 79' lang='grc' dir='ltr'>πατέρα</span> <span class='ocrx_word' id='word_1_276' title='bbox 3402 2138 3670 2191; x_wconf 80' lang='grc' dir='ltr'><strong>Ἰουδαίων</strong></span> <span class='ocrx_word' id='word_1_277' title='bbox 3700 2133 3863 2205; x_wconf 79' lang='grc' dir='ltr'>ἦρχε,</span> <span class='ocrx_word' id='word_1_278' title='bbox 3904 2136 4037 2187; x_wconf 81' lang='grc' dir='ltr'>Καί-</span> 
     </span>
    </p>
   </div>
   <div class='ocr_carea' id='block_1_39' title="bbox 781 2226 2443 2330">
    <p class='ocr_par' dir='ltr' id='par_1_39' title="bbox 781 2248 2361 2330">
     <span class='ocr_line' id='line_1_39' title="bbox 781 2248 2361 2330; baseline -0.013 -18"><span class='ocrx_word' id='word_1_279' title='bbox 781 2275 989 2330; x_wconf 87' lang='lat' dir='ltr'><strong>presso,</strong></span> <span class='ocrx_word' id='word_1_280' title='bbox 1024 2259 1235 2312; x_wconf 84' lang='lat' dir='ltr'><strong>decimo</strong></span> <span class='ocrx_word' id='word_1_281' title='bbox 1273 2270 1412 2308; x_wconf 88' lang='lat' dir='ltr'><strong>anno</strong></span> <span class='ocrx_word' id='word_1_282' title='bbox 1449 2269 1612 2323; x_wconf 87' lang='lat' dir='ltr'><strong>regno</strong></span> <span class='ocrx_word' id='word_1_283' title='bbox 1639 2252 1860 2312; x_wconf 78' lang='lat' dir='ltr'><strong>excidit,</strong></span> <span class='ocrx_word' id='word_1_284' title='bbox 1892 2258 1946 2302; x_wconf 91' lang='lat' dir='ltr'><strong>et</strong></span> <span class='ocrx_word' id='word_1_285' title='bbox 1971 2248 2361 2300; x_wconf 86' lang='lat' dir='ltr'><strong>condemnatur</strong></span> 
     </span>
    </p>
   </div>
   <div class='ocr_carea' id='block_1_40' title="bbox 2376 2226 4038 2330">
    <p class='ocr_par' dir='ltr' id='par_1_40' title="bbox 2471 2226 4038 2306">
     <span class='ocr_line' id='line_1_40' title="bbox 2471 2226 4038 2306; baseline -0.006 -18"><span class='ocrx_word' id='word_1_286' title='bbox 2471 2252 2635 2306; x_wconf 82' lang='grc' dir='ltr'>σαρος</span> <span class='ocrx_word' id='word_1_287' title='bbox 2690 2234 2987 2302; x_wconf 80' lang='grc' dir='ltr'><strong>δεηθέντων</strong></span> <span class='ocrx_word' id='word_1_288' title='bbox 3028 2233 3135 2285; x_wconf 84' lang='grc' dir='ltr'><strong>τῶν</strong></span> <span class='ocrx_word' id='word_1_289' title='bbox 3182 2230 3629 2301; x_wconf 78' lang='grc' dir='ltr'>τυραννουμένων</span> <span class='ocrx_word' id='word_1_290' title='bbox 3672 2228 3889 2297; x_wconf 85' lang='grc' dir='ltr'>δεκάτῳ</span> <span class='ocrx_word' id='word_1_291' title='bbox 3933 2226 4038 2279; x_wconf 80' lang='grc' dir='ltr'>ἔτει</span> 
     </span>
    </p>
   </div>
   <div class='ocr_carea' id='block_1_41' title="bbox 781 2320 2443 2409">
    <p class='ocr_par' dir='ltr' id='par_1_41' title="bbox 781 2320 2362 2409">
     <span class='ocr_line' id='line_1_41' title="bbox 781 2320 2362 2409; baseline -0.011 -4"><span class='ocrx_word' id='word_1_292' title='bbox 781 2320 839 2405; x_wconf 72' lang='lat' dir='ltr'><strong>iit</strong></span> <span class='ocrx_word' id='word_1_293' title='bbox 880 2353 1148 2405; x_wconf 88' lang='lat' dir='ltr'><strong>habitaret</strong></span> <span class='ocrx_word' id='word_1_294' title='bbox 1183 2350 1446 2403; x_wconf 83' lang='lat' dir='ltr'><strong>Viennam</strong></span> <span class='ocrx_word' id='word_1_295' title='bbox 1478 2320 1663 2401; x_wconf 62' lang='lat' dir='ltr'><strong>Gallia:</strong></span> <span class='ocrx_word' id='word_1_296' title='bbox 1689 2347 1895 2409; x_wconf 89' lang='lat' dir='ltr'><strong>urbem,</strong></span> <span class='ocrx_word' id='word_1_297' title='bbox 1929 2352 1985 2395; x_wconf 87' lang='lat' dir='ltr'><strong>et</strong></span> <span class='ocrx_word' id='word_1_298' title='bbox 2020 2340 2142 2395; x_wconf 89' lang='lat' dir='ltr'><strong>inde</strong></span> <span class='ocrx_word' id='word_1_299' title='bbox 2172 2334 2362 2391; x_wconf 89' lang='lat' dir='ltr'><strong>recidit</strong></span> 
     </span>
    </p>
   </div>
   <div class='ocr_carea' id='block_1_42' title="bbox 2378 2320 4040 2409">
    <p class='ocr_par' dir='ltr' id='par_1_42' title="bbox 2465 2320 4040 2396">
     <span class='ocr_line' id='line_1_42' title="bbox 2465 2320 4040 2396; baseline -0.006 -16"><span class='ocrx_word' id='word_1_300' title='bbox 2465 2328 2564 2395; x_wconf 74' lang='grc' dir='ltr'>τῆς</span> <span class='ocrx_word' id='word_1_301' title='bbox 2596 2326 2870 2396; x_wconf 82' lang='grc' dir='ltr'>βασιλείας</span> <span class='ocrx_word' id='word_1_302' title='bbox 2908 2325 3254 2387; x_wconf 83' lang='grc' dir='ltr'>ὲκπέπτωκε,</span> <span class='ocrx_word' id='word_1_303' title='bbox 3286 2324 3379 2375; x_wconf 76' lang='grc' dir='ltr'>καὶ</span> <span class='ocrx_word' id='word_1_304' title='bbox 3412 2322 3632 2375; x_wconf 84' lang='grc' dir='ltr'>Βίενναν</span> <span class='ocrx_word' id='word_1_305' title='bbox 3670 2321 3716 2351; x_wconf 79' lang='grc'><strong><em>⁵⁸</em></strong></span> <span class='ocrx_word' id='word_1_306' title='bbox 3743 2322 3919 2373; x_wconf 82' lang='grc' dir='ltr'>οἰκεῖν</span> <span class='ocrx_word' id='word_1_307' title='bbox 3943 2320 4040 2388; x_wconf 84' lang='grc' dir='ltr'>τῆς</span> 
     </span>
    </p>
   </div>
   <div class='ocr_carea' id='block_1_43' title="bbox 779 2409 2441 2509">
    <p class='ocr_par' dir='ltr' id='par_1_43' title="bbox 779 2434 1773 2509">
     <span class='ocr_line' id='line_1_43' title="bbox 779 2434 1773 2509; baseline -0.012 -11"><span class='ocrx_word' id='word_1_308' title='bbox 779 2443 966 2498; x_wconf 67' lang='lat' dir='ltr'><strong>Judma</strong></span> <span class='ocrx_word' id='word_1_309' title='bbox 1006 2458 1036 2496; x_wconf 91' lang='lat' dir='ltr'><strong>e</strong></span> <span class='ocrx_word' id='word_1_310' title='bbox 1062 2456 1228 2509; x_wconf 88' lang='lat' dir='ltr'><strong>regno</strong></span> <span class='ocrx_word' id='word_1_311' title='bbox 1259 2440 1310 2491; x_wconf 88' lang='lat' dir='ltr'><strong>itt</strong></span> <span class='ocrx_word' id='word_1_312' title='bbox 1342 2434 1773 2507; x_wconf 59' lang='lat' dir='ltr'><strong>praefecturaml.</strong></span> 
     </span>
    </p>
   </div>
   <div class='ocr_carea' id='block_1_44' title="bbox 2379 2409 4041 2509">
    <p class='ocr_par' dir='ltr' id='par_1_44' title="bbox 2467 2409 4041 2482">
     <span class='ocr_line' id='line_1_44' title="bbox 2467 2409 4041 2482; baseline -0.007 -10"><span class='ocrx_word' id='word_1_313' title='bbox 2467 2420 2695 2479; x_wconf 80' lang='grc' dir='ltr'>Γαλλίας</span> <span class='ocrx_word' id='word_1_314' title='bbox 2718 2418 2797 2450; x_wconf 61' lang='grc'><strong>⁸⁸*</strong></span> <span class='ocrx_word' id='word_1_315' title='bbox 2826 2416 3242 2480; x_wconf 78' lang='grc' dir='ltr'>καταδικάζεται</span> <span class='ocrx_word' id='word_1_316' title='bbox 3269 2456 3283 2479; x_wconf 94' lang='grc'><strong>,</strong></span> <span class='ocrx_word' id='word_1_317' title='bbox 3318 2414 3411 2467; x_wconf 81' lang='grc' dir='ltr'>καὶ</span> <span class='ocrx_word' id='word_1_318' title='bbox 3436 2412 3765 2482; x_wconf 77' lang='grc' dir='ltr'>μεταπίπτει</span> <span class='ocrx_word' id='word_1_319' title='bbox 3791 2409 4041 2464; x_wconf 76' lang='grc' dir='ltr'>ἐντεῦθεν</span> 
     </span>
    </p>
   </div>
   <div class='ocr_carea' id='block_1_45' title="bbox 2468 2506 3567 2580">
    <p class='ocr_par' dir='ltr' id='par_1_45' title="bbox 2468 2506 3567 2580">
     <span class='ocr_line' id='line_1_45' title="bbox 2468 2506 3567 2580; baseline -0.003 -18"><span class='ocrx_word' id='word_1_320' title='bbox 2468 2514 2501 2580; x_wconf 80' lang='grc' dir='ltr'><strong>η</strong></span> <span class='ocrx_word' id='word_1_321' title='bbox 2529 2510 2764 2562; x_wconf 77' lang='grc' dir='ltr'>Ἰουδαία</span> <span class='ocrx_word' id='word_1_322' title='bbox 2794 2510 2857 2560; x_wconf 77' lang='grc' dir='ltr'>ὲκ</span> <span class='ocrx_word' id='word_1_323' title='bbox 2885 2507 3160 2575; x_wconf 79' lang='grc' dir='ltr'>βασιλείας</span> <span class='ocrx_word' id='word_1_324' title='bbox 3183 2508 3261 2568; x_wconf 84' lang='grc' dir='ltr'>είς</span> <span class='ocrx_word' id='word_1_325' title='bbox 3281 2506 3567 2574; x_wconf 75' lang='grc' dir='ltr'>ἐπαρχίαν.</span> 
     </span>
    </p>
   </div>
   <div class='ocr_carea' id='block_1_46' title="bbox 876 2596 2538 2676">
    <p class='ocr_par' dir='ltr' id='par_1_46' title="bbox 876 2604 2361 2676">
     <span class='ocr_line' id='line_1_46' title="bbox 876 2604 2361 2676; baseline -0.012 -3"><span class='ocrx_word' id='word_1_326' title='bbox 876 2620 1116 2673; x_wconf 85' lang='lat' dir='ltr'><strong>Herodes</strong></span> <span class='ocrx_word' id='word_1_327' title='bbox 1142 2617 1412 2671; x_wconf 87' lang='lat' dir='ltr'><strong>tetrarcha</strong></span> <span class='ocrx_word' id='word_1_328' title='bbox 1442 2614 1673 2669; x_wconf 74' lang='lat' dir='ltr'><strong>Galilaea:</strong></span> <span class='ocrx_word' id='word_1_329' title='bbox 1693 2622 1747 2666; x_wconf 90' lang='lat' dir='ltr'><strong>et</strong></span> <span class='ocrx_word' id='word_1_330' title='bbox 1764 2611 1983 2676; x_wconf 63' lang='lat' dir='ltr'><strong>Peraeae,</strong></span> <span class='ocrx_word' id='word_1_331' title='bbox 2015 2608 2157 2663; x_wconf 86' lang='lat' dir='ltr'><strong>ﬁlius</strong></span> <span class='ocrx_word' id='word_1_332' title='bbox 2185 2604 2361 2673; x_wconf 82' lang='lat' dir='ltr'><strong>magni</strong></span> 
     </span>
    </p>
   </div>
   <div class='ocr_carea' id='block_1_47' title="bbox 2378 2596 4040 2676">
    <p class='ocr_par' dir='ltr' id='par_1_47' title="bbox 2540 2596 4040 2670">
     <span class='ocr_line' id='line_1_47' title="bbox 2540 2596 4040 2670; baseline -0.005 -15"><span class='ocrx_word' id='word_1_333' title='bbox 2540 2603 2667 2655; x_wconf 79' lang='grc' dir='ltr'>Ὀτι</span> <span class='ocrx_word' id='word_1_334' title='bbox 2699 2600 2943 2670; x_wconf 81' lang='grc' dir='ltr'>Ἡρώδης</span> <span class='ocrx_word' id='word_1_335' title='bbox 2966 2601 2995 2651; x_wconf 98' lang='lat'><strong>6</strong></span> <span class='ocrx_word' id='word_1_336' title='bbox 3014 2599 3320 2669; x_wconf 82' lang='grc' dir='ltr'>τετράρχης</span> <span class='ocrx_word' id='word_1_337' title='bbox 3350 2598 3632 2661; x_wconf 81' lang='grc' dir='ltr'>Γαλιλαίας</span> <span class='ocrx_word' id='word_1_338' title='bbox 3659 2598 3754 2650; x_wconf 72' lang='grc' dir='ltr'><strong>καὶ</strong></span> <span class='ocrx_word' id='word_1_339' title='bbox 3777 2596 4040 2668; x_wconf 87' lang='grc' dir='ltr'>Περαίας,</span> 
     </span>
    </p>
   </div>
   <div class='ocr_carea' id='block_1_48' title="bbox 789 2687 2451 2777">
    <p class='ocr_par' dir='ltr' id='par_1_48' title="bbox 789 2696 2365 2777">
     <span class='ocr_line' id='line_1_48' title="bbox 789 2696 2365 2777; baseline -0.012 -11"><span class='ocrx_word' id='word_1_340' title='bbox 789 2712 1039 2777; x_wconf 79' lang='lat' dir='ltr'><strong>Herodis,</strong></span> <span class='ocrx_word' id='word_1_341' title='bbox 1091 2711 1312 2773; x_wconf 88' lang='lat' dir='ltr'><strong>amavit,</strong></span> <span class='ocrx_word' id='word_1_342' title='bbox 1365 2717 1424 2761; x_wconf 90' lang='lat' dir='ltr'><strong>ut</strong></span> <span class='ocrx_word' id='word_1_343' title='bbox 1468 2706 1661 2760; x_wconf 86' lang='lat' dir='ltr'><strong>scribit</strong></span> <span class='ocrx_word' id='word_1_344' title='bbox 1712 2701 2004 2769; x_wconf 85' lang='lat' dir='ltr'><strong>Joscphus,</strong></span> <span class='ocrx_word' id='word_1_345' title='bbox 2055 2696 2238 2751; x_wconf 84' lang='lat' dir='ltr'><strong>fratris</strong></span> <span class='ocrx_word' id='word_1_346' title='bbox 2283 2696 2365 2749; x_wconf 91' lang='lat' dir='ltr'><strong>sui</strong></span> 
     </span>
    </p>
   </div>
   <div class='ocr_carea' id='block_1_49' title="bbox 2384 2687 4046 2777">
    <p class='ocr_par' dir='ltr' id='par_1_49' title="bbox 2470 2687 4046 2761">
     <span class='ocr_line' id='line_1_49' title="bbox 2470 2687 4046 2761; baseline -0.004 -16"><span class='ocrx_word' id='word_1_347' title='bbox 2470 2696 2601 2756; x_wconf 87' lang='grc' dir='ltr'>παῖς</span> <span class='ocrx_word' id='word_1_348' title='bbox 2670 2692 2910 2761; x_wconf 78' lang='grc' dir='ltr'>Ἡρώδου</span> <span class='ocrx_word' id='word_1_349' title='bbox 2938 2690 3031 2742; x_wconf 80' lang='grc' dir='ltr'><strong>τοῦ</strong></span> <span class='ocrx_word' id='word_1_350' title='bbox 3070 2691 3328 2759; x_wconf 83' lang='grc' dir='ltr'>μεγάλου,</span> <span class='ocrx_word' id='word_1_351' title='bbox 3368 2689 3603 2759; x_wconf 76' lang='grc' dir='ltr'>ἠράσθη,</span> <span class='ocrx_word' id='word_1_352' title='bbox 3650 2688 3726 2751; x_wconf 86' lang='grc' dir='ltr'>ώς</span> <span class='ocrx_word' id='word_1_353' title='bbox 3780 2687 4046 2757; x_wconf 82' lang='grc' dir='ltr'>Ἰώσηπός</span> 
     </span>
    </p>
   </div>
   <div class='ocr_carea' id='block_1_50' title="bbox 789 2779 2451 2863">
    <p class='ocr_par' dir='ltr' id='par_1_50' title="bbox 789 2792 2367 2863">
     <span class='ocr_line' id='line_1_50' title="bbox 789 2792 2367 2863; baseline -0.011 -6"><span class='ocrx_word' id='word_1_354' title='bbox 789 2804 1018 2859; x_wconf 84' lang='lat' dir='ltr'><strong>Herodis</strong></span> <span class='ocrx_word' id='word_1_355' title='bbox 1072 2816 1294 2855; x_wconf 86' lang='lat' dir='ltr'><strong>uxorem</strong></span> <span class='ocrx_word' id='word_1_356' title='bbox 1336 2798 1717 2858; x_wconf 86' lang='lat' dir='ltr'><strong>Herodiadem,</strong></span> <span class='ocrx_word' id='word_1_357' title='bbox 1765 2810 1885 2863; x_wconf 70' lang='lat' dir='ltr'><strong>qua:</strong></span> <span class='ocrx_word' id='word_1_358' title='bbox 1924 2802 1977 2846; x_wconf 89' lang='lat' dir='ltr'><strong>et</strong></span> <span class='ocrx_word' id='word_1_359' title='bbox 2016 2792 2127 2860; x_wconf 90' lang='lat' dir='ltr'><strong>ipsa</strong></span> <span class='ocrx_word' id='word_1_360' title='bbox 2177 2801 2367 2855; x_wconf 82' lang='lat' dir='ltr'><strong>magno</strong></span> 
     </span>
    </p>
   </div>
   <div class='ocr_carea' id='block_1_51' title="bbox 2380 2779 4042 2863">
    <p class='ocr_par' dir='ltr' id='par_1_51' title="bbox 2472 2779 4042 2852">
     <span class='ocr_line' id='line_1_51' title="bbox 2472 2779 4042 2852; baseline -0.002 -18"><span class='ocrx_word' id='word_1_361' title='bbox 2472 2801 2656 2852; x_wconf 84' lang='grc' dir='ltr'>φησιν,</span> <span class='ocrx_word' id='word_1_362' title='bbox 2683 2781 2913 2850; x_wconf 75' lang='grc' dir='ltr'>ἀδελφοῦ</span> <span class='ocrx_word' id='word_1_363' title='bbox 2953 2781 3193 2849; x_wconf 88' lang='grc' dir='ltr'>Ἡρώδου</span> <span class='ocrx_word' id='word_1_364' title='bbox 3228 2783 3460 2846; x_wconf 88' lang='grc' dir='ltr'>γυναῖκα</span> <span class='ocrx_word' id='word_1_365' title='bbox 3486 2781 3659 2849; x_wconf 78' lang='grc' dir='ltr'>ὄνομα</span> <span class='ocrx_word' id='word_1_366' title='bbox 3687 2779 3998 2847; x_wconf 79' lang='grc' dir='ltr'><strong>Ἡρωδιάδα</strong></span> <span class='ocrx_word' id='word_1_367' title='bbox 4024 2792 4042 2807; x_wconf 83' lang='grc'><strong>⁹</strong></span> 
     </span>
    </p>
   </div>
   <div class='ocr_carea' id='block_1_52' title="bbox 794 2871 2456 2955">
    <p class='ocr_par' dir='ltr' id='par_1_52' title="bbox 794 2881 2368 2955">
     <span class='ocr_line' id='line_1_52' title="bbox 794 2881 2368 2955; baseline -0.011 -6"><span class='ocrx_word' id='word_1_368' title='bbox 794 2896 1006 2950; x_wconf 79' lang='lat' dir='ltr'><strong>Herode</strong></span> <span class='ocrx_word' id='word_1_369' title='bbox 1035 2895 1287 2955; x_wconf 88' lang='lat' dir='ltr'><strong>oriunda,</strong></span> <span class='ocrx_word' id='word_1_370' title='bbox 1328 2901 1450 2945; x_wconf 83' lang='lat' dir='ltr'><strong>nata</strong></span> <span class='ocrx_word' id='word_1_371' title='bbox 1478 2906 1509 2944; x_wconf 90' lang='lat' dir='ltr'><strong>e</strong></span> <span class='ocrx_word' id='word_1_372' title='bbox 1544 2889 1659 2943; x_wconf 86' lang='lat' dir='ltr'><strong>ﬁlio</strong></span> <span class='ocrx_word' id='word_1_373' title='bbox 1686 2886 2018 2947; x_wconf 84' lang='lat' dir='ltr'><strong>Aristobulo,</strong></span> <span class='ocrx_word' id='word_1_374' title='bbox 2045 2896 2205 2952; x_wconf 88' lang='lat' dir='ltr'><strong>quem</strong></span> <span class='ocrx_word' id='word_1_375' title='bbox 2253 2881 2368 2947; x_wconf 90' lang='lat' dir='ltr'><strong>ipse</strong></span> 
     </span>
    </p>
   </div>
   <div class='ocr_carea' id='block_1_53' title="bbox 2383 2871 4045 2955">
    <p class='ocr_par' dir='ltr' id='par_1_53' title="bbox 2472 2871 4045 2943">
     <span class='ocr_line' id='line_1_53' title="bbox 2472 2871 4045 2943; baseline -0.003 -16"><span class='ocrx_word' id='word_1_376' title='bbox 2472 2876 2731 2941; x_wconf 84' lang='grc' dir='ltr'>ἀπόγονος</span> <span class='ocrx_word' id='word_1_377' title='bbox 2761 2875 2805 2925; x_wconf 88' lang='grc' dir='ltr'>δ’</span> <span class='ocrx_word' id='word_1_378' title='bbox 2834 2871 2901 2943; x_wconf 81' lang='grc' dir='ltr'>ἦν</span> <span class='ocrx_word' id='word_1_379' title='bbox 2928 2872 3068 2940; x_wconf 80' lang='grc' dir='ltr'>αὓτη</span> <span class='ocrx_word' id='word_1_380' title='bbox 3094 2872 3188 2925; x_wconf 83' lang='grc' dir='ltr'>τοῦ</span> <span class='ocrx_word' id='word_1_381' title='bbox 3226 2873 3460 2943; x_wconf 81' lang='grc' dir='ltr'>μεγάλου</span> <span class='ocrx_word' id='word_1_382' title='bbox 3498 2871 3761 2942; x_wconf 81' lang='grc' dir='ltr'>Ἡρώδου,</span> <span class='ocrx_word' id='word_1_383' title='bbox 3797 2871 4045 2941; x_wconf 81' lang='grc' dir='ltr'>Ἀριστο-</span> 
     </span>
    </p>
   </div>
   <div class='ocr_carea' id='block_1_54' title="bbox 794 2963 2456 3048">
    <p class='ocr_par' dir='ltr' id='par_1_54' title="bbox 794 2972 2368 3048">
     <span class='ocr_line' id='line_1_54' title="bbox 794 2972 2368 3048; baseline -0.01 -8"><span class='ocrx_word' id='word_1_384' title='bbox 794 2987 1090 3040; x_wconf 87' lang='lat' dir='ltr'><strong>interfecit.</strong></span> <span class='ocrx_word' id='word_1_385' title='bbox 1125 2984 1252 3037; x_wconf 88' lang='lat' dir='ltr'><strong>Erat</strong></span> <span class='ocrx_word' id='word_1_386' title='bbox 1290 2985 1413 3037; x_wconf 91' lang='lat' dir='ltr'><strong>huic</strong></span> <span class='ocrx_word' id='word_1_387' title='bbox 1448 2982 1615 3035; x_wconf 79' lang='lat' dir='ltr'><strong>frater</strong></span> <span class='ocrx_word' id='word_1_388' title='bbox 1638 2980 1869 3048; x_wconf 79' lang='lat' dir='ltr'><strong>Agrippa</strong></span> <span class='ocrx_word' id='word_1_389' title='bbox 1905 2995 1919 3031; x_wconf 87' lang='lat'><strong>:</strong></span> <span class='ocrx_word' id='word_1_390' title='bbox 1954 2978 2095 3029; x_wconf 88' lang='lat' dir='ltr'><strong>hanc</strong></span> <span class='ocrx_word' id='word_1_391' title='bbox 2130 2972 2368 3026; x_wconf 85' lang='lat' dir='ltr'><strong>Herodes</strong></span> 
     </span>
    </p>
   </div>
   <div class='ocr_carea' id='block_1_55' title="bbox 2383 2963 4045 3048">
    <p class='ocr_par' dir='ltr' id='par_1_55' title="bbox 2473 2963 4045 3036">
     <span class='ocr_line' id='line_1_55' title="bbox 2473 2963 4045 3036; baseline -0.003 -19"><span class='ocrx_word' id='word_1_392' title='bbox 2473 2968 2646 3036; x_wconf 75' lang='grc' dir='ltr'>ὁούλῳ</span> <span class='ocrx_word' id='word_1_393' title='bbox 2678 2969 2755 3035; x_wconf 77' lang='grc' dir='ltr'>τῷ</span> <span class='ocrx_word' id='word_1_394' title='bbox 2787 2968 2955 3034; x_wconf 75' lang='grc' dir='ltr'>παιδἰ,</span> <span class='ocrx_word' id='word_1_395' title='bbox 2989 2966 3048 3017; x_wconf 84' lang='grc' dir='ltr'>ὃν</span> <span class='ocrx_word' id='word_1_396' title='bbox 3078 2968 3282 3026; x_wconf 78' lang='grc' dir='ltr'>ἐκεῖνος</span> <span class='ocrx_word' id='word_1_397' title='bbox 3329 2964 3502 3016; x_wconf 86' lang='grc' dir='ltr'>ἀνεῖλε</span> <span class='ocrx_word' id='word_1_398' title='bbox 3548 2966 3614 3029; x_wconf 86' lang='lat'><strong>”,</strong></span> <span class='ocrx_word' id='word_1_399' title='bbox 3656 2963 4000 3032; x_wconf 71' lang='grc' dir='ltr'>γεγενημένη</span> <span class='ocrx_word' id='word_1_400' title='bbox 4028 2977 4045 2994; x_wconf 79' lang='lat'><strong><em>°</em></strong></span> 
     </span>
    </p>
   </div>
   <div class='ocr_carea' id='block_1_56' title="bbox 792 3053 2454 3145">
    <p class='ocr_par' dir='ltr' id='par_1_56' title="bbox 792 3064 2365 3145">
     <span class='ocr_line' id='line_1_56' title="bbox 792 3064 2365 3145; baseline -0.01 -14"><span class='ocrx_word' id='word_1_401' title='bbox 792 3094 822 3131; x_wconf 91' lang='lat' dir='ltr'><strong>a</strong></span> <span class='ocrx_word' id='word_1_402' title='bbox 878 3077 1391 3145; x_wconf 77' lang='lat' dir='ltr'><strong>virodisjungens,</strong></span> <span class='ocrx_word' id='word_1_403' title='bbox 1448 3088 1671 3126; x_wconf 83' lang='lat' dir='ltr'><strong>uxorem</strong></span> <span class='ocrx_word' id='word_1_404' title='bbox 1724 3072 1875 3124; x_wconf 81' lang='lat' dir='ltr'><strong>duxit</strong></span> <span class='ocrx_word' id='word_1_405' title='bbox 1896 3081 1959 3123; x_wconf 77' lang='grc' dir='ltr'>ω.</span> <span class='ocrx_word' id='word_1_406' title='bbox 1996 3066 2093 3121; x_wconf 86' lang='lat' dir='ltr'><strong>Hic</strong></span> <span class='ocrx_word' id='word_1_407' title='bbox 2151 3076 2235 3120; x_wconf 90' lang='lat' dir='ltr'><strong>est</strong></span> <span class='ocrx_word' id='word_1_408' title='bbox 2276 3064 2365 3132; x_wconf 90' lang='lat' dir='ltr'><strong>qui</strong></span> 
     </span>
    </p>
   </div>
   <div class='ocr_carea' id='block_1_57' title="bbox 2390 3053 4052 3145">
    <p class='ocr_par' dir='ltr' id='par_1_57' title="bbox 2470 3053 4052 3130">
     <span class='ocr_line' id='line_1_57' title="bbox 2470 3053 4052 3130; baseline -0.003 -19"><span class='ocrx_word' id='word_1_409' title='bbox 2470 3056 2536 3130; x_wconf 82' lang='grc' dir='ltr'>ἦν</span> <span class='ocrx_word' id='word_1_410' title='bbox 2564 3061 2607 3110; x_wconf 81' lang='grc' dir='ltr'>δ’</span> <span class='ocrx_word' id='word_1_411' title='bbox 2637 3061 2770 3127; x_wconf 74' lang='grc' dir='ltr'>αὐτῇ</span> <span class='ocrx_word' id='word_1_412' title='bbox 2806 3061 2899 3111; x_wconf 73' lang='grc' dir='ltr'><strong>καὶ</strong></span> <span class='ocrx_word' id='word_1_413' title='bbox 2943 3060 2971 3110; x_wconf 93' lang='lat'><strong>6</strong></span> <span class='ocrx_word' id='word_1_414' title='bbox 3008 3059 3232 3125; x_wconf 71' lang='grc' dir='ltr'>ἀδελφὸς</span> <span class='ocrx_word' id='word_1_415' title='bbox 3262 3058 3593 3125; x_wconf 79' lang='grc' dir='ltr'>Ἀγρίππας.</span> <span class='ocrx_word' id='word_1_416' title='bbox 3629 3055 3754 3127; x_wconf 78' lang='grc'>[517</span> <span class='ocrx_word' id='word_1_417' title='bbox 3789 3054 3887 3127; x_wconf 81' lang='grc' dir='ltr'><strong>Η.]</strong></span> <span class='ocrx_word' id='word_1_418' title='bbox 3916 3053 4052 3108; x_wconf 79' lang='grc' dir='ltr'>Ταύ-</span> 
     </span>
    </p>
   </div>
   <div class='ocr_carea' id='block_1_58' title="bbox 796 3146 2458 3236">
    <p class='ocr_par' dir='ltr' id='par_1_58' title="bbox 796 3155 2445 3236">
     <span class='ocr_line' id='line_1_58' title="bbox 796 3155 2445 3236; baseline -0.009 -13"><span class='ocrx_word' id='word_1_419' title='bbox 796 3184 1048 3236; x_wconf 85' lang='lat' dir='ltr'><strong>tnagnum</strong></span> <span class='ocrx_word' id='word_1_420' title='bbox 1099 3167 1360 3221; x_wconf 87' lang='lat' dir='ltr'><strong>Joannem</strong></span> <span class='ocrx_word' id='word_1_421' title='bbox 1406 3166 1800 3219; x_wconf 74' lang='lat' dir='ltr'><strong>Pt-zecursorem</strong></span> <span class='ocrx_word' id='word_1_422' title='bbox 1848 3160 2141 3223; x_wconf 83' lang='lat' dir='ltr'><strong>interfecit,</strong></span> <span class='ocrx_word' id='word_1_423' title='bbox 2195 3167 2253 3210; x_wconf 90' lang='lat' dir='ltr'><strong>ut</strong></span> <span class='ocrx_word' id='word_1_424' title='bbox 2302 3155 2445 3214; x_wconf 87' lang='lat' dir='ltr'><strong>aitC</strong></span> 
     </span>
    </p>
   </div>
   <div class='ocr_carea' id='block_1_59' title="bbox 2384 3146 4046 3236">
    <p class='ocr_par' dir='ltr' id='par_1_59' title="bbox 2401 3146 4046 3218">
     <span class='ocr_line' id='line_1_59' title="bbox 2401 3146 4046 3218; baseline -0.002 -17"><span class='ocrx_word' id='word_1_425' title='bbox 2401 3155 2445 3214; x_wconf 72' lang='grc' dir='ltr'><strong>Ο</strong></span> <span class='ocrx_word' id='word_1_426' title='bbox 2476 3166 2574 3217; x_wconf 90' lang='grc' dir='ltr'><strong>την</strong></span> <span class='ocrx_word' id='word_1_427' title='bbox 2618 3148 2861 3217; x_wconf 78' lang='grc' dir='ltr'>Ἡρώδης</span> <span class='ocrx_word' id='word_1_428' title='bbox 2904 3148 3127 3218; x_wconf 84' lang='grc' dir='ltr'>τάνδρὸς</span> <span class='ocrx_word' id='word_1_429' title='bbox 3172 3146 3466 3213; x_wconf 85' lang='grc' dir='ltr'>διαστήσας</span> <span class='ocrx_word' id='word_1_430' title='bbox 3515 3146 3756 3213; x_wconf 76' lang='grc' dir='ltr'>ἠγάγετο</span> <span class='ocrx_word' id='word_1_431' title='bbox 3791 3148 4046 3212; x_wconf 85' lang='grc' dir='ltr'>γυναῖκα.</span> 
     </span>
    </p>
   </div>
   <div class='ocr_carea' id='block_1_60' title="bbox 794 3235 2456 3326">
    <p class='ocr_par' dir='ltr' id='par_1_60' title="bbox 794 3235 2368 3326">
     <span class='ocr_line' id='line_1_60' title="bbox 794 3235 2368 3326; baseline -0.01 -15"><span class='ocrx_word' id='word_1_432' title='bbox 794 3235 1080 3326; x_wconf 79' lang='lat' dir='ltr'><strong>Josepltus,</strong></span> <span class='ocrx_word' id='word_1_433' title='bbox 1129 3272 1195 3310; x_wconf 91' lang='lat' dir='ltr'><strong>ne</strong></span> <span class='ocrx_word' id='word_1_434' title='bbox 1248 3255 1504 3325; x_wconf 87' lang='lat' dir='ltr'><strong>populum</strong></span> <span class='ocrx_word' id='word_1_435' title='bbox 1561 3257 1625 3305; x_wconf 88' lang='lat' dir='ltr'><strong>ad</strong></span> <span class='ocrx_word' id='word_1_436' title='bbox 1680 3251 2002 3306; x_wconf 87' lang='lat' dir='ltr'><strong>seditionem</strong></span> <span class='ocrx_word' id='word_1_437' title='bbox 2052 3248 2368 3302; x_wconf 87' lang='lat' dir='ltr'><strong>concitaret.</strong></span> 
     </span>
    </p>
   </div>
   <div class='ocr_carea' id='block_1_61' title="bbox 2388 3235 4050 3326">
    <p class='ocr_par' dir='ltr' id='par_1_61' title="bbox 2479 3235 4050 3307">
     <span class='ocr_line' id='line_1_61' title="bbox 2479 3235 4050 3307; baseline -0.001 -16"><span class='ocrx_word' id='word_1_438' title='bbox 2479 3235 2643 3302; x_wconf 70' lang='grc' dir='ltr'>Οὗτός</span> <span class='ocrx_word' id='word_1_439' title='bbox 2678 3240 2820 3289; x_wconf 81' lang='grc' dir='ltr'>ἐστιν</span> <span class='ocrx_word' id='word_1_440' title='bbox 2852 3238 2879 3289; x_wconf 88' lang='grc' dir='ltr'><strong>ὁ</strong></span> <span class='ocrx_word' id='word_1_441' title='bbox 2916 3238 3005 3288; x_wconf 82' lang='grc' dir='ltr'><strong>τὸν</strong></span> <span class='ocrx_word' id='word_1_442' title='bbox 3035 3238 3203 3304; x_wconf 82' lang='grc' dir='ltr'>μέγαν</span> <span class='ocrx_word' id='word_1_443' title='bbox 3228 3236 3428 3287; x_wconf 83' lang='grc' dir='ltr'>ἀνελὼν</span> <span class='ocrx_word' id='word_1_444' title='bbox 3460 3236 3715 3305; x_wconf 87' lang='grc' dir='ltr'>Ἰωάννην</span> <span class='ocrx_word' id='word_1_445' title='bbox 3763 3237 3857 3289; x_wconf 83' lang='grc' dir='ltr'><strong>τὸν</strong></span> <span class='ocrx_word' id='word_1_446' title='bbox 3910 3238 4050 3307; x_wconf 84' lang='grc' dir='ltr'><strong>Πρό-</strong></span> 
     </span>
    </p>
   </div>
   <div class='ocr_carea' id='block_1_62' title="bbox 796 3328 2458 3406">
    <p class='ocr_par' dir='ltr' id='par_1_62' title="bbox 796 3336 2374 3406">
     <span class='ocr_line' id='line_1_62' title="bbox 796 3336 2374 3406; baseline -0.011 0"><span class='ocrx_word' id='word_1_447' title='bbox 796 3352 995 3406; x_wconf 86' lang='lat' dir='ltr'><strong>Omncs</strong></span> <span class='ocrx_word' id='word_1_448' title='bbox 1063 3353 1205 3404; x_wconf 90' lang='lat' dir='ltr'><strong>enim</strong></span> <span class='ocrx_word' id='word_1_449' title='bbox 1284 3350 1353 3401; x_wconf 91' lang='lat' dir='ltr'><strong>ob</strong></span> <span class='ocrx_word' id='word_1_450' title='bbox 1429 3345 1802 3400; x_wconf 79' lang='lat' dir='ltr'><strong>excellentiam</strong></span> <span class='ocrx_word' id='word_1_451' title='bbox 1856 3342 2094 3405; x_wconf 88' lang='lat' dir='ltr'><strong>virtutis,</strong></span> <span class='ocrx_word' id='word_1_452' title='bbox 2150 3336 2374 3393; x_wconf 83' lang='lat' dir='ltr'><strong>Joannis</strong></span> 
     </span>
    </p>
   </div>
   <div class='ocr_carea' id='block_1_63' title="bbox 2387 3328 4049 3406">
    <p class='ocr_par' dir='ltr' id='par_1_63' title="bbox 2479 3328 4049 3402">
     <span class='ocr_line' id='line_1_63' title="bbox 2479 3328 4049 3402; baseline -0.001 -19"><span class='ocrx_word' id='word_1_453' title='bbox 2479 3333 2698 3402; x_wconf 84' lang='grc' dir='ltr'>δρομον,</span> <span class='ocrx_word' id='word_1_454' title='bbox 2731 3328 2917 3390; x_wconf 87' lang='grc' dir='ltr'>δεδιὼς</span> <span class='ocrx_word' id='word_1_455' title='bbox 2945 3328 3241 3398; x_wconf 86' lang='grc' dir='ltr'>(Ἰώσηπός</span> <span class='ocrx_word' id='word_1_456' title='bbox 3276 3344 3408 3396; x_wconf 77' lang='grc' dir='ltr'>φησι</span> <span class='ocrx_word' id='word_1_457' title='bbox 3438 3330 3479 3395; x_wconf 85' lang='grc'><strong>¹)</strong></span> <span class='ocrx_word' id='word_1_458' title='bbox 3512 3329 3584 3397; x_wconf 79' lang='grc' dir='ltr'>μὴ</span> <span class='ocrx_word' id='word_1_459' title='bbox 3617 3330 3679 3377; x_wconf 85' lang='grc' dir='ltr'><strong>τὸ</strong></span> <span class='ocrx_word' id='word_1_460' title='bbox 3709 3328 3863 3392; x_wconf 78' lang='grc' dir='ltr'>ἔθνος</span> <span class='ocrx_word' id='word_1_461' title='bbox 3887 3328 4049 3382; x_wconf 80' lang='grc' dir='ltr'>αὑτοῦ</span> 
     </span>
    </p>
   </div>
   <div class='ocr_carea' id='block_1_64' title="bbox 797 3420 2459 3507">
    <p class='ocr_par' dir='ltr' id='par_1_64' title="bbox 797 3432 2373 3507">
     <span class='ocr_line' id='line_1_64' title="bbox 797 3432 2373 3507; baseline -0.008 -15"><span class='ocrx_word' id='word_1_462' title='bbox 797 3454 984 3493; x_wconf 82' lang='lat' dir='ltr'><strong>vocem</strong></span> <span class='ocrx_word' id='word_1_463' title='bbox 1018 3438 1405 3507; x_wconf 88' lang='lat' dir='ltr'><strong>sequebantur.</strong></span> <span class='ocrx_word' id='word_1_464' title='bbox 1467 3436 1581 3489; x_wconf 88' lang='lat' dir='ltr'><strong>Sub</strong></span> <span class='ocrx_word' id='word_1_465' title='bbox 1627 3436 1717 3489; x_wconf 89' lang='lat' dir='ltr'><strong>illo</strong></span> <span class='ocrx_word' id='word_1_466' title='bbox 1752 3432 1999 3488; x_wconf 87' lang='lat' dir='ltr'><strong>Salvator</strong></span> <span class='ocrx_word' id='word_1_467' title='bbox 2037 3439 2119 3485; x_wconf 89' lang='lat' dir='ltr'><strong>est</strong></span> <span class='ocrx_word' id='word_1_468' title='bbox 2154 3443 2373 3498; x_wconf 81' lang='lat' dir='ltr'><strong>passus.</strong></span> 
     </span>
    </p>
   </div>
   <div class='ocr_carea' id='block_1_65' title="bbox 2387 3420 4049 3507">
    <p class='ocr_par' dir='ltr' id='par_1_65' title="bbox 2480 3420 4049 3493">
     <span class='ocr_line' id='line_1_65' title="bbox 2480 3420 4049 3493; baseline -0.008 -16"><span class='ocrx_word' id='word_1_469' title='bbox 2480 3426 2799 3493; x_wconf 68' lang='grc' dir='ltr'>διαστήσει*</span> <span class='ocrx_word' id='word_1_470' title='bbox 2834 3422 3034 3483; x_wconf 88' lang='grc' dir='ltr'>πάντες</span> <span class='ocrx_word' id='word_1_471' title='bbox 3071 3423 3179 3490; x_wconf 86' lang='grc' dir='ltr'><strong>γάρ</strong></span> <span class='ocrx_word' id='word_1_472' title='bbox 3208 3420 3273 3473; x_wconf 81' lang='grc' dir='ltr'>δι’</span> <span class='ocrx_word' id='word_1_473' title='bbox 3308 3421 3609 3490; x_wconf 84' lang='grc' dir='ltr'>ὑπερϐολὴν</span> <span class='ocrx_word' id='word_1_474' title='bbox 3639 3423 3839 3491; x_wconf 80' lang='grc' dir='ltr'>ἀρετῆς</span> <span class='ocrx_word' id='word_1_475' title='bbox 3880 3426 3992 3484; x_wconf 81' lang='grc' dir='ltr'>τοῖς</span> <span class='ocrx_word' id='word_1_476' title='bbox 4029 3424 4049 3453; x_wconf 79' lang='lat' dir='ltr'><strong>I</strong></span> 
     </span>
    </p>
   </div>
   <div class='ocr_carea' id='block_1_66' title="bbox 2494 3512 4053 3581">
    <p class='ocr_par' dir='ltr' id='par_1_66' title="bbox 2494 3512 4053 3581">
     <span class='ocr_line' id='line_1_66' title="bbox 2494 3512 4053 3581; baseline -0.003 -13"><span class='ocrx_word' id='word_1_477' title='bbox 2494 3516 2739 3569; x_wconf 83' lang='grc' dir='ltr'>Ἰωάννου</span> <span class='ocrx_word' id='word_1_478' title='bbox 2762 3513 2939 3579; x_wconf 87' lang='grc' dir='ltr'>λόγοις</span> <span class='ocrx_word' id='word_1_479' title='bbox 2974 3513 3211 3564; x_wconf 84' lang='grc' dir='ltr'>εἵποντο.</span> <span class='ocrx_word' id='word_1_480' title='bbox 3247 3512 3403 3564; x_wconf 75' lang='grc' dir='ltr'><strong>Κατὰ</strong></span> <span class='ocrx_word' id='word_1_481' title='bbox 3431 3512 3618 3563; x_wconf 74' lang='grc' dir='ltr'>τοῦτον</span> <span class='ocrx_word' id='word_1_482' title='bbox 3644 3512 3738 3564; x_wconf 72' lang='grc' dir='ltr'><strong>καὶ</strong></span> <span class='ocrx_word' id='word_1_483' title='bbox 3778 3512 3843 3564; x_wconf 85' lang='grc' dir='ltr'><strong>τὸ</strong></span> <span class='ocrx_word' id='word_1_484' title='bbox 3886 3514 4053 3581; x_wconf 77' lang='grc' dir='ltr'>σωτή-</span> 
     </span>
    </p>
   </div>
   <div class='ocr_carea' id='block_1_67' title="bbox 2485 3602 3078 3676">
    <p class='ocr_par' dir='ltr' id='par_1_67' title="bbox 2485 3602 3078 3676">
     <span class='ocr_line' id='line_1_67' title="bbox 2485 3602 3078 3676; baseline -0.005 -18"><span class='ocrx_word' id='word_1_485' title='bbox 2485 3623 2597 3676; x_wconf 86' lang='grc' dir='ltr'>ριον</span> <span class='ocrx_word' id='word_1_486' title='bbox 2622 3604 2863 3672; x_wconf 72' lang='grc' dir='ltr'>ἐγεγόνει</span> <span class='ocrx_word' id='word_1_487' title='bbox 2888 3602 3078 3664; x_wconf 87' lang='grc' dir='ltr'>πάθος.</span> 
     </span>
    </p>
   </div>
   <div class='ocr_carea' id='block_1_68' title="bbox 873 3688 2535 3774">
    <p class='ocr_par' dir='ltr' id='par_1_68' title="bbox 873 3695 2375 3774">
     <span class='ocr_line' id='line_1_68' title="bbox 873 3695 2375 3774; baseline -0.009 -14"><span class='ocrx_word' id='word_1_488' title='bbox 873 3708 1107 3774; x_wconf 79' lang='lat' dir='ltr'><strong>Agrippa</strong></span> <span class='ocrx_word' id='word_1_489' title='bbox 1134 3702 1296 3772; x_wconf 85' lang='lat' dir='ltr'><strong>primi</strong></span> <span class='ocrx_word' id='word_1_490' title='bbox 1326 3700 1555 3755; x_wconf 87' lang='lat' dir='ltr'><strong>Herodis</strong></span> <span class='ocrx_word' id='word_1_491' title='bbox 1590 3713 1775 3763; x_wconf 87' lang='lat' dir='ltr'><strong>nepos,</strong></span> <span class='ocrx_word' id='word_1_492' title='bbox 1807 3696 2099 3752; x_wconf 84' lang='lat' dir='ltr'><strong>Aristobnli</strong></span> <span class='ocrx_word' id='word_1_493' title='bbox 2126 3696 2262 3765; x_wconf 82' lang='lat' dir='ltr'><strong>ejus,</strong></span> <span class='ocrx_word' id='word_1_494' title='bbox 2284 3695 2375 3762; x_wconf 91' lang='lat' dir='ltr'><strong>qui</strong></span> 
     </span>
    </p>
   </div>
   <div class='ocr_carea' id='block_1_69' title="bbox 2388 3688 4050 3774">
    <p class='ocr_par' dir='ltr' id='par_1_69' title="bbox 2554 3688 4050 3762">
     <span class='ocr_line' id='line_1_69' title="bbox 2554 3688 4050 3762; baseline -0.003 -15"><span class='ocrx_word' id='word_1_495' title='bbox 2554 3696 2677 3747; x_wconf 76' lang='grc' dir='ltr'>Ὀτι</span> <span class='ocrx_word' id='word_1_496' title='bbox 2737 3694 3048 3762; x_wconf 83' lang='grc' dir='ltr'>Ἀγρίππας</span> <span class='ocrx_word' id='word_1_497' title='bbox 3100 3692 3129 3742; x_wconf 89' lang='lat'><strong>6</strong></span> <span class='ocrx_word' id='word_1_498' title='bbox 3200 3690 3435 3759; x_wconf 83' lang='grc' dir='ltr'>Ἡρώδου</span> <span class='ocrx_word' id='word_1_499' title='bbox 3494 3691 3591 3760; x_wconf 80' lang='grc' dir='ltr'>μὲν</span> <span class='ocrx_word' id='word_1_500' title='bbox 3640 3690 3910 3757; x_wconf 86' lang='grc' dir='ltr'>ἀπόγονος</span> <span class='ocrx_word' id='word_1_501' title='bbox 3961 3688 4050 3743; x_wconf 79' lang='grc' dir='ltr'>τοῦ</span> 
     </span>
    </p>
   </div>
   <div class='ocr_carea' id='block_1_70' title="bbox 803 3780 2465 3866">
    <p class='ocr_par' dir='ltr' id='par_1_70' title="bbox 803 3788 2375 3866">
     <span class='ocr_line' id='line_1_70' title="bbox 803 3788 2375 3866; baseline -0.011 -11"><span class='ocrx_word' id='word_1_502' title='bbox 803 3800 1160 3866; x_wconf 83' lang='lat' dir='ltr'><strong>interemptus</strong></span> <span class='ocrx_word' id='word_1_503' title='bbox 1207 3803 1291 3848; x_wconf 84' lang='lat' dir='ltr'><strong>est</strong></span> <span class='ocrx_word' id='word_1_504' title='bbox 1336 3793 1501 3856; x_wconf 86' lang='lat' dir='ltr'><strong>ﬁlius,</strong></span> <span class='ocrx_word' id='word_1_505' title='bbox 1548 3791 1716 3845; x_wconf 85' lang='lat' dir='ltr'><strong>frater</strong></span> <span class='ocrx_word' id='word_1_506' title='bbox 1756 3790 1920 3861; x_wconf 76' lang='lat'><strong>316</strong></span> <span class='ocrx_word' id='word_1_507' title='bbox 1963 3791 1990 3841; x_wconf 87' lang='lat' dir='ltr'><strong>b</strong></span> <span class='ocrx_word' id='word_1_508' title='bbox 2034 3788 2375 3849; x_wconf 83' lang='lat' dir='ltr'><strong>Herodiadis,</strong></span> 
     </span>
    </p>
   </div>
   <div class='ocr_carea' id='block_1_71' title="bbox 2387 3780 4049 3866">
    <p class='ocr_par' dir='ltr' id='par_1_71' title="bbox 2488 3780 4049 3856">
     <span class='ocr_line' id='line_1_71' title="bbox 2488 3780 4049 3856; baseline -0.004 -17"><span class='ocrx_word' id='word_1_509' title='bbox 2488 3786 2707 3856; x_wconf 77' lang='grc' dir='ltr'>πρώτου</span> <span class='ocrx_word' id='word_1_510' title='bbox 2732 3827 2745 3849; x_wconf 94' lang='grc'><strong>,</strong></span> <span class='ocrx_word' id='word_1_511' title='bbox 2810 3781 3221 3854; x_wconf 84' lang='grc' dir='ltr'>Ἀριστοϐούλου</span> <span class='ocrx_word' id='word_1_512' title='bbox 3266 3782 3323 3833; x_wconf 84' lang='grc' dir='ltr'>δὲ</span> <span class='ocrx_word' id='word_1_513' title='bbox 3368 3780 3464 3833; x_wconf 80' lang='grc' dir='ltr'>τοῦ</span> <span class='ocrx_word' id='word_1_514' title='bbox 3503 3782 3851 3851; x_wconf 73' lang='grc' dir='ltr'>ἀνῃρημένου</span> <span class='ocrx_word' id='word_1_515' title='bbox 3902 3783 4049 3844; x_wconf 79' lang='grc' dir='ltr'>παῖς,</span> 
     </span>
    </p>
   </div>
   <div class='ocr_carea' id='block_1_72' title="bbox 803 3869 2465 3945">
    <p class='ocr_par' dir='ltr' id='par_1_72' title="bbox 803 3878 2376 3945">
     <span class='ocr_line' id='line_1_72' title="bbox 803 3878 2376 3945; baseline -0.01 -1"><span class='ocrx_word' id='word_1_516' title='bbox 803 3888 1075 3945; x_wconf 82' lang='lat' dir='ltr'><strong>sexcentis</strong></span> <span class='ocrx_word' id='word_1_517' title='bbox 1104 3884 1319 3939; x_wconf 83' lang='lat' dir='ltr'><strong>casibus</strong></span> <span class='ocrx_word' id='word_1_518' title='bbox 1360 3894 1413 3936; x_wconf 91' lang='lat' dir='ltr'><strong>et</strong></span> <span class='ocrx_word' id='word_1_519' title='bbox 1452 3880 1843 3936; x_wconf 83' lang='lat' dir='ltr'><strong>mutationibus</strong></span> <span class='ocrx_word' id='word_1_520' title='bbox 1875 3878 2161 3939; x_wconf 89' lang='lat' dir='ltr'><strong>obnoxius,</strong></span> <span class='ocrx_word' id='word_1_521' title='bbox 2196 3886 2376 3929; x_wconf 86' lang='lat' dir='ltr'><strong>tamen</strong></span> 
     </span>
    </p>
   </div>
   <div class='ocr_carea' id='block_1_73' title="bbox 2391 3869 4053 3945">
    <p class='ocr_par' dir='ltr' id='par_1_73' title="bbox 2485 3869 4053 3942">
     <span class='ocr_line' id='line_1_73' title="bbox 2485 3869 4053 3942; baseline -0.011 -14"><span class='ocrx_word' id='word_1_522' title='bbox 2485 3875 2710 3942; x_wconf 74' lang='grc' dir='ltr'>ἀδελφὸς</span> <span class='ocrx_word' id='word_1_523' title='bbox 2752 3875 2797 3927; x_wconf 70' lang='grc' dir='ltr'>δ’</span> <span class='ocrx_word' id='word_1_524' title='bbox 2840 3872 3190 3941; x_wconf 83' lang='grc' dir='ltr'>Ἡρωδιάδος,</span> <span class='ocrx_word' id='word_1_525' title='bbox 3242 3870 3459 3938; x_wconf 87' lang='grc' dir='ltr'>μυρίαις</span> <span class='ocrx_word' id='word_1_526' title='bbox 3504 3869 3693 3937; x_wconf 84' lang='grc' dir='ltr'>τύχαις</span> <span class='ocrx_word' id='word_1_527' title='bbox 3746 3871 3840 3923; x_wconf 77' lang='grc' dir='ltr'>καὶ</span> <span class='ocrx_word' id='word_1_528' title='bbox 3891 3888 4053 3940; x_wconf 75' lang='grc' dir='ltr'>μετα-</span> 
     </span>
    </p>
   </div>
   <div class='ocr_carea' id='block_1_74' title="bbox 804 3960 2466 4038">
    <p class='ocr_par' dir='ltr' id='par_1_74' title="bbox 804 3965 2376 4038">
     <span class='ocr_line' id='line_1_74' title="bbox 804 3965 2376 4038; baseline -0.01 -6"><span class='ocrx_word' id='word_1_529' title='bbox 804 3994 836 4032; x_wconf 90' lang='lat' dir='ltr'><strong>e</strong></span> <span class='ocrx_word' id='word_1_530' title='bbox 861 3976 1105 4032; x_wconf 87' lang='lat' dir='ltr'><strong>custodia</strong></span> <span class='ocrx_word' id='word_1_531' title='bbox 1135 3984 1189 4025; x_wconf 91' lang='lat' dir='ltr'><strong>et</strong></span> <span class='ocrx_word' id='word_1_532' title='bbox 1217 3971 1461 4032; x_wconf 79' lang='lat' dir='ltr'><strong>vinculis,</strong></span> <span class='ocrx_word' id='word_1_533' title='bbox 1494 3969 1689 4038; x_wconf 88' lang='lat' dir='ltr'><strong>quibus</strong></span> <span class='ocrx_word' id='word_1_534' title='bbox 1739 3968 1888 4021; x_wconf 89' lang='lat' dir='ltr'><strong>illum</strong></span> <span class='ocrx_word' id='word_1_535' title='bbox 1929 3965 2376 4034; x_wconf 87' lang='lat' dir='ltr'><strong>comprehensum</strong></span> 
     </span>
    </p>
   </div>
   <div class='ocr_carea' id='block_1_75' title="bbox 2386 3960 4048 4038">
    <p class='ocr_par' dir='ltr' id='par_1_75' title="bbox 2486 3960 4048 4035">
     <span class='ocr_line' id='line_1_75' title="bbox 2486 3960 4048 4035; baseline -0.003 -18"><span class='ocrx_word' id='word_1_536' title='bbox 2486 3968 2667 4028; x_wconf 80' lang='grc' dir='ltr'>ϐολαῖς</span> <span class='ocrx_word' id='word_1_537' title='bbox 2708 3964 3020 4035; x_wconf 85' lang='grc' dir='ltr'>περιπεσὼν</span> <span class='ocrx_word' id='word_1_538' title='bbox 3069 3963 3218 4031; x_wconf 85' lang='grc' dir='ltr'>ὅμως</span> <span class='ocrx_word' id='word_1_539' title='bbox 3256 3962 3320 4013; x_wconf 79' lang='grc' dir='ltr'>ἐκ</span> <span class='ocrx_word' id='word_1_540' title='bbox 3375 3960 3619 4029; x_wconf 83' lang='grc' dir='ltr'>φυλακῆς</span> <span class='ocrx_word' id='word_1_541' title='bbox 3671 3964 3767 4014; x_wconf 75' lang='grc' dir='ltr'><strong>καὶ</strong></span> <span class='ocrx_word' id='word_1_542' title='bbox 3812 3962 4048 4033; x_wconf 81' lang='grc' dir='ltr'>δεσμῶν,</span> 
     </span>
    </p>
   </div>
   <div class='ocr_carea' id='block_1_76' title="bbox 805 4051 2467 4130">
    <p class='ocr_par' dir='ltr' id='par_1_76' title="bbox 805 4057 2380 4130">
     <span class='ocr_line' id='line_1_76' title="bbox 805 4057 2380 4130; baseline -0.009 -9"><span class='ocrx_word' id='word_1_543' title='bbox 805 4067 1055 4121; x_wconf 86' lang='lat' dir='ltr'><strong>Tiberius</strong></span> <span class='ocrx_word' id='word_1_544' title='bbox 1094 4066 1333 4117; x_wconf 89' lang='lat' dir='ltr'><strong>moriens</strong></span> <span class='ocrx_word' id='word_1_545' title='bbox 1364 4064 1680 4130; x_wconf 86' lang='lat' dir='ltr'><strong>reliquerat,</strong></span> <span class='ocrx_word' id='word_1_546' title='bbox 1711 4058 1773 4113; x_wconf 89' lang='lat' dir='ltr'><strong>C.</strong></span> <span class='ocrx_word' id='word_1_547' title='bbox 1822 4058 2052 4113; x_wconf 66' lang='lat' dir='ltr'><strong>Caesaris</strong></span> <span class='ocrx_word' id='word_1_548' title='bbox 2091 4057 2380 4125; x_wconf 85' lang='lat' dir='ltr'><strong>providen-</strong></span> 
     </span>
    </p>
   </div>
   <div class='ocr_carea' id='block_1_77' title="bbox 2391 4051 4053 4130">
    <p class='ocr_par' dir='ltr' id='par_1_77' title="bbox 2485 4051 4053 4122">
     <span class='ocr_line' id='line_1_77' title="bbox 2485 4051 4053 4122; baseline -0.003 -13"><span class='ocrx_word' id='word_1_549' title='bbox 2485 4051 2564 4117; x_wconf 75' lang='grc' dir='ltr'><strong>οἷς</strong></span> <span class='ocrx_word' id='word_1_550' title='bbox 2605 4056 2767 4109; x_wconf 72' lang='grc' dir='ltr'>αὑτὸν</span> <span class='ocrx_word' id='word_1_551' title='bbox 2811 4053 3171 4122; x_wconf 84' lang='grc' dir='ltr'>κατεχόμενον</span> <span class='ocrx_word' id='word_1_552' title='bbox 3218 4051 3465 4122; x_wconf 84' lang='grc' dir='ltr'>Τιϐέριος</span> <span class='ocrx_word' id='word_1_553' title='bbox 3525 4054 3741 4121; x_wconf 78' lang='grc' dir='ltr'>Καῖσαρ</span> <span class='ocrx_word' id='word_1_554' title='bbox 3790 4054 4053 4106; x_wconf 76' lang='grc' dir='ltr'>τελευτῶν</span> 
     </span>
    </p>
   </div>
   <div class='ocr_carea' id='block_1_78' title="bbox 808 4144 2470 4219">
    <p class='ocr_par' dir='ltr' id='par_1_78' title="bbox 808 4146 2379 4219">
     <span class='ocr_line' id='line_1_78' title="bbox 808 4146 2379 4219; baseline -0.008 -10"><span class='ocrx_word' id='word_1_555' title='bbox 808 4159 901 4219; x_wconf 86' lang='lat' dir='ltr'><strong>tia,</strong></span> <span class='ocrx_word' id='word_1_556' title='bbox 938 4171 1030 4208; x_wconf 89' lang='lat' dir='ltr'><strong>rex</strong></span> <span class='ocrx_word' id='word_1_557' title='bbox 1068 4152 1371 4206; x_wconf 69' lang='lat' dir='ltr'><strong>tetrarchian</strong></span> <span class='ocrx_word' id='word_1_558' title='bbox 1414 4149 1647 4218; x_wconf 84' lang='lat' dir='ltr'><strong>Philippi</strong></span> <span class='ocrx_word' id='word_1_559' title='bbox 1706 4148 2065 4202; x_wconf 84' lang='lat' dir='ltr'><strong>renuntiatur.</strong></span> <span class='ocrx_word' id='word_1_560' title='bbox 2114 4146 2210 4199; x_wconf 88' lang='lat' dir='ltr'><strong>Hic</strong></span> <span class='ocrx_word' id='word_1_561' title='bbox 2260 4153 2379 4198; x_wconf 88' lang='lat' dir='ltr'><strong>erat</strong></span> 
     </span>
    </p>
   </div>
   <div class='ocr_carea' id='block_1_79' title="bbox 2389 4144 4051 4219">
    <p class='ocr_par' dir='ltr' id='par_1_79' title="bbox 2486 4144 4051 4215">
     <span class='ocr_line' id='line_1_79' title="bbox 2486 4144 4051 4215; baseline -0.001 -14"><span class='ocrx_word' id='word_1_562' title='bbox 2486 4147 2850 4211; x_wconf 79' lang='grc' dir='ltr'>ἀπολελοίπει,</span> <span class='ocrx_word' id='word_1_563' title='bbox 2887 4148 2949 4198; x_wconf 79' lang='grc' dir='ltr'>ἐκ</span> <span class='ocrx_word' id='word_1_564' title='bbox 2985 4144 3188 4197; x_wconf 87' lang='grc' dir='ltr'>τούτων</span> <span class='ocrx_word' id='word_1_565' title='bbox 3216 4144 3548 4212; x_wconf 75' lang='grc' dir='ltr'>ἀπαλλαγεὶς</span> <span class='ocrx_word' id='word_1_566' title='bbox 3590 4146 3747 4196; x_wconf 70' lang='grc' dir='ltr'>Γαΐου</span> <span class='ocrx_word' id='word_1_567' title='bbox 3779 4146 4051 4215; x_wconf 77' lang='grc' dir='ltr'>Καῖσαρος</span> 
     </span>
    </p>
   </div>
   <div class='ocr_carea' id='block_1_80' title="bbox 807 4237 2469 4318">
    <p class='ocr_par' dir='ltr' id='par_1_80' title="bbox 807 4237 2379 4318">
     <span class='ocr_line' id='line_1_80' title="bbox 807 4237 2379 4318; baseline -0.009 -16"><span class='ocrx_word' id='word_1_568' title='bbox 807 4248 1005 4318; x_wconf 88' lang='lat' dir='ltr'><strong>prioris</strong></span> <span class='ocrx_word' id='word_1_569' title='bbox 1034 4244 1262 4299; x_wconf 81' lang='lat' dir='ltr'><strong>Herodis</strong></span> <span class='ocrx_word' id='word_1_570' title='bbox 1311 4243 1479 4295; x_wconf 88' lang='lat' dir='ltr'><strong>frater</strong></span> <span class='ocrx_word' id='word_1_571' title='bbox 1510 4260 1522 4295; x_wconf 88' lang='lat'>:</span> <span class='ocrx_word' id='word_1_572' title='bbox 1555 4242 1782 4307; x_wconf 89' lang='lat' dir='ltr'><strong>adeptus</strong></span> <span class='ocrx_word' id='word_1_573' title='bbox 1803 4249 1887 4294; x_wconf 90' lang='lat' dir='ltr'><strong>est</strong></span> <span class='ocrx_word' id='word_1_574' title='bbox 1923 4249 1977 4291; x_wconf 90' lang='lat' dir='ltr'><strong>et</strong></span> <span class='ocrx_word' id='word_1_575' title='bbox 2023 4237 2267 4307; x_wconf 77' lang='lat' dir='ltr'><strong>Lysanize</strong></span> <span class='ocrx_word' id='word_1_576' title='bbox 2299 4246 2379 4289; x_wconf 85' lang='lat' dir='ltr'><strong>te-</strong></span> 
     </span>
    </p>
   </div>
   <div class='ocr_carea' id='block_1_81' title="bbox 2386 4237 4048 4318">
    <p class='ocr_par' dir='ltr' id='par_1_81' title="bbox 2488 4237 4048 4309">
     <span class='ocr_line' id='line_1_81' title="bbox 2488 4237 4048 4309; baseline 0.001 -18"><span class='ocrx_word' id='word_1_577' title='bbox 2488 4240 2714 4309; x_wconf 78' lang='grc' dir='ltr'>προνοίᾳ</span> <span class='ocrx_word' id='word_1_578' title='bbox 2751 4241 2844 4290; x_wconf 69' lang='grc' dir='ltr'>καὶ</span> <span class='ocrx_word' id='word_1_579' title='bbox 2887 4237 3137 4307; x_wconf 74' lang='grc' dir='ltr'>βασιλεὺς</span> <span class='ocrx_word' id='word_1_580' title='bbox 3182 4239 3563 4305; x_wconf 83' lang='grc' dir='ltr'>χειροτονεῖται</span> <span class='ocrx_word' id='word_1_581' title='bbox 3595 4240 3925 4308; x_wconf 86' lang='grc' dir='ltr'>τετραρχίας</span> <span class='ocrx_word' id='word_1_582' title='bbox 3962 4241 4048 4292; x_wconf 60' lang='grc' dir='ltr'><strong>Φι-</strong></span> 
     </span>
    </p>
   </div>
   <div class='ocr_carea' id='block_1_82' title="bbox 809 4322 2471 4402">
    <p class='ocr_par' dir='ltr' id='par_1_82' title="bbox 809 4332 2379 4402">
     <span class='ocr_line' id='line_1_82' title="bbox 809 4332 2379 4402; baseline -0.006 -9"><span class='ocrx_word' id='word_1_583' title='bbox 809 4340 1129 4401; x_wconf 90' lang='lat' dir='ltr'><strong>trarchiam,</strong></span> <span class='ocrx_word' id='word_1_584' title='bbox 1156 4348 1211 4390; x_wconf 91' lang='lat' dir='ltr'><strong>et</strong></span> <span class='ocrx_word' id='word_1_585' title='bbox 1242 4338 1292 4389; x_wconf 90' lang='lat' dir='ltr'><strong>in</strong></span> <span class='ocrx_word' id='word_1_586' title='bbox 1334 4335 1573 4389; x_wconf 60' lang='lat' dir='ltr'><strong>Judaeam</strong></span> <span class='ocrx_word' id='word_1_587' title='bbox 1617 4336 1853 4402; x_wconf 78' lang='lat' dir='ltr'><strong>navigat,</strong></span> <span class='ocrx_word' id='word_1_588' title='bbox 1902 4333 2155 4386; x_wconf 91' lang='lat' dir='ltr'><strong>omnibus</strong></span> <span class='ocrx_word' id='word_1_589' title='bbox 2189 4332 2379 4385; x_wconf 91' lang='lat' dir='ltr'><strong>obstu-</strong></span> 
     </span>
    </p>
   </div>
   <div class='ocr_carea' id='block_1_83' title="bbox 2388 4322 4050 4402">
    <p class='ocr_par' dir='ltr' id='par_1_83' title="bbox 2488 4322 4050 4400">
     <span class='ocr_line' id='line_1_83' title="bbox 2488 4322 4050 4400; baseline -0.001 -15"><span class='ocrx_word' id='word_1_590' title='bbox 2488 4334 2687 4385; x_wconf 81' lang='grc' dir='ltr'>λίππου</span> <span class='ocrx_word' id='word_1_591' title='bbox 2736 4328 3009 4399; x_wconf 81' lang='grc' dir='ltr'>(Ἡρώδου</span> <span class='ocrx_word' id='word_1_592' title='bbox 3043 4329 3087 4380; x_wconf 77' lang='grc' dir='ltr'>δ’</span> <span class='ocrx_word' id='word_1_593' title='bbox 3121 4323 3189 4396; x_wconf 78' lang='grc' dir='ltr'>ἦν</span> <span class='ocrx_word' id='word_1_594' title='bbox 3237 4322 3390 4389; x_wconf 70' lang='grc' dir='ltr'>οὗτος</span> <span class='ocrx_word' id='word_1_595' title='bbox 3415 4328 3640 4396; x_wconf 84' lang='grc' dir='ltr'>ἀδελφὸς</span> <span class='ocrx_word' id='word_1_596' title='bbox 3669 4330 3764 4381; x_wconf 80' lang='grc' dir='ltr'><strong>τοῦ</strong></span> <span class='ocrx_word' id='word_1_597' title='bbox 3792 4330 4050 4400; x_wconf 77' lang='grc' dir='ltr'>πρώτου),</span> 
     </span>
    </p>
   </div>
   <div class='ocr_carea' id='block_1_84' title="bbox 811 4418 2473 4500">
    <p class='ocr_par' dir='ltr' id='par_1_84' title="bbox 811 4422 2380 4500">
     <span class='ocr_line' id='line_1_84' title="bbox 811 4422 2380 4500; baseline -0.007 -15"><span class='ocrx_word' id='word_1_598' title='bbox 811 4430 1174 4500; x_wconf 75' lang='lat' dir='ltr'><strong>poscentibus,</strong></span> <span class='ocrx_word' id='word_1_599' title='bbox 1206 4438 1259 4481; x_wconf 89' lang='lat' dir='ltr'><strong>et</strong></span> <span class='ocrx_word' id='word_1_600' title='bbox 1294 4437 1399 4479; x_wconf 91' lang='lat' dir='ltr'><strong>tam</strong></span> <span class='ocrx_word' id='word_1_601' title='bbox 1428 4427 1658 4480; x_wconf 87' lang='lat' dir='ltr'><strong>subitam</strong></span> <span class='ocrx_word' id='word_1_602' title='bbox 1690 4425 2042 4479; x_wconf 83' lang='lat' dir='ltr'><strong>mutationem</strong></span> <span class='ocrx_word' id='word_1_603' title='bbox 2068 4422 2380 4476; x_wconf 88' lang='lat' dir='ltr'><strong>admiranti-</strong></span> 
     </span>
    </p>
   </div>
   <div class='ocr_carea' id='block_1_85' title="bbox 2390 4418 4052 4500">
    <p class='ocr_par' dir='ltr' id='par_1_85' title="bbox 2492 4418 4052 4492">
     <span class='ocr_line' id='line_1_85' title="bbox 2492 4418 4052 4492; baseline -0.001 -18"><span class='ocrx_word' id='word_1_604' title='bbox 2492 4420 2916 4492; x_wconf 42' lang='grc' dir='ltr'>προσλαμϐάνει*</span> <span class='ocrx_word' id='word_1_605' title='bbox 2936 4419 2991 4470; x_wconf 80' lang='grc' dir='ltr'>δὲ</span> <span class='ocrx_word' id='word_1_606' title='bbox 3020 4419 3114 4471; x_wconf 76' lang='grc' dir='ltr'><strong>καὶ</strong></span> <span class='ocrx_word' id='word_1_607' title='bbox 3137 4418 3235 4488; x_wconf 82' lang='grc' dir='ltr'>τὴν</span> <span class='ocrx_word' id='word_1_608' title='bbox 3262 4420 3527 4473; x_wconf 86' lang='grc' dir='ltr'>Λυσανίου</span> <span class='ocrx_word' id='word_1_609' title='bbox 3572 4424 3927 4491; x_wconf 80' lang='grc' dir='ltr'>τετραρχίαν,</span> <span class='ocrx_word' id='word_1_610' title='bbox 3966 4422 4052 4475; x_wconf 76' lang='grc' dir='ltr'>καὶ</span> 
     </span>
    </p>
   </div>
   <div class='ocr_carea' id='block_1_86' title="bbox 808 4510 2470 4587">
    <p class='ocr_par' dir='ltr' id='par_1_86' title="bbox 808 4510 2460 4587">
     <span class='ocr_line' id='line_1_86' title="bbox 808 4510 2460 4587; baseline -0.008 -11"><span class='ocrx_word' id='word_1_611' title='bbox 808 4523 931 4576; x_wconf 89' lang='lat' dir='ltr'><strong>bus.</strong></span> <span class='ocrx_word' id='word_1_612' title='bbox 998 4521 1130 4574; x_wconf 84' lang='lat' dir='ltr'><strong>Cum</strong></span> <span class='ocrx_word' id='word_1_613' title='bbox 1191 4519 1387 4587; x_wconf 88' lang='lat' dir='ltr'><strong>quibus</strong></span> <span class='ocrx_word' id='word_1_614' title='bbox 1445 4527 1499 4571; x_wconf 87' lang='lat' dir='ltr'><strong>et</strong></span> <span class='ocrx_word' id='word_1_615' title='bbox 1551 4515 1818 4570; x_wconf 82' lang='lat' dir='ltr'><strong>Herodias</strong></span> <span class='ocrx_word' id='word_1_616' title='bbox 1888 4515 2133 4584; x_wconf 89' lang='lat' dir='ltr'><strong>perculsa</strong></span> <span class='ocrx_word' id='word_1_617' title='bbox 2193 4510 2460 4567; x_wconf 84' lang='lat' dir='ltr'><strong>Iethalel)</strong></span> 
     </span>
    </p>
   </div>
   <div class='ocr_carea' id='block_1_87' title="bbox 2391 4510 4053 4587">
    <p class='ocr_par' dir='ltr' id='par_1_87' title="bbox 2416 4510 4053 4583">
     <span class='ocr_line' id='line_1_87' title="bbox 2416 4510 4053 4583; baseline 0.002 -21"><span class='ocrx_word' id='word_1_618' title='bbox 2416 4510 2460 4562; x_wconf 82' lang='grc'><strong>1)</strong></span> <span class='ocrx_word' id='word_1_619' title='bbox 2491 4515 2736 4568; x_wconf 79' lang='grc' dir='ltr'>ἀποπλεῖ·</span> <span class='ocrx_word' id='word_1_620' title='bbox 2756 4513 2891 4582; x_wconf 81' lang='grc' dir='ltr'>πρὸς</span> <span class='ocrx_word' id='word_1_621' title='bbox 2931 4514 3026 4581; x_wconf 83' lang='grc' dir='ltr'><strong>τὴν</strong></span> <span class='ocrx_word' id='word_1_622' title='bbox 3074 4511 3352 4575; x_wconf 87' lang='grc' dir='ltr'>Ἰουδαίαν,</span> <span class='ocrx_word' id='word_1_623' title='bbox 3386 4514 3603 4564; x_wconf 86' lang='grc' dir='ltr'>πάντων</span> <span class='ocrx_word' id='word_1_624' title='bbox 3653 4513 3916 4583; x_wconf 78' lang='grc' dir='ltr'>ἐκπλήξει</span> <span class='ocrx_word' id='word_1_625' title='bbox 3964 4514 4053 4566; x_wconf 79' lang='grc' dir='ltr'><strong>καὶ</strong></span> 
     </span>
    </p>
   </div>
   <div class='ocr_carea' id='block_1_88' title="bbox 810 4604 2472 4680">
    <p class='ocr_par' dir='ltr' id='par_1_88' title="bbox 810 4604 2381 4680">
     <span class='ocr_line' id='line_1_88' title="bbox 810 4604 2381 4680; baseline -0.007 -12"><span class='ocrx_word' id='word_1_626' title='bbox 810 4614 1005 4668; x_wconf 86' lang='lat' dir='ltr'><strong>vulnus</strong></span> <span class='ocrx_word' id='word_1_627' title='bbox 1060 4612 1255 4680; x_wconf 89' lang='lat' dir='ltr'><strong>accipit</strong></span> <span class='ocrx_word' id='word_1_628' title='bbox 1302 4610 1499 4663; x_wconf 85' lang='lat' dir='ltr'><strong>invidia</strong></span> <span class='ocrx_word' id='word_1_629' title='bbox 1536 4628 1549 4661; x_wconf 87' lang='lat'><strong>:</strong></span> <span class='ocrx_word' id='word_1_630' title='bbox 1588 4624 1689 4661; x_wconf 92' lang='lat' dir='ltr'><strong>nec</strong></span> <span class='ocrx_word' id='word_1_631' title='bbox 1717 4608 1877 4662; x_wconf 89' lang='lat' dir='ltr'><strong>desiit</strong></span> <span class='ocrx_word' id='word_1_632' title='bbox 1919 4606 2093 4659; x_wconf 86' lang='lat' dir='ltr'><strong>virum</strong></span> <span class='ocrx_word' id='word_1_633' title='bbox 2145 4604 2381 4667; x_wconf 86' lang='lat' dir='ltr'><strong>turbare,</strong></span> 
     </span>
    </p>
   </div>
   <div class='ocr_carea' id='block_1_89' title="bbox 2392 4604 4054 4680">
    <p class='ocr_par' dir='ltr' id='par_1_89' title="bbox 2491 4606 4054 4677">
     <span class='ocr_line' id='line_1_89' title="bbox 2491 4606 4054 4677; baseline -0.001 -15"><span class='ocrx_word' id='word_1_634' title='bbox 2491 4608 2728 4677; x_wconf 85' lang='grc' dir='ltr'>θαύματι</span> <span class='ocrx_word' id='word_1_635' title='bbox 2752 4607 2814 4659; x_wconf 83' lang='grc' dir='ltr'><strong>τὸ</strong></span> <span class='ocrx_word' id='word_1_636' title='bbox 2845 4607 2941 4675; x_wconf 81' lang='grc' dir='ltr'>τῆς</span> <span class='ocrx_word' id='word_1_637' title='bbox 2994 4606 3291 4675; x_wconf 80' lang='grc' dir='ltr'>μεταϐολῆς</span> <span class='ocrx_word' id='word_1_638' title='bbox 3318 4606 3512 4677; x_wconf 82' lang='grc' dir='ltr'>ἀθρόον</span> <span class='ocrx_word' id='word_1_639' title='bbox 3549 4607 3897 4675; x_wconf 84' lang='grc' dir='ltr'>ποιουμένον.</span> <span class='ocrx_word' id='word_1_640' title='bbox 3925 4608 4054 4661; x_wconf 75' lang='grc' dir='ltr'>Μεθ’</span> 
     </span>
    </p>
   </div>
   <div class='ocr_carea' id='block_1_90' title="bbox 812 4695 2474 4771">
    <p class='ocr_par' dir='ltr' id='par_1_90' title="bbox 812 4697 2382 4771">
     <span class='ocr_line' id='line_1_90' title="bbox 812 4697 2382 4771; baseline -0.007 -10"><span class='ocrx_word' id='word_1_641' title='bbox 812 4709 984 4761; x_wconf 89' lang='lat' dir='ltr'><strong>donec</strong></span> <span class='ocrx_word' id='word_1_642' title='bbox 1014 4705 1240 4758; x_wconf 74' lang='lat' dir='ltr'><strong>Romam</strong></span> <span class='ocrx_word' id='word_1_643' title='bbox 1272 4705 1351 4756; x_wconf 90' lang='lat' dir='ltr'><strong>ire</strong></span> <span class='ocrx_word' id='word_1_644' title='bbox 1386 4701 1583 4771; x_wconf 87' lang='lat' dir='ltr'><strong>coegit,</strong></span> <span class='ocrx_word' id='word_1_645' title='bbox 1620 4710 1674 4755; x_wconf 90' lang='lat' dir='ltr'><strong>et</strong></span> <span class='ocrx_word' id='word_1_646' title='bbox 1703 4701 1756 4754; x_wconf 90' lang='lat' dir='ltr'><strong>in</strong></span> <span class='ocrx_word' id='word_1_647' title='bbox 1790 4715 2014 4769; x_wconf 78' lang='lat' dir='ltr'><strong>regnum</strong></span> <span class='ocrx_word' id='word_1_648' title='bbox 2049 4697 2153 4751; x_wconf 87' lang='lat' dir='ltr'><strong>sibi</strong></span> <span class='ocrx_word' id='word_1_649' title='bbox 2190 4697 2382 4766; x_wconf 86' lang='lat' dir='ltr'><strong>adjun-</strong></span> 
     </span>
    </p>
   </div>
   <div class='ocr_carea' id='block_1_91' title="bbox 2394 4695 4056 4771">
    <p class='ocr_par' dir='ltr' id='par_1_91' title="bbox 2490 4695 4056 4768">
     <span class='ocr_line' id='line_1_91' title="bbox 2490 4695 4056 4768; baseline 0 -15"><span class='ocrx_word' id='word_1_650' title='bbox 2490 4695 2565 4753; x_wconf 81' lang='grc' dir='ltr'>ὧν</span> <span class='ocrx_word' id='word_1_651' title='bbox 2618 4700 2710 4752; x_wconf 74' lang='grc' dir='ltr'><strong>καὶ</strong></span> <span class='ocrx_word' id='word_1_652' title='bbox 2770 4697 3036 4767; x_wconf 84' lang='grc' dir='ltr'>Ἡρωδιὰς</span> <span class='ocrx_word' id='word_1_653' title='bbox 3086 4698 3509 4767; x_wconf 77' lang='grc' dir='ltr'>ἐκπεπληγμένη</span> <span class='ocrx_word' id='word_1_654' title='bbox 3565 4699 3786 4766; x_wconf 85' lang='grc' dir='ltr'>καιρίαν</span> <span class='ocrx_word' id='word_1_655' title='bbox 3847 4701 4056 4768; x_wconf 82' lang='grc' dir='ltr'>δέχεται</span> 
     </span>
    </p>
   </div>
   <div class='ocr_carea' id='block_1_92' title="bbox 815 4789 2477 4866">
    <p class='ocr_par' dir='ltr' id='par_1_92' title="bbox 815 4792 2385 4866">
     <span class='ocr_line' id='line_1_92' title="bbox 815 4792 2385 4866; baseline -0.005 -17"><span class='ocrx_word' id='word_1_656' title='bbox 815 4813 941 4866; x_wconf 87' lang='lat' dir='ltr'><strong>gere</strong></span> <span class='ocrx_word' id='word_1_657' title='bbox 963 4797 1201 4848; x_wconf 86' lang='lat' dir='ltr'><strong>studere.</strong></span> <span class='ocrx_word' id='word_1_658' title='bbox 1232 4794 1338 4847; x_wconf 92' lang='lat' dir='ltr'><strong>Sed</strong></span> <span class='ocrx_word' id='word_1_659' title='bbox 1362 4792 1451 4847; x_wconf 90' lang='lat' dir='ltr'><strong>ille</strong></span> <span class='ocrx_word' id='word_1_660' title='bbox 1478 4806 1597 4845; x_wconf 87' lang='lat' dir='ltr'><strong>eam</strong></span> <span class='ocrx_word' id='word_1_661' title='bbox 1627 4792 1915 4845; x_wconf 85' lang='lat' dir='ltr'><strong>comitatus</strong></span> <span class='ocrx_word' id='word_1_662' title='bbox 1937 4799 2039 4855; x_wconf 89' lang='lat' dir='ltr'><strong>est,</strong></span> <span class='ocrx_word' id='word_1_663' title='bbox 2067 4797 2385 4854; x_wconf 83' lang='lat' dir='ltr'><strong>secutusque</strong></span> 
     </span>
    </p>
   </div>
   <div class='ocr_carea' id='block_1_93' title="bbox 2395 4789 4057 4866">
    <p class='ocr_par' dir='ltr' id='par_1_93' title="bbox 2492 4789 4057 4860">
     <span class='ocr_line' id='line_1_93' title="bbox 2492 4789 4057 4860; baseline 0.001 -18"><span class='ocrx_word' id='word_1_664' title='bbox 2492 4790 2703 4859; x_wconf 80' lang='grc' dir='ltr'>πληγὴν</span> <span class='ocrx_word' id='word_1_665' title='bbox 2746 4792 2809 4842; x_wconf 81' lang='grc' dir='ltr'>ὲκ</span> <span class='ocrx_word' id='word_1_666' title='bbox 2856 4790 3071 4857; x_wconf 83' lang='grc' dir='ltr'>φθόνου,</span> <span class='ocrx_word' id='word_1_667' title='bbox 3122 4789 3217 4841; x_wconf 72' lang='grc' dir='ltr'>καὶ</span> <span class='ocrx_word' id='word_1_668' title='bbox 3262 4791 3361 4841; x_wconf 82' lang='grc' dir='ltr'><strong>οὐκ</strong></span> <span class='ocrx_word' id='word_1_669' title='bbox 3404 4790 3542 4841; x_wconf 88' lang='grc' dir='ltr'>ἀνίει</span> <span class='ocrx_word' id='word_1_670' title='bbox 3576 4789 3924 4860; x_wconf 61' lang='grc' dir='ltr'>διεωχλοῦσα</span> <span class='ocrx_word' id='word_1_671' title='bbox 3972 4793 4057 4845; x_wconf 74' lang='grc' dir='ltr'><strong>τὸν</strong></span> 
     </span>
    </p>
   </div>
   <div class='ocr_carea' id='block_1_94' title="bbox 814 4880 2476 4957">
    <p class='ocr_par' dir='ltr' id='par_1_94' title="bbox 814 4880 2386 4957">
     <span class='ocr_line' id='line_1_94' title="bbox 814 4880 2386 4957; baseline -0.007 -14"><span class='ocrx_word' id='word_1_672' title='bbox 814 4892 1048 4957; x_wconf 80' lang='lat' dir='ltr'><strong>Agrippa</strong></span> <span class='ocrx_word' id='word_1_673' title='bbox 1088 4898 1143 4941; x_wconf 89' lang='lat' dir='ltr'><strong>et</strong></span> <span class='ocrx_word' id='word_1_674' title='bbox 1186 4893 1468 4939; x_wconf 87' lang='lat' dir='ltr'><strong>assecutus</strong></span> <span class='ocrx_word' id='word_1_675' title='bbox 1504 4892 1591 4937; x_wconf 81' lang='lat' dir='ltr'><strong>est</strong></span> <span class='ocrx_word' id='word_1_676' title='bbox 1629 4882 1743 4952; x_wconf 82' lang='lat' dir='ltr'><strong>jam</strong></span> <span class='ocrx_word' id='word_1_677' title='bbox 1788 4882 2079 4935; x_wconf 87' lang='lat' dir='ltr'><strong>solventes.</strong></span> <span class='ocrx_word' id='word_1_678' title='bbox 2113 4880 2386 4933; x_wconf 83' lang='lat' dir='ltr'><strong>Accusaus</strong></span> 
     </span>
    </p>
   </div>
   <div class='ocr_carea' id='block_1_95' title="bbox 2398 4880 4060 4957">
    <p class='ocr_par' dir='ltr' id='par_1_95' title="bbox 2490 4881 4060 4954">
     <span class='ocr_line' id='line_1_95' title="bbox 2490 4881 4060 4954; baseline -0.001 -18"><span class='ocrx_word' id='word_1_679' title='bbox 2490 4884 2680 4953; x_wconf 83' lang='grc' dir='ltr'>ἄνδρα,</span> <span class='ocrx_word' id='word_1_680' title='bbox 2720 4882 2824 4943; x_wconf 78' lang='grc' dir='ltr'><strong>ἓως</strong></span> <span class='ocrx_word' id='word_1_681' title='bbox 2858 4882 3258 4952; x_wconf 84' lang='grc' dir='ltr'>κατειργάσατο</span> <span class='ocrx_word' id='word_1_682' title='bbox 3286 4881 3527 4933; x_wconf 78' lang='grc' dir='ltr'>ἀνελθεῖν</span> <span class='ocrx_word' id='word_1_683' title='bbox 3571 4883 3649 4943; x_wconf 81' lang='grc' dir='ltr'><strong>είς</strong></span> <span class='ocrx_word' id='word_1_684' title='bbox 3704 4882 3925 4954; x_wconf 84' lang='grc' dir='ltr'>Ῥώμην</span> <span class='ocrx_word' id='word_1_685' title='bbox 3973 4885 4060 4936; x_wconf 77' lang='grc' dir='ltr'>καὶ</span> 
     </span>
    </p>
   </div>
   <div class='ocr_carea' id='block_1_96' title="bbox 820 4971 2482 5044">
    <p class='ocr_par' dir='ltr' id='par_1_96' title="bbox 820 4971 2391 5044">
     <span class='ocr_line' id='line_1_96' title="bbox 820 4971 2391 5044; baseline -0.008 -10"><span class='ocrx_word' id='word_1_686' title='bbox 820 4981 1085 5034; x_wconf 85' lang='lat' dir='ltr'><strong>Herodem</strong></span> <span class='ocrx_word' id='word_1_687' title='bbox 1118 4978 1255 5044; x_wconf 85' lang='lat' dir='ltr'><strong>apud</strong></span> <span class='ocrx_word' id='word_1_688' title='bbox 1285 4976 1348 5031; x_wconf 89' lang='lat' dir='ltr'><strong>C.</strong></span> <span class='ocrx_word' id='word_1_689' title='bbox 1383 4975 1679 5037; x_wconf 79' lang='lat' dir='ltr'><strong>Caesarem,</strong></span> <span class='ocrx_word' id='word_1_690' title='bbox 1710 4973 1853 5040; x_wconf 89' lang='lat' dir='ltr'><strong>quod</strong></span> <span class='ocrx_word' id='word_1_691' title='bbox 1883 4971 2143 5025; x_wconf 77' lang='lat' dir='ltr'><strong>Romanis</strong></span> <span class='ocrx_word' id='word_1_692' title='bbox 2178 4984 2391 5039; x_wconf 86' lang='lat' dir='ltr'><strong>semper</strong></span> 
     </span>
    </p>
   </div>
   <div class='ocr_carea' id='block_1_97' title="bbox 2394 4971 4056 5044">
    <p class='ocr_par' dir='ltr' id='par_1_97' title="bbox 2490 4972 4056 5044">
     <span class='ocr_line' id='line_1_97' title="bbox 2490 4972 4056 5044; baseline 0.002 -18"><span class='ocrx_word' id='word_1_693' title='bbox 2490 4974 2771 5044; x_wconf 83' lang='grc' dir='ltr'>βασιλείαν</span> <span class='ocrx_word' id='word_1_694' title='bbox 2801 4974 2978 5042; x_wconf 78' lang='grc' dir='ltr'>ἑαυτῷ</span> <span class='ocrx_word' id='word_1_695' title='bbox 3020 4972 3255 5042; x_wconf 82' lang='grc' dir='ltr'>σπουδὴν</span> <span class='ocrx_word' id='word_1_696' title='bbox 3290 4973 3557 5026; x_wconf 84' lang='grc' dir='ltr'>ποιεῖσθαι</span> <span class='ocrx_word' id='word_1_697' title='bbox 3586 4975 4056 5043; x_wconf 73' lang='grc' dir='ltr'>καταπράξασθας.</span> 
     </span>
    </p>
   </div>
   <div class='ocr_carea' id='block_1_98' title="bbox 822 5063 2484 5137">
    <p class='ocr_par' dir='ltr' id='par_1_98' title="bbox 822 5063 2390 5133">
     <span class='ocr_line' id='line_1_98' title="bbox 822 5063 2390 5133; baseline -0.006 -8"><span class='ocrx_word' id='word_1_698' title='bbox 822 5072 1050 5127; x_wconf 86' lang='lat' dir='ltr'><strong>infestus</strong></span> <span class='ocrx_word' id='word_1_699' title='bbox 1078 5069 1263 5123; x_wconf 87' lang='lat' dir='ltr'><strong>fuerit.</strong></span> <span class='ocrx_word' id='word_1_700' title='bbox 1295 5068 1514 5123; x_wconf 86' lang='lat' dir='ltr'><strong>Tiberio</strong></span> <span class='ocrx_word' id='word_1_701' title='bbox 1544 5070 1688 5120; x_wconf 91' lang='lat' dir='ltr'><strong>enim</strong></span> <span class='ocrx_word' id='word_1_702' title='bbox 1716 5067 1894 5119; x_wconf 87' lang='lat' dir='ltr'><strong>adhuc</strong></span> <span class='ocrx_word' id='word_1_703' title='bbox 1921 5063 2231 5133; x_wconf 83' lang='lat' dir='ltr'><strong>superstite,</strong></span> <span class='ocrx_word' id='word_1_704' title='bbox 2271 5079 2390 5117; x_wconf 83' lang='lat' dir='ltr'><strong>cum</strong></span> 
     </span>
    </p>
   </div>
   <div class='ocr_carea' id='block_1_99' title="bbox 2395 5063 4057 5137">
    <p class='ocr_par' dir='ltr' id='par_1_99' title="bbox 2510 5065 4057 5137">
     <span class='ocr_line' id='line_1_99' title="bbox 2510 5065 4057 5137; baseline 0 -19"><span class='ocrx_word' id='word_1_705' title='bbox 2510 5066 2647 5118; x_wconf 76' lang='grc' dir='ltr'>Ἀλλ’</span> <span class='ocrx_word' id='word_1_706' title='bbox 2688 5070 2715 5118; x_wconf 91' lang='lat'><strong>6</strong></span> <span class='ocrx_word' id='word_1_707' title='bbox 2750 5066 2846 5134; x_wconf 79' lang='grc' dir='ltr'>μὲν</span> <span class='ocrx_word' id='word_1_708' title='bbox 2876 5065 3025 5135; x_wconf 81' lang='grc' dir='ltr'>ἀνῄει</span> <span class='ocrx_word' id='word_1_709' title='bbox 3082 5066 3178 5116; x_wconf 82' lang='grc' dir='ltr'><strong>σὺν</strong></span> <span class='ocrx_word' id='word_1_710' title='bbox 3205 5066 3342 5134; x_wconf 81' lang='grc' dir='ltr'><strong>αὐτῇ</strong></span> <span class='ocrx_word' id='word_1_711' title='bbox 3400 5067 3584 5118; x_wconf 78' lang='grc' dir='ltr'>εἵπετο</span> <span class='ocrx_word' id='word_1_712' title='bbox 3635 5065 3681 5117; x_wconf 82' lang='grc' dir='ltr'>δ’</span> <span class='ocrx_word' id='word_1_713' title='bbox 3732 5066 4057 5137; x_wconf 83' lang='grc' dir='ltr'>Ἀγρίππας,</span> 
     </span>
    </p>
   </div>
   <div class='ocr_carea' id='block_1_100' title="bbox 823 5155 2485 5230">
    <p class='ocr_par' dir='ltr' id='par_1_100' title="bbox 823 5155 2391 5229">
     <span class='ocr_line' id='line_1_100' title="bbox 823 5155 2391 5229; baseline -0.003 -16"><span class='ocrx_word' id='word_1_714' title='bbox 823 5161 1022 5229; x_wconf 81' lang='lat' dir='ltr'><strong>Sejano</strong></span> <span class='ocrx_word' id='word_1_715' title='bbox 1068 5158 1387 5213; x_wconf 86' lang='lat' dir='ltr'><strong>adversario</strong></span> <span class='ocrx_word' id='word_1_716' title='bbox 1436 5155 1803 5210; x_wconf 80' lang='lat' dir='ltr'><strong>Romanorum</strong></span> <span class='ocrx_word' id='word_1_717' title='bbox 1852 5156 2144 5210; x_wconf 82' lang='lat' dir='ltr'><strong>amicitiam</strong></span> <span class='ocrx_word' id='word_1_718' title='bbox 2182 5156 2391 5218; x_wconf 87' lang='lat' dir='ltr'><strong>iniisse,</strong></span> 
     </span>
    </p>
   </div>
   <div class='ocr_carea' id='block_1_101' title="bbox 2396 5155 4058 5230">
    <p class='ocr_par' dir='ltr' id='par_1_101' title="bbox 2491 5156 4058 5230">
     <span class='ocr_line' id='line_1_101' title="bbox 2491 5156 4058 5230; baseline -0.001 -16"><span class='ocrx_word' id='word_1_719' title='bbox 2491 5161 2588 5214; x_wconf 72' lang='grc' dir='ltr'><strong>καὶ</strong></span> <span class='ocrx_word' id='word_1_720' title='bbox 2613 5158 3023 5227; x_wconf 81' lang='grc' dir='ltr'>καταλαμϐάνει</span> <span class='ocrx_word' id='word_1_721' title='bbox 3067 5156 3194 5226; x_wconf 81' lang='grc' dir='ltr'>ἄρτι</span> <span class='ocrx_word' id='word_1_722' title='bbox 3246 5158 3607 5227; x_wconf 85' lang='grc' dir='ltr'>κατάραντας.</span> <span class='ocrx_word' id='word_1_723' title='bbox 3664 5160 4058 5230; x_wconf 79' lang='grc' dir='ltr'>Κατηγορήσας</span> 
     </span>
    </p>
   </div>
   <div class='ocr_carea' id='block_1_102' title="bbox 822 5245 2484 5323">
    <p class='ocr_par' dir='ltr' id='par_1_102' title="bbox 822 5245 2389 5319">
     <span class='ocr_line' id='line_1_102' title="bbox 822 5245 2389 5319; baseline -0.003 -14"><span class='ocrx_word' id='word_1_724' title='bbox 822 5265 876 5305; x_wconf 87' lang='lat' dir='ltr'><strong>et</strong></span> <span class='ocrx_word' id='word_1_725' title='bbox 902 5266 1043 5305; x_wconf 86' lang='lat' dir='ltr'><strong>nunc</strong></span> <span class='ocrx_word' id='word_1_726' title='bbox 1088 5249 1227 5319; x_wconf 89' lang='lat' dir='ltr'><strong>apud</strong></span> <span class='ocrx_word' id='word_1_727' title='bbox 1266 5250 1597 5303; x_wconf 80' lang='lat' dir='ltr'><strong>Artabanem</strong></span> <span class='ocrx_word' id='word_1_728' title='bbox 1631 5262 1811 5318; x_wconf 88' lang='lat' dir='ltr'><strong>regem</strong></span> <span class='ocrx_word' id='word_1_729' title='bbox 1845 5245 2169 5302; x_wconf 84' lang='lat' dir='ltr'><strong>Parthorum</strong></span> <span class='ocrx_word' id='word_1_730' title='bbox 2204 5248 2389 5302; x_wconf 88' lang='lat' dir='ltr'><strong>eadem</strong></span> 
     </span>
    </p>
   </div>
   <div class='ocr_carea' id='block_1_103' title="bbox 2401 5245 4063 5323">
    <p class='ocr_par' dir='ltr' id='par_1_103' title="bbox 2496 5250 4063 5323">
     <span class='ocr_line' id='line_1_103' title="bbox 2496 5250 4063 5323; baseline -0.001 -18"><span class='ocrx_word' id='word_1_731' title='bbox 2496 5253 2540 5305; x_wconf 85' lang='grc' dir='ltr'>δ’</span> <span class='ocrx_word' id='word_1_732' title='bbox 2582 5251 2827 5321; x_wconf 87' lang='grc' dir='ltr'>Ἡρώδην</span> <span class='ocrx_word' id='word_1_733' title='bbox 2851 5250 3000 5319; x_wconf 82' lang='grc' dir='ltr'>παρὰ</span> <span class='ocrx_word' id='word_1_734' title='bbox 3028 5251 3172 5320; x_wconf 82' lang='grc' dir='ltr'>Γαΐῳ</span> <span class='ocrx_word' id='word_1_735' title='bbox 3204 5251 3441 5320; x_wconf 83' lang='grc' dir='ltr'>Καίσαρι</span> <span class='ocrx_word' id='word_1_736' title='bbox 3466 5251 3540 5313; x_wconf 89' lang='grc' dir='ltr'><strong>ώς</strong></span> <span class='ocrx_word' id='word_1_737' title='bbox 3568 5250 3795 5314; x_wconf 79' lang='grc' dir='ltr'>δύσνους</span> <span class='ocrx_word' id='word_1_738' title='bbox 3816 5252 3903 5323; x_wconf 76' lang='grc' dir='ltr'>εἴη</span> <span class='ocrx_word' id='word_1_739' title='bbox 3941 5253 4063 5304; x_wconf 84' lang='grc' dir='ltr'><strong>Ῥω-</strong></span> 
     </span>
    </p>
   </div>
   <div class='ocr_carea' id='block_1_104' title="bbox 823 5339 2485 5415">
    <p class='ocr_par' dir='ltr' id='par_1_104' title="bbox 823 5339 2390 5409">
     <span class='ocr_line' id='line_1_104' title="bbox 823 5339 2390 5409; baseline -0.002 -12"><span class='ocrx_word' id='word_1_740' title='bbox 823 5354 1011 5399; x_wconf 84' lang='lat' dir='ltr'><strong>contra</strong></span> <span class='ocrx_word' id='word_1_741' title='bbox 1047 5343 1319 5397; x_wconf 77' lang='lat' dir='ltr'><strong>Romanos</strong></span> <span class='ocrx_word' id='word_1_742' title='bbox 1341 5341 1514 5395; x_wconf 88' lang='lat' dir='ltr'><strong>moliri</strong></span> <span class='ocrx_word' id='word_1_743' title='bbox 1540 5359 1553 5394; x_wconf 93' lang='lat'><strong>:</strong></span> <span class='ocrx_word' id='word_1_744' title='bbox 1580 5342 1783 5395; x_wconf 83' lang='lat' dir='ltr'><strong>obtinet</strong></span> <span class='ocrx_word' id='word_1_745' title='bbox 1810 5350 1868 5394; x_wconf 91' lang='lat' dir='ltr'><strong>ut</strong></span> <span class='ocrx_word' id='word_1_746' title='bbox 1904 5339 2021 5395; x_wconf 92' lang='lat' dir='ltr'><strong>loco</strong></span> <span class='ocrx_word' id='word_1_747' title='bbox 2047 5340 2219 5409; x_wconf 87' lang='lat' dir='ltr'><strong>regni,</strong></span> <span class='ocrx_word' id='word_1_748' title='bbox 2250 5341 2390 5409; x_wconf 83' lang='lat' dir='ltr'><strong>quod</strong></span> 
     </span>
    </p>
   </div>
   <div class='ocr_carea' id='block_1_105' title="bbox 2397 5339 4059 5415">
    <p class='ocr_par' dir='ltr' id='par_1_105' title="bbox 2501 5341 4059 5415">
     <span class='ocr_line' id='line_1_105' title="bbox 2501 5341 4059 5415; baseline 0 -19"><span class='ocrx_word' id='word_1_749' title='bbox 2501 5344 2676 5412; x_wconf 86' lang='grc' dir='ltr'>μαίοις</span> <span class='ocrx_word' id='word_1_750' title='bbox 2712 5343 2840 5394; x_wconf 69' lang='grc' dir='ltr'>³άεὶ</span> <span class='ocrx_word' id='word_1_751' title='bbox 2873 5341 3035 5412; x_wconf 74' lang='lat'><strong>([976</strong></span> <span class='ocrx_word' id='word_1_752' title='bbox 3068 5341 3157 5413; x_wconf 82' lang='lat' dir='ltr'><strong>R.]</strong></span> <span class='ocrx_word' id='word_1_753' title='bbox 3205 5342 3455 5415; x_wconf 88' lang='grc' dir='ltr'>Τιϐερίου</span> <span class='ocrx_word' id='word_1_754' title='bbox 3509 5344 3607 5415; x_wconf 79' lang='grc' dir='ltr'>μὲν</span> <span class='ocrx_word' id='word_1_755' title='bbox 3644 5346 3754 5415; x_wconf 82' lang='grc' dir='ltr'>γὰρ</span> <span class='ocrx_word' id='word_1_756' title='bbox 3793 5346 3876 5398; x_wconf 69' lang='grc' dir='ltr'><strong>ἔτι</strong></span> <span class='ocrx_word' id='word_1_757' title='bbox 3913 5362 4059 5415; x_wconf 77' lang='grc' dir='ltr'>περι-</span> 
     </span>
    </p>
   </div>
   <div class='ocr_carea' id='block_1_106' title="bbox 898 5476 2560 5549">
    <p class='ocr_par' dir='ltr' id='par_1_106' title="bbox 898 5476 2560 5549">
     <span class='ocr_line' id='line_1_106' title="bbox 898 5476 2560 5549; baseline 0.002 -18"><span class='ocrx_word' id='word_1_758' title='bbox 898 5480 1216 5534; x_wconf 71' lang='grc' dir='ltr'>ΙιΑντΙιανοί.</span> <span class='ocrx_word' id='word_1_759' title='bbox 1240 5480 1335 5536; x_wconf 93' lang='lat' dir='ltr'><strong>lib.</strong></span> <span class='ocrx_word' id='word_1_760' title='bbox 1385 5496 1475 5544; x_wconf 93' lang='lat' dir='ltr'><strong>xv,</strong></span> <span class='ocrx_word' id='word_1_761' title='bbox 1523 5495 1640 5548; x_wconf 86' lang='lat' dir='ltr'><strong>cap.</strong></span> <span class='ocrx_word' id='word_1_762' title='bbox 1662 5478 1715 5533; x_wconf 90' lang='lat'><strong>9.</strong></span> <span class='ocrx_word' id='word_1_763' title='bbox 1798 5476 1962 5533; x_wconf 80' lang='lat' dir='ltr'><strong>lLib.</strong></span> <span class='ocrx_word' id='word_1_764' title='bbox 2010 5494 2138 5545; x_wconf 87' lang='lat' dir='ltr'><strong>xvn,</strong></span> <span class='ocrx_word' id='word_1_765' title='bbox 2182 5494 2300 5549; x_wconf 88' lang='lat' dir='ltr'><strong>cap.</strong></span> <span class='ocrx_word' id='word_1_766' title='bbox 2353 5482 2400 5535; x_wconf 79' lang='grc'><strong>1.</strong></span> <span class='ocrx_word' id='word_1_767' title='bbox 2476 5482 2560 5535; x_wconf 80' lang='grc' dir='ltr'>ωι</span> 
     </span>
    </p>
   </div>
   <div class='ocr_carea' id='block_1_107' title="bbox 1265 5476 2927 5549">
    <p class='ocr_par' dir='ltr' id='par_1_107' title="bbox 1265 5476 2927 5549">
     <span class='ocr_line' id='line_1_107' title="bbox 1265 5476 2927 5549; baseline 0.001 -16"><span class='ocrx_word' id='word_1_768' title='bbox 1265 5480 1335 5536; x_wconf 92' lang='lat' dir='ltr'><strong>ib.</strong></span> <span class='ocrx_word' id='word_1_769' title='bbox 1385 5496 1475 5544; x_wconf 93' lang='lat' dir='ltr'><strong>xv,</strong></span> <span class='ocrx_word' id='word_1_770' title='bbox 1523 5495 1640 5548; x_wconf 86' lang='lat' dir='ltr'><strong>cap.</strong></span> <span class='ocrx_word' id='word_1_771' title='bbox 1662 5478 1715 5533; x_wconf 90' lang='lat'><strong>9.</strong></span> <span class='ocrx_word' id='word_1_772' title='bbox 1798 5476 1962 5533; x_wconf 80' lang='lat' dir='ltr'><strong>lLib.</strong></span> <span class='ocrx_word' id='word_1_773' title='bbox 2010 5494 2138 5545; x_wconf 87' lang='lat' dir='ltr'><strong>xvn,</strong></span> <span class='ocrx_word' id='word_1_774' title='bbox 2182 5494 2300 5549; x_wconf 88' lang='lat' dir='ltr'><strong>cap.</strong></span> <span class='ocrx_word' id='word_1_775' title='bbox 2353 5482 2400 5535; x_wconf 79' lang='grc'><strong>1.</strong></span> <span class='ocrx_word' id='word_1_776' title='bbox 2476 5482 2660 5541; x_wconf 76' lang='lat' dir='ltr'><strong>unLib.</strong></span> <span class='ocrx_word' id='word_1_777' title='bbox 2704 5484 2927 5549; x_wconf 84' lang='lat' dir='ltr'><strong>xvut,7.</strong></span> 
     </span>
    </p>
   </div>
   <div class='ocr_carea' id='block_1_108' title="bbox 2084 5588 2766 5650">
    <p class='ocr_par' dir='ltr' id='par_1_108' title="bbox 2084 5588 2766 5650">
     <span class='ocr_line' id='line_1_108' title="bbox 2084 5588 2766 5650; baseline 0.003 -2"><span class='ocrx_word' id='word_1_778' title='bbox 2084 5593 2319 5648; x_wconf 66' lang='lat' dir='ltr'><strong>VARI/£7.</strong></span> <span class='ocrx_word' id='word_1_779' title='bbox 2364 5588 2766 5650; x_wconf 68' lang='lat' dir='ltr'><strong>LECTIONES.</strong></span> 
     </span>
    </p>
   </div>
   <div class='ocr_carea' id='block_1_109' title="bbox 901 5684 4062 5810">
    <p class='ocr_par' dir='ltr' id='par_1_109' title="bbox 901 5684 4062 5810">
     <span class='ocr_line' id='line_1_109' title="bbox 901 5684 4062 5770; baseline 0.001 -35"><span class='ocrx_word' id='word_1_780' title='bbox 901 5684 947 5715; x_wconf 83' lang='lat'><strong>”</strong></span> <span class='ocrx_word' id='word_1_781' title='bbox 968 5684 1155 5737; x_wconf 76' lang='grc' dir='ltr'>υἱωνὸν</span> <span class='ocrx_word' id='word_1_782' title='bbox 1183 5687 1253 5737; x_wconf 68' lang='lat' dir='ltr'><strong>A:</strong></span> <span class='ocrx_word' id='word_1_783' title='bbox 1300 5685 1413 5770; x_wconf 43' lang='lat' dir='ltr'><strong>u&#39;ibv</strong></span> <span class='ocrx_word' id='word_1_784' title='bbox 1444 5704 1516 5770; x_wconf 38' lang='grc' dir='ltr'><strong>ς..</strong></span> <span class='ocrx_word' id='word_1_785' title='bbox 1578 5684 1743 5755; x_wconf 45' lang='lat' dir='ltr'><strong>“etv</strong></span> <span class='ocrx_word' id='word_1_786' title='bbox 1772 5700 1878 5739; x_wconf 76' lang='lat' dir='ltr'><strong>om.</strong></span> <span class='ocrx_word' id='word_1_787' title='bbox 2054 5690 2097 5720; x_wconf 83' lang='lat'>”</span> <span class='ocrx_word' id='word_1_788' title='bbox 2130 5687 2403 5757; x_wconf 84' lang='grc' dir='ltr'>Μαριάμμ</span> <span class='ocrx_word' id='word_1_789' title='bbox 2445 5706 2470 5750; x_wconf 90' lang='grc' dir='ltr'>ς</span> <span class='ocrx_word' id='word_1_790' title='bbox 2506 5704 2613 5741; x_wconf 87' lang='lat' dir='ltr'><strong>om.</strong></span> <span class='ocrx_word' id='word_1_791' title='bbox 2642 5690 2703 5740; x_wconf 84' lang='lat' dir='ltr'><strong>A.</strong></span> <span class='ocrx_word' id='word_1_792' title='bbox 2781 5689 3077 5754; x_wconf 79' lang='grc' dir='ltr'><strong>⁹⁵ἱεροῦντι</strong></span> <span class='ocrx_word' id='word_1_793' title='bbox 3104 5690 3169 5744; x_wconf 76' lang='grc' dir='ltr'><strong>Α.</strong></span> <span class='ocrx_word' id='word_1_794' title='bbox 3243 5690 3288 5721; x_wconf 79' lang='grc'><strong>’⁷</strong></span> <span class='ocrx_word' id='word_1_795' title='bbox 3316 5690 3544 5751; x_wconf 79' lang='grc' dir='ltr'>διδόντος</span> <span class='ocrx_word' id='word_1_796' title='bbox 3572 5708 3633 5755; x_wconf 78' lang='grc' dir='ltr'><strong>ς.</strong></span> <span class='ocrx_word' id='word_1_797' title='bbox 3710 5694 3755 5724; x_wconf 77' lang='grc'><strong>⁸⁸</strong></span> <span class='ocrx_word' id='word_1_798' title='bbox 3793 5692 3973 5761; x_wconf 73' lang='grc' dir='ltr'>βίιναν</span> <span class='ocrx_word' id='word_1_799' title='bbox 3998 5692 4062 5743; x_wconf 70' lang='lat' dir='ltr'><strong>At</strong></span> 
     </span>
     <span class='ocr_line' id='line_1_110' title="bbox 901 5706 4059 5810; baseline 0.001 -4"><span class='ocrx_word' id='word_1_800' title='bbox 901 5772 1076 5807; x_wconf 81' lang='grc' dir='ltr'>ιινναν</span> <span class='ocrx_word' id='word_1_801' title='bbox 1102 5772 1159 5810; x_wconf 71' lang='grc' dir='ltr'><strong>ς.</strong></span> <span class='ocrx_word' id='word_1_802' title='bbox 1202 5756 1279 5787; x_wconf 66' lang='grc'><strong>’⁸⁸</strong></span> <span class='ocrx_word' id='word_1_803' title='bbox 1301 5756 1584 5810; x_wconf 80' lang='grc' dir='ltr'>ῐαλιλαιας</span> <span class='ocrx_word' id='word_1_804' title='bbox 1626 5775 1683 5810; x_wconf 83' lang='grc' dir='ltr'><strong>ς.</strong></span> <span class='ocrx_word' id='word_1_805' title='bbox 1761 5757 1806 5787; x_wconf 78' lang='grc'><em>’³</em></span> <span class='ocrx_word' id='word_1_806' title='bbox 1828 5758 2001 5809; x_wconf 66' lang='grc' dir='ltr'>ἀνεῖλε</span> <span class='ocrx_word' id='word_1_807' title='bbox 2029 5787 2097 5798; x_wconf 93' lang='grc'><strong>-</strong></span> <span class='ocrx_word' id='word_1_808' title='bbox 2122 5774 2172 5810; x_wconf 79' lang='grc' dir='ltr'>ιι.</span> <span class='ocrx_word' id='word_1_809' title='bbox 2210 5760 2311 5810; x_wconf 77' lang='grc'><strong>518</strong></span> <span class='ocrx_word' id='word_1_810' title='bbox 2348 5763 2378 5810; x_wconf 91' lang='lat' dir='ltr'><strong>b</strong></span> <span class='ocrx_word' id='word_1_811' title='bbox 2408 5706 2498 5810; x_wconf 55' lang='lat'><strong>30.</strong></span> <span class='ocrx_word' id='word_1_812' title='bbox 2532 5758 2873 5810; x_wconf 73' lang='grc' dir='ltr'>ἐπιστεύοντο</span> <span class='ocrx_word' id='word_1_813' title='bbox 2892 5776 2997 5810; x_wconf 77' lang='lat' dir='ltr'><strong>oin.</strong></span> <span class='ocrx_word' id='word_1_814' title='bbox 3026 5767 3093 5810; x_wconf 77' lang='grc' dir='ltr'><strong>Α.</strong></span> <span class='ocrx_word' id='word_1_815' title='bbox 3174 5760 3187 5789; x_wconf 82' lang='grc'><strong>¹</strong></span> <span class='ocrx_word' id='word_1_816' title='bbox 3214 5777 3343 5810; x_wconf 66' lang='grc' dir='ltr'>φησι</span> <span class='ocrx_word' id='word_1_817' title='bbox 3367 5777 3473 5810; x_wconf 80' lang='lat' dir='ltr'><strong>Olli-</strong></span> <span class='ocrx_word' id='word_1_818' title='bbox 3500 5761 3562 5810; x_wconf 74' lang='grc' dir='ltr'><strong>(Ζ.</strong></span> <span class='ocrx_word' id='word_1_819' title='bbox 3677 5763 3697 5792; x_wconf 78' lang='grc'><strong>⁹</strong></span> <span class='ocrx_word' id='word_1_820' title='bbox 3720 5766 3833 5810; x_wconf 71' lang='grc' dir='ltr'>τοῖς</span> <span class='ocrx_word' id='word_1_821' title='bbox 3861 5766 3982 5810; x_wconf 78' lang='lat' dir='ltr'><strong>add-</strong></span> <span class='ocrx_word' id='word_1_822' title='bbox 4010 5761 4059 5810; x_wconf 74' lang='lat' dir='ltr'><strong>tl.</strong></span> 
     </span>
    </p>
   </div>
   <div class='ocr_carea' id='block_1_110' title="bbox 837 5752 4059 5855">
    <p class='ocr_par' dir='ltr' id='par_1_110' title="bbox 837 5752 4059 5855">
     <span class='ocr_line' id='line_1_111' title="bbox 837 5752 4059 5855; baseline -0.008 -17"><span class='ocrx_word' id='word_1_823' title='bbox 837 5752 1184 5855; x_wconf 37' lang='lat' dir='ltr'><strong>Eiqﬂvﬁ‘fd‘f;</strong></span> <span class='ocrx_word' id='word_1_824' title='bbox 1301 5756 1604 5855; x_wconf 45' lang='grc' dir='ltr'>ξ’ςλιλαίας,</span> <span class='ocrx_word' id='word_1_825' title='bbox 1626 5752 1683 5819; x_wconf 72' lang='grc' dir='ltr'><strong>ςέ.</strong></span> <span class='ocrx_word' id='word_1_826' title='bbox 1761 5757 1806 5787; x_wconf 78' lang='grc'><em>’³</em></span> <span class='ocrx_word' id='word_1_827' title='bbox 1828 5758 2001 5809; x_wconf 78' lang='grc' dir='ltr'>ἀνεῖλε</span> <span class='ocrx_word' id='word_1_828' title='bbox 2029 5787 2097 5798; x_wconf 94' lang='grc'><strong>-</strong></span> <span class='ocrx_word' id='word_1_829' title='bbox 2122 5774 2172 5827; x_wconf 83' lang='lat' dir='ltr'><strong>p.</strong></span> <span class='ocrx_word' id='word_1_830' title='bbox 2210 5752 2378 5812; x_wconf 49' lang='grc'><strong>51813</strong></span> <span class='ocrx_word' id='word_1_831' title='bbox 2411 5752 2498 5825; x_wconf 70' lang='lat'><strong>&#39;20,</strong></span> <span class='ocrx_word' id='word_1_832' title='bbox 2532 5758 2873 5812; x_wconf 73' lang='grc' dir='ltr'>ἐπιστεύοντο</span> <span class='ocrx_word' id='word_1_833' title='bbox 2892 5752 2997 5814; x_wconf 79' lang='lat' dir='ltr'><strong>um.</strong></span> <span class='ocrx_word' id='word_1_834' title='bbox 3026 5767 3093 5813; x_wconf 77' lang='grc' dir='ltr'><strong>Α.</strong></span> <span class='ocrx_word' id='word_1_835' title='bbox 3174 5760 3187 5789; x_wconf 82' lang='grc'><strong>¹</strong></span> <span class='ocrx_word' id='word_1_836' title='bbox 3214 5777 3343 5829; x_wconf 79' lang='grc' dir='ltr'>φησι</span> <span class='ocrx_word' id='word_1_837' title='bbox 3367 5777 3473 5816; x_wconf 83' lang='lat' dir='ltr'><strong>out.</strong></span> <span class='ocrx_word' id='word_1_838' title='bbox 3500 5761 3562 5816; x_wconf 75' lang='grc' dir='ltr'><strong>(Ζ.</strong></span> <span class='ocrx_word' id='word_1_839' title='bbox 3584 5752 3597 5755; x_wconf 46' lang='grc'>⁷</span> <span class='ocrx_word' id='word_1_840' title='bbox 3677 5763 3697 5792; x_wconf 84' lang='lat'><strong>’</strong></span> <span class='ocrx_word' id='word_1_841' title='bbox 3720 5752 3833 5825; x_wconf 65' lang='grc' dir='ltr'>τοῖς</span> <span class='ocrx_word' id='word_1_842' title='bbox 3861 5766 3982 5817; x_wconf 83' lang='lat' dir='ltr'><strong>add.</strong></span> <span class='ocrx_word' id='word_1_843' title='bbox 4010 5761 4059 5813; x_wconf 72' lang='lat' dir='ltr'><strong>tl.</strong></span> 
     </span>
    </p>
   </div>
   <div class='ocr_carea' id='block_1_111' title="bbox 919 5825 1783 5896">
    <p class='ocr_par' dir='ltr' id='par_1_111' title="bbox 919 5825 1783 5896">
     <span class='ocr_line' id='line_1_112' title="bbox 919 5825 1783 5896; baseline 0.002 -19"><span class='ocrx_word' id='word_1_844' title='bbox 919 5825 1184 5895; x_wconf 80' lang='grc' dir='ltr'>Ρωμαίοις</span> <span class='ocrx_word' id='word_1_845' title='bbox 1214 5826 1282 5881; x_wconf 86' lang='lat' dir='ltr'><strong>C:</strong></span> <span class='ocrx_word' id='word_1_846' title='bbox 1312 5828 1391 5889; x_wconf 72' lang='lat' dir='ltr'><strong>sit;</strong></span> <span class='ocrx_word' id='word_1_847' title='bbox 1428 5826 1699 5896; x_wconf 74' lang='grc' dir='ltr'>ρωμαίους</span> <span class='ocrx_word' id='word_1_848' title='bbox 1725 5844 1783 5890; x_wconf 76' lang='grc' dir='ltr'><strong>ς.</strong></span> 
     </span>
    </p>
   </div>
  </div>
