4208 6442
192 406 330 474 1189

1218 405 1742 469 BIBIJOTHECA.
1774 430 1844 443 ··-
1882 407 2047 468 COD.
2074 407 2488 470 CCXXXVIII.

3306 404 3443 474 1190

183 525 341 584 ὀντος
382 520 519 590 πρὸς
552 519 721 573 Ἰανὸν
751 519 775 551 δ
811 517 1005 590 ἐχθρὸν
1052 518 1180 572 ὅντα
1231 518 1519 591 Ῥωμαίων
1573 520 1757 573 θέσθαι

1862 522 2249 585 somniaverat,
2280 522 2496 590 propria
2532 518 2823 574 tetrarchia
2870 517 3106 582 excidat,
3137 525 3195 573 et
3222 517 3441 589 Lugdu-

184 613 395 680 φιλίαν,
452 612 549 665 καὶ
593 609 687 663 νῦν
733 612 791 665 δὲ
839 612 977 680 πρὸς
1034 611 1366 680 Ἀρτάϐανον
1413 614 1503 665 τὸν
1532 612 1762 683 Πάρθων

185 705 416 773 βασιλέα
447 704 513 757 τὰ
531 703 671 756 αὐτὰ
699 707 913 772 φρονεῖν
936 704 1077 756 κατὰ
1107 703 1417 774 Ῥωμαίων)
1444 721 1761 774 παρασκευ·

187 798 314 858 ἀζει
366 797 487 848 ἀντὶ
537 797 637 864 τῆς
690 796 1197 867 όνειροποληθείσης
1236 796 1508 865 βασιλείας
1550 796 1651 864 τῆς
1702 812 1761 847 τε

182 887 393 949 οίκείας
426 888 679 939 ἐκπεσεῖν
716 887 1042 957 τετραρχίας
1067 890 1159 940 καὶ
1191 890 1269 949 εἰς
1297 885 1645 954 Λουγδούνων
1674 888 1761 939 ἀϊ-

183 979 274 1049 δίᾳ
323 981 471 1047 φυγῇ
518 978 867 1048 ζημιωθέντα
925 980 1201 1048 ὲλαθῆναι.
1255 980 1365 1033 Καὶ
1407 980 1671 1050 Ἡρωδιὰς
1716 980 1761 1032 δ’

185 1072 394 1126 ἑκοῦσα
436 1072 515 1139 τῷ
563 1072 718 1139 ἀνδρὶ
749 1072 1221 1143 συμφυγαδεύεται
1246 1089 1261 1103 ο
1302 1074 1401 1142 τὴν
1440 1074 1495 1127 δὲ
1533 1091 1762 1144 τετραρ-

195 1166 318 1234 χίαν
360 1163 525 1216 αὐτοῦ
554 1163 712 1224 Γαῖος
742 1164 1025 1234 Ἀγρίππα
1064 1164 1406 1235 προστίθησι.
1438 1164 1639 1217 Τοῦτον
1668 1166 1763 1218 τὸν

183 1255 505 1325 Ἀγρίππαν
532 1255 668 1325 πρὸς
696 1255 1105 1325 ἀντιδιαστολὴν
1142 1255 1239 1309 τοῦ
1286 1256 1403 1309 υίοῦ
1444 1258 1538 1310 καὶ
1588 1258 1760 1327 μέγαν

197 1349 510 1416 Ἀγρίππαν
561 1347 804 1411 καλοῦσι,
852 1348 948 1401 καὶ
1016 1350 1095 1411 είς
1142 1349 1205 1401 τὸ
1258 1348 1493 1418 μάλιστα
1539 1367 1763 1422 κεχαρι-

183 1439 384 1507 σμένον
426 1438 684 1508 ἰὡσητυός
716 1456 879 1508 φησιν
921 1440 1188 1492 Ἰουδαίων
1216 1439 1397 1511 ἄρξαι.
1431 1432 1596 1504 Οὗτος
1621 1442 1763 1495 ἑκεί-

180 1548 314 1594 νοις,
337 1531 416 1592 ὡς
440 1532 607 1593 ἔοικε,
640 1532 999 1601 χαριζόμενος
1030 1533 1126 1585 καὶ
1160 1532 1411 1586 Ἰάκωϐον
1440 1535 1461 1564 ⁸
1488 1535 1580 1586 τὸν
1607 1535 1761 1587 ἀδελ-

183 1623 281 1691 φὺν
333 1622 581 1675 Ἰωάννου
620 1623 865 1693 μαχαίρᾳ
912 1625 1110 1689 ἀνεῖλε,
1165 1625 1259 1679 καὶ
1312 1626 1403 1679 τὸν
1466 1631 1762 1695 κορυφαῖον

182 1713 289 1765 τῶν
330 1713 590 1784 μαθητῶν
620 1714 828 1784 Πέτρον
853 1714 1228 1785 ἐπεχείρησεν,
1251 1717 1299 1768 εί
1323 1716 1415 1769 καὶ
1442 1716 1757 1788 διήμαρτεν,

181 1802 418 1854 ἀνελεῖν.
453 1797 620 1865 Οὗτος
658 1802 865 1870 ἐσθῆτα
904 1804 1147 1875 ἀργύρου
1194 1806 1569 1876 πεποιημένην
1604 1824 1762 1878 περι-

1864 628 1991 667 num
2032 611 2173 680 turpi
2208 611 2398 667 exsilio
2439 609 2698 665 multatus
2746 611 2903 664 abeat
2926 616 2977 662 ³.
3013 606 3277 663 Herodias
3305 624 3436 663 vero

1864 705 2040 759 libens
2061 719 2184 758 cum
2217 703 2413 758 marito
2443 704 2497 757 in
2535 702 2786 757 exsilium
2837 702 3002 755 vadit.
3060 699 3439 755 Tetrarchiam

1864 798 2034 865 ipsius
2057 796 2223 852 Caius
2243 796 2491 865 Agrippa
2523 794 2707 850 tradit.
2741 793 2895 848 Hunc
2916 794 3206 864 Agrippam
3231 794 3298 845 ad
3329 792 3441 847 dis-

1861 889 2069 942 erimen
2122 886 2241 951 ﬁlii,
2278 885 2445 941 etiam
2488 899 2741 954 maguum
2780 883 3074 953 Agrippam
3108 892 3327 949 vocant,
3384 892 3439 938 et

1863 978 2161 1049 gratiosum
2194 978 2337 1033 hunc
2359 975 2631 1046 Josephus
2657 976 2731 1028 ait
2760 974 2961 1029 Judaais
2988 975 3307 1045 imperasse.
3340 974 3441 1030 Hic

1864 1068 2085 1134 Judzeis,
2110 1077 2167 1123 ut
2188 1069 2490 1133 videbatur,
2516 1077 2725 1138 gratum
2748 1066 2973 1129 faciens.
2991 1065 3252 1122 Iacobum
3272 1066 3439 1122 Joan-

1863 1162 1949 1217 nis
1997 1162 2219 1215 fratrem
2267 1160 2443 1229 gladio
2486 1161 2772 1229 percussit,
2833 1169 2888 1213 et
2927 1159 3294 1230 apostolorum
3346 1175 3441 1214 ca-

1869 1249 2201 1320 putPetrum
2232 1250 2423 1314 voluit,
2456 1250 2585 1305 licet
2605 1250 2958 1307 aberraverit.
2987 1250 3241 1305 occidere
3263 1257 3308 1305 °.
3340 1249 3440 1307 Hic

1862 1354 1929 1392 ex
1975 1351 2202 1409 argento
2254 1349 2557 1394 contextam
2593 1348 2797 1393 vestem
2839 1338 3079 1403 indutus,
3128 1349 3182 1394 et
3226 1339 3438 1411 plebem

1863 1432 2151 1495 allocutus,
2183 1447 2304 1487 cum
2337 1447 2495 1487 voces
2532 1431 2645 1501 (89)
2685 1431 2803 1501 ejus
2843 1432 3150 1501 (postquam
3193 1440 3442 1487 assenta-

1866 1526 2026 1579 tionis
2051 1526 2267 1578 modum
2309 1526 2656 1589 excessisset,
2697 1532 2751 1577 et
2781 1526 2847 1577 ad
2882 1539 3153 1578 summam
3192 1525 3441 1594 impieta-

1864 1626 1970 1672 tem
1994 1617 2349 1686 pervenisset)
2382 1618 2631 1681 audiens,
2664 1630 2768 1670 non
2802 1616 3088 1685 increpans
3115 1617 3299 1671 statim
3323 1630 3443 1686 pm-

1865 1722 1965 1763 nas
1987 1709 2133 1764 dedit
2163 1706 2406 1779 ,‘ingcnti
2437 1709 2581 1762 enim
2620 1706 2764 1761 circa
2791 1715 3034 1761 ventrem
3069 1706 3257 1762 dolore
3288 1716 3440 1771 nato.

1864 1808 1985 1868 post
2021 1801 2262 1869 quinque
2302 1801 2419 1854 dies
2464 1801 2784 1867 absumptus
2829 1808 2912 1852 est
2955 1815 2970 1851 :
3011 1799 3189 1853 vetatis
3234 1813 3440 1853 annum

182 1894 417 1963 θέμενος
444 1896 538 1946 καὶ
568 1893 647 1963 τῷ
696 1894 889 1965 πλήθει
933 1896 1346 1967 δημηγορήσας,
1403 1897 1522 1951 ἐπεὶ
1578 1899 1757 1967 φωνὰς

1864 1907 2027 1960 agens
2071 1890 2574 1962 quinquagesimum
2613 1898 2890 1958 quartum,
2940 1890 3090 1960 regni
3121 1890 3433 1958 septimum.

179 1984 312 2053 παρ’
349 1982 529 2035 αὐτῶν
559 1982 697 2053 μετά
736 1984 796 2037 τὸ
831 1986 1133 2057 ὑπερϐολὴν
1165 1987 1453 2051 κολακείας
1484 1988 1629 2059 ἔχειν
1666 1991 1761 2043 καὶ

178 2075 440 2137 ἀσεϐείας
474 2075 553 2137 είς
575 2074 801 2144 ἔσχατον
839 2076 993 2145 ἥκειν
1018 2078 1039 2108 ⁸
1069 2077 1281 2131 ἁκούων
1309 2080 1408 2131 οὐκ
1438 2082 1757 2150 ἐπετίμησε,

177 2167 503 2237 παραυτίκα
525 2166 676 2235 δίκην
703 2166 917 2220 δίδωσιν
935 2183 950 2198 θ
983 2169 1294 2239 ἀλγήματος
1315 2171 1423 2240 γὰρ
1443 2170 1591 2239 αὐτῷ
1620 2172 1760 2225 κατὰ

178 2254 432 2324 γαστέρα
464 2253 693 2324 σφοδροῦ
723 2256 1009 2322 γεγονότος
1038 2258 1104 2310 δι’
1145 2258 1367 2329 ἡμερῶν
1417 2257 1455 2311 ε’
1503 2260 1595 2313 τὸν
1646 2258 1760 2329 βίον

179 2347 579 2415 κατέστρεψεν,
616 2346 763 2412 ἄγων
796 2347 903 2400 ἀπὸ
926 2349 1188 2416 γενέσεως
1232 2350 1350 2414 ἔτος
1378 2349 1420 2404 δ’
1447 2352 1543 2404 καὶ
1567 2358 1633 2418 ν’,
1660 2355 1759 2421 τῆς

177 2437 235 2490 δὲ
266 2437 547 2506 βασιλείας
578 2438 648 2502 ζ’,
678 2431 753 2491 ὧν
793 2438 834 2491 δ’
870 2439 1031 2493 Γαΐου
1080 2441 1454 2511 βασιλεύοντος
1494 2440 1650 2515 ἦρξε,
1691 2446 1759 2498 τὰ

179 2529 283 2599 μὲν
336 2526 385 2596 Υ
440 2528 539 2600 τὴν
583 2532 850 2585 Φιλίππου
904 2534 1040 2603 ἔχων
1088 2538 1436 2608 τετραρχίαν,
1490 2540 1569 2610 τῷ
1618 2541 1659 2593 δ’
1701 2541 1757 2593 δὲ

178 2622 508 2690 προσλαϐὼν
558 2625 651 2676 καὶ
707 2625 804 2694 τὴν
868 2625 1128 2695 Ἡρώδου,
1170 2631 1236 2682 τὰ
1287 2631 1343 2683 δὲ
1383 2633 1543 2685 λοιπὰ
1579 2639 1627 2699 γ’
1666 2632 1759 2684 ἐπὶ

180 2711 473 2774 Κλαυδίου,
519 2715 579 2766 ὲν
627 2710 707 2777 οἷς
748 2716 1006 2769 Ἰουδαίαν
1055 2736 1115 2771 τε
1158 2722 1253 2773 καὶ
1301 2722 1616 2791 Σαμάρειαν
1666 2727 1760 2777 καὶ

178 2802 526 2871 Καισάρειαν
578 2803 855 2873 Καίσαρος
888 2806 1066 2870 δόντος
1096 2812 1528 2880 προσεκτήσατο.
1575 2813 1759 2877 Οὕτως

189 2893 509 2961 Ἀγρίππας
546 2894 792 2965 τελευτᾷ,
825 2896 919 2950 τοῦ
964 2898 1230 2967 βουϐῶνος
1277 2902 1390 2971 (τοῦ
1444 2904 1646 2971 πτηνοῦ
1698 2907 1758 2959 δὲ

174 2985 415 3051 γένους⁷
471 2988 623 3056 παρὰ
692 2989 983 3058 Ῥωμαίοις
1031 2991 1178 3043 ἐστὶν
1233 2992 1376 3047 οὕτω
1424 2996 1757 3065 καλούμενον

174 3076 339 3144 ζῶον)
378 3077 483 3145 πρὸ
534 3078 694 3131 πέντε
742 3081 840 3149 τῆς
893 3084 1150 3153 τελευτῆς
1204 3085 1337 3156 [518
1382 3086 1476 3158 Η.]
1533 3089 1756 3157 ἡμερῶν

174 3166 325 3233 ὑπὲρ
359 3165 605 3234 κεφαλῆς
649 3164 977 3237 φανέντος,ᾧ
1015 3172 1111 3224 καὶ
1138 3172 1237 3243 τὴν
1272 3173 1545 3242 βασιλείαν
1589 3194 1757 3246 προσ-

171 3256 431 3323 αγγεῖλαι
468 3257 488 3287 ⁸
522 3258 729 3327 νομίζει
761 3260 1044 3329 Ἰώσηπος.
1080 3262 1319 3334 Τελευτᾷ
1351 3264 1395 3316 δ’
1427 3264 1517 3317 οὖν
1557 3268 1755 3329 παῖδας

171 3345 352 3399 λιπὼν
394 3348 457 3413 δ’,
494 3350 699 3421 ἄρρενα
745 3352 841 3421 μὲν
894 3354 1221 3423 Ἀγρίππαν,
1278 3357 1342 3420 ιζ’
1382 3357 1497 3419 ἑτος
1532 3358 1753 3426 ἄγοντα,

173 3437 401 3506 θηλείας
427 3440 485 3492 δὲ
520 3448 568 3509 γ’
606 3441 902 3512 Βερενίκην
929 3445 1275 3516 Μαριάμμην
1304 3446 1398 3498 καὶ
1438 3449 1754 3518 Δρουσίλαν.

171 3523 277 3579 ⁷ον
327 3532 360 3598 ἡ
396 3532 495 3599 μὲν
542 3530 660 3594 ἔτος
687 3534 895 3601 ἄγουσα
923 3542 996 3599 ις’
1041 3535 1254 3606 Ἡρώδῃ
1286 3539 1490 3609 πατρὸς
1545 3542 1758 3611 ἁδελφῷ

1862 1981 2100 2048 Quorum
2132 1994 2367 2052 quatuor
2398 1979 2530 2036 Caio
2564 1979 2750 2035 Roma:
2798 1980 3118 2049 imperante.
3152 1982 3436 2051 regnavit;

1863 2074 2034 2128 tribus
2073 2074 2283 2128 caeteris
2323 2072 2554 2143 Philippi
2597 2073 2769 2127 tenuit
2824 2072 3196 2139 tetrarchiam,
3242 2083 3439 2144 quarto

1860 2180 2001 2219 anno
2030 2165 2298 2233 accipiens
2335 2164 2561 2219 Herodis
2594 2164 2964 2219 tetrarchiam.
3020 2163 3276 2233 Reliquos
3327 2175 3441 2219 tres

1860 2260 1959 2313 sub
1980 2260 2226 2320 Claudio,
2250 2258 2444 2328 quibus
2466 2257 2730 2321 Judaeam,
2760 2256 3085 2321 Samariam,
3104 2257 3438 2325 Caesaream,

1860 2350 2208 2419 permittente
2256 2349 2488 2412 Caesare,
2534 2347 2798 2418 possedit.
2843 2348 2938 2403 Sic
2984 2347 3123 2402 obiit
3174 2348 3438 2419 Agrippa,

1860 2441 2072 2496 bubone
2099 2440 2239 2509 (avis
2266 2456 2435 2511 genus
2456 2440 2534 2495 sic
2560 2438 2699 2509 apud
2730 2437 3001 2494 Romanos
3022 2438 3185 2510 317
3214 2456 3247 2493 a
3278 2455 3440 2495 voca-

1858 2544 1969 2589 tum
1996 2534 2101 2602 est)
2146 2534 2385 2603 quinque
2414 2543 2541 2586 ante
2571 2541 2800 2587 mortem
2836 2531 3028 2585 diebus
3067 2548 3230 2599 super
3258 2532 3441 2601 capite

1859 2634 2170 2694 apparente,
2202 2626 2291 2694 qui
2322 2634 2377 2679 et
2406 2640 2633 2694 regnum
2674 2625 3082 2694 pmnuntiassel
3105 2633 3253 2693 putat
3282 2622 3440 2679 Jose—

1860 2718 2017 2784 phus.
2052 2716 2278 2769 Moritur
2311 2727 2542 2786 quatuor
2568 2716 2770 2771 relictis
2820 2716 3027 2779 liberis,
3056 2714 3164 2770 ﬁlio
3200 2716 3440 2787 Agrippa

1860 2810 2128 2864 decimum
2146 2813 2439 2879 septimum
2456 2812 2631 2865 aetatis
2647 2826 2847 2865 annum
2869 2820 3092 2879 agente;
3120 2812 3291 2866 tribus
3311 2828 3443 2868 vero

1861 2902 2074 2955 tiliabus
2096 2902 2380 2969 Berenice,
2426 2900 2727 2955 Mariamne
2753 2941 2769 2965 ,
2807 2912 2861 2957 et
2899 2902 3131 2958 Drusilla
3163 2920 3178 2957 :
3208 2918 3440 2973 quarum

1860 2993 1949 3045 illa
1980 3004 2133 3046 sexto
2177 2993 2388 3047 decimo
2420 2994 2595 3048 anatis
2639 3008 2782 3047 anno
2822 2992 3017 3049 Herodi
3063 2997 3233 3065 patris
3282 2997 3439 3052 fratri

1861 3086 2060 3153 nupsit.
2106 3085 2401 3140 Mariamue
2427 3086 2721 3148 decimum,
2755 3087 2984 3142 Drusilla
3018 3090 3308 3156 septimum
3337 3102 3441 3142 an-

1863 3192 1988 3231 num
2023 3177 2348 3232 absolverat.
2380 3177 2524 3243 Quas
2560 3177 2847 3232 Sebasteni
2879 3178 3020 3232 nulla
3044 3179 3110 3233 de
3140 3195 3301 3234 causa
3324 3178 3430 3235 uisi

1856 3270 1925 3322 oh
1945 3284 2097 3321 suam
2130 3270 2455 3322 dementiam
2487 3269 2752 3323 violenter
2783 3270 3077 3338 rapientes,
3101 3281 3157 3324 et
3189 3272 3239 3325 in
3266 3269 3439 3340 Lupa-

1860 3360 2079 3415 naribus
2107 3360 2455 3426 collocantes,
2486 3375 2699 3416 omnem
2720 3363 2771 3415 in
2794 3362 2914 3415 illas
2936 3362 3185 3431 injuriam
3214 3364 3433 3418 fandam

1860 3461 2021 3519 atque
2052 3449 2329 3505 infandam
2351 3454 2726 3507 ostenderunt.
2765 3452 2972 3519 Quibus
3000 3452 3247 3509 infensus
3271 3454 3435 3510 Clau-

1861 3542 2005 3609 dius,
2040 3543 2171 3598 nihil
2198 3556 2374 3599 tamen
2410 3546 2631 3615 dignum
2670 3546 2773 3600 hac
2807 3545 3096 3600 insolentia
3125 3546 3329 3603 effecit.

171 3621 516 3691 ἐγεγάμητο,
545 3624 860 3696 Μαριάμμῃ
886 3626 929 3678 δ’
960 3627 1153 3696 ἠνύετο
1183 3630 1407 3683 δέκατον
1448 3633 1542 3686 καὶ
1595 3634 1863 3705 Δρουσίλᾳ
1928 3635 2086 3688 ἕκτον
2112 3651 2126 3666 ’
2198 3636 2265 3699 ἃς
2301 3638 2351 3689 οι
2402 3636 2733 3707 Σεϐαστηνοὶ
2786 3636 2905 3689 κατ’
2951 3638 3205 3709 οὐδεμίαν
3270 3639 3440 3710 ἄλλην

168 3712 453 3780 πρόφασιν
486 3714 627 3784 πλὴν
656 3715 751 3768 τοῦ
789 3718 1026 3787 μανῆναι
1046 3720 1413 3789 ιάρπάσαντες
1442 3725 1636 3797 ἀθρόον
1665 3730 1758 3781 καὶ
1796 3730 2069 3799 πορνείοις
2092 3731 2621 3800 ἑγκαταστήσαντες,
2652 3731 2833 3784 πᾶσαν
2857 3731 3046 3793 αὐταῖς
3082 3730 3279 3803 ,ὕϐριν
3339 3736 3438 3806 ρη,

166 3822 187 3853 τ
206 3808 275 3871 ὴν
303 3806 403 3858 καὶ
439 3806 679 3875 ἄρρητον
709 3809 1069 3873 ἐπεδείξαντο.
1104 3810 1198 3876 Οἷς
1228 3816 1537 3885 χαλεπήνας
1570 3819 1835 3885 Κλαύδιος
1870 3822 2020 3892 ὅμως
2046 3822 2198 3876 οὐδὲν
2233 3823 2381 3889 ἄξιον
2408 3825 2508 3893 τῆς
2534 3825 2882 3894 παρανομίας
2913 3824 3293 3893 είσεπράξατο.

254 3896 383 3949 Ὅτι
425 3896 730 3966 Ἀγρίππας
770 3899 909 3952 ότοῦ
964 3902 1267 3972 Ἀγρίππου
1320 3909 1449 3969 παῖς
1496 3907 1751 3980 τελευτή⁶

172 4002 371 4047 σαντος
402 3986 550 4055 αὐτῷ
574 3987 669 4040 τοῦ
690 3991 895 4059 πατρὸς
918 3993 996 4054 είς
1039 3992 1257 4063 Ῥώμην
1278 3996 1522 4065 ἀπαίρει.
1576 3998 1755 4052 Κλαύ-

169 4078 281 4139 διος
312 4076 358 4129 δ’
392 4076 543 4147 αὺτῷ
562 4078 663 4145 τὴν
702 4080 959 4150 πατρῴαν
984 4084 1158 4153 ἀρχὴν
1188 4086 1418 4155 ἐγνώκει
1437 4088 1748 4159 χειρίζεινθ,

170 4171 476 4231 ἁνακοπεὶς
529 4170 572 4223 δ’
626 4172 784 4225 ένίων
851 4174 1064 4243 βουλαῖς
1117 4178 1179 4229 τὸ
1227 4181 1345 4233 νέον
1401 4182 1499 4251 τῆς
1537 4184 1750 4252 ἡλικίας

184 4261 472 4329 ’Δγρίππα
520 4263 944 4332 αίτιασαμένων,
997 4268 1165 4321 Φάδον
1198 4270 1295 4338 μὲν
1332 4272 1626 4341 ἐπίτροπον
1664 4276 1750 4327 ὲκ-

169 4352 385 4419 τιέμπει
450 4351 547 4418 τῆς
598 4352 875 4429 Ἰουδαίας,
949 4355 1255 4426 Ἀγρίππαν
1322 4360 1379 4412 δὲ
1435 4363 1745 4428 Χαλκίδος,

179 4439 433 4511 Ἡρώδου
456 4441 885 4511 τελευτήσαντος
914 4445 1007 4498 τοῦ
1040 4448 1244 4519 ταύτης
1293 4449 1507 4521 ἔχοντος
1532 4454 1632 4524 τὴν
1656 4454 1748 4525 βα·-

170 4531 404 4594 σιλείαν,
437 4534 518 4593 είς
553 4534 776 4599 βασιλέα
816 4535 1126 4607 καθίστησι,
1180 4542 1336 4594 Μετὰ
1386 4543 1442 4596 δὲ
1486 4545 1749 4615 τέταρτον

1932 3914 2170 3982 Agrippa
2223 3913 2472 3982 Agrippa:
2520 3911 2685 3978 illius,
2733 3924 2947 3968 mortuo
3002 3924 3155 3983 patre
3207 3913 3436 3971 Romam

1860 4004 2096 4072 navigat.
2128 4002 2385 4058 Claudius
2415 4018 2542 4059 vero
2569 4005 2643 4059 illi
2666 4015 2952 4074 paternum
2987 4006 3272 4076 imperium
3303 4008 3437 4063 dare

1858 4103 2148 4156 statuerat,
2182 4094 2277 4148 sed
2312 4104 2554 4150 retentus
2594 4096 2977 4150 nonnullorum
3021 4097 3310 4151 sententiis
3338 4098 3433 4167 qui

1855 4192 2065 4238 aetatem
2116 4184 2406 4253 juvenilem
2463 4187 2711 4257 Agrippa;
2756 4198 3115 4243 causarentur
3145 4229 3162 4255 ,
3228 4186 3432 4243 Fadum

1854 4274 2053 4331 Judzeae
2086 4288 2367 4346 praetorem
2409 4279 2597 4344 mittit,
2634 4282 2923 4349 Agrippam
2968 4294 3096 4335 vero
3130 4280 3428 4344 Chalcidis,

1852 4369 1941 4423 cui
1976 4380 2101 4422 ante
2146 4368 2381 4424 Herodes
2411 4381 2657 4425 mortuus
2691 4372 3007 4441 praefuerat,
3043 4387 3223 4442 regem
3255 4382 3425 4427 creat.

1852 4459 2058 4525 Quarto
2081 4471 2201 4528 post
2229 4475 2374 4515 anno
2396 4461 2560 4515 donat
2582 4470 2636 4517 et
2666 4462 2740 4516 illi
2779 4460 3011 4531 Philippi
3050 4465 3426 4529 tetrarchiam,

1852 4560 1904 4604 et
1935 4552 2265 4618 Batauaaam,
2296 4553 2592 4623 adiungens
2620 4563 2675 4608 et
2704 4554 3079 4617 Trachonitiu,
3109 4570 3231 4624 qua:
3266 4568 3428 4609 antea

166 4623 289 4684 ἔτος
329 4622 581 4692 δωρεῖται
610 4625 772 4677 αὑτὸν
818 4630 883 4697 τῇ
912 4645 971 4680 τε
995 4629 1262 4684 Φιλίππου
1314 4637 1609 4706 τετραρχία
1656 4640 1748 4690 καί

1859 4642 2097 4715 Lysania:
2140 4645 2261 4708 fuit.
2295 4622 2485 4700 eun.
2525 4647 2704 4701 dando
2739 4647 2937 4700 ademit
2982 4648 3053 4700 illi
3089 4622 3420 4701 Chalcidem.

162 4702 488 4783 Βαταναίᾳ,
542 4716 799 4784 προσθεὶς
852 4718 999 4789 αὐτῷ
1062 4722 1155 4773 καὶ
1213 4724 1312 4792 τὴν
1378 4702 1742 4796 Τραχιυνίτινο

1844 4737 2081 4805 Agrippa
2142 4752 2383 4791 sororem
2437 4736 2721 4791 Drusillam
2782 4738 2944 4789 Azizo
3004 4737 3260 4790 Emesam
3312 4737 3424 4807 regi

166 4803 443 4856 Λυσανίου
467 4804 511 4855 δ’
532 4805 669 4876 αὓτη
696 4811 989 4879 τετραρχία
1011 4813 1271 4880 ἐγεγόνει.
1300 4816 1408 4868 Καὶ
1432 4818 1604 4871 ταῦτα
1622 4820 1745 4883 δοὺς

1859 4803 2167 4881 :ircurnciso
2191 4828 2243 4881 in
2278 4844 2500 4881 uxorem
2527 4828 2698 4883 dedit.
2729 4827 3039 4896 Epiphanes
3056 4828 3199 4880 enim
3226 4803 3421 4881 Antio-

165 4896 492 4965 ἀφαιρεῖται
542 4898 641 4967 τὴν
695 4898 956 4953 Χαλκίδα.
1009 4903 1317 4973 Ἀγρίππας
1360 4905 1415 4958 δὲ
1450 4908 1742 4976 Δρουσίλαν

1859 4918 1926 4969 :hi
1946 4933 2255 4987 quanquam
2275 4918 2544 4987 pollicitus
2580 4920 3045 4974 circumcisionem
3069 4935 3172 4973 non
3192 4923 3392 4990 accepit

164 4986 267 5055 τὴν
301 4985 542 5055 ἀδελφὴν
581 4987 776 5058 ’Δζιζῷ
825 4991 904 5060 τῷ
958 4992 1201 5062 Ἐμέσων
1230 4995 1437 5065 βασιλεί
1464 5016 1739 5071 περιτμη-

1866 4985 1979 5060 ηιίεή
2002 4985 2290 5078 sponsalia
2313 5012 2486 5065 soluta
2514 5023 2659 5068 sunt.
2696 5010 2935 5065 Solvitur
2975 5022 3031 5066 et
3075 4985 3336 5065 Drusilla-
3355 5017 3422 5065 ah

165 5078 315 5129 θέντι
375 5077 559 5130 δίδωσι
605 5085 870 5147 γυναῖκατ
942 5085 1241 5157 Ἐπιφανὴς
1280 5090 1386 5159 γὰρ
1446 5091 1737 5160 Ἀντιόχου,

1850 5096 2039 5160 Azizo,
2068 5109 2121 5151 et
2157 5098 2322 5154 Felici
2353 5098 2552 5155 Iudaea
2574 5100 2827 5170 praefecto
2855 5116 2975 5155 cum
3010 5101 3174 5154 inulta
3201 5103 3271 5156 ob
3304 5101 3423 5171 pul-

164 5169 348 5221 καίτοι
379 5168 769 5241 ὑποσχόμενος,
798 5173 897 5227 οὐκ
946 5175 1159 5245 ἐδέχετο
1201 5179 1301 5248 τὴν
1323 5182 1651 5253 περιτομὴν,
1681 5183 1739 5249 ἐξ

1859 5190 2204 5245 :hritudinem
2230 5193 2346 5263 ejus
2391 5168 2691 5262 moliretur,
2724 5195 2893 5249 nubit.
2922 5192 3268 5248 lariamuem
3293 5168 3422 5249 vero

239 5305 407 5362 "Lib.
443 5324 595 5377 xvtu,
639 5311 691 5366 9.
770 5319 795 5346 °
820 5311 1005 5370 Matth.
1038 5317 1519 5387 nv,3;Marc.vn,
1547 5321 1893 5389 l7;Luc.Itt,
1917 5326 2018 5392 i9;
2045 5329 2163 5382 Act.
2201 5345 2298 5394 xu,
2354 5330 2378 5383 1
2427 5346 2547 5401 sqq.

1450 5457 1684 5513 VARUS
1735 5459 2138 5519 LECTIONES.

233 5553 503 5656 :Ajlgvbv]
531 5556 1243 5656 gniavb—v‘-li(fs_eh’e‘liu‘s.kf
1275 5570 1543 5656 .‘ldxwﬁov
1573 5573 1682 5627 om.

538 5620 563 5643 τ

163 5625 320 5693 γένος
346 5642 404 5686 ς’.

1855 5576 1961 5653 [τὸ
1984 5604 2055 5653 -_—
2078 5578 2255 5653 ἥκειν]
2301 5582 2479 5634 malim
2504 5581 2598 5634 τοῦ
2628 5614 2693 5623 -
2721 5581 2977 5653 ἡκούσας.
3070 5579 3091 5611 '
3118 5580 3311 5653 vivom:
3339 5579 3414 5634 C:

530 5637 574 5693 ῳ
604 5658 671 5668 -
698 5637 1112 5703 προσαγγεῖλαιῖ
1143 5640 1249 5695 imo
1272 5639 1332 5693 δν
1360 5672 1430 5682 -
1452 5644 1829 5714 προαγγεῖλαι.
1863 5647 1945 5701 Cl'.
1996 5637 2329 5721 Arc'bmoibg.
2370 5667 2522 5719 nm,
2564 5654 2618 5719 6,
2650 5653 2702 5706 7.
2742 5637 2753 5653 ’
2780 5656 2800 5683 ⁹
2830 5637 3073 5723 χαρίζειν
3124 5637 3207 5721 pr.
3255 5637 3315 5704 Cv.

232 5831 349 5899 (89)
374 5833 463 5888 Sc.
495 5836 666 5905 plebis
695 5838 923 5899 dicentis
959 5841 1052 5899 Dei
1088 5860 1269 5903 vocem
1302 5851 1360 5905 se
1404 5852 1608 5921 audire,
1637 5756 2033 5912 ιιυῗοᾶῖῗίηῐδ.
