4208 6442
786 406 914 468 1191

1948 402 2209 463 ΡΗΟΤΙΙ
2263 404 2761 465 ΡΑΤΗῘΑΒΟΙῙΕ
2800 408 2909 469 CP.

3903 416 4054 481 1193

782 530 875 579 dat
919 522 1188 577 Archelao
1220 521 1328 575 ﬁlio
1367 520 1589 585 llelcim,
1620 520 1707 575 cui
1738 530 1793 577 et
1814 521 1999 575 vivens
2040 533 2192 590 pater
2244 537 2360 574 eam

2472 518 2525 575 οὗ
2565 524 2659 575 καὶ
2692 527 2723 592 ή
2757 525 2855 593 τῆς
2887 525 3203 593 ἐγγυήσεως
3250 526 3492 589 διάλυσις
3523 528 3826 596 ἠκολούθει.
3876 532 4055 599 Δρου-

780 616 1168 676 destinaverat,
1201 624 1255 666 et
1284 628 1351 667 ex
1395 612 1501 666 illis
1542 614 1783 666 nascitur
1816 612 2093 667 Berenice.
2132 611 2358 665 Claudio

781 707 1034 761 defuncto
1069 706 1366 759 succedens
1396 704 1560 766 Nero.
1597 705 1763 759 donat
1787 703 2038 773 Agrippa:
2068 702 2180 757 fato
2223 720 2357 770 quo-

780 800 901 852 dam
938 797 1171 851 Galilane
1202 794 1566 862 Tiberiadem,
1602 805 1658 848 et
1682 794 2040 861 Taricbaaam,
2087 798 2361 864 imperans

784 905 840 945 ut
873 892 972 961 ipsi
1000 891 1262 944 obediret.
1291 890 1454 943 Addit
1483 886 1817 943 etJuliadem
1849 888 2037 942 urbem
2059 886 2279 949 Peraeae,
2308 897 2365 940 et

784 985 965 1037 decem
998 983 1202 1036 circum
1231 982 1445 1051 oppida.
1483 982 1583 1035 Hic
1613 990 1696 1035 est
1728 980 1984 1050 Agrippa,
2024 980 2164 1047 apud
2193 993 2356 1046 quem

785 1079 939 1130 divus
975 1074 1195 1135 Paulus,
1224 1073 1549 1143 praesidente
1578 1072 1759 1138 Festo,
1790 1072 2060 1142 peroravit
2080 1081 2126 1123 Ρ.

2461 613 2581 663 σίλα
2612 614 2668 665 δὲ
2713 615 2806 665 καὶ
2872 614 3082 678 Ἀξιζοῦ
3135 615 3428 677 διαλύεται,
3488 622 3582 669 καὶ
3619 618 3810 688 Φήλικι
3845 620 3926 687 τῷ
3950 622 4057 689 τῆς

2473 704 2734 767 Ἰουδαίας
2759 705 3061 774 ἐπιτρόπῳ,
3081 706 3252 758 πολλά
3283 709 3683 772 σπουδάσαντος
3713 711 3931 763 ἐκείνου
3954 713 4048 765 διὰ

2462 796 2522 846 τὸ
2581 796 2793 856 κάλλος.
2849 800 3129 864 γαμεῖται.
3171 800 3279 851 Καὶ
3327 802 3671 871 Μαριάμμην
3725 802 3784 855 δὲ
3827 803 4054 856 δίδωσιν

2478 888 2751 956 ’Λρχελάῳ
2792 888 2944 939 *παιδί⁸
2972 888 3050 957 τῷ
3083 888 3315 954 Ἐλκιοῦ,
3343 885 3387 958 ᾧ
3415 894 3507 944 καὶ
3540 892 3649 955 ζῶν
3669 894 3698 945 6
3731 898 3922 965 πατὴρ
3951 898 4055 965 ἠρ-

2470 977 2671 1044 μόσατο
2698 992 2710 1004 ·
2750 975 2875 1046 [9'77
2910 976 3001 1048 IL]
3028 978 3085 1044 ἐξ
3121 973 3196 1030 ὧν
3221 980 3463 1033 τίκτεται
3492 982 3839 1053 Βερενίκηη.
3866 986 4052 1037 Κλαυ-

2473 1068 2585 1118 δίου
2634 1067 2692 1118 δὲ
2746 1068 3169 1135 τελευτήσαντος
3219 1070 3409 1141 Νέρων
3476 1074 3752 1136 καταστὰς
3804 1074 4056 1143 διάδοχος

783 1167 1034 1239 δωρεῖται
1070 1166 1377 1237 Ἀγρίππαν
1414 1166 1579 1235 μοίρᾳ.
1624 1166 1734 1218 τινὶ
1797 1166 1897 1233 τῆς
1963 1165 2274 1229 Γαλιλαίας,
2342 1162 2639 1233 Τιϐεριάδα
2689 1163 2783 1214 καὶ
2830 1161 3132 1232 Ταριχαίαν
3200 1163 3456 1227 κελεύσας
3525 1167 3676 1235 αὑτῷ
3728 1168 4050 1226 ὑπακούειν,

785 1263 1107 1331 προστίθησι
1140 1262 1194 1314 δὲ
1214 1265 1309 1314 καὶ
1352 1260 1605 1313 Ἰουλιάδα
1640 1260 1795 1312 πόλιν
1834 1260 1930 1328 τῆς
1962 1260 2219 1328 Περαίας,
2254 1260 2347 1311 καὶ
2387 1257 2580 1326 κώμας
2610 1256 2705 1320 τάς
2733 1257 2860 1325 περὶ
2882 1257 3051 1326 αὐτὴν
3077 1256 3230 1310 δέκα.
3298 1251 3467 1321 Οὗτός
3492 1261 3639 1311 ἐστιν
3707 1259 4049 1329 ’Δγρίππας,

787 1356 873 1423 ἐφ’
916 1348 976 1407 οὗ
1009 1356 1036 1406 6
1065 1354 1205 1414 θεῖος
1237 1351 1446 1413 Παῦλος
1479 1352 1688 1419 Φήστου
1710 1351 2145 1421 συνεδριάζοντος
2177 1350 2610 1419 ἐδημηγόρησεν.

857 1448 986 1499 Post
1031 1445 1261 1507 Fadum,
1302 1444 1496 1499 Judaeze
1541 1456 1851 1514 praetorem,
1889 1445 2125 1497 mittitur
2158 1443 2358 1497 Cuma-

788 1554 910 1599 nus,
940 1546 1053 1605 post
1084 1552 1240 1604 quem
1276 1535 1500 1588 Romam
1530 1538 1598 1589 ob
1629 1536 1857 1590 crimina
1887 1546 2169 1589 evocatum
2203 1533 2355 1588 Felix

790 1634 1049 1696 mittitur;
1083 1640 1204 1700 post
1234 1645 1393 1699 quem
1423 1630 1641 1693 Festus,
1669 1630 1861 1684 deinde
1878 1629 2123 1693 Albinus,
2149 1638 2363 1697 postre-

789 1739 879 1778 mo
929 1722 1141 1776 Florus.
1178 1721 1344 1789 Cujus
1380 1721 1618 1775 secundo
1652 1734 1792 1774 anno
1827 1731 2049 1789 propter
2077 1720 2213 1773 mala
2243 1734 2365 1787 quae

2546 1444 2669 1494 Ὀτι
2705 1442 2841 1510 μετά
2899 1443 3068 1497 Φάδον
3114 1443 3410 1514 ἐπίτροπον
3457 1445 3720 1506 Ἰουδαίας
3760 1446 4054 1513 Κουμανὸς

2486 1534 2807 1602 πέμπεταιο,
2827 1533 2945 1603 μεθ’
2964 1535 3023 1587 ὃν
3056 1536 3135 1597 εἰς
3169 1535 3388 1604 Ῥώμην
3417 1536 3719 1605 ἀναχθέντα
3747 1538 4053 1601 ἐπάἰτίαις

2481 1625 2643 1691 Φῆλιξ
2664 1626 2960 1693 πέμπεται·
2988 1626 3105 1695 μεθ’
3120 1626 3178 1679 δν
3199 1626 3427 1694 Φῆστος,
3451 1622 3570 1679 εἶτα
3586 1626 3849 1690 ’Δλϐἰνος,
3872 1628 4053 1691 λοιπὸς

2471 1715 2709 1783 Φλῶρος.
2734 1712 2807 1770 Ob
2832 1718 3069 1787 δευτέρῳ
3091 1718 3199 1769 ἔτει
3218 1717 3304 1769 διά
3324 1718 3425 1788 τὴν
3447 1718 3749 1787 ὑπερϐολὴν
3777 1720 3895 1771 τῶν
3928 1723 4053 1789 παρ’

790 1814 980 1869 abillo
1033 1828 1193 1882 supra
1249 1812 1461 1866 moduni
1518 1811 1739 1875 ﬁebant,
1803 1810 2086 1865 Judaicunt
2161 1811 2358 1864 bellum

2472 1808 2616 1876 αὐτῷ
2638 1809 2822 1861 κακῶν
2838 1812 2865 1862 6
2880 1811 3013 1880 πρὸς
3030 1810 3327 1879 Ῥωμαίους
3345 1811 3613 1865 Ἰουδαίων
3627 1814 3865 1881 πόλεμος
3880 1815 4055 1884 ἀρχὴν

788 1918 974 1960 contra
1034 1904 1302 1958 Romanos
1358 1906 1507 1958 duxit
1565 1905 1798 1969 initium,
1837 1903 2160 1957 duodecimo
2215 1919 2357 1957 anno

2472 1869 2691 1967 δέχεται,
2726 1869 2973 1973 Νέρωνος
2989 1869 3104 1964 έτος
3120 1869 3421 1956 δωδέκατον
3464 1906 3522 1956 ἐν
3543 1908 3607 1975 τῇ
3646 1869 3789 1977 ἀρχῇ
3813 1869 4054 1961 διανόὸᾷ-

791 1998 939 2064 impii
973 1996 1221 2050 Neronis.
1266 1994 1429 2065 317
1467 1995 1495 2047 b
1540 1996 1760 2047 Anauus
1808 1993 1979 2047 Anaui
2038 1994 2179 2047 ﬁlius
2229 2008 2361 2061 pon-

793 2091 1053 2143 tilicatum
1106 2090 1351 2157 adeptus,
1404 2102 1510 2155 quo
1557 2088 1800 2156 privatur
1847 2084 2136 2153 Josephus,
2185 2086 2359 2137 audax

792 2184 914 2244 fuit,
948 2194 1000 2236 et
1040 2197 1201 2248 supra
1236 2180 1453 2234 modum
1504 2180 1847 2232 temerarius.
1897 2178 2029 2232 Erat
2070 2179 2212 2232 enim
2275 2190 2364 2229 se-

792 2289 895 2329 eta:
926 2274 1363 2334 Sadduczeorum,
1411 2272 1504 2339 qui
1551 2272 1798 2324 crudeles
1854 2278 1981 2323 sunt
2037 2268 2087 2321 itt
2126 2266 2363 2333 judiciis,

794 2379 849 2421 et
896 2370 961 2421 ad
1010 2380 1224 2420 onmem
1296 2363 1661 2432 arrogantiam
1714 2362 2062 2416 inclinantes.
2122 2359 2218 2413 Hic
2269 2362 2366 2429 igi-

798 2468 885 2512 tur
944 2457 1187 2520 Anauus,
1218 2455 1377 2509 Festo
1436 2456 1487 2507 in
1544 2452 1729 2507 Iudaea
1786 2455 2057 2518 defuncto,
2095 2462 2147 2506 et
2177 2452 2367 2505 Albino

796 2550 1030 2602 nomlmn
1065 2548 1342 2600 obtinente
1364 2544 1621 2609 oﬁicium,
1657 2546 1977 2598 auctoritate
2029 2560 2122 2598 sua
2170 2558 2368 2611 prases

797 2641 919 2706 fuit,
952 2638 1294 2693 etJacobum
1342 2636 1569 2691 fratrem
1628 2635 1839 2691 Domini
1897 2650 2022 2689 cum
2069 2634 2190 2687 aliis
2240 2649 2371 2687 con-

798 2734 1057 2786 demuans
1094 2745 1149 2784 ut
1192 2731 1321 2799 legis
1352 2730 1641 2784 violatores
1677 2729 1941 2797 lapidibus
1968 2726 2140 2781 occidi
2168 2726 2366 2795 jussit:

804 2823 944 2873 unde
995 2818 1301 2874 Judacorum
1338 2818 1611 2872 mitissimi
1639 2818 1919 2887 indignati,
1950 2826 2004 2871 et
2040 2817 2153 2887 ipse
2182 2818 2372 2885 Agrip-

800 2928 866 2981 pa
902 2926 1013 2975 rex,
1050 2912 1291 2977 ejiciunt,
1333 2925 1457 2964 cum
1503 2910 1677 2963 tribus
1713 2910 1990 2963 mensibus
2024 2910 2369 2979 imperasset,

799 3012 855 3053 et
882 3000 998 3053 loco
1034 2999 1175 3054 illius
1200 2998 1382 3053 Jesutn
1418 2998 1715 3052 Damneum
1764 2998 2119 3053 collocarunt.

876 3158 1086 3211 Mortuo
1143 3156 1359 3211 Aarone
1415 3156 1582 3212 fratre
1622 3154 1829 3220 Mosis,
1882 3156 1977 3209 lilii
2016 3156 2133 3225 ejus
2182 3156 2232 3210 in
2287 3172 2374 3212 sa-

801 3250 1096 3301 cerdotiqu
1153 3249 1468 3313 succedunt,
1502 3259 1556 3302 et
1598 3249 1854 3317 deinceps
1907 3264 2093 3302 omnes
2137 3264 2205 3303 ex
2253 3250 2369 3317 ejus

802 3336 991 3403 stirpe.
1046 3334 1350 3390 lnvaluerat
1406 3337 1664 3391 enimch
1692 3341 1885 3406 patria,
1935 3353 2001 3392 ne
2030 3345 2151 3408 quis
2190 3341 2293 3395 nisi
2340 3357 2371 3393 e

810 3428 1080 3496 sanguine
1101 3428 1282 3480 Aaron
1306 3429 1665 3481 sacerdotium
1691 3442 1921 3499 gereret.
1952 3429 2189 3485 Fuerunt
2212 3433 2371 3501 igitur

802 3520 868 3571 ab
906 3521 1123 3573 Aaroue
1172 3532 1340 3586 usque
1370 3520 1435 3571 ad
1478 3518 1805 3585 Plianasum,
1850 3523 1939 3589 qui
1983 3532 2224 3592 tempore
2250 3523 2372 3576 belli

802 3626 831 3661 a
879 3610 1327 3665 tumultuantibus
1380 3612 1751 3679 pontiﬁcatum
1782 3614 2010 3684 accepit,
2043 3616 2167 3668 anni
2222 3624 2374 3669 octo-

802 3705 949 3770 ginta
998 3713 1128 3757 tres.
1185 3701 1309 3756 lude
1368 3717 1399 3755 a
1476 3703 1803 3759 deductione
1844 3707 2135 3772 edeserto,
2180 3705 2270 3759 ubi
2318 3717 2375 3760 et

807 3794 1213 3847 tabernaculum
1267 3793 1590 3849 fabricatum
1631 3804 1738 3859 est,
1766 3810 1936 3865 usque
1994 3799 2060 3852 ad
2119 3798 2371 3866 templum

802 3889 945 3955 quod
969 3886 1219 3939 Salomon
1252 3888 1543 3952 exstruxit,
1575 3888 1833 3941 tredecim
1862 3890 2233 3958 pontiﬁcatum
2256 3904 2373 3959 ges-

807 3990 1030 4045 serunt;
1076 3979 1165 4046 qtti
1201 3978 1397 4048 singuli
1432 3994 1552 4033 eum
1606 3994 1703 4049 per
1730 3991 1893 4035 totatn
1926 3982 2091 4035 vitam
2120 3982 2370 4037 obtinue-

804 4084 952 4125 runt.
1006 4068 1128 4122 Fuit
1156 4070 1370 4121 illorum
1427 4071 1724 4124 dominatio
1788 4072 1958 4141 prima
1992 4073 2369 4127 aristocratica

802 4166 917 4217 sive
948 4166 1305 4233 Optimatutn;
1349 4162 1546 4217 deinde
1585 4163 1658 4216 ad
1699 4178 1861 4215 unum
1900 4161 2117 4217 redacta
2168 4174 2274 4226 est,
2304 4165 2369 4215 ad

807 4270 960 4325 reges
979 4256 1155 4309 tertio.
1189 4254 1353 4323 Igitur
1374 4256 1442 4307 ab
1467 4255 1612 4308 exitu
1631 4268 1696 4307 ex
1726 4254 1947 4324 Egypto,
1966 4268 2132 4323 usque
2162 4256 2228 4308 ad
2243 4258 2369 4308 aedi-

805 4348 1110 4398 ﬁcationem
1162 4346 1341 4413 templi
1389 4344 1885 4415 Hierosolymitani,
1920 4346 2045 4399 anni
2081 4355 2207 4398 sunt
2244 4361 2371 4399 sex-

802 4437 945 4491 centi
968 4447 1021 4490 et
1041 4438 1340 4490 duodecim.
1383 4437 1513 4490 Post
1555 4439 1651 4491 hos
1683 4451 1810 4490 vero
1845 4438 2101 4491 tredecim
2152 4437 2371 4505 pontiﬁ-

2464 2006 2574 2052 τος.
2619 1993 2742 2045 "Ott.
2776 1996 3003 2059 ’Λνανος
3045 1998 3073 2048 δ
3114 1997 3333 2049 Ἀνάνου
3364 2000 3491 2060 παῖς
3511 2000 3610 2067 τὴν
3636 2000 4051 2070 ἀρχιερωσύνην

2467 2082 2822 2149 παραλαϐὼν,
2870 2086 3258 2154 ἀφαιρεθέντος
3316 2088 3485 2156 αὐτὴν
3519 2088 3806 2157 Ἰωσήπου,
3842 2089 4050 2158 θρασὺς

2469 2177 2536 2251 ἦν
2572 2178 2665 2229 καὶ
2688 2174 2963 2245 τολμητὴς
2989 2177 3353 2247 διαφερόντως
3374 2192 3389 2207 ⁸
3417 2179 3628 2247 αἰρεσιν
3653 2180 3763 2250 γάρ
3790 2181 3897 2249 τὴν
3924 2181 4050 2233 Σαδ.

2468 2270 2731 2324 δουκαίων
2772 2267 2960 2337 μετῄει
2989 2284 3001 2295 ·
3038 2264 3185 2320 οὗτοι
3232 2268 3342 2339 γάρ
3370 2269 3513 2337 ὠμοί
3540 2287 3599 2322 τε
3631 2272 3761 2341 περί
3787 2273 3891 2334 τάς
3939 2272 4047 2341 κρί-

2470 2381 2582 2425 σεις
2608 2362 2703 2414 καὶ
2737 2358 2871 2429 πρὸς
2895 2361 3077 2411 πᾶσαν
3107 2360 3397 2413 αὐθάδειαν
3426 2361 3655 2429 ἕτοιμοι.
3687 2358 3863 2425 υῦτος
3905 2364 4046 2416 οὒνὸ

2472 2454 2701 2514 Ἀνανος
2753 2452 2960 2517 Φήστου
3012 2451 3109 2520 μὲν
3168 2452 3226 2503 ἐν
3295 2452 3525 2521 Ἰουδαίᾳ
3575 2452 4044 2522 τελευτήσαντος,

2472 2543 2599 2616 [519
2631 2541 2727 2613 IL]
2775 2541 3015 2594 Ἀλϐίνου
3046 2543 3102 2593 δὲ
3127 2542 3279 2594 οὔπω
3306 2542 3724 2606 καταλαϐόντος,
3776 2545 4047 2615 αύθεντή-

2474 2651 2570 2695 σας
2600 2633 2817 2696 καθίζει
2847 2632 3143 2699 συνέδριον,
3167 2635 3261 2685 καί
3303 2634 3559 2687 Ἰάκωϐον
3586 2636 3679 2687 τὸν
3702 2636 3934 2702 ἀδελφὸν
3958 2638 4047 2688 τοῦ

2472 2726 2676 2795 Κυρίου
2707 2726 2803 2776 σὺν
2836 2724 3851 2795 ἐτέροις,παραωμίαναὶτιασάμενος,
3884 2727 4052 2789 λίθοις

2472 2814 2826 2885 ἀναιρεθῆναι
2874 2814 3303 2883 παρασκευάζει.
3363 2816 3477 2882 Ἐφ’
3520 2808 3564 2881 ᾧ
3610 2816 3721 2866 τῶν
3782 2816 4052 2869 Ἰουδαίων

2476 2907 2956 2977 ὑπεραλγήσαντες
2971 2906 3020 2957 οἱ
3044 2908 3081 2935 “
3108 2907 3522 2976 ἐπιεικέστεροι,
3542 2907 3633 2959 καί
3647 2907 3809 2969 αὐτὸς
3830 2908 4055 2976 Ἀγρίπ-

2475 3003 2619 3059 παςὸ
2641 2998 2911 3065 βασιλεὺς,
2936 2996 3286 3048 ἐκϐάλλουσιν
3304 2995 3546 3065 ἄρξαντα
3578 2997 3709 3067 μηνὶ
3736 3003 3806 3063 γ’,
3846 2995 4053 3065 Ἰησοῦν

2473 3088 2517 3140 δ’
2540 3089 2651 3140 ἀντ’
2680 3087 2843 3139 αὑτοῦ
2872 3088 2960 3138 τὸν
2988 3086 3228 3155 Δάμνεον
3251 3086 3673 3157 ἐγκατέστησαν.

2551 3180 2674 3232 ὐτι
2716 3179 2927 3249 Ἀαρὼν
2985 3180 3432 3248 τελευτήσαντος,
3477 3180 3757 3242 Μωῦσέως
3795 3179 4053 3247 ἀδελφοῦ,

2477 3273 2525 3324 oi
2556 3272 2746 3333 παῖδες
2795 3272 3106 3341 ἐκδέχονται
3162 3272 3263 3339 τὴν
3314 3271 3745 3342 ἀρχιερωσύνην,
3777 3267 3897 3325 εἶτα
3923 3272 4055 3340 ἑξῆς

2476 3361 2524 3411 oi
2551 3362 2756 3412 τούτων
2816 3360 3060 3428 ἔκγονοι·
3115 3360 3279 3427 νόμος
3313 3361 3422 3429 γάρ
3453 3360 3659 3428 μηδένα
3713 3360 3746 3428 ἦ
3789 3360 3882 3411 τὸν
3927 3361 3972 3390 ι’
3996 3359 4057 3423 ἐξ

2477 3452 2705 3519 αἵματος
2736 3450 2943 3521 Ἀαρὼν
2998 3454 3099 3520 τὴν
3122 3451 3529 3522 ἀρχιερωσύνην
3593 3451 3929 3521 εἰσδέχεσθαι
3952 3452 4055 3503 πά-

2477 3560 2629 3613 τριος
2668 3544 2914 3614 ἐκράτει.
2958 3544 3238 3610 Ἐγένοντο
3286 3541 3378 3596 οὖν
3428 3545 3536 3597 ἀπὸ
3574 3545 3843 3614 Ἀαρῶνος
3891 3546 4056 3613 μέχρι

2477 3635 2722 3686 Φανάσου
2750 3634 2845 3687 τοῦ
2870 3634 3010 3687 κατά
3028 3635 3120 3686 τὸν
3147 3634 3382 3703 πόλεμον
3438 3635 3544 3686 ὑπὸ
3571 3634 3681 3685 τῶν
3713 3637 4057 3687 στασιαστῶν

2479 3724 2883 3793 ἀναδειχθέντος
2945 3726 3244 3795 ἀρχιερέως
3295 3723 3385 3791 πγ¹
3429 3724 3547 3794 ἐτη.
3576 3726 3671 3777 Ἐκ
3710 3725 3917 3778 τούτων
3947 3728 4068 3781 ἀπὸ

2477 3816 2575 3884 τῆς
2601 3817 2659 3867 ἐν
2688 3818 2753 3885 τῇ
2783 3817 2976 3885 ἐρήμῳ
3025 3815 3325 3883 διαγωγῆς,
3354 3817 3412 3867 ἐν
3524 3817 3616 3867 καὶ
3642 3817 3674 3884 ή
3712 3816 3886 3885 σκηνὴ
3914 3820 4023 3887 ἐπή
4042 3846 4065 3856 -

2478 3925 2663 3976 γνυτο,
2691 3908 2852 3977 μέχρι
2880 3907 2975 3959 τοῦ
2998 3906 3173 3959 νεὼόν
3196 3907 3417 3977 ήγειρεν
3435 3908 3464 3958 6
3496 3906 3745 3975 βασιλεὺς
3777 3908 4052 3977 Σολομὼν,

2478 4000 2909 4069 ἀρχιεράτευσαν
2934 3998 3237 4068 δεκατρεῖς,
3266 3998 3366 4068 τὴν
3386 4000 3796 4069 ἀρχιερωσύνην
3820 4002 3909 4053 διά
3934 4002 4051 4070 βίου

2479 4089 2842 4158 κατασχόντες
2868 4090 3118 4153 ἕκαστος.
3144 4089 3394 4157 Ἐγένετο
3420 4090 3475 4142 δὲ
3508 4090 3685 4142 αὐτῶν
3717 4093 4053 4161 ἀριστοκρα-

2480 4182 2673 4251 τορικὴ
2698 4181 2795 4249 μὲν
2816 4182 2850 4249 ή
2883 4180 3073 4251 πρώτη
3115 4180 3380 4245 πολιτεία,
3446 4176 3567 4233 εἶτα
3613 4183 3900 4251 μοναρχία,
3932 4180 4052 4235 εῐτα

2480 4273 2791 4343 βασιλέωνὴ
2839 4273 3018 4340 τρίτη.
3051 4272 3186 4324 Ἀπὸ
3220 4271 3351 4341 γοῦν
3392 4272 3489 4342 τῆς
3516 4273 3611 4326 ἀπ’
3636 4274 3917 4340 Αἰγύπτου
3950 4276 4043 4339 ἐξα

2478 4366 2594 4416 ὁδου
2618 4363 2723 4425 ἕως
2758 4363 2850 4415 τοῦ
2881 4365 2937 4414 ἐν
2971 4363 3358 4433 Ἰεροσολύμοις
3382 4363 3485 4415 νεὼ
3502 4365 3599 4434 τῆς
3634 4366 3926 4435 οἰκοδομῆς
3953 4368 4045 4437 ἐτη

2478 4455 2683 4521 γίνεται
2743 4453 2807 4522 ιβ’
2860 4454 2955 4506 καὶ
3014 4459 3085 4523 χ’.
3126 4454 3280 4507 Μετά
3312 4455 3368 4506 δέ
3409 4456 3536 4517 τοὺς
3570 4462 3639 4522 ιγ’
3654 4456 3933 4527 ἀρχιερεῖς
3956 4462 4051 4512 καὶ

803 4544 915 4592 ces,
949 4540 1005 4583 et
1029 4538 1147 4595 post
1167 4529 1577 4581 tediticationem
1612 4528 1792 4595 tctnpli
1832 4528 2129 4582 octodecim
2156 4531 2361 4598 pontiﬁ-

2478 4544 2573 4613 τὴν
2627 4544 2917 4613 οἰκοδομὴν
2953 4542 3047 4595 τοῦ
3095 4542 3201 4596 νεὼ
3245 4542 3274 4596 ι’
3306 4546 3400 4597 καὶ
3428 4552 3477 4614 η’
3505 4544 3604 4616 τὴν
3631 4548 4050 4617 ἀρχιερωσύνην

805 4632 982 4672 catutn
1011 4629 1293 4686 gesserunt
1315 4635 1342 4672 a
1375 4620 1663 4673 Salomone
1692 4634 1835 4688 rege,
1863 4620 1914 4673 in
1938 4621 2134 4689 templo
2155 4623 2374 4676 sacrati.

806 4710 987 4764 Donec
1033 4710 1531 4765 Nabuchodonosor
1560 4708 1867 4779 Babylonia:
1908 4725 2002 4763 rex
2050 4714 2250 4781 templo
2290 4714 2374 4768 in-

803 4819 969 4857 censo
996 4801 1210 4857 Judmos
1238 4804 1480 4871 captivos
1514 4802 1565 4856 in
1602 4802 1953 4871 Babyloniam
1980 4804 2161 4857 avexit
2194 4802 2374 4858 Amzea

804 4900 1077 4963 pontiﬁce.
1150 4895 1351 4950 Horum
1395 4905 1602 4963 tempus
1667 4896 2012 4964 pontiﬁcatus
2060 4907 2187 4950 sunt
2246 4898 2374 4952 atmi

807 4990 1032 5044 trecenti
1064 4991 1340 5058 sexaginta
1388 5004 1506 5050 sex.
1562 5003 1775 5044 menses
1830 5002 1950 5052 sex,
2002 4990 2186 5044 decem
2232 4990 2369 5046 dies.

804 5085 935 5136 Post
990 5084 1355 5150 captivitatem
1412 5097 1539 5135 vero
1596 5082 1933 5151 septuaginta
1975 5081 2173 5150 elapsis
2218 5084 2375 5137 annis

805 5180 999 5251 Cyrus,
1045 5179 1328 5234 Persarum
1379 5196 1493 5241 rex,
1558 5181 1799 5248 captivos
1848 5180 1900 5233 itt
1943 5181 2173 5248 patriam
2219 5194 2371 5233 suam

803 5274 955 5326 abire
1020 5272 1281 5340 permisit.
1347 5270 1501 5326 Unus
1572 5270 1733 5339 igitur
1783 5286 1814 5325 e
1866 5272 2100 5325 reductis
2148 5272 2371 5340 captivis

804 5365 1172 5434 pontiﬁcatum
1225 5363 1441 5430 accipit,
1496 5371 1550 5417 et
1591 5362 1717 5416 inde
1771 5361 2079 5431 quindecim
2130 5363 2245 5431 ejus
2273 5380 2368 5433 po-

877 5512 905 5551 P
937 5502 1058 5557 Act.
1089 5518 1241 5567 xxitt,
1285 5502 1307 5554 1
1343 5515 1461 5569 sqq.

2476 4636 2631 4705 ἔσχον
2656 4638 2764 4688 ἀπὸ
2790 4637 3105 4704 Σολομῶνος
3127 4638 3390 4707 βασιλέως
3408 4642 3465 4691 ἐν
3480 4639 3557 4709 τῷ
3577 4641 3689 4709 ναῷ
3719 4642 4047 4711 ἰερούμενοι,

2474 4728 2577 4789 ἕως
2643 4728 3118 4798 Ναϐουχοδονόσορ
3164 4732 3191 4782 6
3236 4730 3591 4783 Βαϐυλωνίων
3646 4731 3908 4801 βασιλεὺς
3964 4738 4050 4787 τὸν

2474 4820 2610 4872 νεὼν
2643 4823 2935 4891 ἐμπρήσας
2964 4820 3344 4891 αἰχμαλώτους
3398 4823 3459 4875 τὸ
3486 4824 3756 4877 Ἰουδαίων
3791 4826 3947 4889 ἑθνος
3975 4832 4050 4891 εἰς

2474 4908 2767 4962 Βαϐυλῶνα
2798 4913 3134 4980 μετήνεγκεν
3190 4912 3383 4980 Ἀμαῖε
3420 4914 3460 4944 ³³
3491 4915 3553 4966 ἐκ
3597 4915 3692 4968 τοῦ
3718 4919 4044 4989 ἀρχιερέως.

2472 5001 2686 5054 Τούτων
2708 5004 2897 5072 χρόνος
2929 5006 3046 5056 ἐστὶ
3072 5006 3168 5073 τῆς
3198 5006 3605 5076 ἀρχιερωσύνης
3636 5009 3846 5074 ⁸⁸τξς’,
3882 5016 4047 5081 μῆνες

2474 5098 2547 5155 ς’,
2583 5096 2786 5163 ἡμέραι
2819 5102 2870 5148 ι’.
2897 5096 3051 5149 Μετά
3075 5097 3130 5149 δὲ
3159 5097 3256 5167 τὴν
3274 5098 3472 5151 ἁλῶσιν
3498 5100 3635 5152 ἐτῶν
3658 5100 3698 5153 o'
3726 5103 4046 5159 διελθόντων

2471 5184 2649 5253 Κῦρος
2701 5186 2730 5235 6
2798 5186 3023 5256 Περσῶν
3074 5188 3323 5257 βασιλεὺς
3366 5196 3491 5253 τοὺς
3520 5193 3912 5262 αἰχμαλώτους
3948 5201 4045 5251 ἁπ-

2468 5274 2656 5327 έλυσεν
2696 5278 2775 5337 εἰς
2823 5279 2921 5346 τὴν
2976 5278 3112 5331 ἰδίαν
3165 5279 3339 5334 ἐλθεῖν
3387 5283 3639 5354 πατρίδα.
3686 5281 3782 5349 Εἷς
3805 5286 3903 5343 οὖν
3941 5291 4044 5343 τῶν

2470 5367 2808 5436 ἀναχθέντων
2822 5369 3182 5439 αἰχμαλώτων
3196 5372 3467 5444 λαμϐάνει
3491 5376 3592 5447 τὴν
3605 5377 4043 5453 ἀρχιερωσύνην,

2090 5568 2322 5623 νΛΒΙᾹΣ
2355 5568 2753 5627 LECTIONES.

878 5711 920 5741 "
955 5712 1095 5796 ῖὲκτο
1118 5708 1241 5796 ,ξαῖ
1273 5707 1398 5796 βερέ
1431 5723 1511 5796 ει
1557 5706 1859 5796 ﬁdelibus
1886 5709 2062 5796 Ωεέίὲείι
2206 5707 2317 5796 ibi]
2344 5708 2523 5793 τοῖχε·
2606 5712 2647 5741 ’³
2677 5713 2842 5796 ieris
2872 5714 2932 5795 ἐξ
2964 5711 3056 5763 τοῦ
3087 5714 3160 5767 υτ
3206 5715 3401 5796 Ἀματη
3436 5720 3499 5796 εκ
3523 5720 3615 5773 τοῦ
3642 5741 3699 5787 ς.
3737 5724 4041 5796 mendum

808 5784 924 5861 ξιιμα
966 5778 1233 5861 Ἰωσεδὲκ·
1266 5774 1514 5857 sie’emm
1550 5774 1832 5861 δοες-βψω.
1886 5777 2241 5833 lltesclteiius.
2282 5774 2588 5844 ’ίωσὰὁοκος
2626 5774 3063 5845 ιἐΓΊωτάδωκος
3108 5798 3189 5840 est
3238 5774 3569 5861 A't'cliaaulog.
3608 5774 3697 5859 χ’,

805 5846 857 5884 ν’
880 5861 1001 5922 post
1051 5846 1454 5919 ἀρχιερωσύνης
1490 5850 1689 5900 excidit
1717 5847 1832 5916 ἐτη.
