4208 6442
244 391 384 458 1193

1165 390 1669 451 BlBLIOTHECA
1730 415 1799 430 -
1850 390 2013 452 COD.
2068 392 2474 454 CCXXXVIII.

3354 393 3488 459 ιιθι

241 504 339 556 καὶ
363 498 575 553 ἐκεῖθεν
613 498 660 551 οἱ
688 494 747 561 ἐξ
766 493 929 549 αὑτοῦ
971 494 1184 564 ἔκγονοι
1228 502 1291 549 ιε’
1309 496 1504 567 μέχρις
1544 496 1817 566 Ἀντιόχου
1844 502 1895 559 Δ

1844 502 1895 559 Α
1920 498 2052 552 steri
2088 514 2259 567 usque
2282 501 2349 554 ad
2376 500 2718 563 Antiochum,
2754 498 3038 571 Eupatoris
3071 501 3260 567 ﬁlium,
3292 508 3486 573 populo

238 592 337 645 τοῦ
376 590 713 659 Εὐπάτορος,
739 586 1015 648 πολιτείας
1044 586 1211 656 οὔσης
1239 588 1297 639 ιν
1316 586 1498 651 αὐτοῖς
1530 587 1813 656 δημοκρα-

239 682 489 754 τορικῆς.
517 682 625 734 Καὶ
655 679 861 733 τούτων
910 680 969 732 δὲ
1006 679 1195 749 χρόνος
1240 680 1336 748 ἐτη
1356 677 1478 732 υιδ’.
1518 677 1739 749 Πρῶτος
1768 677 1813 730 δ’

240 769 398 836 οὗτος
429 771 703 840 Ἀντίοχος
727 769 821 823 καὶ
860 769 887 822 ό
928 770 1231 838 στρατηγὸς
1280 768 1450 823 αὐτοῦ
1491 769 1699 832 Λυσίας
1724 769 1816 823 τὸν

242 864 448 928 Ὀνίαν,
474 855 519 929 ᾧ
542 858 820 922 Μενέλαος
853 859 1105 930 ἐπίκλην,
1150 858 1383 912 παύουσι
1412 860 1513 930 τῆς
1549 860 1818 931 ἀρχιερω-

242 956 435 1020 σύνης,
468 953 747 1015 ἀνελόντες
769 950 928 1004 αὐτὸν
964 952 1021 1002 iw
1065 950 1281 1021 Βεροίᾳ,
1305 952 1399 1005 καὶ
1428 951 1820 1005 ἀντικαθιστῶ·

244 1063 333 1099 σιν
363 1045 623 1115 Ἰάκιμον,
650 1043 842 1111 γένους
874 1043 975 1112 μὲν
995 1042 1090 1095 τοῦ
1115 1042 1408 1111 Ἀαρῶνος,
1438 1042 1502 1096 οὐ
1522 1043 1621 1111 τῆς
1648 1042 1818 1113 αὐτῆς

240 1135 289 1187 δ’
317 1134 519 1197 οίκίας.
541 1132 672 1205 [980
693 1133 787 1205 IL]
826 1132 924 1185 Διά
943 1131 1105 1185 τοῦτο
1150 1132 1247 1185 καὶ
1278 1131 1527 1195 ’Δνανὶας
1548 1133 1576 1185 ό
1595 1129 1691 1185 τοῦ
1731 1148 1821 1183 τε-

240 1226 607 1293 λευτήσαντος
656 1223 833 1276 Ὀνίου
884 1221 1192 1289 ἐξάδελφος,
1225 1223 1305 1285 είς
1327 1221 1603 1291 Αἴγυπτον
1629 1221 1822 1290 ἀφικό-

247 1330 412 1382 μενος
430 1312 541 1366 ’καὶ
571 1311 890 1381 Πτολεμαίῳ
918 1311 995 1381 τῷ
1015 1311 1343 1381 Φιλομήτορι
1374 1312 1467 1365 καὶ
1496 1312 1823 1385 Κλεοπάτρᾳ

242 1406 316 1473 τῇ
378 1403 600 1470 γυναικὶ
646 1401 735 1454 διά
773 1400 957 1469 φιλίας
987 1399 1179 1465 ἐλθὼν,
1214 1401 1389 1454 πείθει
1419 1402 1642 1465 τούτους
1682 1401 1825 1455 κατά

244 1494 343 1547 τὸν
389 1492 800 1562 Ἡλιουπολίτην
815 1494 977 1561 νομὸν
996 1493 1321 1562 δειμάμενος
1343 1494 1384 1524 ¹⁵
1404 1492 1484 1562 τῷ
1499 1491 1617 1562 Θεῷ
1647 1510 1824 1562 παρα·

246 1588 483 1655 πλήσιον
509 1582 603 1637 τοῦ
634 1585 693 1637 έν
740 1583 1131 1653 Ἰεροσολύμοις
1158 1583 1320 1635 αὑτὸν
1354 1584 1613 1654 ἀρχιερέα
1652 1600 1823 1637 κατα-

245 1679 475 1746 στῆσαι.
542 1676 603 1730 '0
652 1677 836 1745 μέντοι
861 1676 1105 1745 Ἰάκιμος
1153 1674 1250 1743 έτη
1300 1682 1346 1742 γ’
1388 1675 1825 1746 ἀρχιερατεύσας

244 1768 483 1838 τελευτᾷ
504 1783 519 1795 ·
549 1758 610 1820 οὗ
641 1765 882 1834 διάδοχος
898 1764 1070 1826 οὐδεὶς
1084 1766 1316 1834 κατέστη
1351 1764 1443 1817 ἐπὶ
1468 1764 1645 1818 ἐτεσιν
1666 1765 1824 1819 ἑπτά.

249 1859 426 1914 Πάλιν
557 1859 607 1910 οἱ
658 1855 769 1909 τῶν
817 1856 1194 1924 ’Δσαμωναξου
1235 1856 1440 1908 παίδων
1493 1855 1702 1923 ικγονοι
1730 1856 1829 1924 τὴν
1863 1837 1901 1891 Β

250 1948 596 2020 προστασίαν
612 1947 705 2000 τοῦ
724 1947 907 2009 ἔθνους
922 1945 1427 2011 πιστευθέντες,καὶ
1444 1946 1718 2001 Μακεδόσι
1741 1964 1831 2000 πο-

251 2043 619 2112 λεμήσαντες,
634 2039 888 2110 Ἰωάννην
914 2039 1172 2109 ἀρχιερέα
1192 2038 1545 2103 καθιστῶσιν,
1562 2039 1623 2102 δς
1656 2038 1829 2110 ἄρξας

252 2131 538 2193 ἐνιαυτοὺς
554 2130 694 2183 έπτά
711 2128 959 2199 τελευτᾷ,
986 2128 1278 2197 Τρύφωνος
1318 2128 1627 2191 ἐπιϐουλαῖς
1639 2128 1833 2199 διαμη-

248 2224 586 2296 χανηθείσης
606 2221 737 2295 [5ὶο
759 2219 851 2294 H.]
900 2221 1047 2292 αὐτῷ
1069 2221 1168 2291 τῆς
1196 2220 1454 2288 τελευτῆς
1477 2213 1566 2274 ὀὗ
1592 2220 1833 2288 διάδοχος

249 2316 441 2386 Σίμων
484 2316 810 2368 καθίσταται
852 2312 882 2365 δ
942 2310 1188 2379 ἀδελφός.
1240 2311 1352 2364 Καὶ
1370 2307 1561 2363 τοῦτον
1605 2309 1661 2363 δὲ
1699 2309 1835 2380 δόλῳ

253 2406 417 2475 παρά
447 2405 491 2436 ⁸⁸
510 2404 571 2457 τὸ
618 2402 919 2473 συμπόσιον
975 2400 1341 2470 διαφθαρέντα
1398 2400 1502 2451 ὑπὸ
1540 2398 1636 2453 τοῦ
1689 2416 1837 2468 γαμ-

250 2495 395 2566 ϐροῦ
424 2494 728 2563 διαδέχεται
755 2495 882 2554 παῖς
918 2490 1190 2562 Ὑρκανὸς
1241 2490 1414 2557 ὄνομα
1437 2506 1449 2518 ·
1477 2490 1535 2553 ὃς
1571 2489 1837 2543 τελευτῶν

253 2587 435 2658 Ἰούδᾳ
472 2586 550 2657 τῷ
578 2586 674 2638 καὶ
698 2582 1096 2653 Ἀριστοϐούλῳ
1121 2582 1372 2651 κληθέντι
1391 2581 1712 2636 καταλείπει
1740 2584 1837 2651 τὴν

252 2680 464 2750 ἀρχήν.
495 2678 837 2748 Κληρονομεί
863 2676 919 2729 δὲ
952 2677 1046 2729 καὶ
1088 2674 1277 2727 τοῦτον
1317 2676 1544 2743 ἀδελφὸς
1583 2677 1834 2741 Ἀλέξαν.

252 2772 409 2836 δρος,
460 2769 563 2821 ὑπὸ
612 2768 766 2821 νόσου
818 2767 916 2834 μὲν
956 2765 1376 2833 τελευτήσαντα,
1414 2765 1510 2835 τὴν
1540 2765 1839 2835 ἱερωσύνην

252 2863 319 2915 δὲ
353 2859 699 2929 κατασχόντα
733 2857 873 2927 μετὰ
901 2856 999 2925 τῆς
1028 2854 1305 2925 βασιλείας
1336 2855 1579 2924 (καὶογάρ
1604 2855 1841 2925 διάδημα

256 2952 549 3021 περιέθετο
570 2949 785 3021 πρῶτος
822 2948 1047 3017 Ἰούδας)
1078 2945 1323 3000 ὲνιαυτδν
1352 2946 1469 3000 ἕνα.
1504 2947 1842 3012 Βασιλεύσας

255 3045 307 3097 δ’
333 3046 361 3096 ὁ
390 3041 740 3110 Ἀλέξανδρος
770 3039 863 3091 καὶ
892 3034 1215 3106 ἱερατεύσας
1244 3034 1339 3104 έτη
1371 3036 1453 3100 κζ’
1474 3036 1839 3106 καταστρέφει

256 3142 355 3195 τὸν
382 3136 517 3205 βίον,
547 3130 873 3199 Ἀλεξάνδρᾳ
903 3126 1009 3199 [δὲ]
1042 3130 1107 3196 τῇ
1124 3128 1346 3189 γυναικὶ
1384 3127 1725 3196 καταστῆσαι
1746 3129 1840 3181 τὸν
1867 3169 1913 3231 C

258 3230 827 3303 ἀρχιερατευσόμενον
850 3223 1173 3295 ἐπιτρέψας.
1190 3223 1253 3275 Ἦ
1278 3225 1319 3255 ¹⁷
1333 3224 1390 3278 δὲ
1414 3226 1513 3294 τὴν
1532 3225 1631 3295 μὲν
1658 3226 1843 3294 ἀρχιε-

263 3326 521 3397 ρωσύνην
569 3320 822 3393 ’Υρκανῷ
843 3318 1023 3373 δίδωσι
1053 3316 1161 3368 τῶν
1192 3314 1324 3368 υἱῶν
1359 3315 1437 3385 τῷ
1464 3316 1843 3387 πρεσϐυτέρῳ,

262 3418 412 3489 αὑτὴ
444 3419 501 3471 δὲ
528 3417 628 3486 τὴν
647 3416 688 3449 ¹⁸
726 3411 1004 3483 βασιλείαν
1029 3410 1122 3478 ἔτη
1142 3410 1187 3464 θ’
1212 3409 1558 3478 κατασχοῦσα
1588 3409 1842 3478 τελευτᾷ·

262 3513 365 3566 τὸν
399 3512 512 3564 ἴσον
546 3509 604 3563 δὲ
635 3508 825 3579 χρόνον
851 3505 1229 3577 ἀρχιερατεύει
1254 3505 1349 3557 καὶ
1378 3501 1665 3573 Ὑρκανός.
1692 3500 1847 3553 Μετά

263 3604 382 3673 γάρ
403 3604 496 3654 τὸν
517 3602 731 3668 ἐκείνης
792 3598 1021 3651 θάνατον
1059 3599 1089 3650 ὁ
1122 3594 1386 3665 νεώτερος
1427 3595 1558 3657 παὶς
1593 3592 1728 3663 πρὸς
1755 3591 1847 3645 τδν

266 3692 509 3759 ἀδελφὸν
532 3690 845 3758 πολεμήσας
882 3686 1314 3757 (Ἃριστόόουλος
1344 3683 1494 3753 αὐτῷ
1531 3682 1725 3753 ὄνομα)
1754 3682 1849 3735 καὶ

264 3786 493 3854 ἀφελὼν
520 3785 619 3854 τὴν
678 3780 1116 3851 ἀρχιερωσύνην,
1175 3778 1385 3848 ταύτην
1408 3794 1469 3831 τε
1502 3778 1597 3830 καὶ
1620 3775 1721 3845 τὴν
1747 3776 1848 3844 τῆς

269 3875 488 3947 μητρδς
520 3872 799 3942 βασιλείαν
830 3870 992 3933 αὐτὸς
1049 3868 1456 3938 περιϐάλλεται.
1497 3868 1649 3919 Ἐτει
1676 3866 1731 3919 δὲ
1751 3867 1851 3935 τῆς

265 3965 456 4034 ἀρχῆς
489 3965 679 4034 τρίτῳ,
710 3962 805 4015 καὶ
858 3961 993 4028 πρὸς
1050 3960 1185 4029 μησὶ
1228 3961 1340 4020 τοῖς
1362 3958 1519 4023 ἴσοις,
1570 3958 1851 4026 Πομπήῖος

262 4054 449 4113 ἐλσὼν
484 4057 580 4110 καὶ
612 4054 712 4123 τὴν
746 4052 903 4105 πόλιν
934 4053 1053 4103 κατ’
1087 4051 1267 4119 ἄκρας
1303 4048 1440 4102 ἑλὼν
1469 4048 1631 4103 αὐτὸν
1653 4048 1751 4118 μὲν
1771 4049 1851 4109 εἱς

274 4152 507 4219 Ῥώμην
541 4148 680 4217 μετὰ
707 4146 817 4199 τῶν
842 4144 1048 4197 τέκνων
1071 4143 1241 4211 δήσας
1264 4140 1499 4211 έπεμψε,
1526 4139 1605 4209 τῷ
1631 4139 1676 4192 δ’
1720 4139 1852 4209 ’Υρ-

261 4245 430 4311 asan
463 4241 564 4310 τὴν
592 4236 1007 4308 ἀρχιερωσύνην
1034 4233 1268 4295 ἀποδοὺς
1291 4232 1391 4301 τὴν
1421 4231 1521 4301 μὲν
1543 4229 1636 4283 τοῦ
1666 4229 1851 4291 ἔθνους

261 4332 621 4403 ⁸προστασίαν
644 4327 933 4398 ἐπέτρεψε,
982 4326 1219 4395 διάδημα
1237 4324 1296 4376 δὲ
1348 4326 1535 4392 φορεῖν
1556 4320 1849 4375 ἐκώλυσεν.

259 4427 456 4497 Ἷιρξε
485 4426 543 4480 δὲ
570 4424 709 4495 πρὸς
727 4426 838 4485 τοῖς
861 4422 904 4475 θ’
923 4424 1033 4482 τοὶς
1052 4421 1095 4452 ¹⁹
1118 4418 1354 4489 πρώτοις
1380 4416 1474 4486 ἔτη
1490 4416 1731 4485 τέσσαρα
1758 4415 1853 4467 καὶ

1919 590 2216 659 imperante
2250 633 2265 658 ,
2296 602 2352 646 et
2381 594 2573 647 horum
2644 603 2853 663 tempus
2918 596 3043 648 anni
3112 594 3489 667 quadringenti

1918 692 1973 737 et
2034 685 2457 752 quattuordecim.
2518 684 2731 740 Primus
2787 688 2874 740 hic
2932 687 3231 741 Antiochus
3288 696 3341 741 et
3382 689 3491 741 dux

1918 769 2034 839 ejus
2067 770 2276 841 Lysias,
2322 770 2516 838 Onian,
2545 772 2818 829 Menelaus
2848 786 3225 845 cognomento,
3283 775 3493 843 pontiﬁ-

1918 870 2041 917 catu
2070 863 2342 928 abdicant,
2374 863 2763 919 interﬁcientes
2786 864 2933 919 illum
2960 865 3011 919 in
3041 865 3254 929 Heraea,
3279 874 3336 920 et
3359 880 3490 920 con-

1922 960 2003 1005 tra
2032 952 2361 1007 substituunt
2408 952 2671 1008 Jacimum
2699 996 2714 1020 ,
2735 968 2766 1009 e
2798 954 2967 1023 stirpe
2992 954 3207 1023 quidem
3234 955 3491 1019 Aaronis,

1922 1040 2014 1094 sed
2040 1054 2142 1094 non
2171 1055 2203 1096 e
2233 1049 2379 1095 recta
2411 1042 2570 1097 linea.
2606 1042 2726 1098 Ideo
2754 1050 2809 1097 et
2838 1043 3077 1098 Ananias
3105 1044 3300 1098 mortui
3340 1042 3492 1099 Onite

1923 1132 2184 1200 patruelis
2220 1131 2272 1186 in
2306 1131 2595 1204 Egyptum
2634 1132 2927 1202 proiectus,
2957 1134 3009 1187 in
3039 1134 3316 1189 Ptolemaei
3364 1133 3494 1189 Phi-

1924 1220 2199 1275 lometoris
2225 1231 2279 1275 et
2323 1222 2621 1291 Cleopatra:
2662 1224 2843 1277 uxoris
2892 1223 3184 1279 amicitiam
3246 1225 3490 1291 veniens,

1925 1312 2209 1383 persuadet
2234 1309 2359 1376 illis,
2392 1313 2631 1366 condens
2684 1313 2735 1366 in
2785 1313 3045 1382 Heliopoli
3086 1314 3345 1384 templum
3383 1315 3494 1371 Deo

1926 1406 2102 1460 simile
2138 1406 2186 1461 ei
2239 1404 2379 1473 quod
2406 1414 2488 1459 est
2518 1407 2568 1459 in
2600 1404 2921 1470 Jerusalem,
2975 1416 3033 1460 ut
3071 1421 3129 1461 se
3178 1408 3491 1477 pontiﬁcem

1929 1506 2196 1551 crearent.
2260 1496 2500 1551 Jacimus
2556 1510 2727 1551 annos
2785 1506 2893 1550 tres
2947 1499 3308 1553 sacerdotium
3370 1514 3493 1554 cum

1932 1588 2158 1644 rexisset
2199 1588 2464 1643 moritur:
2505 1588 2589 1642 cui
2652 1588 2791 1641 intra
2858 1596 3061 1657 septem
3113 1604 3286 1643 annos
3338 1606 3497 1646 nemo

1930 1678 2190 1732 succedit.
2222 1674 2457 1731 Rursum
2491 1692 2618 1731 vero
2668 1678 2868 1746 posteri
2918 1679 3150 1733 ﬁliorum
3191 1682 3496 1735 Asamonmi

1933 1768 2215 1835 imperium
2264 1768 2442 1836 papuli
2491 1770 2656 1831 nacti,
2696 1780 2906 1824 etcum
2952 1770 3340 1827 Macedonibus
3396 1787 3501 1841 pu-

1931 1868 2159 1929 gnantes
2186 1858 2452 1914 Joannem
2505 1860 2822 1928 pontificem
2874 1872 3083 1927 creant,
3114 1861 3207 1931 qui
3248 1877 3367 1916 cum
3417 1878 3505 1917 se-

1931 1961 2072 2020 ptem
2116 1952 2273 2005 annis
2303 1951 2607 2019 praefuisset
2662 1952 2912 2017 moritur,
2969 1952 3259 2022 Tryphone
3299 1953 3375 2007 illi
3403 1969 3500 2008 ne-

1930 2052 2045 2092 cem
2089 2039 2363 2105 moliente,
2410 2040 2495 2094 cui
2543 2040 2784 2095 succedit
2835 2041 3021 2096 Simon
3072 2042 3260 2097 frater.
3303 2041 3499 2097 Verum

1930 2137 1982 2181 et
2030 2127 2175 2183 hunc
2207 2128 2330 2183 dolo
2368 2129 2421 2182 in
2472 2128 2783 2185 convivium
2840 2131 3181 2185 interfectum
3231 2146 3261 2184 a
3304 2145 3502 2201 genero

1932 2221 2175 2289 sequitur
2200 2220 2340 2275 ﬁlius
2371 2222 2585 2275 nomine
2614 2219 2911 2293 Hyrcanus.
2945 2220 3043 2275 Hic
3070 2222 3325 2286 moriens,
3353 2220 3505 2278 Judte

1932 2309 2099 2378 quiet
2128 2311 2473 2365 Aristobulus
2528 2312 2911 2365 nominabatur
2949 2312 3203 2378 relinquit
3254 2327 3501 2382 regnum.

1936 2401 2193 2471 Sequitur
2241 2403 2385 2457 hunc
2427 2400 2595 2455 frater
2632 2402 2959 2465 Alexander,
3017 2401 3203 2456 morbo
3280 2403 3501 2472 quidem

1934 2494 2287 2556 exstinctum,
2350 2494 2446 2548 sed
2477 2493 2840 2548 sacerdotium
2881 2508 3003 2549 cum
3052 2507 3217 2563 regno
3253 2495 3506 2548 obtinen-

1939 2595 2065 2649 tem,
2126 2599 2249 2638 nam
2298 2592 2353 2639 et
2403 2584 2649 2638 diadema
2700 2583 2886 2638 habuit
2927 2585 3133 2653 primus
3177 2583 3349 2640 Judas
3398 2599 3509 2639 uno

1937 2690 2097 2730 anno.
2161 2676 2411 2743 Regnans
2458 2689 2586 2729 vero
2646 2674 2953 2730 Alexander
2995 2685 3050 2730 et
3134 2675 3505 2743 pontiﬁcatum

1938 2779 2149 2835 gerens,
2182 2780 2353 2820 annos
2379 2765 2448 2818 27
2480 2765 2645 2819 vitam
2682 2765 2821 2832 ﬁnit,
2858 2765 3175 2820 Alexandra
3200 2765 3356 2821 uxori
3380 2780 3509 2835 per-

1940 2858 2159 2910 mittens
2234 2857 2567 2911 constituere
2624 2858 2994 2927 pontiﬁcatum
3056 2867 3352 2924 gerentem.
3428 2859 3507 2913 lhi

1941 2950 2028 3002 illa
2084 2948 2456 3017 pontiﬁcatum
2503 2948 2753 3019 Hyrcano
2806 2950 2897 3004 dat
2941 2950 3048 3005 ﬁlio
3096 2960 3225 3005 natu
3276 2949 3504 3019 majori;

1944 3039 2053 3107 ipsa
2085 3054 2306 3106 regnum
2362 3054 2553 3094 novem
2601 3053 2778 3093 annos
2815 3054 2935 3094 cum
2988 3040 3344 3111 gubernasset
3386 3056 3506 3095 mo-

1947 3129 2108 3181 ritur:
2162 3130 2382 3185 totidem
2430 3130 2585 3184 annis
2627 3129 2987 3186 sacerdotium
3026 3130 3164 3200 gerit
3201 3129 3505 3201 Hyrcanus.

1944 3216 2073 3273 P0st
2122 3220 2282 3290 hujus
2341 3230 2573 3275 mortem
2610 3220 2794 3291 junior
2848 3220 2987 3276 ﬁlius
3042 3229 3232 3276 contra
3285 3220 3507 3278 fratrem

1946 3312 2140 3366 bellum
2178 3326 2395 3381 gerens,
2478 3312 2697 3367 nomine
2763 3312 3124 3379 Aristobulus,
3172 3320 3227 3367 et
3254 3313 3511 3369 antemna

1946 3406 2338 3472 pontiﬁcatum,
2395 3412 2503 3457 tam
2552 3402 2673 3467 hoc,
2722 3418 2884 3472 quam
2939 3406 3128 3459 matris
3174 3418 3337 3474 regno
3365 3407 3509 3472 poti-

1948 3505 2051 3547 tur.
2112 3493 2298 3548 Tertio
2359 3508 2503 3547 anno
2563 3494 2797 3562 imperii,
2847 3502 2902 3547 et
2939 3495 3218 3550 mensibus
3290 3498 3509 3552 totidem

1947 3585 2235 3653 Pompeius
2264 3585 2505 3649 veniens,
2537 3595 2593 3641 et
2622 3588 2806 3641 urbem
2841 3588 2888 3640 vi
2918 3588 3156 3655 capiens,-
3192 3589 3366 3657 ipsum
3399 3588 3510 3645 Ro-

1948 3690 2088 3730 mam
2115 3691 2235 3730 cum
2266 3675 2389 3729 ﬁliis
2417 3677 2685 3744 captivum
2712 3678 2874 3731 misit.
2904 3678 3209 3749 Hyrcanum
3234 3693 3361 3733 vero
3388 3695 3517 3749 pon-

1950 3766 2148 3821 tilicem
2178 3764 2475 3835 designans
2507 3767 2687 3837 populi
2730 3768 3015 3837 imperium
3052 3770 3100 3824 ei
3127 3771 3391 3839 permisit,
3417 3774 3515 3827 sed

1947 3880 2203 3921 coronam
2246 3880 2368 3919 eum
2399 3864 2540 3921 l‘erre
2569 3865 2760 3920 noluit.
2798 3865 3085 3934 Imperavit
3135 3881 3266 3921 vero
3320 3878 3518 3935 prater

1950 3970 2143 4010 novem
2204 3954 2431 4024 primos,
2485 3956 2642 4009 annis
2706 3965 2940 4025 quatuor
2975 3965 3032 4010 et
3075 3956 3290 4026 viginti.
3352 3956 3490 4012 Basa

1951 4048 2279 4117 pharmanes
2334 4056 2391 4102 et
2425 4046 2660 4101 Pacorus
2709 4050 2951 4116 dynastze
3000 4048 3347 4113 Parthorum,
3391 4062 3516 4102 cum

1952 4139 2203 4209 Hyrcano
2251 4138 2447 4193 bellum
2499 4147 2767 4208 gerentes,
2814 4153 2938 4192 eum
2997 4140 3173 4193 vivum
3218 4149 3514 4209 ceperunt:

1951 4232 2277 4300 Antigonum
2328 4243 2455 4285 vero
2525 4228 2816 4283 Aristobuli
2867 4227 3032 4281 ﬁlium
3078 4240 3259 4295 regem
3305 4228 3516 4281 consti-

1954 4330 2194 4378 luerunt.
2236 4322 2371 4376 Tres
2434 4334 2565 4374 vero
2619 4334 2790 4373 annos
2844 4328 2899 4373 et
2954 4328 3064 4372 tres
3107 4333 3323 4374 menses
3366 4319 3519 4373 illum

1956 4413 2310 4481 imperantem
2370 4409 2557 4464 Sosius
2610 4408 2805 4480 318!)
2866 4418 2920 4462 et
2955 4406 3196 4462 Herodes
3239 4422 3521 4479 expugna-

265 4491 480 4576 εἴκοσι.
522 4491 969 4585 Βαζαφαρμάνης
1001 4512 1057 4564 δὲ
1081 4512 1175 4563 καὶ
1197 4511 1464 4580 Πάκορος,
1494 4508 1544 4560 οί
1571 4507 1670 4577 τῆς
1697 4507 1846 4573 Παρ-
1870 4491 1925 4552 Ι)

1870 4491 1925 4552 Ι)
1951 4512 2095 4556 runt.
2144 4500 2413 4555 Antonius
2442 4514 2569 4555 vero
2598 4509 2811 4569 captum
2842 4498 3141 4552 Antiochia:
3185 4500 3362 4552 securi
3393 4512 3521 4567 per-

259 4611 485 4679 Ουηνῆς
509 4609 791 4668 δυνάσται,
824 4604 1233 4673 πολεμήσαντες
1265 4598 1523 4669 Ὑρκανῷ
1564 4597 1727 4651 αὑτὸν
1753 4598 1851 4666 μὲν

259 4702 493 4771 ζωγρίᾳ
538 4702 583 4733 ⁸⁸
641 4698 853 4761 έλαὸον,
884 4694 1184 4761 ’Δντίγονον
1221 4691 1278 4744 δὲ
1308 4691 1400 4743 τὸν
1440 4686 1852 4760 Ἀριστοϐούλου

256 4795 395 4850 υἱὸν
424 4789 648 4860 βασιλέα
682 4787 1045 4855 κατέστησαν.
1077 4784 1129 4835 Γ¹
1146 4782 1205 4836 δὶ
1235 4780 1330 4848 έτη
1359 4781 1455 4833 καὶ
1488 4779 1662 4847 μῆνας
1684 4785 1732 4845 γ’
1753 4777 1853 4845 ἀρ-

258 4891 450 4952 ξαντα
480 4880 666 4936 τοῦτον
692 4879 909 4939 Σόσσιος
944 4876 1039 4928 καὶ
1082 4870 1330 4944 Ἡρώδης
1374 4870 1851 4941 ἐξεπολιόρκησαν,

1954 4590 2141 4645 cussit.
2207 4587 2452 4658 Regnum
2512 4597 2691 4642 autem
2740 4586 2975 4641 Herodes
3008 4602 3036 4639 a
3074 4585 3333 4640 Romanis
3390 4588 3522 4641 ade-

1956 4691 2097 4748 ptus,
2154 4694 2260 4734 non
2301 4678 2533 4748 amplius
2581 4692 2613 4733 e
2652 4690 2848 4744 genere
2889 4676 3207 4730 Asamonaeo
3240 4677 3523 4745 pontiﬁces

1956 4773 2270 4827 constituit:
2310 4772 2571 4826 obscuros
2623 4783 2751 4824 vero
2804 4768 3037 4837 aliquos,
3074 4777 3128 4821 et
3160 4767 3331 4821 solum
3374 4783 3405 4822 e
3434 4783 3524 4822 sa-

1956 4862 2261 4916 cerdotibus
2316 4860 2591 4923 oriundos,
2640 4868 2834 4928 praeter
2884 4872 3045 4910 unum
3126 4857 3519 4919 Aristobulum,

257 4973 565 5035 Ἀντώνιος
606 4969 664 5022 δὲ
719 4966 1019 5037 ἀναχθέντα
1067 4966 1126 5017 έν
1178 4961 1479 5031 ’Δντιοχείςι
1511 4959 1846 5014 ἐπελέκισεν.

254 5067 392 5137 Τὴν
431 5064 488 5117 δὲ
531 5060 809 5130 βασιλείαν
858 5056 1102 5127 Ἡρώδης
1144 5055 1313 5124 παράυ
1350 5053 1634 5123 Ῥωμαίων
1680 5053 1853 5119 ἔγχει-

254 5157 489 5231 ρισθεὶς
508 5152 691 5207 οὐκέτι
711 5153 777 5204 ὲκ
808 5148 904 5202 τοῦ
921 5146 1294 5217 Ἀσαμωναίου
1319 5145 1505 5213 γένους
1531 5142 1851 5212 καθίστησιν

252 5246 580 5318 ἀρχιερεῖς,
614 5242 861 5311 ἀσήμους
883 5238 939 5292 δέ
974 5254 1127 5300 τινας
1164 5236 1260 5290 καὶ
1288 5236 1446 5303 μόνον
1473 5234 1530 5299 ἐξ
1548 5234 1738 5303 ἱερέων
1763 5231 1850 5285 δν-

249 5356 401 5399 τας,
433 5335 576 5403 πλὴν
608 5332 723 5394 ἑνός
748 5347 763 5362 ο
801 5328 1211 5400 Ἀριστὸὀουλος
1260 5326 1304 5379 δ’
1333 5320 1402 5395 ἦν
1449 5320 1625 5385 οὗτος,
1658 5320 1850 5385 υἱωνὸς

246 5434 309 5486 δ’
344 5424 421 5499 ἦν
444 5401 602 5488 οὗτος
632 5427 697 5477 ὲκ
724 5421 991 5491 θυγατρὸς
1035 5417 1305 5489 Ὑρκανοῦ
1351 5415 1446 5469 τοῦ
1484 5416 1592 5469 ὑπὸ
1622 5413 1849 5483 Πάρθων

1957 5413 2026 5467 lia
2074 5411 2289 5466 molitus
2336 5408 2478 5462 ﬁlius
2505 5408 2621 5476 ejus
2653 5404 2968 5467 Archelaus,
3002 5412 3058 5457 et
3083 5411 3200 5472 post
3232 5401 3381 5456 illum
3413 5401 3524 5503 Ro.-

247 5490 603 5595 ληφθὲντος,
622 5510 685 5569 οὗ
714 5516 808 5569 καὶ
833 5490 1122 5585 quam
1154 5513 1198 5542 “
1251 5508 1481 5580 συνῴκει
1510 5507 1847 5576 Μαριάμμη.

1958 5504 2128 5570 mani,
2176 5504 2268 5573 qui
2330 5500 2616 5569 imperium
2678 5498 3009 5551 invaserunt.
3071 5493 3209 5548 Sunt
3238 5492 3400 5560 igitur
3453 5490 3523 5544 ah

1495 5621 1731 5676 νΑΗιΕ
1784 5616 2186 5690 LECTIONES.

353 5730 403 5759 ⁸³
427 5721 790 5794 δειμαμένους
808 5717 1175 5794 ΔΙιίεεῑιξιιειίιεε.
1208 5716 1368 5794 Deest
1404 5725 1583 5794 autem
1607 5712 1781 5794 ’ναόνξ
1834 5782 1859 5794 _
1895 5710 1938 5794 ξς
1968 5706 2299 5794 παραλιπερὶ
2328 5706 2391 5760 C.

254 5803 313 5837 ι·
347 5776 621 5865 “1213631
652 5791 695 5842 θ’
721 5776 845 5844 add.
876 5788 941 5842 c.
1012 5790 1057 5819 υ
1092 5786 1333 5856 ζωγρίαν
1363 5802 1423 5850 ς.
1501 5786 1547 5817 ιι
1570 5786 1637 5852 τῇ
1665 5782 1864 5852 ἀδελφῇ
1892 5778 1968 5835 c;
2006 5776 2260 5849 ἠάδελφη
2296 5794 2355 5841 ς,

641 5882 916 5944 Panos.
954 5879 1075 5940 Gs.
1119 5879 1273 5940 Clll.
3008 5860 3087 5922 38

1958 4963 2207 5021 nepotem
2250 4967 2282 5007 e
2336 4952 2447 5006 ﬁlia
2498 4950 2729 5022 Hyrcani
2780 4966 2809 5003 a
2862 4949 3079 5003 Parthis
3132 4950 3297 5032 capti,
3360 4950 3520 5019 cujus

1956 5062 2109 5103 soror
2136 5059 2255 5099 cum
2286 5044 2579 5098 larismne
2605 5043 2756 5096 vixit.
2793 5041 2943 5095 Hunc
2988 5040 3355 5095 Aristobulum
3403 5056 3524 5097 me-

1957 5150 2113 5193 tuens
2141 5147 2393 5207 tanquam
2433 5134 2690 5199 nobilem,
2717 5145 2771 5188 et
2803 5147 2899 5202 per
2942 5148 3001 5188 se
3044 5133 3422 5203 conspicuum,
3454 5149 3525 5187 no

1956 5226 2183 5298 populus
2236 5225 2303 5279 ad
2338 5239 2459 5280 eum
2504 5222 2810 5284 inclinaret,
2857 5220 3174 5276 Jericbunte
3210 5222 3263 5275 in
3313 5221 3525 5289 piscina

1956 5318 2204 5375 suﬁocari
2245 5316 2429 5386 jussit.
2464 5315 2539 5370 De
2564 5312 2906 5368 sacerdotum
2936 5314 3325 5367 constitutione
3370 5310 3523 5364 simi-

2491 5708 2532 5737 ιτ
2566 5706 2599 5774 ἡ
2632 5704 2674 5759 C
2723 5721 2735 5757 ε
2773 5703 2908 5773 αὑτὴ
2935 5718 2994 5765 ς,
3098 5698 3140 5729 ⁸⁸
3164 5696 3262 5768 τὴν
3292 5695 3416 5751 add.
3447 5692 3518 5752 C.
