4208 6442
748 370 886 435 1199

1810 358 2071 420 ΡΗΟΤΙΙ
2106 359 2610 423 ΡΑΤΒΙΑΗΟΗιιΕ
2645 366 2754 426 CP.

3858 370 4002 437 iano

739 486 1066 539 concitasse.
1110 479 1345 550 Apparet
1375 484 1555 530 autem
1582 474 1819 528 iambum
1850 474 1981 528 olim
2018 482 2125 527 tam
2158 475 2211 528 in
2239 476 2314 527 vi-

2422 478 2599 531 Ἔοικε
2614 480 2667 532 δὲ
2680 482 2708 531 ό
2726 479 2921 549 ἴαμϐος
2934 482 2993 533 τὸ
3011 483 3109 551 μὲν
3126 482 3356 536 παλαιὸν
3374 480 3590 536 ἐπὶτῶν
3613 482 3692 545 είς
3712 483 3875 551 ψόγον
3904 489 4010 538 καὶ

743 573 1137 644 tuperationem
1200 585 1360 639 quam
1412 568 1774 620 laudationem
1833 580 1898 619 ex
1972 579 2128 633 aequo
2179 580 2311 619 con-

741 666 909 721 scribi
938 664 1177 725 solitum,
1202 660 1417 730 quando
1452 660 1505 713 in
1540 658 1805 713 conviciis
1842 657 2314 723 contumeliisque,

740 755 958 823 quidam
1000 762 1172 805 metro
1216 749 1538 803 insolentius
1573 748 1658 801 usi
1699 756 1856 811 sunt,
1890 747 2014 800 inde
2044 746 2318 816 ίαμὸίζειν

742 846 810 898 ad
855 842 1099 897 convicia
1126 840 1517 895 consuetudine
1559 840 1788 906 quadam
1817 836 2101 899 recidisse,
2130 852 2318 905 quem-

742 936 1027 995 admodum
1080 949 1109 987 a
1141 931 1364 987 comicis
1427 928 1739 984 commdiari
1790 928 2013 982 dictum.
2048 928 2317 981 lambico-

742 1041 864 1079 rum
899 1033 1177 1092 poetarum
1218 1020 1579 1075 Archilochus
1626 1019 1816 1073 Parius
1856 1017 2011 1072 facile
2042 1018 2315 1087 princeps,

743 1128 794 1169 et
830 1115 1138 1169 Simonides
1168 1113 1494 1182 Amorginus
1536 1130 1549 1165 :
1589 1112 1695 1173 vel,
1740 1118 1795 1163 ut
1844 1110 2061 1179 quidam
2109 1110 2317 1175 volunt,

746 1207 998 1271 Samius,
1049 1214 1103 1258 et
1145 1202 1428 1271 Hipponax
1474 1201 1737 1270 Ephesius
1786 1218 1798 1252 :
1839 1215 2065 1267 quorum
2113 1200 2321 1268 primus

744 1299 960 1366 quidem
992 1304 1233 1363 tempore
1273 1293 1461 1362 Gygis,
1492 1291 1630 1343 alter
1664 1304 1789 1342 vero
1817 1288 2043 1342 Ananiae
2075 1287 2322 1342 Macedo-

743 1390 826 1442 nis
855 1406 867 1441 :
900 1387 1179 1454 llipponax
1216 1382 1512 1448 vero,Darii
1546 1381 1877 1445 temporibus
1907 1377 2225 1433 ﬂoruerunt.

817 1480 989 1532 Melici
1029 1487 1208 1531 autem
1260 1474 1521 1529 carminis
1562 1474 1707 1525 varia
1750 1484 1944 1540 genera
2002 1470 2209 1523 faciunt
2265 1470 2319 1523 in

743 1569 1047 1638 multasque
1077 1577 1258 1636 partes
1302 1566 1566 1618 dividunt.
1616 1563 1870 1628 Quaedam
1904 1563 2050 1613 enim
2092 1560 2159 1613 ad
2192 1561 2323 1614 deos

742 1662 1036 1729 pertinent,
1062 1659 1167 1711 alia
1203 1658 1267 1709 ad
1292 1656 1559 1720 homines,
1591 1655 1692 1707 alia
1726 1655 1960 1721 denique
1986 1652 2050 1705 ad
2073 1652 2322 1707 fortuitas

742 1751 1100 1803 calamitates.
1146 1748 1225 1800 Ad
1259 1747 1387 1800 deos
1430 1747 1644 1813 quidem
1688 1740 2033 1807 referuntur,
2067 1745 2318 1813 hymnus,

2417 570 2636 621 ἔπαινον
2666 573 3026 639 γραφομένων
3045 574 3246 641 ὁμοίως
3269 573 3544 640 λέγεσθαι.
3563 576 3684 626 ἐπεὶ
3713 575 3768 626 δέ
3787 575 3833 605 ⁸³
3857 592 4009 636 τινες

2417 660 2751 713 ἐπλεόνασαν
2784 662 2841 713 ὲν
2865 663 2987 724 ταῖς
3008 662 3358 729 κακολογίαις
3385 663 3445 714 τὸ
3470 669 3689 733 μέτρον,
3707 664 3923 717 ἐκεῖθεν
3952 666 4010 717 τὸ

2421 752 2693 820 ἰαμϐίζειν
2724 753 2805 814 είς
2833 751 2893 805 τὸ
2922 752 3165 823 ὑϐρίζειν
3210 754 3455 823 ὑπὸτῆς
3502 753 3789 824 συνηθείας
3832 757 4005 807 ἐκπε-

2419 847 2550 909 σεῖν,
2573 844 2763 912 ὥσπερ
2791 844 2898 896 ἀπὸ
2917 844 3025 896 τῶν
3056 845 3322 913 κωμικῶν
3350 845 3411 898 τὸ
3438 846 3840 915 κωμῳδεῖσθαι.
3860 847 4010 917 Ίάμο

2417 932 2527 984 6ων
2559 933 2615 984 δὲ
2651 930 2875 1000 ποιηταὶ⁵
2911 932 3223 1001 Ἀρχίλοχός
3256 949 3315 985 τε
3340 933 3367 985 ό
3394 933 3596 1004 Πάριος
3636 934 3880 1004 ἀριστος,
3912 938 4011 988 aut

2419 1024 2721 1092 Σιμωνίδης
2764 1025 2792 1075 ὁ
2829 1022 3177 1093 Ἀμόργιοςῆ
3215 1023 3289 1086 ὡς
3324 1024 3454 1077 ἔνιοι
3481 1025 3683 1095 Σάμιος
3708 1063 3723 1085 ,
3761 1024 3858 1077 καὶ
3890 1023 4007 1077 Ἰπ-

2419 1111 2664 1177 πῶναξ⁸⁶
2699 1115 2727 1167 ὁ
2763 1113 3041 1180 Ἐφέσιος·
3069 1104 3145 1166 ὧν
3172 1112 3201 1163 ὁ
3234 1112 3333 1181 μὲν
3363 1113 3578 1181 πρῶτος
3618 1114 3709 1166 ἐπὶ
3741 1113 3941 1182 Γύγου,
3978 1115 4006 1165 ό

2419 1202 2475 1256 δὲ
2519 1203 2605 1255 ἐπ’
2642 1202 2884 1256 Ἀνανίου
2936 1201 3029 1255 τοῦ
3084 1202 3412 1268 Μακεδόνος,
3446 1203 3717 1271 Ἱππῶναξ
3757 1204 3817 1258 δὲ
3866 1206 4007 1258 κατά

2422 1296 2640 1365 Δαρεῖον
2679 1292 2951 1364 ἢκμαζεν.

2491 1478 2623 1548 Περῖ¹
2668 1477 2724 1531 δὲ
2757 1477 2987 1548 μελικῆς
3032 1478 3302 1549 ποιήσεώς
3339 1479 3566 1548 φησιν⁸³
3595 1480 3672 1542 ὡς
3706 1480 4007 1551 πολυμερε⁸

2423 1571 2591 1638 στάτη
2618 1588 2678 1623 τε
2706 1572 2800 1624 καὶ
2830 1571 3119 1641 διαφόρους
3141 1570 3255 1641 ἔχει
3280 1571 3551 1639 τομάςοἋ
3580 1572 3678 1641 μὲν
3700 1572 3811 1642 γὰρ
3841 1574 4009 1642 αὐτῆς

2424 1662 2750 1733 μεμέρισται
2778 1662 2940 1727 θεοῖς,
2964 1663 3000 1716 ἃ
3026 1663 3082 1716 δὲ
3109 1661 3437 1732 ἀνθρώποις,
3463 1663 3500 1715 ἀ
3524 1662 3581 1715 δὲ
3610 1664 3690 1725 είς
3711 1664 3811 1725 τὰς
3835 1681 4008 1733 προσ·

2424 1755 2727 1816 πιπτούσας
2760 1753 3129 1822 περιστάσεις.
3170 1754 3280 1806 Kal.
3309 1754 3388 1816 είς
3422 1752 3577 1815 θεοὺς
3611 1753 3710 1821 μὲν
3737 1754 4006 1823 ἀναφέρε-

744 1842 1059 1908 prosodion,
1110 1854 1280 1904 paean,
1330 1836 1726 1905 dithyrambus,
1781 1848 1990 1897 nomos,
2027 1832 2313 1897 Adonidia,

2424 1845 2546 1897 σθαι
2576 1846 2762 1914 ὕμνον,
2788 1821 3071 1915 προσόδιον
3091 1844 3161 1909 ⁸⁸,
3189 1846 3413 1911 παιᾶνα,
3432 1844 3789 1915 διθύραμὸον,
3822 1821 4006 1912 νόμον,

744 1929 1058 1993 lobacchus,
1081 1928 1276 1998 320a
1307 1925 1747 1995 hyporchemata.
1780 1926 1857 1977 Ad
1914 1924 2166 1979 mortales
2187 1939 2316 1980 vero

744 2022 1015 2089 pertinent
1054 2019 1320 2083 encomia,
1358 2016 1573 2085 epinicii
1598 2055 1614 2081 ,
1650 2015 1842 2077 scolia,
1881 2016 2165 2079 amatoria,
2200 2015 2316 2083 epi-

745 2113 1025 2175 thalamia,
1052 2111 1335 2181 hymenaei,
1363 2108 1491 2172 silli,
1517 2107 1949 2170 lamentationes,
1972 2115 2027 2159 et
2054 2108 2313 2176 epicedia.

741 2207 823 2261 Ad
852 2208 979 2260 deos
1009 2205 1169 2259 simul
1220 2212 1273 2257 et
1316 2204 1585 2268 homines,
1628 2202 1933 2272 partlienia,
1967 2203 2318 2273 daphneplioL

743 2301 877 2363 rica,
911 2296 1307 2365 oschOpliorica
1336 2306 1387 2349 et
1430 2295 1753 2364 precatoria.
1782 2294 1907 2349 Haac
1934 2297 2077 2349 enim
2110 2295 2161 2348 in
2193 2296 2320 2348 deo-

743 2406 861 2443 rum
891 2388 1103 2443 laudeni
1146 2388 1218 2442 ita
1251 2386 1571 2455 composita,
1608 2396 1665 2440 ut
1704 2396 1756 2440 et
1805 2388 2082 2441 hominum
2128 2388 2319 2457 prasdi-

743 2480 984 2533 cationes
1019 2480 1295 2548 complexa
1338 2481 1468 2532 sint.
1508 2475 1762 2531 Fortuita:
1807 2493 1934 2532 vero
1978 2478 2320 2533 calamitates

750 2567 946 2623 mellici
974 2567 1228 2622 carminis
1256 2566 1487 2635 speciem
1519 2566 1740 2620 minime
1760 2566 2126 2632 constituunt,
2156 2582 2317 2636 quam

747 2670 928 2711 tamen
964 2668 1135 2727 poetae
1182 2666 1527 2711 tentaverunt
1557 2673 1569 2708 :
1596 2666 1721 2726 puta
1753 2656 2101 2726 pragmatica,
2136 2672 2322 2726 empo-

745 2752 878 2814 rica,
925 2748 1241 2818 apostolica,
1275 2746 1681 2816 gnumologica,
1723 2748 1975 2816 georgica
2022 2758 2075 2801 et
2107 2748 2323 2814 epistal-

747 2844 871 2894 tica.

818 2929 1086 2998 Hymnum
1131 2930 1209 2983 sic
1244 2928 1447 2983 dictum
1480 2929 1669 2993 aiunt,
1709 2928 1863 2998 quasi
1907 2930 2234 3000 ὑπόμνησις,
2268 2930 2320 2984 id

744 3029 847 3082 est,
877 3021 1320 3073 commemoratio
1350 3022 1593 3087 quasdam
1630 3021 1721 3085 sit,
1749 3030 1802 3074 et
1832 3021 1987 3089 quasi
2024 3022 2075 3075 in
2116 3036 2321 3075 memo-

746 3113 882 3161 riam
918 3116 1137 3162 revocet
1183 3123 1271 3162 res
1324 3117 1505 3177 gestas
1551 3124 1737 3163 eorum
1783 3111 1873 3177 qui
1923 3110 2139 3179 hymnis
2178 3111 2320 3164 cele-

2436 1938 2707 1989 Ἀδωνίδια
2725 1938 2789 2000 ⁸⁷,
2811 1936 3101 2006 Ὶόὸακχον,
3116 1937 3497 2007 ὑπορχήματα·
3513 1937 3591 1999 είς
3614 1934 3671 1990 δε
3691 1937 4009 2008 ἀνθρώπους

2422 2029 2693 2096 ἐγκώμια,
2725 2025 3041 2091 salutaret”;
3075 2026 3341 2091 σκολιά⁸⁹,
3366 2026 3621 2096 ἐρωτικὰ,
3644 2027 4007 2095 έπιθαλάμια,

2429 2118 2731 2188 ὑμεναίους,
2766 2116 2974 2179 σίλλους
2991 2117 3058 2181 ⁹⁰,
3093 2116 3325 2186 θρήνους
3346 2158 3363 2182 ,
3398 2117 3716 2187 ἔπικήδεια·
3747 2118 3828 2180 είς
3858 2117 4009 2179 θεοὺς

2428 2210 2478 2263 ηὲ
2510 2210 2601 2262 καὶ
2636 2207 2955 2279 ἀνθρώπους
2988 2206 3256 2279 παρθένια
3277 2248 3291 2272 ,
3323 2207 3736 2279 δαφνηφορικά,
3769 2209 4009 2278 ώηοφοο

2426 2301 2572 2374 ιικά,
2603 2300 2829 2352 εὑκτικά
2853 2314 2866 2327 ·
2900 2298 3070 2352 ταῦτα
3102 2298 3213 2369 γὰρ
3246 2299 3325 2362 είς
3359 2298 3516 2361 θεοὺς
3545 2300 3873 2369 γραφόμενα
3920 2301 4006 2351 καὶ

2423 2392 2726 2461 ἀνθρώπων
2777 2391 3125 2463 περιείληφεν
3174 2390 3512 2454 ἑπαίνουςοι.
3544 2392 3624 2444 Τά
3676 2391 3734 2443 δὲ
3786 2394 3867 2454 εἰς
3917 2392 4009 2451 τὰς

2428 2482 2873 2545 πιοσπιπτούσος
2920 2482 3272 2551 περιστάσεις
3322 2483 3425 2535 οὐκ
3470 2482 3585 2534 ἐστι
3639 2483 3738 2551 μὲν
3771 2482 3885 2552 είδη
3914 2483 4009 2550 τῆς

2428 2579 2690 2649 μελικῆς,
2724 2578 2815 2631 ὑπ’
2842 2577 3023 2630 αὑτῶν
3059 2576 3116 2630 δὲ
3148 2575 3257 2629 τῶν
3286 2575 3527 2644 ποιητῶν
3558 2573 3970 2643 ἐπικεχείρηται
3991 2588 4008 2604 ο

2424 2670 2626 2723 τούτων
2654 2669 2711 2722 δέ
2748 2670 2861 2721 ἐστι
2887 2668 3246 2737 πραγματικὰ
3270 2707 3284 2730 ,
3312 2666 3589 2735 ἐμπορικά
3608 2706 3621 2729 ,
3650 2665 4009 2728 ἀποστολικά,

2428 2762 2829 2830 γνωμολογικά,
2866 2759 3171 2830 γεωργικὰ,
3204 2759 3579 2812 επισταλτικά.

2499 2939 2605 2991 Καί
2636 2955 2768 3007 φησι
2788 2940 2832 2970 θ’
2861 2938 2951 2989 τὸν
2985 2936 3150 3005 ὕμνον
3183 2936 3281 3006 μὲν
3298 2936 3344 2967 ³³
3369 2935 3687 3005 ὠνομάσθαι
3718 2937 3888 2989 dub"
3918 2936 4009 2989 τοῦ

2428 3031 2789 3099 ὑπόμνησίν⁹⁸
2816 3047 2936 3082 τινα
2964 3026 3101 3082 εἶναι
3127 3029 3219 3081 καὶ
3248 3029 3411 3082 οἱονεὶ
3429 3029 3475 3060 ⁸⁸
3496 3030 3576 3089 είς
3604 3028 3833 3098 μνήμην
3849 3029 3893 3059 ⁸⁷
3919 3030 4012 3081 καὶ

2429 3123 2731 3192 ὑπόμνησιν
2763 3122 2914 3189 ἄγειν
2940 3122 3035 3185 τὰς
3058 3122 3286 3191 πράξεις
3315 3121 3425 3174 τῶν
3451 3122 3825 3190 ὑμνουμένων,
3850 3122 3882 3191 ἢ
3905 3121 4009 3173 ἀπὸ

1326 3170 1349 3177 '
1800 3170 1817 3177 '
1962 3170 1979 3179 '
2434 3170 2721 3192 ""I""I"'
2765 3170 2904 3189 τι--ν
2952 3170 3033 3185 "'v
3065 3170 3283 3191 "rwvhv
3327 3170 3415 3174 *τ’
3457 3170 3825 3190 -Γ---Γ-ί-τπ
3856 3170 3882 3191 ἐ
3909 3170 4004 3173 -η-

746 3200 978 3251 bl'amur
1002 3215 1014 3265 ἓ
1055 3198 1137 3250 νει
1165 3198 1272 3250 ἀπὸ
1304 3197 1394 3250 τοῦ
1427 3198 1569 3250 ὕδειν
1601 3199 1790 3265 αὑτάς»
1821 3200 1961 3267 (μιοά
1992 3198 2152 3262 V3131,
2185 3216 2320 3267 Ρτω·
2347 3170 2390 3227 C
2422 3214 2515 3277 τοῦ
2540 3214 2680 3266 ὕδειν
2702 3212 2889 3277 αὑτὰς,
2907 3213 3045 3283 ὅπερ
3067 3211 3181 3265 ἐστὶ
3203 3211 3398 3279 λέγειν.
3418 3211 3674 3263 Ἐκάλουν
3699 3210 3755 3261 δὲ
3779 3211 4006 3263 καθόλου

744 3292 922 3341 dicare
948 3289 1109 3355 ipsas.
1145 3285 1424 3342 Vocabant
1460 3298 1639 3341 autem
1675 3289 1725 3341 in
1769 3288 2082 3342 universum
2115 3289 2320 3353 omnia,

745 3395 864 3447 quae
936 3380 985 3431 in
1043 3380 1273 3448 gratiam
1340 3393 1622 3432 sacrorum
1683 3378 2055 3433 ministrorum
2120 3380 2322 3448 scripta

744 3479 924 3529 erant,
976 3471 1204 3538 hymnos
1242 3483 1255 3518 :
1295 3475 1578 3535 propterea
1622 3465 1930 3534 prosodion,
1978 3465 2189 3533 aliaque
2236 3479 2325 3518 su-

743 3576 838 3630 pra
871 3570 1205 3624 enumerata,
1242 3559 1442 3627 hymno
1485 3559 1739 3612 distincte
1777 3558 1966 3626 subjici
2009 3556 2321 3617 videantur,

746 3662 805 3704 ut
838 3653 1044 3719 species
1074 3650 1281 3719 generi.
1311 3650 1489 3713 Quare
1540 3648 1729 3703 audire
1772 3648 1895 3701 licet
1935 3648 2025 3716 qui
2059 3648 2319 3712 scribant,

743 3741 973 3809 hymnos
998 3740 1301 3808 prosodios,
1336 3740 1565 3808 hymnos
1592 3738 1891 3800 encomios.
1924 3738 2154 3807 hymnos
2179 3752 2321 3805 paea-

743 3846 863 3894 nos,
893 3842 949 3886 et
982 3832 1049 3886 de
1079 3832 1291 3886 caeteris
1334 3831 1522 3885 eadem
1572 3830 1800 3886 ratione.
1852 3828 2149 3883 Prosodion
2183 3829 2324 3883 dice-

740 3922 921 3986 batur,
956 3938 1078 3977 cum
1120 3923 1186 3977 ad
1230 3936 1357 3977 aras
1414 3933 1504 3976 aut
1557 3922 1753 3989 templa
1783 3922 2129 3983 accederent,
2164 3929 2219 3973 et
2266 3920 2320 3973 in

740 4028 962 4068 accessu
979 4018 1043 4068 ad
1067 4015 1252 4068 tibiam
1270 4015 1587 4068 cauebatur.
1622 4012 1690 4065 At
1715 4012 1805 4081 qui
1846 4012 2060 4081 proprie
2087 4011 2322 4080 hymnus

738 4106 1053 4169 vocabatur,
1082 4106 1149 4159 ab
1182 4104 1480 4158 astantibus
1510 4103 1576 4156 ad
1614 4102 1877 4157 citharam
1910 4102 2317 4157 concinebatur.

812 4194 966 4248 Pman
1010 4207 1188 4249 autem
1243 4196 1503 4249 carminis
1562 4210 1751 4263 genus,
1802 4208 1945 4248 nunc
2008 4194 2073 4247 ad
2128 4207 2319 4249 omnes

740 4288 871 4339 deos
924 4286 1192 4354 refertur;
1233 4287 1359 4341 olim
1385 4302 1513 4341 vero
1580 4288 1901 4340 attributum
1971 4284 2224 4354 Apollini,
2266 4292 2320 4339 et

742 4379 943 4442 Dianaa,
986 4388 1043 4431 ut
1088 4378 1255 4447 pestis
1313 4378 1596 4447 morbique
1646 4377 2065 4446 depellerentur,
2111 4374 2318 4429 cantari

2425 3308 2600 3358 πάντα
2628 3303 2699 3356 τὰ
2730 3304 2809 3365 είς
2842 3304 2967 3365 τοὺς
3010 3302 3289 3372 ὑπηρέτας
3315 3300 3361 3333 ⁸⁸
3387 3301 3707 3369 γραφόμενα
3757 3301 3960 3368 ὕμνους
3985 3317 4000 3331 ·

2422 3396 2501 3449 διὸ
2548 3398 2643 3447 καὶ⁵
2678 3394 2740 3447 τδ
2789 3393 3070 3463 προσόδιον
3116 3392 3212 3445 καὶ
3257 3391 3329 3444 τὰ
3355 3391 3490 3445 ἀλλα
3521 3393 3590 3444 τὰ
3630 3392 4005 3461 προειρημένα

2425 3488 2702 3555 φαίνονται
2744 3486 2873 3557 [525
2925 3483 3017 3556 Η.]
3067 3483 3589 3545 ἀντιδιαστέλλοντες
3624 3483 3701 3549 τῷ
3741 3482 3899 3552 ὕμνῳ
3932 3484 4004 3545 ώς

2424 3576 2536 3645 εἴδη
2567 3574 2702 3645 πρὸς
2738 3575 2893 3641 γένος
2913 3590 2928 3606 ο
2961 3576 3055 3626 καὶ
3085 3574 3193 3644 γὰρ
3236 3573 3382 3625 ἐστιν
3409 3572 3587 3625 αὑτῶν
3616 3571 3842 3624 ἀκούειν
3873 3590 4003 3642 γρα-

2424 3667 2650 3733 φόντων·
2677 3664 2881 3733 ’Υμνος
2910 3663 3193 3733 προσοδίου
3211 3664 3277 3728 ⁹⁹,
3297 3663 3461 3732 ὕμνος
3488 3664 3768 3731 ὲγκωμίου
3788 3702 3803 3724 ,
3840 3661 4003 3730 ὕμνος

2423 3757 2667 3819 παιᾶνος,
2698 3756 2790 3809 καὶ
2818 3756 2887 3809 τὰ
2906 3756 3083 3825 ὅμοια.
3118 3752 3245 3825 [985
3270 3752 3363 3824 IL]
3396 3753 3640 3819 Ἐλέγετο
3666 3752 3722 3805 δὲ
3746 3752 3811 3805 τὸ
3833 3770 4000 3823 προσ-

2423 3850 2578 3915 όδιον,
2613 3847 2830 3902 ἐπειδὰν
2871 3847 3125 3918 προσίασι
3169 3848 3281 3906 τοῖς
3312 3844 3512 3915 βωμοῖς
3552 3844 3585 3914 ἢ
3619 3846 3792 3909 ναοῖς,
3831 3848 3925 3897 καὶ
3950 3846 4003 3899 ὲν

2420 3942 2499 4011 τῷ
2528 3942 2806 4011 προσιέναι
2841 3939 2997 4009 ᾔδετο
3042 3938 3177 4008 πρὸς
3218 3936 3411 3989 αὑλόνο
3442 3938 3471 3990 ό
3498 3934 3556 3989 δὲ
3586 3934 3796 4005 κυρίως
3839 3935 4000 4005 ὕμνος

2423 4035 2555 4104 πρὸς
2581 4032 2807 4103 κιθάραν
2837 4032 2993 4101 ᾔδετο
3025 4029 3275 4083 ἑστώτων
3301 4030 3339 4084 ³.

2510 4196 2565 4247 'U
2597 4195 2652 4247 δὲ
2684 4193 2849 4246 παιάν
2881 4192 3029 4245 ἐστιν
3051 4187 3189 4255 εῐδος
3213 4191 3357 4262 ᾠδῆς
3383 4193 3462 4254 είς
3495 4191 3705 4255 πάντας
3734 4192 3837 4245 νῦν
3867 4210 4001 4263 γρα-

2421 4286 2651 4355 φόμενος
2692 4286 2866 4349 θεοὺς,
2898 4284 2957 4336 τὸ
3007 4283 3063 4336 δὶ
3109 4282 3338 4336 παλαιὸν
3396 4281 3540 4345 ίδίως
3582 4284 3898 4353 ἀπενέμετο
3927 4284 4001 4354 τῷ

2435 4377 2725 4430 Ἀπόλλωνι
2755 4374 2847 4427 καὶ
2868 4377 2933 4443 τῇ
2968 4374 3265 4444 Ἀρτέμιδι,
3294 4372 3388 4425 ἐπὶ
3418 4372 3764 4425 καταπαύσει
3799 4373 4000 4444 λοιμῶν

740 4472 1003 4523 solitum:
1060 4470 1205 4523 vocis
1259 4480 1435 4523 tamen
1482 4469 1743 4523 abusione
1782 4468 1947 4523 etiam
1994 4467 2246 4538 prosodia
2288 4480 2317 4519 a

2423 4470 2516 4522 καὶ
2544 4468 2713 4520 νόσων
2736 4465 3013 4536 ᾁδόμενος.
3048 4464 3514 4534 Καταχρηστικῶς
3536 4464 3591 4516 δὲ
3617 4466 3714 4516 καὶ
3738 4464 3813 4518 τὰ
3837 4481 4002 4536 προσ-

739 4559 1055 4628 quibusdam
1084 4574 1327 4626 paeanum
1357 4560 1574 4613 nomine
1608 4558 1969 4627 appellantur.

811 4650 1196 4718 Dithyramhus
1233 4664 1359 4704 vero
1394 4651 1443 4703 in
1467 4649 1735 4704 Bacchum
1764 4648 2126 4717 conscriptus,
2155 4662 2184 4700 a
2206 4661 2312 4716 quo

738 4756 934 4794 nomen
964 4743 1195 4810 accepit,
1223 4743 1304 4794 vel
1330 4742 1473 4810 quod
1513 4741 1653 4811 apud
1707 4738 1887 4809 Nysatt
1928 4740 1983 4793 in
2043 4750 2201 4793 antro
2232 4739 2314 4793 di-

739 4833 1041 4901 thyrambo,
1057 4832 1157 4886 hoc
1174 4842 1274 4893 est,
1292 4830 1473 4894 bifori,
1490 4832 1850 4893 siteducatus,
1870 4830 1949 4882 vel
1967 4832 2105 4898 quod
2133 4828 2315 4881 λυθέν-

737 4939 845 4974 των
884 4922 991 4974 τῶν
1024 4923 1349 4994 ραμμάτων,
1401 4923 1501 4977 hoc
1543 4932 1649 4989 est,
1692 4922 1889 4991 apertis
1918 4920 2121 4975 suturis
2146 4919 2313 4983 Jovis,

737 5022 988 5082 repertus
1019 5016 1088 5067 sit
1120 5032 1133 5069 :
1164 5013 1244 5068 vel
1274 5015 1415 5083 quod
1463 5014 1545 5068 bis
1576 5013 1787 5083 genitus
1822 5013 2087 5076 videatur,
2142 5012 2333 5085 semel.

2419 4559 2535 4612 όδιά
2572 4574 2714 4620 τινες
2753 4558 2987 4619 παιᾶνας
3024 4555 3292 4623 λέγουσιν.

2503 4650 2559 4699 '0
2584 4648 2638 4700 δὲ
2664 4646 2999 4716 διθύραμϐος
3014 4645 3285 4715 γράφεται
3313 4645 3411 4714 μὲν
3434 4647 3513 4706 είς
3533 4644 3814 4711 Διόνυσον,
3836 4662 4001 4716 προσ-

2418 4741 2742 4811 αγορεύεται
2765 4740 2821 4793 δὲ
2843 4739 2903 4803 ἐξ
2932 4737 3095 4791 αὑτοῦ
3123 4739 3241 4807 ἦτοι
3265 4737 3353 4790 διὰ
3382 4736 3443 4789 τὸ
3470 4736 3612 4789 κατὰ
3641 4738 3743 4807 τὴν
3776 4738 3999 4790 Νύσσαν

2420 4834 2504 4883 ἐπ’
2539 4832 2718 4901 ἀντρῳ
2756 4829 2955 4901 διθύρῳ
2976 4831 2997 4861 ¹
3033 4829 3305 4900 τραφῆναι
3330 4826 3420 4881 τὸν
3453 4830 3723 4893 Διόνυσον,
3759 4829 3795 4899 ἢ
3826 4830 3917 4883 διὰ
3944 4830 4001 4881 τὸ

2420 4920 2686 4973 λυθέντων
2712 4919 2819 4972 τῶν
2848 4920 3151 4991 ραμμάτων
3174 4920 3268 4972 τοῦ
3302 4920 3420 4981 Διὸς
3447 4919 3736 4989 εὑρεθῆναι
3763 4920 3999 4987 αὑτὸν,ῆ

2416 5012 2547 5065 διότι
2577 5012 2655 5073 δὶς
2686 5011 2831 5063 δοκεί
2862 5010 3136 5078 γενέσθαι.
3172 5011 3317 5076 ἅπαξ
3358 5011 3493 5081 μὲν³
3522 5013 3584 5064 ὲκ
3609 5012 3707 5081 τῆς
3732 5012 3998 5083 Σεμέλης,

1983 5145 2208 5201 VARUE
2267 5146 2559 5203 LECTION
2576 5146 2681 5201 ES.

805 5242 851 5272 ⁸³
880 5244 1001 5294 ἐπεὶ
1030 5242 1087 5295 δέ
1115 5246 1153 5296 A
1181 5262 1194 5297 :
1226 5242 1411 5311 ἐπειδὴ
1444 5259 1503 5305 ς.

1580 5242 1625 5273 ⁸⁸
1664 5239 1937 5304 Ἱππῶναξ
1959 5240 2018 5292 δὲ
2047 5240 2164 5292 Ah:
2191 5241 2218 5292 ὁ
2237 5239 2280 5293 δ’
2316 5238 2587 5305 Ἱππῶναξ
2624 5257 2684 5303 ς-

2761 5240 2806 5271 ⁸⁸
2840 5239 3004 5307 φασὶν
3036 5257 3095 5304 ς.
3193 5241 3239 5273 ⁸⁸
3270 5240 3572 5307 προσῴδιον
3607 5260 3668 5307 ς.
3776 5244 3824 5276 ⁸⁷
3858 5245 3999 5298 ἀδω·

3193 5241 3239 5313 '_'
3270 5240 3572 5313 πρρσῴδιον
3607 5260 3668 5307 ς-

737 5311 878 5364 νίὸια
912 5313 993 5382 A:
1026 5314 1252 5367 ἀδωνίδα
1281 5330 1341 5377 ς.
1400 5307 1462 5344 ’⁸⁸
1484 5311 1717 5364 ὲπίνικοι
1740 5313 1777 5364 A
1809 5326 1840 5382 εξ
1857 5311 2114 5382 επινίκνιοι
2144 5326 2205 5382 ς,
2238 5308 2555 5382 Gaisl'ordus
2573 5318 2703 5382 post
2734 5307 3036 5382 Sylburgim
3069 5307 3331 5382 επινίκιαζ
3356 5307 3666 5382 Legendum
3688 5314 3996 5377 ἐπινίκους.

734 5382 779 5453 ’ἐ
819 5380 1005 5453 σκόλια
1030 5384 1095 5449 A,
1120 5386 1211 5453 qui
1236 5394 1305 5453 et
1323 5382 1469 5453 infra
1492 5380 1909 5453 axéktovjpﬁg}
1945 5395 1973 5453 ξ
2001 5379 2077 5453 4)-

734 5452 779 5483 υ
811 5451 910 5520 μὲν
948 5454 1070 5509 add.
1103 5449 1171 5511 A‘.
1271 5450 1470 5522 οδάπδ]
1528 5452 1647 5505 ἀντι
1676 5449 1756 5522 ΑΒ.

732 5532 979 5591 secutus,
1012 5538 1335 5590 qramquam
1359 5520 1534 5591 aptius
1560 5522 1630 5575 sit
1667 5520 1883 5591 ὑπόμνη

2154 5380 2407 5454 "opus;
2428 5378 2493 5432 A.
2536 5380 2609 5454 _“
2632 5378 2888 5454 έπαίνους
2911 5378 3039 5454 ante
3066 5380 3368 5454 ἀνθρώπων
3395 5378 3546 5454 ponit
3573 5382 3654 5454 B._
3712 5383 3919 5453 '“cpaat
3940 5402 3995 5448 ς.

1871 5451 1915 5482 ⁸⁸
1945 5446 2275 5519 ὑπόμνησιν]
2319 5449 2422 5519 ὑπὸ

1892 5520 2009 5589 μόν.
2056 5514 2082 5590 ’ί
2101 5520 2147 5551 ⁹⁶
2176 5514 2359 5590 οἱονεὶ]
2388 5514 2499 5590 οἷον
2536 5514 2603 5590 Α,
2634 5514 2831 5573 τοῦτον
2858 5520 2910 5574 It.

2483 5447 2677 5525 μῶμόν
2704 5450 2838 5525 _Ah,
2870 5447 3204 5525 _t'arr6ttov6v'_
3251 5447 3565 5525 Sylburgius
3606 5447 3995 5525 Elyméloguln

3024 5520 3088 5607 ’⁷.
3105 5520 3330 5607 μνήμην
3363 5521 3477 5607 Ah':
3517 5520 3743 5607 μνῄμήν
3772 5520 3919 5607 τινά.
3934 5538 3990 5585 ς.

732 5590 777 5621 ’⁸
809 5588 1109 5663 ὑπηρέτας]
1141 5588 1325 5646 malim
1356 5588 1498 5663 ὑπὲρ
1526 5592 1695 5661 ἡμᾶς.
1726 5588 2377 5663 δνίὺυτείυε-ἑναρέτους.
2427 5588 2499 5663 _’_'
2530 5589 2698 5663 ὕμνος
2720 5590 3040 5663 προσοδίου,
3061 5588 3233 5663 ὕμνος
3254 5588 3553 5663 ἐγκωμίουξ
3776 5595 3865 5663 Ανε
3896 5591 3925 5663 ὕ

733 5676 855 5731 von;
879 5657 1208 5729 προσῳδίους
1238 5663 1330 5715 καὶ
1353 5657 1558 5731 ὕμνους
1569 5657 1907 5729 ἐπικωμίους
1930 5657 2024 5712 καὶ
2045 5657 2247 5727 ὕμνους
2282 5676 2343 5724 ς.

734 5731 748 5758 ⁸
786 5728 880 5795 μὲν
905 5728 1159 5785 ἏόιΙζΑΙι.

2457 5610 2499 5620 "
2530 5610 2698 5658 υμνος
2730 5610 3040 5659 προσοοιου,
3066 5610 3232 5659 υμνος
3257 5610 3553 5661 εγκωμιου’
3585 5610 3822 5662 υμνοςιι
3851 5611 3865 5647 ἶ
3896 5610 3993 5659 υμ·

2424 5660 2437 5689 ¹
2471 5658 2741 5731 ἑστώτων]
2778 5660 3020 5715 ἑστῶσαν
3044 5660 3149 5716 Ah.
3208 5661 3228 5692 ’
3249 5659 3473 5732 διθύρφ]
3500 5662 3621 5718 libri
3644 5661 3987 5732 διθυράμδῳ.
