4208 6442
222 418 357 483 ιεοι

1253 425 1779 488 BIBLIOTH‘ECA.
1800 449 1872 463 -
1910 424 2075 486 COD.
2100 426 2453 488 CCXXXIX.

3348 424 3489 493 1202

220 529 515 600 δεύτερονδ
541 530 599 584 δέ
642 533 709 586 ἐκ
741 529 837 584 τοῦ
870 531 1066 603 μηροῦ.
1102 533 1405 606 Εὗμθῆναι
1449 537 1507 590 δέ
1533 536 1628 589 τὸν
1654 536 1801 589 διθύ-

1927 552 1975 592 ιι
2003 536 2238 601 Semele,
2270 540 2577 608 iterttmthe
2626 552 2690 591 ex
2741 537 2966 593 femore.
3014 537 3309 608 Repertum
3358 554 3489 596 vero

224 624 437 691 ραμϐον
458 622 719 693 Πίνδαρος
750 625 807 675 ἐν
825 624 1073 694 Κορίνθῳ
1094 622 1243 692 λέγει
1266 642 1279 656 θ
1306 628 1395 679 τὸν
1422 627 1480 681 δέ
1500 627 1807 697 ἀρξάμενον

1927 628 2079 684 'uisse
2106 628 2349 683 Corinthi
2381 628 2785 699 dithyrambutu
2821 627 3094 684 Pindarus
3138 629 3325 686 refert.
3373 629 3490 685 Pri.

220 712 324 782 τῆς
380 712 525 784 ᾠδῆς
572 713 946 783 Ἀριστοτέλης
995 713 1241 784 Ἀρίονά-⁸
1290 734 1454 788 φησιν
1503 714 1701 784 εἶναι’,
1750 718 1809 782 ὃς

1927 734 2057 772 num
2120 732 2249 773 vero
2297 718 2388 787 qui
2450 718 2554 773 hoc
2604 718 2850 773 carmine
2896 719 3177 785 cecinerit,
3223 719 3492 776 Aristote-

226 805 446 873 πρῶτος
477 806 571 860 τδν
598 804 819 860 κύκλιον
849 806 1024 875 ἧγαγε
1050 809 1227 877 χορόν.

310 989 370 1042 ‘0
403 990 587 1059 μέντοι
613 989 778 1060 νόμος
804 990 1078 1060 γράφεται
1114 992 1213 1061 μὲν
1246 994 1326 1057 είς
1348 995 1675 1062 Ἀπόλλωνα,
1697 997 1810 1069 εχει

224 1075 283 1129 δέ
338 1078 433 1130 καὶ
476 1077 579 1149 τὴν
616 1079 934 1148 ἐπωνυμίαν
979 1082 1073 1134 ἀπ’
1102 1082 1270 1136 αὑτοῦ
1312 1082 1617 1157 (νόμιμος’
1644 1089 1755 1160 γὰρ
1783 1092 1813 1145 6

238 1166 519 1222 Ἀπόλλων
534 1168 810 1241 ἐπεκλήθη
825 1171 893 1241 ⁸),
910 1172 992 1224 ὅτι
1012 1171 1122 1225 τῶν
1142 1173 1388 1244 ἀρχαίων
1414 1180 1609 1249 χοροὺς
1633 1180 1812 1234 ἱστάν-

226 1271 340 1306 των
366 1255 460 1307 καὶ
486 1256 623 1325 πρὸς
653 1256 816 1311 αὐλὸν
844 1258 878 1328 ἢ
911 1257 1080 1330 λύραν
1102 1259 1337 1330 ᾀδόντων
1360 1262 1455 1317 τὸν
1478 1265 1644 1335 νόμον
1662 1268 1812 1337 Χρυ-

228 1346 457 1416 σόθεμις
486 1348 677 1417 Κρὴς’
707 1347 945 1418 πρῶτος,
976 1350 1134 1421 στολῇ
1170 1352 1511 1423 χρησάμενος
1548 1358 1816 1426 ἐκπρεπεῖ

229 1441 328 1489 καὶ
368 1437 598 1508 κιθάραν
623 1439 908 1493 ἀναλαϐὼν
941 1442 1022 1504 είς
1053 1442 1288 1512 μίμησιν
1318 1443 1414 1497 τοῦ
1459 1447 1812 1515 Ἀπόλλωνος,

232 1530 395 1597 μόνος
420 1525 521 1602 ᾖσε
560 1530 745 1600 νόμον,
769 1531 864 1585 καὶ
893 1532 1354 1605 εὐδοκιμήσαντος
1370 1536 1414 1567 ¹⁶
1436 1536 1605 1591 αὐτοῦ
1625 1538 1816 1609 διαμέ-

226 1637 315 1673 νει
346 1622 375 1672 6
406 1618 606 1691 τρόπος
634 1621 729 1675 τοῦ
755 1624 1159 1694 ἀγωνίσματος.
1201 1626 1363 1679 Δοκεῖ
1388 1627 1445 1681 δέ
1470 1627 1818 1701 Τέρπανδρος

366 1711 585 1781 πρῶτος
613 1714 895 1769 τελειῶσαι
921 1717 1013 1770 τὸν
1047 1718 1211 1788 νόμον
1234 1757 1249 1783 ,
1281 1717 1444 1790 ἡρῴῳ
1476 1720 1660 1793 μέτρῳ
1683 1740 1820 1795 χρη-

229 1805 491 1872 σάμενος,
516 1804 708 1859 ἔπειτα
741 1806 937 1875 ’Δρίων
956 1810 984 1862 6
1005 1808 1361 1880 Μηθυμναῖος
1390 1811 1490 1865 ούκ
1514 1811 1670 1881 ὀλίγα
1695 1831 1819 1867 συν-

225 1896 491 1965 αυξῆσαι,
511 1897 670 1960 αὐτὸς
693 1897 789 1950 καὶ
814 1899 1042 1970 ποιητὴς
1064 1901 1158 1953 καὶ
1189 1901 1488 1973 κιθαρῳδὸς
1505 1903 1815 1974 γενόμενος.

224 1988 434 2057 Φρῦνις
452 1989 495 2020 ¹¹
526 1989 585 2043 δὲ
626 1990 655 2043 6
681 1990 1048 2060 Μιτυληναῖος
1077 1992 1503 2062 ἐκαινοτόμησεν
1530 1994 1693 2047 αὐτόν
1717 2011 1733 2027 ⁸
1760 1996 1823 2048 τό

226 2101 293 2137 τε
338 2082 448 2153 γάρ
481 2081 781 2153 ἑξάμετρον
806 2083 883 2152 τῷ
913 2084 1189 2156 λελυμένῳ
1222 2084 1449 2156 συνῆψε,
1483 2086 1576 2140 καὶ
1606 2088 1823 2160 χορδαῖς

224 2176 345 2228 τῶν
375 2174 420 2240 ζ’
455 2174 698 2229 πλείοσιν
725 2176 1017 2247 ἐχρήσατο.
1054 2177 1318 2248 Τιμόθεος
1368 2176 1428 2233 δέ
1479 2177 1706 2252 ὕστερον
1742 2184 1823 2247 εἰς

226 2269 337 2337 τὴν
375 2266 472 2321 νῦν
508 2267 671 2322 αὐτὸν
695 2268 738 2299 υ
776 2270 953 2338 ἠγαγε
990 2269 1166 2334 τάξιν.

309 2448 504 2501 Ἔστιν
552 2443 707 2500 οὖνυ
737 2447 766 2500 ὁ
804 2460 903 2517 μεν
948 2446 1282 2519 διθύραμϐος
1325 2453 1684 2522 κεκινημένος
1731 2452 1825 2506 καί

231 2540 378 2593 πολὺ
425 2539 487 2592 τὸ
531 2538 881 2602 ἐνθουσιῶδες
935 2539 1072 2609 μετά
1126 2541 1346 2611 χορείας
1392 2543 1695 2613 ἐμφαίνων,
1744 2548 1825 2608 είς

229 2633 390 2702 πάθη
412 2632 953 2702 κατασκευαζόμενος
971 2634 1038 2686 τά
1068 2633 1302 2703 μάλιστα
1320 2637 1497 2689 οίκεῖα
1511 2636 1590 2706 τῷ
1605 2636 1724 2706 Θεῷ
1745 2637 1785 2670 ⁸⁸
1806 2653 1821 2667 ο

229 2725 333 2779 καὶ
368 2723 658 2792 σεσόϐηται
685 2724 785 2792 μὲν
812 2724 907 2777 καὶ
939 2726 1051 2787 τοῖς
1087 2723 1315 2795 ῥυθμοῖς
1336 2765 1351 2789 ,
1387 2728 1480 2780 καὶ
1523 2727 1825 2780 ἁπλουστέ-

236 2832 368 2886 ραις
386 2816 431 2847 ¹⁸
465 2815 731 2884 κέχρηται
762 2818 883 2878 ταῖς
910 2812 1141 2879 λέξεσιν.
1159 2815 1217 2868 '0
1241 2816 1299 2868 δέ
1331 2817 1494 2886 νόμος
1513 2819 1827 2871 τούναντίον

230 2909 327 2962 διὰ
355 2906 466 2960 τῶν
496 2906 631 2959 θεῶν
661 2907 870 2959 ἀνεῖται
916 2906 1268 2975 τεταγμένως
1288 2907 1331 2938 ¹⁶
1358 2910 1450 2961 καὶ
1490 2910 1829 2981 μεγαλοπρε-

234 2999 385 3063 πῶς,
412 2998 508 3049 καὶ
528 2999 638 3059 τοῖς
671 2997 897 3068 ῥυθμοῖς
924 2997 1153 3061 ἀνεῖται,
1188 2998 1285 3050 καὶ
1306 2998 1622 3064 διπλασίαις
1642 3001 1683 3031 "
1708 3003 1826 3065 ταῖς

232 3088 423 3153 λέξεσι
465 3088 749 3157 κέχρηται.
780 3088 855 3139 Οὐ
895 3088 1001 3157 μὴν
1035 3087 1186 3153 ῖάλλά
1232 3089 1328 3141 καὶ
1375 3092 1498 3152 ταῖς
1538 3092 1829 3161 ἁρμονίαις

1911 808 1990 861 les
2017 806 2130 879 (9t)
2160 807 2415 863 Arionem
2441 806 2609 863 fuisse
2637 809 2837 877 prodit,
2867 810 2958 880 qui
3017 812 3224 881 primus
3258 812 3492 883 cyclium

1911 897 2134 950 chorum
2167 898 2339 953 duxit.

1985 984 2186 1043 Nomos
2214 988 2432 1057 quidem
2458 988 2511 1043 in
2531 988 2835 1059 Apollinem
2886 992 3251 1062 conscriptus,
3302 1006 3333 1046 a
3383 1005 3496 1061 quo

1916 1076 2332 1147 appellationem
2363 1079 2614 1147 sumpsit.
2644 1077 2927 1137 Nomimus
2965 1084 3110 1138 enim
3143 1083 3355 1154 Apollo,
3397 1084 3495 1152 qui

1915 1170 1991 1224 ita
2027 1169 2327 1238 appellatus
2352 1180 2437 1226 est
2460 1173 2605 1242 quod
2624 1172 2900 1228 veteribus
2932 1174 3129 1230 choros
3154 1176 3496 1231 constituent-

1916 1260 2081 1327 tibus,
2128 1269 2185 1315 et
2233 1261 2299 1316 ad
2340 1262 2525 1316 tibiam
2559 1262 2645 1317 vel
2695 1264 2876 1335 lyram
2917 1264 3111 1335 3206
3162 1281 3358 1320 nomon
3404 1282 3495 1319 ca-

1918 1352 2196 1415 nentibus,
2252 1351 2665 1423 Cbrysothemis
2743 1356 3025 1412 Cretensis
3092 1358 3299 1426 primus
3360 1358 3498 1411 stola

1918 1456 2053 1495 usus
2076 1441 2298 1510 insigni,
2336 1451 2391 1497 et
2415 1454 2636 1513 accepta
2656 1445 2888 1512 cithara,
2919 1446 3223 1516 Apollinem
3256 1447 3501 1501 imitatus

1918 1532 2064 1587 solus
2090 1533 2350 1588 cecinerit
2382 1548 2605 1599 nomon,
2638 1535 2731 1606 qui
2785 1551 2908 1591 cum
2968 1553 3032 1593 eo
3082 1554 3281 1608 genere
3335 1539 3501 1593 vehe-

1919 1633 2134 1679 menter
2156 1626 2416 1693 probatus
2452 1636 2622 1693 esset,
2658 1629 3069 1696 permansithic
3097 1630 3288 1685 modus
3319 1640 3501 1684 certa-

1921 1716 2105 1771 minis.
2136 1715 2509 1787 Terpandrum
2541 1732 2669 1773 vero
2705 1733 2908 1774 nomon
2926 1719 3226 1775 absolvisse
3256 1730 3501 1790 apparet,

1923 1822 2044 1863 cum
2065 1807 2342 1863 heroicum
2360 1823 2582 1863 carmen
2600 1810 2876 1864 adhibuit:
2902 1821 3023 1880 post
3044 1811 3211 1866 Arion
3232 1810 3503 1881 Methym-

1922 1911 2071 1952 nzus
2108 1912 2212 1952 non
2242 1912 2434 1967 parum
2468 1898 2637 1960 auxit,
2672 1910 2829 1967 poeta
2866 1900 3003 1970 ipse,
3034 1911 3091 1955 et
3146 1900 3503 1957 citharmdus.

1920 1989 2166 2061 Phrynes
2189 2003 2319 2045 vero
2348 1988 2687 2059 Mitylenaeus
2703 2005 2896 2044 novam
2929 1991 3191 2045 rationem
3223 2006 3507 2046 commen-

1922 2091 2013 2135 tus
2042 2090 2145 2135 est.
2206 2078 2601 2135 Hexametrum
2635 2095 2870 2150 namque
2906 2097 3027 2136 cum
3060 2082 3237 2137 soluto
3264 2082 3511 2137 carmine

1921 2170 2223 2241 conjunxit,
2258 2171 2502 2240 pluribus
2554 2173 2742 2236 etiam,
2800 2188 2960 2241 quam
3020 2183 3229 2243 septem
3284 2173 3509 2229 chordis

1923 2278 2054 2319 usus
2079 2282 2092 2318 :
2113 2272 2297 2332 postea
2330 2262 2649 2319 Timotheus
2669 2278 2815 2330 eum,
2838 2264 2928 2335 qui
2956 2278 3099 2319 nunc
3132 2273 3234 2331 est,
3257 2264 3509 2320 ordinem

1923 2354 2135 2409 induxit

1997 2447 2089 2501 Εδι
2126 2458 2307 2502 autem
2343 2446 2722 2518 dithyrambus
2773 2448 3057 2515 incitatus,
3090 2457 3146 2502 et
3170 2448 3397 2501 multum
3426 2446 3512 2501 l‘u-

1926 2539 2066 2594 roris
2098 2553 2223 2593 cum
2255 2538 2543 2593 saltatioue
2592 2539 2910 2605 ostendens,
2943 2540 3010 2593 ad
3043 2540 3513 2594 vehementiores-

1927 2645 2033 2700 que
2062 2630 2287 2686 allectus
2313 2640 2685 2701 comparatus,
2722 2631 2789 2685 ad
2821 2645 2913 2685 eos
2938 2633 3265 2699 praesertim.
3302 2632 3393 2701 qui
3435 2631 3513 2685 illi

1931 2721 2136 2775 numini
2160 2730 2284 2775 sunt
2312 2732 2673 2791 congruentes
2694 2740 2706 2775 :
2726 2730 2783 2775 et
2800 2722 3109 2776 concitatus
3135 2731 3220 2776 est
3249 2721 3512 2784 numeris,

1928 2822 1981 2866 et
2010 2812 2247 2867 dictione
2281 2813 2453 2866 utitur
2510 2812 2830 2882 simpliciori
2864 2854 2879 2879 ,
2944 2827 3135 2867 nomos
3186 2822 3373 2866 contra
3419 2826 3516 2880 per

1929 2902 2153 2958 allectus
2211 2912 2264 2957 et
2295 2916 2549 2958 numeros
2579 2903 2817 2960 leniores
2852 2904 3165 2969 remittitur,
3213 2905 3517 2973 Composito

1931 2996 2121 3065 gradu,
2156 3004 2209 3049 et
2233 2994 2521 3064 magnifico
2556 2994 2851 3051 incedens:
2885 2995 3068 3051 verbis
3108 3006 3373 3064 praeterea
3401 2997 3518 3050 du—

1932 3086 2161 3156 plicibus
2187 3085 2378 3139 utitur.
2419 3085 2558 3153 Quin
2601 3094 2657 3140 et
2680 3094 2973 3155 utrumque
3000 3085 3195 3158 [genus
3229 3082 3517 3158 carminis]

232 3181 470 3242 οἰκείαις
499 3180 759 3250 ἑκάτερος
784 3176 827 3209 ¹⁸
858 3180 1054 3248 χρῆται
1080 3195 1093 3209 ·
1125 3180 1153 3232 6
1189 3180 1288 3248 μὲν
1323 3177 1477 3252 [γάρ]
1505 3180 1596 3233 τὸν
1618 3184 1659 3213 ¹⁹
1682 3181 1824 3253 Φρύ-

1933 3179 2250 3244 congruenti
2282 3178 2453 3230 utitur
2482 3175 2793 3231 harmonia.
2818 3176 2951 3230 Illud
2982 3176 3203 3245 quidem
3225 3175 3517 3245 Phrygiam

232 3290 361 3342 γιον
392 3274 487 3324 καὶ
529 3269 899 3339 ’Υποφρύγιον
932 3268 1228 3340 ἁρμόζεται
1249 3311 1263 3334 ,
1294 3272 1322 3322 6
1345 3270 1510 3339 νόμος
1537 3272 1594 3324 δέ
1627 3272 1705 3342 τῷ
1736 3291 1829 3324 συ-

234 3367 482 3433 στήματι
514 3362 592 3430 τῷ
623 3362 734 3415 τῶν
780 3361 1098 3431 κιθαρῳδῶν
1140 3361 1537 3432 Λυδίῳ.”Εοικε
1580 3364 1638 3417 δέ
1670 3365 1699 3416 6
1730 3364 1830 3434 μὲν

233 3454 583 3525 διθύραμϐος
609 3453 718 3506 ἀπὸ
743 3453 845 3522 τῆς
874 3453 1015 3505 κατά
1066 3454 1191 3515 τοὺς
1225 3454 1429 3522 ἀγροὺς
1476 3455 1693 3518 παιδιᾶς
1737 3457 1831 3509 καὶ

232 3548 341 3614 τῆς
370 3545 431 3595 ἐν
458 3544 573 3606 τοῖς
606 3543 792 3605 πότοις
818 3541 1159 3628 εύιρροσύνης
1191 3543 1500 3613 εὑρεθῆναι,
1533 3548 1560 3598 6
1587 3546 1643 3599 δέ
1668 3547 1831 3615 νόμος

237 3634 393 3687 δοκει
432 3632 530 3701 μὲν
557 3632 665 3685 ἀπὸ
694 3630 787 3685 τοῦ
819 3633 1047 3694 παιᾶνος
1079 3632 1277 3702 ῥυῆναι
1298 3648 1310 3662 ·
1352 3634 1381 3685 6
1436 3635 1537 3703 μὲν
1582 3635 1690 3704 γάρ
1715 3637 1831 3688 ἐστι

238 3724 574 3792 κοινότερος,
604 3724 681 3785 είς⁵
708 3721 894 3775 κακῶν
920 3722 1252 3793 παραίτησιν
1284 3725 1690 3795 γεγραμμένος,
1714 3730 1741 3779 6
1772 3728 1830 3779 δὲ

241 3814 397 3877 ιδίως
431 3816 511 3876 είς
536 3814 846 3867 Ἀπόλλωνα
860 3812 1100 3866 ¹⁰.”υθεν
1130 3812 1192 3866 τὸ
1221 3814 1320 3883 μέν
1348 3816 1695 3880 ἐνθουσιῶδες
1732 3820 1833 3872 ούκ

236 3910 381 3977 ἔχει,
418 3906 495 3969 ὡς
546 3908 575 3959 6
621 3905 986 3975 διθύραμϐος
1020 3908 1138 3959 ἐκεῖ
1191 3907 1291 3974 μὲν
1336 3906 1445 3977 γάρ
1488 3907 1705 3977 μέθαι²⁸
1736 3911 1832 3963 καὶ

237 4003 481 4063 παιδιαὶ,
513 3997 746 4053 ἐνταῦθα
783 3999 841 4052 δέ
876 3999 1103 4051 ἱκετεῖαι
1152 4000 1247 4051 καὶ
1294 4000 1463 4069 πολλὴ
1487 4001 1641 4067 τάξις
1668 4017 1682 4030 ⁸
1736 4003 1833 4055 καὶ

236 4093 357 4161 γὰρ
379 4090 539 4152 αὐτὸς
560 4091 588 4143 6
606 4088 738 4152 Θεὸς
763 4091 820 4141 ἐν
841 4089 992 4154 τάξει
1018 4091 1113 4143 καὶ
1143 4091 1507 4160 συστήματι¹²
1531 4094 1832 4147 κατεσταλ-

239 4182 385 4252 μένῃ
427 4180 775 4251 περιέρχεται
816 4178 945 4251 [524
984 4180 1078 4252 Η.]
1119 4186 1211 4235 τὸν
1249 4186 1545 4252 κρουσμόν.

316 4272 601 4325 Ἀδωνίδια
621 4272 669 4303 ’³
702 4270 758 4323 δὲ
786 4271 1003 4340 λέγεται
1029 4272 1097 4325 τὰ
1130 4273 1211 4335 είς
1232 4270 1459 4325 Ἄδωνιν
1494 4275 1834 4344 ἀναφερόμε-

235 4364 542 4437 να.’ῌδετο
568 4362 625 4417 δέ
656 4366 685 4417 6
704 4363 979 4433 Ἰόϐακχος
1006 4365 1065 4416 ἐν
1093 4365 1307 4433 ἑορταῖς
1349 4366 1442 4417 καὶ
1472 4364 1684 4430 θυσίαις
1712 4369 1833 4419 Διο-

1935 3278 1989 3321 et
2019 3267 2459 3338 Hypophrygiam
2494 3269 2715 3323 adhibet
2746 3285 2762 3335 ;
2823 3283 3015 3323 nomos
3058 3282 3188 3323 vero
3219 3276 3520 3337 systemate

1935 3360 2383 3426 citharmdorum,
2416 3358 2588 3432 Lydio
2609 3360 2841 3424 scilicet,
2885 3368 3241 3429 temperatur.
3292 3358 3521 3413 Videtur

1937 3461 2114 3504 autem
2146 3451 2521 3522 dithyrambus
2556 3452 2608 3506 in
2636 3453 2961 3506 rusticorum
2997 3450 3115 3504 lusu
3140 3459 3193 3505 et
3221 3449 3519 3515 hilaritate,

1937 3543 2077 3595 inter
2102 3543 2290 3611 pocula
2318 3552 2567 3610 repertus
2621 3556 2786 3596 esse:
2830 3557 3020 3596 nomos
3073 3556 3199 3596 vero
3247 3556 3277 3594 a
3334 3556 3523 3610 paeane

1936 3630 2157 3685 ﬂuxisse
2190 3646 2205 3696 ;
2239 3633 2332 3685 sed
2354 3633 2440 3686 hic
2464 3641 2613 3701 patet
2644 3632 2825 3697 latius,
2854 3633 2919 3686 ad
2936 3633 3075 3686 mala
3101 3633 3517 3687 averruncanda

1936 3723 2301 3791 conscriptus,
2340 3722 2431 3777 ille
2479 3738 2609 3778 vero
2640 3724 2862 3793 proprie
2896 3724 2949 3777 in
2980 3724 3250 3793 Apollinis
3282 3723 3521 3788 laudem,

1938 3815 2079 3869 unde
2111 3825 2165 3869 et
2188 3814 2539 3869 furibundum
2597 3814 2733 3869 nihil
2783 3815 2963 3881 habet,
3017 3826 3074 3868 ut
3126 3813 3521 3883 dithyrambus.

1938 3905 2049 3961 lllic
2083 3906 2224 3961 enim
2253 3906 2564 3961 teutulentia
2594 3916 2650 3961 et
2699 3906 2906 3961 ludicra
2944 3906 3172 3976 puerilia
3230 3912 3357 3958 sunt
3390 3903 3518 3968 ;hic

1938 4012 2068 4052 vero
2116 3997 2564 4068 supplicationes,
2628 3995 2818 4052 varius
2884 3998 3048 4051 etiam
3127 3998 3281 4050 ordo.
3324 3993 3528 4049 Ordine

1940 4104 2173 4157 namque
2206 4098 2259 4143 et
2315 4096 2616 4158 systetuate
2669 4088 2953 4144 moderato
2979 4087 3183 4142 incedit
3226 4086 3346 4156 ejus
3388 4101 3526 4141 cou-

1938 4193 2149 4238 centus.

2009 4273 2275 4328 Adonidia
2303 4273 2578 4339 dicuntur,
2604 4287 2728 4342 que
2758 4272 2811 4327 in
2858 4272 3090 4326 Adonim
3130 4267 3529 4324 referebantur.

1939 4364 2237 4420 lobacchus
2259 4364 2631 4420 canebaturin
2664 4363 2823 4419 festis
2875 4372 2929 4417 et
2982 4362 3271 4417 sacriﬁciis
3305 4359 3529 4424 Bacchi,

235 4458 436 4520 νύσου,
470 4455 903 4526 βεϐαπτισμένος
933 4454 1112 4522 πολλῷ
1146 4456 1485 4525 φρυάγματι.
1506 4456 1824 4528 Ὑπόρχημα

1943 4458 2141 4510 tinctus
2189 4454 2356 4509 multo
2403 4465 2467 4509 et
2525 4454 2780 4509 insolenti
2850 4454 3092 4508 fremitu.
3149 4453 3530 4523 llyporchetna

233 4550 301 4603 εὲ
316 4549 365 4579 ³⁵
397 4548 461 4599 τὸ
493 4550 609 4615 μετ’
638 4546 922 4617 ὀρχήσεως
971 4547 1229 4618 ᾀδόμενον
1265 4548 1424 4616 μέλος
1457 4548 1707 4616 ἐλέγετο·
1741 4553 1824 4603 κα]

1949 4548 2213 4600 vocabant
2247 4560 2466 4599 carmen
2496 4559 2617 4598 cum
2642 4545 2933 4599 saltatione
2975 4545 3327 4598 decantatum
3362 4560 3377 4608 ;
3424 4541 3534 4593 ὑπὸ

234 4639 362 4709 γὰρ
386 4638 438 4690 oi
467 4637 684 4690 παλαιοὶ
720 4637 815 4704 τὴν
847 4637 967 4691 ὑπὸ
997 4636 1117 4689 ἀντὶ
1140 4636 1239 4704 τῆς
1258 4636 1407 4704 μετὰ
1436 4634 1561 4707 [988
1590 4636 1683 4709 8.]
1721 4640 1824 4691 πολ-

1946 4638 2088 4690 euim
2109 4647 2317 4690 veteres
2333 4652 2429 4705 pro
2450 4638 2588 4706 μετά
2605 4652 2747 4706 smpe
2767 4637 2964 4706 321a
2986 4652 3083 4690 usu
3094 4645 3339 4705 rparunt.
3361 4632 3534 4700 Hujus

235 4730 412 4792 λάκις
446 4727 770 4798 ἐλάμϐανον.
808 4728 1049 4799 Εὐρετάς
1098 4727 1155 4780 δὲ
1198 4727 1402 4781 τούτων
1446 4730 1697 4796 λέγουσιν
1715 4732 1759 4761 ’⁸
1795 4750 1821 4782 υ

1948 4729 2256 4783 inventores
2287 4728 2454 4783 fuisse
2484 4728 2747 4793 referunt,
2775 4730 2828 4782 hi
2877 4730 3097 4797 quidem
3128 4727 3379 4790 Curetas,
3437 4725 3532 4778 alii

240 4820 357 4891 μὲν
390 4819 699 4888 Κούρητας,
728 4819 777 4872 oi
806 4819 862 4874 δέ
898 4821 1111 4890 Πύρρον
1145 4818 1237 4871 τὸν
1263 4819 1574 4888 Ἀχιλλέως,
1607 4819 1728 4872 ὅθεν
1750 4822 1824 4873 κα

1947 4835 2075 4875 vero
2103 4820 2368 4890 Pyrrhum
2423 4820 2651 4875 Achillis
2688 4820 2854 4875 lilium
2885 4838 2899 4875 :
2934 4822 3075 4875 unde
3102 4819 3409 4874 saltationis
3439 4832 3534 4886 ge-

239 4905 699 4981 Πυρῤίχηνέἷδός
732 4926 786 4961 τι
808 4910 853 4940 ³⁸
883 4910 1163 4979 ὀρχήσεως
1191 4908 1461 4975 λέγουσιν.
1481 4909 1538 4962 '0
1574 4910 1630 4962 δὲ
1669 4910 1824 4962 ἐπίνιτ

1947 4928 2048 4968 nus
2063 4912 2333 4981 quoddam
2365 4910 2701 4982 Pyrrichiam
2720 4911 3064 4984 [Pyrrichan,
3082 4913 3168 4967 vel
3194 4907 3521 4983 Pyrricheu]

238 5019 350 5065 κος
372 5002 415 5031 ³⁷
449 5000 542 5053 ὑπ’
570 4999 732 5052 αὐτὸν
764 4999 856 5053 τὸν
879 5000 1069 5070 καιρὸν
1100 5000 1196 5069 τῆς
1225 4999 1380 5068 νίκης
1404 5002 1516 5063 τοῖς
1545 5000 1812 5069 προτεροῦ

1953 5002 2257 5057 nominaut.
2288 5001 2585 5071 Epinicios,
2616 5014 2811 5059 cantus
2856 5013 2981 5073 post
3034 5006 3319 5059 victoriam
3363 5002 3415 5055 in
3439 5002 3536 5055 ho-

1538 5136 1772 5193 VARIA']
1830 5136 2237 5195 LECTIONES.

1624 5229 1909 5304 '_‘A_plwva.
1955 5248 2055 5304 7g.
2142 5233 2163 5264 '
2195 5249 2359 5304 φησιν
2404 5229 2553 5304 εἶναι
2610 5232 2692 5286 A:
2724 5232 2870 5301 λέγει
2905 5251 2993 5304 ςκᾲ
3076 5228 3538 5304 ’νόμιοςῃὸοὴοι-

238 5314 364 5357 tus.
450 5299 473 5330 ⁸
502 5298 819 5411 ἐπεκλήθηι
852 5300 1078 5383 νόμιμος
1119 5299 1175 5352 δὲ
1230 5298 1431 5370 ἐκλήθη
1454 5302 1557 5355 Ah.
1646 5302 1669 5333 ’
1697 5302 1871 5371 Χρυσ.
1897 5304 1926 5355 6
1953 5303 2106 5373 Κρὴς
2134 5298 2217 5367 ς(
2256 5298 2315 5334 ’⁸⁸
2332 5303 2426 5356 καὶ
2440 5298 3015 5388 εὐδοκιμήσαντος-ΔΙ]
3034 5298 3539 5381 λεὺδόκιμήσαντος

238 5376 306 5411 xt-
331 5389 393 5411 ρ,
493 5372 533 5401 ιι
558 5386 753 5411 mnuum
836 5386 849 5411 ε
883 5371 1093 5411 ὼηυνπρ-
1122 5386 1182 5411 με
1259 5371 1303 5401 η
1329 5371 1492 5411 αὐτὴν
1518 5370 1639 5411 mm,
1664 5371 1723 5411 Δ-
1798 5372 1841 5403 η
1869 5367 1962 5411 nfm
1990 5373 2065 5411 at.
2092 5389 2106 5402 -
2137 5373 2192 5411 st-
2221 5390 2261 5411 ρ-
2364 5372 2407 5404 It
2432 5373 2509 5411 φιτ.
2541 5374 2648 5411 ης...
2682 5375 2758 5411 Ah
2787 5393 2797 5404 -
2831 5390 2925 5411 mnu
2960 5373 3143 5411 nmm-
3253 5372 3296 5402 ιι
3326 5370 3537 5411 ἀπληι...

236 5376 308 5427 se
331 5389 396 5435 ς.
493 5372 533 5401 “
558 5370 753 5440 φρῦνις
779 5370 850 5423 B:
883 5370 1093 5440 Φρύνης
1122 5386 1184 5433 ς.
1259 5371 1303 5401 ¹¹
1329 5371 1492 5424 αὑτὸν
1518 5370 1725 5426 add.A.
1754 5370 1762 5371 ί
1798 5372 1841 5403 ³³
1869 5370 1962 5424 οὖν
1986 5370 2107 5426 Ah:
2137 5373 2193 5425 δὲ
2221 5390 2283 5437 ς.
2364 5372 2407 5404 ⁸⁵
2432 5373 2509 5442 τῷ
2541 5370 2648 5444 θεῷ
2676 5370 2759 5426 Ah
2786 5393 2798 5426 :
2831 5373 2925 5425 τοῦ
2960 5370 3083 5425 θεοῦ
3102 5388 3165 5435 ς.
3253 5372 3296 5402 ⁸⁸
3326 5370 3537 5424 ἀπλού-

240 5440 567 5545 ετξέεξωξέλὲι
588 5439 1290 5545 εςὲῑῑλουσξέρραιςέξῖλξξ
1319 5443 1781 5545 τεταῑεένρξὲλςι
1821 5442 1861 5474 ⁸⁷
1893 5441 2326 5545 messae.“-
2390 5443 2434 5545 ξ’
2466 5443 2782 5545 “tam
2813 5458 2843 5496 ε
2872 5458 3014 5545 οοξςε·
3045 5443 3125 5545 As
3160 5441 3439 5545 suae;
3474 5458 3537 5504 ς·

243 5515 301 5545 ¹⁹
337 5510 456 5582 τὸν]
478 5509 576 5581 τὴν
609 5509 943 5583 Sylhurgius.
1022 5512 1067 5543 '°
1099 5509 1410 5564 Ἀπόλλωνα
1438 5509 1561 5566 Ah:
1593 5510 1836 5565 Ἀπόλλω
1859 5529 1937 5577 ς.,
2023 5515 2066 5545 ’ί
2148 5513 2269 5567 ἑθαι
2326 5514 2420 5566 καὶ
2473 5509 2683 5566 παιδιαὶ
2720 5515 2798 5566 Ah
2844 5531 2857 5567 :
2893 5512 3029 5582 μέθη
3091 5512 3184 5563 καὶ
3250 5509 3440 5564 παιδιά
3474 5528 3536 5573 ς.

242 5586 301 5615 ³⁸
335 5588 577 5650 σχήματι
599 5582 1025 5651 κατεσταλμένῳ
1050 5581 1387 5652 llermannus
1419 5586 1484 5635 ad
1516 5583 1741 5636 Aristot.
1776 5583 1949 5652 Poet.,
1978 5598 2031 5652 p.
2067 5531 2155 5638 95.
2262 5586 2306 5652 ’ξ
2330 5583 2637 5636 Ἀδωνίδεια
2660 5584 2932 5636 Bentleius
2967 5587 3031 5633 ad
3087 5580 3257 5652 Horat
3283 5595 3451 5634 serm.
3489 5596 3527 5646 ι,

241 5655 315 5718 3,
345 5654 397 5706 Ἰ.
473 5652 518 5682 ’⁸
539 5651 594 5704 δέ
629 5666 740 5706 om.
763 5655 826 5705 A.
880 5650 949 5683 θ’·
974 5650 1219 5719 λέγουσιν
1241 5650 1323 5705 Ab
1348 5670 1359 5705 :
1395 5654 1556 5720 φασὶν
1585 5672 1642 5717 ς.
1721 5653 1765 5685 ²⁶
1799 5650 1936 5716 εἶδός
1964 5650 2015 5706 τι
2038 5654 2154 5708 Ah:
2184 5672 2233 5707 τι
2264 5650 2400 5716 εἶδος
2426 5672 2485 5717 ς.
2600 5656 2643 5685 ³⁷
2672 5654 2912 5715 ὲπίνικος
2935 5652 3015 5705 Ah
3061 5667 3073 5703 :
3114 5650 3378 5711 ἐπινίκιος
3406 5665 3467 5711 ς.

328 5233 352 5262 ⁸
384 5230 649 5301 δεύτερον
683 5228 740 5301 δέ
777 5228 867 5301 _Ah
900 5247 930 5301 7:
964 5229 1059 5283 καὶ
1180 5228 1402 5301 εύτερον
1456 5247 1517 5295 ς.

1793 5762 1999 5817 NOTAE

339 5859 453 5927 (91)
486 5854 703 5927 Agclius
734 5856 829 5911 hb.
868 5872 921 5922 ι,
953 5871 1072 5927 cap.
1132 5855 1215 5923 l9,
1262 5856 1521 5916 Orchiutu
1580 5858 1849 5917 cecinisse
1886 5857 2144 5915 Arionem
2174 5868 2238 5913 cx
2272 5854 2540 5912 llcrodoto
2586 5862 2993 5911 commemorat.
