4208 6442
694 384 833 449 1203
1798 375 2059 435 ΡΙΙΟΤΙῙ
2093 372 2315 434 l’ATRl

2415 371 2603 432 {CBJK
2632 373 2742 433 (ΖΡ.
3826 350 3973 416 12οι

697 513 885 551 nuretn
917 510 1101 550 eorum
1131 492 1222 562 qui
1261 490 1542 544 victoriam
1577 497 1757 542 essent
1797 488 1996 555 adepti,
2030 486 2272 539 conscri-
2305 506 2315 541 Α

2415 502 2458 534 ιν
2481 485 2525 514 ’⁸
2565 488 2623 536 ὲν
2656 484 2767 543 τοῖς
2799 477 3005 547 ἀγῶσιν
3033 471 3325 543 ὶγράφετο.
3356 465 3429 519 Τδ
3467 465 3525 518 δὲ
3556 463 3771 517 σκολιον
3805 464 3974 532 μέλος

698 588 947 640 bcbatur.
1013 585 1250 646 Scolion,
1321 596 1539 634 carmen
1588 580 1743 646 quasi
1786 578 2088 644 obliquum,
2135 578 2271 627 inter

2418 578 2536 628 δετο
2587 576 2739 644 παρὰ
2760 574 2806 603 ’⁸
2835 571 2960 630 τοὺς
3011 566 3239 625 πότους·
3276 561 3357 623 διὸ
3387 558 3482 611 καὶ
3513 556 3795 625 παροίνιον
3836 554 3974 606 αὐτὸ

699 680 889 746 pocula
958 677 1357 729 accinebatur:
1436 674 1575 726 unde
1658 670 1967 739 [ιαροίνιον.
2006 670 2109 721 hoc
2167 678 2271 730 est,

2415 670 2488 720 σθ’
2518 669 2605 719 ὅτε
2638 663 2896 719 καλοῦσιν
2917 674 2930 688 ·
2966 653 3255 725 ἀνειμένον
3298 650 3355 701 δέ
3400 650 3517 700 ἐστι
3548 648 3614 715 τῇ
3648 645 3972 711 κατασκευῇ

698 768 1052 821 debacchatio
1084 767 1376 828 vinolenta,
1431 763 1719 831 aliquando
1752 770 1833 815 est
1900 760 2223 828 appellatum
2259 774 2271 808 :

2419 761 2474 813 αἱ
2526 757 2896 811 ἁπλούστατον
2952 749 3209 818 μάλιστα.
3244 740 3464 794 Σκολιδν
3501 738 3557 790 δὲ
3593 736 3842 806 εἴρηται,
3870 734 3975 803 οὐχ

701 862 985 915 remissum
1018 876 1145 915 vero
1176 860 1589 928 compositione,
1628 866 1679 910 et
1740 857 1968 934 simplex
2019 855 2275 907 maxime.

2415 868 2452 913 ις
2489 850 2652 911 ένίοις
2680 846 2822 909 ἔδοξε
2838 844 2904 907 ³⁰,
2933 840 3075 894 κατὰ
3108 835 3433 903 ἀντίφρασιν
3463 830 3553 900 (τά
3576 830 3682 897 γὰρ
3711 827 3852 879 κατά
3879 828 3977 877 ἀνο

2381 945 2637 1012 τίφρασιν
2663 938 2735 1000 ὡς
2770 936 2973 989 ἐπίπαν
2999 930 3094 984 τοῦ
3124 922 3475 995 εὐφημισμοῦ
3508 918 3849 989 στοχάζεται,
3872 919 3978 969 οὑκ

2383 1010 2461 1098 εἰς
2481 1010 2839 1101 -κακοφημίαν
2883 1023 3208 1095 μεταϐάλλει
3230 1020 3270 1051 ³¹
3308 1019 3370 1070 τὸ
3399 1014 3689 1083 εὔφημον),
3722 1011 3860 1063 ἀλλὰ
3888 1010 3979 1061 διὰ

2384 1129 2444 1180 τὸ
2477 1118 3039 1197 προκατειλημμένων
3064 1113 3164 1184 ἢδη
3188 1110 3296 1164 τῶν
3321 1105 3693 1177 αἰσθητηρίων
3718 1102 3813 1154 καὶ
3836 1117 3980 1197 παρ-

2386 1218 2615 1287 ειμένων
2643 1214 2769 1283 οίνῳ
2786 1213 2828 1242 ³²
2861 1209 2968 1261 τῶν
2991 1202 3277 1275 ἀκροατῶν
3302 1198 3604 1270 τηνικαῦτα
3625 1191 3980 1259 εἰσφέρεσθαι

2386 1313 2447 1363 τὸ
2475 1308 2730 1379 βάρϐιτον
2763 1305 2843 1365 είς
2872 1300 2940 1353 τὰ
2971 1295 3272 1367 συμπόσια,
3300 1293 3395 1345 καὶ
3418 1286 3831 1350 διονυσιάζοντα
3851 1284 3985 1334 ἐκα-

2390 1372 2514 1454 στον
2545 1372 2907 1466 ἀκροσφαλῶς
2950 1386 3355 1458 συγκόπτεσθαι
3400 1382 3530 1450 περὶ
3562 1380 3662 1448 τὴν
3696 1372 3987 1466 προφορὰν

2390 1495 2485 1561 τῆς
2516 1490 2867 1561 ᾠδῆς.’οπερ
2891 1480 2983 1537 οὖν
3012 1484 3249 1549 ἔπασχον
3293 1474 3447 1528 αὐτοὶ
3465 1474 3509 1503 ³⁸
3532 1473 3620 1524 δια
3649 1469 3751 1538 τὴν
3792 1465 3988 1536 μέθην⁹

2392 1554 2550 1638 τοῦτο
2595 1554 2895 1649 τρέψαντες
2946 1577 3026 1636 είς
3074 1573 3135 1624 τὸ
3192 1570 3354 1639 μέλος
3404 1564 3617 1619 σκολιὸν
3669 1558 3900 1612 ἐκάλουν
3928 1554 3990 1606 τὸ

2392 1648 2786 1730 ἁπλούστατον.
2820 1669 2900 1720 Τὰ
2930 1667 2986 1719 δὲ
3024 1661 3265 1734 ἐρωτικὰ
3288 1659 3447 1728 δῆλον
3477 1657 3558 1708 ὅτι
3588 1650 3872 1721 γυναικῶν
3894 1648 3992 1699 καὶ

2397 1767 2606 1820 παίδων
2656 1763 2751 1816 καὶ
2801 1759 3088 1829 παρθένων
3139 1750 3409 1823 ἐρωτικὰς
3453 1747 3569 1817 ᾅδει
3611 1740 3989 1810 περιστάσεις.

703 950 912 1002 Dictum
940 966 1087 1012 vero,
1160 949 1393 1012 σκολιόν,
1432 963 1537 1002 non
1580 958 1638 999 nt
1690 945 2010 1015 quibusdam
2077 943 2281 1012 placuit

703 1055 800 1107 per
851 1041 1196 1111 ἀντίφρασιν,
1256 1055 1375 1109 ηοω
1430 1049 1487 1093 ut
1537 1040 1828 1109 pluriututn
1888 1036 2084 1090 bonum
2120 1051 2280 1089 omen

706 1132 1037 1201 pr0positum
1066 1132 1241 1195 habet,
1272 1146 1377 1184 non
1412 1140 1600 1182 contra
1637 1131 1834 1183 bonum
1878 1142 2033 1181 omen
2088 1128 2141 1179 in
2204 1127 2281 1179 si-

709 1223 938 1275 nistrum
976 1224 1228 1277 traducit.
1266 1222 1372 1276 Sed
1431 1223 1570 1291 quod
1605 1218 2129 1289 praeoccupatisjam
2162 1233 2285 1272 seu-

709 1329 865 1367 suum
899 1314 1298 1377 instrumentis,
1332 1313 1750 1367 etanditoribus
1801 1313 1927 1365 vino
1984 1312 2289 1379 languenti-

710 1412 836 1469 bus,
893 1417 1017 1458 tunc
1111 1406 1354 1459 barbiton
1445 1406 1497 1458 in
1570 1404 1877 1458 c0nviviunt
1970 1403 2285 1465 inferretur,

712 1497 1021 1565 singulique
1051 1497 1465 1561 debacchantes,
1492 1512 1594 1551 non
1621 1497 1736 1550 sine
1770 1496 2002 1548 maximo
2025 1495 2287 1563 periculo,

713 1587 780 1639 ad
804 1601 1023 1639 carmen
1058 1586 1184 1639 illud
1220 1585 1603 1654 proferendum
1639 1587 2079 1637 incnrvarenlur.
2137 1583 2289 1650 Quod

714 1680 877 1749 igitur
901 1680 1028 1748 ipsis
1076 1679 1355 1733 accidebat
1425 1688 1643 1747 propter
1697 1678 2040 1741 ebrietatem,
2075 1677 2181 1729 hoc
2240 1678 2291 1729 in

714 1786 935 1826 carmen
953 1775 1319 1835 traducentes,
1340 1771 1481 1839 quod
1514 1769 1977 1839 simplicissimum
2023 1778 2293 1833 erat,cxo-

714 1862 847 1922 λιόν.
880 1862 933 1915 id
991 1875 1093 1925 est,
1134 1862 1439 1926 incurvum,
1490 1869 1882 1923 ettortuosnm,
1936 1858 2292 1928 appellabant.

2415 1861 2507 1913 (αἱ
2526 1859 2597 1911 τὰ
2627 1828 2965 1921 ἐπιθαλάμια
2988 1850 3045 1901 δὲ
3079 1848 3192 1908 τοῖς
3218 1844 3340 1913 ἀρτι
3373 1829 3994 1928 θα).αμευομένοις-ἀμα

729 1955 1024 2027 Ἐρωτικὰ,
1071 1969 1165 2010 seu
1200 1953 1485 2017 amatoria,
1533 1952 1841 2016 mulierum,
1899 1966 2211 2019 puerorum,
2245 1959 2297 2005 et

717 2050 990 2116 virginum
1025 2061 1185 2101 casus
1216 2047 1511 2099 amatorios
1556 2046 1870 2098 decantant.
1934 2042 2291 2112 Epithalamia

718 2154 849 2193 vero
873 2141 1022 2191 novis
1051 2139 1254 2205 nuptis,
1274 2136 1569 2190 tbalanmm
1593 2137 1706 2205 jam
1743 2135 2027 2205 ingressis,
2066 2134 2295 2204 juvenes

717 2230 875 2284 simul
902 2240 954 2283 et
982 2228 1217 2295 virgines
1249 2228 1403 2280 thoro
1440 2235 1677 2281 astantes
1726 2226 2060 2280 accinebant.
2105 2225 2302 2292 Hyme-

718 2334 893 2373 naeum
921 2328 1103 2371 autem
1137 2320 1187 2369 in
1222 2317 1422 2383 nuptiis
1460 2317 1804 2369 decantatum
1843 2315 2042 2380 ferunt,
2083 2326 2303 2384 propter

718 2410 1073 2475 desiderium,
1110 2408 1692 2475 investigationcmque
1749 2405 2048 2476 Hymenaei,
2083 2405 2302 2476 Terpsi-

718 2505 902 2560 chorae
934 2504 1053 2567 lilii,
1087 2518 1248 2571 quem
1280 2503 1440 2557 ducta
1476 2515 1647 2555 uxore
1685 2499 1972 2553 evanuisse
1992 2500 2167 2553 aiunt.
2196 2500 2301 2552 Alii

721 2611 851 2650 vero
882 2597 935 2650 in
971 2597 1233 2649 honorem
1289 2593 1454 2646 Attici
1519 2590 1820 2661 Hyrnenmi,
1851 2605 2009 2657 quem
2063 2589 2304 2644 latrones

725 2698 1091 2758 persecutum,
1130 2695 1311 2755 raptas
1344 2684 1584 2753 virgines
1617 2682 1827 2734 Atticas
1863 2682 2133 2735 liberasse
2159 2697 2308 2735 com-

725 2790 1051 2837 memorant.
1085 2779 1197 2848 Ego
1256 2791 1388 2831 vero
1440 2775 1613 2828 felicis
1685 2775 1809 2827 vitae
1860 2774 2307 2827 acclamationem

726 2890 847 2929 esse
876 2884 1025 2942 puto,
1062 2868 1527 2938 przesentibusque
1583 2866 1742 2917 ﬁdam
1775 2865 2108 2918 matrimonii
2140 2866 2313 2918 socie-

729 2972 891 3019 tatem
929 2977 1049 3015 cum
1080 2968 1269 3013 mutuo
1305 2971 1489 3010 amore
1525 2956 1881 3022 comprecari.
1928 2954 2135 3007 .iEulica
2194 2957 2311 3009 dia-

732 3055 871 3107 lecto
911 3060 1097 3105 votum
1158 3049 1501 3111 inuectendo,
1552 3047 1704 3113 quasi
1765 3046 2046 3114 ύμονάίειν
2094 3055 2147 3099 et
2182 3049 2313 3115 ὁμο-

2398 1954 2446 2005 οἱ
2496 1950 2669 2021 ἠΐθεοι
2716 1946 2812 1999 και
2864 1916 2920 1998 in
2971 1938 3231 2007 παρθένοι
3281 1933 3376 1985 ἐπὶ
3421 1929 3528 1982 τῶν
3555 1925 3816 1992 θαλάμων
3845 1916 3993 2021 ᾖδον.

2413 2012 2701 2113 Ὑμέναιον
2730 2038 2785 2090 δὲ
2816 2038 2870 2089 ὲν
2901 2035 3099 2101 γάμοις
3132 2025 3353 2100 ᾄδεσθαί
3399 2037 3531 2090 φασι
3550 2020 3593 2051 ⁸⁵
3638 2016 3784 2070 κατά
3831 2012 3997 2113 πόθον

2402 2105 2495 2189 καί
2520 2136 2747 2203 ζήτησιν
2785 2123 3075 2197 οΥμεναίου
3111 2120 3206 2173 τοῦ
3238 2116 3611 2203 Τερψιχόρας,
3636 2110 3693 2160 ὃν
3726 2122 3868 2203 φῗξῖ
3895 2105 3998 2170 γή-

2406 2196 2585 2296 μαντα
2614 2196 2796 2290 ἁ-φανῆ
2822 2196 3107 2285 γενέσθαι·
3144 2212 3192 2263 ot
3227 2210 3285 2261 δὲ
3314 2204 3456 2259 κατά
3500 2201 3665 2268 τιμὴν
3699 2196 3795 2249 τοῦ
3821 2196 3999 2246 ’Δττιο

2405 2318 2502 2371 κοῦ
2535 2312 2831 2385 ’Υμεναίου
2854 2324 2867 2337 ⁸
2923 2306 3111 2359 τοῦτον
3142 2304 3251 2371 γάρ
3280 2298 3415 2368 φησί
3446 2312 3576 2347 ποτε
3603 2290 3874 2353 διώξαντα
3905 2288 4002 2351 ἁφ-

2406 2379 2623 2463 ελέσθαί
2668 2405 2870 2475 κούρας
2901 2397 3153 2459 Ἀττικὰς
3174 2394 3405 2467 λῃστῶν.
3427 2387 3566 2455 Ἐγὼ
3593 2387 3649 2439 δὲ
3679 2379 3836 2453 οἶμαι
3886 2379 4001 2449 βίου

2406 2500 2588 2554 τινὰ³⁵
2636 2494 2898 2565 εὐτυχοῦς
2931 2486 3386 2559 προαναφώνησιν
3419 2481 3710 2549 ὑπάρχειν,
3750 2474 3847 2526 καὶ
3890 2488 4007 2524 συν·

2408 2592 2663 2664 εύχεσθαι
2698 2590 2811 2650 τοῖς
2846 2581 3151 2639 συνιοῦσι³⁶
3186 2577 3321 2647 πρὸς
3344 2574 3521 2642 γάμου
3549 2566 3840 2623 κοινωνίαν
3868 2562 4006 2633 μετᾶ

2417 2654 2819 2754 φιλοστοργίας,
2876 2675 3100 2742 Αίολικῇ
3136 2661 3645 2739 παραπλέκοντας³’
3677 2659 3781 2726 τὴν
3839 2654 4007 2723 εὐχὴν

2410 2776 2694 2840 διαλέκτῳ,
2724 2766 2834 2823 οἷον
2881 2766 3158 2834 ὑμεναίειν
3212 2760 3307 2812 καὶ
3357 2756 3601 2823 ὁμονοεῖν
3648 2748 3875 2808 τούτους
3922 2746 4009 2797 ἀεὶ

2412 2871 2578 2937 ὁμόσε
2603 2865 2851 2922 ναίοντας
2870 2860 2935 2911 ³⁸.
2954 2858 3011 2909 '0
3033 2856 3089 2908 δὲ
3120 2852 3296 2913 σίλλος
3313 2851 3355 2881 ³⁸
3385 2845 3648 2913 λοιδορίας
3675 2843 3769 2893 καὶ
3796 2840 4011 2907 διασυρι

2419 2929 2551 3029 μοὺς
2581 2953 2962 3023 πεφεισμένως
2979 2950 3021 2979 ’⁵ο
3046 2944 3352 3013 ἀνθρώπων
3378 2940 3511 3007 ἔχει.
3545 2934 3807 3002 Διαφέρει
3831 2932 3889 2984 δὲ
3918 2929 4009 2982 τοῦ

2416 3020 2724 3115 έπικηδείου
2756 3020 3025 3109 ὁνορῆνος,
3050 3038 3133 3089 ὅτι
3163 3036 3223 3086 τὸ
3255 3032 3354 3101 μὲν
3382 3026 3694 3097 ἐπικήδειον
3722 3021 3855 3090 παρ’
3881 3020 4012 3072 αὐτὸ

734 3148 899 3209 νοεῖν,
933 3145 983 3198 id
1009 3152 1113 3206 est,
1160 3157 1264 3195 una
1320 3139 1568 3193 habitare
1628 3148 1680 3190 et
1728 3137 1913 3189 eadem
1970 3138 2174 3190 sentire
2223 3154 2314 3191 eos

2416 3140 2476 3191 τὸ
2511 3137 2693 3205 κῆδος,
2720 3134 2798 3186 ἔτι
2824 3132 2918 3184 τοῦ
2953 3129 3203 3198 σώματος
3236 3120 3601 3192 προκειμένου
3625 3115 3668 3146 ⁸³
3704 3114 3950 3179 λέγεται,
3985 3112 4012 3160 ὁ

735 3236 1081 3292 concorditer
1103 3233 1347 3286 viventes
1388 3239 1658 3298 optarent.
1689 3228 1853 3281 Sillus
1877 3244 2036 3297 parce
2061 3231 2304 3285 convicia

2415 3232 2471 3283 δὲ
2509 3230 2707 3298 θρῆνος
2744 3226 2805 3278 ού
2845 3222 3250 3293 περιγράῳεται
3291 3213 3487 3284 χρόνῳ.

735 3324 1127 3391 irrisionesque
1148 3321 1430 3375 hominum
1463 3320 1727 3372 continet.
1787 3316 2034 3371 'l‘hrcnus
2085 3333 2139 3372 et
2209 3320 2510 3387 epicedium
2547 3293 2674 3372 hoc
2736 3313 3017 3375 dill'erunt,
3074 3308 3217 3377 quod
3262 3305 3482 3372 jarentc
3559 3300 3671 3369 jam
3726 3293 4011 3349 cadavere.

738 3420 841 3472 hoc
870 3432 964 3485 pro
990 3414 1181 3469 funere
1218 3413 1480 3466 recitetur
1515 3429 1528 3464 :
1560 3410 1649 3464 ille
1677 3424 1805 3463 vero
1838 3411 1982 3464 nullo
2001 3421 2153 3465 certo
2181 3421 2423 3481 tempore
2504 3407 3012 3465 circumscribatur.

813 3530 1103 3584 Parthenia
1156 3542 1275 3597 qua
1319 3526 1595 3588 dicuntur,
1650 3525 1920 3593 virginum
1958 3527 2138 3581 choris
2193 3529 2326 3580 ada-

742 3626 1055 3694 ptabantur,
1110 3620 1211 3674 sub
1272 3633 1378 3688 qua
1425 3620 1588 3672 etiam
1637 3618 2099 3687 daphncphorica,
2170 3620 2325 3687 quasi

744 3720 847 3772 sub
898 3733 1070 3787 genus
1137 3717 1360 3769 cadunt.
1424 3713 1630 3766 Lauros
1685 3712 1828 3763 enim
1900 3724 2043 3763 nono
2112 3723 2325 3776 quoque

744 3822 889 3860 anno
948 3808 1011 3859 ad
1068 3804 1332 3872 Apollinis
1397 3817 1555 3856 sacra
1630 3801 1924 3854 inferentes
1987 3802 2322 3863 sacerdOtes,

746 3898 965 3970 hymnis
1022 3912 1144 3951 eum
1205 3909 1299 3962 per
1352 3894 1623 3964 virgineos
1674 3893 1871 3945 choros
1927 3890 2322 3943 celebrabant:

745 3990 901 4059 cujus
953 3991 1067 4043 haec
1098 4001 1260 4042 causa
1299 3986 1563 4050 redditur,
1601 3982 1789 4037 IEoles
1812 3982 2007 4052 321b
2063 3990 2329 4051 quotquot

746 4085 950 4144 Arnen,
1012 4095 1186 4148 eaque
1235 4078 1445 4131 circum
1496 4077 1609 4129 loca
1682 4076 2027 4139 habitabant,
2085 4088 2147 4127 ex
2204 4089 2327 4126 ora-

746 4176 871 4229 culo
934 4173 1057 4226 inde
1116 4170 1356 4240 egressi,
1428 4169 1709 4223 obsidione
1772 4168 2056 4236 cingentcs
2112 4167 2327 4220 Thebas

747 4263 1057 4326 vastabant,
1100 4276 1235 4330 quas
1275 4271 1329 4313 et
1380 4257 1592 4325 Pelasgi
1656 4256 1977 4311 obsidebant
2019 4273 2033 4310 :
2083 4271 2203 4308 cum
2263 4256 2333 4309 si-

749 4356 860 4412 mul
893 4357 1142 4423 utrisque
1173 4351 1410 4420 Apollini
1447 4359 1621 4403 status
1648 4348 1761 4401 dies
1795 4346 1962 4401 festus
1988 4356 2155 4410 esset,
2185 4347 2331 4399 indu-

2508 3527 2588 3579 Τὰ
2626 3526 2684 3578 δὲ
2716 3523 2982 3591 λεγόμενα
3008 3517 3274 3588 παρθένια
3301 3515 3345 3546 δ’
3374 3512 3553 3583 χοροῖς
3594 3505 3885 3577 παρθένιον
3933 3505 4016 3556 έν-

2435 3616 2727 3686 εγράφετο.
2767 3608 2860 3676 Οἷς
2910 3612 3004 3663 καὶ
3047 3609 3115 3662 τά
3165 3602 3545 3675 δαφνηφορικά
3609 3600 3682 3662 ὡς
3732 3600 3814 3658 είς
3866 3596 4017 3664 γένος

2434 3711 2621 3761 πίπτει
2647 3723 2658 3735 ⁸
2706 3706 2910 3773 δάφνας
2942 3704 3048 3773 γάρ
3084 3704 3141 3753 ἐν
3165 3698 3395 3767 Βοιωτίᾳ
3434 3696 3501 3748 δι’
3546 3690 3935 3759 ἐνναετηρίδος
3969 3688 4011 3717 ⁸³

2432 3802 2512 3862 εἰς
2534 3801 2599 3853 τὰ
2628 3798 2721 3851 τοῦ
2756 3797 3083 3857 Ἀπόλλωνος
3105 3792 3418 3861 κομίζοντες
3439 3786 3536 3841 oi“
3559 3786 3723 3854 ἱερεῖς
3754 3781 3851 3845 ὲξύ
3863 3796 4022 3851 μνουν

2434 3891 2593 3944 αὑτὸν
2636 3891 2721 3943 διὰ
2757 3886 2917 3959 χοροῦ
2954 3885 3257 3956 παρθένων.
3296 3882 3403 3934 Καὶ
3446 3882 3478 3947 ὴ
3524 3876 3671 3932 αἰτία
3701 3894 3716 3907 ·
3751 3874 3867 3924 τῶν
3908 3874 4024 3923 Aio-

2434 3984 2570 4035 λέων
2590 3984 2635 4015 ⁸⁵
2657 3984 2775 4036 ὅσοι
2799 3977 3079 4048 κατῴκουν
3106 3978 3313 4044 Ἀρνην
3346 3974 3436 4024 καὶ
3465 3972 3533 4023 τὰ
3563 3969 3736 4040 ταύτῃ
3756 3969 3803 4007 ⁸⁸
3824 3967 4021 4037 χωρία,

2436 4076 2576 4130 κατὰ
2610 4073 2856 4144 χρησμὸν
2904 4070 3235 4129 ἀναστάντες
3272 4065 3479 4117 ἐκεῖθεν
3527 4065 3619 4115 καὶ
3653 4061 4027 4131 προσκαθεζὸ·

2440 4186 2590 4239 μενοι
2611 4166 2790 4234 Θήϐας
2816 4163 3078 4232 ἐπόρθουν
3106 4159 3577 4230 προκατεχομένας
3602 4156 3645 4195 δ’
3673 4155 3780 4208 ὑπὸ
3813 4156 4025 4207 Πελασ-

2436 4258 2569 4326 γῶν.
2624 4255 2825 4324 Καινῆς
2851 4254 2894 4285 ⁸⁸
2920 4255 3124 4322 ἀμφοῖν
3157 4250 3349 4319 ἑορτῆς
3394 4247 3727 4306 ’Λπόλλωνος
3754 4244 4028 4309 ἐνστάσης

2439 4352 2636 4417 ἀνοχὰς
2683 4348 2883 4409 ἔθεντο,
2943 4346 3036 4396 καὶ
3074 4343 3277 4411 δάφνας
3309 4340 3353 4370 δ’
3386 4337 3665 4406 τεμόντες,
3722 4337 3771 4386 ot
3820 4336 3927 4403 μὲν
3973 4333 4030 4396 ἐξ

749 4450 863 4503 uias
898 4446 1042 4515 pacti
1066 4453 1213 4509 sunt,
1251 4452 1307 4497 et
1344 4443 1508 4496 lauris
1534 4442 1854 4509 amputatis,
1884 4439 1952 4492 ab
1999 4439 2084 4491 bis
2112 4438 2315 4506 quidem

2446 4440 2737 4499 Ἑλικῶνος
2768 4438 2816 4488 οἱ
2842 4436 2897 4488 δὲ
2929 4437 3093 4503 ἐγγὺς
3127 4433 3220 4484 τοῦ
3252 4431 3493 4491 Μέλανος
3520 4425 3794 4496 ποταμοῦ,
3835 4427 4028 4495 ὲκὸμι-

750 4544 804 4597 in
845 4540 1121 4601 llelicone,
1155 4537 1355 4591 abillis
1407 4551 1537 4590 vero
1591 4536 1740 4596 iuxta
1796 4535 2056 4587 Melanem
2086 4534 2331 4597 ﬂuvium,

752 4631 984 4701 Apollini
1010 4629 1328 4683 intulerunt.
1361 4627 1668 4681 Polematas
1698 4641 1827 4677 vero
1858 4626 2172 4679 Boeotorum
2202 4625 2331 4687 dux,

748 4723 1003 4791 juvenem
1034 4720 1324 4791 quemdam
1346 4718 1641 4772 secundum
1662 4716 1898 4784 quietem
1924 4717 2074 4779 vidit,
2106 4716 2330 4769 solidam

750 4823 1084 4869 armaturam
1138 4812 1240 4879 ipsi
1294 4809 1634 4871 oll‘ereutem,
1669 4820 1903 4876 votaque
1980 4808 2095 4862 lieri
2145 4809 2333 4876 praeci—

753 4907 989 4978 pientent
1026 4907 1077 4959 in
1107 4903 1373 4973 Apollinis
1400 4904 1661 4957 honorem
1708 4916 1852 4955 nono
1917 4915 2132 4968 qu0que
2189 4916 2332 4954 anno

754 4998 1078 5052 alaureatis.
1110 4997 1299 5051 Tertio
1342 5005 1462 5063 post
1502 4997 1589 5049 die
1616 5004 1865 5048 conserta
1915 4993 2327 5057 ntann,hostem

755 5093 904 5157 vicit,
945 5093 1166 5161 ipseque
1191 5092 1325 5143 lauri
1379 5090 1679 5153 gestatione
1729 5094 1910 5140 votum
1954 5087 2158 5138 solvit:
2199 5086 2321 5138 hinc

2442 4533 2532 4595 ζον
2582 4531 2658 4599 τῷ
2694 4528 3008 4580 Ἀπόλλωνι.
3068 4524 3389 4592 Πολεμάτας
3438 4520 3493 4571 δὲ
3550 4520 3577 4569 ὁ
3621 4520 3732 4569 τῶν
3774 4514 4030 4567 Βοιωτῶν

2443 4623 2825 4691 ἀφηγούμενος
2873 4618 3051 4682 ἔδοξεν
3092 4616 3225 4683 ὄναρ
3273 4611 3489 4665 νεανίαν
3549 4608 3671 4660 τινὰ
3721 4607 4030 4659 πανοπλίαν

2443 4713 2589 4782 αύτῴ
2639 4711 2839 4763 διδόναι
2897 4710 2989 4761 καὶ
3041 4706 3206 4772 εύχάς
3256 4701 3525 4754 ποιεῖσθαι
3584 4699 3666 4767 τῷ
3728 4699 4028 4751 Ἀπόλλωνι

2440 4800 2919 4872 δαφνηφοροῦντας
2960 4798 3050 4851 διὰ
3097 4796 3225 4867 [525
3257 4794 3351 4860 11.]
3379 4791 3756 4861 ἐνναετηρίδος
3785 4792 3834 4821 ⁸⁸
3863 4807 4030 4860 προσ-

2440 4901 2654 4950 τάττειν
2708 4894 2774 4947 ⁸¹.
2834 4892 2989 4946 Μετά
3070 4890 3125 4942 δὲ
3183 4889 3375 4957 τρίτην
3425 4884 3636 4954 ἡμέραν
3699 4883 4027 4952 ἐπιθέμενος

2441 4992 2632 5057 κρατεῖ
2655 4986 2764 5039 τῶν
2816 4984 3091 5054 πολεμίων
3114 4998 3125 5012 ⁶
3188 4984 3281 5034 καὶ
3322 4980 3482 5040 αὐτὸς
3512 4995 3571 5030 τε
3612 4976 3712 5045 τὴν
3744 4977 4026 5043 δαφνηφοο

2437 5083 2555 5151 ρίαν
2602 5079 2794 5138 ἐτέλει,
2828 5078 2923 5129 καὶ
2958 5074 3016 5127 τὸ
3055 5073 3174 5136 ἔθος
3232 5073 3441 5124 ἐκεῖθεν
3482 5070 3847 5135 διατηρείται.
3883 5068 3946 5118 '[l

2018 5247 2251 5303 VARI/ﬂ
2308 5245 2480 5301 LECT
2490 5242 2706 5300 IONES.

824 5384 870 5415 "
907 5379 1263 5452 προτεροῦσιν
1294 5378 1407 5430 Alt:
1441 5375 1812 5447 πρωτεύουσιν
1847 5392 1905 5437 ς.
1978 5376 2021 5403 ’³
2051 5371 2202 5441 παρὰ
2224 5370 2334 5423 Ab:
2369 5371 2495 5491 negt
2528 5386 2588 5431 ς.

824 5452 1167 5491 ιφηὶηηῧῖἠυςῑ
1198 5465 1253 5491 (τ
1337 5449 1379 5478 ³³
1402 5446 1550 5491 orum]
1583 5445 1681 5491 ἤδη
1720 5446 1779 5491 Α-
1900 5442 1945 5474 ³³
1973 5443 2127 5491 αὐτοὶ
2182 5451 2304 5491 υοδι
2367 5441 2431 5491 ιιέ
2473 5457 2537 5491 ην

1900 5442 1945 5474 ³³
1973 5443 2127 5496 αὐτοὶ
2182 5451 2304 5507 post
2367 5441 2431 5508 μέ

756 5445 1257 5555 ἑξετ.⁰ξέἐεξαῗὶάξ’νξιι.εἶ’
1279 5445 1567 5555 ηηῖἲρὲτξέἐ
1583 5445 1779 5547 “bi:

783 5525 803 5555 ⁸
848 5518 1089 5575 συνιοῦσι
1118 5522 1196 5573 Ab
1230 5536 1242 5570 :
1279 5518 1494 5570 συνοῦσι
1530 5534 1587 5579 ς.

760 5594 971 5659 σμένως
1000 5602 1123 5643 ante
1156 5590 1427 5659 λοιδορίας
1447 5588 1594 5659 ponit
1624 5603 1684 5659 ς.

761 5656 904 5731 ρῖδος
933 5663 996 5723 A,
1018 5660 1385 5731 ὲννεατηρίὸος
1416 5657 1471 5731 li.
1551 5656 1595 5685 '“
1624 5656 1669 5706 οί
1698 5669 1804 5731 om“.
1843 5656 1904 5705 A.

761 5723 857 5790 νας
888 5731 967 5781 Alt
996 5747 1005 5780 :
1042 5723 1554 5799 προσκάθεζομένας
1588 5742 1646 5787 ς’.
1750 5723 1794 5799 ⁸⁸⁸
1828 5723 2020 5787 κοινῶς
2057 5741 2115 5787 τ·

766 5801 811 5832 ἰ
844 5794 1193 5868 προστάττειν
1221 5808 1336 5870 post
1364 5796 1630 5849 ποιεῖσθαι
1655 5794 1804 5865 ponit
1829 5810 1885 5857 ς.

1693 5516 1733 5547 ³⁷
1777 5513 2199 5583 παραπλέκοντα
2229 5528 2290 5583 ςᾉ.

2390 5510 2434 5539 ³⁸
2464 5501 2709 5569 ναίοντας
2757 5504 2837 5557 Ah
2882 5523 2892 5555 :
2928 5501 3183 5571 μένοντας
3208 5516 3279 5571 ς.

1762 5584 1803 5615 ⁵¹
1834 5579 2302 5653 προκειμένουΛιι
2325 5598 2336 5632 2
2358 5579 2608 5653 κειμένου
2637 5594 2696 5639 ς.

1982 5654 2024 5683 ⁸⁵
2059 5651 2296 5704 Αἰολέων
2318 5651 2394 5701 Ab
2424 5668 2436 5701 :
2474 5648 2622 5716 ἑῴων
2649 5665 2708 5710 ς’.

2501 5702 2543 5771 Ᾰ
2572 5736 2583 5769 :
2611 5699 2821 5778 δοῖείνας
2868 5732 2929 5779 ς,
2957 5699 3241 5783 τέμνοντες
3274 5699 3376 5761 Alt.
3438 5705 3484 5739 ⁸⁸
3516 5699 3921 5774 ἐννεαετηρίὸος
3959 5699 4018 5752 A.

2670 5366 2715 5398 ³ο
2751 5362 2894 5427 ἔδοξε
2931 5362 3010 5414 Ab
3046 5376 3058 5411 :
3092 5359 3256 5428 ἤρεσε
3302 5373 3360 5420 ς.

3466 5353 3507 5383 ³¹
3548 5348 3878 5402 μεταϐάλλει
3908 5350 3980 5401 Alt
4006 5364 4017 5400 :

2951 5368 3010 5463 ξξι
3046 5376 3058 5411 :
3092 5368 3256 5428 ηρεσε
3302 5373 3360 5420 ς.
3466 5368 3507 5383 ’⁸
3545 5368 3609 5473 με

3023 5447 3158 5499 φησι
3210 5430 3275 5481 Α·
3359 5425 3539 5499 3⁸Έέν

3616 5421 3699 5473 Alt
3741 5436 3754 5471 :
3788 5422 3934 5482 τινὸς
3963 5436 4014 5482 ς.

3097 5516 3183 5585 ξας
3199 5516 3291 5585 ις..
3332 5494 3400 5585 ’θ’
3434 5493 3578 5585 σίλος
3618 5490 3711 5585 Αἰ.
3746 5492 3809 5585 ιδ’
3838 5506 4021 5556 πεφει-

2792 5560 3152 5642 δλπαρθενεῖα
3198 5560 3582 5642 Ga_isfor-dus._
3665 5560 3711 5591 “
3743 5562 4021 5642 ὲννεαετη-

2786 5629 3012 5704 ⁸⁸ταύ’τῃ
3036 5640 3115 5693 Ah
3140 5656 3151 5691 :
3187 5637 3389 5704 ταύτης
3418 5651 3476 5697 ς.
3520 5631 3582 5704 7"
3610 5629 4017 5704 προκατεχομέα

2473 5457 2537 5508 ην
2592 5437 2737 5505 ponit
