  <div class='ocr_page' id='page_1' title='image "/cluster/home/n/w/nwhite01/storage/ocr_20150623/103/nnc1.0046979689/618.png"; bbox 0 0 4208 6442; ppageno 0'>
   <div class='ocr_carea' id='block_1_1' title="bbox 242 380 382 447">
    <p class='ocr_par' dir='ltr' id='par_1_1' title="bbox 242 380 382 447">
     <span class='ocr_line' id='line_1_1' title="bbox 242 380 382 447; baseline 0.014 -2"><span class='ocrx_word' id='word_1_1' title='bbox 242 380 382 447; x_wconf 78' lang='lat'><strong>1205</strong></span> 
     </span>
    </p>
   </div>
   <div class='ocr_carea' id='block_1_2' title="bbox 1264 380 2483 448">
    <p class='ocr_par' dir='ltr' id='par_1_2' title="bbox 1264 380 2483 448">
     <span class='ocr_line' id='line_1_2' title="bbox 1264 380 2483 448; baseline 0.007 -9"><span class='ocrx_word' id='word_1_2' title='bbox 1264 380 1787 442; x_wconf 79' lang='lat' dir='ltr'><strong>BIBLIOTHECA.</strong></span> <span class='ocrx_word' id='word_1_3' title='bbox 1821 402 1896 418; x_wconf 83' lang='lat'>—</span> <span class='ocrx_word' id='word_1_4' title='bbox 1932 380 2096 442; x_wconf 91' lang='lat' dir='ltr'><strong>COD.</strong></span> <span class='ocrx_word' id='word_1_5' title='bbox 2126 383 2483 448; x_wconf 75' lang='lat' dir='ltr'><strong>CCXXXIX.</strong></span> 
     </span>
    </p>
   </div>
   <div class='ocr_carea' id='block_1_3' title="bbox 3355 396 3493 461">
    <p class='ocr_par' dir='ltr' id='par_1_3' title="bbox 3355 396 3493 461">
     <span class='ocr_line' id='line_1_3' title="bbox 3355 396 3493 461; baseline 0.014 -2"><span class='ocrx_word' id='word_1_6' title='bbox 3355 396 3493 461; x_wconf 83' lang='lat'><strong>1206</strong></span> 
     </span>
    </p>
   </div>
   <div class='ocr_carea' id='block_1_4' title="bbox 234 496 1805 577">
    <p class='ocr_par' dir='ltr' id='par_1_4' title="bbox 234 498 1805 571">
     <span class='ocr_line' id='line_1_4' title="bbox 234 498 1805 571; baseline -0.004 -16"><span class='ocrx_word' id='word_1_7' title='bbox 234 500 579 571; x_wconf 78' lang='grc' dir='ltr'><strong>δαφνηφορία</strong></span> <span class='ocrx_word' id='word_1_8' title='bbox 602 515 618 531; x_wconf 75' lang='grc'><strong><em>⁸</em></strong></span> <span class='ocrx_word' id='word_1_9' title='bbox 676 498 833 564; x_wconf 73' lang='grc' dir='ltr'><strong>ξύλον</strong></span> <span class='ocrx_word' id='word_1_10' title='bbox 899 499 1081 561; x_wconf 71' lang='grc' dir='ltr'><strong>έλαίαι,</strong></span> <span class='ocrx_word' id='word_1_11' title='bbox 1136 498 1536 567; x_wconf 69' lang='grc' dir='ltr'><strong>καταστέφουσι</strong></span> <span class='ocrx_word' id='word_1_12' title='bbox 1584 498 1805 565; x_wconf 76' lang='grc' dir='ltr'><strong>δάφναις</strong></span> 
     </span>
    </p>
   </div>
   <div class='ocr_carea' id='block_1_5' title="bbox 1906 496 3489 577">
    <p class='ocr_par' dir='ltr' id='par_1_5' title="bbox 1915 496 3489 577">
     <span class='ocr_line' id='line_1_5' title="bbox 1915 496 3489 577; baseline 0.011 -29"><span class='ocrx_word' id='word_1_13' title='bbox 1915 510 2029 551; x_wconf 90' lang='lat' dir='ltr'><strong>mos</strong></span> <span class='ocrx_word' id='word_1_14' title='bbox 2067 496 2155 551; x_wconf 89' lang='lat' dir='ltr'><strong>ille</strong></span> <span class='ocrx_word' id='word_1_15' title='bbox 2214 498 2461 568; x_wconf 72' lang='lat' dir='ltr'><strong>religiose</strong></span> <span class='ocrx_word' id='word_1_16' title='bbox 2514 500 2851 557; x_wconf 87' lang='lat' dir='ltr'><strong>observatus.</strong></span> <span class='ocrx_word' id='word_1_17' title='bbox 2899 502 3026 560; x_wconf 70' lang='lat' dir='ltr'><strong>Haec</strong></span> <span class='ocrx_word' id='word_1_18' title='bbox 3076 506 3489 577; x_wconf 87' lang='lat' dir='ltr'><strong>Dapimepboria</strong></span> 
     </span>
    </p>
   </div>
   <div class='ocr_carea' id='block_1_6' title="bbox 235 590 1813 660">
    <p class='ocr_par' dir='ltr' id='par_1_6' title="bbox 235 590 1813 660">
     <span class='ocr_line' id='line_1_6' title="bbox 235 590 1813 660; baseline -0.002 -14"><span class='ocrx_word' id='word_1_19' title='bbox 235 593 333 646; x_wconf 73' lang='grc' dir='ltr'><strong>καὶ</strong></span> <span class='ocrx_word' id='word_1_20' title='bbox 390 592 656 655; x_wconf 80' lang='grc' dir='ltr'><strong>ποικίλοις</strong></span> <span class='ocrx_word' id='word_1_21' title='bbox 694 590 902 656; x_wconf 82' lang='grc' dir='ltr'><strong>ἀνθεσι,</strong></span> <span class='ocrx_word' id='word_1_22' title='bbox 972 591 1069 643; x_wconf 78' lang='grc' dir='ltr'><strong>καὶ</strong></span> <span class='ocrx_word' id='word_1_23' title='bbox 1125 591 1211 642; x_wconf 67' lang='grc' dir='ltr'><strong>ἐπ’</strong></span> <span class='ocrx_word' id='word_1_24' title='bbox 1250 591 1421 660; x_wconf 85' lang='grc' dir='ltr'><strong>ἀκρου</strong></span> <span class='ocrx_word' id='word_1_25' title='bbox 1481 591 1577 659; x_wconf 74' lang='grc' dir='ltr'><strong>μὲν</strong></span> <span class='ocrx_word' id='word_1_26' title='bbox 1634 590 1813 660; x_wconf 83' lang='grc' dir='ltr'><strong>χαλκῆ</strong></span> 
     </span>
    </p>
   </div>
   <div class='ocr_carea' id='block_1_7' title="bbox 236 682 1812 754">
    <p class='ocr_par' dir='ltr' id='par_1_7' title="bbox 236 682 1812 754">
     <span class='ocr_line' id='line_1_7' title="bbox 236 682 1812 754; baseline 0 -19"><span class='ocrx_word' id='word_1_27' title='bbox 236 684 615 754; x_wconf 70' lang='grc' dir='ltr'><strong>ἀφαρμόζεται</strong></span> <span class='ocrx_word' id='word_1_28' title='bbox 678 685 907 753; x_wconf 79' lang='grc' dir='ltr'><strong>σφαῖρα,</strong></span> <span class='ocrx_word' id='word_1_29' title='bbox 968 683 1034 735; x_wconf 75' lang='grc' dir='ltr'><strong>έκ</strong></span> <span class='ocrx_word' id='word_1_30' title='bbox 1102 682 1161 734; x_wconf 73' lang='grc' dir='ltr'><strong>δὲ</strong></span> <span class='ocrx_word' id='word_1_31' title='bbox 1213 682 1414 751; x_wconf 78' lang='grc' dir='ltr'><strong>ταύτης</strong></span> <span class='ocrx_word' id='word_1_32' title='bbox 1488 682 1812 753; x_wconf 78' lang='grc' dir='ltr'><strong>μικροτέρας</strong></span> 
     </span>
    </p>
   </div>
   <div class='ocr_carea' id='block_1_8' title="bbox 237 771 1811 845">
    <p class='ocr_par' dir='ltr' id='par_1_8' title="bbox 237 771 1811 845">
     <span class='ocr_line' id='line_1_8' title="bbox 237 771 1811 845; baseline -0.002 -17"><span class='ocrx_word' id='word_1_33' title='bbox 237 774 547 843; x_wconf 63' lang='grc' dir='ltr'><strong>ἑξαρτῶσν</strong></span> <span class='ocrx_word' id='word_1_34' title='bbox 589 772 720 845; x_wconf 83' lang='grc'><strong>[989</strong></span> <span class='ocrx_word' id='word_1_35' title='bbox 774 771 869 845; x_wconf 72' lang='lat' dir='ltr'><strong>IL]</strong></span> <span class='ocrx_word' id='word_1_36' title='bbox 918 773 1062 828; x_wconf 84' lang='grc' dir='ltr'><strong>κατά</strong></span> <span class='ocrx_word' id='word_1_37' title='bbox 1110 773 1166 827; x_wconf 61' lang='grc' dir='ltr'><strong>δὲ</strong></span> <span class='ocrx_word' id='word_1_38' title='bbox 1208 773 1269 825; x_wconf 84' lang='grc' dir='ltr'><strong>τὺ</strong></span> <span class='ocrx_word' id='word_1_39' title='bbox 1302 775 1466 841; x_wconf 92' lang='grc' dir='ltr'><strong>μέσον</strong></span> <span class='ocrx_word' id='word_1_40' title='bbox 1503 772 1601 825; x_wconf 90' lang='grc' dir='ltr'><strong>τοῦ</strong></span> <span class='ocrx_word' id='word_1_41' title='bbox 1650 772 1811 838; x_wconf 76' lang='grc' dir='ltr'><strong>ξύλου</strong></span> 
     </span>
    </p>
   </div>
   <div class='ocr_carea' id='block_1_9' title="bbox 236 862 1813 933">
    <p class='ocr_par' dir='ltr' id='par_1_9' title="bbox 236 862 1813 933">
     <span class='ocr_line' id='line_1_9' title="bbox 236 862 1813 933; baseline 0.001 -18"><span class='ocrx_word' id='word_1_42' title='bbox 236 863 558 933; x_wconf 81' lang='grc' dir='ltr'><strong>περιθέντες</strong></span> <span class='ocrx_word' id='word_1_43' title='bbox 591 862 858 917; x_wconf 75' lang='grc' dir='ltr'><strong>έλάσσονα</strong></span> <span class='ocrx_word' id='word_1_44' title='bbox 882 862 983 932; x_wconf 83' lang='grc' dir='ltr'><strong>τῆς</strong></span> <span class='ocrx_word' id='word_1_45' title='bbox 1010 863 1095 915; x_wconf 75' lang='grc' dir='ltr'><strong>έπ⁹</strong></span> <span class='ocrx_word' id='word_1_46' title='bbox 1122 863 1277 933; x_wconf 83' lang='grc' dir='ltr'><strong>ἀκρῳ</strong></span> <span class='ocrx_word' id='word_1_47' title='bbox 1302 863 1348 894; x_wconf 77' lang='grc'><strong>⁸⁸</strong></span> <span class='ocrx_word' id='word_1_48' title='bbox 1399 863 1634 933; x_wconf 73' lang='grc' dir='ltr'><strong>σφαίρας</strong></span> <span class='ocrx_word' id='word_1_49' title='bbox 1676 864 1813 916; x_wconf 86' lang='grc' dir='ltr'><strong>καθ-</strong></span> 
     </span>
    </p>
   </div>
   <div class='ocr_carea' id='block_1_10' title="bbox 234 952 1812 1023">
    <p class='ocr_par' dir='ltr' id='par_1_10' title="bbox 234 952 1812 1023">
     <span class='ocr_line' id='line_1_10' title="bbox 234 952 1812 1023; baseline -0.001 -15"><span class='ocrx_word' id='word_1_50' title='bbox 234 954 471 1008; x_wconf 75' lang='grc' dir='ltr'><strong>άπτουσι</strong></span> <span class='ocrx_word' id='word_1_51' title='bbox 516 955 778 1023; x_wconf 75' lang='grc' dir='ltr'><strong>πορφυρᾶ</strong></span> <span class='ocrx_word' id='word_1_52' title='bbox 836 954 1157 1023; x_wconf 88' lang='grc' dir='ltr'><strong>στέμματα·</strong></span> <span class='ocrx_word' id='word_1_53' title='bbox 1202 953 1272 1007; x_wconf 85' lang='grc' dir='ltr'><strong>τά</strong></span> <span class='ocrx_word' id='word_1_54' title='bbox 1308 952 1367 1006; x_wconf 68' lang='grc' dir='ltr'><strong>δὲ</strong></span> <span class='ocrx_word' id='word_1_55' title='bbox 1409 954 1693 1007; x_wconf 84' lang='grc' dir='ltr'><strong>τελευταῖα</strong></span> <span class='ocrx_word' id='word_1_56' title='bbox 1718 952 1812 1007; x_wconf 84' lang='grc' dir='ltr'><strong>τοῦ</strong></span> 
     </span>
    </p>
   </div>
   <div class='ocr_carea' id='block_1_11' title="bbox 234 1042 1813 1114">
    <p class='ocr_par' dir='ltr' id='par_1_11' title="bbox 234 1042 1813 1114">
     <span class='ocr_line' id='line_1_11' title="bbox 234 1042 1813 1114; baseline 0 -19"><span class='ocrx_word' id='word_1_57' title='bbox 234 1042 400 1108; x_wconf 80' lang='grc' dir='ltr'><strong>ξύλου</strong></span> <span class='ocrx_word' id='word_1_58' title='bbox 449 1042 861 1113; x_wconf 71' lang='grc' dir='ltr'><strong>περιστέλλουσι</strong></span> <span class='ocrx_word' id='word_1_59' title='bbox 906 1043 1191 1114; x_wconf 79' lang='grc' dir='ltr'><strong>κροκωτῷ.</strong></span> <span class='ocrx_word' id='word_1_60' title='bbox 1225 1042 1485 1097; x_wconf 86' lang='grc' dir='ltr'><strong>Βούλεται</strong></span> <span class='ocrx_word' id='word_1_61' title='bbox 1530 1042 1575 1096; x_wconf 81' lang='grc' dir='ltr'><strong>δ’</strong></span> <span class='ocrx_word' id='word_1_62' title='bbox 1627 1045 1813 1107; x_wconf 80' lang='grc' dir='ltr'><strong>αὐτοῖς</strong></span> 
     </span>
    </p>
   </div>
   <div class='ocr_carea' id='block_1_12' title="bbox 233 1128 1810 1207">
    <p class='ocr_par' dir='ltr' id='par_1_12' title="bbox 233 1128 1810 1207">
     <span class='ocr_line' id='line_1_12' title="bbox 233 1128 1810 1207; baseline 0.002 -20"><span class='ocrx_word' id='word_1_63' title='bbox 233 1136 272 1205; x_wconf 82' lang='grc' dir='ltr'><strong>ή</strong></span> <span class='ocrx_word' id='word_1_64' title='bbox 308 1135 410 1205; x_wconf 62' lang='grc' dir='ltr'><strong>μιν</strong></span> <span class='ocrx_word' id='word_1_65' title='bbox 445 1136 709 1190; x_wconf 80' lang='grc' dir='ltr'><strong>ἀνωτάτω</strong></span> <span class='ocrx_word' id='word_1_66' title='bbox 732 1138 934 1205; x_wconf 80' lang='grc' dir='ltr'><strong>σφαῖρα</strong></span> <span class='ocrx_word' id='word_1_67' title='bbox 964 1135 1057 1189; x_wconf 77' lang='grc' dir='ltr'><strong>τὸν</strong></span> <span class='ocrx_word' id='word_1_68' title='bbox 1080 1135 1254 1207; x_wconf 72' lang='grc' dir='ltr'><strong>ἣλιον,</strong></span> <span class='ocrx_word' id='word_1_69' title='bbox 1284 1128 1331 1204; x_wconf 78' lang='grc' dir='ltr'><strong>ᾧ</strong></span> <span class='ocrx_word' id='word_1_70' title='bbox 1358 1136 1453 1190; x_wconf 78' lang='grc' dir='ltr'><strong>καὶ</strong></span> <span class='ocrx_word' id='word_1_71' title='bbox 1481 1135 1572 1190; x_wconf 76' lang='grc' dir='ltr'><strong>τὸν</strong></span> <span class='ocrx_word' id='word_1_72' title='bbox 1612 1137 1810 1191; x_wconf 76' lang='grc' dir='ltr'><strong>Ἀπόλ-</strong></span> 
     </span>
    </p>
   </div>
   <div class='ocr_carea' id='block_1_13' title="bbox 234 1224 1813 1297">
    <p class='ocr_par' dir='ltr' id='par_1_13' title="bbox 234 1224 1813 1297">
     <span class='ocr_line' id='line_1_13' title="bbox 234 1224 1813 1297; baseline 0.003 -20"><span class='ocrx_word' id='word_1_73' title='bbox 234 1224 386 1278; x_wconf 83' lang='grc' dir='ltr'><strong>λωνα</strong></span> <span class='ocrx_word' id='word_1_74' title='bbox 418 1226 804 1295; x_wconf 67' lang='grc' dir='ltr'><strong>ἀναφέρουσιν,</strong></span> <span class='ocrx_word' id='word_1_75' title='bbox 838 1228 873 1296; x_wconf 88' lang='grc' dir='ltr'><strong>ή</strong></span> <span class='ocrx_word' id='word_1_76' title='bbox 900 1225 955 1278; x_wconf 69' lang='grc' dir='ltr'><strong>δὲ</strong></span> <span class='ocrx_word' id='word_1_77' title='bbox 977 1225 1308 1297; x_wconf 79' lang='grc' dir='ltr'><strong>ὑποκειμένη</strong></span> <span class='ocrx_word' id='word_1_78' title='bbox 1344 1226 1444 1295; x_wconf 82' lang='grc' dir='ltr'><strong>τήν</strong></span> <span class='ocrx_word' id='word_1_79' title='bbox 1467 1226 1718 1297; x_wconf 78' lang='grc' dir='ltr'><strong>σελήνην,</strong></span> <span class='ocrx_word' id='word_1_80' title='bbox 1744 1227 1813 1281; x_wconf 91' lang='grc' dir='ltr'><strong>τά</strong></span> 
     </span>
    </p>
   </div>
   <div class='ocr_carea' id='block_1_14' title="bbox 231 1316 1807 1389">
    <p class='ocr_par' dir='ltr' id='par_1_14' title="bbox 231 1316 1807 1389">
     <span class='ocr_line' id='line_1_14' title="bbox 231 1316 1807 1389; baseline 0.003 -21"><span class='ocrx_word' id='word_1_81' title='bbox 231 1316 293 1369; x_wconf 65' lang='grc' dir='ltr'><strong>δέ</strong></span> <span class='ocrx_word' id='word_1_82' title='bbox 317 1317 745 1387; x_wconf 83' lang='grc' dir='ltr'><strong>προσηρτημένα</strong></span> <span class='ocrx_word' id='word_1_83' title='bbox 760 1317 867 1370; x_wconf 88' lang='grc' dir='ltr'><strong>τῶν</strong></span> <span class='ocrx_word' id='word_1_84' title='bbox 881 1318 1147 1387; x_wconf 84' lang='grc' dir='ltr'><strong>σφαιρίων</strong></span> <span class='ocrx_word' id='word_1_85' title='bbox 1168 1317 1345 1387; x_wconf 86' lang='grc' dir='ltr'><strong>ἀστρα</strong></span> <span class='ocrx_word' id='word_1_86' title='bbox 1367 1335 1427 1371; x_wconf 89' lang='grc' dir='ltr'><strong>τε</strong></span> <span class='ocrx_word' id='word_1_87' title='bbox 1450 1318 1540 1372; x_wconf 73' lang='grc' dir='ltr'><strong>καὶ</strong></span> <span class='ocrx_word' id='word_1_88' title='bbox 1552 1320 1807 1389; x_wconf 77' lang='grc' dir='ltr'><strong>ἀστέρας,</strong></span> 
     </span>
    </p>
   </div>
   <div class='ocr_carea' id='block_1_15' title="bbox 231 1406 1809 1481">
    <p class='ocr_par' dir='ltr' id='par_1_15' title="bbox 231 1406 1809 1481">
     <span class='ocr_line' id='line_1_15' title="bbox 231 1406 1809 1481; baseline 0.001 -20"><span class='ocrx_word' id='word_1_89' title='bbox 231 1409 309 1461; x_wconf 81' lang='grc' dir='ltr'><strong>τὰ</strong></span> <span class='ocrx_word' id='word_1_90' title='bbox 334 1409 391 1463; x_wconf 82' lang='grc' dir='ltr'><strong>δέ</strong></span> <span class='ocrx_word' id='word_1_91' title='bbox 421 1426 484 1476; x_wconf 84' lang='grc' dir='ltr'><strong>γε</strong></span> <span class='ocrx_word' id='word_1_92' title='bbox 516 1408 807 1478; x_wconf 87' lang='grc' dir='ltr'><strong>στέμματα</strong></span> <span class='ocrx_word' id='word_1_93' title='bbox 847 1408 940 1462; x_wconf 68' lang='grc' dir='ltr'><strong>τὸν</strong></span> <span class='ocrx_word' id='word_1_94' title='bbox 975 1408 1245 1463; x_wconf 73' lang='grc' dir='ltr'><strong>ένιαύσιον</strong></span> <span class='ocrx_word' id='word_1_95' title='bbox 1291 1406 1489 1480; x_wconf 84' lang='grc' dir='ltr'><strong>δρόμον</strong></span> <span class='ocrx_word' id='word_1_96' title='bbox 1513 1427 1529 1444; x_wconf 87' lang='grc'><strong>·</strong></span> <span class='ocrx_word' id='word_1_97' title='bbox 1576 1412 1671 1465; x_wconf 79' lang='grc' dir='ltr'><strong>καὶ</strong></span> <span class='ocrx_word' id='word_1_98' title='bbox 1700 1412 1809 1481; x_wconf 84' lang='grc' dir='ltr'><strong>γὰρ</strong></span> 
     </span>
    </p>
   </div>
   <div class='ocr_carea' id='block_1_16' title="bbox 233 1497 1808 1573">
    <p class='ocr_par' dir='ltr' id='par_1_16' title="bbox 233 1497 1808 1573">
     <span class='ocr_line' id='line_1_16' title="bbox 233 1497 1808 1573; baseline 0.001 -22"><span class='ocrx_word' id='word_1_99' title='bbox 233 1500 333 1551; x_wconf 70' lang='grc' dir='ltr'><strong>καὶ</strong></span> <span class='ocrx_word' id='word_1_100' title='bbox 365 1498 472 1564; x_wconf 65' lang='grc' dir='ltr'><strong>τξέ</strong></span> <span class='ocrx_word' id='word_1_101' title='bbox 500 1497 747 1552; x_wconf 86' lang='grc' dir='ltr'><strong>ποιοῦσιν</strong></span> <span class='ocrx_word' id='word_1_102' title='bbox 782 1498 943 1553; x_wconf 89' lang='grc' dir='ltr'><strong>αύτά.</strong></span> <span class='ocrx_word' id='word_1_103' title='bbox 986 1500 1178 1569; x_wconf 81' lang='grc' dir='ltr'><strong>’Δρχει</strong></span> <span class='ocrx_word' id='word_1_104' title='bbox 1209 1498 1266 1552; x_wconf 71' lang='grc' dir='ltr'><strong>δι</strong></span> <span class='ocrx_word' id='word_1_105' title='bbox 1296 1500 1394 1569; x_wconf 85' lang='grc' dir='ltr'><strong>τῆς</strong></span> <span class='ocrx_word' id='word_1_106' title='bbox 1438 1500 1808 1573; x_wconf 65' lang='grc' dir='ltr'><strong>ὼφνηφορὶας</strong></span> 
     </span>
    </p>
   </div>
   <div class='ocr_carea' id='block_1_17' title="bbox 234 1586 1807 1658">
    <p class='ocr_par' dir='ltr' id='par_1_17' title="bbox 234 1586 1807 1658">
     <span class='ocr_line' id='line_1_17' title="bbox 234 1586 1807 1658; baseline 0.003 -20"><span class='ocrx_word' id='word_1_107' title='bbox 234 1590 373 1649; x_wconf 81' lang='grc' dir='ltr'><strong>παῖς</strong></span> <span class='ocrx_word' id='word_1_108' title='bbox 409 1586 747 1656; x_wconf 78' lang='grc' dir='ltr'><strong>ἀμφιθαλὴς,</strong></span> <span class='ocrx_word' id='word_1_109' title='bbox 773 1588 868 1640; x_wconf 77' lang='grc' dir='ltr'><strong>καὶ</strong></span> <span class='ocrx_word' id='word_1_110' title='bbox 891 1589 921 1639; x_wconf 91' lang='grc' dir='ltr'><strong>ό</strong></span> <span class='ocrx_word' id='word_1_111' title='bbox 956 1586 1190 1658; x_wconf 88' lang='grc' dir='ltr'><strong>μάλιστα</strong></span> <span class='ocrx_word' id='word_1_112' title='bbox 1210 1586 1359 1657; x_wconf 76' lang='grc' dir='ltr'><strong>αὐτῷ</strong></span> <span class='ocrx_word' id='word_1_113' title='bbox 1379 1588 1578 1651; x_wconf 78' lang='grc' dir='ltr'><strong>οἰκεῖος</strong></span> <span class='ocrx_word' id='word_1_114' title='bbox 1602 1588 1807 1658; x_wconf 69' lang='grc' dir='ltr'><strong>βαστά⁴</strong></span> 
     </span>
    </p>
   </div>
   <div class='ocr_carea' id='block_1_18' title="bbox 232 1678 1803 1749">
    <p class='ocr_par' dir='ltr' id='par_1_18' title="bbox 232 1678 1803 1749">
     <span class='ocr_line' id='line_1_18' title="bbox 232 1678 1803 1749; baseline 0.004 -19"><span class='ocrx_word' id='word_1_115' title='bbox 232 1678 323 1741; x_wconf 78' lang='grc' dir='ltr'><strong>ζει</strong></span> <span class='ocrx_word' id='word_1_116' title='bbox 358 1678 419 1731; x_wconf 75' lang='grc' dir='ltr'><strong>τὸ</strong></span> <span class='ocrx_word' id='word_1_117' title='bbox 456 1679 892 1749; x_wconf 83' lang='grc' dir='ltr'><strong>κατεστεμμένον</strong></span> <span class='ocrx_word' id='word_1_118' title='bbox 946 1678 1119 1744; x_wconf 81' lang='grc' dir='ltr'><strong>ξύλον,</strong></span> <span class='ocrx_word' id='word_1_119' title='bbox 1149 1680 1179 1733; x_wconf 88' lang='grc' dir='ltr'><strong>δ</strong></span> <span class='ocrx_word' id='word_1_120' title='bbox 1230 1680 1401 1734; x_wconf 84' lang='grc' dir='ltr'><strong>κωπὼ</strong></span> <span class='ocrx_word' id='word_1_121' title='bbox 1427 1681 1478 1713; x_wconf 85' lang='grc'><strong>⁸³</strong></span> <span class='ocrx_word' id='word_1_122' title='bbox 1507 1682 1762 1737; x_wconf 88' lang='grc' dir='ltr'><strong>καλοῦσιν</strong></span> <span class='ocrx_word' id='word_1_123' title='bbox 1788 1702 1803 1717; x_wconf 78' lang='grc' dir='ltr'><strong>ο</strong></span> 
     </span>
    </p>
   </div>
   <div class='ocr_carea' id='block_1_19' title="bbox 230 1768 1806 1844">
    <p class='ocr_par' dir='ltr' id='par_1_19' title="bbox 230 1768 1806 1844">
     <span class='ocr_line' id='line_1_19' title="bbox 230 1768 1806 1844; baseline 0.004 -23"><span class='ocrx_word' id='word_1_124' title='bbox 230 1768 401 1832; x_wconf 65' lang='grc' dir='ltr'><strong>αὐτὸς</strong></span> <span class='ocrx_word' id='word_1_125' title='bbox 419 1770 477 1822; x_wconf 66' lang='grc' dir='ltr'><strong>δέ</strong></span> <span class='ocrx_word' id='word_1_126' title='bbox 500 1769 881 1839; x_wconf 82' lang='grc' dir='ltr'><strong>όδαφνηφόρος</strong></span> <span class='ocrx_word' id='word_1_127' title='bbox 906 1770 1172 1839; x_wconf 81' lang='grc' dir='ltr'><strong>έπόμενος</strong></span> <span class='ocrx_word' id='word_1_128' title='bbox 1193 1770 1295 1841; x_wconf 81' lang='grc' dir='ltr'><strong>τῆς</strong></span> <span class='ocrx_word' id='word_1_129' title='bbox 1337 1772 1544 1844; x_wconf 80' lang='grc' dir='ltr'><strong>δάφνης</strong></span> <span class='ocrx_word' id='word_1_130' title='bbox 1571 1775 1806 1843; x_wconf 72' lang='grc' dir='ltr'><strong>ιφάπτε-</strong></span> 
     </span>
    </p>
   </div>
   <div class='ocr_carea' id='block_1_20' title="bbox 229 1858 1810 1933">
    <p class='ocr_par' dir='ltr' id='par_1_20' title="bbox 229 1858 1810 1933">
     <span class='ocr_line' id='line_1_20' title="bbox 229 1858 1810 1933; baseline 0.005 -21"><span class='ocrx_word' id='word_1_131' title='bbox 229 1874 349 1922; x_wconf 72' lang='grc' dir='ltr'><strong>¹ειιι,</strong></span> <span class='ocrx_word' id='word_1_132' title='bbox 375 1858 474 1920; x_wconf 89' lang='grc' dir='ltr'><strong>τάς</strong></span> <span class='ocrx_word' id='word_1_133' title='bbox 502 1858 603 1927; x_wconf 74' lang='grc' dir='ltr'><strong>μὶν</strong></span> <span class='ocrx_word' id='word_1_134' title='bbox 634 1859 808 1927; x_wconf 85' lang='grc' dir='ltr'><strong>κόμας</strong></span> <span class='ocrx_word' id='word_1_135' title='bbox 830 1859 1151 1929; x_wconf 67' lang='grc' dir='ltr'><strong>καθειμένος</strong></span> <span class='ocrx_word' id='word_1_136' title='bbox 1177 1861 1244 1926; x_wconf 77' lang='grc'><strong>⁸⁸,</strong></span> <span class='ocrx_word' id='word_1_137' title='bbox 1259 1861 1496 1931; x_wconf 82' lang='grc' dir='ltr'><strong>χρυσοῦν</strong></span> <span class='ocrx_word' id='word_1_138' title='bbox 1520 1862 1577 1917; x_wconf 74' lang='lat' dir='ltr'><strong>st</strong></span> <span class='ocrx_word' id='word_1_139' title='bbox 1609 1866 1810 1933; x_wconf 78' lang='grc' dir='ltr'><strong>στέφα-</strong></span> 
     </span>
    </p>
   </div>
   <div class='ocr_carea' id='block_1_21' title="bbox 229 1950 1808 2027">
    <p class='ocr_par' dir='ltr' id='par_1_21' title="bbox 229 1950 1808 2027">
     <span class='ocr_line' id='line_1_21' title="bbox 229 1950 1808 2027; baseline 0.006 -26"><span class='ocrx_word' id='word_1_140' title='bbox 229 1966 327 2002; x_wconf 89' lang='grc' dir='ltr'><strong>νον</strong></span> <span class='ocrx_word' id='word_1_141' title='bbox 354 1951 555 2019; x_wconf 77' lang='grc' dir='ltr'><strong>φέρων,</strong></span> <span class='ocrx_word' id='word_1_142' title='bbox 598 1951 694 2003; x_wconf 80' lang='grc' dir='ltr'><strong>καὶ</strong></span> <span class='ocrx_word' id='word_1_143' title='bbox 733 1950 996 2020; x_wconf 76' lang='grc' dir='ltr'><strong>λαμπρὰν</strong></span> <span class='ocrx_word' id='word_1_144' title='bbox 1023 1950 1227 2022; x_wconf 67' lang='grc' dir='ltr'><strong>ἐσθῆτα</strong></span> <span class='ocrx_word' id='word_1_145' title='bbox 1258 1953 1471 2024; x_wconf 81' lang='grc' dir='ltr'><strong>ποδήρη</strong></span> <span class='ocrx_word' id='word_1_146' title='bbox 1491 1956 1808 2027; x_wconf 76' lang='grc' dir='ltr'><strong>έστολισμέο</strong></span> 
     </span>
    </p>
   </div>
   <div class='ocr_carea' id='block_1_22' title="bbox 228 2039 1808 2118">
    <p class='ocr_par' dir='ltr' id='par_1_22' title="bbox 228 2039 1808 2118">
     <span class='ocr_line' id='line_1_22' title="bbox 228 2039 1808 2118; baseline 0.007 -29"><span class='ocrx_word' id='word_1_147' title='bbox 228 2055 347 2103; x_wconf 81' lang='grc' dir='ltr'><strong>νος,</strong></span> <span class='ocrx_word' id='word_1_148' title='bbox 374 2039 717 2108; x_wconf 80' lang='grc' dir='ltr'><strong>ίφικρατίδας</strong></span> <span class='ocrx_word' id='word_1_149' title='bbox 742 2039 788 2071; x_wconf 87' lang='grc'><strong>⁸⁸</strong></span> <span class='ocrx_word' id='word_1_150' title='bbox 817 2056 875 2092; x_wconf 90' lang='grc' dir='ltr'><strong>τε</strong></span> <span class='ocrx_word' id='word_1_151' title='bbox 904 2040 1293 2111; x_wconf 68' lang='grc' dir='ltr'><strong>ὑποδεδεμένος</strong></span> <span class='ocrx_word' id='word_1_152' title='bbox 1312 2058 1328 2072; x_wconf 91' lang='grc'><strong>·</strong></span> <span class='ocrx_word' id='word_1_153' title='bbox 1372 2039 1417 2111; x_wconf 83' lang='grc' dir='ltr'>ᾧ</span> <span class='ocrx_word' id='word_1_154' title='bbox 1457 2046 1615 2116; x_wconf 71' lang='grc' dir='ltr'><strong>χορὸς</strong></span> <span class='ocrx_word' id='word_1_155' title='bbox 1663 2064 1808 2118; x_wconf 85' lang='grc' dir='ltr'><strong>παρ-</strong></span> 
     </span>
    </p>
   </div>
   <div class='ocr_carea' id='block_1_23' title="bbox 231 2130 1807 2209">
    <p class='ocr_par' dir='ltr' id='par_1_23' title="bbox 231 2130 1807 2209">
     <span class='ocr_line' id='line_1_23' title="bbox 231 2130 1807 2209; baseline 0.006 -27"><span class='ocrx_word' id='word_1_156' title='bbox 231 2130 411 2182; x_wconf 77' lang='grc' dir='ltr'><strong>θένων</strong></span> <span class='ocrx_word' id='word_1_157' title='bbox 447 2130 826 2193; x_wconf 79' lang='grc' dir='ltr'><strong>έπακολουθεῖ,</strong></span> <span class='ocrx_word' id='word_1_158' title='bbox 862 2132 1163 2200; x_wconf 81' lang='grc' dir='ltr'><strong>προτείνων</strong></span> <span class='ocrx_word' id='word_1_159' title='bbox 1195 2133 1409 2198; x_wconf 84' lang='grc' dir='ltr'><strong>κλῶνας</strong></span> <span class='ocrx_word' id='word_1_160' title='bbox 1446 2136 1585 2207; x_wconf 78' lang='grc' dir='ltr'><strong>πρὸς</strong></span> <span class='ocrx_word' id='word_1_161' title='bbox 1624 2138 1807 2209; x_wconf 89' lang='grc' dir='ltr'><strong>ίκετη-</strong></span> 
     </span>
    </p>
   </div>
   <div class='ocr_carea' id='block_1_24' title="bbox 228 2218 1807 2299">
    <p class='ocr_par' dir='ltr' id='par_1_24' title="bbox 228 2218 1807 2299">
     <span class='ocr_line' id='line_1_24' title="bbox 228 2218 1807 2299; baseline 0.008 -27"><span class='ocrx_word' id='word_1_162' title='bbox 228 2219 359 2291; x_wconf 87' lang='grc' dir='ltr'><strong>ρίαν</strong></span> <span class='ocrx_word' id='word_1_163' title='bbox 386 2219 495 2272; x_wconf 88' lang='grc' dir='ltr'><strong>τῶν</strong></span> <span class='ocrx_word' id='word_1_164' title='bbox 522 2220 567 2252; x_wconf 82' lang='grc'><strong><em>³⁸</em></strong></span> <span class='ocrx_word' id='word_1_165' title='bbox 606 2218 810 2291; x_wconf 75' lang='grc' dir='ltr'><strong>ὓμνων.</strong></span> <span class='ocrx_word' id='word_1_166' title='bbox 844 2222 1213 2293; x_wconf 84' lang='grc' dir='ltr'><strong>Παρέπεμπον</strong></span> <span class='ocrx_word' id='word_1_167' title='bbox 1231 2224 1286 2277; x_wconf 70' lang='grc' dir='ltr'><strong>δέ</strong></span> <span class='ocrx_word' id='word_1_168' title='bbox 1304 2225 1402 2295; x_wconf 83' lang='grc' dir='ltr'><strong>τήν</strong></span> <span class='ocrx_word' id='word_1_169' title='bbox 1439 2225 1807 2299; x_wconf 78' lang='grc' dir='ltr'><strong>δαφνηφορίαν</strong></span> 
     </span>
    </p>
   </div>
   <div class='ocr_carea' id='block_1_25' title="bbox 227 2312 1525 2387">
    <p class='ocr_par' dir='ltr' id='par_1_25' title="bbox 227 2312 1525 2387">
     <span class='ocr_line' id='line_1_25' title="bbox 227 2312 1525 2387; baseline 0.005 -23"><span class='ocrx_word' id='word_1_170' title='bbox 227 2313 316 2376; x_wconf 88' lang='grc' dir='ltr'><strong>είς</strong></span> <span class='ocrx_word' id='word_1_171' title='bbox 354 2312 689 2376; x_wconf 75' lang='grc' dir='ltr'><strong>’Λπόλλωνος</strong></span> <span class='ocrx_word' id='word_1_172' title='bbox 719 2313 986 2385; x_wconf 75' lang='grc' dir='ltr'><strong>Ἰσμηνίου</strong></span> <span class='ocrx_word' id='word_1_173' title='bbox 1003 2316 1049 2348; x_wconf 79' lang='grc'>⁸¹</span> <span class='ocrx_word' id='word_1_174' title='bbox 1076 2316 1174 2371; x_wconf 82' lang='grc' dir='ltr'><strong>καὶ</strong></span> <span class='ocrx_word' id='word_1_175' title='bbox 1193 2316 1446 2387; x_wconf 82' lang='grc' dir='ltr'><strong>χαλαζίου</strong></span> <span class='ocrx_word' id='word_1_176' title='bbox 1458 2320 1525 2371; x_wconf 84' lang='grc'><strong>⁸⁸.</strong></span> 
     </span>
    </p>
   </div>
   <div class='ocr_carea' id='block_1_26' title="bbox 303 2492 1808 2572">
    <p class='ocr_par' dir='ltr' id='par_1_26' title="bbox 303 2492 1808 2572">
     <span class='ocr_line' id='line_1_26' title="bbox 303 2492 1808 2572; baseline 0.007 -29"><span class='ocrx_word' id='word_1_177' title='bbox 303 2492 380 2543; x_wconf 80' lang='grc' dir='ltr'><strong>Τὸ</strong></span> <span class='ocrx_word' id='word_1_178' title='bbox 407 2492 464 2544; x_wconf 69' lang='grc' dir='ltr'><strong>δὶ</strong></span> <span class='ocrx_word' id='word_1_179' title='bbox 494 2492 949 2564; x_wconf 82' lang='grc' dir='ltr'><strong>τριποδηφορικδν</strong></span> <span class='ocrx_word' id='word_1_180' title='bbox 978 2494 1025 2527; x_wconf 86' lang='grc'><strong>⁸⁹</strong></span> <span class='ocrx_word' id='word_1_181' title='bbox 1061 2495 1222 2563; x_wconf 86' lang='grc' dir='ltr'><strong>μέλος</strong></span> <span class='ocrx_word' id='word_1_182' title='bbox 1251 2497 1505 2567; x_wconf 85' lang='grc' dir='ltr'><strong>τρίποδος</strong></span> <span class='ocrx_word' id='word_1_183' title='bbox 1536 2518 1808 2572; x_wconf 82' lang='grc' dir='ltr'><strong>προηγου.</strong></span> 
     </span>
    </p>
   </div>
   <div class='ocr_carea' id='block_1_27' title="bbox 232 2582 1807 2659">
    <p class='ocr_par' dir='ltr' id='par_1_27' title="bbox 232 2582 1807 2659">
     <span class='ocr_line' id='line_1_27' title="bbox 232 2582 1807 2659; baseline 0.01 -25"><span class='ocrx_word' id='word_1_184' title='bbox 232 2582 401 2652; x_wconf 84' lang='grc' dir='ltr'><strong>μένου</strong></span> <span class='ocrx_word' id='word_1_185' title='bbox 430 2583 580 2653; x_wconf 85' lang='grc' dir='ltr'><strong>παρά</strong></span> <span class='ocrx_word' id='word_1_186' title='bbox 608 2586 721 2646; x_wconf 85' lang='grc' dir='ltr'><strong>τοῖς</strong></span> <span class='ocrx_word' id='word_1_187' title='bbox 750 2585 1002 2649; x_wconf 85' lang='grc' dir='ltr'><strong>Βοιωτοῖς</strong></span> <span class='ocrx_word' id='word_1_188' title='bbox 1043 2586 1220 2657; x_wconf 73' lang='grc' dir='ltr'><strong>ᾔδετο.</strong></span> <span class='ocrx_word' id='word_1_189' title='bbox 1255 2589 1420 2659; x_wconf 84' lang='grc' dir='ltr'><strong>Ἔσχε</strong></span> <span class='ocrx_word' id='word_1_190' title='bbox 1450 2591 1507 2644; x_wconf 64' lang='grc' dir='ltr'><strong>δὲ</strong></span> <span class='ocrx_word' id='word_1_191' title='bbox 1530 2594 1624 2646; x_wconf 74' lang='grc' dir='ltr'><strong>καὶ</strong></span> <span class='ocrx_word' id='word_1_192' title='bbox 1650 2595 1807 2649; x_wconf 84' lang='grc' dir='ltr'><strong>τοῦτο</strong></span> 
     </span>
    </p>
   </div>
   <div class='ocr_carea' id='block_1_28' title="bbox 227 2674 1807 2757">
    <p class='ocr_par' dir='ltr' id='par_1_28' title="bbox 227 2674 1807 2757">
     <span class='ocr_line' id='line_1_28' title="bbox 227 2674 1807 2757; baseline 0.009 -30"><span class='ocrx_word' id='word_1_193' title='bbox 227 2676 413 2729; x_wconf 81' lang='grc' dir='ltr'><strong>αίτίαν</strong></span> <span class='ocrx_word' id='word_1_194' title='bbox 440 2674 696 2742; x_wconf 84' lang='grc' dir='ltr'><strong>τοιαύτην</strong></span> <span class='ocrx_word' id='word_1_195' title='bbox 728 2690 743 2705; x_wconf 84' lang='lat'><strong><em>°</em></strong></span> <span class='ocrx_word' id='word_1_196' title='bbox 785 2677 1079 2745; x_wconf 82' lang='grc' dir='ltr'><strong>Πελασγῶν</strong></span> <span class='ocrx_word' id='word_1_197' title='bbox 1121 2696 1264 2741; x_wconf 89' lang='grc' dir='ltr'><strong>τινες</strong></span> <span class='ocrx_word' id='word_1_198' title='bbox 1310 2681 1589 2737; x_wconf 82' lang='grc' dir='ltr'><strong>Πάνακτον</strong></span> <span class='ocrx_word' id='word_1_199' title='bbox 1621 2686 1667 2718; x_wconf 80' lang='grc'><strong>⁸⁸</strong></span> <span class='ocrx_word' id='word_1_200' title='bbox 1708 2688 1807 2757; x_wconf 83' lang='grc' dir='ltr'><strong>τῆς</strong></span> 
     </span>
    </p>
   </div>
   <div class='ocr_carea' id='block_1_29' title="bbox 230 2766 1807 2845">
    <p class='ocr_par' dir='ltr' id='par_1_29' title="bbox 230 2766 1807 2845">
     <span class='ocr_line' id='line_1_29' title="bbox 230 2766 1807 2845; baseline 0.008 -26"><span class='ocrx_word' id='word_1_201' title='bbox 230 2766 495 2829; x_wconf 85' lang='grc' dir='ltr'><strong>Βοιωτίας</strong></span> <span class='ocrx_word' id='word_1_202' title='bbox 522 2766 806 2837; x_wconf 65' lang='grc' dir='ltr'><strong>ἐπόρθουν,</strong></span> <span class='ocrx_word' id='word_1_203' title='bbox 824 2767 1049 2837; x_wconf 90' lang='grc' dir='ltr'><strong>Θηϐαῖοι</strong></span> <span class='ocrx_word' id='word_1_204' title='bbox 1078 2769 1131 2822; x_wconf 66' lang='grc' dir='ltr'><strong>δὲ</strong></span> <span class='ocrx_word' id='word_1_205' title='bbox 1146 2770 1355 2840; x_wconf 79' lang='grc' dir='ltr'><strong>ήμυνον</strong></span> <span class='ocrx_word' id='word_1_206' title='bbox 1382 2773 1479 2826; x_wconf 81' lang='grc' dir='ltr'><strong>καὶ</strong></span> <span class='ocrx_word' id='word_1_207' title='bbox 1494 2776 1807 2845; x_wconf 80' lang='grc' dir='ltr'><strong>πέμψαντες</strong></span> 
     </span>
    </p>
   </div>
   <div class='ocr_carea' id='block_1_30' title="bbox 227 2858 1802 2935">
    <p class='ocr_par' dir='ltr' id='par_1_30' title="bbox 227 2858 1802 2935">
     <span class='ocr_line' id='line_1_30' title="bbox 227 2858 1802 2935; baseline 0.007 -25"><span class='ocrx_word' id='word_1_208' title='bbox 227 2859 314 2920; x_wconf 82' lang='grc' dir='ltr'><strong>είς</strong></span> <span class='ocrx_word' id='word_1_209' title='bbox 343 2858 603 2927; x_wconf 85' lang='grc' dir='ltr'><strong>Δωδώνην</strong></span> <span class='ocrx_word' id='word_1_210' title='bbox 642 2859 769 2927; x_wconf 77' lang='grc' dir='ltr'><strong>περὶ</strong></span> <span class='ocrx_word' id='word_1_211' title='bbox 798 2859 897 2927; x_wconf 82' lang='grc' dir='ltr'><strong>τῆς</strong></span> <span class='ocrx_word' id='word_1_212' title='bbox 932 2858 1025 2911; x_wconf 90' lang='grc' dir='ltr'><strong>τοῦ</strong></span> <span class='ocrx_word' id='word_1_213' title='bbox 1071 2860 1307 2930; x_wconf 86' lang='grc' dir='ltr'><strong>πολέμου</strong></span> <span class='ocrx_word' id='word_1_214' title='bbox 1342 2864 1500 2933; x_wconf 85' lang='grc' dir='ltr'><strong>νίκης</strong></span> <span class='ocrx_word' id='word_1_215' title='bbox 1545 2867 1802 2935; x_wconf 68' lang='grc' dir='ltr'><strong>ἐχρῶντο.</strong></span> 
     </span>
    </p>
   </div>
   <div class='ocr_carea' id='block_1_31' title="bbox 226 2947 1805 3025">
    <p class='ocr_par' dir='ltr' id='par_1_31' title="bbox 226 2947 1805 3025">
     <span class='ocr_line' id='line_1_31' title="bbox 226 2947 1805 3025; baseline 0.006 -23"><span class='ocrx_word' id='word_1_216' title='bbox 226 2948 497 3018; x_wconf 76' lang='grc' dir='ltr'><strong>Χρησμὸς</strong></span> <span class='ocrx_word' id='word_1_217' title='bbox 524 2948 578 3000; x_wconf 78' lang='grc' dir='ltr'><strong>δὲ</strong></span> <span class='ocrx_word' id='word_1_218' title='bbox 606 2950 716 3011; x_wconf 85' lang='grc' dir='ltr'><strong>τοῖς</strong></span> <span class='ocrx_word' id='word_1_219' title='bbox 749 2947 1007 3015; x_wconf 86' lang='grc' dir='ltr'><strong>Θηϐαίοις</strong></span> <span class='ocrx_word' id='word_1_220' title='bbox 1050 2947 1309 3014; x_wconf 71' lang='grc' dir='ltr'><strong>ἐξέπεσεν</strong></span> <span class='ocrx_word' id='word_1_221' title='bbox 1338 2954 1433 3018; x_wconf 82' lang='grc' dir='ltr'><strong>ὡς,</strong></span> <span class='ocrx_word' id='word_1_222' title='bbox 1462 2957 1510 3007; x_wconf 89' lang='grc' dir='ltr'><strong>εί</strong></span> <span class='ocrx_word' id='word_1_223' title='bbox 1550 2957 1805 3025; x_wconf 79' lang='grc' dir='ltr'><strong>μέγιστον</strong></span> 
     </span>
    </p>
   </div>
   <div class='ocr_carea' id='block_1_32' title="bbox 224 3038 1805 3113">
    <p class='ocr_par' dir='ltr' id='par_1_32' title="bbox 224 3038 1805 3113">
     <span class='ocr_line' id='line_1_32' title="bbox 224 3038 1805 3113; baseline 0.005 -20"><span class='ocrx_word' id='word_1_224' title='bbox 224 3040 487 3109; x_wconf 81' lang='grc' dir='ltr'><strong>ἀσέϐημα</strong></span> <span class='ocrx_word' id='word_1_225' title='bbox 510 3038 859 3106; x_wconf 85' lang='grc' dir='ltr'><strong>ἀσεϐήσουσι,</strong></span> <span class='ocrx_word' id='word_1_226' title='bbox 891 3040 1221 3108; x_wconf 88' lang='grc' dir='ltr'><strong>νικήσουσιν.</strong></span> <span class='ocrx_word' id='word_1_227' title='bbox 1257 3041 1477 3107; x_wconf 79' lang='grc' dir='ltr'><strong>Ἐδοξεν</strong></span> <span class='ocrx_word' id='word_1_228' title='bbox 1504 3041 1596 3099; x_wconf 83' lang='grc' dir='ltr'><strong>οὖν</strong></span> <span class='ocrx_word' id='word_1_229' title='bbox 1624 3048 1805 3113; x_wconf 81' lang='grc' dir='ltr'><strong>αὐτοῖς</strong></span> 
     </span>
    </p>
   </div>
   <div class='ocr_carea' id='block_1_33' title="bbox 1914 590 3493 668">
    <p class='ocr_par' dir='ltr' id='par_1_33' title="bbox 1914 590 3493 668">
     <span class='ocr_line' id='line_1_33' title="bbox 1914 590 3493 668; baseline 0.009 -26"><span class='ocrx_word' id='word_1_230' title='bbox 1914 590 2249 659; x_wconf 86' lang='lat' dir='ltr'><strong>oieagineum</strong></span> <span class='ocrx_word' id='word_1_231' title='bbox 2298 592 2499 659; x_wconf 77' lang='lat' dir='ltr'><strong>lignum</strong></span> <span class='ocrx_word' id='word_1_232' title='bbox 2544 593 2713 648; x_wconf 89' lang='lat' dir='ltr'><strong>lauris</strong></span> <span class='ocrx_word' id='word_1_233' title='bbox 2756 606 3035 663; x_wconf 90' lang='lat' dir='ltr'><strong>coronant,</strong></span> <span class='ocrx_word' id='word_1_234' title='bbox 3086 602 3357 668; x_wconf 84' lang='lat' dir='ltr'><strong>variisque</strong></span> <span class='ocrx_word' id='word_1_235' title='bbox 3396 604 3493 657; x_wconf 87' lang='lat' dir='ltr'><strong>lio-</strong></span> 
     </span>
    </p>
   </div>
   <div class='ocr_carea' id='block_1_34' title="bbox 1917 681 3493 757">
    <p class='ocr_par' dir='ltr' id='par_1_34' title="bbox 1917 681 3493 757">
     <span class='ocr_line' id='line_1_34' title="bbox 1917 681 3493 757; baseline 0.01 -23"><span class='ocrx_word' id='word_1_236' title='bbox 1917 681 2063 735; x_wconf 80' lang='lat' dir='ltr'><strong>ribus</strong></span> <span class='ocrx_word' id='word_1_237' title='bbox 2111 692 2400 746; x_wconf 93' lang='lat' dir='ltr'><strong>exornant,</strong></span> <span class='ocrx_word' id='word_1_238' title='bbox 2430 682 2583 751; x_wconf 85' lang='lat' dir='ltr'><strong>cujus</strong></span> <span class='ocrx_word' id='word_1_239' title='bbox 2620 684 2671 738; x_wconf 90' lang='lat' dir='ltr'><strong>in</strong></span> <span class='ocrx_word' id='word_1_240' title='bbox 2715 686 2867 754; x_wconf 94' lang='lat' dir='ltr'><strong>apice</strong></span> <span class='ocrx_word' id='word_1_241' title='bbox 2927 702 3075 743; x_wconf 64' lang='lat' dir='ltr'><strong>enea</strong></span> <span class='ocrx_word' id='word_1_242' title='bbox 3125 690 3334 757; x_wconf 70' lang='lat' dir='ltr'><strong>sphara</strong></span> <span class='ocrx_word' id='word_1_243' title='bbox 3387 694 3493 749; x_wconf 82' lang='lat' dir='ltr'><strong>im-</strong></span> 
     </span>
    </p>
   </div>
   <div class='ocr_carea' id='block_1_35' title="bbox 1914 772 3495 852">
    <p class='ocr_par' dir='ltr' id='par_1_35' title="bbox 1914 772 3495 852">
     <span class='ocr_line' id='line_1_35' title="bbox 1914 772 3495 852; baseline 0.008 -28"><span class='ocrx_word' id='word_1_244' title='bbox 1914 772 2086 841; x_wconf 89' lang='lat' dir='ltr'><strong>posita</strong></span> <span class='ocrx_word' id='word_1_245' title='bbox 2116 786 2133 835; x_wconf 88' lang='lat'><strong>;</strong></span> <span class='ocrx_word' id='word_1_246' title='bbox 2158 786 2225 826; x_wconf 88' lang='lat' dir='ltr'><strong>ex</strong></span> <span class='ocrx_word' id='word_1_247' title='bbox 2250 772 2351 826; x_wconf 90' lang='lat' dir='ltr'><strong>hac</strong></span> <span class='ocrx_word' id='word_1_248' title='bbox 2374 773 2609 827; x_wconf 88' lang='lat' dir='ltr'><strong>minores</strong></span> <span class='ocrx_word' id='word_1_249' title='bbox 2630 774 2962 844; x_wconf 89' lang='lat' dir='ltr'><strong>dependent:</strong></span> <span class='ocrx_word' id='word_1_250' title='bbox 2989 778 3170 834; x_wconf 88' lang='lat' dir='ltr'><strong>medio</strong></span> <span class='ocrx_word' id='word_1_251' title='bbox 3192 795 3323 835; x_wconf 86' lang='lat' dir='ltr'><strong>vero</strong></span> <span class='ocrx_word' id='word_1_252' title='bbox 3349 782 3495 852; x_wconf 83' lang='lat' dir='ltr'><strong>ligno</strong></span> 
     </span>
    </p>
   </div>
   <div class='ocr_carea' id='block_1_36' title="bbox 1914 863 3487 941">
    <p class='ocr_par' dir='ltr' id='par_1_36' title="bbox 1914 863 3487 941">
     <span class='ocr_line' id='line_1_36' title="bbox 1914 863 3487 941; baseline 0.008 -27"><span class='ocrx_word' id='word_1_253' title='bbox 1914 876 2195 930; x_wconf 63' lang='lat' dir='ltr'><strong>purpurea</strong></span> <span class='ocrx_word' id='word_1_254' title='bbox 2222 876 2442 917; x_wconf 67' lang='lat' dir='ltr'><strong>corona</strong></span> <span class='ocrx_word' id='word_1_255' title='bbox 2504 863 2851 933; x_wconf 87' lang='lat' dir='ltr'><strong>adaptantur,</strong></span> <span class='ocrx_word' id='word_1_256' title='bbox 2895 869 3134 925; x_wconf 85' lang='lat' dir='ltr'><strong>minores</strong></span> <span class='ocrx_word' id='word_1_257' title='bbox 3163 886 3325 939; x_wconf 86' lang='lat' dir='ltr'><strong>quam</strong></span> <span class='ocrx_word' id='word_1_258' title='bbox 3365 887 3487 941; x_wconf 68' lang='lat' dir='ltr'><strong>qua</strong></span> 
     </span>
    </p>
   </div>
   <div class='ocr_carea' id='block_1_37' title="bbox 1913 952 3488 1030">
    <p class='ocr_par' dir='ltr' id='par_1_37' title="bbox 1913 952 3488 1030">
     <span class='ocr_line' id='line_1_37' title="bbox 1913 952 3488 1030; baseline 0.004 -23"><span class='ocrx_word' id='word_1_259' title='bbox 1913 966 2126 1007; x_wconf 89' lang='lat' dir='ltr'><strong>summo</strong></span> <span class='ocrx_word' id='word_1_260' title='bbox 2158 952 2376 1021; x_wconf 89' lang='lat' dir='ltr'><strong>fastigio</strong></span> <span class='ocrx_word' id='word_1_261' title='bbox 2407 952 2696 1021; x_wconf 69' lang='lat' dir='ltr'><strong>impositae.</strong></span> <span class='ocrx_word' id='word_1_262' title='bbox 2732 953 2900 1010; x_wconf 85' lang='lat' dir='ltr'><strong>imam</strong></span> <span class='ocrx_word' id='word_1_263' title='bbox 2935 973 3066 1015; x_wconf 89' lang='lat' dir='ltr'><strong>vero</strong></span> <span class='ocrx_word' id='word_1_264' title='bbox 3104 959 3234 1030; x_wconf 90' lang='lat' dir='ltr'><strong>ligni</strong></span> <span class='ocrx_word' id='word_1_265' title='bbox 3275 972 3488 1029; x_wconf 88' lang='lat' dir='ltr'><strong>partem</strong></span> 
     </span>
    </p>
   </div>
   <div class='ocr_carea' id='block_1_38' title="bbox 1914 1042 3497 1118">
    <p class='ocr_par' dir='ltr' id='par_1_38' title="bbox 1914 1042 3497 1118">
     <span class='ocr_line' id='line_1_38' title="bbox 1914 1042 3497 1118; baseline 0.006 -23"><span class='ocrx_word' id='word_1_266' title='bbox 1914 1042 2359 1099; x_wconf 89' lang='lat' dir='ltr'><strong>circumvestiunt</strong></span> <span class='ocrx_word' id='word_1_267' title='bbox 2409 1044 2709 1100; x_wconf 90' lang='lat' dir='ltr'><strong>crocotula.</strong></span> <span class='ocrx_word' id='word_1_268' title='bbox 2782 1047 3065 1116; x_wconf 76' lang='lat' dir='ltr'><strong>Signiﬁcat</strong></span> <span class='ocrx_word' id='word_1_269' title='bbox 3116 1060 3296 1104; x_wconf 88' lang='lat' dir='ltr'><strong>autem</strong></span> <span class='ocrx_word' id='word_1_270' title='bbox 3364 1052 3497 1118; x_wconf 90' lang='lat' dir='ltr'><strong>ipsis</strong></span> 
     </span>
    </p>
   </div>
   <div class='ocr_carea' id='block_1_39' title="bbox 1912 1135 3490 1208">
    <p class='ocr_par' dir='ltr' id='par_1_39' title="bbox 1912 1135 3490 1208">
     <span class='ocr_line' id='line_1_39' title="bbox 1912 1135 3490 1208; baseline 0.003 -19"><span class='ocrx_word' id='word_1_271' title='bbox 1912 1148 2162 1202; x_wconf 87' lang='lat' dir='ltr'><strong>suprema</strong></span> <span class='ocrx_word' id='word_1_272' title='bbox 2220 1135 2435 1203; x_wconf 86' lang='lat' dir='ltr'><strong>quidem</strong></span> <span class='ocrx_word' id='word_1_273' title='bbox 2475 1136 2709 1205; x_wconf 67' lang='lat' dir='ltr'><strong>spbara,</strong></span> <span class='ocrx_word' id='word_1_274' title='bbox 2759 1139 2967 1203; x_wconf 90' lang='lat' dir='ltr'><strong>solem,</strong></span> <span class='ocrx_word' id='word_1_275' title='bbox 3020 1153 3129 1208; x_wconf 92' lang='lat' dir='ltr'><strong>quo</strong></span> <span class='ocrx_word' id='word_1_276' title='bbox 3185 1139 3490 1208; x_wconf 79' lang='lat' dir='ltr'><strong>Apollinem</strong></span> 
     </span>
    </p>
   </div>
   <div class='ocr_carea' id='block_1_40' title="bbox 1915 1224 3490 1299">
    <p class='ocr_par' dir='ltr' id='par_1_40' title="bbox 1915 1224 3490 1299">
     <span class='ocr_line' id='line_1_40' title="bbox 1915 1224 3490 1299; baseline 0.004 -21"><span class='ocrx_word' id='word_1_277' title='bbox 1915 1224 2244 1293; x_wconf 86' lang='lat' dir='ltr'><strong>designant:</strong></span> <span class='ocrx_word' id='word_1_278' title='bbox 2277 1225 2404 1280; x_wconf 85' lang='lat' dir='ltr'><strong>huic</strong></span> <span class='ocrx_word' id='word_1_279' title='bbox 2454 1240 2583 1281; x_wconf 92' lang='lat' dir='ltr'><strong>vero</strong></span> <span class='ocrx_word' id='word_1_280' title='bbox 2641 1226 2908 1296; x_wconf 84' lang='lat' dir='ltr'><strong>subjecta,</strong></span> <span class='ocrx_word' id='word_1_281' title='bbox 2964 1228 3151 1283; x_wconf 87' lang='lat' dir='ltr'><strong>lunam</strong></span> <span class='ocrx_word' id='word_1_282' title='bbox 3200 1229 3490 1299; x_wconf 87' lang='lat' dir='ltr'><strong>significat.</strong></span> 
     </span>
    </p>
   </div>
   <div class='ocr_carea' id='block_1_41' title="bbox 1912 1314 3493 1387">
    <p class='ocr_par' dir='ltr' id='par_1_41' title="bbox 1912 1314 3493 1387">
     <span class='ocr_line' id='line_1_41' title="bbox 1912 1314 3493 1387; baseline 0.004 -18"><span class='ocrx_word' id='word_1_283' title='bbox 1912 1314 2124 1369; x_wconf 84' lang='lat' dir='ltr'><strong>Giobuli</strong></span> <span class='ocrx_word' id='word_1_284' title='bbox 2154 1329 2283 1370; x_wconf 85' lang='lat' dir='ltr'><strong>vero</strong></span> <span class='ocrx_word' id='word_1_285' title='bbox 2314 1316 2563 1385; x_wconf 83' lang='lat' dir='ltr'><strong>appensi,</strong></span> <span class='ocrx_word' id='word_1_286' title='bbox 2598 1317 2769 1371; x_wconf 68' lang='lat' dir='ltr'><strong>stella</strong></span> <span class='ocrx_word' id='word_1_287' title='bbox 2796 1330 2851 1372; x_wconf 90' lang='lat' dir='ltr'><strong>et</strong></span> <span class='ocrx_word' id='word_1_288' title='bbox 2897 1328 3042 1375; x_wconf 85' lang='lat' dir='ltr'><strong>astra</strong></span> <span class='ocrx_word' id='word_1_289' title='bbox 3070 1328 3199 1374; x_wconf 87' lang='lat' dir='ltr'><strong>sunt</strong></span> <span class='ocrx_word' id='word_1_290' title='bbox 3228 1337 3244 1387; x_wconf 88' lang='lat'><strong>;</strong></span> <span class='ocrx_word' id='word_1_291' title='bbox 3274 1336 3493 1376; x_wconf 70' lang='lat' dir='ltr'><strong>corona</strong></span> 
     </span>
    </p>
   </div>
   <div class='ocr_carea' id='block_1_42' title="bbox 1911 1408 3493 1476">
    <p class='ocr_par' dir='ltr' id='par_1_42' title="bbox 1911 1408 3493 1476">
     <span class='ocr_line' id='line_1_42' title="bbox 1911 1408 3493 1476; baseline 0.004 -18"><span class='ocrx_word' id='word_1_292' title='bbox 1911 1420 2147 1460; x_wconf 91' lang='lat' dir='ltr'><strong>annuum</strong></span> <span class='ocrx_word' id='word_1_293' title='bbox 2208 1420 2427 1461; x_wconf 86' lang='lat' dir='ltr'><strong>cursum</strong></span> <span class='ocrx_word' id='word_1_294' title='bbox 2483 1408 2837 1476; x_wconf 79' lang='lat' dir='ltr'><strong>signiﬁcant:</strong></span> <span class='ocrx_word' id='word_1_295' title='bbox 2894 1418 3167 1465; x_wconf 87' lang='lat' dir='ltr'><strong>trecentas</strong></span> <span class='ocrx_word' id='word_1_296' title='bbox 3229 1412 3377 1465; x_wconf 91' lang='lat' dir='ltr'><strong>enim</strong></span> <span class='ocrx_word' id='word_1_297' title='bbox 3438 1422 3493 1465; x_wconf 88' lang='lat' dir='ltr'><strong>et</strong></span> 
     </span>
    </p>
   </div>
   <div class='ocr_carea' id='block_1_43' title="bbox 1908 1497 3492 1568">
    <p class='ocr_par' dir='ltr' id='par_1_43' title="bbox 1908 1497 3492 1568">
     <span class='ocr_line' id='line_1_43' title="bbox 1908 1497 3492 1568; baseline 0.003 -17"><span class='ocrx_word' id='word_1_298' title='bbox 1908 1497 2188 1567; x_wconf 85' lang='lat' dir='ltr'><strong>sexaginta</strong></span> <span class='ocrx_word' id='word_1_299' title='bbox 2248 1499 2488 1568; x_wconf 82' lang='lat' dir='ltr'><strong>quinque</strong></span> <span class='ocrx_word' id='word_1_300' title='bbox 2550 1499 2868 1553; x_wconf 76' lang='lat' dir='ltr'><strong>conﬁciunt.</strong></span> <span class='ocrx_word' id='word_1_301' title='bbox 2912 1498 3113 1555; x_wconf 67' lang='lat' dir='ltr'><strong>Preest</strong></span> <span class='ocrx_word' id='word_1_302' title='bbox 3162 1510 3344 1556; x_wconf 89' lang='lat' dir='ltr'><strong>autem</strong></span> <span class='ocrx_word' id='word_1_303' title='bbox 3392 1502 3492 1557; x_wconf 86' lang='lat' dir='ltr'><strong>da-</strong></span> 
     </span>
    </p>
   </div>
   <div class='ocr_carea' id='block_1_44' title="bbox 1909 1586 3495 1657">
    <p class='ocr_par' dir='ltr' id='par_1_44' title="bbox 1909 1586 3495 1657">
     <span class='ocr_line' id='line_1_44' title="bbox 1909 1586 3495 1657; baseline 0.001 -15"><span class='ocrx_word' id='word_1_304' title='bbox 1909 1586 2260 1657; x_wconf 90' lang='lat' dir='ltr'><strong>pbuepboriis</strong></span> <span class='ocrx_word' id='word_1_305' title='bbox 2299 1601 2434 1657; x_wconf 90' lang='lat' dir='ltr'><strong>puer</strong></span> <span class='ocrx_word' id='word_1_306' title='bbox 2461 1588 2759 1656; x_wconf 85' lang='lat' dir='ltr'><strong>patrimus.</strong></span> <span class='ocrx_word' id='word_1_307' title='bbox 2799 1598 2855 1642; x_wconf 92' lang='lat' dir='ltr'><strong>et</strong></span> <span class='ocrx_word' id='word_1_308' title='bbox 2898 1588 3203 1653; x_wconf 89' lang='lat' dir='ltr'><strong>matrimus,</strong></span> <span class='ocrx_word' id='word_1_309' title='bbox 3235 1590 3319 1644; x_wconf 91' lang='lat' dir='ltr'><strong>cui</strong></span> <span class='ocrx_word' id='word_1_310' title='bbox 3379 1605 3495 1643; x_wconf 86' lang='lat' dir='ltr'><strong>ma-</strong></span> 
     </span>
    </p>
   </div>
   <div class='ocr_carea' id='block_1_45' title="bbox 1908 1679 3487 1750">
    <p class='ocr_par' dir='ltr' id='par_1_45' title="bbox 1908 1679 3487 1750">
     <span class='ocr_line' id='line_1_45' title="bbox 1908 1679 3487 1750; baseline 0 -15"><span class='ocrx_word' id='word_1_311' title='bbox 1908 1682 2053 1735; x_wconf 88' lang='lat' dir='ltr'><strong>xime</strong></span> <span class='ocrx_word' id='word_1_312' title='bbox 2096 1680 2441 1748; x_wconf 69' lang='lat' dir='ltr'><strong>coniunctus,</strong></span> <span class='ocrx_word' id='word_1_313' title='bbox 2496 1686 2676 1748; x_wconf 90' lang='lat' dir='ltr'><strong>gestat</strong></span> <span class='ocrx_word' id='word_1_314' title='bbox 2709 1688 3033 1733; x_wconf 89' lang='lat' dir='ltr'><strong>coronatum</strong></span> <span class='ocrx_word' id='word_1_315' title='bbox 3081 1679 3311 1749; x_wconf 89' lang='lat' dir='ltr'><strong>lignum,</strong></span> <span class='ocrx_word' id='word_1_316' title='bbox 3340 1680 3487 1750; x_wconf 87' lang='lat' dir='ltr'><strong>quod</strong></span> 
     </span>
    </p>
   </div>
   <div class='ocr_carea' id='block_1_46' title="bbox 1911 1765 3490 1837">
    <p class='ocr_par' dir='ltr' id='par_1_46' title="bbox 1911 1765 3490 1837">
     <span class='ocr_line' id='line_1_46' title="bbox 1911 1765 3490 1837; baseline -0.003 -15"><span class='ocrx_word' id='word_1_317' title='bbox 1911 1766 2082 1823; x_wconf 83' lang='grc' dir='ltr'><strong>κωπὼ</strong></span> <span class='ocrx_word' id='word_1_318' title='bbox 2120 1766 2223 1837; x_wconf 87' lang='lat' dir='ltr'><strong>ipsi</strong></span> <span class='ocrx_word' id='word_1_319' title='bbox 2286 1774 2501 1821; x_wconf 86' lang='lat' dir='ltr'><strong>vocant.</strong></span> <span class='ocrx_word' id='word_1_320' title='bbox 2550 1765 2975 1833; x_wconf 87' lang='lat' dir='ltr'><strong>Daphnephorus</strong></span> <span class='ocrx_word' id='word_1_321' title='bbox 3036 1779 3165 1821; x_wconf 88' lang='lat' dir='ltr'><strong>vero</strong></span> <span class='ocrx_word' id='word_1_322' title='bbox 3220 1765 3490 1834; x_wconf 77' lang='lat' dir='ltr'><strong>sequitur,</strong></span> 
     </span>
    </p>
   </div>
   <div class='ocr_carea' id='block_1_47' title="bbox 1919 1854 3493 1930">
    <p class='ocr_par' dir='ltr' id='par_1_47' title="bbox 1919 1854 3493 1930">
     <span class='ocr_line' id='line_1_47' title="bbox 1919 1854 3493 1930; baseline -0.003 -15"><span class='ocrx_word' id='word_1_323' title='bbox 1919 1871 2146 1930; x_wconf 83' lang='lat' dir='ltr'><strong>tangens</strong></span> <span class='ocrx_word' id='word_1_324' title='bbox 2184 1857 2394 1912; x_wconf 85' lang='lat' dir='ltr'><strong>laurum</strong></span> <span class='ocrx_word' id='word_1_325' title='bbox 2422 1876 2435 1911; x_wconf 91' lang='lat'><strong>:</strong></span> <span class='ocrx_word' id='word_1_326' title='bbox 2467 1856 2640 1911; x_wconf 86' lang='lat' dir='ltr'><strong>comis</strong></span> <span class='ocrx_word' id='word_1_327' title='bbox 2661 1856 2879 1926; x_wconf 88' lang='lat' dir='ltr'><strong>quidem</strong></span> <span class='ocrx_word' id='word_1_328' title='bbox 2911 1857 3160 1911; x_wconf 86' lang='lat' dir='ltr'><strong>demissis</strong></span> <span class='ocrx_word' id='word_1_329' title='bbox 3209 1865 3265 1913; x_wconf 90' lang='lat' dir='ltr'><strong>et</strong></span> <span class='ocrx_word' id='word_1_330' title='bbox 3306 1854 3493 1921; x_wconf 81' lang='lat' dir='ltr'><strong>ﬂuxis,</strong></span> 
     </span>
    </p>
   </div>
   <div class='ocr_carea' id='block_1_48' title="bbox 1915 1946 3488 2020">
    <p class='ocr_par' dir='ltr' id='par_1_48' title="bbox 1915 1946 3488 2020">
     <span class='ocr_line' id='line_1_48' title="bbox 1915 1946 3488 2020; baseline -0.006 -13"><span class='ocrx_word' id='word_1_331' title='bbox 1915 1964 2187 2020; x_wconf 90' lang='lat' dir='ltr'><strong>aureaque</strong></span> <span class='ocrx_word' id='word_1_332' title='bbox 2245 1963 2442 2004; x_wconf 88' lang='lat' dir='ltr'><strong>corona</strong></span> <span class='ocrx_word' id='word_1_333' title='bbox 2514 1947 2821 2011; x_wconf 84' lang='lat' dir='ltr'><strong>redimitus,</strong></span> <span class='ocrx_word' id='word_1_334' title='bbox 2871 1946 3259 2017; x_wconf 81' lang='lat' dir='ltr'><strong>splendidaque</strong></span> <span class='ocrx_word' id='word_1_335' title='bbox 3312 1956 3488 2014; x_wconf 72' lang='lat' dir='ltr'><strong>veste,</strong></span> 
     </span>
    </p>
   </div>
   <div class='ocr_carea' id='block_1_49' title="bbox 1914 2037 3492 2107">
    <p class='ocr_par' dir='ltr' id='par_1_49' title="bbox 1914 2037 3492 2107">
     <span class='ocr_line' id='line_1_49' title="bbox 1914 2037 3492 2107; baseline -0.004 -9"><span class='ocrx_word' id='word_1_336' title='bbox 1914 2052 1969 2099; x_wconf 89' lang='lat' dir='ltr'><strong>et</strong></span> <span class='ocrx_word' id='word_1_337' title='bbox 1989 2041 2144 2096; x_wconf 85' lang='lat' dir='ltr'><strong>talari</strong></span> <span class='ocrx_word' id='word_1_338' title='bbox 2175 2042 2419 2105; x_wconf 87' lang='lat' dir='ltr'><strong>indutus,</strong></span> <span class='ocrx_word' id='word_1_339' title='bbox 2450 2038 2781 2107; x_wconf 87' lang='lat' dir='ltr'><strong>calceisque.</strong></span> <span class='ocrx_word' id='word_1_340' title='bbox 2808 2038 3027 2107; x_wconf 81' lang='lat' dir='ltr'><strong>quosab</strong></span> <span class='ocrx_word' id='word_1_341' title='bbox 3048 2037 3315 2107; x_wconf 90' lang='lat' dir='ltr'><strong>lphricate</strong></span> <span class='ocrx_word' id='word_1_342' title='bbox 3359 2039 3492 2106; x_wconf 77' lang='grc' dir='ltr'><strong>Ἰφι-</strong></span> 
     </span>
    </p>
   </div>
   <div class='ocr_carea' id='block_1_50' title="bbox 1915 2127 3489 2204">
    <p class='ocr_par' dir='ltr' id='par_1_50' title="bbox 1915 2127 3489 2204">
     <span class='ocr_line' id='line_1_50' title="bbox 1915 2127 3489 2204; baseline -0.002 -17"><span class='ocrx_word' id='word_1_343' title='bbox 1915 2132 2173 2204; x_wconf 82' lang='grc' dir='ltr'><strong>κρατίδας</strong></span> <span class='ocrx_word' id='word_1_344' title='bbox 2213 2130 2387 2186; x_wconf 71' lang='lat' dir='ltr'><strong>Grzci</strong></span> <span class='ocrx_word' id='word_1_345' title='bbox 2414 2139 2609 2185; x_wconf 89' lang='lat' dir='ltr'><strong>vocant</strong></span> <span class='ocrx_word' id='word_1_346' title='bbox 2652 2130 2697 2182; x_wconf 83' lang='lat'><strong>’.</strong></span> <span class='ocrx_word' id='word_1_347' title='bbox 2754 2127 2909 2183; x_wconf 87' lang='lat' dir='ltr'><strong>Hunc</strong></span> <span class='ocrx_word' id='word_1_348' title='bbox 2964 2130 3233 2199; x_wconf 80' lang='lat' dir='ltr'><strong>virginum</strong></span> <span class='ocrx_word' id='word_1_349' title='bbox 3284 2129 3489 2185; x_wconf 87' lang='lat' dir='ltr'><strong>chorus</strong></span> 
     </span>
    </p>
   </div>
   <div class='ocr_carea' id='block_1_51' title="bbox 1915 2220 3488 2290">
    <p class='ocr_par' dir='ltr' id='par_1_51' title="bbox 1915 2220 3488 2290">
     <span class='ocr_line' id='line_1_51' title="bbox 1915 2220 3488 2290; baseline -0.002 -12"><span class='ocrx_word' id='word_1_350' title='bbox 1915 2224 2227 2285; x_wconf 85' lang='lat' dir='ltr'><strong>comitatur,</strong></span> <span class='ocrx_word' id='word_1_351' title='bbox 2265 2235 2443 2275; x_wconf 85' lang='lat' dir='ltr'><strong>ramos</strong></span> <span class='ocrx_word' id='word_1_352' title='bbox 2484 2220 2549 2273; x_wconf 90' lang='lat' dir='ltr'><strong>ad</strong></span> <span class='ocrx_word' id='word_1_353' title='bbox 2595 2220 3072 2289; x_wconf 85' lang='lat' dir='ltr'><strong>supplicationem.</strong></span> <span class='ocrx_word' id='word_1_354' title='bbox 3103 2235 3225 2288; x_wconf 66' lang='lat' dir='ltr'><strong>quae</strong></span> <span class='ocrx_word' id='word_1_355' title='bbox 3266 2220 3488 2290; x_wconf 82' lang='lat' dir='ltr'><strong>hymnis</strong></span> 
     </span>
    </p>
   </div>
   <div class='ocr_carea' id='block_1_52' title="bbox 1915 2305 3487 2379">
    <p class='ocr_par' dir='ltr' id='par_1_52' title="bbox 1915 2305 3487 2379">
     <span class='ocr_line' id='line_1_52' title="bbox 1915 2305 3487 2379; baseline -0.004 -11"><span class='ocrx_word' id='word_1_356' title='bbox 1915 2313 2313 2377; x_wconf 82' lang='lat' dir='ltr'><strong>celebrabatur,</strong></span> <span class='ocrx_word' id='word_1_357' title='bbox 2374 2308 2732 2379; x_wconf 72' lang='lat' dir='ltr'><strong>praetendens.</strong></span> <span class='ocrx_word' id='word_1_358' title='bbox 2780 2305 3064 2362; x_wconf 72' lang='lat' dir='ltr'><strong>Mittebant</strong></span> <span class='ocrx_word' id='word_1_359' title='bbox 3112 2316 3293 2362; x_wconf 88' lang='lat' dir='ltr'><strong>autem</strong></span> <span class='ocrx_word' id='word_1_360' title='bbox 3346 2308 3487 2363; x_wconf 88' lang='lat' dir='ltr'><strong>lauri</strong></span> 
     </span>
    </p>
   </div>
   <div class='ocr_carea' id='block_1_53' title="bbox 1912 2399 3482 2477">
    <p class='ocr_par' dir='ltr' id='par_1_53' title="bbox 1912 2399 3482 2477">
     <span class='ocr_line' id='line_1_53' title="bbox 1912 2399 3482 2477; baseline -0.005 -16"><span class='ocrx_word' id='word_1_361' title='bbox 1912 2406 2269 2477; x_wconf 83' lang='lat' dir='ltr'><strong>gestationem</strong></span> <span class='ocrx_word' id='word_1_362' title='bbox 2301 2403 2365 2457; x_wconf 88' lang='lat' dir='ltr'><strong>ad</strong></span> <span class='ocrx_word' id='word_1_363' title='bbox 2385 2400 2646 2469; x_wconf 78' lang='lat' dir='ltr'><strong>Apollinis</strong></span> <span class='ocrx_word' id='word_1_364' title='bbox 2676 2399 2893 2455; x_wconf 88' lang='lat' dir='ltr'><strong>lsmenii</strong></span> <span class='ocrx_word' id='word_1_365' title='bbox 2951 2410 3005 2455; x_wconf 92' lang='lat' dir='ltr'><strong>et</strong></span> <span class='ocrx_word' id='word_1_366' title='bbox 3039 2400 3250 2456; x_wconf 84' lang='lat' dir='ltr'><strong>Galaxii</strong></span> <span class='ocrx_word' id='word_1_367' title='bbox 3273 2400 3482 2460; x_wconf 85' lang='lat' dir='ltr'><strong>fanum.</strong></span> 
     </span>
    </p>
   </div>
   <div class='ocr_carea' id='block_1_54' title="bbox 1983 2494 3483 2571">
    <p class='ocr_par' dir='ltr' id='par_1_54' title="bbox 1983 2494 3483 2571">
     <span class='ocr_line' id='line_1_54' title="bbox 1983 2494 3483 2571; baseline -0.001 -19"><span class='ocrx_word' id='word_1_368' title='bbox 1983 2495 2439 2571; x_wconf 84' lang='grc' dir='ltr'><strong>Τριποδιφορικδν</strong></span> <span class='ocrx_word' id='word_1_369' title='bbox 2472 2509 2721 2559; x_wconf 81' lang='lat' dir='ltr'><strong>carmen,</strong></span> <span class='ocrx_word' id='word_1_370' title='bbox 2758 2495 2966 2563; x_wconf 85' lang='lat' dir='ltr'><strong>tripode</strong></span> <span class='ocrx_word' id='word_1_371' title='bbox 2995 2494 3221 2563; x_wconf 65' lang='lat' dir='ltr'><strong>praiato</strong></span> <span class='ocrx_word' id='word_1_372' title='bbox 3256 2510 3284 2548; x_wconf 89' lang='lat' dir='ltr'><strong>a</strong></span> <span class='ocrx_word' id='word_1_373' title='bbox 3318 2494 3483 2550; x_wconf 62' lang='lat' dir='ltr'><strong>Bato-</strong></span> 
     </span>
    </p>
   </div>
   <div class='ocr_carea' id='block_1_55' title="bbox 1913 2585 3482 2654">
    <p class='ocr_par' dir='ltr' id='par_1_55' title="bbox 1913 2585 3482 2654">
     <span class='ocr_line' id='line_1_55' title="bbox 1913 2585 3482 2654; baseline -0.003 -9"><span class='ocrx_word' id='word_1_374' title='bbox 1913 2592 1982 2646; x_wconf 90' lang='lat' dir='ltr'><strong>tis</strong></span> <span class='ocrx_word' id='word_1_375' title='bbox 2012 2589 2330 2653; x_wconf 87' lang='lat' dir='ltr'><strong>canebatur,</strong></span> <span class='ocrx_word' id='word_1_376' title='bbox 2372 2587 2791 2654; x_wconf 89' lang='lat' dir='ltr'><strong>institutumque</strong></span> <span class='ocrx_word' id='word_1_377' title='bbox 2822 2586 2920 2639; x_wconf 84' lang='lat' dir='ltr'><strong>hac</strong></span> <span class='ocrx_word' id='word_1_378' title='bbox 2954 2586 3020 2639; x_wconf 92' lang='lat' dir='ltr'><strong>de</strong></span> <span class='ocrx_word' id='word_1_379' title='bbox 3051 2601 3236 2640; x_wconf 81' lang='lat' dir='ltr'><strong>causa.</strong></span> <span class='ocrx_word' id='word_1_380' title='bbox 3269 2585 3482 2654; x_wconf 81' lang='lat' dir='ltr'><strong>Pelasgi</strong></span> 
     </span>
    </p>
   </div>
   <div class='ocr_carea' id='block_1_56' title="bbox 1912 2674 3481 2753">
    <p class='ocr_par' dir='ltr' id='par_1_56' title="bbox 1912 2674 3481 2753">
     <span class='ocr_line' id='line_1_56' title="bbox 1912 2674 3481 2753; baseline -0.005 -17"><span class='ocrx_word' id='word_1_381' title='bbox 1912 2682 2129 2753; x_wconf 88' lang='lat' dir='ltr'><strong>quidam</strong></span> <span class='ocrx_word' id='word_1_382' title='bbox 2172 2678 2491 2741; x_wconf 88' lang='lat' dir='ltr'><strong>Panactum,</strong></span> <span class='ocrx_word' id='word_1_383' title='bbox 2526 2675 2746 2729; x_wconf 65' lang='lat' dir='ltr'><strong>Bmotic</strong></span> <span class='ocrx_word' id='word_1_384' title='bbox 2775 2676 2961 2728; x_wconf 88' lang='lat' dir='ltr'><strong>urbem</strong></span> <span class='ocrx_word' id='word_1_385' title='bbox 3000 2674 3308 2740; x_wconf 83' lang='lat' dir='ltr'><strong>vastabant,</strong></span> <span class='ocrx_word' id='word_1_386' title='bbox 3337 2674 3481 2729; x_wconf 84' lang='lat' dir='ltr'><strong>The-</strong></span> 
     </span>
    </p>
   </div>
   <div class='ocr_carea' id='block_1_57' title="bbox 1914 2765 3482 2834">
    <p class='ocr_par' dir='ltr' id='par_1_57' title="bbox 1914 2765 3482 2834">
     <span class='ocr_line' id='line_1_57' title="bbox 1914 2765 3482 2834; baseline -0.006 -5"><span class='ocrx_word' id='word_1_387' title='bbox 1914 2774 2037 2829; x_wconf 89' lang='lat' dir='ltr'><strong>bani</strong></span> <span class='ocrx_word' id='word_1_388' title='bbox 2068 2785 2196 2826; x_wconf 90' lang='lat' dir='ltr'><strong>vero</strong></span> <span class='ocrx_word' id='word_1_389' title='bbox 2232 2768 2608 2833; x_wconf 89' lang='lat' dir='ltr'><strong>defensabant,</strong></span> <span class='ocrx_word' id='word_1_390' title='bbox 2657 2766 2949 2834; x_wconf 83' lang='lat' dir='ltr'><strong>missisque</strong></span> <span class='ocrx_word' id='word_1_391' title='bbox 2995 2765 3047 2819; x_wconf 92' lang='lat' dir='ltr'><strong>in</strong></span> <span class='ocrx_word' id='word_1_392' title='bbox 3090 2766 3369 2820; x_wconf 89' lang='lat' dir='ltr'><strong>Dodonam</strong></span> <span class='ocrx_word' id='word_1_393' title='bbox 3402 2767 3482 2821; x_wconf 89' lang='lat' dir='ltr'><strong>le-</strong></span> 
     </span>
    </p>
   </div>
   <div class='ocr_carea' id='block_1_58' title="bbox 1911 2856 3485 2934">
    <p class='ocr_par' dir='ltr' id='par_1_58' title="bbox 1911 2856 3485 2934">
     <span class='ocr_line' id='line_1_58' title="bbox 1911 2856 3485 2934; baseline -0.003 -17"><span class='ocrx_word' id='word_1_394' title='bbox 1911 2865 2071 2934; x_wconf 86' lang='lat' dir='ltr'><strong>gatis,</strong></span> <span class='ocrx_word' id='word_1_395' title='bbox 2105 2864 2171 2917; x_wconf 89' lang='lat' dir='ltr'><strong>de</strong></span> <span class='ocrx_word' id='word_1_396' title='bbox 2200 2860 2326 2917; x_wconf 87' lang='lat' dir='ltr'><strong>belli</strong></span> <span class='ocrx_word' id='word_1_397' title='bbox 2364 2860 2587 2913; x_wconf 83' lang='lat' dir='ltr'><strong>victoria</strong></span> <span class='ocrx_word' id='word_1_398' title='bbox 2618 2857 3001 2913; x_wconf 86' lang='lat' dir='ltr'><strong>consulebant.</strong></span> <span class='ocrx_word' id='word_1_399' title='bbox 3036 2856 3331 2912; x_wconf 86' lang='lat' dir='ltr'><strong>Oraculum</strong></span> <span class='ocrx_word' id='word_1_400' title='bbox 3355 2873 3485 2913; x_wconf 88' lang='lat' dir='ltr'><strong>vero</strong></span> 
     </span>
    </p>
   </div>
   <div class='ocr_carea' id='block_1_59' title="bbox 1913 2947 3481 3020">
    <p class='ocr_par' dir='ltr' id='par_1_59' title="bbox 1913 2947 3481 3020">
     <span class='ocr_line' id='line_1_59' title="bbox 1913 2947 3481 3020; baseline -0.006 -10"><span class='ocrx_word' id='word_1_401' title='bbox 1913 2954 2189 3010; x_wconf 81' lang='lat' dir='ltr'><strong>Thebanis</strong></span> <span class='ocrx_word' id='word_1_402' title='bbox 2222 2964 2543 3020; x_wconf 87' lang='lat' dir='ltr'><strong>responsum</strong></span> <span class='ocrx_word' id='word_1_403' title='bbox 2574 2949 2744 3013; x_wconf 88' lang='lat' dir='ltr'><strong>dedit,</strong></span> <span class='ocrx_word' id='word_1_404' title='bbox 2770 2947 2813 3002; x_wconf 88' lang='lat' dir='ltr'><strong>si</strong></span> <span class='ocrx_word' id='word_1_405' title='bbox 2845 2947 3044 3017; x_wconf 65' lang='lat' dir='ltr'><strong>322a</strong></span> <span class='ocrx_word' id='word_1_406' title='bbox 3098 2948 3481 3016; x_wconf 84' lang='lat' dir='ltr'><strong>impiissimum</strong></span> 
     </span>
    </p>
   </div>
   <div class='ocr_carea' id='block_1_60' title="bbox 1910 3036 3479 3107">
    <p class='ocr_par' dir='ltr' id='par_1_60' title="bbox 1910 3036 3479 3107">
     <span class='ocr_line' id='line_1_60' title="bbox 1910 3036 3479 3107; baseline -0.006 -4"><span class='ocrx_word' id='word_1_407' title='bbox 1910 3046 2116 3103; x_wconf 87' lang='lat' dir='ltr'><strong>crimen</strong></span> <span class='ocrx_word' id='word_1_408' title='bbox 2166 3042 2533 3104; x_wconf 84' lang='lat' dir='ltr'><strong>admitterent,</strong></span> <span class='ocrx_word' id='word_1_409' title='bbox 2588 3036 2705 3093; x_wconf 90' lang='lat' dir='ltr'><strong>fore</strong></span> <span class='ocrx_word' id='word_1_410' title='bbox 2754 3047 2814 3093; x_wconf 92' lang='lat' dir='ltr'><strong>ut</strong></span> <span class='ocrx_word' id='word_1_411' title='bbox 2864 3038 3094 3091; x_wconf 76' lang='lat' dir='ltr'><strong>victoria</strong></span> <span class='ocrx_word' id='word_1_412' title='bbox 3148 3038 3479 3107; x_wconf 90' lang='lat' dir='ltr'><strong>potirentur.</strong></span> 
     </span>
    </p>
   </div>
   <div class='ocr_carea' id='block_1_61' title="bbox 221 3122 1805 3224">
    <p class='ocr_par' dir='ltr' id='par_1_61' title="bbox 221 3122 1801 3205">
     <span class='ocr_line' id='line_1_61' title="bbox 221 3122 1801 3205; baseline 0.005 -22"><span class='ocrx_word' id='word_1_413' title='bbox 221 3128 593 3196; x_wconf 80' lang='grc' dir='ltr'><strong>ἀσεϐημάτων</strong></span> <span class='ocrx_word' id='word_1_414' title='bbox 633 3122 771 3179; x_wconf 84' lang='grc' dir='ltr'><strong>εἶναι</strong></span> <span class='ocrx_word' id='word_1_415' title='bbox 809 3128 1061 3195; x_wconf 84' lang='grc' dir='ltr'><strong>μέγιστον</strong></span> <span class='ocrx_word' id='word_1_416' title='bbox 1108 3131 1170 3181; x_wconf 81' lang='grc' dir='ltr'><strong>τὸ</strong></span> <span class='ocrx_word' id='word_1_417' title='bbox 1203 3131 1300 3201; x_wconf 82' lang='grc' dir='ltr'><strong>τήν</strong></span> <span class='ocrx_word' id='word_1_418' title='bbox 1330 3136 1801 3205; x_wconf 85' lang='grc' dir='ltr'><strong>χρησμῳδήσασαν</strong></span> 
     </span>
    </p>
   </div>
   <div class='ocr_carea' id='block_1_62' title="bbox 1906 3122 3481 3224">
    <p class='ocr_par' dir='ltr' id='par_1_62' title="bbox 1916 3128 3481 3203">
     <span class='ocr_line' id='line_1_62' title="bbox 1916 3128 3481 3203; baseline -0.004 -13"><span class='ocrx_word' id='word_1_419' title='bbox 1916 3137 2101 3191; x_wconf 82' lang='lat' dir='ltr'><strong>Visum</strong></span> <span class='ocrx_word' id='word_1_420' title='bbox 2131 3135 2295 3203; x_wconf 91' lang='lat' dir='ltr'><strong>igitur</strong></span> <span class='ocrx_word' id='word_1_421' title='bbox 2327 3132 2481 3201; x_wconf 85' lang='lat' dir='ltr'><strong>ipsis,</strong></span> <span class='ocrx_word' id='word_1_422' title='bbox 2516 3130 2807 3199; x_wconf 88' lang='lat' dir='ltr'><strong>impiorum</strong></span> <span class='ocrx_word' id='word_1_423' title='bbox 2850 3128 3150 3183; x_wconf 87' lang='lat' dir='ltr'><strong>facinorum</strong></span> <span class='ocrx_word' id='word_1_424' title='bbox 3183 3131 3481 3183; x_wconf 89' lang='lat' dir='ltr'><strong>maximum</strong></span> 
     </span>
    </p>
   </div>
   <div class='ocr_carea' id='block_1_63' title="bbox 220 3218 1799 3299">
    <p class='ocr_par' dir='ltr' id='par_1_63' title="bbox 220 3218 1799 3299">
     <span class='ocr_line' id='line_1_63' title="bbox 220 3218 1799 3299; baseline 0.008 -28"><span class='ocrx_word' id='word_1_425' title='bbox 220 3219 413 3280; x_wconf 75' lang='grc' dir='ltr'><strong>αὐτοῖς</strong></span> <span class='ocrx_word' id='word_1_426' title='bbox 443 3218 533 3270; x_wconf 82' lang='grc' dir='ltr'><strong>τὸν</strong></span> <span class='ocrx_word' id='word_1_427' title='bbox 566 3218 813 3287; x_wconf 84' lang='grc' dir='ltr'><strong>χρησμὸν</strong></span> <span class='ocrx_word' id='word_1_428' title='bbox 834 3218 1079 3271; x_wconf 82' lang='grc' dir='ltr'><strong>ἀνελεῖν·</strong></span> <span class='ocrx_word' id='word_1_429' title='bbox 1108 3221 1201 3273; x_wconf 81' lang='grc' dir='ltr'><strong>καὶ</strong></span> <span class='ocrx_word' id='word_1_430' title='bbox 1229 3223 1457 3276; x_wconf 80' lang='grc' dir='ltr'><strong>ἀνεῖλον.</strong></span> <span class='ocrx_word' id='word_1_431' title='bbox 1490 3228 1552 3279; x_wconf 80' lang='lat' dir='ltr'><strong>Al</strong></span> <span class='ocrx_word' id='word_1_432' title='bbox 1582 3228 1638 3281; x_wconf 73' lang='grc' dir='ltr'><strong>δὲ</strong></span> <span class='ocrx_word' id='word_1_433' title='bbox 1671 3231 1799 3299; x_wconf 78' lang='grc' dir='ltr'><strong>περὶ</strong></span> 
     </span>
    </p>
   </div>
   <div class='ocr_carea' id='block_1_64' title="bbox 218 3307 1798 3389">
    <p class='ocr_par' dir='ltr' id='par_1_64' title="bbox 218 3307 1798 3389">
     <span class='ocr_line' id='line_1_64' title="bbox 218 3307 1798 3389; baseline 0.007 -28"><span class='ocrx_word' id='word_1_434' title='bbox 218 3310 286 3361; x_wconf 79' lang='grc' dir='ltr'><strong>τὸ</strong></span> <span class='ocrx_word' id='word_1_435' title='bbox 313 3308 537 3379; x_wconf 82' lang='grc' dir='ltr'><strong>τέμενος</strong></span> <span class='ocrx_word' id='word_1_436' title='bbox 566 3307 859 3377; x_wconf 86' lang='grc' dir='ltr'><strong>συνιέρειαι</strong></span> <span class='ocrx_word' id='word_1_437' title='bbox 878 3307 1031 3379; x_wconf 84' lang='grc' dir='ltr'><strong>δίκην</strong></span> <span class='ocrx_word' id='word_1_438' title='bbox 1068 3310 1251 3363; x_wconf 88' lang='grc' dir='ltr'><strong>λαϐεῖν</strong></span> <span class='ocrx_word' id='word_1_439' title='bbox 1280 3314 1521 3383; x_wconf 73' lang='grc' dir='ltr'><strong>ἀπῄτουν</strong></span> <span class='ocrx_word' id='word_1_440' title='bbox 1559 3319 1652 3371; x_wconf 90' lang='grc' dir='ltr'><strong>τοῦ</strong></span> <span class='ocrx_word' id='word_1_441' title='bbox 1702 3322 1798 3389; x_wconf 83' lang='grc' dir='ltr'><strong>φό-</strong></span> 
     </span>
    </p>
   </div>
   <div class='ocr_carea' id='block_1_65' title="bbox 217 3400 1798 3482">
    <p class='ocr_par' dir='ltr' id='par_1_65' title="bbox 217 3400 1798 3482">
     <span class='ocr_line' id='line_1_65' title="bbox 217 3400 1798 3482; baseline 0.011 -30"><span class='ocrx_word' id='word_1_442' title='bbox 217 3418 317 3453; x_wconf 86' lang='grc' dir='ltr'><strong>νου</strong></span> <span class='ocrx_word' id='word_1_443' title='bbox 368 3402 494 3462; x_wconf 84' lang='grc' dir='ltr'><strong>τοὺς</strong></span> <span class='ocrx_word' id='word_1_444' title='bbox 559 3400 847 3469; x_wconf 85' lang='grc' dir='ltr'><strong>Θηϐαίους.</strong></span> <span class='ocrx_word' id='word_1_445' title='bbox 907 3401 1131 3469; x_wconf 86' lang='grc' dir='ltr'><strong>Θηϐαῖοι</strong></span> <span class='ocrx_word' id='word_1_446' title='bbox 1184 3405 1239 3455; x_wconf 78' lang='grc' dir='ltr'><strong>δὲ</strong></span> <span class='ocrx_word' id='word_1_447' title='bbox 1292 3407 1391 3460; x_wconf 87' lang='grc' dir='ltr'><strong>οὐκ</strong></span> <span class='ocrx_word' id='word_1_448' title='bbox 1444 3410 1798 3482; x_wconf 67' lang='grc' dir='ltr'><strong>ἐπιτρέπουσι</strong></span> 
     </span>
    </p>
   </div>
   <div class='ocr_carea' id='block_1_66' title="bbox 218 3490 1799 3574">
    <p class='ocr_par' dir='ltr' id='par_1_66' title="bbox 218 3490 1799 3574">
     <span class='ocr_line' id='line_1_66' title="bbox 218 3490 1799 3574; baseline 0.016 -41"><span class='ocrx_word' id='word_1_449' title='bbox 218 3490 443 3556; x_wconf 73' lang='grc' dir='ltr'><strong>γυναιξὶ</strong></span> <span class='ocrx_word' id='word_1_450' title='bbox 496 3490 685 3559; x_wconf 87' lang='grc' dir='ltr'><strong>μόναις</strong></span> <span class='ocrx_word' id='word_1_451' title='bbox 731 3491 832 3558; x_wconf 81' lang='grc' dir='ltr'><strong>τήν</strong></span> <span class='ocrx_word' id='word_1_452' title='bbox 900 3493 1027 3562; x_wconf 76' lang='grc' dir='ltr'><strong>περὶ</strong></span> <span class='ocrx_word' id='word_1_453' title='bbox 1085 3494 1263 3547; x_wconf 84' lang='grc' dir='ltr'><strong>αὐτῶν</strong></span> <span class='ocrx_word' id='word_1_454' title='bbox 1317 3496 1470 3565; x_wconf 87' lang='grc' dir='ltr'><strong>δίκην</strong></span> <span class='ocrx_word' id='word_1_455' title='bbox 1491 3501 1533 3531; x_wconf 79' lang='grc'><strong>⁸⁸</strong></span> <span class='ocrx_word' id='word_1_456' title='bbox 1568 3516 1583 3531; x_wconf 82' lang='grc'><em>’</em></span> <span class='ocrx_word' id='word_1_457' title='bbox 1615 3506 1799 3574; x_wconf 84' lang='grc' dir='ltr'><strong>κοινῆς</strong></span> 
     </span>
    </p>
   </div>
   <div class='ocr_carea' id='block_1_67' title="bbox 216 3578 1799 3657">
    <p class='ocr_par' dir='ltr' id='par_1_67' title="bbox 216 3578 1799 3657">
     <span class='ocr_line' id='line_1_67' title="bbox 216 3578 1799 3657; baseline 0.008 -25"><span class='ocrx_word' id='word_1_458' title='bbox 216 3579 280 3632; x_wconf 72' lang='grc' dir='ltr'><strong>δὲ</strong></span> <span class='ocrx_word' id='word_1_459' title='bbox 312 3579 551 3648; x_wconf 79' lang='grc' dir='ltr'><strong>κρίσεως</strong></span> <span class='ocrx_word' id='word_1_460' title='bbox 587 3578 797 3648; x_wconf 87' lang='grc' dir='ltr'><strong>ἀνδρῶν</strong></span> <span class='ocrx_word' id='word_1_461' title='bbox 826 3579 921 3631; x_wconf 83' lang='grc' dir='ltr'><strong>καὶ</strong></span> <span class='ocrx_word' id='word_1_462' title='bbox 966 3583 1239 3647; x_wconf 84' lang='grc' dir='ltr'><strong>γυναικῶν</strong></span> <span class='ocrx_word' id='word_1_463' title='bbox 1276 3588 1669 3657; x_wconf 72' lang='grc' dir='ltr'><strong>γεγενημένης,</strong></span> <span class='ocrx_word' id='word_1_464' title='bbox 1701 3594 1799 3646; x_wconf 75' lang='grc' dir='ltr'><strong>καὶ</strong></span> 
     </span>
    </p>
   </div>
   <div class='ocr_carea' id='block_1_68' title="bbox 215 3668 1795 3751">
    <p class='ocr_par' dir='ltr' id='par_1_68' title="bbox 215 3668 1795 3751">
     <span class='ocr_line' id='line_1_68' title="bbox 215 3668 1795 3751; baseline 0.011 -32"><span class='ocrx_word' id='word_1_465' title='bbox 215 3668 332 3721; x_wconf 88' lang='grc' dir='ltr'><strong>τῶν</strong></span> <span class='ocrx_word' id='word_1_466' title='bbox 374 3668 580 3737; x_wconf 82' lang='grc' dir='ltr'><strong>ἀνδρῶν</strong></span> <span class='ocrx_word' id='word_1_467' title='bbox 634 3668 832 3733; x_wconf 88' lang='grc' dir='ltr'><strong>λευκάς</strong></span> <span class='ocrx_word' id='word_1_468' title='bbox 887 3672 1071 3734; x_wconf 81' lang='grc' dir='ltr'><strong>αὐτοῖς</strong></span> <span class='ocrx_word' id='word_1_469' title='bbox 1112 3676 1517 3742; x_wconf 79' lang='grc' dir='ltr'><strong>ὲπενεγκόντων</strong></span> <span class='ocrx_word' id='word_1_470' title='bbox 1562 3680 1795 3751; x_wconf 74' lang='grc' dir='ltr'><strong>ψήφους,</strong></span> 
     </span>
    </p>
   </div>
   <div class='ocr_carea' id='block_1_69' title="bbox 219 3758 1799 3839">
    <p class='ocr_par' dir='ltr' id='par_1_69' title="bbox 219 3758 1799 3839">
     <span class='ocr_line' id='line_1_69' title="bbox 219 3758 1799 3839; baseline 0.01 -29"><span class='ocrx_word' id='word_1_471' title='bbox 219 3758 511 3825; x_wconf 80' lang='grc' dir='ltr'><strong>ἀπέφυγον</strong></span> <span class='ocrx_word' id='word_1_472' title='bbox 554 3759 604 3810; x_wconf 83' lang='lat' dir='ltr'><strong>oi</strong></span> <span class='ocrx_word' id='word_1_473' title='bbox 664 3759 912 3828; x_wconf 87' lang='grc' dir='ltr'><strong>Θηϐαῖοι.</strong></span> <span class='ocrx_word' id='word_1_474' title='bbox 967 3762 1233 3834; x_wconf 82' lang='grc' dir='ltr'><strong>’Υστερον</strong></span> <span class='ocrx_word' id='word_1_475' title='bbox 1289 3765 1345 3819; x_wconf 71' lang='grc' dir='ltr'><strong>δέ</strong></span> <span class='ocrx_word' id='word_1_476' title='bbox 1398 3768 1440 3799; x_wconf 82' lang='grc'><strong><em>⁸⁸</em></strong></span> <span class='ocrx_word' id='word_1_477' title='bbox 1488 3770 1799 3839; x_wconf 80' lang='grc' dir='ltr'><strong>ἐπιγνόντες</strong></span> 
     </span>
    </p>
   </div>
   <div class='ocr_carea' id='block_1_70' title="bbox 217 3847 1796 3929">
    <p class='ocr_par' dir='ltr' id='par_1_70' title="bbox 217 3847 1796 3929">
     <span class='ocr_line' id='line_1_70' title="bbox 217 3847 1796 3929; baseline 0.01 -29"><span class='ocrx_word' id='word_1_478' title='bbox 217 3847 411 3909; x_wconf 84' lang='grc' dir='ltr'><strong>αὐτοῖς</strong></span> <span class='ocrx_word' id='word_1_479' title='bbox 435 3848 496 3899; x_wconf 85' lang='grc' dir='ltr'><strong>τὸ</strong></span> <span class='ocrx_word' id='word_1_480' title='bbox 528 3847 631 3901; x_wconf 83' lang='grc' dir='ltr'><strong>ὑπὸ</strong></span> <span class='ocrx_word' id='word_1_481' title='bbox 667 3847 760 3901; x_wconf 92' lang='grc' dir='ltr'><strong>τοῦ</strong></span> <span class='ocrx_word' id='word_1_482' title='bbox 784 3851 1032 3921; x_wconf 82' lang='grc' dir='ltr'><strong>χρησμοῦ</strong></span> <span class='ocrx_word' id='word_1_483' title='bbox 1063 3858 1557 3927; x_wconf 83' lang='grc' dir='ltr'><strong>προστασσόμενον,</strong></span> <span class='ocrx_word' id='word_1_484' title='bbox 1595 3860 1796 3929; x_wconf 82' lang='grc' dir='ltr'><strong>βαστά-</strong></span> 
     </span>
    </p>
   </div>
   <div class='ocr_carea' id='block_1_71' title="bbox 220 3935 1797 4016">
    <p class='ocr_par' dir='ltr' id='par_1_71' title="bbox 220 3935 1797 4016">
     <span class='ocr_line' id='line_1_71' title="bbox 220 3935 1797 4016; baseline 0.011 -30"><span class='ocrx_word' id='word_1_485' title='bbox 220 3950 420 3995; x_wconf 88' lang='grc' dir='ltr'><strong>σαντες</strong></span> <span class='ocrx_word' id='word_1_486' title='bbox 467 3935 576 3987; x_wconf 89' lang='grc' dir='ltr'><strong>τῶν</strong></span> <span class='ocrx_word' id='word_1_487' title='bbox 620 3937 763 3989; x_wconf 83' lang='grc' dir='ltr'><strong>κατὰ</strong></span> <span class='ocrx_word' id='word_1_488' title='bbox 808 3940 906 4006; x_wconf 78' lang='grc' dir='ltr'><strong>τὴν</strong></span> <span class='ocrx_word' id='word_1_489' title='bbox 959 3940 1219 3994; x_wconf 84' lang='grc' dir='ltr'><strong>Βοιωτίαν</strong></span> <span class='ocrx_word' id='word_1_490' title='bbox 1250 3944 1408 4013; x_wconf 74' lang='grc' dir='ltr'><strong>ιερῶν</strong></span> <span class='ocrx_word' id='word_1_491' title='bbox 1462 3949 1730 4016; x_wconf 84' lang='grc' dir='ltr'><strong>τριπόδων</strong></span> <span class='ocrx_word' id='word_1_492' title='bbox 1752 3952 1797 3984; x_wconf 79' lang='grc'>⁸⁸</span> 
     </span>
    </p>
   </div>
   <div class='ocr_carea' id='block_1_72' title="bbox 218 4023 1797 4108">
    <p class='ocr_par' dir='ltr' id='par_1_72' title="bbox 218 4023 1797 4108">
     <span class='ocr_line' id='line_1_72' title="bbox 218 4023 1797 4108; baseline 0.013 -34"><span class='ocrx_word' id='word_1_493' title='bbox 218 4024 340 4085; x_wconf 68' lang='grc' dir='ltr'><strong>ἕνα,</strong></span> <span class='ocrx_word' id='word_1_494' title='bbox 371 4023 462 4076; x_wconf 76' lang='grc' dir='ltr'><strong>καὶ</strong></span> <span class='ocrx_word' id='word_1_495' title='bbox 494 4025 970 4093; x_wconf 79' lang='grc' dir='ltr'><strong>κατακαλύψαντες</strong></span> <span class='ocrx_word' id='word_1_496' title='bbox 1021 4030 1097 4091; x_wconf 84' lang='grc' dir='ltr'><strong>ὡς</strong></span> <span class='ocrx_word' id='word_1_497' title='bbox 1142 4032 1423 4098; x_wconf 73' lang='grc' dir='ltr'><strong>ἱερόσυλοι,</strong></span> <span class='ocrx_word' id='word_1_498' title='bbox 1478 4037 1797 4108; x_wconf 71' lang='grc' dir='ltr'><strong>ἀνέπεμψαν</strong></span> 
     </span>
    </p>
   </div>
   <div class='ocr_carea' id='block_1_73' title="bbox 216 4111 1797 4187">
    <p class='ocr_par' dir='ltr' id='par_1_73' title="bbox 216 4111 1797 4187">
     <span class='ocr_line' id='line_1_73' title="bbox 216 4111 1797 4187; baseline 0.011 -23"><span class='ocrx_word' id='word_1_499' title='bbox 216 4116 303 4173; x_wconf 73' lang='grc' dir='ltr'><strong>εἰς</strong></span> <span class='ocrx_word' id='word_1_500' title='bbox 333 4111 613 4181; x_wconf 85' lang='grc' dir='ltr'><strong>Δωδώνην.</strong></span> <span class='ocrx_word' id='word_1_501' title='bbox 651 4115 1109 4186; x_wconf 85' lang='grc' dir='ltr'><strong>Εὐπραγήσαντες</strong></span> <span class='ocrx_word' id='word_1_502' title='bbox 1140 4119 1197 4173; x_wconf 71' lang='grc' dir='ltr'><strong>δὲ</strong></span> <span class='ocrx_word' id='word_1_503' title='bbox 1232 4122 1289 4187; x_wconf 72' lang='grc' dir='ltr'><strong>ἐξ</strong></span> <span class='ocrx_word' id='word_1_504' title='bbox 1319 4123 1530 4177; x_wconf 72' lang='grc' dir='ltr'><strong>ἐκείνου</strong></span> <span class='ocrx_word' id='word_1_505' title='bbox 1564 4127 1658 4180; x_wconf 85' lang='grc' dir='ltr'><strong>τοῦ</strong></span> <span class='ocrx_word' id='word_1_506' title='bbox 1688 4128 1797 4183; x_wconf 83' lang='grc' dir='ltr'><strong>λοι-</strong></span> 
     </span>
    </p>
   </div>
   <div class='ocr_carea' id='block_1_74' title="bbox 216 4202 1159 4277">
    <p class='ocr_par' dir='ltr' id='par_1_74' title="bbox 216 4202 1159 4277">
     <span class='ocr_line' id='line_1_74' title="bbox 216 4202 1159 4277; baseline 0.007 -22"><span class='ocrx_word' id='word_1_507' title='bbox 216 4202 327 4255; x_wconf 82' lang='grc' dir='ltr'><strong>ποῦ</strong></span> <span class='ocrx_word' id='word_1_508' title='bbox 358 4203 457 4273; x_wconf 83' lang='grc' dir='ltr'><strong>τὴν</strong></span> <span class='ocrx_word' id='word_1_509' title='bbox 482 4204 682 4273; x_wconf 77' lang='grc' dir='ltr'><strong>πρᾶξιν</strong></span> <span class='ocrx_word' id='word_1_510' title='bbox 704 4205 895 4277; x_wconf 77' lang='grc' dir='ltr'><strong>ἑορτήν</strong></span> <span class='ocrx_word' id='word_1_511' title='bbox 924 4208 1159 4262; x_wconf 83' lang='grc' dir='ltr'><strong>ἐποίουν.</strong></span> 
     </span>
    </p>
   </div>
   <div class='ocr_carea' id='block_1_75' title="bbox 302 4294 1791 4380">
    <p class='ocr_par' dir='ltr' id='par_1_75' title="bbox 302 4294 1791 4380">
     <span class='ocr_line' id='line_1_75' title="bbox 302 4294 1791 4380; baseline 0.014 -36"><span class='ocrx_word' id='word_1_512' title='bbox 302 4294 665 4365; x_wconf 83' lang='grc' dir='ltr'><strong>Ὠσχοφορικά</strong></span> <span class='ocrx_word' id='word_1_513' title='bbox 704 4296 749 4327; x_wconf 73' lang='grc'><strong><em>⁸⁵</em></strong></span> <span class='ocrx_word' id='word_1_514' title='bbox 787 4298 845 4349; x_wconf 77' lang='grc' dir='ltr'><strong>δὲ</strong></span> <span class='ocrx_word' id='word_1_515' title='bbox 899 4300 1032 4370; x_wconf 83' lang='grc' dir='ltr'><strong>μέλη</strong></span> <span class='ocrx_word' id='word_1_516' title='bbox 1086 4304 1214 4373; x_wconf 83' lang='grc' dir='ltr'><strong>παρ’</strong></span> <span class='ocrx_word' id='word_1_517' title='bbox 1259 4305 1558 4375; x_wconf 74' lang='grc' dir='ltr'><strong>Ἀθηναίοις</strong></span> <span class='ocrx_word' id='word_1_518' title='bbox 1604 4310 1791 4380; x_wconf 75' lang='grc' dir='ltr'><strong>ᾔδετο·</strong></span> 
     </span>
    </p>
   </div>
   <div class='ocr_carea' id='block_1_76' title="bbox 209 4384 1793 4463">
    <p class='ocr_par' dir='ltr' id='par_1_76' title="bbox 209 4384 1793 4463">
     <span class='ocr_line' id='line_1_76' title="bbox 209 4384 1793 4463; baseline 0.011 -26"><span class='ocrx_word' id='word_1_519' title='bbox 209 4384 314 4439; x_wconf 85' lang='grc' dir='ltr'><strong>τοῦ</strong></span> <span class='ocrx_word' id='word_1_520' title='bbox 348 4384 510 4456; x_wconf 85' lang='grc' dir='ltr'><strong>χοροῦ</strong></span> <span class='ocrx_word' id='word_1_521' title='bbox 542 4386 599 4439; x_wconf 73' lang='grc' dir='ltr'><strong>δὲ</strong></span> <span class='ocrx_word' id='word_1_522' title='bbox 636 4388 681 4418; x_wconf 84' lang='grc'><strong><em>⁸⁸</em></strong></span> <span class='ocrx_word' id='word_1_523' title='bbox 730 4388 823 4440; x_wconf 86' lang='grc' dir='ltr'><strong>δύο</strong></span> <span class='ocrx_word' id='word_1_524' title='bbox 858 4392 1094 4457; x_wconf 90' lang='grc' dir='ltr'><strong>νεανίαι,</strong></span> <span class='ocrx_word' id='word_1_525' title='bbox 1137 4395 1279 4448; x_wconf 90' lang='grc' dir='ltr'><strong>κατά</strong></span> <span class='ocrx_word' id='word_1_526' title='bbox 1327 4401 1591 4463; x_wconf 88' lang='grc' dir='ltr'><strong>γυναῖκας</strong></span> <span class='ocrx_word' id='word_1_527' title='bbox 1637 4404 1793 4455; x_wconf 68' lang='grc' dir='ltr'><strong>ιστο-</strong></span> 
     </span>
    </p>
   </div>
   <div class='ocr_carea' id='block_1_77' title="bbox 1900 3220 3479 3293">
    <p class='ocr_par' dir='ltr' id='par_1_77' title="bbox 1900 3220 3479 3293">
     <span class='ocr_line' id='line_1_77' title="bbox 1900 3220 3479 3293; baseline -0.006 -10"><span class='ocrx_word' id='word_1_528' title='bbox 1900 3238 2035 3293; x_wconf 75' lang='lat' dir='ltr'><strong>{ore,</strong></span> <span class='ocrx_word' id='word_1_529' title='bbox 2110 3233 2284 3278; x_wconf 90' lang='lat' dir='ltr'><strong>vatem</strong></span> <span class='ocrx_word' id='word_1_530' title='bbox 2358 3238 2482 3293; x_wconf 71' lang='lat' dir='ltr'><strong>qua:</strong></span> <span class='ocrx_word' id='word_1_531' title='bbox 2569 3220 2892 3275; x_wconf 77' lang='lat' dir='ltr'><strong>reddidisset</strong></span> <span class='ocrx_word' id='word_1_532' title='bbox 2969 3220 3102 3287; x_wconf 86' lang='lat' dir='ltr'><strong>ipsis</strong></span> <span class='ocrx_word' id='word_1_533' title='bbox 3176 3221 3479 3285; x_wconf 88' lang='lat' dir='ltr'><strong>oraculum,</strong></span> 
     </span>
    </p>
   </div>
   <div class='ocr_carea' id='block_1_78' title="bbox 1902 3311 3479 3382">
    <p class='ocr_par' dir='ltr' id='par_1_78' title="bbox 1902 3311 3479 3382">
     <span class='ocr_line' id='line_1_78' title="bbox 1902 3311 3479 3382; baseline -0.011 -1"><span class='ocrx_word' id='word_1_534' title='bbox 1902 3322 2302 3382; x_wconf 87' lang='lat' dir='ltr'><strong>interfecerunt.</strong></span> <span class='ocrx_word' id='word_1_535' title='bbox 2333 3315 2462 3381; x_wconf 66' lang='lat' dir='ltr'><strong>Qua</strong></span> <span class='ocrx_word' id='word_1_536' title='bbox 2481 3328 2613 3368; x_wconf 89' lang='lat' dir='ltr'><strong>vero</strong></span> <span class='ocrx_word' id='word_1_537' title='bbox 2638 3312 2943 3367; x_wconf 87' lang='lat' dir='ltr'><strong>sacerdotes</strong></span> <span class='ocrx_word' id='word_1_538' title='bbox 2960 3311 3162 3380; x_wconf 89' lang='lat' dir='ltr'><strong>templo</strong></span> <span class='ocrx_word' id='word_1_539' title='bbox 3190 3323 3479 3380; x_wconf 51' lang='lat' dir='ltr'><strong>praeerant.</strong></span> 
     </span>
    </p>
   </div>
   <div class='ocr_carea' id='block_1_79' title="bbox 1911 3401 3477 3484">
    <p class='ocr_par' dir='ltr' id='par_1_79' title="bbox 1911 3401 3477 3484">
     <span class='ocr_line' id='line_1_79' title="bbox 1911 3401 3477 3484; baseline -0.008 -14"><span class='ocrx_word' id='word_1_540' title='bbox 1911 3411 2229 3484; x_wconf 83' lang='lat' dir='ltr'><strong>repetebant</strong></span> <span class='ocrx_word' id='word_1_541' title='bbox 2251 3404 2575 3476; x_wconf 88' lang='lat' dir='ltr'><strong>supplicium</strong></span> <span class='ocrx_word' id='word_1_542' title='bbox 2594 3403 2661 3458; x_wconf 93' lang='lat' dir='ltr'><strong>de</strong></span> <span class='ocrx_word' id='word_1_543' title='bbox 2683 3403 2829 3458; x_wconf 67' lang='lat' dir='ltr'><strong>caede</strong></span> <span class='ocrx_word' id='word_1_544' title='bbox 2858 3418 2887 3456; x_wconf 94' lang='lat' dir='ltr'><strong>a</strong></span> <span class='ocrx_word' id='word_1_545' title='bbox 2916 3401 3212 3456; x_wconf 86' lang='lat' dir='ltr'><strong>Thebanis.</strong></span> <span class='ocrx_word' id='word_1_546' title='bbox 3234 3402 3477 3459; x_wconf 87' lang='lat' dir='ltr'><strong>Thebani</strong></span> 
     </span>
    </p>
   </div>
   <div class='ocr_carea' id='block_1_80' title="bbox 1900 3493 3473 3561">
    <p class='ocr_par' dir='ltr' id='par_1_80' title="bbox 1900 3493 3473 3561">
     <span class='ocr_line' id='line_1_80' title="bbox 1900 3493 3473 3561; baseline -0.01 -2"><span class='ocrx_word' id='word_1_547' title='bbox 1900 3518 2028 3561; x_wconf 86' lang='lat' dir='ltr'><strong>vero</strong></span> <span class='ocrx_word' id='word_1_548' title='bbox 2070 3511 2129 3556; x_wconf 92' lang='lat' dir='ltr'><strong>ut</strong></span> <span class='ocrx_word' id='word_1_549' title='bbox 2160 3499 2286 3554; x_wconf 64' lang='lat' dir='ltr'><strong>solm</strong></span> <span class='ocrx_word' id='word_1_550' title='bbox 2340 3495 2597 3550; x_wconf 90' lang='lat' dir='ltr'><strong>mulieres</strong></span> <span class='ocrx_word' id='word_1_551' title='bbox 2646 3494 2976 3549; x_wconf 88' lang='lat' dir='ltr'><strong>sententiam</strong></span> <span class='ocrx_word' id='word_1_552' title='bbox 3022 3497 3089 3547; x_wconf 92' lang='lat' dir='ltr'><strong>de</strong></span> <span class='ocrx_word' id='word_1_553' title='bbox 3134 3509 3193 3548; x_wconf 86' lang='lat' dir='ltr'><strong>se</strong></span> <span class='ocrx_word' id='word_1_554' title='bbox 3242 3493 3473 3561; x_wconf 78' lang='lat' dir='ltr'><strong>ferrent,</strong></span> 
     </span>
    </p>
   </div>
   <div class='ocr_carea' id='block_1_81' title="bbox 1905 3584 3477 3659">
    <p class='ocr_par' dir='ltr' id='par_1_81' title="bbox 1905 3584 3477 3659">
     <span class='ocr_line' id='line_1_81' title="bbox 1905 3584 3477 3659; baseline -0.008 -9"><span class='ocrx_word' id='word_1_555' title='bbox 1905 3590 2305 3649; x_wconf 88' lang='lat' dir='ltr'><strong>detrectabant.</strong></span> <span class='ocrx_word' id='word_1_556' title='bbox 2339 3585 2627 3659; x_wconf 79' lang='lat' dir='ltr'><strong>communi</strong></span> <span class='ocrx_word' id='word_1_557' title='bbox 2670 3585 2853 3653; x_wconf 89' lang='lat' dir='ltr'><strong>itaque</strong></span> <span class='ocrx_word' id='word_1_558' title='bbox 2894 3584 3099 3653; x_wconf 86' lang='lat' dir='ltr'><strong>judicio</strong></span> <span class='ocrx_word' id='word_1_559' title='bbox 3129 3584 3294 3650; x_wconf 87' lang='lat' dir='ltr'><strong>facto,</strong></span> <span class='ocrx_word' id='word_1_560' title='bbox 3329 3587 3477 3640; x_wconf 85' lang='lat' dir='ltr'><strong>viro-</strong></span> 
     </span>
    </p>
   </div>
   <div class='ocr_carea' id='block_1_82' title="bbox 1900 3676 3477 3740">
    <p class='ocr_par' dir='ltr' id='par_1_82' title="bbox 1900 3676 3477 3740">
     <span class='ocr_line' id='line_1_82' title="bbox 1900 3676 3477 3740; baseline -0.004 -1"><span class='ocrx_word' id='word_1_561' title='bbox 1900 3700 2019 3739; x_wconf 90' lang='lat' dir='ltr'><strong>rum</strong></span> <span class='ocrx_word' id='word_1_562' title='bbox 2050 3681 2208 3737; x_wconf 91' lang='lat' dir='ltr'><strong>simui</strong></span> <span class='ocrx_word' id='word_1_563' title='bbox 2237 3694 2299 3734; x_wconf 90' lang='lat' dir='ltr'><strong>ac</strong></span> <span class='ocrx_word' id='word_1_564' title='bbox 2336 3678 2651 3740; x_wconf 88' lang='lat' dir='ltr'><strong>mulierum,</strong></span> <span class='ocrx_word' id='word_1_565' title='bbox 2681 3684 2735 3731; x_wconf 90' lang='lat' dir='ltr'><strong>et</strong></span> <span class='ocrx_word' id='word_1_566' title='bbox 2769 3676 2903 3730; x_wconf 89' lang='lat' dir='ltr'><strong>viris</strong></span> <span class='ocrx_word' id='word_1_567' title='bbox 2929 3676 3190 3730; x_wconf 89' lang='lat' dir='ltr'><strong>candidos</strong></span> <span class='ocrx_word' id='word_1_568' title='bbox 3228 3676 3477 3732; x_wconf 81' lang='lat' dir='ltr'><strong>calculus</strong></span> 
     </span>
    </p>
   </div>
   <div class='ocr_carea' id='block_1_83' title="bbox 1904 3766 3473 3848">
    <p class='ocr_par' dir='ltr' id='par_1_83' title="bbox 1904 3766 3473 3848">
     <span class='ocr_line' id='line_1_83' title="bbox 1904 3766 3473 3848; baseline -0.007 -16"><span class='ocrx_word' id='word_1_569' title='bbox 1904 3792 2003 3848; x_wconf 90' lang='lat' dir='ltr'><strong>pro</strong></span> <span class='ocrx_word' id='word_1_570' title='bbox 2032 3775 2139 3829; x_wconf 88' lang='lat' dir='ltr'><strong>illis</strong></span> <span class='ocrx_word' id='word_1_571' title='bbox 2166 3770 2487 3834; x_wconf 89' lang='lat' dir='ltr'><strong>ferentibus,</strong></span> <span class='ocrx_word' id='word_1_572' title='bbox 2520 3766 2760 3838; x_wconf 82' lang='lat' dir='ltr'><strong>effugere</strong></span> <span class='ocrx_word' id='word_1_573' title='bbox 2795 3767 3059 3823; x_wconf 86' lang='lat' dir='ltr'><strong>Thebani.</strong></span> <span class='ocrx_word' id='word_1_574' title='bbox 3090 3766 3321 3838; x_wconf 89' lang='lat' dir='ltr'><strong>Cognito</strong></span> <span class='ocrx_word' id='word_1_575' title='bbox 3347 3777 3473 3822; x_wconf 88' lang='lat' dir='ltr'><strong>tan-</strong></span> 
     </span>
    </p>
   </div>
   <div class='ocr_carea' id='block_1_84' title="bbox 1902 3859 3470 3929">
    <p class='ocr_par' dir='ltr' id='par_1_84' title="bbox 1902 3859 3470 3929">
     <span class='ocr_line' id='line_1_84' title="bbox 1902 3859 3470 3929; baseline -0.006 -6"><span class='ocrx_word' id='word_1_576' title='bbox 1902 3870 2023 3923; x_wconf 90' lang='lat' dir='ltr'><strong>dem</strong></span> <span class='ocrx_word' id='word_1_577' title='bbox 2076 3866 2130 3921; x_wconf 90' lang='lat' dir='ltr'><strong>id</strong></span> <span class='ocrx_word' id='word_1_578' title='bbox 2155 3865 2225 3919; x_wconf 91' lang='lat' dir='ltr'><strong>ab</strong></span> <span class='ocrx_word' id='word_1_579' title='bbox 2263 3861 2487 3919; x_wconf 87' lang='lat' dir='ltr'><strong>oraculo</strong></span> <span class='ocrx_word' id='word_1_580' title='bbox 2514 3860 2621 3917; x_wconf 87' lang='lat' dir='ltr'><strong>illis</strong></span> <span class='ocrx_word' id='word_1_581' title='bbox 2651 3860 2963 3915; x_wconf 89' lang='lat' dir='ltr'><strong>mandatum</strong></span> <span class='ocrx_word' id='word_1_582' title='bbox 2988 3859 3175 3924; x_wconf 77' lang='lat' dir='ltr'><strong>fuisse,</strong></span> <span class='ocrx_word' id='word_1_583' title='bbox 3204 3860 3470 3929; x_wconf 87' lang='lat' dir='ltr'><strong>tripodem</strong></span> 
     </span>
    </p>
   </div>
   <div class='ocr_carea' id='block_1_85' title="bbox 1898 3951 3473 4024">
    <p class='ocr_par' dir='ltr' id='par_1_85' title="bbox 1898 3951 3473 4024">
     <span class='ocr_line' id='line_1_85' title="bbox 1898 3951 3473 4024; baseline -0.003 -12"><span class='ocrx_word' id='word_1_584' title='bbox 1898 3973 2062 4013; x_wconf 89' lang='lat' dir='ltr'><strong>unum</strong></span> <span class='ocrx_word' id='word_1_585' title='bbox 2097 3972 2163 4013; x_wconf 90' lang='lat' dir='ltr'><strong>ex</strong></span> <span class='ocrx_word' id='word_1_586' title='bbox 2199 3957 2289 4019; x_wconf 89' lang='lat' dir='ltr'><strong>iis,</strong></span> <span class='ocrx_word' id='word_1_587' title='bbox 2324 3954 2419 4024; x_wconf 90' lang='lat' dir='ltr'><strong>qui</strong></span> <span class='ocrx_word' id='word_1_588' title='bbox 2450 3952 2595 4008; x_wconf 87' lang='lat' dir='ltr'><strong>sacri</strong></span> <span class='ocrx_word' id='word_1_589' title='bbox 2634 3961 2795 4007; x_wconf 90' lang='lat' dir='ltr'><strong>erant</strong></span> <span class='ocrx_word' id='word_1_590' title='bbox 2820 3953 2960 4021; x_wconf 89' lang='lat' dir='ltr'><strong>apud</strong></span> <span class='ocrx_word' id='word_1_591' title='bbox 2985 3951 3225 4016; x_wconf 62' lang='lat' dir='ltr'><strong>Boeotos,</strong></span> <span class='ocrx_word' id='word_1_592' title='bbox 3251 3962 3473 4023; x_wconf 87' lang='lat' dir='ltr'><strong>gestan-</strong></span> 
     </span>
    </p>
   </div>
   <div class='ocr_carea' id='block_1_86' title="bbox 1900 4044 3468 4114">
    <p class='ocr_par' dir='ltr' id='par_1_86' title="bbox 1900 4044 3468 4114">
     <span class='ocr_line' id='line_1_86' title="bbox 1900 4044 3468 4114; baseline -0.003 -10"><span class='ocrx_word' id='word_1_593' title='bbox 1900 4060 1999 4114; x_wconf 89' lang='lat' dir='ltr'><strong>tes,</strong></span> <span class='ocrx_word' id='word_1_594' title='bbox 2044 4063 2107 4103; x_wconf 87' lang='lat' dir='ltr'><strong>ac</strong></span> <span class='ocrx_word' id='word_1_595' title='bbox 2161 4057 2325 4109; x_wconf 88' lang='lat' dir='ltr'><strong>tecte,</strong></span> <span class='ocrx_word' id='word_1_596' title='bbox 2372 4055 2627 4114; x_wconf 89' lang='lat' dir='ltr'><strong>tanquam</strong></span> <span class='ocrx_word' id='word_1_597' title='bbox 2673 4044 2944 4114; x_wconf 89' lang='lat' dir='ltr'><strong>sacrilegi,</strong></span> <span class='ocrx_word' id='word_1_598' title='bbox 2997 4045 3468 4109; x_wconf 91' lang='lat' dir='ltr'><strong>circumferentes,</strong></span> 
     </span>
    </p>
   </div>
   <div class='ocr_carea' id='block_1_87' title="bbox 1896 4134 3472 4201">
    <p class='ocr_par' dir='ltr' id='par_1_87' title="bbox 1896 4134 3472 4201">
     <span class='ocr_line' id='line_1_87' title="bbox 1896 4134 3472 4201; baseline -0.001 -6"><span class='ocrx_word' id='word_1_599' title='bbox 1896 4139 2177 4195; x_wconf 85' lang='lat' dir='ltr'><strong>Dodonant</strong></span> <span class='ocrx_word' id='word_1_600' title='bbox 2230 4138 2579 4191; x_wconf 88' lang='lat' dir='ltr'><strong>remiserunt.</strong></span> <span class='ocrx_word' id='word_1_601' title='bbox 2630 4134 2760 4201; x_wconf 82' lang='lat' dir='ltr'><strong>Qua:</strong></span> <span class='ocrx_word' id='word_1_602' title='bbox 2805 4150 2892 4189; x_wconf 89' lang='lat' dir='ltr'><strong>res</strong></span> <span class='ocrx_word' id='word_1_603' title='bbox 2924 4149 3048 4188; x_wconf 91' lang='lat' dir='ltr'><strong>cum</strong></span> <span class='ocrx_word' id='word_1_604' title='bbox 3078 4134 3310 4192; x_wconf 90' lang='lat' dir='ltr'><strong>feliciter</strong></span> <span class='ocrx_word' id='word_1_605' title='bbox 3353 4153 3472 4193; x_wconf 86' lang='lat' dir='ltr'><strong>ces-</strong></span> 
     </span>
    </p>
   </div>
   <div class='ocr_carea' id='block_1_88' title="bbox 1896 4223 3091 4295">
    <p class='ocr_par' dir='ltr' id='par_1_88' title="bbox 1896 4223 3091 4295">
     <span class='ocr_line' id='line_1_88' title="bbox 1896 4223 3091 4295; baseline -0.007 -10"><span class='ocrx_word' id='word_1_606' title='bbox 1896 4232 2077 4295; x_wconf 88' lang='lat' dir='ltr'><strong>sisset,</strong></span> <span class='ocrx_word' id='word_1_607' title='bbox 2108 4228 2302 4284; x_wconf 81' lang='lat' dir='ltr'><strong>exinde</strong></span> <span class='ocrx_word' id='word_1_608' title='bbox 2338 4227 2391 4280; x_wconf 90' lang='lat' dir='ltr'><strong>in</strong></span> <span class='ocrx_word' id='word_1_609' title='bbox 2428 4226 2669 4281; x_wconf 89' lang='lat' dir='ltr'><strong>solemne</strong></span> <span class='ocrx_word' id='word_1_610' title='bbox 2699 4223 2895 4279; x_wconf 79' lang='lat' dir='ltr'><strong>festum</strong></span> <span class='ocrx_word' id='word_1_611' title='bbox 2928 4225 3091 4280; x_wconf 90' lang='lat' dir='ltr'><strong>vertit</strong></span> 
     </span>
    </p>
   </div>
   <div class='ocr_carea' id='block_1_89' title="bbox 1968 4314 3466 4388">
    <p class='ocr_par' dir='ltr' id='par_1_89' title="bbox 1968 4314 3466 4388">
     <span class='ocr_line' id='line_1_89' title="bbox 1968 4314 3466 4388; baseline -0.002 -14"><span class='ocrx_word' id='word_1_612' title='bbox 1968 4318 2373 4388; x_wconf 81' lang='lat' dir='ltr'><strong>OschOphorica</strong></span> <span class='ocrx_word' id='word_1_613' title='bbox 2433 4330 2565 4371; x_wconf 90' lang='lat' dir='ltr'><strong>vero</strong></span> <span class='ocrx_word' id='word_1_614' title='bbox 2622 4314 2869 4370; x_wconf 88' lang='lat' dir='ltr'><strong>carmina</strong></span> <span class='ocrx_word' id='word_1_615' title='bbox 2920 4316 2989 4370; x_wconf 90' lang='lat' dir='ltr'><strong>ab</strong></span> <span class='ocrx_word' id='word_1_616' title='bbox 3032 4314 3466 4371; x_wconf 83' lang='lat' dir='ltr'><strong>Atheniensibus</strong></span> 
     </span>
    </p>
   </div>
   <div class='ocr_carea' id='block_1_90' title="bbox 1898 4407 3469 4470">
    <p class='ocr_par' dir='ltr' id='par_1_90' title="bbox 1898 4407 3469 4470">
     <span class='ocr_line' id='line_1_90' title="bbox 1898 4407 3469 4470; baseline -0.003 -5"><span class='ocrx_word' id='word_1_617' title='bbox 1898 4410 2271 4465; x_wconf 86' lang='lat' dir='ltr'><strong>canebantur:</strong></span> <span class='ocrx_word' id='word_1_618' title='bbox 2297 4407 2448 4462; x_wconf 87' lang='lat' dir='ltr'><strong>chori</strong></span> <span class='ocrx_word' id='word_1_619' title='bbox 2499 4416 2678 4460; x_wconf 92' lang='lat' dir='ltr'><strong>autem</strong></span> <span class='ocrx_word' id='word_1_620' title='bbox 2717 4407 3088 4460; x_wconf 89' lang='lat' dir='ltr'><strong>adolescentes</strong></span> <span class='ocrx_word' id='word_1_621' title='bbox 3117 4407 3245 4470; x_wconf 92' lang='lat' dir='ltr'><strong>duo,</strong></span> <span class='ocrx_word' id='word_1_622' title='bbox 3279 4408 3469 4461; x_wconf 63' lang='lat' dir='ltr'><strong>mulieo</strong></span> 
     </span>
    </p>
   </div>
   <div class='ocr_carea' id='block_1_91' title="bbox 211 4479 1805 4566">
    <p class='ocr_par' dir='ltr' id='par_1_91' title="bbox 211 4479 1791 4563">
     <span class='ocr_line' id='line_1_91' title="bbox 211 4479 1791 4563; baseline 0.009 -32"><span class='ocrx_word' id='word_1_623' title='bbox 211 4479 485 4547; x_wconf 90' lang='grc' dir='ltr'><strong>λισμένοι,</strong></span> <span class='ocrx_word' id='word_1_624' title='bbox 544 4479 727 4549; x_wconf 84' lang='grc' dir='ltr'><strong>κλῆμα</strong></span> <span class='ocrx_word' id='word_1_625' title='bbox 775 4481 821 4512; x_wconf 81' lang='grc'><strong><em>⁸⁸</em></strong></span> <span class='ocrx_word' id='word_1_626' title='bbox 885 4482 1131 4550; x_wconf 84' lang='grc' dir='ltr'><strong>ἀμπέλου</strong></span> <span class='ocrx_word' id='word_1_627' title='bbox 1194 4488 1530 4557; x_wconf 76' lang='grc' dir='ltr'><strong>κομίζοντες,</strong></span> <span class='ocrx_word' id='word_1_628' title='bbox 1595 4496 1791 4563; x_wconf 81' lang='grc' dir='ltr'><strong>μεστὸν</strong></span> 
     </span>
    </p>
   </div>
   <div class='ocr_carea' id='block_1_92' title="bbox 1906 4479 3467 4566">
    <p class='ocr_par' dir='ltr' id='par_1_92' title="bbox 1906 4496 3467 4566">
     <span class='ocr_line' id='line_1_92' title="bbox 1906 4496 3467 4566; baseline -0.003 -10"><span class='ocrx_word' id='word_1_629' title='bbox 1906 4502 1979 4556; x_wconf 80' lang='lat' dir='ltr'><strong>bri</strong></span> <span class='ocrx_word' id='word_1_630' title='bbox 2014 4509 2163 4554; x_wconf 88' lang='lat' dir='ltr'><strong>veste</strong></span> <span class='ocrx_word' id='word_1_631' title='bbox 2214 4498 2413 4561; x_wconf 92' lang='lat' dir='ltr'><strong>induti,</strong></span> <span class='ocrx_word' id='word_1_632' title='bbox 2465 4496 2719 4566; x_wconf 88' lang='lat' dir='ltr'><strong>palmites</strong></span> <span class='ocrx_word' id='word_1_633' title='bbox 2764 4498 2886 4550; x_wconf 82' lang='lat' dir='ltr'><strong>vitis</strong></span> <span class='ocrx_word' id='word_1_634' title='bbox 2934 4506 3229 4565; x_wconf 84' lang='lat' dir='ltr'><strong>gestantes,</strong></span> <span class='ocrx_word' id='word_1_635' title='bbox 3279 4496 3467 4565; x_wconf 84' lang='lat' dir='ltr'><strong>plenos</strong></span> 
     </span>
    </p>
   </div>
   <div class='ocr_carea' id='block_1_93' title="bbox 205 4568 1789 4653">
    <p class='ocr_par' dir='ltr' id='par_1_93' title="bbox 205 4568 1789 4653">
     <span class='ocr_line' id='line_1_93' title="bbox 205 4568 1789 4653; baseline 0.013 -33"><span class='ocrx_word' id='word_1_636' title='bbox 205 4568 459 4621; x_wconf 82' lang='grc' dir='ltr'><strong>εὐθαλῶν</strong></span> <span class='ocrx_word' id='word_1_637' title='bbox 486 4571 727 4641; x_wconf 80' lang='grc' dir='ltr'><strong>βοτρύων</strong></span> <span class='ocrx_word' id='word_1_638' title='bbox 758 4572 1004 4643; x_wconf 66' lang='grc' dir='ltr'><strong>(ἐκάλουν</strong></span> <span class='ocrx_word' id='word_1_639' title='bbox 1032 4574 1090 4627; x_wconf 70' lang='grc' dir='ltr'><strong>δέ</strong></span> <span class='ocrx_word' id='word_1_640' title='bbox 1119 4577 1252 4629; x_wconf 83' lang='grc' dir='ltr'><strong>αὐτὸ</strong></span> <span class='ocrx_word' id='word_1_641' title='bbox 1282 4577 1465 4650; x_wconf 82' lang='grc' dir='ltr'><strong>ῶσχην</strong></span> <span class='ocrx_word' id='word_1_642' title='bbox 1498 4583 1566 4647; x_wconf 83' lang='grc'><strong>⁸⁷,</strong></span> <span class='ocrx_word' id='word_1_643' title='bbox 1603 4586 1697 4653; x_wconf 84' lang='grc' dir='ltr'><strong>ἀφ’</strong></span> <span class='ocrx_word' id='word_1_644' title='bbox 1727 4580 1789 4639; x_wconf 79' lang='grc' dir='ltr'><strong>οὗ</strong></span> 
     </span>
    </p>
   </div>
   <div class='ocr_carea' id='block_1_94' title="bbox 204 4661 1787 4743">
    <p class='ocr_par' dir='ltr' id='par_1_94' title="bbox 204 4661 1787 4743">
     <span class='ocr_line' id='line_1_94' title="bbox 204 4661 1787 4743; baseline 0.011 -31"><span class='ocrx_word' id='word_1_645' title='bbox 204 4662 311 4713; x_wconf 76' lang='grc' dir='ltr'><strong>καὶ</strong></span> <span class='ocrx_word' id='word_1_646' title='bbox 336 4662 449 4723; x_wconf 84' lang='grc' dir='ltr'><strong>τοῖς</strong></span> <span class='ocrx_word' id='word_1_647' title='bbox 469 4661 689 4729; x_wconf 86' lang='grc' dir='ltr'><strong>μέλεσιν</strong></span> <span class='ocrx_word' id='word_1_648' title='bbox 716 4663 749 4731; x_wconf 81' lang='grc' dir='ltr'>ὴ</span> <span class='ocrx_word' id='word_1_649' title='bbox 767 4664 1077 4733; x_wconf 66' lang='grc' dir='ltr'><strong>ἐπωνυμία)</strong></span> <span class='ocrx_word' id='word_1_650' title='bbox 1099 4666 1197 4735; x_wconf 82' lang='grc' dir='ltr'><strong>τῆς</strong></span> <span class='ocrx_word' id='word_1_651' title='bbox 1220 4669 1413 4739; x_wconf 81' lang='grc' dir='ltr'><strong>ἑορτῆς</strong></span> <span class='ocrx_word' id='word_1_652' title='bbox 1431 4671 1787 4743; x_wconf 86' lang='grc' dir='ltr'><strong>καθηγοῦντο.</strong></span> 
     </span>
    </p>
   </div>
   <div class='ocr_carea' id='block_1_95' title="bbox 206 4750 1789 4832">
    <p class='ocr_par' dir='ltr' id='par_1_95' title="bbox 206 4750 1789 4832">
     <span class='ocr_line' id='line_1_95' title="bbox 206 4750 1789 4832; baseline 0.012 -30"><span class='ocrx_word' id='word_1_653' title='bbox 206 4750 415 4819; x_wconf 75' lang='grc' dir='ltr'><strong>’Δρξαι</strong></span> <span class='ocrx_word' id='word_1_654' title='bbox 467 4751 525 4803; x_wconf 87' lang='grc' dir='ltr'><strong>δέ</strong></span> <span class='ocrx_word' id='word_1_655' title='bbox 572 4770 704 4821; x_wconf 79' lang='grc' dir='ltr'><strong>φασι</strong></span> <span class='ocrx_word' id='word_1_656' title='bbox 746 4754 929 4825; x_wconf 84' lang='grc' dir='ltr'><strong>Θησέα</strong></span> <span class='ocrx_word' id='word_1_657' title='bbox 960 4757 1005 4789; x_wconf 81' lang='grc'><strong>⁸⁸</strong></span> <span class='ocrx_word' id='word_1_658' title='bbox 1039 4759 1253 4828; x_wconf 87' lang='grc' dir='ltr'><strong>πρῶτον</strong></span> <span class='ocrx_word' id='word_1_659' title='bbox 1298 4760 1392 4813; x_wconf 88' lang='grc' dir='ltr'><strong>τοῦ</strong></span> <span class='ocrx_word' id='word_1_660' title='bbox 1437 4762 1596 4832; x_wconf 78' lang='grc' dir='ltr'><strong>ἔργου</strong></span> <span class='ocrx_word' id='word_1_661' title='bbox 1622 4783 1634 4797; x_wconf 92' lang='grc'>·</span> <span class='ocrx_word' id='word_1_662' title='bbox 1667 4769 1789 4822; x_wconf 73' lang='grc' dir='ltr'><strong>ἐπεὶ</strong></span> 
     </span>
    </p>
   </div>
   <div class='ocr_carea' id='block_1_96' title="bbox 201 4841 1788 4929">
    <p class='ocr_par' dir='ltr' id='par_1_96' title="bbox 201 4841 1788 4929">
     <span class='ocr_line' id='line_1_96' title="bbox 201 4841 1788 4929; baseline 0.014 -38"><span class='ocrx_word' id='word_1_663' title='bbox 201 4842 320 4929; x_wconf 72' lang='grc' dir='ltr'><strong>γὰρ</strong></span> <span class='ocrx_word' id='word_1_664' title='bbox 350 4841 597 4929; x_wconf 80' lang='grc' dir='ltr'><strong>ἑκούσιος</strong></span> <span class='ocrx_word' id='word_1_665' title='bbox 625 4845 863 4910; x_wconf 84' lang='grc' dir='ltr'><strong>ύποστάς</strong></span> <span class='ocrx_word' id='word_1_666' title='bbox 900 4848 993 4901; x_wconf 81' lang='grc' dir='ltr'><strong>τὸν</strong></span> <span class='ocrx_word' id='word_1_667' title='bbox 1038 4851 1119 4913; x_wconf 82' lang='grc' dir='ltr'><strong>είς</strong></span> <span class='ocrx_word' id='word_1_668' title='bbox 1154 4852 1378 4922; x_wconf 81' lang='grc' dir='ltr'><strong>Κρήτην</strong></span> <span class='ocrx_word' id='word_1_669' title='bbox 1408 4854 1573 4909; x_wconf 85' lang='grc' dir='ltr'><strong>πλοῦν</strong></span> <span class='ocrx_word' id='word_1_670' title='bbox 1615 4859 1788 4929; x_wconf 84' lang='grc' dir='ltr'><strong>ἀπήλ-</strong></span> 
     </span>
    </p>
   </div>
   <div class='ocr_carea' id='block_1_97' title="bbox 199 4926 1785 5017">
    <p class='ocr_par' dir='ltr' id='par_1_97' title="bbox 199 4926 1785 5017">
     <span class='ocr_line' id='line_1_97' title="bbox 199 4926 1785 5017; baseline 0.018 -43"><span class='ocrx_word' id='word_1_671' title='bbox 199 4926 337 4989; x_wconf 82' lang='grc' dir='ltr'><strong>λαξε</strong></span> <span class='ocrx_word' id='word_1_672' title='bbox 370 4928 469 4996; x_wconf 81' lang='grc' dir='ltr'><strong>τὴν</strong></span> <span class='ocrx_word' id='word_1_673' title='bbox 501 4930 737 5000; x_wconf 87' lang='grc' dir='ltr'><strong>πατρίδα</strong></span> <span class='ocrx_word' id='word_1_674' title='bbox 782 4934 882 5003; x_wconf 84' lang='grc' dir='ltr'><strong>τῆς</strong></span> <span class='ocrx_word' id='word_1_675' title='bbox 923 4936 1062 4988; x_wconf 86' lang='grc' dir='ltr'><strong>κατὰ</strong></span> <span class='ocrx_word' id='word_1_676' title='bbox 1110 4938 1201 4989; x_wconf 84' lang='grc' dir='ltr'><strong>τὸν</strong></span> <span class='ocrx_word' id='word_1_677' title='bbox 1244 4940 1446 5010; x_wconf 85' lang='grc' dir='ltr'><strong>δασμὸν</strong></span> <span class='ocrx_word' id='word_1_678' title='bbox 1481 4926 1785 5017; x_wconf 71' lang='grc' dir='ltr'><strong>συμφοράς,</strong></span> 
     </span>
    </p>
   </div>
   <div class='ocr_carea' id='block_1_98' title="bbox 199 5019 1787 5110">
    <p class='ocr_par' dir='ltr' id='par_1_98' title="bbox 199 5019 1787 5110">
     <span class='ocr_line' id='line_1_98' title="bbox 199 5019 1787 5110; baseline 0.016 -44"><span class='ocrx_word' id='word_1_679' title='bbox 199 5019 541 5110; x_wconf 78' lang='grc' dir='ltr'><strong>χαριστήρια</strong></span> <span class='ocrx_word' id='word_1_680' title='bbox 574 5021 859 5110; x_wconf 81' lang='grc' dir='ltr'><strong>ἀποδιδοὺς</strong></span> <span class='ocrx_word' id='word_1_681' title='bbox 898 5023 1099 5097; x_wconf 80' lang='grc' dir='ltr'><strong>Ἀθηνᾷ</strong></span> <span class='ocrx_word' id='word_1_682' title='bbox 1135 5028 1227 5081; x_wconf 82' lang='grc' dir='ltr'><strong>καὶ</strong></span> <span class='ocrx_word' id='word_1_683' title='bbox 1271 5032 1530 5103; x_wconf 86' lang='grc' dir='ltr'><strong>Διονύσῳ,</strong></span> <span class='ocrx_word' id='word_1_684' title='bbox 1562 5036 1611 5089; x_wconf 79' lang='grc' dir='ltr'><strong>οἳ</strong></span> <span class='ocrx_word' id='word_1_685' title='bbox 1638 5038 1787 5110; x_wconf 89' lang='grc' dir='ltr'><strong>αύτῷ</strong></span> 
     </span>
    </p>
   </div>
   <div class='ocr_carea' id='block_1_99' title="bbox 198 5106 1785 5195">
    <p class='ocr_par' dir='ltr' id='par_1_99' title="bbox 198 5106 1785 5195">
     <span class='ocr_line' id='line_1_99' title="bbox 198 5106 1785 5195; baseline 0.014 -36"><span class='ocrx_word' id='word_1_686' title='bbox 198 5106 351 5160; x_wconf 82' lang='grc' dir='ltr'><strong>κατὰ</strong></span> <span class='ocrx_word' id='word_1_687' title='bbox 410 5107 508 5160; x_wconf 70' lang='grc' dir='ltr'><strong>τὴν</strong></span> <span class='ocrx_word' id='word_1_688' title='bbox 562 5109 721 5179; x_wconf 80' lang='grc' dir='ltr'><strong>νῆσον</strong></span> <span class='ocrx_word' id='word_1_689' title='bbox 774 5110 873 5181; x_wconf 80' lang='grc' dir='ltr'><strong>τήν</strong></span> <span class='ocrx_word' id='word_1_690' title='bbox 920 5112 1050 5167; x_wconf 88' lang='grc' dir='ltr'><strong>Δίαν</strong></span> <span class='ocrx_word' id='word_1_691' title='bbox 1106 5116 1476 5190; x_wconf 78' lang='grc' dir='ltr'><strong>έπεφάνησαν,</strong></span> <span class='ocrx_word' id='word_1_692' title='bbox 1552 5106 1785 5195; x_wconf 76' lang='grc' dir='ltr'><strong>ἔπραττε</strong></span> 
     </span>
    </p>
   </div>
   <div class='ocr_carea' id='block_1_100' title="bbox 1892 4588 3470 4658">
    <p class='ocr_par' dir='ltr' id='par_1_100' title="bbox 1892 4588 3470 4658">
     <span class='ocr_line' id='line_1_100' title="bbox 1892 4588 3470 4658; baseline -0.001 -13"><span class='ocrx_word' id='word_1_693' title='bbox 1892 4592 2119 4645; x_wconf 86' lang='lat' dir='ltr'><strong>maturis</strong></span> <span class='ocrx_word' id='word_1_694' title='bbox 2160 4591 2301 4654; x_wconf 88' lang='lat' dir='ltr'><strong>uvis,</strong></span> <span class='ocrx_word' id='word_1_695' title='bbox 2344 4590 2486 4658; x_wconf 90' lang='lat' dir='ltr'><strong>quod</strong></span> <span class='ocrx_word' id='word_1_696' title='bbox 2530 4589 2631 4657; x_wconf 91' lang='lat' dir='ltr'><strong>ipsi</strong></span> <span class='ocrx_word' id='word_1_697' title='bbox 2686 4588 2865 4658; x_wconf 82' lang='grc' dir='ltr'><strong>ὅσχην</strong></span> <span class='ocrx_word' id='word_1_698' title='bbox 2900 4598 3182 4653; x_wconf 85' lang='lat' dir='ltr'><strong>vocarunt,</strong></span> <span class='ocrx_word' id='word_1_699' title='bbox 3234 4590 3374 4643; x_wconf 89' lang='lat' dir='ltr'><strong>unde</strong></span> <span class='ocrx_word' id='word_1_700' title='bbox 3413 4600 3470 4643; x_wconf 87' lang='lat' dir='ltr'><strong>et</strong></span> 
     </span>
    </p>
   </div>
   <div class='ocr_carea' id='block_1_101' title="bbox 1890 4678 3461 4746">
    <p class='ocr_par' dir='ltr' id='par_1_101' title="bbox 1890 4678 3461 4746">
     <span class='ocr_line' id='line_1_101' title="bbox 1890 4678 3461 4746; baseline -0.003 -11"><span class='ocrx_word' id='word_1_701' title='bbox 1890 4681 2225 4735; x_wconf 90' lang='lat' dir='ltr'><strong>carminibus</strong></span> <span class='ocrx_word' id='word_1_702' title='bbox 2258 4694 2455 4734; x_wconf 90' lang='lat' dir='ltr'><strong>nomen</strong></span> <span class='ocrx_word' id='word_1_703' title='bbox 2484 4678 2738 4743; x_wconf 89' lang='lat' dir='ltr'><strong>inditum,</strong></span> <span class='ocrx_word' id='word_1_704' title='bbox 2770 4678 2965 4733; x_wconf 85' lang='lat' dir='ltr'><strong>festum</strong></span> <span class='ocrx_word' id='word_1_705' title='bbox 3014 4679 3461 4746; x_wconf 79' lang='lat' dir='ltr'><strong>auspicabantur.</strong></span> 
     </span>
    </p>
   </div>
   <div class='ocr_carea' id='block_1_102' title="bbox 1888 4770 3469 4826">
    <p class='ocr_par' dir='ltr' id='par_1_102' title="bbox 1888 4770 3469 4826">
     <span class='ocr_line' id='line_1_102' title="bbox 1888 4770 3469 4826; baseline 0 -1"><span class='ocrx_word' id='word_1_706' title='bbox 1888 4770 2134 4826; x_wconf 86' lang='lat' dir='ltr'><strong>Primum</strong></span> <span class='ocrx_word' id='word_1_707' title='bbox 2174 4786 2305 4826; x_wconf 89' lang='lat' dir='ltr'><strong>vero</strong></span> <span class='ocrx_word' id='word_1_708' title='bbox 2345 4771 2554 4825; x_wconf 86' lang='lat' dir='ltr'><strong>Thesea</strong></span> <span class='ocrx_word' id='word_1_709' title='bbox 2586 4772 2687 4825; x_wconf 90' lang='lat' dir='ltr'><strong>hoc</strong></span> <span class='ocrx_word' id='word_1_710' title='bbox 2733 4770 3027 4825; x_wconf 85' lang='lat' dir='ltr'><strong>inchoasse</strong></span> <span class='ocrx_word' id='word_1_711' title='bbox 3065 4770 3265 4825; x_wconf 91' lang='lat' dir='ltr'><strong>ferunt.</strong></span> <span class='ocrx_word' id='word_1_712' title='bbox 3314 4770 3469 4825; x_wconf 86' lang='lat' dir='ltr'><strong>Post-</strong></span> 
     </span>
    </p>
   </div>
   <div class='ocr_carea' id='block_1_103' title="bbox 1888 4862 3467 4933">
    <p class='ocr_par' dir='ltr' id='par_1_103' title="bbox 1888 4862 3467 4933">
     <span class='ocr_line' id='line_1_103' title="bbox 1888 4862 3467 4933; baseline 0 -17"><span class='ocrx_word' id='word_1_713' title='bbox 1888 4878 2051 4931; x_wconf 84' lang='lat' dir='ltr'><strong>quam</strong></span> <span class='ocrx_word' id='word_1_714' title='bbox 2075 4863 2221 4917; x_wconf 88' lang='lat' dir='ltr'><strong>enim</strong></span> <span class='ocrx_word' id='word_1_715' title='bbox 2250 4871 2441 4933; x_wconf 89' lang='lat' dir='ltr'><strong>sponte</strong></span> <span class='ocrx_word' id='word_1_716' title='bbox 2478 4877 2578 4918; x_wconf 91' lang='lat' dir='ltr'><strong>sua</strong></span> <span class='ocrx_word' id='word_1_717' title='bbox 2607 4862 2659 4916; x_wconf 87' lang='lat' dir='ltr'><strong>in</strong></span> <span class='ocrx_word' id='word_1_718' title='bbox 2688 4862 2901 4918; x_wconf 87' lang='lat' dir='ltr'><strong>Cretam</strong></span> <span class='ocrx_word' id='word_1_719' title='bbox 2948 4862 3345 4930; x_wconf 87' lang='lat' dir='ltr'><strong>navigationem</strong></span> <span class='ocrx_word' id='word_1_720' title='bbox 3382 4863 3467 4916; x_wconf 85' lang='lat' dir='ltr'><strong>in-</strong></span> 
     </span>
    </p>
   </div>
   <div class='ocr_carea' id='block_1_104' title="bbox 1888 4947 3465 5016">
    <p class='ocr_par' dir='ltr' id='par_1_104' title="bbox 1888 4947 3465 5016">
     <span class='ocr_line' id='line_1_104' title="bbox 1888 4947 3465 5016; baseline 0.003 -15"><span class='ocrx_word' id='word_1_721' title='bbox 1888 4947 2182 5012; x_wconf 81' lang='lat' dir='ltr'><strong>stituisset,</strong></span> <span class='ocrx_word' id='word_1_722' title='bbox 2216 4949 2446 5016; x_wconf 90' lang='lat' dir='ltr'><strong>patriam</strong></span> <span class='ocrx_word' id='word_1_723' title='bbox 2489 4949 2677 5003; x_wconf 90' lang='lat' dir='ltr'><strong>tributi</strong></span> <span class='ocrx_word' id='word_1_724' title='bbox 2712 4950 3003 5004; x_wconf 86' lang='lat' dir='ltr'><strong>vexatione</strong></span> <span class='ocrx_word' id='word_1_725' title='bbox 3039 4950 3290 5005; x_wconf 83' lang='lat' dir='ltr'><strong>liberavit</strong></span> <span class='ocrx_word' id='word_1_726' title='bbox 3323 4968 3336 5003; x_wconf 91' lang='lat'><strong>:</strong></span> <span class='ocrx_word' id='word_1_727' title='bbox 3373 4956 3465 5005; x_wconf 84' lang='lat' dir='ltr'><strong>be—</strong></span> 
     </span>
    </p>
   </div>
   <div class='ocr_carea' id='block_1_105' title="bbox 1890 5038 3459 5112">
    <p class='ocr_par' dir='ltr' id='par_1_105' title="bbox 1890 5038 3459 5112">
     <span class='ocr_line' id='line_1_105' title="bbox 1890 5038 3459 5112; baseline 0.003 -21"><span class='ocrx_word' id='word_1_728' title='bbox 1890 5038 2137 5093; x_wconf 72' lang='lat' dir='ltr'><strong>neﬁcium</strong></span> <span class='ocrx_word' id='word_1_729' title='bbox 2172 5039 2520 5109; x_wconf 84' lang='lat' dir='ltr'><strong>gratitudinis</strong></span> <span class='ocrx_word' id='word_1_730' title='bbox 2544 5054 2675 5112; x_wconf 88' lang='lat' dir='ltr'><strong>ergo</strong></span> <span class='ocrx_word' id='word_1_731' title='bbox 2720 5040 2953 5095; x_wconf 88' lang='lat' dir='ltr'><strong>reddens</strong></span> <span class='ocrx_word' id='word_1_732' title='bbox 2980 5040 3256 5105; x_wconf 59' lang='lat' dir='ltr'><strong>Minerva,</strong></span> <span class='ocrx_word' id='word_1_733' title='bbox 3285 5052 3341 5096; x_wconf 91' lang='lat' dir='ltr'><strong>et</strong></span> <span class='ocrx_word' id='word_1_734' title='bbox 3366 5041 3459 5096; x_wconf 86' lang='lat' dir='ltr'><strong>Li-</strong></span> 
     </span>
    </p>
   </div>
   <div class='ocr_carea' id='block_1_106' title="bbox 1888 5130 3461 5203">
    <p class='ocr_par' dir='ltr' id='par_1_106' title="bbox 1888 5130 3461 5203">
     <span class='ocr_line' id='line_1_106' title="bbox 1888 5130 3461 5203; baseline 0.002 -18"><span class='ocrx_word' id='word_1_735' title='bbox 1888 5131 2037 5195; x_wconf 86' lang='lat' dir='ltr'><strong>bero,</strong></span> <span class='ocrx_word' id='word_1_736' title='bbox 2079 5131 2174 5203; x_wconf 90' lang='lat' dir='ltr'><strong>qui</strong></span> <span class='ocrx_word' id='word_1_737' title='bbox 2202 5132 2301 5199; x_wconf 88' lang='lat' dir='ltr'><strong>ipsi</strong></span> <span class='ocrx_word' id='word_1_738' title='bbox 2330 5132 2383 5186; x_wconf 91' lang='lat' dir='ltr'><strong>in</strong></span> <span class='ocrx_word' id='word_1_739' title='bbox 2410 5130 2504 5187; x_wconf 90' lang='lat' dir='ltr'><strong>Dia</strong></span> <span class='ocrx_word' id='word_1_740' title='bbox 2539 5132 2719 5188; x_wconf 84' lang='lat' dir='ltr'><strong>insula</strong></span> <span class='ocrx_word' id='word_1_741' title='bbox 2744 5142 3127 5203; x_wconf 84' lang='lat' dir='ltr'><strong>apparuerant.</strong></span> <span class='ocrx_word' id='word_1_742' title='bbox 3149 5130 3340 5189; x_wconf 86' lang='lat' dir='ltr'><strong>Fiebat</strong></span> <span class='ocrx_word' id='word_1_743' title='bbox 3370 5148 3461 5188; x_wconf 83' lang='lat' dir='ltr'><strong>au-</strong></span> 
     </span>
    </p>
   </div>
   <div class='ocr_carea' id='block_1_107' title="bbox 270 5239 1975 5320">
    <p class='ocr_par' dir='ltr' id='par_1_107' title="bbox 270 5239 1975 5320">
     <span class='ocr_line' id='line_1_107' title="bbox 270 5239 1975 5320; baseline 0.016 -27"><span class='ocrx_word' id='word_1_744' title='bbox 270 5250 306 5293; x_wconf 74' lang='lat' dir='ltr'><strong>q</strong></span> <span class='ocrx_word' id='word_1_745' title='bbox 342 5239 611 5299; x_wconf 84' lang='lat' dir='ltr'><strong>Diodorus</strong></span> <span class='ocrx_word' id='word_1_746' title='bbox 657 5245 875 5303; x_wconf 89' lang='lat' dir='ltr'><strong>Siculus</strong></span> <span class='ocrx_word' id='word_1_747' title='bbox 916 5248 1008 5304; x_wconf 89' lang='lat' dir='ltr'><strong>lib.</strong></span> <span class='ocrx_word' id='word_1_748' title='bbox 1035 5264 1104 5303; x_wconf 89' lang='lat' dir='ltr'><strong>xv</strong></span> <span class='ocrx_word' id='word_1_749' title='bbox 1130 5248 1400 5318; x_wconf 79' lang='lat' dir='ltr'><strong>Bibliotii;</strong></span> <span class='ocrx_word' id='word_1_750' title='bbox 1444 5254 1641 5313; x_wconf 89' lang='lat' dir='ltr'><strong>Snidas</strong></span> <span class='ocrx_word' id='word_1_751' title='bbox 1686 5270 1743 5317; x_wconf 91' lang='lat' dir='ltr'><strong>et</strong></span> <span class='ocrx_word' id='word_1_752' title='bbox 1769 5262 1975 5320; x_wconf 86' lang='lat' dir='ltr'><strong>Pollux.</strong></span> 
     </span>
    </p>
   </div>
   <div class='ocr_carea' id='block_1_108' title="bbox 1540 5391 2209 5457">
    <p class='ocr_par' dir='ltr' id='par_1_108' title="bbox 1540 5391 2209 5457">
     <span class='ocr_line' id='line_1_108' title="bbox 1540 5391 2209 5457; baseline 0.013 -12"><span class='ocrx_word' id='word_1_753' title='bbox 1540 5391 1774 5451; x_wconf 64' lang='grc' dir='ltr'><strong>ὙΑΒΙΕ</strong></span> <span class='ocrx_word' id='word_1_754' title='bbox 1806 5396 2209 5457; x_wconf 78' lang='lat' dir='ltr'><strong>LECTIONES.</strong></span> 
     </span>
    </p>
   </div>
   <div class='ocr_carea' id='block_1_109' title="bbox 269 5470 1001 5547">
    <p class='ocr_par' dir='ltr' id='par_1_109' title="bbox 269 5470 1001 5547">
     <span class='ocr_line' id='line_1_109' title="bbox 269 5470 1001 5547; baseline 0.004 -2"><span class='ocrx_word' id='word_1_755' title='bbox 269 5470 1001 5547; x_wconf 66' lang='grc' dir='ltr'><strong>⁸’.ιλάσεονς,τῆς,ὲπ’ᾶκρφ</strong></span> 
     </span>
    </p>
   </div>
   <div class='ocr_carea' id='block_1_110' title="bbox 1036 5478 3457 5561">
    <p class='ocr_par' dir='ltr' id='par_1_110' title="bbox 1036 5478 3457 5561">
     <span class='ocr_line' id='line_1_110' title="bbox 1036 5478 3457 5561; baseline 0.007 -31"><span class='ocrx_word' id='word_1_756' title='bbox 1036 5478 1100 5561; x_wconf 45' lang='grc' dir='ltr'><strong>Δ..</strong></span> <span class='ocrx_word' id='word_1_757' title='bbox 1128 5478 1392 5561; x_wconf 62' lang='grc' dir='ltr'><strong>έλάςσονα</strong></span> <span class='ocrx_word' id='word_1_758' title='bbox 1412 5483 1507 5551; x_wconf 82' lang='grc' dir='ltr'><strong>τῆς</strong></span> <span class='ocrx_word' id='word_1_759' title='bbox 1534 5483 1817 5561; x_wconf 52' lang='grc' dir='ltr'><strong>ἐπ’-ἀκρον</strong></span> <span class='ocrx_word' id='word_1_760' title='bbox 1852 5489 1905 5553; x_wconf 78' lang='lat' dir='ltr'><strong>It,</strong></span> <span class='ocrx_word' id='word_1_761' title='bbox 1938 5488 2233 5561; x_wconf 52' lang='grc' dir='ltr'><strong>ἐλάσσονας</strong></span> <span class='ocrx_word' id='word_1_762' title='bbox 2261 5490 2361 5560; x_wconf 82' lang='grc' dir='ltr'><strong>τῆς</strong></span> <span class='ocrx_word' id='word_1_763' title='bbox 2380 5490 2474 5544; x_wconf 88' lang='grc' dir='ltr'><strong>τοῦ</strong></span> <span class='ocrx_word' id='word_1_764' title='bbox 2498 5491 2657 5558; x_wconf 81' lang='grc' dir='ltr'><strong>ξύλου</strong></span> <span class='ocrx_word' id='word_1_765' title='bbox 2688 5511 2750 5557; x_wconf 84' lang='grc' dir='ltr'><strong>ς.</strong></span> <span class='ocrx_word' id='word_1_766' title='bbox 2813 5495 2859 5529; x_wconf 84' lang='grc'><em>³³</em></span> <span class='ocrx_word' id='word_1_767' title='bbox 2891 5493 3045 5547; x_wconf 87' lang='grc' dir='ltr'><strong>κόπω</strong></span> <span class='ocrx_word' id='word_1_768' title='bbox 3070 5507 3155 5561; x_wconf 91' lang='lat' dir='ltr'><strong>pr.</strong></span> <span class='ocrx_word' id='word_1_769' title='bbox 3190 5493 3260 5559; x_wconf 74' lang='grc' dir='ltr'><strong>Α,</strong></span> <span class='ocrx_word' id='word_1_770' title='bbox 3302 5495 3457 5547; x_wconf 86' lang='grc' dir='ltr'><strong>κοπὼ</strong></span> 
     </span>
    </p>
   </div>
   <div class='ocr_carea' id='block_1_111' title="bbox 195 5538 3457 5631">
    <p class='ocr_par' dir='ltr' id='par_1_111' title="bbox 195 5538 3457 5631">
     <span class='ocr_line' id='line_1_111' title="bbox 195 5538 3457 5631; baseline 0.005 -31"><span class='ocrx_word' id='word_1_771' title='bbox 195 5540 456 5631; x_wconf 53' lang='lat'><strong>&#39;5:</strong></span> <span class='ocrx_word' id='word_1_772' title='bbox 470 5538 530 5595; x_wconf 71' lang='grc' dir='ltr'><strong>Β.</strong></span> <span class='ocrx_word' id='word_1_773' title='bbox 555 5542 635 5631; x_wconf 2' lang='lat' dir='ltr'><strong>ﬂ“,</strong></span> <span class='ocrx_word' id='word_1_774' title='bbox 653 5538 984 5631; x_wconf 37' lang='lat' dir='ltr'><strong>{eo}:</strong></span> <span class='ocrx_word' id='word_1_775' title='bbox 1005 5538 1093 5600; x_wconf 74' lang='grc' dir='ltr'><strong>ΔΒ</strong></span> <span class='ocrx_word' id='word_1_776' title='bbox 1109 5564 1123 5603; x_wconf 90' lang='lat'><strong>:</strong></span> <span class='ocrx_word' id='word_1_777' title='bbox 1150 5538 1477 5631; x_wconf 59' lang='grc' dir='ltr'><strong>καθειμένας</strong></span> <span class='ocrx_word' id='word_1_778' title='bbox 1626 5553 1671 5585; x_wconf 87' lang='grc'><strong>⁸⁸</strong></span> <span class='ocrx_word' id='word_1_779' title='bbox 2449 5538 2681 5631; x_wconf 31' lang='grc' dir='ltr'><strong>λίς-’τῖ’</strong></span> <span class='ocrx_word' id='word_1_780' title='bbox 2828 5538 3043 5618; x_wconf 56' lang='lat' dir='ltr'><strong>on:</strong></span> <span class='ocrx_word' id='word_1_781' title='bbox 3070 5538 3155 5603; x_wconf 43' lang='grc' dir='ltr'><strong>ς’.</strong></span> <span class='ocrx_word' id='word_1_782' title='bbox 3175 5538 3457 5627; x_wconf 41' lang='lat' dir='ltr'><strong>adtribui}:</strong></span> 
     </span>
    </p>
   </div>
   <div class='ocr_carea' id='block_1_112' title="bbox 194 5608 1993 5693">
    <p class='ocr_par' dir='ltr' id='par_1_112' title="bbox 194 5608 1993 5693">
     <span class='ocr_line' id='line_1_112' title="bbox 194 5608 1993 5693; baseline 0.012 -33"><span class='ocrx_word' id='word_1_783' title='bbox 194 5612 410 5693; x_wconf 51' lang='grc' dir='ltr'><strong>ξσυχξου</strong></span> <span class='ocrx_word' id='word_1_784' title='bbox 426 5610 523 5693; x_wconf 51' lang='lat' dir='ltr'><strong>Is.“</strong></span> <span class='ocrx_word' id='word_1_785' title='bbox 554 5608 602 5644; x_wconf 84' lang='grc'><strong>⁸⁸</strong></span> <span class='ocrx_word' id='word_1_786' title='bbox 628 5608 994 5693; x_wconf 61' lang='grc' dir='ltr'><strong>χαλαςίου⁸</strong></span> <span class='ocrx_word' id='word_1_787' title='bbox 1032 5633 1046 5670; x_wconf 87' lang='lat'><strong>:</strong></span> <span class='ocrx_word' id='word_1_788' title='bbox 1089 5608 1349 5693; x_wconf 64' lang='grc' dir='ltr'><strong>γαλαξίου</strong></span> <span class='ocrx_word' id='word_1_789' title='bbox 1382 5608 1473 5693; x_wconf 66' lang='grc' dir='ltr'><strong>ς.’</strong></span> <span class='ocrx_word' id='word_1_790' title='bbox 1499 5608 1562 5693; x_wconf 53' lang='grc' dir='ltr'><strong>’Ψ</strong></span> <span class='ocrx_word' id='word_1_791' title='bbox 1594 5608 1993 5693; x_wconf 58' lang='grc' dir='ltr'><strong>τριπᾶδιῖὸνίξ.</strong></span> 
     </span>
    </p>
   </div>
   <div class='ocr_carea' id='block_1_113' title="bbox 194 5676 2361 5777">
    <p class='ocr_par' dir='ltr' id='par_1_113' title="bbox 194 5676 2361 5777">
     <span class='ocr_line' id='line_1_113' title="bbox 194 5676 2361 5777; baseline 0.011 -47"><span class='ocrx_word' id='word_1_792' title='bbox 194 5679 245 5777; x_wconf 53' lang='lat'><strong>:1</strong></span> <span class='ocrx_word' id='word_1_793' title='bbox 272 5676 1009 5777; x_wconf 42' lang='lat' dir='ltr'><strong>ﬁxaitszrnv&#39;ﬁtosLAB/i.</strong></span> <span class='ocrx_word' id='word_1_794' title='bbox 1086 5676 1132 5718; x_wconf 74' lang='grc' dir='ltr'><strong>ι’·</strong></span> <span class='ocrx_word' id='word_1_795' title='bbox 1160 5688 1216 5741; x_wconf 70' lang='grc' dir='ltr'><strong>δι</strong></span> <span class='ocrx_word' id='word_1_796' title='bbox 1246 5676 1467 5771; x_wconf 59' lang='grc' dir='ltr'><strong>ξιειωι.</strong></span> <span class='ocrx_word' id='word_1_797' title='bbox 1543 5676 2025 5777; x_wconf 32' lang='lat' dir='ltr'><strong>gemeam.)</strong></span> <span class='ocrx_word' id='word_1_798' title='bbox 2052 5676 2361 5777; x_wconf 65' lang='grc' dir='ltr'><strong>τριτῐόξῖςῇ</strong></span> 
     </span>
    </p>
   </div>
   <div class='ocr_carea' id='block_1_114' title="bbox 198 5748 1447 5827">
    <p class='ocr_par' dir='ltr' id='par_1_114' title="bbox 198 5748 1447 5827">
     <span class='ocr_line' id='line_1_114' title="bbox 198 5748 1447 5827; baseline 0.013 -28"><span class='ocrx_word' id='word_1_799' title='bbox 198 5749 245 5785; x_wconf 80' lang='grc'><strong>⁸⁸</strong></span> <span class='ocrx_word' id='word_1_800' title='bbox 274 5748 331 5800; x_wconf 76' lang='grc' dir='ltr'><strong>δὲ</strong></span> <span class='ocrx_word' id='word_1_801' title='bbox 373 5748 595 5805; x_wconf 67' lang='grc' dir='ltr'><strong>οω.Α.’</strong></span> <span class='ocrx_word' id='word_1_802' title='bbox 672 5754 715 5784; x_wconf 87' lang='lat'><strong>“</strong></span> <span class='ocrx_word' id='word_1_803' title='bbox 771 5752 1118 5824; x_wconf 84' lang='grc' dir='ltr'><strong>κλήματα-</strong></span> <span class='ocrx_word' id='word_1_804' title='bbox 1143 5758 1355 5827; x_wconf 85' lang='grc' dir='ltr'><strong>μεστῶν</strong></span> <span class='ocrx_word' id='word_1_805' title='bbox 1386 5777 1447 5825; x_wconf 77' lang='grc' dir='ltr'><strong>ς’.</strong></span> 
     </span>
    </p>
   </div>
   <div class='ocr_carea' id='block_1_115' title="bbox 2096 5630 3454 5702">
    <p class='ocr_par' dir='ltr' id='par_1_115' title="bbox 2096 5630 3454 5702">
     <span class='ocr_line' id='line_1_115' title="bbox 2096 5630 3454 5702; baseline 0.005 -22"><span class='ocrx_word' id='word_1_806' title='bbox 2096 5631 2140 5702; x_wconf 76' lang='lat'><strong>&quot;_</strong></span> <span class='ocrx_word' id='word_1_807' title='bbox 2165 5630 2471 5702; x_wconf 75' lang='grc' dir='ltr'><strong>Πάνακτον]</strong></span> <span class='ocrx_word' id='word_1_808' title='bbox 2502 5630 2575 5702; x_wconf 83' lang='lat' dir='ltr'><strong>cf.</strong></span> <span class='ocrx_word' id='word_1_809' title='bbox 2608 5631 2815 5686; x_wconf 79' lang='lat' dir='ltr'><strong>Ilulier.</strong></span> <span class='ocrx_word' id='word_1_810' title='bbox 2844 5631 3196 5696; x_wconf 89' lang='lat' dir='ltr'><strong>Orchomen.,</strong></span> <span class='ocrx_word' id='word_1_811' title='bbox 3228 5648 3281 5702; x_wconf 92' lang='lat' dir='ltr'><strong>p.</strong></span> <span class='ocrx_word' id='word_1_812' title='bbox 3329 5632 3454 5687; x_wconf 75' lang='lat'><strong>385.</strong></span> 
     </span>
    </p>
   </div>
   <div class='ocr_carea' id='block_1_116' title="bbox 2441 5700 3455 5785">
    <p class='ocr_par' dir='ltr' id='par_1_116' title="bbox 2441 5700 3455 5785">
     <span class='ocr_line' id='line_1_116' title="bbox 2441 5700 3455 5785; baseline 0.008 -34"><span class='ocrx_word' id='word_1_813' title='bbox 2441 5700 2484 5731; x_wconf 77' lang='lat'>“</span> <span class='ocrx_word' id='word_1_814' title='bbox 2504 5700 2854 5785; x_wconf 69' lang='grc' dir='ltr'><strong>ᾠσχοφορικά</strong></span> <span class='ocrx_word' id='word_1_815' title='bbox 2877 5703 2956 5757; x_wconf 84' lang='lat' dir='ltr'><strong>Alt</strong></span> <span class='ocrx_word' id='word_1_816' title='bbox 2980 5720 2991 5753; x_wconf 87' lang='lat'><strong>:</strong></span> <span class='ocrx_word' id='word_1_817' title='bbox 3030 5700 3359 5772; x_wconf 74' lang='grc' dir='ltr'><strong>όσχοφορικά</strong></span> <span class='ocrx_word' id='word_1_818' title='bbox 3395 5719 3455 5767; x_wconf 75' lang='grc' dir='ltr'><strong>ῖ.</strong></span> 
     </span>
    </p>
   </div>
   <div class='ocr_carea' id='block_1_117' title="bbox 1548 5764 2813 5839">
    <p class='ocr_par' dir='ltr' id='par_1_117' title="bbox 1548 5764 2813 5839">
     <span class='ocr_line' id='line_1_117' title="bbox 1548 5764 2813 5839; baseline 0.008 -24"><span class='ocrx_word' id='word_1_819' title='bbox 1548 5764 1589 5802; x_wconf 78' lang='grc'><strong>⁸⁷</strong></span> <span class='ocrx_word' id='word_1_820' title='bbox 1620 5764 1800 5835; x_wconf 79' lang='grc' dir='ltr'><strong>ῶσχην</strong></span> <span class='ocrx_word' id='word_1_821' title='bbox 1826 5765 1907 5821; x_wconf 86' lang='lat' dir='ltr'><strong>Ah</strong></span> <span class='ocrx_word' id='word_1_822' title='bbox 1934 5782 1945 5818; x_wconf 93' lang='lat'>:</span> <span class='ocrx_word' id='word_1_823' title='bbox 1984 5764 2150 5839; x_wconf 73' lang='grc' dir='ltr'><strong>δσχην</strong></span> <span class='ocrx_word' id='word_1_824' title='bbox 2182 5786 2241 5833; x_wconf 83' lang='grc' dir='ltr'><strong>ς.</strong></span> <span class='ocrx_word' id='word_1_825' title='bbox 2316 5764 2360 5802; x_wconf 65' lang='grc'><strong><em>⁵⁸</em></strong></span> <span class='ocrx_word' id='word_1_826' title='bbox 2384 5771 2563 5839; x_wconf 81' lang='grc' dir='ltr'><strong>Θησέα</strong></span> <span class='ocrx_word' id='word_1_827' title='bbox 2590 5764 2736 5839; x_wconf 48' lang='lat' dir='ltr'><strong>ea}?</strong></span> <span class='ocrx_word' id='word_1_828' title='bbox 2756 5788 2813 5836; x_wconf 76' lang='grc' dir='ltr'><strong>ς.</strong></span> 
     </span>
    </p>
   </div>
  </div>
