4208 6442
720 370 743 434 1
754 369 854 434 207

1850 383 2113 446 PIIOTII
2145 388 2655 451 PATRIARCIIE
2697 392 2804 452 CP.

3856 396 3993 465 12M

714 494 822 539 tem
849 498 876 536 a
920 482 1129 538 duobus
1164 485 1627 554 adolescentibus,
1681 490 1733 544 in
1778 493 1971 547 umbra
2022 496 2292 559 cducatis,

2402 498 2575 560 τοῦτο,
2598 500 2719 551 δυσὶ
2752 499 2989 563 νεανίαις
3010 501 3543 571 ἑακιατραφημὲνοις
3578 502 3706 574 [526
3727 504 3818 579 IL]
3851 529 3991 581 χρη-

714 578 888 631 sacris
937 588 996 631 ut
1038 590 1415 649 operarentnr,
1460 584 1716 639 adhibitis
1766 586 2087 643 ministris'.
2120 590 2288 642 Duce-

717 678 876 719 natur
932 676 1113 722 autem
1136 669 1203 721 ab
1248 670 1671 726 Atheniensibus
1719 673 1833 727 hinc
1867 690 2061 744 pompa
2094 693 2159 731 ex
2209 676 2297 731 Li-

715 756 827 808 beri
865 755 989 809 lano
1020 756 1072 811 in
1102 757 1336 813 Palladis
1388 762 1649 817 Sciriadis
1694 766 1954 834 templum
1998 787 2012 820 :
2044 770 2299 839 inseque-

717 846 989 915 biturque
1025 847 1401 905 adolescentes
1432 852 1555 906 illos
1603 854 1821 921 chorus,
1859 865 1913 910 et
1942 860 2210 912 canebant
2245 860 2295 912 id

718 948 888 1003 genus
914 938 1177 991 carmina.
1214 938 1291 992 Ex
1336 942 1565 1010 singulis
1609 958 1738 997 vero
1771 946 2017 1001 tribubus
2062 950 2295 1015 puberes

719 1028 862 1081 inter
894 1043 952 1082 se
973 1044 1134 1082 cursu
1184 1033 1491 1095 certabant,
1524 1035 1729 1104 quique
1783 1036 1921 1091 alios
1970 1042 2297 1094 antevenis-

718 1126 822 1181 set,
854 1132 919 1171 ex
951 1120 1298 1187 quintuplici,
1329 1136 1450 1191 quae
1483 1123 1765 1177 dicebatur
1814 1126 2019 1193 phiala.
2050 1138 2103 1182 et
2133 1132 2296 1185 cinno

718 1208 831 1275 (qui
868 1222 931 1261 ex
966 1208 1106 1273 oleo,
1131 1211 1275 1275 vino,
1303 1211 1481 1277 melle,
1510 1227 1672 1269 caseo
1701 1224 1754 1267 et
1783 1214 1953 1269 farina
1988 1217 2293 1274 hordeacea

721 1303 1145 1370 temperabatur)
1172 1303 1413 1358 bibebat.

791 1387 1104 1445 Precatoria
1155 1395 1396 1447 carmina
1455 1396 1522 1450 ab
1552 1398 1620 1452 iis
1652 1402 2144 1467 componebantur,
2203 1405 2295 1471 qui

719 1478 924 1548 aliquid
960 1482 1123 1536 Deum
1164 1496 1438 1551 rogarent.
1479 1487 1819 1559 Pragmatica
1871 1507 2016 1557 vero,
2050 1509 2170 1560 quae
2212 1510 2297 1549 res

719 1582 900 1637 gestas
927 1573 1232 1640 aliquorum
1284 1576 1584 1631 continent.
1638 1579 1945 1647 Emporica,
1980 1596 2101 1649 quae
2141 1584 2296 1652 quasi

721 1662 1218 1730 peregrinationem
1282 1675 1335 1719 et
1395 1670 1817 1737 negotiationem
1865 1682 2223 1740 ostentarent,
2266 1691 2295 1730 a

722 1751 1049 1817 quibusdam
1077 1757 1390 1825 conscripta
1417 1770 1560 1813 sunt.
1586 1760 1652 1814 Et
1678 1755 1994 1829 apostolica,
2025 1779 2147 1832 qua:
2171 1769 2295 1819 dum

2401 587 2634 655 σάμενος
2665 588 2799 657 πρὸς
2820 590 2917 658 τὴν
2947 590 3261 661 ἱερουργίαν
3298 593 3621 660 ὑπηρέταις.
3654 590 3765 647 Ἦν
3795 599 3850 650 δὲ
3877 607 3987 665 τοῖς

2412 679 2717 748 Ἀθηναίοις
2751 681 2781 748 ἡ
2816 682 3163 749 παραπομπὴ
3207 686 3271 735 ὲκ
3298 683 3395 736 τοῦ
3437 688 3790 743 Διονυσιακοῦ
3843 694 3988 761 ἱεροῦ

2398 774 2477 833 εἰς
2516 771 2575 822 τὸ
2601 770 2700 838 τῆς
2740 771 2971 839 Ἀθηνᾶς
2999 773 3099 841 τῆς
3136 775 3395 843 Σκιράδος
3422 777 3464 809 ⁸⁸
3505 779 3758 847 τέμενος.
3792 782 3990 835 Εἵπετο

2397 862 2453 913 δὲ
2503 864 2614 922 τοῖς
2672 862 2909 924 νεανίαις
2952 866 2981 915 ὁ
3039 864 3219 933 χορὸς,
3284 867 3377 918 καί
3429 863 3521 938 ᾖδε
3569 870 3637 922 τὰ
3701 872 3861 940 μέλη.
3901 873 3987 937 Ἐξ

2401 952 2637 1019 ἑκάστης
2659 951 2715 1003 δὲ
2736 950 2908 1018 φυλῆς
2936 950 3130 1018 ἔφηϐοι
3159 952 3524 1020 διημιλλῶντο
3558 956 3695 1023 πρὸς
3723 957 3989 1025 ἀλλήλους

2397 1041 2585 1111 δρόμῳ
2612 1056 2623 1069 ⁸
2647 1040 2747 1091 ’καὶ
2774 1040 2983 1092 τούτων
3012 1044 3039 1093 ὁ
3077 1040 3343 1108 πρότερος
3377 1042 3600 1108 ἐγεύετο
3633 1045 3696 1095 ὲκ
3725 1045 3826 1111 τῆς
3860 1063 3987 1098 πεν-

2397 1131 2611 1199 ταπλῆς
2645 1130 2947 1201 λεγομένης
2983 1130 3203 1200 φιάλης,
3242 1132 3275 1201 ἦ
3312 1136 3665 1203 συνεκιρνᾶτο
3692 1135 3861 1201 ἐλαίῳ
3896 1137 3987 1188 καὶ

2398 1222 2526 1291 οῐνῳ
2557 1222 2647 1274 καὶ
2685 1221 2862 1289 μέλιτι
2900 1222 2995 1274 καὶ
3025 1222 3175 1292 τυρῷ
3198 1224 3293 1274 καὶ
3323 1223 3590 1290 ἀλφίτοις.

2471 1398 2711 1451 Εὑκτικὰ
2761 1398 2819 1450 δὲ
2860 1397 2996 1467 μέλη
3058 1400 3331 1467 ἐγραφετο
3379 1400 3489 1461 τοῖς
3537 1400 3888 1467 αἰτουμένοις
3935 1416 3988 1451 τι

2400 1490 2549 1559 παρὰ
2578 1488 2714 1541 Θεοῦ
2748 1488 3015 1555 γενέσθαι,
3074 1489 3444 1557 Πραγματικὰ
3472 1490 3551 1553 δὲ,
3575 1490 3611 1543 ἃ.
3638 1507 3800 1542 τινων
3835 1507 3989 1559 περι·

2401 1582 2512 1647 εἶχε
2558 1578 2805 1647 πράξεις.
2837 1577 2964 1649 [992
3000 1577 3095 1647 R.]
3141 1578 3449 1648 Ἐμπορικὰ
3480 1578 3561 1642 δὲ,
3590 1580 3691 1632 ὅσα
3717 1580 3863 1633 κατά
3892 1580 3988 1642 τὰς

2400 1670 2706 1738 ἀποδημίας
2724 1671 2816 1720 καὶ
2849 1670 3196 1737 ἑμπορείαςτο
3229 1670 3647 1740 ἐπιδεικνύμενά
3668 1688 3809 1724 τισιν
3821 1673 3988 1742 ὲγρά-

2400 1778 2494 1830 φη.
2525 1762 2635 1812 Καὶ
2656 1760 2990 1813 ἀποστολικὰ
3012 1761 3090 1817 δὲ.
3114 1761 3215 1813 ὃσα
3236 1761 3715 1831 διαπεμπόμενοιτι
3743 1766 3885 1832 πρός
3913 1782 3990 1815 τι·

719 1842 850 1907 quid
883 1845 1194 1900 mitteretur
1243 1848 1309 1901 ad
1345 1848 1604 1919 aliquem,
1648 1853 1869 1907 ﬂebant.
1912 1854 2299 1926 Gnomologica

2408 1868 2503 1913 νας
2530 1850 2766 1905 ἐποίουν.
2792 1850 2872 1903 Τὰ
2900 1850 2956 1902 δὲ
2976 1852 3361 1921 γνωμολογικὰ
3377 1852 3535 1923 δῆλον
3557 1855 3637 1906 ὅτι
3668 1856 3993 1922 παραίνεσιν

723 1942 912 1986 notum
977 1945 1059 1989 est
1119 1937 1520 1995 admonitiones
1577 1942 1644 1996 de
1698 1943 1944 1998 moribus
2003 1946 2304 2000 continere.

721 2020 987 2094 Georgica
1017 2041 1170 2092 vero,
1201 2030 1313 2098 agri
1360 2040 1411 2083 et
1451 2031 1705 2098 stirpium
1768 2036 2223 2102 tempestivitates
2255 2047 2307 2090 et

720 2128 928 2167 curam.
968 2115 1309 2185 Epistaltica,
1339 2134 1458 2185 qua:
1509 2124 1575 2176 ad
1618 2124 1865 2177 obeunda
1906 2129 2160 2180 mandata
2204 2128 2304 2180 ali-

721 2205 915 2271 quibus
948 2210 1246 2275 composita
1282 2211 1655 2267 mittebantur.

794 2292 1066 2349 Hactenus
1126 2298 1343 2366 quidem
1403 2316 1467 2353 ex
1528 2304 1740 2357 duobus
1797 2303 1970 2360 Procli
2028 2306 2181 2363 libris
2233 2324 2293 2363 ea

720 2386 1111 2454 excerpsimus,
1151 2403 1270 2455 qna:
1323 2404 1389 2442 ex
1433 2394 1808 2461 grammaticis
1858 2394 2145 2450 laudabilia
2186 2399 2299 2468 ipse

720 2476 1134 2546 deprompserat
1170 2480 1304 2549 (92).

1414 2571 1616 2627 CCXL.

967 2661 1199 2716 Joannes
1245 2663 1567 2729 Philoponus
1601 2669 1652 2720 in
1694 2668 2073 2725 Hexaemeron.

790 2750 984 2820 322b
1045 2752 1168 2820 Legi
1212 2752 1471 2809 Joannem
1507 2756 1862 2828 Philoponum
1897 2761 1961 2815 In
2009 2767 2297 2819 Hexaeme-

720 2856 838 2894 ron.
885 2843 1110 2899 Dedicat
1154 2846 1349 2901 librum
1415 2848 1605 2920 Sergio
1666 2852 2295 2925 Constantinopolitano,

720 2932 879 2996 cuius
904 2949 1065 2989 suasu
1096 2952 1154 2991 se
1184 2938 1423 2993 laborem
1479 2944 1790 3012 suscepisse
1822 2946 2098 3011 praefatur,
2132 2964 2299 3017 seque

720 3038 785 3076 eo
840 3027 1179 3095 respexisse,
1216 3038 1275 3082 ut
1325 3033 1635 3087 ostenderet
1691 3035 1876 3089 mundi
1931 3046 2111 3091 ortum
2156 3040 2295 3108 apud

720 3112 924 3169 Mosem
956 3117 1119 3171 rebus
1154 3122 1540 3188 apparentibus
1576 3126 1923 3194 respondere.

804 3337 826 3364 ι’
861 3326 951 3383 Sic
996 3339 1050 3384 et
1079 3328 1221 3385 Plut.
1259 3335 1310 3388 in
1354 3334 1570 3391 Theseo.

2406 1942 2552 2011 ἡϐῶν
2578 1943 2712 2010 ἔχει,
2749 1942 2842 1993 καὶ
2885 1941 2952 1994 τὰ
2982 1943 3266 2013 γεωργικά
3305 1943 3363 1996 δὲ
3422 1944 3604 2013 χώρας
3654 1946 3749 1997 καὶ
3807 1945 3991 2011 φυτῶν

2406 2036 2632 2105 καιροὺς
2684 2035 2777 2087 καὶ
2830 2034 3165 2101 ἐπιμελείας.
3224 2036 3334 2087 Καὶ
3376 2039 3445 2088 τὰ
3489 2036 3857 2087 ὲπισταλτικὰ
3916 2038 3991 2099 δὲ,

2403 2129 2503 2180 ὅσα
2570 2127 2689 2180 κατ’
2738 2126 2958 2187 ἐντολὰς
3020 2126 3159 2196 πρός
3216 2143 3369 2189 τινας
3422 2128 3704 2192 ποιοῦντες
3766 2128 3993 2197 διέπεμ-

2402 2234 2502 2269 πον
2525 2218 2596 2271 ⁷¹.

2467 2309 2531 2362 Οί
2582 2309 2681 2378 μὲν
2712 2310 2756 2340 ⁷³
2786 2309 2880 2363 δύο
2929 2311 3079 2379 λόγοι
3106 2311 3209 2379 τῆς
3263 2310 3508 2380 Πρόκλου
3567 2308 3995 2377 Γραμματικιὴ

2398 2404 2840 2471 χρηστομαθίας
2876 2405 2931 2456 ἐν
2976 2402 3185 2465 τούτοις
3207 2402 3274 2455 ⁷⁵.

3111 2581 3221 2635 ΣΜ¹
3234 2623 3246 2634 .

2454 2677 2726 2729 Ἰωαννου
2778 2674 2883 2729 τοῦ
2922 2676 3260 2729 Φιλοπόνου
3308 2676 3393 2739 εις
3427 2673 3540 2740 τὴν
3567 2671 3963 2739 Ἐξαήμερον.

2487 2763 2829 2831 ’Λνεγνὼσθη
2861 2766 2925 2817 ἐκ
2962 2765 3075 2817 τῶν
3121 2763 3373 2817 Ἰωάννου
3423 2762 3516 2815 τοῦ
3568 2762 3869 2813 Φιλοπόνου
3915 2760 3999 2823 εὶς

2410 2854 2523 2922 τὴν
2569 2853 2961 2922 Ἐξαήμερον.
3000 2856 3124 2907 Ὅτι
3176 2854 3237 2906 τὸ
3278 2854 3617 2922 σύγγραμμα
3673 2852 3892 2921 Σεργίῳ
3924 2849 4001 2917 τῷ

2406 2943 3031 3005 Κωνσταντινουπόλεως
3066 2944 3402 3012 προσφωνεῖ,
3460 2940 3674 2993 ἐκείνου
3709 2940 3998 3008 προτροπῇ

2404 3037 2595 3088 τοῦτον
2646 3035 2901 3088 ὑπελθεῖν
2945 3035 3036 3087 τὸν
3089 3036 3250 3087 πόνον
3303 3034 3828 3105 προοιμιαζόμενος.
3899 3032 4000 3084 Τὸν

2409 3128 2466 3179 δὲ
2508 3126 2706 3179 σκοπὸν
2765 3124 2902 3179 εἶναι
2949 3144 3083 3195 φησι
3136 3126 3430 3193 σύμφωνον
3485 3126 3657 3189 δεῖξαι
3721 3126 3839 3187 τοῖς
3872 3141 3999 3190 φαι-

2404 3226 2648 3295 νομένοις
2695 3226 2794 3293 τὴν
2832 3224 2926 3277 τοῦ
2972 3224 3261 3277 θεσπεσίου
3309 3223 3550 3286 Μωσέως
3582 3221 3998 3291 κοσμογέντιαν.

2043 3456 2275 3513 VARle
2318 3456 2611 3509 LECTION
2624 3456 2723 3510 ES.

825 3546 1140 3621 ss‘xemdgoc
1165 3549 1231 3613 Α,
1267 3550 1539 3621 κειριάδος
1571 3552 1631 3603 h:
1672 3552 1989 3621 Σκειριὰδος
2022 3570 2079 3616 ς-

2182 3552 2229 3583 ⁷⁰
2264 3550 2534 3631 ἐμπορίας
2563 3568 2624 3615 ς.

2718 3557 2759 3587 τι
2807 3550 3245 3619 διαπεμπόμενοι
3300 3549 3343 3600 Α
3390 3565 3407 3619 :7
3454 3548 3883 3619 διαπεμπόμενα
3945 3565 4001 3611 ς.

728 3617 773 3647 ⁷³
810 3616 1118 3687 ἐξέπεμπον
1152 3636 1212 3677 ς.
1286 3618 1333 3649 ⁷³
1366 3616 1463 3688 μὲν
1511 3624 1551 3673 Α
1581 3640 1592 3675 ;
1626 3621 1680 3673 δὲ
1715 3640 1773 3685 ς.
1810 3616 1819 3621 ’
1852 3622 1895 3651 ⁷⁸
1925 3633 2046 3691 post
2096 3616 2307 3683 τούτο-,ξ
2341 3623 2391 3672 in
2415 3616 2424 3619 ⁷
2446 3622 2490 3673 Λ
2527 3620 2683 3674 vacui
2713 3635 2903 3675 versus
2933 3616 3165 3689 quatuor
3196 3628 3252 3672 et
3294 3618 3485 3688 pagina
3521 3616 3645 3673 una.

2252 3715 2485 3770 NOTAS.

760 3807 912 3888 “(92)
944 3808 1369 3877 Χρηστομαθίας
1401 3810 2026 3888 i_x10y_a_zgleqt_a,_verﬁti.
2072 3809 2223 3888 _Nam
2256 3820 2307 3865 et
2336 3814 2377 3868 C
2414 3811 2683 3888 suspicor,
2722 3824 2787 3861 ex
2816 3808 3143 3888 compendio
3172 3807 3267 3859 δεκ
3297 3808 3533 3888 quod__in
3566 3807 3659 3887 §su
3721 3808 4001 3888 migravit.

732 3875 1503 3947 illectorumcommentarios
1539 3875 1642 3935 l60
1678 3880 1896 3947 reliquit
1943 3879 2155 3935 Plinius
2193 3896 2310 3932 ma-

725 3945 815 4019 jor
850 3945 1023 4019 Plinio
1052 3949 1257 4019 sororis
1288 3949 1417 4014 lilio,
1458 3959 1513 4004 ut
1548 3951 1663 4019 ipse
1694 3951 1767 4004 ait
1796 3945 1934 4005 libro
1978 3966 2059 4015 Ill,
2087 3950 2311 4018 epistola

730 4017 1167 4089 5,etlaudabilia
1198 4020 1378 4086 potius
1416 4017 1647 4085 reddidi,
1681 4036 1842 4089 quam
1884 4022 2169 4087 epitomen,
2227 4024 2309 4076 vel

728 4088 912 4139 utilem
937 4088 1371 4161 doctrinamane
1402 4105 1592 4153 erres;
1635 4090 1847 4161 χρηστὰ
1898 4090 2040 4144 enim
2080 4102 2133 4143 et
2176 4094 2313 4160 χρή-

730 4173 866 4225 σιμα
926 4168 1084 4209 erant
1117 4159 1167 4210 in
1199 4160 1560 4229 scriptoribus
1594 4159 1710 4214 loca
1756 4175 1859 4213 non
1907 4162 2205 4229 oscitanter
2233 4159 2309 4213 le-

730 4229 925 4292 gentia,
960 4230 1103 4293 quod
1140 4227 1287 4279 utilia
1322 4240 1502 4281 essent
1536 4245 1548 4281 :
1586 4246 1702 4298 qnze
1740 4240 1794 4284 et
1831 4229 1875 4281 Χ
1918 4232 2086 4290 ligura
2116 4227 2309 4283 decus-

729 4298 890 4349 satim
951 4300 1153 4365 scripta
1218 4299 1563 4351 notabantur.
1602 4300 1776 4353 Latini
1838 4298 2158 4352 Laudabilia
2214 4316 2309 4351 vo-

728 4367 951 4435 cabant,
993 4378 1048 4419 et
1084 4368 1336 4435 hissiglis
1371 4367 1479 4421 LL.
1508 4369 1609 4423 hoc
1663 4380 1745 4423 est
1785 4369 1937 4422 locus
1992 4370 2307 4432 laudabilis,

730 4446 788 4489 ut
820 4434 937 4507 Val.
974 4436 1185 4490 Probus
1209 4434 1301 4507 ait.
1342 4438 1719 4505 designabant.
1752 4439 1951 4492 Contra
2013 4455 2134 4507 quae
2187 4442 2307 4492 cul-

728 4505 929 4571 panda,
987 4506 1366 4559 damnandave
1412 4508 1755 4570 videbantur,
1804 4508 1977 4562 Cra-ci
2032 4505 2184 4562 ferali
2218 4512 2309 4561 lit-

727 4584 842 4626 tera
876 4574 937 4634 Θ,
970 4587 1021 4629 et
1056 4579 1272 4641 utrique
1304 4576 1460 4629 obelo
1496 4577 1792 4639 fodiebant,
1854 4580 1995 4641 quod
2042 4580 2309 4641 sesxtgsw

726 4656 866 4706 erat,
922 4654 980 4698 ut
1047 4649 1256 4700 monuit
1322 4647 1405 4698 vir
1442 4648 1797 4703 doctissimus
1854 4647 2003 4703 Petr.
2062 4648 2309 4705 Pithoeus

727 4715 824 4767 lib.
864 4731 921 4775 ll,
961 4716 1243 4769 Adversar.
1278 4716 1691 4780 subcesivorum,
1721 4734 1771 4772 c.
1798 4721 1924 4783 5,et
1963 4722 2013 4772 in
2059 4718 2127 4773 M.
2175 4720 2311 4773 Var-

727 4799 915 4854 ronem
950 4785 1025 4838 De
1051 4804 1103 4839 re
1124 4787 1363 4849 rustica;
1398 4785 1510 4842 Pet.
1547 4788 1843 4851 Victorius,
1874 4804 1930 4841 se
1954 4788 2012 4841 L.
2051 4792 2307 4854 litteram,

727 4853 909 4928 velte
943 4857 1259 4928 laudabilia,
1312 4859 1365 4909 in
1408 4860 1680 4914 veteribus
1720 4860 1875 4912 libris
1932 4875 2171 4928 persmpc
2232 4853 2312 4913 re;

729 4927 957 4993 perisse,
986 4943 1105 4991 quae
1134 4938 1187 4981 et
1212 4927 1432 4992 .loseph.
1457 4930 1701 4999 Scaliger
1736 4927 1945 4997 argute,
1974 4932 2305 4996 explanavit.

804 5000 1105 5069 Διαιρεῖται
1137 5000 1216 5059 είς
1253 4998 1341 5064 δ’.)
1374 4999 1467 5059 Εἰς
1501 4998 1623 5051 δύω
1646 5003 1929 5069 legendum
1960 5016 2103 5065 reor,
2126 5003 2311 5069 itaque

730 5067 1025 5131 scripsisse
1053 5068 1306 5121 Photinm
1341 5070 1615 5123 arbitror:
1664 5067 1788 5123 nam
1831 5087 1894 5122 ex
1931 5070 2145 5125 duobus
2200 5067 2311 5125 tan-

2415 3878 2740 3949 Munychion
2771 3879 2916 3931 enim
2960 3880 3185 3949 mensis,
3209 3893 3382 3949 quem,
3431 3878 3624 3931 Martio
3665 3878 4007 3949 respondi-re

2416 3946 2627 4017 putant,
2669 3950 2917 4002 decimus
2959 3962 2987 3999 a
3013 3946 3200 4008 Junio,
3244 3949 3337 4016 qui
3372 3947 3603 4016 'pritnns
3642 3955 3764 4001 erat
3804 3947 4008 3999 Attico-

2415 4035 2531 4071 rum
2570 4021 2863 4080 mcnsinm,
2896 4019 2950 4071 in
2982 4032 3143 4081 quem
3202 4020 3496 4071 solstitium
3534 4020 3789 4070 aestivum
3842 4018 4007 4069 eade-

2419 4096 2519 4151 ret,
2554 4096 2613 4140 nt
2653 4086 2975 4141 Theodorus
3006 4088 3150 4140 Gaza
3199 4088 3533 4141 observavit.
3574 4086 3680 4141 Sed
3734 4088 4005 4153 quoniam

2416 4159 2467 4211 in
2505 4158 2757 4210 manibus
2792 4157 3132 4211 Suidwliber
3156 4166 3261 4219 est,
3306 4172 3413 4209 non
3464 4158 3667 4225 pigebit
3720 4158 3788 4208 de
3820 4154 4002 4211 Procli

2415 4229 2641 4291 scriptis
2668 4230 2875 4297 reliqua
2920 4228 3254 4297 describere,
3296 4228 3392 4280 sed
3461 4226 3695 4279 Latine:
3777 4226 4004 4297 Proclns

2416 4298 2609 4365 Lycius
2654 4295 2872 4366 Syriani
2912 4296 3226 4361 discipulus,
3259 4296 3474 4347 auditor
3512 4298 3637 4349 item
3679 4305 3729 4347 et
3776 4295 4007 4349 Plutar-

2413 4370 2516 4428 chi,
2564 4366 2801 4419 Nestorii
2841 4369 2983 4431 ﬁlius
3024 4367 3340 4431 philosophi,
3382 4366 3729 4433 philosophus
3784 4375 3834 4417 ct
3902 4371 4008 4427 ipse

2419 4438 2755 4490 Platonicus.
2797 4438 2893 4491 llic
2940 4436 3133 4487 schola:
3171 4435 3391 4488 Athenis
3418 4440 3675 4504 proluit:
3720 4436 3897 4501 ipsius
3928 4436 4008 4486 di-

2414 4508 2649 4573 scipnlus
2692 4518 2740 4560 et
2794 4521 3065 4561 successor
3126 4504 3228 4571 fuit
3280 4504 3523 4558 Marinus
3588 4506 4004 4572 Neapolitanus.

2416 4578 2639 4643 Scripsit
2662 4580 2896 4641 plurima
2952 4586 3060 4626 tam
3102 4576 3486 4641 philosophica,
3529 4593 3689 4645 quam
3736 4593 4008 4642 gramma-

2416 4650 2542 4699 tica.
2568 4646 3016 4701 Commentariun:
3051 4648 3102 4697 in
3133 4648 3392 4714 integrum
3427 4649 3744 4703 Homerum,
3784 4648 3841 4696 in
3870 4646 4006 4711 Ope-

2416 4734 2471 4769 ra
2534 4719 2659 4770 item
2704 4731 2755 4771 et
2809 4717 2925 4768 dios
2980 4714 3239 4777 Hesiodi;
3308 4714 3694 4769 Lantlabilinni
3757 4718 4003 4769 locorum

2416 4790 2579 4839 libros
2604 4794 2671 4855 γ’.
2706 4790 2775 4840 lle
2805 4786 3125 4839 educatione
3167 4787 3257 4839 lib.
3296 4786 3425 4839 duos
3485 4789 3545 4839 in
3592 4786 3881 4839 Platonem
3940 4785 4007 4836 lle

2416 4861 2602 4925 repub.
2642 4860 2802 4909 libros
2839 4872 2929 4917 tv;
2966 4858 3019 4907 in
3054 4856 3249 4921 Orphei
3281 4857 3659 4927 Theologiam,
3702 4868 3750 4909 et
3777 4856 3854 4911 De
3886 4871 4006 4907 cnn-

2414 4945 2578 4983 sensu
2616 4927 2839 4996 Orphei,
2872 4927 3189 4996 Pythagora:
3220 4936 3274 4980 et
3311 4926 3575 4981 Platonis.
3636 4926 3709 4979 De
3758 4926 4005 4979 oraculis

2415 5002 2683 5064 librosx;
2747 4998 2819 5052 De
2880 4998 2987 5049 diis
3043 4998 3184 5064 apud
3237 4998 3550 5063 Homerum,
3608 4997 3849 5063 aliaque.
3888 4996 4005 5048 liget:

2417 5070 2615 5122 Snidas
2678 5078 2899 5123 exstant
2962 5076 3015 5119 et
3077 5084 3127 5118 ιιι
3191 5068 3503 5131 Euclidem,
3546 5078 3601 5121 et
3648 5066 4003 5120 Ptolemaeum

730 5136 1013 5211 tisﬂProcli
1047 5139 1333 5211 libris‘hoc
1367 5138 1731 5206 fragmentum
1759 5141 2144 5211 concinnatum
2188 5154 2265 5195 est
2294 5163 2304 5195 ε
2346 5159 2387 5211 ι)
2418 5141 2723 5211 Comment.
2762 5149 2819 5192 ut
2851 5139 3298 5211 mathematicum
3353 5155 3628 5211 summum
3690 5151 3999 5211 agnoscas:

728 5218 782 5260 et
802 5206 1013 5281 Suidas
1047 5218 1159 5261 tres
1198 5208 1462 5261 duntaxat
1498 5211 1663 5263 libros
1689 5210 2094 5280 χρηστομαθίας
2150 5227 2312 5281 agno-

732 5279 839 5331 scit
873 5286 964 5330 :et
997 5294 1126 5331 vero
1164 5281 1213 5349 in
1266 5294 1623 5334 numerorum
1674 5279 1817 5333 notis
1876 5282 2106 5349 singulis
2134 5279 2311 5335 facilis

730 5348 951 5400 errandi
985 5364 1116 5401 ansa
1150 5348 1387 5400 librariis
1408 5350 1571 5416 objici
1601 5353 1760 5414 solet,
1791 5361 1850 5403 ut
1886 5350 1918 5400 6
1974 5348 2028 5403 in
2069 5351 2097 5402 δ
2161 5366 2312 5404 com-

732 5419 975 5480 inutarit,
1002 5418 1084 5471 vel
1116 5419 1346 5487 primam
1386 5418 1438 5471 in
1457 5420 1566 5471 δύω
1597 5423 1832 5474 litteram
1856 5422 2100 5475 oscitans
2134 5424 2313 5475 scriba

736 5488 1025 5561 reliquisse
1053 5497 1363 5561 contentus,
1393 5494 1723 5561 properavit.
1771 5490 2040 5546 Sescenta
2069 5493 2115 5545 id
2142 5508 2314 5561 genus

735 5558 1029 5629 σφάλματα
1082 5559 1133 5609 in
1164 5558 1521 5629 ipsoSuidai,
1551 5572 1603 5615 et
1645 5561 1886 5624 Laertio,
1956 5571 2013 5615 ut
2076 5558 2315 5629 reliquos

733 5637 944 5700 taceam
994 5627 1403 5700 deprehendas.
1456 5628 1570 5684 Non
1630 5632 1819 5700 procul
1871 5632 2077 5686 abiero.
2133 5627 2207 5684 lo‘
2252 5648 2315 5686 eo

736 5698 854 5773 ipso
912 5696 1079 5751 Suida
1136 5698 1459 5773 Μουνυχιὼν
1513 5696 1763 5773 δεύτερος
1810 5702 1915 5773 μὴν
1964 5704 2091 5773 παρ’
2154 5702 2314 5771 Ἀθη-

738 5768 925 5833 ναξοις,
955 5768 1321 5837 reponendum
1353 5771 1499 5826 enim
1530 5768 1773 5837 δέκατος.
1810 5768 2002 5827 Natum
2048 5768 2317 5829 tuendum

2421 5212 2473 5263 in
2507 5209 2861 5277 Peripatetica
2894 5224 3022 5261 vero
3052 5208 3362 5277 disciplina,
3416 5210 3629 5261 libellus
3674 5208 3767 5277 Vde
3833 5214 4002 5263 motu,

2420 5296 2529 5347 quo
2562 5276 2908 5333 Aristotelem
2933 5294 2959 5329 a
3005 5278 3145 5330 libro
3174 5294 3253 5333 Ill.
3286 5276 3498 5346 Physic.
3549 5288 3601 5329 ct
3654 5276 3921 5343 deinceps
3955 5278 4003 5327 in

2421 5351 2819 5417 (lotnpentlinni
2891 5349 3119 5415 redegit.
3180 5347 3473 5417 Platonica:
3532 5362 3660 5399 vero
3699 5348 4003 5407 'tioctrin;i-,

2426 5420 2667 5474 Platonis
2694 5420 2985 5487 theologica
3008 5421 3282 5482 elementa,
3312 5426 3359 5469 et
3379 5416 3609 5485 Physica
3638 5433 3813 5485 nupcr
3841 5417 4002 5473 edita.

2426 5494 2483 5544 In
2508 5491 2708 5544 Italicis
2740 5507 2865 5543 vero
2897 5490 3265 5547 bibliothecis,
3297 5496 3351 5540 et
3378 5490 3610 5556 August.
3639 5489 3694 5541 in
3726 5487 4002 5546 Timavum,

2427 5564 2477 5613 in
2508 5561 2750 5614 Primum
2782 5560 3112 5613 Alcibiadem
3142 5560 3192 5611 in
3224 5558 3524 5628 Cratylum,
3556 5560 3608 5628 in
3637 5558 4006 5611 Parmenidem

2426 5632 2671 5699 dialogos
2718 5630 3103 5684 commentarii
3144 5629 3322 5699 adhuc
3364 5626 3555 5699 latent.
3585 5626 3782 5683 Plures
3808 5636 3862 5680 et
3911 5645 4003 5680 nn-

2430 5696 2770 5764 str:e,'ctcl.
2830 5702 2926 5753 viri
2980 5700 3092 5753 l’ct.
3146 5696 3412 5753 Joannem
3463 5698 3732 5753 Nunnesii
3788 5700 3842 5750 in
3877 5699 4004 5752 hanc

2433 5772 2609 5826 l'l‘OCll
2638 5772 3116 5826 Chrestontalhiam
3148 5778 3289 5824 nota:
3310 5772 3539 5823 acorsitn
3568 5770 3889 5837 prodibnut.
