  <div class='ocr_page' id='page_1' title='image "/cluster/home/n/w/nwhite01/storage/ocr_20150623/103/nnc1.0046979689/620.png"; bbox 0 0 4208 6442; ppageno 0'>
   <div class='ocr_carea' id='block_1_1' title="bbox 224 416 370 483">
    <p class='ocr_par' dir='ltr' id='par_1_1' title="bbox 224 416 370 483">
     <span class='ocr_line' id='line_1_1' title="bbox 224 416 370 483; baseline 0.027 -3"><span class='ocrx_word' id='word_1_1' title='bbox 224 416 370 483; x_wconf 74' lang='grc'><strong>1209</strong></span> 
     </span>
    </p>
   </div>
   <div class='ocr_carea' id='block_1_2' title="bbox 1309 419 2383 484">
    <p class='ocr_par' dir='ltr' id='par_1_2' title="bbox 1309 419 2383 484">
     <span class='ocr_line' id='line_1_2' title="bbox 1309 419 2383 484; baseline 0.003 -5"><span class='ocrx_word' id='word_1_2' title='bbox 1309 419 1831 480; x_wconf 76' lang='lat' dir='ltr'><strong>BIBLIOTIIECA.</strong></span> <span class='ocrx_word' id='word_1_3' title='bbox 1864 445 1933 457; x_wconf 89' lang='lat'><strong><em>—</em></strong></span> <span class='ocrx_word' id='word_1_4' title='bbox 1955 420 2118 481; x_wconf 88' lang='lat' dir='ltr'><strong>COD.</strong></span> <span class='ocrx_word' id='word_1_5' title='bbox 2176 420 2383 484; x_wconf 83' lang='lat' dir='ltr'><strong>CCXL.</strong></span> 
     </span>
    </p>
   </div>
   <div class='ocr_carea' id='block_1_3' title="bbox 3330 415 3469 482">
    <p class='ocr_par' dir='ltr' id='par_1_3' title="bbox 3330 415 3469 482">
     <span class='ocr_line' id='line_1_3' title="bbox 3330 415 3469 482; baseline -0.007 0"><span class='ocrx_word' id='word_1_6' title='bbox 3330 415 3469 482; x_wconf 75' lang='lat'><strong>1210</strong></span> 
     </span>
    </p>
   </div>
   <div class='ocr_carea' id='block_1_4' title="bbox 296 519 1808 599">
    <p class='ocr_par' dir='ltr' id='par_1_4' title="bbox 296 519 1787 596">
     <span class='ocr_line' id='line_1_4' title="bbox 296 519 1787 596; baseline 0.001 -17"><span class='ocrx_word' id='word_1_7' title='bbox 296 528 423 579; x_wconf 81' lang='grc' dir='ltr'><strong>Ὀτι</strong></span> <span class='ocrx_word' id='word_1_8' title='bbox 454 526 652 589; x_wconf 80' lang='grc' dir='ltr'>σκοπὸς</span> <span class='ocrx_word' id='word_1_9' title='bbox 680 519 746 595; x_wconf 82' lang='grc' dir='ltr'>ἦν</span> <span class='ocrx_word' id='word_1_10' title='bbox 770 525 847 594; x_wconf 80' lang='grc' dir='ltr'>τῷ</span> <span class='ocrx_word' id='word_1_11' title='bbox 879 524 1069 579; x_wconf 79' lang='grc' dir='ltr'>Μωσεῖ</span> <span class='ocrx_word' id='word_1_12' title='bbox 1090 523 1213 578; x_wconf 79' lang='grc' dir='ltr'>οὔτε</span> <span class='ocrx_word' id='word_1_13' title='bbox 1242 529 1636 596; x_wconf 85' lang='grc' dir='ltr'>φυσιολογῆσαι</span> <span class='ocrx_word' id='word_1_14' title='bbox 1665 528 1787 580; x_wconf 79' lang='grc' dir='ltr'>οὔτε</span> 
     </span>
    </p>
   </div>
   <div class='ocr_carea' id='block_1_5' title="bbox 1909 519 3461 599">
    <p class='ocr_par' dir='ltr' id='par_1_5' title="bbox 1964 528 3461 599">
     <span class='ocr_line' id='line_1_5' title="bbox 1964 528 3461 599; baseline 0 -19"><span class='ocrx_word' id='word_1_15' title='bbox 1964 528 2140 581; x_wconf 81' lang='lat' dir='ltr'><strong>Muses</strong></span> <span class='ocrx_word' id='word_1_16' title='bbox 2158 544 2256 582; x_wconf 92' lang='lat' dir='ltr'><strong>nec</strong></span> <span class='ocrx_word' id='word_1_17' title='bbox 2276 528 2557 599; x_wconf 81' lang='lat' dir='ltr'><strong>physicum</strong></span> <span class='ocrx_word' id='word_1_18' title='bbox 2577 540 2677 582; x_wconf 84' lang='lat' dir='ltr'><strong>nec</strong></span> <span class='ocrx_word' id='word_1_19' title='bbox 2700 534 3071 582; x_wconf 87' lang='lat' dir='ltr'><strong>astronomum</strong></span> <span class='ocrx_word' id='word_1_20' title='bbox 3094 539 3254 595; x_wconf 75' lang='lat' dir='ltr'><strong>agere</strong></span> <span class='ocrx_word' id='word_1_21' title='bbox 3273 528 3461 593; x_wconf 81' lang='lat' dir='ltr'><strong>voluit,</strong></span> 
     </span>
    </p>
   </div>
   <div class='ocr_carea' id='block_1_6' title="bbox 220 615 1793 687">
    <p class='ocr_par' dir='ltr' id='par_1_6' title="bbox 220 615 1793 687">
     <span class='ocr_line' id='line_1_6' title="bbox 220 615 1793 687; baseline 0.001 -18"><span class='ocrx_word' id='word_1_22' title='bbox 220 617 657 686; x_wconf 76' lang='grc' dir='ltr'>άστρονομῆσαι,</span> <span class='ocrx_word' id='word_1_23' title='bbox 712 615 830 667; x_wconf 83' lang='grc' dir='ltr'>ἀλλ’</span> <span class='ocrx_word' id='word_1_24' title='bbox 880 617 959 678; x_wconf 87' lang='grc' dir='ltr'><strong>είς</strong></span> <span class='ocrx_word' id='word_1_25' title='bbox 1020 615 1347 684; x_wconf 82' lang='grc' dir='ltr'>θεογνωσίαν</span> <span class='ocrx_word' id='word_1_26' title='bbox 1403 620 1497 671; x_wconf 78' lang='grc' dir='ltr'>καὶ</span> <span class='ocrx_word' id='word_1_27' title='bbox 1546 619 1636 670; x_wconf 83' lang='grc' dir='ltr'><strong>διὰ</strong></span> <span class='ocrx_word' id='word_1_28' title='bbox 1694 617 1793 687; x_wconf 82' lang='grc' dir='ltr'>τῆς</span> 
     </span>
    </p>
   </div>
   <div class='ocr_carea' id='block_1_7' title="bbox 218 704 1797 780">
    <p class='ocr_par' dir='ltr' id='par_1_7' title="bbox 218 704 1797 780">
     <span class='ocr_line' id='line_1_7' title="bbox 218 704 1797 780; baseline 0.003 -22"><span class='ocrx_word' id='word_1_29' title='bbox 218 707 585 776; x_wconf 80' lang='grc' dir='ltr'>κοσμογονίας</span> <span class='ocrx_word' id='word_1_30' title='bbox 634 704 956 773; x_wconf 82' lang='grc' dir='ltr'><strong>ἀνθρώπους</strong></span> <span class='ocrx_word' id='word_1_31' title='bbox 1006 706 1254 775; x_wconf 75' lang='grc' dir='ltr'>ἀγαγεῖν,</span> <span class='ocrx_word' id='word_1_32' title='bbox 1309 710 1403 761; x_wconf 80' lang='grc' dir='ltr'><strong>καὶ</strong></span> <span class='ocrx_word' id='word_1_33' title='bbox 1450 710 1797 780; x_wconf 83' lang='grc' dir='ltr'>παραστῆσαι</span> 
     </span>
    </p>
   </div>
   <div class='ocr_carea' id='block_1_8' title="bbox 216 795 1796 872">
    <p class='ocr_par' dir='ltr' id='par_1_8' title="bbox 216 795 1796 872">
     <span class='ocr_line' id='line_1_8' title="bbox 216 795 1796 872; baseline 0 -21"><span class='ocrx_word' id='word_1_34' title='bbox 216 799 305 851; x_wconf 81' lang='grc' dir='ltr'>ὅτι</span> <span class='ocrx_word' id='word_1_35' title='bbox 346 798 412 867; x_wconf 77' lang='grc' dir='ltr'><strong>δὴ</strong></span> <span class='ocrx_word' id='word_1_36' title='bbox 440 797 501 850; x_wconf 82' lang='grc' dir='ltr'>τὸ</span> <span class='ocrx_word' id='word_1_37' title='bbox 528 797 668 867; x_wconf 78' lang='grc' dir='ltr'>μέγα</span> <span class='ocrx_word' id='word_1_38' title='bbox 698 795 855 849; x_wconf 81' lang='grc' dir='ltr'>τοῦτο</span> <span class='ocrx_word' id='word_1_39' title='bbox 892 796 986 849; x_wconf 79' lang='grc' dir='ltr'>καὶ</span> <span class='ocrx_word' id='word_1_40' title='bbox 1031 796 1283 868; x_wconf 87' lang='grc' dir='ltr'>λαμπρόν</span> <span class='ocrx_word' id='word_1_41' title='bbox 1312 798 1406 853; x_wconf 79' lang='grc' dir='ltr'>τοῦ</span> <span class='ocrx_word' id='word_1_42' title='bbox 1462 802 1669 872; x_wconf 80' lang='grc' dir='ltr'><strong>κόσμου</strong></span> <span class='ocrx_word' id='word_1_43' title='bbox 1701 800 1796 871; x_wconf 83' lang='grc' dir='ltr'><strong>δη-</strong></span> 
     </span>
    </p>
   </div>
   <div class='ocr_carea' id='block_1_9' title="bbox 223 890 1799 962">
    <p class='ocr_par' dir='ltr' id='par_1_9' title="bbox 223 890 1799 962">
     <span class='ocr_line' id='line_1_9' title="bbox 223 890 1799 962; baseline 0.001 -19"><span class='ocrx_word' id='word_1_44' title='bbox 223 890 546 961; x_wconf 80' lang='grc' dir='ltr'>μιούργημιι</span> <span class='ocrx_word' id='word_1_45' title='bbox 586 891 699 959; x_wconf 68' lang='grc' dir='ltr'>ἔχει</span> <span class='ocrx_word' id='word_1_46' title='bbox 746 890 838 945; x_wconf 84' lang='grc' dir='ltr'>τὸν</span> <span class='ocrx_word' id='word_1_47' title='bbox 886 890 1021 943; x_wconf 80' lang='grc' dir='ltr'>Θεὸν</span> <span class='ocrx_word' id='word_1_48' title='bbox 1055 894 1308 962; x_wconf 81' lang='grc' dir='ltr'>ποιητὴν,</span> <span class='ocrx_word' id='word_1_49' title='bbox 1354 894 1449 945; x_wconf 76' lang='grc' dir='ltr'>καὶ</span> <span class='ocrx_word' id='word_1_50' title='bbox 1480 892 1603 945; x_wconf 78' lang='grc' dir='ltr'>οὔτε</span> <span class='ocrx_word' id='word_1_51' title='bbox 1646 892 1799 945; x_wconf 82' lang='grc' dir='ltr'>αὐτό-</span> 
     </span>
    </p>
   </div>
   <div class='ocr_carea' id='block_1_10' title="bbox 225 981 1800 1054">
    <p class='ocr_par' dir='ltr' id='par_1_10' title="bbox 225 981 1800 1054">
     <span class='ocr_line' id='line_1_10' title="bbox 225 981 1800 1054; baseline 0.001 -19"><span class='ocrx_word' id='word_1_52' title='bbox 225 1000 403 1049; x_wconf 84' lang='grc' dir='ltr'>ματον</span> <span class='ocrx_word' id='word_1_53' title='bbox 435 984 556 1052; x_wconf 72' lang='grc' dir='ltr'>ἔσχε</span> <span class='ocrx_word' id='word_1_54' title='bbox 584 983 683 1053; x_wconf 81' lang='grc' dir='ltr'><strong>τήν</strong></span> <span class='ocrx_word' id='word_1_55' title='bbox 724 983 958 1054; x_wconf 80' lang='grc' dir='ltr'>ὕπαρξιν</span> <span class='ocrx_word' id='word_1_56' title='bbox 991 981 1117 1037; x_wconf 72' lang='grc' dir='ltr'>οὔτε</span> <span class='ocrx_word' id='word_1_57' title='bbox 1146 984 1409 1053; x_wconf 79' lang='grc' dir='ltr'>ἀγένητον</span> <span class='ocrx_word' id='word_1_58' title='bbox 1435 984 1532 1054; x_wconf 81' lang='grc' dir='ltr'>τὴν</span> <span class='ocrx_word' id='word_1_59' title='bbox 1565 983 1800 1037; x_wconf 84' lang='grc' dir='ltr'>ὑπόστα-</span> 
     </span>
    </p>
   </div>
   <div class='ocr_carea' id='block_1_11' title="bbox 222 1074 1798 1147">
    <p class='ocr_par' dir='ltr' id='par_1_11' title="bbox 222 1074 1798 1147">
     <span class='ocr_line' id='line_1_11' title="bbox 222 1074 1798 1147; baseline 0.003 -21"><span class='ocrx_word' id='word_1_60' title='bbox 222 1091 313 1126; x_wconf 91' lang='grc' dir='ltr'><strong>σιν</strong></span> <span class='ocrx_word' id='word_1_61' title='bbox 340 1076 433 1127; x_wconf 82' lang='grc' dir='ltr'>καὶ</span> <span class='ocrx_word' id='word_1_62' title='bbox 452 1074 529 1144; x_wconf 85' lang='grc' dir='ltr'>τῷ</span> <span class='ocrx_word' id='word_1_63' title='bbox 561 1074 679 1143; x_wconf 86' lang='grc' dir='ltr'><strong>Θεῷ</strong></span> <span class='ocrx_word' id='word_1_64' title='bbox 715 1076 1003 1129; x_wconf 82' lang='grc' dir='ltr'>συναῖδιον.</span> <span class='ocrx_word' id='word_1_65' title='bbox 1036 1076 1147 1129; x_wconf 76' lang='grc' dir='ltr'><strong>Καὶ</strong></span> <span class='ocrx_word' id='word_1_66' title='bbox 1173 1076 1435 1129; x_wconf 84' lang='grc' dir='ltr'>Πλάτωνα</span> <span class='ocrx_word' id='word_1_67' title='bbox 1470 1076 1527 1129; x_wconf 73' lang='grc' dir='ltr'><strong>δὲ</strong></span> <span class='ocrx_word' id='word_1_68' title='bbox 1552 1076 1645 1131; x_wconf 83' lang='grc' dir='ltr'>τδν</span> <span class='ocrx_word' id='word_1_69' title='bbox 1668 1076 1798 1147; x_wconf 84' lang='grc' dir='ltr'>παρ’</span> 
     </span>
    </p>
   </div>
   <div class='ocr_carea' id='block_1_12' title="bbox 224 1164 1801 1235">
    <p class='ocr_par' dir='ltr' id='par_1_12' title="bbox 224 1164 1801 1235">
     <span class='ocr_line' id='line_1_12' title="bbox 224 1164 1801 1235; baseline 0.002 -19"><span class='ocrx_word' id='word_1_70' title='bbox 224 1164 456 1234; x_wconf 78' lang='grc' dir='ltr'>Ἕλλησι</span> <span class='ocrx_word' id='word_1_71' title='bbox 504 1165 825 1234; x_wconf 73' lang='grc' dir='ltr'><strong>νομισθέντα</strong></span> <span class='ocrx_word' id='word_1_72' title='bbox 891 1165 1202 1235; x_wconf 78' lang='grc' dir='ltr'>σοφώτατον</span> <span class='ocrx_word' id='word_1_73' title='bbox 1228 1206 1244 1231; x_wconf 94' lang='grc'><strong>,</strong></span> <span class='ocrx_word' id='word_1_74' title='bbox 1323 1167 1500 1220; x_wconf 88' lang='grc' dir='ltr'>καίτοι</span> <span class='ocrx_word' id='word_1_75' title='bbox 1578 1168 1801 1231; x_wconf 88' lang='grc' dir='ltr'>πολλαῖς</span> 
     </span>
    </p>
   </div>
   <div class='ocr_carea' id='block_1_13' title="bbox 222 1254 1799 1329">
    <p class='ocr_par' dir='ltr' id='par_1_13' title="bbox 222 1254 1799 1329">
     <span class='ocr_line' id='line_1_13' title="bbox 222 1254 1799 1329; baseline 0.004 -24"><span class='ocrx_word' id='word_1_76' title='bbox 222 1254 458 1325; x_wconf 79' lang='grc' dir='ltr'>ὕστερον</span> <span class='ocrx_word' id='word_1_77' title='bbox 513 1258 724 1323; x_wconf 82' lang='grc' dir='ltr'><strong>γενεαῖς</strong></span> <span class='ocrx_word' id='word_1_78' title='bbox 771 1258 1029 1325; x_wconf 82' lang='grc' dir='ltr'><strong>γεγονότα</strong></span> <span class='ocrx_word' id='word_1_79' title='bbox 1079 1259 1173 1311; x_wconf 75' lang='grc' dir='ltr'>καὶ</span> <span class='ocrx_word' id='word_1_80' title='bbox 1216 1259 1277 1311; x_wconf 82' lang='grc' dir='ltr'>οὐ</span> <span class='ocrx_word' id='word_1_81' title='bbox 1334 1260 1532 1329; x_wconf 86' lang='grc' dir='ltr'>πλήθει</span> <span class='ocrx_word' id='word_1_82' title='bbox 1582 1259 1799 1329; x_wconf 78' lang='grc' dir='ltr'><strong>τυχόντι</strong></span> 
     </span>
    </p>
   </div>
   <div class='ocr_carea' id='block_1_14' title="bbox 221 1346 1801 1420">
    <p class='ocr_par' dir='ltr' id='par_1_14' title="bbox 221 1346 1801 1420">
     <span class='ocr_line' id='line_1_14' title="bbox 221 1346 1801 1420; baseline 0.003 -23"><span class='ocrx_word' id='word_1_83' title='bbox 221 1349 356 1409; x_wconf 69' lang='grc' dir='ltr'>τοὺς</span> <span class='ocrx_word' id='word_1_84' title='bbox 407 1347 595 1413; x_wconf 80' lang='grc' dir='ltr'><strong>λόγους</strong></span> <span class='ocrx_word' id='word_1_85' title='bbox 647 1346 990 1415; x_wconf 80' lang='grc' dir='ltr'><strong>ποιούμενον,</strong></span> <span class='ocrx_word' id='word_1_86' title='bbox 1028 1347 1163 1400; x_wconf 81' lang='grc' dir='ltr'>ἀλλὰ</span> <span class='ocrx_word' id='word_1_87' title='bbox 1209 1350 1321 1411; x_wconf 83' lang='grc' dir='ltr'>τοῖς</span> <span class='ocrx_word' id='word_1_88' title='bbox 1369 1348 1462 1401; x_wconf 78' lang='grc' dir='ltr'><strong>ἐπὶ</strong></span> <span class='ocrx_word' id='word_1_89' title='bbox 1488 1348 1801 1420; x_wconf 61' lang='grc' dir='ltr'>,φιλοσοφίᾳ</span> 
     </span>
    </p>
   </div>
   <div class='ocr_carea' id='block_1_15' title="bbox 219 1438 1799 1511">
    <p class='ocr_par' dir='ltr' id='par_1_15' title="bbox 219 1438 1799 1511">
     <span class='ocr_line' id='line_1_15' title="bbox 219 1438 1799 1511; baseline 0.003 -22"><span class='ocrx_word' id='word_1_90' title='bbox 219 1439 339 1490; x_wconf 81' lang='grc' dir='ltr'>τῶν</span> <span class='ocrx_word' id='word_1_91' title='bbox 364 1439 539 1492; x_wconf 73' lang='grc' dir='ltr'>ἄλλων</span> <span class='ocrx_word' id='word_1_92' title='bbox 562 1438 913 1509; x_wconf 77' lang='grc' dir='ltr'>προῦχουσιν,</span> <span class='ocrx_word' id='word_1_93' title='bbox 942 1441 1090 1508; x_wconf 83' lang='grc' dir='ltr'>ὅμως</span> <span class='ocrx_word' id='word_1_94' title='bbox 1127 1440 1329 1494; x_wconf 77' lang='grc' dir='ltr'>Μωσέα</span> <span class='ocrx_word' id='word_1_95' title='bbox 1349 1441 1620 1494; x_wconf 80' lang='grc' dir='ltr'>δείκνυσιν</span> <span class='ocrx_word' id='word_1_96' title='bbox 1643 1442 1700 1493; x_wconf 92' lang='lat' dir='ltr'><strong>tv</strong></span> <span class='ocrx_word' id='word_1_97' title='bbox 1732 1444 1799 1511; x_wconf 83' lang='grc' dir='ltr'><strong>τῇ</strong></span> 
     </span>
    </p>
   </div>
   <div class='ocr_carea' id='block_1_16' title="bbox 220 1528 1799 1601">
    <p class='ocr_par' dir='ltr' id='par_1_16' title="bbox 220 1528 1799 1601">
     <span class='ocr_line' id='line_1_16' title="bbox 220 1528 1799 1601; baseline 0.001 -20"><span class='ocrx_word' id='word_1_98' title='bbox 220 1528 327 1596; x_wconf 82' lang='grc' dir='ltr'>τῆς</span> <span class='ocrx_word' id='word_1_99' title='bbox 378 1530 734 1599; x_wconf 84' lang='grc' dir='ltr'>κοσμογονίας</span> <span class='ocrx_word' id='word_1_100' title='bbox 810 1530 975 1582; x_wconf 79' lang='grc' dir='ltr'>αὐτοῦ</span> <span class='ocrx_word' id='word_1_101' title='bbox 1047 1532 1298 1601; x_wconf 82' lang='grc' dir='ltr'><strong>διηγήσει</strong></span> <span class='ocrx_word' id='word_1_102' title='bbox 1374 1531 1799 1600; x_wconf 82' lang='grc' dir='ltr'>ἐκμιμούμενον.</span> 
     </span>
    </p>
   </div>
   <div class='ocr_carea' id='block_1_17' title="bbox 223 1618 1803 1691">
    <p class='ocr_par' dir='ltr' id='par_1_17' title="bbox 223 1618 1803 1691">
     <span class='ocr_line' id='line_1_17' title="bbox 223 1618 1803 1691; baseline 0.002 -20"><span class='ocrx_word' id='word_1_103' title='bbox 223 1618 374 1671; x_wconf 83' lang='grc' dir='ltr'>Πολὺ</span> <span class='ocrx_word' id='word_1_104' title='bbox 413 1620 470 1671; x_wconf 83' lang='grc' dir='ltr'><strong>δὲ</strong></span> <span class='ocrx_word' id='word_1_105' title='bbox 526 1620 1103 1691; x_wconf 81' lang='grc' dir='ltr'>μεγαλοπρεπέστερον</span> <span class='ocrx_word' id='word_1_106' title='bbox 1149 1621 1351 1675; x_wconf 80' lang='grc' dir='ltr'>Μωσέα</span> <span class='ocrx_word' id='word_1_107' title='bbox 1397 1621 1685 1683; x_wconf 86' lang='grc' dir='ltr'>Πλάτωνος</span> <span class='ocrx_word' id='word_1_108' title='bbox 1714 1638 1803 1674; x_wconf 84' lang='grc' dir='ltr'>τε·</span> 
     </span>
    </p>
   </div>
   <div class='ocr_carea' id='block_1_18' title="bbox 222 1710 1803 1781">
    <p class='ocr_par' dir='ltr' id='par_1_18' title="bbox 222 1710 1803 1781">
     <span class='ocr_line' id='line_1_18' title="bbox 222 1710 1803 1781; baseline 0.002 -19"><span class='ocrx_word' id='word_1_109' title='bbox 222 1710 616 1778; x_wconf 81' lang='grc' dir='ltr'>θεολογηκέναι</span> <span class='ocrx_word' id='word_1_110' title='bbox 646 1711 997 1780; x_wconf 80' lang='grc' dir='ltr'><strong>παρίστησιν.</strong></span> <span class='ocrx_word' id='word_1_111' title='bbox 1019 1712 1141 1765; x_wconf 76' lang='grc' dir='ltr'><strong>Ὀτι</strong></span> <span class='ocrx_word' id='word_1_112' title='bbox 1166 1711 1318 1765; x_wconf 80' lang='grc' dir='ltr'>οὐδέν</span> <span class='ocrx_word' id='word_1_113' title='bbox 1340 1729 1504 1781; x_wconf 87' lang='grc' dir='ltr'>φησιν</span> <span class='ocrx_word' id='word_1_114' title='bbox 1534 1713 1643 1765; x_wconf 83' lang='grc' dir='ltr'>οὐδ’</span> <span class='ocrx_word' id='word_1_115' title='bbox 1667 1713 1803 1776; x_wconf 81' lang='grc' dir='ltr'>ὅλως</span> 
     </span>
    </p>
   </div>
   <div class='ocr_carea' id='block_1_19' title="bbox 221 1802 1803 1874">
    <p class='ocr_par' dir='ltr' id='par_1_19' title="bbox 221 1802 1803 1874">
     <span class='ocr_line' id='line_1_19' title="bbox 221 1802 1803 1874; baseline -0.001 -19"><span class='ocrx_word' id='word_1_116' title='bbox 221 1804 338 1855; x_wconf 87' lang='grc' dir='ltr'>τῶν</span> <span class='ocrx_word' id='word_1_117' title='bbox 385 1803 444 1855; x_wconf 88' lang='lat' dir='ltr'><strong>tv</strong></span> <span class='ocrx_word' id='word_1_118' title='bbox 480 1805 546 1872; x_wconf 81' lang='grc' dir='ltr'>τῇ</span> <span class='ocrx_word' id='word_1_119' title='bbox 574 1803 903 1874; x_wconf 75' lang='grc' dir='ltr'>κοσμογονίᾳ</span> <span class='ocrx_word' id='word_1_120' title='bbox 942 1802 1036 1855; x_wconf 83' lang='grc' dir='ltr'><strong>τοῦ</strong></span> <span class='ocrx_word' id='word_1_121' title='bbox 1065 1802 1343 1872; x_wconf 82' lang='grc' dir='ltr'>προφήτου</span> <span class='ocrx_word' id='word_1_122' title='bbox 1372 1805 1436 1871; x_wconf 79' lang='grc' dir='ltr'>τῇ</span> <span class='ocrx_word' id='word_1_123' title='bbox 1464 1802 1559 1854; x_wconf 85' lang='grc' dir='ltr'>τοῦ</span> <span class='ocrx_word' id='word_1_124' title='bbox 1602 1803 1803 1865; x_wconf 73' lang='grc' dir='ltr'>παντὸς</span> 
     </span>
    </p>
   </div>
   <div class='ocr_carea' id='block_1_20' title="bbox 1898 618 3463 689">
    <p class='ocr_par' dir='ltr' id='par_1_20' title="bbox 1898 618 3463 689">
     <span class='ocr_line' id='line_1_20' title="bbox 1898 618 3463 689; baseline -0.001 -16"><span class='ocrx_word' id='word_1_125' title='bbox 1898 618 1991 673; x_wconf 84' lang='lat' dir='ltr'><strong>sed</strong></span> <span class='ocrx_word' id='word_1_126' title='bbox 2027 620 2274 674; x_wconf 86' lang='lat' dir='ltr'><strong>homines</strong></span> <span class='ocrx_word' id='word_1_127' title='bbox 2322 622 2388 674; x_wconf 86' lang='lat' dir='ltr'><strong>atl</strong></span> <span class='ocrx_word' id='word_1_128' title='bbox 2416 619 2507 675; x_wconf 86' lang='lat' dir='ltr'><strong>Dei</strong></span> <span class='ocrx_word' id='word_1_129' title='bbox 2537 619 2921 689; x_wconf 88' lang='lat' dir='ltr'><strong>cognitionem,</strong></span> <span class='ocrx_word' id='word_1_130' title='bbox 2951 632 3047 685; x_wconf 90' lang='lat' dir='ltr'><strong>per</strong></span> <span class='ocrx_word' id='word_1_131' title='bbox 3070 618 3254 671; x_wconf 90' lang='lat' dir='ltr'><strong>mundi</strong></span> <span class='ocrx_word' id='word_1_132' title='bbox 3300 619 3463 671; x_wconf 85' lang='lat' dir='ltr'><strong>etiam</strong></span> 
     </span>
    </p>
   </div>
   <div class='ocr_carea' id='block_1_21' title="bbox 1899 706 3464 775">
    <p class='ocr_par' dir='ltr' id='par_1_21' title="bbox 1899 706 3464 775">
     <span class='ocr_line' id='line_1_21' title="bbox 1899 706 3464 775; baseline -0.004 -11"><span class='ocrx_word' id='word_1_133' title='bbox 1899 712 2229 765; x_wconf 74' lang='lat' dir='ltr'><strong>creationem</strong></span> <span class='ocrx_word' id='word_1_134' title='bbox 2258 710 2473 765; x_wconf 88' lang='lat' dir='ltr'><strong>trahere</strong></span> <span class='ocrx_word' id='word_1_135' title='bbox 2495 718 2549 765; x_wconf 91' lang='lat' dir='ltr'><strong>et</strong></span> <span class='ocrx_word' id='word_1_136' title='bbox 2573 710 2803 763; x_wconf 76' lang='lat' dir='ltr'><strong>invitare</strong></span> <span class='ocrx_word' id='word_1_137' title='bbox 2824 718 3054 762; x_wconf 76' lang='lat' dir='ltr'><strong>conatus</strong></span> <span class='ocrx_word' id='word_1_138' title='bbox 3082 715 3187 761; x_wconf 90' lang='lat' dir='ltr'><strong>est.</strong></span> <span class='ocrx_word' id='word_1_139' title='bbox 3215 706 3464 775; x_wconf 79' lang='lat' dir='ltr'><strong>Magnum</strong></span> 
     </span>
    </p>
   </div>
   <div class='ocr_carea' id='block_1_22' title="bbox 1897 797 3471 871">
    <p class='ocr_par' dir='ltr' id='par_1_22' title="bbox 1897 797 3471 871">
     <span class='ocr_line' id='line_1_22' title="bbox 1897 797 3471 871; baseline -0.004 -15"><span class='ocrx_word' id='word_1_140' title='bbox 1897 802 2001 856; x_wconf 86' lang='lat' dir='ltr'><strong>hoc</strong></span> <span class='ocrx_word' id='word_1_141' title='bbox 2036 812 2093 858; x_wconf 91' lang='lat' dir='ltr'><strong>et</strong></span> <span class='ocrx_word' id='word_1_142' title='bbox 2122 802 2461 871; x_wconf 84' lang='lat' dir='ltr'><strong>splendidum</strong></span> <span class='ocrx_word' id='word_1_143' title='bbox 2491 800 2673 855; x_wconf 92' lang='lat' dir='ltr'><strong>mundi</strong></span> <span class='ocrx_word' id='word_1_144' title='bbox 2709 814 2844 866; x_wconf 85' lang='lat' dir='ltr'><strong>opus</strong></span> <span class='ocrx_word' id='word_1_145' title='bbox 2880 815 2910 852; x_wconf 90' lang='lat' dir='ltr'><strong>a</strong></span> <span class='ocrx_word' id='word_1_146' title='bbox 2955 798 3064 852; x_wconf 83' lang='lat' dir='ltr'><strong>Deo</strong></span> <span class='ocrx_word' id='word_1_147' title='bbox 3098 797 3323 859; x_wconf 83' lang='lat' dir='ltr'><strong>factum,</strong></span> <span class='ocrx_word' id='word_1_148' title='bbox 3374 812 3471 850; x_wconf 84' lang='lat' dir='ltr'><strong>ue-</strong></span> 
     </span>
    </p>
   </div>
   <div class='ocr_carea' id='block_1_23' title="bbox 1897 885 3468 961">
    <p class='ocr_par' dir='ltr' id='par_1_23' title="bbox 1897 885 3468 961">
     <span class='ocr_line' id='line_1_23' title="bbox 1897 885 3468 961; baseline -0.006 -15"><span class='ocrx_word' id='word_1_149' title='bbox 1897 905 2004 961; x_wconf 90' lang='lat' dir='ltr'><strong>que</strong></span> <span class='ocrx_word' id='word_1_150' title='bbox 2037 906 2064 943; x_wconf 89' lang='lat' dir='ltr'><strong>a</strong></span> <span class='ocrx_word' id='word_1_151' title='bbox 2106 908 2166 946; x_wconf 87' lang='lat' dir='ltr'><strong>se</strong></span> <span class='ocrx_word' id='word_1_152' title='bbox 2194 891 2518 960; x_wconf 85' lang='lat' dir='ltr'><strong>principium</strong></span> <span class='ocrx_word' id='word_1_153' title='bbox 2572 890 2795 953; x_wconf 89' lang='lat' dir='ltr'><strong>habere,</strong></span> <span class='ocrx_word' id='word_1_154' title='bbox 2824 902 2997 957; x_wconf 90' lang='lat' dir='ltr'><strong>neque</strong></span> <span class='ocrx_word' id='word_1_155' title='bbox 3043 885 3468 955; x_wconf 89' lang='lat' dir='ltr'><strong>ingenerabilem</strong></span> 
     </span>
    </p>
   </div>
   <div class='ocr_carea' id='block_1_24' title="bbox 1897 974 3468 1048">
    <p class='ocr_par' dir='ltr' id='par_1_24' title="bbox 1897 974 3468 1048">
     <span class='ocr_line' id='line_1_24' title="bbox 1897 974 3468 1048; baseline -0.006 -11"><span class='ocrx_word' id='word_1_156' title='bbox 1897 982 2204 1045; x_wconf 86' lang='lat' dir='ltr'><strong>materiam,</strong></span> <span class='ocrx_word' id='word_1_157' title='bbox 2271 994 2445 1048; x_wconf 88' lang='lat' dir='ltr'><strong>neque</strong></span> <span class='ocrx_word' id='word_1_158' title='bbox 2499 979 2609 1034; x_wconf 87' lang='lat' dir='ltr'><strong>Deo</strong></span> <span class='ocrx_word' id='word_1_159' title='bbox 2661 986 3008 1032; x_wconf 60' lang='lat' dir='ltr'><strong>coastemam.</strong></span> <span class='ocrx_word' id='word_1_160' title='bbox 3054 974 3468 1043; x_wconf 86' lang='lat' dir='ltr'><strong>Platonemque,</strong></span> 
     </span>
    </p>
   </div>
   <div class='ocr_carea' id='block_1_25' title="bbox 1898 1065 3474 1143">
    <p class='ocr_par' dir='ltr' id='par_1_25' title="bbox 1898 1065 3474 1143">
     <span class='ocr_line' id='line_1_25' title="bbox 1898 1065 3474 1143; baseline -0.003 -18"><span class='ocrx_word' id='word_1_161' title='bbox 1898 1088 2059 1143; x_wconf 87' lang='lat' dir='ltr'><strong>quem</strong></span> <span class='ocrx_word' id='word_1_162' title='bbox 2089 1072 2260 1128; x_wconf 63' lang='lat' dir='ltr'><strong>Graeci</strong></span> <span class='ocrx_word' id='word_1_163' title='bbox 2293 1069 2751 1140; x_wconf 76' lang='lat' dir='ltr'><strong>sapientissimum</strong></span> <span class='ocrx_word' id='word_1_164' title='bbox 2783 1066 3189 1129; x_wconf 78' lang='lat' dir='ltr'><strong>existimarunt,</strong></span> <span class='ocrx_word' id='word_1_165' title='bbox 3220 1065 3324 1120; x_wconf 92' lang='lat' dir='ltr'><strong>etsi</strong></span> <span class='ocrx_word' id='word_1_166' title='bbox 3366 1080 3474 1120; x_wconf 67' lang='lat' dir='ltr'><strong>saa-</strong></span> 
     </span>
    </p>
   </div>
   <div class='ocr_carea' id='block_1_26' title="bbox 1898 1158 3474 1235">
    <p class='ocr_par' dir='ltr' id='par_1_26' title="bbox 1898 1158 3474 1235">
     <span class='ocr_line' id='line_1_26' title="bbox 1898 1158 3474 1235; baseline -0.008 -11"><span class='ocrx_word' id='word_1_167' title='bbox 1898 1168 2034 1224; x_wconf 92' lang='lat' dir='ltr'><strong>culis</strong></span> <span class='ocrx_word' id='word_1_168' title='bbox 2070 1165 2255 1222; x_wconf 88' lang='lat' dir='ltr'><strong>multis</strong></span> <span class='ocrx_word' id='word_1_169' title='bbox 2302 1164 2573 1235; x_wconf 89' lang='lat' dir='ltr'><strong>posterior</strong></span> <span class='ocrx_word' id='word_1_170' title='bbox 2607 1162 2793 1225; x_wconf 87' lang='lat' dir='ltr'><strong>fuerit,</strong></span> <span class='ocrx_word' id='word_1_171' title='bbox 2837 1174 2938 1215; x_wconf 89' lang='lat' dir='ltr'><strong>nec</strong></span> <span class='ocrx_word' id='word_1_172' title='bbox 2967 1174 3035 1214; x_wconf 78' lang='lat' dir='ltr'><strong>ex</strong></span> <span class='ocrx_word' id='word_1_173' title='bbox 3079 1159 3234 1228; x_wconf 81' lang='lat' dir='ltr'><strong>plebe</strong></span> <span class='ocrx_word' id='word_1_174' title='bbox 3279 1158 3474 1226; x_wconf 85' lang='lat' dir='ltr'><strong>cuique</strong></span> 
     </span>
    </p>
   </div>
   <div class='ocr_carea' id='block_1_27' title="bbox 1900 1248 3474 1324">
    <p class='ocr_par' dir='ltr' id='par_1_27' title="bbox 1900 1248 3474 1324">
     <span class='ocr_line' id='line_1_27' title="bbox 1900 1248 3474 1324; baseline -0.008 -11"><span class='ocrx_word' id='word_1_175' title='bbox 1900 1259 2070 1313; x_wconf 86' lang='lat' dir='ltr'><strong>libros</strong></span> <span class='ocrx_word' id='word_1_176' title='bbox 2115 1271 2242 1312; x_wconf 89' lang='lat' dir='ltr'><strong>suos</strong></span> <span class='ocrx_word' id='word_1_177' title='bbox 2294 1255 2596 1324; x_wconf 88' lang='lat' dir='ltr'><strong>scripserit,</strong></span> <span class='ocrx_word' id='word_1_178' title='bbox 2650 1254 2745 1307; x_wconf 84' lang='lat' dir='ltr'><strong>sed</strong></span> <span class='ocrx_word' id='word_1_179' title='bbox 2794 1252 2861 1305; x_wconf 84' lang='lat' dir='ltr'><strong>iis</strong></span> <span class='ocrx_word' id='word_1_180' title='bbox 2908 1251 2997 1319; x_wconf 89' lang='lat' dir='ltr'><strong>qui</strong></span> <span class='ocrx_word' id='word_1_181' title='bbox 3033 1264 3146 1319; x_wconf 77' lang='lat' dir='ltr'><strong>prae</strong></span> <span class='ocrx_word' id='word_1_182' title='bbox 3175 1248 3385 1303; x_wconf 61' lang='lat' dir='ltr'><strong>caeteris</strong></span> <span class='ocrx_word' id='word_1_183' title='bbox 3420 1248 3474 1300; x_wconf 91' lang='lat' dir='ltr'><strong>in</strong></span> 
     </span>
    </p>
   </div>
   <div class='ocr_carea' id='block_1_28' title="bbox 1900 1340 3475 1420">
    <p class='ocr_par' dir='ltr' id='par_1_28' title="bbox 1900 1340 3475 1420">
     <span class='ocr_line' id='line_1_28' title="bbox 1900 1340 3475 1420; baseline -0.008 -15"><span class='ocrx_word' id='word_1_184' title='bbox 1900 1349 2237 1420; x_wconf 85' lang='lat' dir='ltr'><strong>philosophia</strong></span> <span class='ocrx_word' id='word_1_185' title='bbox 2294 1350 2536 1417; x_wconf 79' lang='lat' dir='ltr'><strong>ingentes</strong></span> <span class='ocrx_word' id='word_1_186' title='bbox 2577 1359 2894 1415; x_wconf 87' lang='lat' dir='ltr'><strong>progressus</strong></span> <span class='ocrx_word' id='word_1_187' title='bbox 2959 1342 3227 1406; x_wconf 76' lang='lat' dir='ltr'><strong>iecerunt,</strong></span> <span class='ocrx_word' id='word_1_188' title='bbox 3274 1340 3475 1394; x_wconf 77' lang='lat' dir='ltr'><strong>Mosem</strong></span> 
     </span>
    </p>
   </div>
   <div class='ocr_carea' id='block_1_29' title="bbox 1903 1429 3477 1496">
    <p class='ocr_par' dir='ltr' id='par_1_29' title="bbox 1903 1429 3477 1496">
     <span class='ocr_line' id='line_1_29' title="bbox 1903 1429 3477 1496; baseline -0.01 -1"><span class='ocrx_word' id='word_1_189' title='bbox 1903 1442 1955 1496; x_wconf 90' lang='lat' dir='ltr'><strong>in</strong></span> <span class='ocrx_word' id='word_1_190' title='bbox 1986 1442 2168 1494; x_wconf 90' lang='lat' dir='ltr'><strong>mundi</strong></span> <span class='ocrx_word' id='word_1_191' title='bbox 2204 1439 2405 1493; x_wconf 87' lang='lat' dir='ltr'><strong>conditi</strong></span> <span class='ocrx_word' id='word_1_192' title='bbox 2438 1437 2787 1491; x_wconf 75' lang='lat' dir='ltr'><strong>enarratione</strong></span> <span class='ocrx_word' id='word_1_193' title='bbox 2830 1434 3100 1488; x_wconf 82' lang='lat' dir='ltr'><strong>imitatum</strong></span> <span class='ocrx_word' id='word_1_194' title='bbox 3133 1430 3324 1486; x_wconf 87' lang='lat' dir='ltr'><strong>fuisse.</strong></span> <span class='ocrx_word' id='word_1_195' title='bbox 3371 1429 3477 1483; x_wconf 84' lang='lat' dir='ltr'><strong>Sed</strong></span> 
     </span>
    </p>
   </div>
   <div class='ocr_carea' id='block_1_30' title="bbox 1902 1521 3478 1585">
    <p class='ocr_par' dir='ltr' id='par_1_30' title="bbox 1902 1521 3478 1585">
     <span class='ocr_line' id='line_1_30' title="bbox 1902 1521 3478 1585; baseline -0.008 0"><span class='ocrx_word' id='word_1_196' title='bbox 1902 1530 2101 1585; x_wconf 79' lang='lat' dir='ltr'><strong>Mosem</strong></span> <span class='ocrx_word' id='word_1_197' title='bbox 2127 1531 2409 1585; x_wconf 83' lang='lat' dir='ltr'><strong>sublimius</strong></span> <span class='ocrx_word' id='word_1_198' title='bbox 2445 1529 2613 1582; x_wconf 91' lang='lat' dir='ltr'><strong>multo</strong></span> <span class='ocrx_word' id='word_1_199' title='bbox 2645 1542 2758 1581; x_wconf 91' lang='lat' dir='ltr'><strong>rem</strong></span> <span class='ocrx_word' id='word_1_200' title='bbox 2787 1525 2953 1580; x_wconf 84' lang='lat' dir='ltr'><strong>refert</strong></span> <span class='ocrx_word' id='word_1_201' title='bbox 2996 1538 3304 1579; x_wconf 79' lang='lat' dir='ltr'><strong>enarrasse.</strong></span> <span class='ocrx_word' id='word_1_202' title='bbox 3334 1521 3478 1573; x_wconf 81' lang='lat' dir='ltr'><strong>Nihil</strong></span> 
     </span>
    </p>
   </div>
   <div class='ocr_carea' id='block_1_31' title="bbox 1908 1612 3479 1683">
    <p class='ocr_par' dir='ltr' id='par_1_31' title="bbox 1908 1612 3479 1683">
     <span class='ocr_line' id='line_1_31' title="bbox 1908 1612 3479 1683; baseline -0.007 -8"><span class='ocrx_word' id='word_1_203' title='bbox 1908 1624 1985 1675; x_wconf 86' lang='lat' dir='ltr'><strong>ait</strong></span> <span class='ocrx_word' id='word_1_204' title='bbox 2045 1622 2099 1675; x_wconf 93' lang='lat' dir='ltr'><strong>in</strong></span> <span class='ocrx_word' id='word_1_205' title='bbox 2136 1622 2337 1674; x_wconf 41' lang='lat' dir='ltr'><strong>‘mundi</strong></span> <span class='ocrx_word' id='word_1_206' title='bbox 2396 1620 2673 1674; x_wconf 82' lang='lat' dir='ltr'><strong>creatione</strong></span> <span class='ocrx_word' id='word_1_207' title='bbox 2721 1632 2864 1683; x_wconf 89' lang='lat' dir='ltr'><strong>esse,</strong></span> <span class='ocrx_word' id='word_1_208' title='bbox 2925 1630 3217 1683; x_wconf 88' lang='lat' dir='ltr'><strong>rerumque</strong></span> <span class='ocrx_word' id='word_1_209' title='bbox 3289 1612 3479 1665; x_wconf 86' lang='lat' dir='ltr'><strong>ordine</strong></span> 
     </span>
    </p>
   </div>
   <div class='ocr_carea' id='block_1_32' title="bbox 1902 1703 3477 1778">
    <p class='ocr_par' dir='ltr' id='par_1_32' title="bbox 1902 1703 3477 1778">
     <span class='ocr_line' id='line_1_32' title="bbox 1902 1703 3477 1778; baseline -0.007 -16"><span class='ocrx_word' id='word_1_210' title='bbox 1902 1710 2031 1778; x_wconf 92' lang='lat' dir='ltr'><strong>quin</strong></span> <span class='ocrx_word' id='word_1_211' title='bbox 2079 1708 2242 1764; x_wconf 83' lang='lat' dir='ltr'><strong>Mosis</strong></span> <span class='ocrx_word' id='word_1_212' title='bbox 2288 1709 2465 1764; x_wconf 84' lang='lat' dir='ltr'><strong>verbis</strong></span> <span class='ocrx_word' id='word_1_213' title='bbox 2514 1707 2871 1777; x_wconf 88' lang='lat' dir='ltr'><strong>respondeat;</strong></span> <span class='ocrx_word' id='word_1_214' title='bbox 2903 1714 3089 1759; x_wconf 87' lang='lat' dir='ltr'><strong>contra</strong></span> <span class='ocrx_word' id='word_1_215' title='bbox 3144 1717 3283 1757; x_wconf 82' lang='lat' dir='ltr'><strong>vero</strong></span> <span class='ocrx_word' id='word_1_216' title='bbox 3311 1703 3477 1754; x_wconf 81' lang='lat' dir='ltr'><strong>multa</strong></span> 
     </span>
    </p>
   </div>
   <div class='ocr_carea' id='block_1_33' title="bbox 1903 1794 3477 1868">
    <p class='ocr_par' dir='ltr' id='par_1_33' title="bbox 1903 1794 3477 1868">
     <span class='ocr_line' id='line_1_33' title="bbox 1903 1794 3477 1868; baseline -0.008 -14"><span class='ocrx_word' id='word_1_217' title='bbox 1903 1815 2113 1863; x_wconf 91' lang='lat' dir='ltr'><strong>eorum,</strong></span> <span class='ocrx_word' id='word_1_218' title='bbox 2184 1814 2413 1868; x_wconf 91' lang='lat' dir='ltr'><strong>quorum</strong></span> <span class='ocrx_word' id='word_1_219' title='bbox 2470 1813 2498 1852; x_wconf 88' lang='lat' dir='ltr'><strong>a</strong></span> <span class='ocrx_word' id='word_1_220' title='bbox 2554 1798 2791 1868; x_wconf 74' lang='lat' dir='ltr'><strong>physicis</strong></span> <span class='ocrx_word' id='word_1_221' title='bbox 2864 1794 3201 1865; x_wconf 64' lang='lat' dir='ltr'><strong>investigate</strong></span> <span class='ocrx_word' id='word_1_222' title='bbox 3274 1806 3477 1855; x_wconf 70' lang='lat' dir='ltr'><strong>causae,</strong></span> 
     </span>
    </p>
   </div>
   <div class='ocr_carea' id='block_1_34' title="bbox 215 1868 1808 1971">
    <p class='ocr_par' dir='ltr' id='par_1_34' title="bbox 215 1868 1800 1971">
     <span class='ocr_line' id='line_1_34' title="bbox 215 1868 1800 1971; baseline 0.003 -30"><span class='ocrx_word' id='word_1_223' title='bbox 215 1890 465 1955; x_wconf 75' lang='grc' dir='ltr'><strong>διατάξει</strong></span> <span class='ocrx_word' id='word_1_224' title='bbox 499 1868 825 1971; x_wconf 65' lang='grc' dir='ltr'>ἀσύμφωνον</span> <span class='ocrx_word' id='word_1_225' title='bbox 849 1868 1213 1943; x_wconf 34' lang='grc' dir='ltr'>’-τούναντίον</span> <span class='ocrx_word' id='word_1_226' title='bbox 1236 1868 1308 1944; x_wconf 69' lang='grc' dir='ltr'><strong>⁷δὲ</strong></span> <span class='ocrx_word' id='word_1_227' title='bbox 1366 1868 1460 1944; x_wconf 75' lang='grc' dir='ltr'>καὶ</span> <span class='ocrx_word' id='word_1_228' title='bbox 1502 1891 1671 1944; x_wconf 80' lang='grc' dir='ltr'>πολλὰ</span> <span class='ocrx_word' id='word_1_229' title='bbox 1692 1893 1800 1946; x_wconf 87' lang='grc' dir='ltr'>τῶν</span> 
     </span>
    </p>
   </div>
   <div class='ocr_carea' id='block_1_35' title="bbox 1909 1868 3481 1971">
    <p class='ocr_par' dir='ltr' id='par_1_35' title="bbox 1909 1884 3481 1958">
     <span class='ocr_line' id='line_1_35' title="bbox 1909 1884 3481 1958; baseline -0.009 -13"><span class='ocrx_word' id='word_1_230' title='bbox 1909 1905 1932 1945; x_wconf 81' lang='lat' dir='ltr'><strong>e</strong></span> <span class='ocrx_word' id='word_1_231' title='bbox 1966 1888 2130 1945; x_wconf 69' lang='lat' dir='ltr'><strong>Hosis</strong></span> <span class='ocrx_word' id='word_1_232' title='bbox 2170 1890 2387 1958; x_wconf 85' lang='lat' dir='ltr'><strong>scriptis</strong></span> <span class='ocrx_word' id='word_1_233' title='bbox 2434 1889 2719 1955; x_wconf 88' lang='lat' dir='ltr'><strong>desumpta</strong></span> <span class='ocrx_word' id='word_1_234' title='bbox 2747 1895 2893 1940; x_wconf 88' lang='lat' dir='ltr'><strong>sunt.</strong></span> <span class='ocrx_word' id='word_1_235' title='bbox 2926 1884 2981 1938; x_wconf 93' lang='lat' dir='ltr'><strong>In</strong></span> <span class='ocrx_word' id='word_1_236' title='bbox 3011 1884 3194 1938; x_wconf 89' lang='lat' dir='ltr'><strong>multis</strong></span> <span class='ocrx_word' id='word_1_237' title='bbox 3225 1895 3481 1951; x_wconf 89' lang='lat' dir='ltr'><strong>magnum</strong></span> 
     </span>
    </p>
   </div>
   <div class='ocr_carea' id='block_1_36' title="bbox 216 1978 1801 2049">
    <p class='ocr_par' dir='ltr' id='par_1_36' title="bbox 216 1978 1801 2049">
     <span class='ocr_line' id='line_1_36' title="bbox 216 1978 1801 2049; baseline 0.003 -18"><span class='ocrx_word' id='word_1_238' title='bbox 216 1979 453 2047; x_wconf 81' lang='grc' dir='ltr'>ὕστερον</span> <span class='ocrx_word' id='word_1_239' title='bbox 498 1980 974 2049; x_wconf 85' lang='grc' dir='ltr'>αίτιολογηθέντων</span> <span class='ocrx_word' id='word_1_240' title='bbox 1014 1979 1117 2032; x_wconf 82' lang='grc' dir='ltr'><strong>ὑπὸ</strong></span> <span class='ocrx_word' id='word_1_241' title='bbox 1147 1978 1255 2033; x_wconf 85' lang='grc' dir='ltr'><strong>τῶν</strong></span> <span class='ocrx_word' id='word_1_242' title='bbox 1300 1980 1547 2047; x_wconf 82' lang='grc' dir='ltr'>φυσικῶν</span> <span class='ocrx_word' id='word_1_243' title='bbox 1588 1983 1652 2034; x_wconf 78' lang='grc' dir='ltr'>ἐκ</span> <span class='ocrx_word' id='word_1_244' title='bbox 1692 1981 1801 2035; x_wconf 84' lang='grc' dir='ltr'><strong>τῶν</strong></span> 
     </span>
    </p>
   </div>
   <div class='ocr_carea' id='block_1_37' title="bbox 215 2069 1799 2142">
    <p class='ocr_par' dir='ltr' id='par_1_37' title="bbox 215 2069 1799 2142">
     <span class='ocr_line' id='line_1_37' title="bbox 215 2069 1799 2142; baseline 0.002 -19"><span class='ocrx_word' id='word_1_245' title='bbox 215 2071 469 2135; x_wconf 79' lang='grc' dir='ltr'>Μωσέως</span> <span class='ocrx_word' id='word_1_246' title='bbox 492 2072 813 2141; x_wconf 81' lang='grc' dir='ltr'>γραφέντων</span> <span class='ocrx_word' id='word_1_247' title='bbox 846 2072 1036 2141; x_wconf 80' lang='grc' dir='ltr'>εῐληφι</span> <span class='ocrx_word' id='word_1_248' title='bbox 1067 2069 1165 2142; x_wconf 77' lang='grc' dir='ltr'>τὴν</span> <span class='ocrx_word' id='word_1_249' title='bbox 1204 2072 1401 2142; x_wconf 82' lang='grc' dir='ltr'>ἀρχήν.</span> <span class='ocrx_word' id='word_1_250' title='bbox 1439 2073 1563 2126; x_wconf 80' lang='grc' dir='ltr'><strong>Ὀτι</strong></span> <span class='ocrx_word' id='word_1_251' title='bbox 1590 2074 1649 2126; x_wconf 92' lang='lat' dir='ltr'><strong>tv</strong></span> <span class='ocrx_word' id='word_1_252' title='bbox 1668 2074 1799 2126; x_wconf 80' lang='grc' dir='ltr'>πολ-</span> 
     </span>
    </p>
   </div>
   <div class='ocr_carea' id='block_1_38' title="bbox 216 2162 1802 2233">
    <p class='ocr_par' dir='ltr' id='par_1_38' title="bbox 216 2162 1802 2233">
     <span class='ocr_line' id='line_1_38' title="bbox 216 2162 1802 2233; baseline 0.003 -20"><span class='ocrx_word' id='word_1_253' title='bbox 216 2162 337 2224; x_wconf 72' lang='grc' dir='ltr'>λοῖς</span> <span class='ocrx_word' id='word_1_254' title='bbox 381 2163 546 2226; x_wconf 81' lang='grc' dir='ltr'>ἀξίως</span> <span class='ocrx_word' id='word_1_255' title='bbox 602 2164 695 2216; x_wconf 83' lang='grc' dir='ltr'>τὸν</span> <span class='ocrx_word' id='word_1_256' title='bbox 750 2162 926 2233; x_wconf 80' lang='grc' dir='ltr'>μέγαν</span> <span class='ocrx_word' id='word_1_257' title='bbox 976 2163 1294 2228; x_wconf 78' lang='grc' dir='ltr'>άποθειάζει</span> <span class='ocrx_word' id='word_1_258' title='bbox 1345 2163 1647 2231; x_wconf 83' lang='grc' dir='ltr'>Βασίλειον,</span> <span class='ocrx_word' id='word_1_259' title='bbox 1708 2166 1802 2219; x_wconf 83' lang='grc' dir='ltr'>καὶ</span> 
     </span>
    </p>
   </div>
   <div class='ocr_carea' id='block_1_39' title="bbox 1902 1974 3483 2047">
    <p class='ocr_par' dir='ltr' id='par_1_39' title="bbox 1902 1974 3483 2047">
     <span class='ocr_line' id='line_1_39' title="bbox 1902 1974 3483 2047; baseline -0.006 -12"><span class='ocrx_word' id='word_1_260' title='bbox 1902 1981 2182 2047; x_wconf 88' lang='lat' dir='ltr'><strong>Basilium,</strong></span> <span class='ocrx_word' id='word_1_261' title='bbox 2218 1990 2271 2036; x_wconf 92' lang='lat' dir='ltr'><strong>et</strong></span> <span class='ocrx_word' id='word_1_262' title='bbox 2311 1979 2650 2035; x_wconf 88' lang='lat' dir='ltr'><strong>Theodorum</strong></span> <span class='ocrx_word' id='word_1_263' title='bbox 2696 1977 3044 2046; x_wconf 62' lang='lat' dir='ltr'><strong>Mopsuestia:</strong></span> <span class='ocrx_word' id='word_1_264' title='bbox 3079 1974 3333 2029; x_wconf 88' lang='lat' dir='ltr'><strong>laudibus</strong></span> <span class='ocrx_word' id='word_1_265' title='bbox 3376 1986 3483 2025; x_wconf 88' lang='lat' dir='ltr'><strong>me-</strong></span> 
     </span>
    </p>
   </div>
   <div class='ocr_carea' id='block_1_40' title="bbox 1906 2065 3481 2139">
    <p class='ocr_par' dir='ltr' id='par_1_40' title="bbox 1906 2065 3481 2139">
     <span class='ocr_line' id='line_1_40' title="bbox 1906 2065 3481 2139; baseline -0.008 -11"><span class='ocrx_word' id='word_1_266' title='bbox 1906 2075 2013 2130; x_wconf 92' lang='lat' dir='ltr'><strong>rito</strong></span> <span class='ocrx_word' id='word_1_267' title='bbox 2048 2073 2277 2139; x_wconf 80' lang='lat' dir='ltr'><strong>extollit,</strong></span> <span class='ocrx_word' id='word_1_268' title='bbox 2310 2073 2417 2128; x_wconf 88' lang='lat' dir='ltr'><strong>etsi</strong></span> <span class='ocrx_word' id='word_1_269' title='bbox 2450 2087 2557 2126; x_wconf 90' lang='lat' dir='ltr'><strong>non</strong></span> <span class='ocrx_word' id='word_1_270' title='bbox 2588 2071 2641 2125; x_wconf 92' lang='lat' dir='ltr'><strong>in</strong></span> <span class='ocrx_word' id='word_1_271' title='bbox 2666 2070 2919 2124; x_wconf 87' lang='lat' dir='ltr'><strong>omnibus</strong></span> <span class='ocrx_word' id='word_1_272' title='bbox 2949 2082 3069 2139; x_wconf 68' lang='lat' dir='ltr'><strong>quae</strong></span> <span class='ocrx_word' id='word_1_273' title='bbox 3105 2065 3481 2137; x_wconf 87' lang='lat' dir='ltr'><strong>reprehendit,</strong></span> 
     </span>
    </p>
   </div>
   <div class='ocr_carea' id='block_1_41' title="bbox 1908 2161 2799 2236">
    <p class='ocr_par' dir='ltr' id='par_1_41' title="bbox 1908 2161 2799 2236">
     <span class='ocr_line' id='line_1_41' title="bbox 1908 2161 2799 2236; baseline -0.002 -17"><span class='ocrx_word' id='word_1_274' title='bbox 1908 2166 2034 2220; x_wconf 89' lang='lat' dir='ltr'><strong>licet</strong></span> <span class='ocrx_word' id='word_1_275' title='bbox 2066 2180 2172 2219; x_wconf 91' lang='lat' dir='ltr'><strong>non</strong></span> <span class='ocrx_word' id='word_1_276' title='bbox 2201 2180 2371 2236; x_wconf 88' lang='lat' dir='ltr'><strong>pauca</strong></span> <span class='ocrx_word' id='word_1_277' title='bbox 2398 2163 2523 2234; x_wconf 87' lang='lat' dir='ltr'><strong>jure</strong></span> <span class='ocrx_word' id='word_1_278' title='bbox 2563 2161 2799 2217; x_wconf 85' lang='lat' dir='ltr'><strong>vellicet.</strong></span> 
     </span>
    </p>
   </div>
   <div class='ocr_carea' id='block_1_42' title="bbox 214 2253 3481 2329">
    <p class='ocr_par' dir='ltr' id='par_1_42' title="bbox 214 2253 3481 2329">
     <span class='ocr_line' id='line_1_42' title="bbox 214 2253 3481 2329; baseline -0.002 -19"><span class='ocrx_word' id='word_1_279' title='bbox 214 2257 502 2327; x_wconf 84' lang='grc' dir='ltr'>Θεόδωρον</span> <span class='ocrx_word' id='word_1_280' title='bbox 524 2256 614 2310; x_wconf 80' lang='grc' dir='ltr'>τὸν</span> <span class='ocrx_word' id='word_1_281' title='bbox 635 2256 1028 2327; x_wconf 81' lang='grc' dir='ltr'>Μσψουεστίας,</span> <span class='ocrx_word' id='word_1_282' title='bbox 1077 2259 1126 2311; x_wconf 90' lang='grc' dir='ltr'><strong>εί</strong></span> <span class='ocrx_word' id='word_1_283' title='bbox 1171 2258 1266 2311; x_wconf 80' lang='grc' dir='ltr'>καὶ</span> <span class='ocrx_word' id='word_1_284' title='bbox 1312 2258 1388 2329; x_wconf 78' lang='grc' dir='ltr'>μὴ</span> <span class='ocrx_word' id='word_1_285' title='bbox 1428 2260 1486 2312; x_wconf 97' lang='lat' dir='ltr'><strong>tv</strong></span> <span class='ocrx_word' id='word_1_286' title='bbox 1538 2261 1704 2313; x_wconf 79' lang='grc' dir='ltr'>πᾶσιν</span> <span class='ocrx_word' id='word_1_287' title='bbox 1734 2256 1815 2324; x_wconf 75' lang='grc' dir='ltr'>οἷς</span> <span class='ocrx_word' id='word_1_288' title='bbox 1852 2261 2186 2329; x_wconf 70' lang='grc' dir='ltr'>ἐπαιτιᾶται,</span> <span class='ocrx_word' id='word_1_289' title='bbox 2233 2260 2346 2315; x_wconf 84' lang='grc' dir='ltr'>ἀλλ’</span> <span class='ocrx_word' id='word_1_290' title='bbox 2379 2258 2472 2313; x_wconf 83' lang='grc' dir='ltr'>οὖν</span> <span class='ocrx_word' id='word_1_291' title='bbox 2501 2259 2602 2312; x_wconf 78' lang='grc' dir='ltr'>οὐκ</span> <span class='ocrx_word' id='word_1_292' title='bbox 2661 2259 2720 2310; x_wconf 90' lang='lat' dir='ltr'><strong>tv</strong></span> <span class='ocrx_word' id='word_1_293' title='bbox 2783 2255 2987 2324; x_wconf 78' lang='grc' dir='ltr'>ὀλίγοις</span> <span class='ocrx_word' id='word_1_294' title='bbox 3042 2253 3481 2324; x_wconf 75' lang='grc' dir='ltr'>ἐπιλαμϐάνεται</span> 
     </span>
    </p>
   </div>
   <div class='ocr_carea' id='block_1_43' title="bbox 212 2350 469 2404">
    <p class='ocr_par' dir='ltr' id='par_1_43' title="bbox 212 2350 469 2404">
     <span class='ocr_line' id='line_1_43' title="bbox 212 2350 469 2404; baseline 0.008 -2"><span class='ocrx_word' id='word_1_295' title='bbox 212 2350 469 2404; x_wconf 78' lang='grc' dir='ltr'>δικαίως.</span> 
     </span>
    </p>
   </div>
   <div class='ocr_carea' id='block_1_44' title="bbox 296 2365 1807 2516">
    <p class='ocr_par' dir='ltr' id='par_1_44' title="bbox 296 2365 1807 2516">
     <span class='ocr_line' id='line_1_44' title="bbox 296 2365 469 2404; baseline 0.006 -1"><span class='ocrx_word' id='word_1_296' title='bbox 296 2365 369 2403; x_wconf 75' lang='lat' dir='ltr'><strong>tat</strong></span> <span class='ocrx_word' id='word_1_297' title='bbox 451 2386 469 2404; x_wconf 92' lang='lat'><strong>.</strong></span> 
     </span>
     <span class='ocr_line' id='line_1_45' title="bbox 296 2365 1807 2516; baseline -0.001 -17"><span class='ocrx_word' id='word_1_298' title='bbox 598 2441 723 2495; x_wconf 87' lang='grc' dir='ltr'>Ὀτι</span> <span class='ocrx_word' id='word_1_299' title='bbox 772 2442 877 2512; x_wconf 79' lang='grc' dir='ltr'>τῆς</span> <span class='ocrx_word' id='word_1_300' title='bbox 925 2443 1098 2513; x_wconf 83' lang='grc' dir='ltr'>ἀρχῆς</span> <span class='ocrx_word' id='word_1_301' title='bbox 1136 2442 1418 2513; x_wconf 83' lang='grc' dir='ltr'>πολλαχῶς</span> <span class='ocrx_word' id='word_1_302' title='bbox 1471 2462 1604 2514; x_wconf 89' lang='grc' dir='ltr'>φησι</span> <span class='ocrx_word' id='word_1_303' title='bbox 1653 2446 1807 2515; x_wconf 78' lang='grc' dir='ltr'>λεγο-</span> 
     </span>
    </p>
   </div>
   <div class='ocr_carea' id='block_1_45' title="bbox 1981 2435 3488 2518">
    <p class='ocr_par' dir='ltr' id='par_1_45' title="bbox 1981 2435 3488 2518">
     <span class='ocr_line' id='line_1_46' title="bbox 1981 2435 3488 2518; baseline -0.01 -16"><span class='ocrx_word' id='word_1_304' title='bbox 1981 2448 2314 2518; x_wconf 89' lang='lat' dir='ltr'><strong>Principium</strong></span> <span class='ocrx_word' id='word_1_305' title='bbox 2363 2446 2529 2500; x_wconf 85' lang='lat' dir='ltr'><strong>variis</strong></span> <span class='ocrx_word' id='word_1_306' title='bbox 2569 2443 2744 2500; x_wconf 90' lang='lat' dir='ltr'><strong>modis</strong></span> <span class='ocrx_word' id='word_1_307' title='bbox 2781 2457 2903 2497; x_wconf 93' lang='lat' dir='ltr'><strong>cum</strong></span> <span class='ocrx_word' id='word_1_308' title='bbox 2946 2442 3178 2505; x_wconf 89' lang='lat' dir='ltr'><strong>dicatur,</strong></span> <span class='ocrx_word' id='word_1_309' title='bbox 3220 2435 3387 2491; x_wconf 91' lang='lat' dir='ltr'><strong>refert</strong></span> <span class='ocrx_word' id='word_1_310' title='bbox 3420 2435 3488 2489; x_wconf 90' lang='lat' dir='ltr'><strong>il-</strong></span> 
     </span>
    </p>
   </div>
   <div class='ocr_carea' id='block_1_46' title="bbox 221 2528 1808 2607">
    <p class='ocr_par' dir='ltr' id='par_1_46' title="bbox 221 2532 1807 2607">
     <span class='ocr_line' id='line_1_47' title="bbox 221 2532 1807 2607; baseline 0.001 -20"><span class='ocrx_word' id='word_1_311' title='bbox 221 2536 403 2605; x_wconf 81' lang='grc' dir='ltr'>μένης</span> <span class='ocrx_word' id='word_1_312' title='bbox 425 2534 505 2598; x_wconf 74' lang='grc' dir='ltr'><strong>τὸ,</strong></span> <span class='ocrx_word' id='word_1_313' title='bbox 545 2535 647 2588; x_wconf 77' lang='grc' dir='ltr'><em>Ἔν</em></span> <span class='ocrx_word' id='word_1_314' title='bbox 677 2532 858 2603; x_wconf 75' lang='grc' dir='ltr'>ἀρχῇ,</span> <span class='ocrx_word' id='word_1_315' title='bbox 878 2534 939 2587; x_wconf 81' lang='grc' dir='ltr'>τὸ</span> <span class='ocrx_word' id='word_1_316' title='bbox 962 2533 1054 2587; x_wconf 80' lang='grc' dir='ltr'><strong>νῦν</strong></span> <span class='ocrx_word' id='word_1_317' title='bbox 1068 2534 1223 2603; x_wconf 73' lang='grc' dir='ltr'>τὴνη</span> <span class='ocrx_word' id='word_1_318' title='bbox 1248 2535 1390 2588; x_wconf 85' lang='grc' dir='ltr'>κατὰ</span> <span class='ocrx_word' id='word_1_319' title='bbox 1418 2536 1608 2605; x_wconf 88' lang='grc' dir='ltr'>χρόνον</span> <span class='ocrx_word' id='word_1_320' title='bbox 1632 2537 1807 2607; x_wconf 81' lang='grc' dir='ltr'>ἀρχὴν</span> 
     </span>
    </p>
   </div>
   <div class='ocr_carea' id='block_1_47' title="bbox 1909 2528 3483 2607">
    <p class='ocr_par' dir='ltr' id='par_1_47' title="bbox 1911 2528 3483 2607">
     <span class='ocr_line' id='line_1_48' title="bbox 1911 2528 3483 2607; baseline -0.008 -16"><span class='ocrx_word' id='word_1_321' title='bbox 1911 2538 2040 2592; x_wconf 84' lang='lat' dir='ltr'><strong>iud:</strong></span> <span class='ocrx_word' id='word_1_322' title='bbox 2074 2536 2140 2591; x_wconf 86' lang='lat' dir='ltr'><strong>In</strong></span> <span class='ocrx_word' id='word_1_323' title='bbox 2180 2537 2456 2607; x_wconf 85' lang='lat' dir='ltr'><strong>principio,</strong></span> <span class='ocrx_word' id='word_1_324' title='bbox 2520 2549 2663 2590; x_wconf 90' lang='lat' dir='ltr'><strong>nunc</strong></span> <span class='ocrx_word' id='word_1_325' title='bbox 2717 2531 3106 2602; x_wconf 81' lang='lat' dir='ltr'><strong>temporarium</strong></span> <span class='ocrx_word' id='word_1_326' title='bbox 3154 2528 3483 2600; x_wconf 88' lang='lat' dir='ltr'><strong>principium</strong></span> 
     </span>
    </p>
   </div>
   <div class='ocr_carea' id='block_1_48' title="bbox 218 2621 1808 2698">
    <p class='ocr_par' dir='ltr' id='par_1_48' title="bbox 218 2621 1808 2698">
     <span class='ocr_line' id='line_1_49' title="bbox 218 2621 1808 2698; baseline 0.001 -21"><span class='ocrx_word' id='word_1_327' title='bbox 218 2624 445 2694; x_wconf 78' lang='grc' dir='ltr'>δηλοῦν.</span> <span class='ocrx_word' id='word_1_328' title='bbox 473 2624 629 2678; x_wconf 76' lang='grc' dir='ltr'>Κατὰ</span> <span class='ocrx_word' id='word_1_329' title='bbox 659 2626 850 2694; x_wconf 83' lang='grc' dir='ltr'>χρόνον</span> <span class='ocrx_word' id='word_1_330' title='bbox 881 2624 937 2676; x_wconf 70' lang='grc' dir='ltr'><strong>δὲ</strong></span> <span class='ocrx_word' id='word_1_331' title='bbox 962 2624 1140 2693; x_wconf 82' lang='grc' dir='ltr'>λέγειν</span> <span class='ocrx_word' id='word_1_332' title='bbox 1189 2626 1353 2696; x_wconf 70' lang='grc' dir='ltr'>φησὶν</span> <span class='ocrx_word' id='word_1_333' title='bbox 1391 2626 1488 2697; x_wconf 79' lang='grc' dir='ltr'><strong>οὐχ</strong></span> <span class='ocrx_word' id='word_1_334' title='bbox 1514 2621 1575 2681; x_wconf 77' lang='grc' dir='ltr'>οὖ</span> <span class='ocrx_word' id='word_1_335' title='bbox 1602 2627 1700 2698; x_wconf 83' lang='grc' dir='ltr'>τῆς</span> <span class='ocrx_word' id='word_1_336' title='bbox 1720 2644 1808 2695; x_wconf 87' lang='grc' dir='ltr'>γε-</span> 
     </span>
    </p>
   </div>
   <div class='ocr_carea' id='block_1_49' title="bbox 1909 2621 3481 2698">
    <p class='ocr_par' dir='ltr' id='par_1_49' title="bbox 1914 2623 3481 2695">
     <span class='ocr_line' id='line_1_50' title="bbox 1914 2623 3481 2695; baseline -0.007 -10"><span class='ocrx_word' id='word_1_337' title='bbox 1914 2630 2154 2685; x_wconf 83' lang='lat' dir='ltr'><strong>indicare</strong></span> <span class='ocrx_word' id='word_1_338' title='bbox 2198 2648 2210 2683; x_wconf 88' lang='lat'>:</span> <span class='ocrx_word' id='word_1_339' title='bbox 2259 2630 2439 2683; x_wconf 90' lang='lat' dir='ltr'><strong>dicere</strong></span> <span class='ocrx_word' id='word_1_340' title='bbox 2484 2641 2634 2693; x_wconf 76' lang='lat' dir='ltr'><strong>vero,</strong></span> <span class='ocrx_word' id='word_1_341' title='bbox 2688 2626 2883 2695; x_wconf 90' lang='lat' dir='ltr'><strong>inquit,</strong></span> <span class='ocrx_word' id='word_1_342' title='bbox 2916 2623 3334 2691; x_wconf 90' lang='lat' dir='ltr'><strong>temporarium,</strong></span> <span class='ocrx_word' id='word_1_343' title='bbox 3374 2635 3481 2674; x_wconf 86' lang='lat' dir='ltr'><strong>non</strong></span> 
     </span>
    </p>
   </div>
   <div class='ocr_carea' id='block_1_50' title="bbox 218 2713 1808 2791">
    <p class='ocr_par' dir='ltr' id='par_1_50' title="bbox 218 2715 1808 2787">
     <span class='ocr_line' id='line_1_51' title="bbox 218 2715 1808 2787; baseline 0.003 -20"><span class='ocrx_word' id='word_1_344' title='bbox 218 2718 433 2780; x_wconf 77' lang='grc' dir='ltr'>νέσεως</span> <span class='ocrx_word' id='word_1_345' title='bbox 455 2717 771 2786; x_wconf 62' lang='grc' dir='ltr'>προηγεῖται</span> <span class='ocrx_word' id='word_1_346' title='bbox 792 2716 999 2787; x_wconf 84' lang='grc' dir='ltr'>χρόνος,</span> <span class='ocrx_word' id='word_1_347' title='bbox 1031 2715 1107 2779; x_wconf 82' lang='grc' dir='ltr'>ὡς</span> <span class='ocrx_word' id='word_1_348' title='bbox 1134 2716 1291 2787; x_wconf 82' lang='grc' dir='ltr'>ἡμῶν</span> <span class='ocrx_word' id='word_1_349' title='bbox 1318 2718 1569 2785; x_wconf 68' lang='grc' dir='ltr'>ἑκάστου,</span> <span class='ocrx_word' id='word_1_350' title='bbox 1593 2718 1727 2771; x_wconf 77' lang='grc' dir='ltr'>ἀλλὰ</span> <span class='ocrx_word' id='word_1_351' title='bbox 1752 2718 1808 2771; x_wconf 75' lang='grc' dir='ltr'>τὸ</span> 
     </span>
    </p>
   </div>
   <div class='ocr_carea' id='block_1_51' title="bbox 1909 2713 3488 2791">
    <p class='ocr_par' dir='ltr' id='par_1_51' title="bbox 1921 2713 3488 2791">
     <span class='ocr_line' id='line_1_52' title="bbox 1921 2713 3488 2791; baseline -0.008 -16"><span class='ocrx_word' id='word_1_352' title='bbox 1921 2721 2075 2789; x_wconf 86' lang='lat' dir='ltr'><strong>cujus</strong></span> <span class='ocrx_word' id='word_1_353' title='bbox 2100 2722 2497 2791; x_wconf 77' lang='lat' dir='ltr'><strong>generationem</strong></span> <span class='ocrx_word' id='word_1_354' title='bbox 2531 2728 2745 2787; x_wconf 81' lang='lat' dir='ltr'><strong>tempus</strong></span> <span class='ocrx_word' id='word_1_355' title='bbox 2772 2714 3063 2785; x_wconf 67' lang='lat' dir='ltr'><strong>praecedat,</strong></span> <span class='ocrx_word' id='word_1_356' title='bbox 3092 2722 3151 2768; x_wconf 89' lang='lat' dir='ltr'><strong>ut</strong></span> <span class='ocrx_word' id='word_1_357' title='bbox 3197 2713 3355 2766; x_wconf 89' lang='lat' dir='ltr'><strong>unius</strong></span> <span class='ocrx_word' id='word_1_358' title='bbox 3386 2726 3488 2766; x_wconf 89' lang='lat' dir='ltr'><strong>cu-</strong></span> 
     </span>
    </p>
   </div>
   <div class='ocr_carea' id='block_1_52' title="bbox 226 2801 1808 2881">
    <p class='ocr_par' dir='ltr' id='par_1_52' title="bbox 226 2801 1808 2878">
     <span class='ocr_line' id='line_1_53' title="bbox 226 2801 1808 2878; baseline 0 -17"><span class='ocrx_word' id='word_1_359' title='bbox 226 2810 452 2878; x_wconf 76' lang='grc' dir='ltr'>πρῶτον</span> <span class='ocrx_word' id='word_1_360' title='bbox 483 2809 575 2860; x_wconf 82' lang='grc' dir='ltr'><strong>τοῦ</strong></span> <span class='ocrx_word' id='word_1_361' title='bbox 615 2809 808 2878; x_wconf 78' lang='grc' dir='ltr'>χρόνου</span> <span class='ocrx_word' id='word_1_362' title='bbox 840 2807 954 2873; x_wconf 82' lang='grc' dir='ltr'>νῦν,</span> <span class='ocrx_word' id='word_1_363' title='bbox 1014 2809 1072 2861; x_wconf 88' lang='grc' dir='ltr'>ὲν</span> <span class='ocrx_word' id='word_1_364' title='bbox 1110 2801 1155 2875; x_wconf 82' lang='grc' dir='ltr'><strong>ᾧ</strong></span> <span class='ocrx_word' id='word_1_365' title='bbox 1200 2808 1292 2861; x_wconf 78' lang='grc' dir='ltr'><strong>τὸν</strong></span> <span class='ocrx_word' id='word_1_366' title='bbox 1320 2809 1547 2878; x_wconf 78' lang='grc' dir='ltr'>οὐρανὸν</span> <span class='ocrx_word' id='word_1_367' title='bbox 1588 2809 1682 2861; x_wconf 79' lang='grc' dir='ltr'>καὶ</span> <span class='ocrx_word' id='word_1_368' title='bbox 1713 2810 1808 2878; x_wconf 85' lang='grc' dir='ltr'><strong>τὴν</strong></span> 
     </span>
    </p>
   </div>
   <div class='ocr_carea' id='block_1_53' title="bbox 1909 2801 3484 2881">
    <p class='ocr_par' dir='ltr' id='par_1_53' title="bbox 1919 2806 3484 2881">
     <span class='ocr_line' id='line_1_54' title="bbox 1919 2806 3484 2881; baseline -0.005 -15"><span class='ocrx_word' id='word_1_369' title='bbox 1919 2815 2108 2881; x_wconf 79' lang='lat' dir='ltr'><strong>jusque</strong></span> <span class='ocrx_word' id='word_1_370' title='bbox 2139 2825 2381 2867; x_wconf 90' lang='lat' dir='ltr'><strong>nostrum</strong></span> <span class='ocrx_word' id='word_1_371' title='bbox 2415 2829 2431 2865; x_wconf 89' lang='lat'><strong>:</strong></span> <span class='ocrx_word' id='word_1_372' title='bbox 2471 2813 2568 2866; x_wconf 89' lang='lat' dir='ltr'><strong>sed</strong></span> <span class='ocrx_word' id='word_1_373' title='bbox 2598 2810 2833 2881; x_wconf 91' lang='lat' dir='ltr'><strong>primum</strong></span> <span class='ocrx_word' id='word_1_374' title='bbox 2874 2806 3140 2874; x_wconf 89' lang='lat' dir='ltr'><strong>temporis</strong></span> <span class='ocrx_word' id='word_1_375' title='bbox 3176 2819 3338 2867; x_wconf 92' lang='lat' dir='ltr'><strong>nunc,</strong></span> <span class='ocrx_word' id='word_1_376' title='bbox 3374 2820 3484 2872; x_wconf 86' lang='lat' dir='ltr'><strong>quo</strong></span> 
     </span>
    </p>
   </div>
   <div class='ocr_carea' id='block_1_54' title="bbox 224 2896 1808 2970">
    <p class='ocr_par' dir='ltr' id='par_1_54' title="bbox 224 2896 1808 2970">
     <span class='ocr_line' id='line_1_55' title="bbox 224 2896 1808 2970; baseline -0.001 -18"><span class='ocrx_word' id='word_1_377' title='bbox 224 2898 338 2967; x_wconf 83' lang='grc' dir='ltr'>γῆν</span> <span class='ocrx_word' id='word_1_378' title='bbox 373 2898 694 2967; x_wconf 78' lang='grc' dir='ltr'>παρήγαγεν</span> <span class='ocrx_word' id='word_1_379' title='bbox 725 2902 752 2952; x_wconf 85' lang='grc' dir='ltr'>ὁ</span> <span class='ocrx_word' id='word_1_380' title='bbox 782 2900 935 2961; x_wconf 80' lang='grc' dir='ltr'>Θεὸς,</span> <span class='ocrx_word' id='word_1_381' title='bbox 992 2897 1119 2970; x_wconf 74' lang='lat'><strong>[527</strong></span> <span class='ocrx_word' id='word_1_382' title='bbox 1166 2896 1257 2969; x_wconf 71' lang='lat' dir='ltr'><strong>il.)</strong></span> <span class='ocrx_word' id='word_1_383' title='bbox 1306 2900 1507 2963; x_wconf 81' lang='grc' dir='ltr'>παντὸς</span> <span class='ocrx_word' id='word_1_384' title='bbox 1559 2899 1808 2968; x_wconf 79' lang='grc' dir='ltr'>χρονικοῦ</span> 
     </span>
    </p>
   </div>
   <div class='ocr_carea' id='block_1_55' title="bbox 1909 2896 3488 2970">
    <p class='ocr_par' dir='ltr' id='par_1_55' title="bbox 1920 2896 3488 2965">
     <span class='ocr_line' id='line_1_56' title="bbox 1920 2896 3488 2965; baseline -0.004 -9"><span class='ocrx_word' id='word_1_385' title='bbox 1920 2903 2058 2957; x_wconf 91' lang='lat' dir='ltr'><strong>Deus</strong></span> <span class='ocrx_word' id='word_1_386' title='bbox 2103 2902 2299 2958; x_wconf 75' lang='lat' dir='ltr'><strong>caelum</strong></span> <span class='ocrx_word' id='word_1_387' title='bbox 2344 2911 2395 2956; x_wconf 89' lang='lat' dir='ltr'><strong>et</strong></span> <span class='ocrx_word' id='word_1_388' title='bbox 2451 2912 2659 2956; x_wconf 92' lang='lat' dir='ltr'><strong>terram</strong></span> <span class='ocrx_word' id='word_1_389' title='bbox 2694 2901 2746 2953; x_wconf 92' lang='lat' dir='ltr'><strong>in</strong></span> <span class='ocrx_word' id='word_1_390' title='bbox 2790 2898 3024 2953; x_wconf 90' lang='lat' dir='ltr'><strong>medium</strong></span> <span class='ocrx_word' id='word_1_391' title='bbox 3066 2896 3342 2965; x_wconf 82' lang='lat' dir='ltr'><strong>produxit,</strong></span> <span class='ocrx_word' id='word_1_392' title='bbox 3370 2897 3488 2949; x_wconf 88' lang='lat' dir='ltr'><strong>sine</strong></span> 
     </span>
    </p>
   </div>
   <div class='ocr_carea' id='block_1_56' title="bbox 226 2985 1808 3063">
    <p class='ocr_par' dir='ltr' id='par_1_56' title="bbox 226 2985 1808 3061">
     <span class='ocr_line' id='line_1_57' title="bbox 226 2985 1808 3061; baseline 0 -18"><span class='ocrx_word' id='word_1_393' title='bbox 226 2992 406 3061; x_wconf 62' lang='grc' dir='ltr'>χωρὶς</span> <span class='ocrx_word' id='word_1_394' title='bbox 444 2992 831 3061; x_wconf 83' lang='grc' dir='ltr'>διαστήματος.</span> <span class='ocrx_word' id='word_1_395' title='bbox 871 2991 1058 3043; x_wconf 79' lang='grc' dir='ltr'>Πᾶσαν</span> <span class='ocrx_word' id='word_1_396' title='bbox 1100 2990 1207 3060; x_wconf 76' lang='grc' dir='ltr'><strong>γὰρ</strong></span> <span class='ocrx_word' id='word_1_397' title='bbox 1234 2990 1409 3059; x_wconf 73' lang='grc' dir='ltr'>ἀρχὴν</span> <span class='ocrx_word' id='word_1_398' title='bbox 1444 2989 1637 3060; x_wconf 79' lang='grc' dir='ltr'>ἑτέραν</span> <span class='ocrx_word' id='word_1_399' title='bbox 1676 2985 1808 3043; x_wconf 73' lang='grc' dir='ltr'>εἶναι</span> 
     </span>
    </p>
   </div>
   <div class='ocr_carea' id='block_1_57' title="bbox 1909 2985 3485 3063">
    <p class='ocr_par' dir='ltr' id='par_1_57' title="bbox 1919 2987 3485 3063">
     <span class='ocr_line' id='line_1_58' title="bbox 1919 2987 3485 3063; baseline -0.005 -16"><span class='ocrx_word' id='word_1_400' title='bbox 1919 2993 2029 3048; x_wconf 84' lang='grc' dir='ltr'>υΙΙο</span> <span class='ocrx_word' id='word_1_401' title='bbox 2084 2994 2343 3063; x_wconf 86' lang='lat' dir='ltr'><strong>temporis</strong></span> <span class='ocrx_word' id='word_1_402' title='bbox 2394 2992 2701 3047; x_wconf 83' lang='lat' dir='ltr'><strong>intervallo.</strong></span> <span class='ocrx_word' id='word_1_403' title='bbox 2750 2991 2925 3045; x_wconf 85' lang='lat' dir='ltr'><strong>Omne</strong></span> <span class='ocrx_word' id='word_1_404' title='bbox 2972 2992 3118 3042; x_wconf 87' lang='lat' dir='ltr'><strong>enim</strong></span> <span class='ocrx_word' id='word_1_405' title='bbox 3160 2987 3485 3057; x_wconf 90' lang='lat' dir='ltr'><strong>principium</strong></span> 
     </span>
    </p>
   </div>
   <div class='ocr_carea' id='block_1_58' title="bbox 228 3077 1808 3151">
    <p class='ocr_par' dir='ltr' id='par_1_58' title="bbox 228 3077 1808 3151">
     <span class='ocr_line' id='line_1_59' title="bbox 228 3077 1808 3151; baseline 0.001 -18"><span class='ocrx_word' id='word_1_406' title='bbox 228 3083 459 3144; x_wconf 83' lang='grc' dir='ltr'>πάντως</span> <span class='ocrx_word' id='word_1_407' title='bbox 508 3085 693 3151; x_wconf 71' lang='grc' dir='ltr'>φησιν,</span> <span class='ocrx_word' id='word_1_408' title='bbox 749 3077 919 3141; x_wconf 70' lang='grc' dir='ltr'>οὗπερ</span> <span class='ocrx_word' id='word_1_409' title='bbox 948 3081 1163 3148; x_wconf 85' lang='grc' dir='ltr'>λέγεται</span> <span class='ocrx_word' id='word_1_410' title='bbox 1206 3081 1350 3151; x_wconf 81' lang='grc' dir='ltr'>ἀρχή</span> <span class='ocrx_word' id='word_1_411' title='bbox 1377 3097 1391 3113; x_wconf 76' lang='grc' dir='ltr'><strong><em>ο</em></strong></span> <span class='ocrx_word' id='word_1_412' title='bbox 1422 3082 1515 3133; x_wconf 77' lang='grc' dir='ltr'>καὶ</span> <span class='ocrx_word' id='word_1_413' title='bbox 1544 3080 1703 3135; x_wconf 85' lang='grc' dir='ltr'>τοῦτο</span> <span class='ocrx_word' id='word_1_414' title='bbox 1729 3081 1808 3135; x_wconf 77' lang='grc' dir='ltr'>διὰ</span> 
     </span>
    </p>
   </div>
   <div class='ocr_carea' id='block_1_59' title="bbox 1909 3077 3487 3151">
    <p class='ocr_par' dir='ltr' id='par_1_59' title="bbox 1918 3079 3487 3151">
     <span class='ocr_line' id='line_1_60' title="bbox 1918 3079 3487 3151; baseline -0.006 -13"><span class='ocrx_word' id='word_1_415' title='bbox 1918 3084 2136 3138; x_wconf 89' lang='lat' dir='ltr'><strong>omnino</strong></span> <span class='ocrx_word' id='word_1_416' title='bbox 2160 3082 2304 3139; x_wconf 88' lang='lat' dir='ltr'><strong>aliud</strong></span> <span class='ocrx_word' id='word_1_417' title='bbox 2332 3098 2452 3138; x_wconf 90' lang='lat' dir='ltr'><strong>esse</strong></span> <span class='ocrx_word' id='word_1_418' title='bbox 2486 3082 2637 3148; x_wconf 87' lang='lat' dir='ltr'><strong>dicit,</strong></span> <span class='ocrx_word' id='word_1_419' title='bbox 2656 3097 2820 3151; x_wconf 88' lang='lat' dir='ltr'><strong>quam</strong></span> <span class='ocrx_word' id='word_1_420' title='bbox 2853 3080 2905 3134; x_wconf 92' lang='lat' dir='ltr'><strong>in</strong></span> <span class='ocrx_word' id='word_1_421' title='bbox 2929 3080 3084 3147; x_wconf 83' lang='lat' dir='ltr'><strong>cujus</strong></span> <span class='ocrx_word' id='word_1_422' title='bbox 3109 3079 3312 3133; x_wconf 88' lang='lat' dir='ltr'><strong>dicitur</strong></span> <span class='ocrx_word' id='word_1_423' title='bbox 3338 3079 3487 3147; x_wconf 85' lang='lat' dir='ltr'><strong>prin--</strong></span> 
     </span>
    </p>
   </div>
   <div class='ocr_carea' id='block_1_60' title="bbox 230 3170 1808 3245">
    <p class='ocr_par' dir='ltr' id='par_1_60' title="bbox 230 3170 1808 3243">
     <span class='ocr_line' id='line_1_61' title="bbox 230 3170 1808 3243; baseline 0.001 -21"><span class='ocrx_word' id='word_1_424' title='bbox 230 3172 701 3242; x_wconf 83' lang='grc' dir='ltr'>παραδειγμάτων</span> <span class='ocrx_word' id='word_1_425' title='bbox 732 3170 1151 3235; x_wconf 75' lang='grc' dir='ltr'>κατασκευάζει.</span> <span class='ocrx_word' id='word_1_426' title='bbox 1183 3171 1346 3223; x_wconf 78' lang='grc' dir='ltr'>Ὥστε</span> <span class='ocrx_word' id='word_1_427' title='bbox 1372 3172 1431 3224; x_wconf 86' lang='lat' dir='ltr'><strong>tv</strong></span> <span class='ocrx_word' id='word_1_428' title='bbox 1450 3174 1515 3241; x_wconf 80' lang='grc' dir='ltr'>τῇ</span> <span class='ocrx_word' id='word_1_429' title='bbox 1548 3173 1689 3243; x_wconf 79' lang='grc' dir='ltr'><strong>ἀρχῇ</strong></span> <span class='ocrx_word' id='word_1_430' title='bbox 1718 3170 1808 3224; x_wconf 80' lang='grc' dir='ltr'>τοῦ</span> 
     </span>
    </p>
   </div>
   <div class='ocr_carea' id='block_1_61' title="bbox 1909 3170 3488 3245">
    <p class='ocr_par' dir='ltr' id='par_1_61' title="bbox 1916 3170 3488 3245">
     <span class='ocr_line' id='line_1_62' title="bbox 1916 3170 3488 3245; baseline -0.004 -16"><span class='ocrx_word' id='word_1_431' title='bbox 1916 3175 2139 3243; x_wconf 89' lang='lat' dir='ltr'><strong>cipium,</strong></span> <span class='ocrx_word' id='word_1_432' title='bbox 2174 3176 2336 3245; x_wconf 87' lang='lat' dir='ltr'><strong>idque</strong></span> <span class='ocrx_word' id='word_1_433' title='bbox 2381 3174 2647 3244; x_wconf 79' lang='lat' dir='ltr'><strong>exemplis</strong></span> <span class='ocrx_word' id='word_1_434' title='bbox 2676 3174 2932 3229; x_wconf 87' lang='lat' dir='ltr'><strong>ostendit.</strong></span> <span class='ocrx_word' id='word_1_435' title='bbox 2971 3171 3153 3237; x_wconf 85' lang='lat' dir='ltr'><strong>Quare</strong></span> <span class='ocrx_word' id='word_1_436' title='bbox 3195 3171 3248 3225; x_wconf 93' lang='lat' dir='ltr'><strong>in</strong></span> <span class='ocrx_word' id='word_1_437' title='bbox 3288 3170 3488 3241; x_wconf 87' lang='lat' dir='ltr'><strong>princi-</strong></span> 
     </span>
    </p>
   </div>
   <div class='ocr_carea' id='block_1_62' title="bbox 228 3260 1811 3333">
    <p class='ocr_par' dir='ltr' id='par_1_62' title="bbox 228 3260 1811 3333">
     <span class='ocr_line' id='line_1_63' title="bbox 228 3260 1811 3333; baseline 0.001 -21"><span class='ocrx_word' id='word_1_438' title='bbox 228 3264 431 3331; x_wconf 60' lang='grc' dir='ltr'>κρόκου</span> <span class='ocrx_word' id='word_1_439' title='bbox 460 3264 673 3316; x_wconf 72' lang='grc' dir='ltr'>καὶούκ</span> <span class='ocrx_word' id='word_1_440' title='bbox 721 3264 777 3315; x_wconf 88' lang='lat' dir='ltr'><strong>tv</strong></span> <span class='ocrx_word' id='word_1_441' title='bbox 821 3263 994 3332; x_wconf 69' lang='grc' dir='ltr'>χρόνῳ</span> <span class='ocrx_word' id='word_1_442' title='bbox 1044 3262 1135 3314; x_wconf 86' lang='grc' dir='ltr'>τὸν</span> <span class='ocrx_word' id='word_1_443' title='bbox 1170 3260 1399 3331; x_wconf 79' lang='grc' dir='ltr'>οὐρανὸν</span> <span class='ocrx_word' id='word_1_444' title='bbox 1438 3262 1531 3315; x_wconf 81' lang='grc' dir='ltr'>καὶ</span> <span class='ocrx_word' id='word_1_445' title='bbox 1579 3262 1677 3333; x_wconf 80' lang='grc' dir='ltr'>τὴν</span> <span class='ocrx_word' id='word_1_446' title='bbox 1706 3262 1811 3331; x_wconf 82' lang='grc' dir='ltr'>γῆν</span> 
     </span>
    </p>
   </div>
   <div class='ocr_carea' id='block_1_63' title="bbox 223 3353 1812 3423">
    <p class='ocr_par' dir='ltr' id='par_1_63' title="bbox 223 3353 1812 3423">
     <span class='ocr_line' id='line_1_64' title="bbox 223 3353 1812 3423; baseline 0.001 -19"><span class='ocrx_word' id='word_1_447' title='bbox 223 3353 493 3421; x_wconf 75' lang='grc' dir='ltr'>ἐποίησεν</span> <span class='ocrx_word' id='word_1_448' title='bbox 523 3355 551 3405; x_wconf 90' lang='grc' dir='ltr'><strong>ό</strong></span> <span class='ocrx_word' id='word_1_449' title='bbox 594 3355 746 3417; x_wconf 82' lang='grc' dir='ltr'>Θεός.</span> <span class='ocrx_word' id='word_1_450' title='bbox 793 3354 932 3407; x_wconf 79' lang='grc' dir='ltr'>Ἀλλ’</span> <span class='ocrx_word' id='word_1_451' title='bbox 980 3354 1037 3406; x_wconf 88' lang='lat' dir='ltr'><strong>tv</strong></span> <span class='ocrx_word' id='word_1_452' title='bbox 1080 3353 1237 3406; x_wconf 80' lang='grc' dir='ltr'>τοῦτο</span> <span class='ocrx_word' id='word_1_453' title='bbox 1284 3354 1680 3423; x_wconf 80' lang='grc' dir='ltr'>σημαινόμενον</span> <span class='ocrx_word' id='word_1_454' title='bbox 1712 3353 1812 3421; x_wconf 83' lang='grc' dir='ltr'>τῆς</span> 
     </span>
    </p>
   </div>
   <div class='ocr_carea' id='block_1_64' title="bbox 225 3434 1812 3513">
    <p class='ocr_par' dir='ltr' id='par_1_64' title="bbox 225 3434 1812 3513">
     <span class='ocr_line' id='line_1_65' title="bbox 225 3434 1812 3513; baseline 0.001 -19"><span class='ocrx_word' id='word_1_455' title='bbox 225 3445 292 3494; x_wconf 88' lang='lat' dir='ltr'><strong>tv</strong></span> <span class='ocrx_word' id='word_1_456' title='bbox 325 3434 370 3509; x_wconf 83' lang='grc' dir='ltr'>ᾧ</span> <span class='ocrx_word' id='word_1_457' title='bbox 405 3441 629 3509; x_wconf 76' lang='grc' dir='ltr'>γέγονεν</span> <span class='ocrx_word' id='word_1_458' title='bbox 666 3443 839 3511; x_wconf 79' lang='grc' dir='ltr'>ἀρχῆς</span> <span class='ocrx_word' id='word_1_459' title='bbox 889 3444 917 3494; x_wconf 79' lang='grc' dir='ltr'><strong>ό</strong></span> <span class='ocrx_word' id='word_1_460' title='bbox 953 3443 1179 3511; x_wconf 79' lang='grc' dir='ltr'>οὐρανὸς</span> <span class='ocrx_word' id='word_1_461' title='bbox 1224 3444 1317 3495; x_wconf 74' lang='grc' dir='ltr'>καὶ</span> <span class='ocrx_word' id='word_1_462' title='bbox 1354 3444 1388 3508; x_wconf 84' lang='grc' dir='ltr'><strong>ή</strong></span> <span class='ocrx_word' id='word_1_463' title='bbox 1419 3444 1510 3512; x_wconf 84' lang='grc' dir='ltr'><strong>γῆ.</strong></span> <span class='ocrx_word' id='word_1_464' title='bbox 1551 3441 1812 3513; x_wconf 81' lang='grc' dir='ltr'>Δεύτερον</span> 
     </span>
    </p>
   </div>
   <div class='ocr_carea' id='block_1_65' title="bbox 224 3531 1811 3606">
    <p class='ocr_par' dir='ltr' id='par_1_65' title="bbox 224 3531 1811 3606">
     <span class='ocr_line' id='line_1_66' title="bbox 224 3531 1811 3606; baseline 0.009 -21"><span class='ocrx_word' id='word_1_465' title='bbox 224 3536 295 3586; x_wconf 79' lang='grc' dir='ltr'>τὸ</span> <span class='ocrx_word' id='word_1_466' title='bbox 335 3532 555 3605; x_wconf 82' lang='grc' dir='ltr'>πρῶτον</span> <span class='ocrx_word' id='word_1_467' title='bbox 582 3531 677 3586; x_wconf 77' lang='grc' dir='ltr'>τοῦ</span> <span class='ocrx_word' id='word_1_468' title='bbox 707 3534 1227 3604; x_wconf 83' lang='grc' dir='ltr'>κατασκευάσματος</span> <span class='ocrx_word' id='word_1_469' title='bbox 1264 3533 1473 3603; x_wconf 82' lang='grc' dir='ltr'>μόριον,</span> <span class='ocrx_word' id='word_1_470' title='bbox 1502 3535 1577 3597; x_wconf 86' lang='grc' dir='ltr'><strong>ὠς</strong></span> <span class='ocrx_word' id='word_1_471' title='bbox 1605 3534 1747 3605; x_wconf 78' lang='grc' dir='ltr'>ἀρχὴ</span> <span class='ocrx_word' id='word_1_472' title='bbox 1776 3537 1811 3606; x_wconf 59' lang='lat' dir='ltr'><em>ﬂ</em></span> 
     </span>
    </p>
   </div>
   <div class='ocr_carea' id='block_1_66' title="bbox 224 3624 1813 3695">
    <p class='ocr_par' dir='ltr' id='par_1_66' title="bbox 224 3624 1813 3695">
     <span class='ocr_line' id='line_1_67' title="bbox 224 3624 1813 3695; baseline 0 -18"><span class='ocrx_word' id='word_1_473' title='bbox 224 3625 432 3693; x_wconf 86' lang='grc' dir='ltr'>τρόπις</span> <span class='ocrx_word' id='word_1_474' title='bbox 456 3624 551 3677; x_wconf 81' lang='grc' dir='ltr'>τοῦ</span> <span class='ocrx_word' id='word_1_475' title='bbox 582 3624 768 3677; x_wconf 82' lang='grc' dir='ltr'>πλοίου</span> <span class='ocrx_word' id='word_1_476' title='bbox 813 3626 906 3677; x_wconf 77' lang='grc' dir='ltr'>καὶ</span> <span class='ocrx_word' id='word_1_477' title='bbox 936 3627 985 3678; x_wconf 78' lang='grc' dir='ltr'>οἱ</span> <span class='ocrx_word' id='word_1_478' title='bbox 1015 3625 1253 3695; x_wconf 83' lang='grc' dir='ltr'>Θεμέλιοι</span> <span class='ocrx_word' id='word_1_479' title='bbox 1290 3625 1389 3694; x_wconf 82' lang='grc' dir='ltr'>τῆς</span> <span class='ocrx_word' id='word_1_480' title='bbox 1418 3625 1610 3688; x_wconf 89' lang='grc' dir='ltr'>οίκίας.</span> <span class='ocrx_word' id='word_1_481' title='bbox 1642 3625 1813 3694; x_wconf 83' lang='grc' dir='ltr'>Δῆλον</span> 
     </span>
    </p>
   </div>
   <div class='ocr_carea' id='block_1_67' title="bbox 221 3710 1811 3785">
    <p class='ocr_par' dir='ltr' id='par_1_67' title="bbox 221 3710 1811 3785">
     <span class='ocr_line' id='line_1_68' title="bbox 221 3710 1811 3785; baseline 0.002 -20"><span class='ocrx_word' id='word_1_482' title='bbox 221 3712 273 3765; x_wconf 77' lang='grc' dir='ltr'>δ’</span> <span class='ocrx_word' id='word_1_483' title='bbox 298 3712 383 3763; x_wconf 84' lang='grc' dir='ltr'>ὅτι</span> <span class='ocrx_word' id='word_1_484' title='bbox 418 3710 513 3763; x_wconf 78' lang='grc' dir='ltr'>καὶ</span> <span class='ocrx_word' id='word_1_485' title='bbox 541 3712 685 3765; x_wconf 81' lang='grc' dir='ltr'>κατὰ</span> <span class='ocrx_word' id='word_1_486' title='bbox 720 3712 877 3765; x_wconf 74' lang='grc' dir='ltr'>τοῦτό</span> <span class='ocrx_word' id='word_1_487' title='bbox 902 3729 1033 3783; x_wconf 88' lang='grc' dir='ltr'>φησι</span> <span class='ocrx_word' id='word_1_488' title='bbox 1073 3713 1556 3783; x_wconf 84' lang='grc' dir='ltr'>τδσημαινόμενον</span> <span class='ocrx_word' id='word_1_489' title='bbox 1582 3716 1678 3784; x_wconf 78' lang='grc' dir='ltr'><strong>τῆς</strong></span> <span class='ocrx_word' id='word_1_490' title='bbox 1711 3717 1811 3785; x_wconf 85' lang='grc' dir='ltr'>άρ-</span> 
     </span>
    </p>
   </div>
   <div class='ocr_carea' id='block_1_68' title="bbox 223 3798 1809 3874">
    <p class='ocr_par' dir='ltr' id='par_1_68' title="bbox 223 3798 1809 3874">
     <span class='ocr_line' id='line_1_69' title="bbox 223 3798 1809 3874; baseline 0.001 -19"><span class='ocrx_word' id='word_1_491' title='bbox 223 3801 337 3871; x_wconf 75' lang='grc' dir='ltr'><strong>χῆς</strong></span> <span class='ocrx_word' id='word_1_492' title='bbox 357 3802 585 3855; x_wconf 82' lang='grc' dir='ltr'>δυνατὸν</span> <span class='ocrx_word' id='word_1_493' title='bbox 615 3802 865 3871; x_wconf 70' lang='grc' dir='ltr'>ὶννοῆσαι</span> <span class='ocrx_word' id='word_1_494' title='bbox 884 3802 971 3855; x_wconf 86' lang='grc' dir='ltr'>τὸν</span> <span class='ocrx_word' id='word_1_495' title='bbox 990 3802 1216 3873; x_wconf 80' lang='grc' dir='ltr'>οὐρανὸν</span> <span class='ocrx_word' id='word_1_496' title='bbox 1238 3798 1332 3856; x_wconf 72' lang='grc' dir='ltr'><strong>καί</strong></span> <span class='ocrx_word' id='word_1_497' title='bbox 1347 3803 1447 3873; x_wconf 85' lang='grc' dir='ltr'><strong>τὴν</strong></span> <span class='ocrx_word' id='word_1_498' title='bbox 1468 3803 1571 3873; x_wconf 83' lang='grc' dir='ltr'>γῆν</span> <span class='ocrx_word' id='word_1_499' title='bbox 1590 3806 1647 3856; x_wconf 84' lang='lat' dir='ltr'><strong>tv</strong></span> <span class='ocrx_word' id='word_1_500' title='bbox 1666 3805 1809 3874; x_wconf 80' lang='grc' dir='ltr'><strong>ἀρχῇ</strong></span> 
     </span>
    </p>
   </div>
   <div class='ocr_carea' id='block_1_69' title="bbox 232 3888 1811 3965">
    <p class='ocr_par' dir='ltr' id='par_1_69' title="bbox 232 3888 1811 3965">
     <span class='ocr_line' id='line_1_70' title="bbox 232 3888 1811 3965; baseline 0.001 -18"><span class='ocrx_word' id='word_1_501' title='bbox 232 3893 574 3963; x_wconf 81' lang='grc' dir='ltr'>γεγενῆσθαι</span> <span class='ocrx_word' id='word_1_502' title='bbox 593 3910 609 3925; x_wconf 77' lang='grc'><em>’</em></span> <span class='ocrx_word' id='word_1_503' title='bbox 640 3888 752 3946; x_wconf 82' lang='grc' dir='ltr'>οἷον</span> <span class='ocrx_word' id='word_1_504' title='bbox 784 3893 893 3964; x_wconf 82' lang='grc' dir='ltr'><strong>γὰρ</strong></span> <span class='ocrx_word' id='word_1_505' title='bbox 922 3894 1169 3964; x_wconf 83' lang='grc' dir='ltr'>θεμέλιον</span> <span class='ocrx_word' id='word_1_506' title='bbox 1198 3894 1294 3946; x_wconf 81' lang='grc' dir='ltr'>καὶ</span> <span class='ocrx_word' id='word_1_507' title='bbox 1317 3894 1490 3965; x_wconf 79' lang='grc' dir='ltr'>ἀρχὴν</span> <span class='ocrx_word' id='word_1_508' title='bbox 1518 3895 1627 3949; x_wconf 84' lang='grc' dir='ltr'><strong>τῶν</strong></span> <span class='ocrx_word' id='word_1_509' title='bbox 1650 3912 1811 3963; x_wconf 83' lang='grc' dir='ltr'>γεγο-</span> 
     </span>
    </p>
   </div>
   <div class='ocr_carea' id='block_1_70' title="bbox 222 3984 1809 4057">
    <p class='ocr_par' dir='ltr' id='par_1_70' title="bbox 222 3984 1809 4057">
     <span class='ocr_line' id='line_1_71' title="bbox 222 3984 1809 4057; baseline 0.005 -19"><span class='ocrx_word' id='word_1_510' title='bbox 222 3986 405 4038; x_wconf 89' lang='grc' dir='ltr'>νότων</span> <span class='ocrx_word' id='word_1_511' title='bbox 424 3986 451 4038; x_wconf 90' lang='grc' dir='ltr'><strong>ό</strong></span> <span class='ocrx_word' id='word_1_512' title='bbox 472 3984 602 4047; x_wconf 85' lang='grc' dir='ltr'>Θεὸς</span> <span class='ocrx_word' id='word_1_513' title='bbox 628 3985 720 4040; x_wconf 77' lang='grc' dir='ltr'>τὸν</span> <span class='ocrx_word' id='word_1_514' title='bbox 748 3986 975 4054; x_wconf 81' lang='grc' dir='ltr'>οὐρανὸν</span> <span class='ocrx_word' id='word_1_515' title='bbox 993 3988 1086 4039; x_wconf 72' lang='grc' dir='ltr'>καὶ</span> <span class='ocrx_word' id='word_1_516' title='bbox 1112 3987 1211 4057; x_wconf 81' lang='grc' dir='ltr'>τὴν</span> <span class='ocrx_word' id='word_1_517' title='bbox 1230 3988 1333 4057; x_wconf 83' lang='grc' dir='ltr'>γῆν</span> <span class='ocrx_word' id='word_1_518' title='bbox 1356 3989 1809 4056; x_wconf 62' lang='grc' dir='ltr'>πφκατεὸάλετο.</span> 
     </span>
    </p>
   </div>
   <div class='ocr_carea' id='block_1_71' title="bbox 225 4075 1806 4146">
    <p class='ocr_par' dir='ltr' id='par_1_71' title="bbox 225 4075 1806 4146">
     <span class='ocr_line' id='line_1_72' title="bbox 225 4075 1806 4146; baseline 0.002 -17"><span class='ocrx_word' id='word_1_519' title='bbox 225 4075 395 4131; x_wconf 76' lang='grc' dir='ltr'>Κατὰ</span> <span class='ocrx_word' id='word_1_520' title='bbox 434 4076 491 4129; x_wconf 71' lang='grc' dir='ltr'><strong>δὲ</strong></span> <span class='ocrx_word' id='word_1_521' title='bbox 537 4075 607 4127; x_wconf 77' lang='grc' dir='ltr'><strong>τὰ</strong></span> <span class='ocrx_word' id='word_1_522' title='bbox 650 4076 788 4129; x_wconf 73' lang='grc' dir='ltr'>ἄλλα</span> <span class='ocrx_word' id='word_1_523' title='bbox 835 4075 935 4144; x_wconf 84' lang='grc' dir='ltr'>τῆς</span> <span class='ocrx_word' id='word_1_524' title='bbox 990 4076 1163 4145; x_wconf 82' lang='grc' dir='ltr'>ἀρχῆς</span> <span class='ocrx_word' id='word_1_525' title='bbox 1195 4078 1569 4146; x_wconf 81' lang='grc' dir='ltr'>σημαινόμενα</span> <span class='ocrx_word' id='word_1_526' title='bbox 1601 4079 1806 4133; x_wconf 79' lang='grc' dir='ltr'>οὐκέτι.</span> 
     </span>
    </p>
   </div>
   <div class='ocr_carea' id='block_1_72' title="bbox 308 4166 1812 4240">
    <p class='ocr_par' dir='ltr' id='par_1_72' title="bbox 308 4166 1812 4240">
     <span class='ocr_line' id='line_1_73' title="bbox 308 4166 1812 4240; baseline 0.003 -21"><span class='ocrx_word' id='word_1_527' title='bbox 308 4169 437 4220; x_wconf 74' lang='grc' dir='ltr'>Ὀτι</span> <span class='ocrx_word' id='word_1_528' title='bbox 458 4168 580 4220; x_wconf 79' lang='grc' dir='ltr'>ἀντὶ</span> <span class='ocrx_word' id='word_1_529' title='bbox 597 4168 643 4200; x_wconf 78' lang='grc'><strong>⁷⁸</strong></span> <span class='ocrx_word' id='word_1_530' title='bbox 664 4167 781 4230; x_wconf 83' lang='grc' dir='ltr'>τοῦ,</span> <span class='ocrx_word' id='word_1_531' title='bbox 814 4169 917 4221; x_wconf 81' lang='grc' dir='ltr'><em>Ἐν</em></span> <span class='ocrx_word' id='word_1_532' title='bbox 941 4166 1115 4235; x_wconf 77' lang='grc' dir='ltr'>ἀρχῇ,</span> <span class='ocrx_word' id='word_1_533' title='bbox 1138 4186 1155 4218; x_wconf 77' lang='grc' dir='ltr'><strong>ι</strong></span> <span class='ocrx_word' id='word_1_534' title='bbox 1182 4170 1238 4219; x_wconf 91' lang='lat' dir='ltr'><strong>tv</strong></span> <span class='ocrx_word' id='word_1_535' title='bbox 1256 4169 1535 4240; x_wconf 80' lang='grc' dir='ltr'>κεφαλαίῳ</span> <span class='ocrx_word' id='word_1_536' title='bbox 1559 4189 1577 4222; x_wconf 73' lang='grc' dir='ltr'><strong>ι</strong></span> <span class='ocrx_word' id='word_1_537' title='bbox 1599 4171 1768 4223; x_wconf 85' lang='grc' dir='ltr'>είπὼν</span> <span class='ocrx_word' id='word_1_538' title='bbox 1784 4173 1812 4223; x_wconf 90' lang='grc' dir='ltr'><strong>ό</strong></span> 
     </span>
    </p>
   </div>
   <div class='ocr_carea' id='block_1_73' title="bbox 234 4260 1811 4333">
    <p class='ocr_par' dir='ltr' id='par_1_73' title="bbox 234 4260 1811 4333">
     <span class='ocr_line' id='line_1_74' title="bbox 234 4260 1811 4333; baseline 0.001 -18"><span class='ocrx_word' id='word_1_539' title='bbox 234 4262 480 4324; x_wconf 82' lang='grc' dir='ltr'>’Λκύλας</span> <span class='ocrx_word' id='word_1_540' title='bbox 526 4262 743 4315; x_wconf 83' lang='grc' dir='ltr'>δίδωσιν</span> <span class='ocrx_word' id='word_1_541' title='bbox 770 4263 969 4313; x_wconf 79' lang='grc' dir='ltr'>ἐννοεῖν</span> <span class='ocrx_word' id='word_1_542' title='bbox 1009 4262 1131 4314; x_wconf 76' lang='grc' dir='ltr'>ἀντὶ</span> <span class='ocrx_word' id='word_1_543' title='bbox 1160 4260 1253 4314; x_wconf 79' lang='grc' dir='ltr'>τοῦ</span> <span class='ocrx_word' id='word_1_544' title='bbox 1295 4264 1687 4333; x_wconf 79' lang='grc' dir='ltr'>συνῃρημένως</span> <span class='ocrx_word' id='word_1_545' title='bbox 1718 4264 1811 4317; x_wconf 71' lang='grc' dir='ltr'>καὶ</span> 
     </span>
    </p>
   </div>
   <div class='ocr_carea' id='block_1_74' title="bbox 219 4351 1806 4424">
    <p class='ocr_par' dir='ltr' id='par_1_74' title="bbox 219 4351 1806 4424">
     <span class='ocr_line' id='line_1_75' title="bbox 219 4351 1806 4424; baseline 0.007 -17"><span class='ocrx_word' id='word_1_546' title='bbox 219 4354 367 4424; x_wconf 79' lang='grc' dir='ltr'>όμοῦ</span> <span class='ocrx_word' id='word_1_547' title='bbox 417 4352 670 4419; x_wconf 82' lang='grc' dir='ltr'>γενέσθαι</span> <span class='ocrx_word' id='word_1_548' title='bbox 691 4353 783 4405; x_wconf 83' lang='grc' dir='ltr'>τὸν</span> <span class='ocrx_word' id='word_1_549' title='bbox 804 4351 1028 4420; x_wconf 82' lang='grc' dir='ltr'>οὐρανὸν</span> <span class='ocrx_word' id='word_1_550' title='bbox 1053 4352 1336 4421; x_wconf 82' lang='grc' dir='ltr'>σημαίνειν</span> <span class='ocrx_word' id='word_1_551' title='bbox 1369 4354 1448 4415; x_wconf 85' lang='grc' dir='ltr'>τὸ,</span> <span class='ocrx_word' id='word_1_552' title='bbox 1493 4355 1595 4406; x_wconf 79' lang='grc' dir='ltr'><strong>Ἐν</strong></span> <span class='ocrx_word' id='word_1_553' title='bbox 1622 4354 1806 4423; x_wconf 68' lang='grc' dir='ltr'><strong>ἀρχιῑο</strong></span> 
     </span>
    </p>
   </div>
   <div class='ocr_carea' id='block_1_75' title="bbox 218 4444 1810 4516">
    <p class='ocr_par' dir='ltr' id='par_1_75' title="bbox 218 4444 1810 4516">
     <span class='ocr_line' id='line_1_76' title="bbox 218 4444 1810 4516; baseline -0.001 -15"><span class='ocrx_word' id='word_1_554' title='bbox 218 4446 352 4501; x_wconf 74' lang='grc' dir='ltr'>οὐδὲ</span> <span class='ocrx_word' id='word_1_555' title='bbox 384 4446 494 4515; x_wconf 85' lang='grc' dir='ltr'><strong>γὰρ</strong></span> <span class='ocrx_word' id='word_1_556' title='bbox 516 4445 575 4498; x_wconf 86' lang='grc' dir='ltr'>τὸ</span> <span class='ocrx_word' id='word_1_557' title='bbox 610 4444 711 4514; x_wconf 86' lang='grc' dir='ltr'>μὲν</span> <span class='ocrx_word' id='word_1_558' title='bbox 758 4444 937 4498; x_wconf 80' lang='grc' dir='ltr'>αὐτῶν</span> <span class='ocrx_word' id='word_1_559' title='bbox 990 4444 1275 4514; x_wconf 88' lang='grc' dir='ltr'>πρότερον,</span> <span class='ocrx_word' id='word_1_560' title='bbox 1300 4446 1358 4497; x_wconf 83' lang='grc' dir='ltr'>τὸ</span> <span class='ocrx_word' id='word_1_561' title='bbox 1384 4444 1440 4497; x_wconf 82' lang='grc' dir='ltr'><strong>δὲ</strong></span> <span class='ocrx_word' id='word_1_562' title='bbox 1478 4445 1703 4516; x_wconf 78' lang='grc' dir='ltr'>ὕστερον</span> <span class='ocrx_word' id='word_1_563' title='bbox 1721 4448 1810 4513; x_wconf 86' lang='grc' dir='ltr'><strong>γέ-</strong></span> 
     </span>
    </p>
   </div>
   <div class='ocr_carea' id='block_1_76' title="bbox 220 4511 1885 4606">
    <p class='ocr_par' dir='ltr' id='par_1_76' title="bbox 220 4511 1885 4606">
     <span class='ocr_line' id='line_1_77' title="bbox 220 4511 1885 4606; baseline -0.001 -15"><span class='ocrx_word' id='word_1_564' title='bbox 220 4511 409 4606; x_wconf 57' lang='grc' dir='ltr'>γονεν,</span> <span class='ocrx_word' id='word_1_565' title='bbox 466 4511 755 4605; x_wconf 63' lang='grc' dir='ltr'>Ὲίώθαμεν</span> <span class='ocrx_word' id='word_1_566' title='bbox 784 4534 892 4604; x_wconf 86' lang='grc' dir='ltr'>γὰρ</span> <span class='ocrx_word' id='word_1_567' title='bbox 954 4511 1249 4602; x_wconf 77' lang='grc' dir='ltr'>κεφάλαιον</span> <span class='ocrx_word' id='word_1_568' title='bbox 1290 4535 1477 4589; x_wconf 79' lang='grc' dir='ltr'>καλεῖν</span> <span class='ocrx_word' id='word_1_569' title='bbox 1504 4511 1693 4606; x_wconf 28' lang='grc' dir='ltr'>τὴννὲν</span> <span class='ocrx_word' id='word_1_570' title='bbox 1727 4511 1809 4590; x_wconf 80' lang='lat' dir='ltr'><strong>tvl.</strong></span> <span class='ocrx_word' id='word_1_571' title='bbox 1848 4511 1885 4562; x_wconf 68' lang='grc' dir='ltr'>θ</span> 
     </span>
    </p>
   </div>
   <div class='ocr_carea' id='block_1_77' title="bbox 220 4626 1810 4699">
    <p class='ocr_par' dir='ltr' id='par_1_77' title="bbox 220 4626 1810 4699">
     <span class='ocr_line' id='line_1_78' title="bbox 220 4626 1810 4699; baseline -0.001 -16"><span class='ocrx_word' id='word_1_572' title='bbox 220 4628 446 4684; x_wconf 79' lang='grc' dir='ltr'>πολλῶν</span> <span class='ocrx_word' id='word_1_573' title='bbox 461 4629 505 4658; x_wconf 86' lang='grc'><strong>⁷⁷</strong></span> <span class='ocrx_word' id='word_1_574' title='bbox 535 4626 653 4697; x_wconf 72' lang='grc' dir='ltr'>ἅμα</span> <span class='ocrx_word' id='word_1_575' title='bbox 673 4628 982 4696; x_wconf 88' lang='grc' dir='ltr'>συναίρεσιν</span> <span class='ocrx_word' id='word_1_576' title='bbox 1001 4644 1014 4657; x_wconf 67' lang='grc'>⁸</span> <span class='ocrx_word' id='word_1_577' title='bbox 1049 4628 1141 4680; x_wconf 74' lang='grc' dir='ltr'>καὶ</span> <span class='ocrx_word' id='word_1_578' title='bbox 1162 4626 1330 4697; x_wconf 83' lang='grc' dir='ltr'>πολλὴ</span> <span class='ocrx_word' id='word_1_579' title='bbox 1363 4628 1396 4697; x_wconf 83' lang='grc' dir='ltr'><strong>ή</strong></span> <span class='ocrx_word' id='word_1_580' title='bbox 1424 4628 1636 4697; x_wconf 80' lang='grc' dir='ltr'>χρῆσις.</span> <span class='ocrx_word' id='word_1_581' title='bbox 1658 4628 1810 4699; x_wconf 76' lang='grc' dir='ltr'>Ἐδή-</span> 
     </span>
    </p>
   </div>
   <div class='ocr_carea' id='block_1_78' title="bbox 218 4716 1811 4788">
    <p class='ocr_par' dir='ltr' id='par_1_78' title="bbox 218 4716 1811 4788">
     <span class='ocr_line' id='line_1_79' title="bbox 218 4716 1811 4788; baseline 0.001 -18"><span class='ocrx_word' id='word_1_582' title='bbox 218 4720 370 4771; x_wconf 88' lang='grc' dir='ltr'>λωσε</span> <span class='ocrx_word' id='word_1_583' title='bbox 418 4716 475 4769; x_wconf 74' lang='grc' dir='ltr'><strong>δὲ</strong></span> <span class='ocrx_word' id='word_1_584' title='bbox 540 4717 633 4769; x_wconf 78' lang='grc' dir='ltr'>καὶ</span> <span class='ocrx_word' id='word_1_585' title='bbox 662 4718 694 4786; x_wconf 87' lang='grc' dir='ltr'><strong>ή</strong></span> <span class='ocrx_word' id='word_1_586' title='bbox 723 4716 823 4786; x_wconf 77' lang='grc' dir='ltr'>τῆς</span> <span class='ocrx_word' id='word_1_587' title='bbox 850 4717 971 4770; x_wconf 82' lang='grc' dir='ltr'><strong>σὺν</strong></span> <span class='ocrx_word' id='word_1_588' title='bbox 994 4718 1302 4787; x_wconf 83' lang='grc' dir='ltr'>προσθήκη,</span> <span class='ocrx_word' id='word_1_589' title='bbox 1354 4718 1691 4788; x_wconf 81' lang='grc' dir='ltr'>συνδυασμὸν</span> <span class='ocrx_word' id='word_1_590' title='bbox 1735 4720 1811 4782; x_wconf 86' lang='grc' dir='ltr'><strong>ὡς</strong></span> 
     </span>
    </p>
   </div>
   <div class='ocr_carea' id='block_1_79' title="bbox 216 4810 1812 4882">
    <p class='ocr_par' dir='ltr' id='par_1_79' title="bbox 216 4810 1812 4882">
     <span class='ocr_line' id='line_1_80' title="bbox 216 4810 1812 4882; baseline -0.001 -14"><span class='ocrx_word' id='word_1_591' title='bbox 216 4815 291 4868; x_wconf 67' lang='grc' dir='ltr'><strong>τά</strong></span> <span class='ocrx_word' id='word_1_592' title='bbox 332 4810 505 4866; x_wconf 83' lang='grc' dir='ltr'>πολλὰ</span> <span class='ocrx_word' id='word_1_593' title='bbox 528 4811 784 4881; x_wconf 82' lang='grc' dir='ltr'>δηλοῦσα.</span> <span class='ocrx_word' id='word_1_594' title='bbox 814 4813 922 4865; x_wconf 75' lang='grc' dir='ltr'><strong>Καὶ</strong></span> <span class='ocrx_word' id='word_1_595' title='bbox 946 4813 1051 4882; x_wconf 85' lang='grc' dir='ltr'><strong>γάρ</strong></span> <span class='ocrx_word' id='word_1_596' title='bbox 1066 4810 1254 4877; x_wconf 84' lang='grc' dir='ltr'>εἰπὼν,</span> <span class='ocrx_word' id='word_1_597' title='bbox 1273 4813 1374 4865; x_wconf 76' lang='grc' dir='ltr'><em>Ἐν</em></span> <span class='ocrx_word' id='word_1_598' title='bbox 1390 4814 1694 4880; x_wconf 70' lang='grc' dir='ltr'>κεφαλαίῳ</span> <span class='ocrx_word' id='word_1_599' title='bbox 1714 4814 1812 4867; x_wconf 80' lang='grc' dir='ltr'><strong>ἐκ·</strong></span> 
     </span>
    </p>
   </div>
   <div class='ocr_carea' id='block_1_80' title="bbox 218 4902 1808 4975">
    <p class='ocr_par' dir='ltr' id='par_1_80' title="bbox 218 4902 1808 4975">
     <span class='ocr_line' id='line_1_81' title="bbox 218 4902 1808 4975; baseline -0.001 -16"><span class='ocrx_word' id='word_1_600' title='bbox 218 4922 361 4960; x_wconf 84' lang='grc' dir='ltr'>τισε</span> <span class='ocrx_word' id='word_1_601' title='bbox 428 4904 551 4958; x_wconf 81' lang='grc' dir='ltr'><strong>σὺν</strong></span> <span class='ocrx_word' id='word_1_602' title='bbox 588 4905 695 4956; x_wconf 79' lang='grc' dir='ltr'>τόν</span> <span class='ocrx_word' id='word_1_603' title='bbox 764 4903 1045 4970; x_wconf 75' lang='grc' dir='ltr'>οὐρανόν,</span> <span class='ocrx_word' id='word_1_604' title='bbox 1095 4902 1218 4956; x_wconf 85' lang='grc' dir='ltr'><strong>σὺν</strong></span> <span class='ocrx_word' id='word_1_605' title='bbox 1257 4902 1373 4970; x_wconf 78' lang='grc' dir='ltr'><strong>τὴν</strong></span> <span class='ocrx_word' id='word_1_606' title='bbox 1414 4903 1553 4971; x_wconf 77' lang='grc' dir='ltr'>γῆν,</span> <span class='ocrx_word' id='word_1_607' title='bbox 1588 4906 1644 4956; x_wconf 81' lang='grc' dir='ltr'>ἐν</span> <span class='ocrx_word' id='word_1_608' title='bbox 1668 4906 1808 4975; x_wconf 82' lang='grc' dir='ltr'><strong>ἀρχῇ</strong></span> 
     </span>
    </p>
   </div>
   <div class='ocr_carea' id='block_1_81' title="bbox 218 4993 1805 5067">
    <p class='ocr_par' dir='ltr' id='par_1_81' title="bbox 218 4993 1805 5067">
     <span class='ocr_line' id='line_1_82' title="bbox 218 4993 1805 5067; baseline 0.001 -19"><span class='ocrx_word' id='word_1_609' title='bbox 218 4996 478 5067; x_wconf 80' lang='grc' dir='ltr'>παρέσχε</span> <span class='ocrx_word' id='word_1_610' title='bbox 533 4994 632 5064; x_wconf 81' lang='grc' dir='ltr'>τὴν</span> <span class='ocrx_word' id='word_1_611' title='bbox 664 4994 895 5064; x_wconf 82' lang='grc' dir='ltr'>δήλωσιν</span> <span class='ocrx_word' id='word_1_612' title='bbox 928 4994 1021 5047; x_wconf 77' lang='grc' dir='ltr'><strong>τοῦ</strong></span> <span class='ocrx_word' id='word_1_613' title='bbox 1084 4996 1203 5065; x_wconf 80' lang='grc' dir='ltr'>ἃμα</span> <span class='ocrx_word' id='word_1_614' title='bbox 1245 4993 1497 5063; x_wconf 83' lang='grc' dir='ltr'>γενέσθαι</span> <span class='ocrx_word' id='word_1_615' title='bbox 1558 4996 1629 5048; x_wconf 86' lang='grc' dir='ltr'>τὰ</span> <span class='ocrx_word' id='word_1_616' title='bbox 1693 4995 1805 5049; x_wconf 89' lang='grc' dir='ltr'>δύο.</span> 
     </span>
    </p>
   </div>
   <div class='ocr_carea' id='block_1_82' title="bbox 222 5086 1808 5158">
    <p class='ocr_par' dir='ltr' id='par_1_82' title="bbox 222 5086 1808 5158">
     <span class='ocr_line' id='line_1_83' title="bbox 222 5086 1808 5158; baseline -0.001 -16"><span class='ocrx_word' id='word_1_617' title='bbox 222 5089 391 5148; x_wconf 81' lang='grc' dir='ltr'>Τινὲς</span> <span class='ocrx_word' id='word_1_618' title='bbox 444 5086 527 5150; x_wconf 80' lang='grc' dir='ltr'>τὸ,</span> <span class='ocrx_word' id='word_1_619' title='bbox 558 5088 616 5139; x_wconf 90' lang='lat' dir='ltr'><strong>tv</strong></span> <span class='ocrx_word' id='word_1_620' title='bbox 657 5086 968 5156; x_wconf 83' lang='grc' dir='ltr'>κεφαλαίῳ,</span> <span class='ocrx_word' id='word_1_621' title='bbox 1004 5088 1100 5157; x_wconf 83' lang='grc' dir='ltr'>οὐχ</span> <span class='ocrx_word' id='word_1_622' title='bbox 1145 5086 1340 5150; x_wconf 76' lang='grc' dir='ltr'>οὕτως,</span> <span class='ocrx_word' id='word_1_623' title='bbox 1373 5087 1487 5140; x_wconf 83' lang='grc' dir='ltr'>ἀλλ’</span> <span class='ocrx_word' id='word_1_624' title='bbox 1548 5087 1657 5139; x_wconf 79' lang='grc' dir='ltr'><strong>ἀπὸ</strong></span> <span class='ocrx_word' id='word_1_625' title='bbox 1709 5089 1808 5158; x_wconf 83' lang='grc' dir='ltr'><strong>τῆς</strong></span> 
     </span>
    </p>
   </div>
   <div class='ocr_carea' id='block_1_83' title="bbox 219 5174 1810 5247">
    <p class='ocr_par' dir='ltr' id='par_1_83' title="bbox 219 5174 1810 5247">
     <span class='ocr_line' id='line_1_84' title="bbox 219 5174 1810 5247; baseline -0.002 -16"><span class='ocrx_word' id='word_1_626' title='bbox 219 5178 405 5247; x_wconf 79' lang='grc' dir='ltr'>ἀρχῆς</span> <span class='ocrx_word' id='word_1_627' title='bbox 418 5174 515 5228; x_wconf 77' lang='grc' dir='ltr'>τοῦ</span> <span class='ocrx_word' id='word_1_628' title='bbox 546 5175 794 5244; x_wconf 85' lang='grc' dir='ltr'>σώματος</span> <span class='ocrx_word' id='word_1_629' title='bbox 810 5177 909 5245; x_wconf 81' lang='grc' dir='ltr'>τῆς</span> <span class='ocrx_word' id='word_1_630' title='bbox 936 5177 1321 5246; x_wconf 77' lang='grc' dir='ltr'>κεφαλῆςιαὺτὺ</span> <span class='ocrx_word' id='word_1_631' title='bbox 1348 5176 1689 5245; x_wconf 75' lang='grc' dir='ltr'>λογιζόμενοι</span> <span class='ocrx_word' id='word_1_632' title='bbox 1714 5178 1810 5229; x_wconf 78' lang='lat' dir='ltr'><strong>to-</strong></span> 
     </span>
    </p>
   </div>
   <div class='ocr_carea' id='block_1_84' title="bbox 220 5265 1805 5339">
    <p class='ocr_par' dir='ltr' id='par_1_84' title="bbox 220 5265 1805 5339">
     <span class='ocr_line' id='line_1_85' title="bbox 220 5265 1805 5339; baseline 0.002 -20"><span class='ocrx_word' id='word_1_633' title='bbox 220 5265 595 5339; x_wconf 81' lang='grc' dir='ltr'>χηματίσθαι,</span> <span class='ocrx_word' id='word_1_634' title='bbox 629 5269 710 5330; x_wconf 85' lang='grc' dir='ltr'><strong>είς</strong></span> <span class='ocrx_word' id='word_1_635' title='bbox 750 5266 1007 5337; x_wconf 82' lang='grc' dir='ltr'>τοιαύτην</span> <span class='ocrx_word' id='word_1_636' title='bbox 1036 5267 1211 5339; x_wconf 83' lang='grc' dir='ltr'>ἀρχὴν</span> <span class='ocrx_word' id='word_1_637' title='bbox 1230 5267 1361 5321; x_wconf 81' lang='grc' dir='ltr'>αὐτὸ</span> <span class='ocrx_word' id='word_1_638' title='bbox 1395 5268 1805 5338; x_wconf 83' lang='grc' dir='ltr'>μετειλήφασιν.</span> 
     </span>
    </p>
   </div>
   <div class='ocr_carea' id='block_1_85' title="bbox 306 5444 1808 5517">
    <p class='ocr_par' dir='ltr' id='par_1_85' title="bbox 306 5444 1808 5517">
     <span class='ocr_line' id='line_1_86' title="bbox 306 5444 1808 5517; baseline -0.001 -18"><span class='ocrx_word' id='word_1_639' title='bbox 306 5446 435 5499; x_wconf 83' lang='grc' dir='ltr'><strong>ὐτι</strong></span> <span class='ocrx_word' id='word_1_640' title='bbox 504 5445 689 5515; x_wconf 78' lang='grc' dir='ltr'>φησὶν,</span> <span class='ocrx_word' id='word_1_641' title='bbox 754 5445 995 5517; x_wconf 74' lang='grc' dir='ltr'>Οὐρανὸν</span> <span class='ocrx_word' id='word_1_642' title='bbox 1047 5458 1137 5499; x_wconf 86' lang='grc' dir='ltr'><strong>και</strong></span> <span class='ocrx_word' id='word_1_643' title='bbox 1202 5445 1306 5515; x_wconf 83' lang='grc' dir='ltr'>γῆν</span> <span class='ocrx_word' id='word_1_644' title='bbox 1373 5444 1541 5499; x_wconf 78' lang='grc' dir='ltr'>εἰπὼν</span> <span class='ocrx_word' id='word_1_645' title='bbox 1588 5446 1675 5499; x_wconf 80' lang='grc' dir='ltr'><strong>διὰ</strong></span> <span class='ocrx_word' id='word_1_646' title='bbox 1698 5448 1808 5499; x_wconf 82' lang='grc' dir='ltr'><strong>τῶν</strong></span> 
     </span>
    </p>
   </div>
   <div class='ocr_carea' id='block_1_86' title="bbox 301 5628 661 5696">
    <p class='ocr_par' dir='ltr' id='par_1_86' title="bbox 301 5628 661 5696">
     <span class='ocr_line' id='line_1_87' title="bbox 301 5628 661 5696; baseline -0.011 -10"><span class='ocrx_word' id='word_1_647' title='bbox 301 5642 323 5669; x_wconf 78' lang='grc'><em>³</em></span> <span class='ocrx_word' id='word_1_648' title='bbox 359 5628 500 5686; x_wconf 84' lang='lat' dir='ltr'><strong>Gen.</strong></span> <span class='ocrx_word' id='word_1_649' title='bbox 539 5645 577 5696; x_wconf 88' lang='lat' dir='ltr'><strong>t,</strong></span> <span class='ocrx_word' id='word_1_650' title='bbox 612 5630 661 5684; x_wconf 83' lang='lat' dir='ltr'><strong>l.</strong></span> 
     </span>
    </p>
   </div>
   <div class='ocr_carea' id='block_1_87' title="bbox 1915 3263 3489 3345">
    <p class='ocr_par' dir='ltr' id='par_1_87' title="bbox 1915 3263 3489 3345">
     <span class='ocr_line' id='line_1_88' title="bbox 1915 3263 3489 3345; baseline -0.003 -25"><span class='ocrx_word' id='word_1_651' title='bbox 1915 3267 2002 3337; x_wconf 90' lang='lat' dir='ltr'><strong>pio</strong></span> <span class='ocrx_word' id='word_1_652' title='bbox 2030 3267 2304 3345; x_wconf 78' lang='lat' dir='ltr'><strong>temporis,</strong></span> <span class='ocrx_word' id='word_1_653' title='bbox 2344 3275 2399 3321; x_wconf 92' lang='lat' dir='ltr'><strong>et</strong></span> <span class='ocrx_word' id='word_1_654' title='bbox 2431 3281 2536 3320; x_wconf 91' lang='lat' dir='ltr'><strong>non</strong></span> <span class='ocrx_word' id='word_1_655' title='bbox 2568 3265 2621 3319; x_wconf 93' lang='lat' dir='ltr'><strong>in</strong></span> <span class='ocrx_word' id='word_1_656' title='bbox 2656 3272 2918 3333; x_wconf 89' lang='lat' dir='ltr'><strong>tempore,</strong></span> <span class='ocrx_word' id='word_1_657' title='bbox 2950 3263 3146 3318; x_wconf 79' lang='lat' dir='ltr'><strong>ccelum</strong></span> <span class='ocrx_word' id='word_1_658' title='bbox 3178 3269 3489 3328; x_wconf 84' lang='lat' dir='ltr'><strong>terramque</strong></span> 
     </span>
    </p>
   </div>
   <div class='ocr_carea' id='block_1_88' title="bbox 1913 3352 3486 3425">
    <p class='ocr_par' dir='ltr' id='par_1_88' title="bbox 1913 3352 3486 3425">
     <span class='ocr_line' id='line_1_89' title="bbox 1913 3352 3486 3425; baseline -0.005 -12"><span class='ocrx_word' id='word_1_659' title='bbox 1913 3361 2152 3415; x_wconf 87' lang='lat' dir='ltr'><strong>condidit</strong></span> <span class='ocrx_word' id='word_1_660' title='bbox 2211 3360 2369 3413; x_wconf 89' lang='lat' dir='ltr'><strong>Deus.</strong></span> <span class='ocrx_word' id='word_1_661' title='bbox 2418 3357 2523 3412; x_wconf 88' lang='lat' dir='ltr'><strong>Sed</strong></span> <span class='ocrx_word' id='word_1_662' title='bbox 2574 3372 2743 3411; x_wconf 92' lang='lat' dir='ltr'><strong>unum</strong></span> <span class='ocrx_word' id='word_1_663' title='bbox 2798 3358 2901 3410; x_wconf 87' lang='lat' dir='ltr'><strong>hoc</strong></span> <span class='ocrx_word' id='word_1_664' title='bbox 2959 3354 3233 3425; x_wconf 86' lang='lat' dir='ltr'><strong>significat</strong></span> <span class='ocrx_word' id='word_1_665' title='bbox 3276 3352 3486 3421; x_wconf 87' lang='lat' dir='ltr'><strong>princi-</strong></span> 
     </span>
    </p>
   </div>
   <div class='ocr_carea' id='block_1_89' title="bbox 1913 3442 3488 3521">
    <p class='ocr_par' dir='ltr' id='par_1_89' title="bbox 1913 3442 3488 3521">
     <span class='ocr_line' id='line_1_90' title="bbox 1913 3442 3488 3521; baseline -0.006 -17"><span class='ocrx_word' id='word_1_666' title='bbox 1913 3452 2080 3521; x_wconf 90' lang='lat' dir='ltr'><strong>pium,</strong></span> <span class='ocrx_word' id='word_1_667' title='bbox 2108 3451 2158 3504; x_wconf 94' lang='lat' dir='ltr'><strong>in</strong></span> <span class='ocrx_word' id='word_1_668' title='bbox 2183 3465 2289 3520; x_wconf 89' lang='lat' dir='ltr'><strong>quo</strong></span> <span class='ocrx_word' id='word_1_669' title='bbox 2312 3449 2507 3505; x_wconf 77' lang='lat' dir='ltr'><strong>ccelum</strong></span> <span class='ocrx_word' id='word_1_670' title='bbox 2536 3458 2591 3502; x_wconf 92' lang='lat' dir='ltr'><strong>et</strong></span> <span class='ocrx_word' id='word_1_671' title='bbox 2622 3458 2765 3503; x_wconf 91' lang='lat' dir='ltr'><strong>terra</strong></span> <span class='ocrx_word' id='word_1_672' title='bbox 2789 3446 3005 3502; x_wconf 85' lang='lat' dir='ltr'><strong>condita</strong></span> <span class='ocrx_word' id='word_1_673' title='bbox 3032 3454 3181 3499; x_wconf 91' lang='lat' dir='ltr'><strong>sunt.</strong></span> <span class='ocrx_word' id='word_1_674' title='bbox 3212 3442 3488 3509; x_wconf 86' lang='lat' dir='ltr'><strong>Secundo,</strong></span> 
     </span>
    </p>
   </div>
   <div class='ocr_carea' id='block_1_90' title="bbox 1911 3535 3492 3610">
    <p class='ocr_par' dir='ltr' id='par_1_90' title="bbox 1911 3535 3492 3610">
     <span class='ocr_line' id='line_1_91' title="bbox 1911 3535 3492 3610; baseline -0.006 -15"><span class='ocrx_word' id='word_1_675' title='bbox 1911 3542 2083 3610; x_wconf 87' lang='lat' dir='ltr'><strong>prima</strong></span> <span class='ocrx_word' id='word_1_676' title='bbox 2143 3540 2344 3610; x_wconf 71' lang='lat' dir='ltr'><strong>323a</strong></span> <span class='ocrx_word' id='word_1_677' title='bbox 2380 3539 2599 3593; x_wconf 65' lang='lat' dir='ltr'><strong>fabricae</strong></span> <span class='ocrx_word' id='word_1_678' title='bbox 2646 3552 2795 3607; x_wconf 89' lang='lat' dir='ltr'><strong>pars,</strong></span> <span class='ocrx_word' id='word_1_679' title='bbox 2846 3545 2905 3590; x_wconf 94' lang='lat' dir='ltr'><strong>ut</strong></span> <span class='ocrx_word' id='word_1_680' title='bbox 2944 3535 3154 3589; x_wconf 90' lang='lat' dir='ltr'><strong>initium</strong></span> <span class='ocrx_word' id='word_1_681' title='bbox 3206 3536 3363 3589; x_wconf 83' lang='lat' dir='ltr'><strong>navis</strong></span> <span class='ocrx_word' id='word_1_682' title='bbox 3407 3545 3492 3587; x_wconf 85' lang='lat' dir='ltr'><strong>est</strong></span> 
     </span>
    </p>
   </div>
   <div class='ocr_carea' id='block_1_91' title="bbox 1912 3626 3489 3695">
    <p class='ocr_par' dir='ltr' id='par_1_91' title="bbox 1912 3626 3489 3695">
     <span class='ocr_line' id='line_1_92' title="bbox 1912 3626 3489 3695; baseline -0.003 -12"><span class='ocrx_word' id='word_1_683' title='bbox 1912 3630 2125 3693; x_wconf 88' lang='lat' dir='ltr'><strong>carina,</strong></span> <span class='ocrx_word' id='word_1_684' title='bbox 2151 3632 2343 3683; x_wconf 88' lang='lat' dir='ltr'><strong>domus</strong></span> <span class='ocrx_word' id='word_1_685' title='bbox 2370 3628 2741 3681; x_wconf 87' lang='lat' dir='ltr'><strong>fundamenta.</strong></span> <span class='ocrx_word' id='word_1_686' title='bbox 2779 3626 2917 3680; x_wconf 84' lang='lat' dir='ltr'><strong>Hinc</strong></span> <span class='ocrx_word' id='word_1_687' title='bbox 2944 3634 3169 3695; x_wconf 83' lang='lat' dir='ltr'><strong>apparet</strong></span> <span class='ocrx_word' id='word_1_688' title='bbox 3204 3633 3258 3679; x_wconf 88' lang='lat' dir='ltr'><strong>et</strong></span> <span class='ocrx_word' id='word_1_689' title='bbox 3299 3627 3489 3679; x_wconf 87' lang='lat' dir='ltr'><strong>eodem</strong></span> 
     </span>
    </p>
   </div>
   <div class='ocr_carea' id='block_1_92' title="bbox 1913 3716 3489 3791">
    <p class='ocr_par' dir='ltr' id='par_1_92' title="bbox 1913 3716 3489 3791">
     <span class='ocr_line' id='line_1_93' title="bbox 1913 3716 3489 3791; baseline -0.003 -18"><span class='ocrx_word' id='word_1_690' title='bbox 1913 3721 2071 3775; x_wconf 90' lang='lat' dir='ltr'><strong>modo</strong></span> <span class='ocrx_word' id='word_1_691' title='bbox 2089 3720 2543 3791; x_wconf 79' lang='lat' dir='ltr'><strong>signiﬁcationem</strong></span> <span class='ocrx_word' id='word_1_692' title='bbox 2565 3718 2814 3788; x_wconf 92' lang='lat' dir='ltr'><strong>principii</strong></span> <span class='ocrx_word' id='word_1_693' title='bbox 2837 3716 3057 3784; x_wconf 87' lang='lat' dir='ltr'><strong>intelligi</strong></span> <span class='ocrx_word' id='word_1_694' title='bbox 3089 3730 3267 3783; x_wconf 87' lang='lat' dir='ltr'><strong>posse,</strong></span> <span class='ocrx_word' id='word_1_695' title='bbox 3286 3716 3489 3770; x_wconf 66' lang='lat' dir='ltr'><strong>caelum</strong></span> 
     </span>
    </p>
   </div>
   <div class='ocr_carea' id='block_1_93' title="bbox 1910 3807 3495 3882">
    <p class='ocr_par' dir='ltr' id='par_1_93' title="bbox 1910 3807 3495 3882">
     <span class='ocr_line' id='line_1_94' title="bbox 1910 3807 3495 3882; baseline -0.005 -13"><span class='ocrx_word' id='word_1_696' title='bbox 1910 3822 1965 3869; x_wconf 92' lang='lat' dir='ltr'><strong>et</strong></span> <span class='ocrx_word' id='word_1_697' title='bbox 1988 3824 2183 3867; x_wconf 86' lang='lat' dir='ltr'><strong>terram</strong></span> <span class='ocrx_word' id='word_1_698' title='bbox 2215 3813 2269 3867; x_wconf 88' lang='lat' dir='ltr'><strong>in</strong></span> <span class='ocrx_word' id='word_1_699' title='bbox 2306 3812 2570 3882; x_wconf 90' lang='lat' dir='ltr'><strong>principio</strong></span> <span class='ocrx_word' id='word_1_700' title='bbox 2617 3811 2758 3865; x_wconf 88' lang='lat' dir='ltr'><strong>facta</strong></span> <span class='ocrx_word' id='word_1_701' title='bbox 2788 3823 2929 3864; x_wconf 85' lang='lat' dir='ltr'><strong>esse.</strong></span> <span class='ocrx_word' id='word_1_702' title='bbox 2964 3808 3095 3863; x_wconf 88' lang='lat' dir='ltr'><strong>Tale</strong></span> <span class='ocrx_word' id='word_1_703' title='bbox 3128 3809 3271 3863; x_wconf 92' lang='lat' dir='ltr'><strong>enim</strong></span> <span class='ocrx_word' id='word_1_704' title='bbox 3307 3807 3495 3861; x_wconf 81' lang='lat' dir='ltr'><strong>funda-</strong></span> 
     </span>
    </p>
   </div>
   <div class='ocr_carea' id='block_1_94' title="bbox 1912 3900 3489 3975">
    <p class='ocr_par' dir='ltr' id='par_1_94' title="bbox 1912 3900 3489 3975">
     <span class='ocr_line' id='line_1_95' title="bbox 1912 3900 3489 3975; baseline -0.004 -15"><span class='ocrx_word' id='word_1_705' title='bbox 1912 3915 2150 3960; x_wconf 90' lang='lat' dir='ltr'><strong>mentum</strong></span> <span class='ocrx_word' id='word_1_706' title='bbox 2182 3915 2236 3959; x_wconf 92' lang='lat' dir='ltr'><strong>et</strong></span> <span class='ocrx_word' id='word_1_707' title='bbox 2280 3905 2608 3975; x_wconf 91' lang='lat' dir='ltr'><strong>principium</strong></span> <span class='ocrx_word' id='word_1_708' title='bbox 2650 3919 2855 3966; x_wconf 87' lang='lat' dir='ltr'><strong>rerum,</strong></span> <span class='ocrx_word' id='word_1_709' title='bbox 2884 3901 3028 3956; x_wconf 86' lang='lat' dir='ltr'><strong>Deus</strong></span> <span class='ocrx_word' id='word_1_710' title='bbox 3064 3900 3259 3956; x_wconf 69' lang='lat' dir='ltr'><strong>caelum</strong></span> <span class='ocrx_word' id='word_1_711' title='bbox 3293 3910 3349 3954; x_wconf 92' lang='lat' dir='ltr'><strong>et</strong></span> <span class='ocrx_word' id='word_1_712' title='bbox 3376 3912 3489 3954; x_wconf 88' lang='lat' dir='ltr'><strong>ter-</strong></span> 
     </span>
    </p>
   </div>
   <div class='ocr_carea' id='block_1_95' title="bbox 1914 3991 3489 4067">
    <p class='ocr_par' dir='ltr' id='par_1_95' title="bbox 1914 3991 3489 4067">
     <span class='ocr_line' id='line_1_96' title="bbox 1914 3991 3489 4067; baseline -0.004 -17"><span class='ocrx_word' id='word_1_713' title='bbox 1914 4012 2052 4059; x_wconf 85' lang='lat' dir='ltr'><strong>ram,</strong></span> <span class='ocrx_word' id='word_1_714' title='bbox 2086 3998 2316 4064; x_wconf 91' lang='lat' dir='ltr'><strong>primum</strong></span> <span class='ocrx_word' id='word_1_715' title='bbox 2350 3996 2550 4067; x_wconf 87' lang='lat' dir='ltr'><strong>posuit,</strong></span> <span class='ocrx_word' id='word_1_716' title='bbox 2575 3996 2630 4051; x_wconf 91' lang='lat' dir='ltr'><strong>in</strong></span> <span class='ocrx_word' id='word_1_717' title='bbox 2656 3994 2777 4050; x_wconf 88' lang='lat' dir='ltr'><strong>aliis</strong></span> <span class='ocrx_word' id='word_1_718' title='bbox 2807 3991 3307 4065; x_wconf 75' lang='lat' dir='ltr'><strong>significationibus</strong></span> <span class='ocrx_word' id='word_1_719' title='bbox 3335 3991 3489 4059; x_wconf 85' lang='lat' dir='ltr'><strong>prin-</strong></span> 
     </span>
    </p>
   </div>
   <div class='ocr_carea' id='block_1_96' title="bbox 1912 4092 2310 4161">
    <p class='ocr_par' dir='ltr' id='par_1_96' title="bbox 1912 4092 2310 4161">
     <span class='ocr_line' id='line_1_97' title="bbox 1912 4092 2310 4161; baseline 0 -14"><span class='ocrx_word' id='word_1_720' title='bbox 1912 4093 2038 4161; x_wconf 87' lang='lat' dir='ltr'><strong>cipii</strong></span> <span class='ocrx_word' id='word_1_721' title='bbox 2071 4107 2175 4145; x_wconf 87' lang='lat' dir='ltr'><strong>non</strong></span> <span class='ocrx_word' id='word_1_722' title='bbox 2209 4092 2310 4147; x_wconf 87' lang='lat' dir='ltr'><strong>ita.</strong></span> 
     </span>
    </p>
   </div>
   <div class='ocr_carea' id='block_1_97' title="bbox 1983 4180 3492 4252">
    <p class='ocr_par' dir='ltr' id='par_1_97' title="bbox 1983 4180 3492 4252">
     <span class='ocr_line' id='line_1_98' title="bbox 1983 4180 3492 4252; baseline -0.003 -16"><span class='ocrx_word' id='word_1_723' title='bbox 1983 4182 2089 4237; x_wconf 86' lang='lat' dir='ltr'><strong>Pro</strong></span> <span class='ocrx_word' id='word_1_724' title='bbox 2136 4184 2219 4237; x_wconf 80' lang='lat' dir='ltr'><strong>his</strong></span> <span class='ocrx_word' id='word_1_725' title='bbox 2268 4181 2334 4237; x_wconf 84' lang='lat' dir='ltr'><strong>In</strong></span> <span class='ocrx_word' id='word_1_726' title='bbox 2366 4182 2649 4252; x_wconf 84' lang='lat' dir='ltr'><strong>principio,</strong></span> <span class='ocrx_word' id='word_1_727' title='bbox 2713 4191 2930 4237; x_wconf 84' lang='lat' dir='ltr'><strong>vertens</strong></span> <span class='ocrx_word' id='word_1_728' title='bbox 2984 4182 3065 4237; x_wconf 86' lang='lat' dir='ltr'><strong>sic</strong></span> <span class='ocrx_word' id='word_1_729' title='bbox 3119 4180 3337 4248; x_wconf 84' lang='lat' dir='ltr'><strong>Aquila,</strong></span> <span class='ocrx_word' id='word_1_730' title='bbox 3400 4180 3492 4233; x_wconf 85' lang='grc' dir='ltr'>Ἐν</span> 
     </span>
    </p>
   </div>
   <div class='ocr_carea' id='block_1_98' title="bbox 1911 4271 3487 4342">
    <p class='ocr_par' dir='ltr' id='par_1_98' title="bbox 1911 4271 3487 4342">
     <span class='ocr_line' id='line_1_99' title="bbox 1911 4271 3487 4342; baseline -0.003 -16"><span class='ocrx_word' id='word_1_731' title='bbox 1911 4274 2211 4342; x_wconf 74' lang='grc' dir='ltr'>κεφαλαίῳ,</span> <span class='ocrx_word' id='word_1_732' title='bbox 2235 4275 2574 4328; x_wconf 88' lang='lat' dir='ltr'><strong>occasionem</strong></span> <span class='ocrx_word' id='word_1_733' title='bbox 2603 4274 2751 4327; x_wconf 87' lang='lat' dir='ltr'><strong>dedit</strong></span> <span class='ocrx_word' id='word_1_734' title='bbox 2773 4273 3067 4341; x_wconf 82' lang='lat' dir='ltr'><strong>cogitandi,</strong></span> <span class='ocrx_word' id='word_1_735' title='bbox 3086 4287 3295 4342; x_wconf 87' lang='grc' dir='ltr'>συνηρη</span> <span class='ocrx_word' id='word_1_736' title='bbox 3307 4271 3487 4339; x_wconf 82' lang='grc' dir='ltr'>μένως</span> 
     </span>
    </p>
   </div>
   <div class='ocr_carea' id='block_1_99' title="bbox 1912 4362 3482 4432">
    <p class='ocr_par' dir='ltr' id='par_1_99' title="bbox 1912 4362 3482 4432">
     <span class='ocr_line' id='line_1_100' title="bbox 1912 4362 3482 4432; baseline 0 -18"><span class='ocrx_word' id='word_1_737' title='bbox 1912 4366 1993 4425; x_wconf 84' lang='grc' dir='ltr'>τὸ,</span> <span class='ocrx_word' id='word_1_738' title='bbox 2036 4365 2085 4415; x_wconf 88' lang='lat' dir='ltr'><strong>in</strong></span> <span class='ocrx_word' id='word_1_739' title='bbox 2124 4364 2385 4431; x_wconf 89' lang='lat' dir='ltr'><strong>principio</strong></span> <span class='ocrx_word' id='word_1_740' title='bbox 2415 4363 2725 4432; x_wconf 78' lang='lat' dir='ltr'><strong>significare</strong></span> <span class='ocrx_word' id='word_1_741' title='bbox 2751 4362 2978 4429; x_wconf 89' lang='lat' dir='ltr'><strong>junctim</strong></span> <span class='ocrx_word' id='word_1_742' title='bbox 3005 4374 3060 4416; x_wconf 91' lang='lat' dir='ltr'><strong>et</strong></span> <span class='ocrx_word' id='word_1_743' title='bbox 3087 4362 3248 4417; x_wconf 89' lang='lat' dir='ltr'><strong>simul</strong></span> <span class='ocrx_word' id='word_1_744' title='bbox 3284 4362 3482 4416; x_wconf 63' lang='lat' dir='ltr'><strong>caelum</strong></span> 
     </span>
    </p>
   </div>
   <div class='ocr_carea' id='block_1_100' title="bbox 1916 4452 3491 4521">
    <p class='ocr_par' dir='ltr' id='par_1_100' title="bbox 1916 4452 3491 4521">
     <span class='ocr_line' id='line_1_101' title="bbox 1916 4452 3491 4521; baseline -0.001 -14"><span class='ocrx_word' id='word_1_745' title='bbox 1916 4464 1969 4507; x_wconf 89' lang='lat' dir='ltr'><strong>et</strong></span> <span class='ocrx_word' id='word_1_746' title='bbox 2000 4464 2201 4507; x_wconf 81' lang='lat' dir='ltr'><strong>terram</strong></span> <span class='ocrx_word' id='word_1_747' title='bbox 2232 4453 2371 4507; x_wconf 87' lang='lat' dir='ltr'><strong>facta</strong></span> <span class='ocrx_word' id='word_1_748' title='bbox 2399 4468 2542 4507; x_wconf 87' lang='lat' dir='ltr'><strong>esse.</strong></span> <span class='ocrx_word' id='word_1_749' title='bbox 2561 4452 2744 4521; x_wconf 78' lang='lat' dir='ltr'><strong>Neque</strong></span> <span class='ocrx_word' id='word_1_750' title='bbox 2772 4454 2912 4507; x_wconf 88' lang='lat' dir='ltr'><strong>enim</strong></span> <span class='ocrx_word' id='word_1_751' title='bbox 2947 4453 3049 4508; x_wconf 92' lang='lat' dir='ltr'><strong>hoc</strong></span> <span class='ocrx_word' id='word_1_752' title='bbox 3086 4468 3151 4506; x_wconf 83' lang='lat' dir='ltr'><strong>ex</strong></span> <span class='ocrx_word' id='word_1_753' title='bbox 3187 4452 3294 4506; x_wconf 85' lang='lat' dir='ltr'><strong>illis</strong></span> <span class='ocrx_word' id='word_1_754' title='bbox 3320 4453 3491 4519; x_wconf 84' lang='lat' dir='ltr'><strong>prius,</strong></span> 
     </span>
    </p>
   </div>
   <div class='ocr_carea' id='block_1_101' title="bbox 1919 4543 3491 4610">
    <p class='ocr_par' dir='ltr' id='par_1_101' title="bbox 1919 4543 3491 4610">
     <span class='ocr_line' id='line_1_102' title="bbox 1919 4543 3491 4610; baseline -0.002 -14"><span class='ocrx_word' id='word_1_755' title='bbox 1919 4543 2020 4596; x_wconf 87' lang='lat' dir='ltr'><strong>hoc</strong></span> <span class='ocrx_word' id='word_1_756' title='bbox 2048 4557 2175 4597; x_wconf 84' lang='lat' dir='ltr'><strong>vero</strong></span> <span class='ocrx_word' id='word_1_757' title='bbox 2210 4544 2481 4610; x_wconf 88' lang='lat' dir='ltr'><strong>posterius</strong></span> <span class='ocrx_word' id='word_1_758' title='bbox 2516 4543 2717 4597; x_wconf 89' lang='lat' dir='ltr'><strong>factum</strong></span> <span class='ocrx_word' id='word_1_759' title='bbox 2741 4555 2845 4597; x_wconf 89' lang='lat' dir='ltr'><strong>est.</strong></span> <span class='ocrx_word' id='word_1_760' title='bbox 2873 4543 3187 4610; x_wconf 71' lang='grc' dir='ltr'>Κεφάλαιον</span> <span class='ocrx_word' id='word_1_761' title='bbox 3215 4544 3361 4596; x_wconf 91' lang='lat' dir='ltr'><strong>enim</strong></span> <span class='ocrx_word' id='word_1_762' title='bbox 3391 4557 3491 4609; x_wconf 87' lang='lat' dir='ltr'><strong>ap-</strong></span> 
     </span>
    </p>
   </div>
   <div class='ocr_carea' id='block_1_102' title="bbox 1918 4631 3489 4702">
    <p class='ocr_par' dir='ltr' id='par_1_102' title="bbox 1918 4631 3489 4702">
     <span class='ocr_line' id='line_1_103' title="bbox 1918 4631 3489 4702; baseline 0.001 -19"><span class='ocrx_word' id='word_1_763' title='bbox 1918 4631 2118 4700; x_wconf 89' lang='lat' dir='ltr'><strong>pellare</strong></span> <span class='ocrx_word' id='word_1_764' title='bbox 2166 4632 2398 4687; x_wconf 84' lang='lat' dir='ltr'><strong>solemus</strong></span> <span class='ocrx_word' id='word_1_765' title='bbox 2443 4632 2883 4702; x_wconf 89' lang='lat' dir='ltr'><strong>conjunctionem</strong></span> <span class='ocrx_word' id='word_1_766' title='bbox 2934 4634 3179 4687; x_wconf 89' lang='lat' dir='ltr'><strong>omnium</strong></span> <span class='ocrx_word' id='word_1_767' title='bbox 3227 4633 3388 4687; x_wconf 90' lang='lat' dir='ltr'><strong>simul</strong></span> <span class='ocrx_word' id='word_1_768' title='bbox 3436 4633 3489 4686; x_wconf 94' lang='lat' dir='ltr'><strong>in</strong></span> 
     </span>
    </p>
   </div>
   <div class='ocr_carea' id='block_1_103' title="bbox 1918 4719 3490 4790">
    <p class='ocr_par' dir='ltr' id='par_1_103' title="bbox 1918 4719 3490 4790">
     <span class='ocr_line' id='line_1_104' title="bbox 1918 4719 3490 4790; baseline -0.001 -16"><span class='ocrx_word' id='word_1_769' title='bbox 1918 4736 2103 4783; x_wconf 92' lang='lat' dir='ltr'><strong>unum,</strong></span> <span class='ocrx_word' id='word_1_770' title='bbox 2135 4730 2191 4775; x_wconf 84' lang='lat' dir='ltr'><strong>et</strong></span> <span class='ocrx_word' id='word_1_771' title='bbox 2219 4719 2471 4790; x_wconf 85' lang='lat' dir='ltr'><strong>frequens</strong></span> <span class='ocrx_word' id='word_1_772' title='bbox 2494 4723 2654 4789; x_wconf 88' lang='lat' dir='ltr'><strong>hujus</strong></span> <span class='ocrx_word' id='word_1_773' title='bbox 2690 4720 3120 4776; x_wconf 78' lang='lat' dir='ltr'><strong>usus.&#39;Ostendit</strong></span> <span class='ocrx_word' id='word_1_774' title='bbox 3156 4731 3213 4775; x_wconf 90' lang='lat' dir='ltr'><strong>et</strong></span> <span class='ocrx_word' id='word_1_775' title='bbox 3246 4722 3490 4774; x_wconf 82' lang='lat' dir='ltr'><strong>additum</strong></span> 
     </span>
    </p>
   </div>
   <div class='ocr_carea' id='block_1_104' title="bbox 1920 4795 3491 4883">
    <p class='ocr_par' dir='ltr' id='par_1_104' title="bbox 1920 4795 3491 4883">
     <span class='ocr_line' id='line_1_105' title="bbox 1920 4795 3491 4883; baseline -0.001 -17"><span class='ocrx_word' id='word_1_776' title='bbox 1920 4810 2233 4866; x_wconf 81' lang='lat' dir='ltr'><strong>vocabulum</strong></span> <span class='ocrx_word' id='word_1_777' title='bbox 2264 4811 2360 4863; x_wconf 81' lang='grc' dir='ltr'>σὺν</span> <span class='ocrx_word' id='word_1_778' title='bbox 2386 4811 2464 4883; x_wconf 79' lang='lat' dir='ltr'><strong>[id</strong></span> <span class='ocrx_word' id='word_1_779' title='bbox 2493 4823 2577 4867; x_wconf 87' lang='lat' dir='ltr'><strong>est</strong></span> <span class='ocrx_word' id='word_1_780' title='bbox 2607 4810 2795 4883; x_wconf 90' lang='lat' dir='ltr'><strong>simul]</strong></span> <span class='ocrx_word' id='word_1_781' title='bbox 2836 4795 3325 4881; x_wconf 85' lang='lat' dir='ltr'><strong>conjunctionem;</strong></span> <span class='ocrx_word' id='word_1_782' title='bbox 3364 4812 3491 4879; x_wconf 87' lang='lat' dir='ltr'><strong>quia</strong></span> 
     </span>
    </p>
   </div>
   <div class='ocr_carea' id='block_1_105' title="bbox 1919 4902 3492 4970">
    <p class='ocr_par' dir='ltr' id='par_1_105' title="bbox 1919 4902 3492 4970">
     <span class='ocr_line' id='line_1_106' title="bbox 1919 4902 3492 4970; baseline -0.001 -14"><span class='ocrx_word' id='word_1_783' title='bbox 1919 4905 2087 4956; x_wconf 86' lang='lat' dir='ltr'><strong>multa</strong></span> <span class='ocrx_word' id='word_1_784' title='bbox 2133 4903 2482 4956; x_wconf 63' lang='lat' dir='ltr'><strong>demonstrat.</strong></span> <span class='ocrx_word' id='word_1_785' title='bbox 2535 4903 2677 4957; x_wconf 89' lang='lat' dir='ltr'><strong>Dicit</strong></span> <span class='ocrx_word' id='word_1_786' title='bbox 2726 4905 2912 4957; x_wconf 87' lang='lat' dir='ltr'><strong>enim:</strong></span> <span class='ocrx_word' id='word_1_787' title='bbox 2963 4902 3031 4956; x_wconf 90' lang='lat' dir='ltr'><strong>In</strong></span> <span class='ocrx_word' id='word_1_788' title='bbox 3074 4902 3244 4970; x_wconf 82' lang='lat' dir='ltr'><strong>capite</strong></span> <span class='ocrx_word' id='word_1_789' title='bbox 3299 4902 3492 4955; x_wconf 72' lang='lat' dir='ltr'><strong>creavit</strong></span> 
     </span>
    </p>
   </div>
   <div class='ocr_carea' id='block_1_106' title="bbox 1916 4992 3492 5061">
    <p class='ocr_par' dir='ltr' id='par_1_106' title="bbox 1916 4992 3492 5061">
     <span class='ocr_line' id='line_1_107' title="bbox 1916 4992 3492 5061; baseline -0.001 -14"><span class='ocrx_word' id='word_1_790' title='bbox 1916 4994 2078 5047; x_wconf 82' lang='lat' dir='ltr'><strong>simul</strong></span> <span class='ocrx_word' id='word_1_791' title='bbox 2107 4994 2314 5057; x_wconf 71' lang='lat' dir='ltr'><strong>caelum,</strong></span> <span class='ocrx_word' id='word_1_792' title='bbox 2352 4992 2508 5046; x_wconf 82' lang='lat' dir='ltr'><strong>simul</strong></span> <span class='ocrx_word' id='word_1_793' title='bbox 2534 5003 2805 5057; x_wconf 63' lang='lat' dir='ltr'><strong>tet-rami;</strong></span> <span class='ocrx_word' id='word_1_794' title='bbox 2837 4994 2887 5048; x_wconf 91' lang='lat' dir='ltr'><strong>in</strong></span> <span class='ocrx_word' id='word_1_795' title='bbox 2921 4994 3188 5061; x_wconf 90' lang='lat' dir='ltr'><strong>principio</strong></span> <span class='ocrx_word' id='word_1_796' title='bbox 3219 4993 3492 5060; x_wconf 78' lang='lat' dir='ltr'><strong>significat</strong></span> 
     </span>
    </p>
   </div>
   <div class='ocr_carea' id='block_1_107' title="bbox 1913 5075 3494 5147">
    <p class='ocr_par' dir='ltr' id='par_1_107' title="bbox 1913 5075 3494 5147">
     <span class='ocr_line' id='line_1_108' title="bbox 1913 5075 3494 5147; baseline -0.006 -11"><span class='ocrx_word' id='word_1_797' title='bbox 1913 5081 2075 5136; x_wconf 90' lang='lat' dir='ltr'><strong>simul</strong></span> <span class='ocrx_word' id='word_1_798' title='bbox 2115 5082 2219 5135; x_wconf 92' lang='lat' dir='ltr'><strong>duo</strong></span> <span class='ocrx_word' id='word_1_799' title='bbox 2257 5094 2377 5135; x_wconf 79' lang='lat' dir='ltr'><strong>esse</strong></span> <span class='ocrx_word' id='word_1_800' title='bbox 2426 5080 2588 5135; x_wconf 83' lang='lat' dir='ltr'><strong>faeta.</strong></span> <span class='ocrx_word' id='word_1_801' title='bbox 2627 5080 2881 5135; x_wconf 85' lang='lat' dir='ltr'><strong>Nonnulli</strong></span> <span class='ocrx_word' id='word_1_802' title='bbox 2916 5080 3066 5142; x_wconf 87' lang='lat' dir='ltr'><strong>illud,</strong></span> <span class='ocrx_word' id='word_1_803' title='bbox 3104 5082 3162 5131; x_wconf 88' lang='lat' dir='ltr'><strong>tv</strong></span> <span class='ocrx_word' id='word_1_804' title='bbox 3205 5075 3494 5147; x_wconf 76' lang='grc' dir='ltr'>κεφαλαίῳ</span> 
     </span>
    </p>
   </div>
   <div class='ocr_carea' id='block_1_108' title="bbox 1911 5169 3482 5239">
    <p class='ocr_par' dir='ltr' id='par_1_108' title="bbox 1911 5169 3482 5239">
     <span class='ocr_line' id='line_1_109' title="bbox 1911 5169 3482 5239; baseline -0.001 -16"><span class='ocrx_word' id='word_1_805' title='bbox 1911 5186 2015 5223; x_wconf 93' lang='lat' dir='ltr'><strong>non</strong></span> <span class='ocrx_word' id='word_1_806' title='bbox 2047 5184 2113 5224; x_wconf 91' lang='lat' dir='ltr'><strong>eo</strong></span> <span class='ocrx_word' id='word_1_807' title='bbox 2140 5170 2321 5233; x_wconf 92' lang='lat' dir='ltr'><strong>modo,</strong></span> <span class='ocrx_word' id='word_1_808' title='bbox 2367 5171 2463 5224; x_wconf 88' lang='lat' dir='ltr'><strong>sed</strong></span> <span class='ocrx_word' id='word_1_809' title='bbox 2512 5171 2881 5239; x_wconf 85' lang='lat' dir='ltr'><strong>metaphoram</strong></span> <span class='ocrx_word' id='word_1_810' title='bbox 2913 5186 2943 5223; x_wconf 91' lang='lat' dir='ltr'><strong>a</strong></span> <span class='ocrx_word' id='word_1_811' title='bbox 2977 5184 3192 5222; x_wconf 87' lang='lat' dir='ltr'><strong>summa</strong></span> <span class='ocrx_word' id='word_1_812' title='bbox 3236 5169 3482 5236; x_wconf 84' lang='lat' dir='ltr'><strong>corporis</strong></span> 
     </span>
    </p>
   </div>
   <div class='ocr_carea' id='block_1_109' title="bbox 1908 5261 3481 5334">
    <p class='ocr_par' dir='ltr' id='par_1_109' title="bbox 1908 5261 3481 5334">
     <span class='ocr_line' id='line_1_110' title="bbox 1908 5261 3481 5334; baseline -0.004 -15"><span class='ocrx_word' id='word_1_813' title='bbox 1908 5274 2081 5332; x_wconf 87' lang='lat' dir='ltr'><strong>parte,</strong></span> <span class='ocrx_word' id='word_1_814' title='bbox 2112 5279 2232 5332; x_wconf 76' lang='lat' dir='ltr'><strong>qua:</strong></span> <span class='ocrx_word' id='word_1_815' title='bbox 2256 5274 2414 5334; x_wconf 90' lang='lat' dir='ltr'><strong>caput</strong></span> <span class='ocrx_word' id='word_1_816' title='bbox 2436 5274 2539 5326; x_wconf 87' lang='lat' dir='ltr'><strong>est.</strong></span> <span class='ocrx_word' id='word_1_817' title='bbox 2570 5264 2786 5319; x_wconf 86' lang='lat' dir='ltr'><strong>ductam</strong></span> <span class='ocrx_word' id='word_1_818' title='bbox 2812 5278 2932 5319; x_wconf 91' lang='lat' dir='ltr'><strong>esse</strong></span> <span class='ocrx_word' id='word_1_819' title='bbox 2962 5262 3165 5325; x_wconf 83' lang='lat' dir='ltr'><strong>volunt,</strong></span> <span class='ocrx_word' id='word_1_820' title='bbox 3200 5272 3255 5315; x_wconf 90' lang='lat' dir='ltr'><strong>et</strong></span> <span class='ocrx_word' id='word_1_821' title='bbox 3284 5262 3351 5315; x_wconf 83' lang='lat' dir='ltr'><strong>ad</strong></span> <span class='ocrx_word' id='word_1_822' title='bbox 3379 5261 3481 5314; x_wconf 89' lang='lat' dir='ltr'><strong>hoc</strong></span> 
     </span>
    </p>
   </div>
   <div class='ocr_carea' id='block_1_110' title="bbox 1910 5353 2593 5421">
    <p class='ocr_par' dir='ltr' id='par_1_110' title="bbox 1910 5353 2593 5421">
     <span class='ocr_line' id='line_1_111' title="bbox 1910 5353 2593 5421; baseline 0.003 -16"><span class='ocrx_word' id='word_1_823' title='bbox 1910 5353 2231 5421; x_wconf 85' lang='lat' dir='ltr'><strong>principium</strong></span> <span class='ocrx_word' id='word_1_824' title='bbox 2274 5353 2593 5409; x_wconf 88' lang='lat' dir='ltr'><strong>retulerunt.</strong></span> 
     </span>
    </p>
   </div>
   <div class='ocr_carea' id='block_1_111' title="bbox 1979 5441 3483 5518">
    <p class='ocr_par' dir='ltr' id='par_1_111' title="bbox 1979 5441 3483 5518">
     <span class='ocr_line' id='line_1_112' title="bbox 1979 5441 3483 5518; baseline -0.005 -19"><span class='ocrx_word' id='word_1_825' title='bbox 1979 5446 2186 5499; x_wconf 64' lang='lat' dir='ltr'><strong>Caelum</strong></span> <span class='ocrx_word' id='word_1_826' title='bbox 2216 5457 2270 5501; x_wconf 90' lang='lat' dir='ltr'><strong>et</strong></span> <span class='ocrx_word' id='word_1_827' title='bbox 2301 5456 2496 5501; x_wconf 87' lang='lat' dir='ltr'><strong>terram</strong></span> <span class='ocrx_word' id='word_1_828' title='bbox 2524 5450 2708 5505; x_wconf 88' lang='lat' dir='ltr'><strong>dicens</strong></span> <span class='ocrx_word' id='word_1_829' title='bbox 2738 5462 2831 5518; x_wconf 88' lang='lat' dir='ltr'><strong>per</strong></span> <span class='ocrx_word' id='word_1_830' title='bbox 2860 5457 3105 5502; x_wconf 78' lang='lat' dir='ltr'><strong>extrema</strong></span> <span class='ocrx_word' id='word_1_831' title='bbox 3133 5441 3311 5497; x_wconf 68' lang='lat' dir='ltr'><strong>media</strong></span> <span class='ocrx_word' id='word_1_832' title='bbox 3345 5452 3483 5493; x_wconf 78' lang='lat' dir='ltr'><strong>cou-</strong></span> 
     </span>
    </p>
   </div>
   <div class='ocr_carea' id='block_1_112' title="bbox 1534 5717 2202 5779">
    <p class='ocr_par' dir='ltr' id='par_1_112' title="bbox 1534 5717 2202 5779">
     <span class='ocr_line' id='line_1_113' title="bbox 1534 5717 2202 5779; baseline -0.015 -2"><span class='ocrx_word' id='word_1_833' title='bbox 1534 5720 1771 5779; x_wconf 68' lang='grc' dir='ltr'>νΑῑιιτΕ</span> <span class='ocrx_word' id='word_1_834' title='bbox 1801 5717 2202 5775; x_wconf 78' lang='lat' dir='ltr'><strong>LECTIONES.</strong></span> 
     </span>
    </p>
   </div>
   <div class='ocr_carea' id='block_1_113' title="bbox 299 5809 720 5881">
    <p class='ocr_par' dir='ltr' id='par_1_113' title="bbox 299 5809 720 5881">
     <span class='ocr_line' id='line_1_114' title="bbox 299 5809 720 5881; baseline 0.007 -16"><span class='ocrx_word' id='word_1_835' title='bbox 299 5810 348 5841; x_wconf 86' lang='lat'>&quot;</span> <span class='ocrx_word' id='word_1_836' title='bbox 382 5809 480 5881; x_wconf 78' lang='grc' dir='ltr'>τὴν</span> <span class='ocrx_word' id='word_1_837' title='bbox 508 5812 626 5867; x_wconf 86' lang='lat' dir='ltr'><strong>add.</strong></span> <span class='ocrx_word' id='word_1_838' title='bbox 660 5812 720 5868; x_wconf 78' lang='lat' dir='ltr'><strong>C.</strong></span> 
     </span>
    </p>
   </div>
   <div class='ocr_carea' id='block_1_114' title="bbox 797 5809 2238 5881">
    <p class='ocr_par' dir='ltr' id='par_1_114' title="bbox 797 5809 2238 5881">
     <span class='ocr_line' id='line_1_115' title="bbox 797 5809 2238 5881; baseline -0.006 -11"><span class='ocrx_word' id='word_1_839' title='bbox 797 5814 840 5844; x_wconf 74' lang='lat'><em>&quot;</em></span> <span class='ocrx_word' id='word_1_840' title='bbox 869 5816 990 5869; x_wconf 69' lang='grc' dir='ltr'>ἀντὶ</span> <span class='ocrx_word' id='word_1_841' title='bbox 1017 5819 1057 5874; x_wconf 67' lang='lat' dir='ltr'><strong>tl</strong></span> <span class='ocrx_word' id='word_1_842' title='bbox 1083 5837 1094 5873; x_wconf 67' lang='grc' dir='ltr'><strong>ς</strong></span> <span class='ocrx_word' id='word_1_843' title='bbox 1135 5821 1225 5871; x_wconf 72' lang='grc' dir='ltr'>καὶ</span> <span class='ocrx_word' id='word_1_844' title='bbox 1253 5818 1373 5872; x_wconf 72' lang='grc' dir='ltr'>ἀντὶ</span> <span class='ocrx_word' id='word_1_845' title='bbox 1400 5833 1463 5881; x_wconf 75' lang='grc' dir='ltr'><strong>τ.</strong></span> <span class='ocrx_word' id='word_1_846' title='bbox 1544 5821 1589 5852; x_wconf 65' lang='grc'><strong>⁷9</strong></span> <span class='ocrx_word' id='word_1_847' title='bbox 1622 5810 1851 5881; x_wconf 79' lang='grc' dir='ltr'>πολλῶνι</span> <span class='ocrx_word' id='word_1_848' title='bbox 1879 5811 1995 5867; x_wconf 85' lang='lat' dir='ltr'><strong>libri</strong></span> <span class='ocrx_word' id='word_1_849' title='bbox 2023 5809 2238 5878; x_wconf 82' lang='grc' dir='ltr'>πολλήν.</span> 
     </span>
    </p>
   </div>
  </div>
