4206 6436
751 373 879 440 1211

744 486 961 555 juttxil,

746 588 924 631 autem
954 580 1065 629 ltmc
1089 578 1188 630 rite
1212 587 1495 639 vocantur,
1531 587 1672 630 terra
1707 579 1857 632 orbis
1886 588 2131 632 ccntrum
2165 582 2323 633 susti-

746 684 898 731 nens,
913 671 1151 720 omnium
1175 666 1486 720 inferiorum
1505 678 1587 721 est
1610 670 1966 737 principium;
1989 672 2182 724 cmlum
2200 686 2324 725 vero

750 763 935 812 omnia
965 759 1232 820 ambiens,
1258 759 1500 812 omnium
1536 758 1656 812 ﬁnis
1686 769 1787 813 est.
1823 760 2016 814 lterum
2049 777 2177 815 vero
2210 777 2322 815 ca:-

749 849 855 902 ltnn
884 850 1278 914 descendendo,
1296 851 1511 903 initium
1538 861 1643 914 est,
1661 850 1888 919 ejusque
1912 864 2156 921 respectu
2179 862 2321 905 terra

749 953 873 995 tunc
901 942 1038 1000 linis,
1063 943 1235 995 media
1265 957 1391 995 vero
1417 953 1564 1006 sunt,
1604 958 1765 1012 aqua,
1793 960 1906 1010 aer,
1931 956 1983 998 et
2008 946 2162 1012 ignis.
2202 946 2324 998 Ideo

748 1034 927 1103 pergit
970 1050 981 1085 :
1025 1032 1270 1087 Tenebra:
1300 1050 1455 1101 super
1503 1035 1793 1102 abyssum;
1844 1052 2039 1105 aquam
2077 1036 2325 1104 abyssum

749 1136 928 1188 verat,
966 1126 1217 1179 tenebras
1248 1140 1376 1179 vero
1407 1125 1537 1179 luce
1568 1136 1844 1181 carentem
1872 1144 2069 1181 aerem.
2112 1128 2324 1180 Etenim

748 1218 967 1285 proprie
986 1219 1239 1271 dicuntur
1272 1219 1511 1272 tenebrae
1538 1232 1663 1272 cum
1694 1218 1871 1273 lumen
1900 1219 2073 1272 abest.
2106 1218 2172 1272 Et
2200 1234 2326 1272 con-

749 1311 977 1361 suetudo
1016 1311 1266 1363 tenebras
1295 1310 1587 1363 obscurum
1632 1325 1815 1363 aerem
1866 1318 2044 1376 vocat,
2090 1311 2172 1365 vel
2200 1326 2326 1380 spe-

747 1404 887 1458 ciem
917 1403 1060 1457 aeris
1087 1411 1430 1467 nocturnam,
1464 1402 1546 1455 vel
1578 1415 1645 1455 ex
1675 1401 1781 1457 alio
1807 1402 2107 1459 accidente.

817 1627 1094 1682 Tenebras
1128 1627 1442 1697 palpabiles,
1470 1626 1657 1696 quales
1706 1633 1997 1681 senserunt
2023 1623 2324 1694 Egyptii‘,

747 1720 954 1774 duabus
982 1722 1047 1775 de
1077 1721 1257 1774 causis
1286 1721 1389 1774 dici
1424 1720 1560 1784 vult,
1598 1720 1685 1773 vel
1720 1720 1868 1787 quod
1911 1718 2168 1785 Splendor
2206 1716 2328 1770 nul-

748 1813 835 1867 lus
878 1812 1118 1867 caelestis
1144 1811 1421 1865 immistns
1444 1822 1528 1865 est
1555 1812 1691 1874 acri,
1716 1813 1782 1864 ob
1812 1810 2135 1861 densitatem
2184 1807 2324 1874 ejus.
2355 1838 2403 1896 Β

750 1913 808 1955 ut
840 1903 1070 1971 palpari,
1111 1911 1165 1956 et
1206 1902 1353 1971 tangi
1383 1916 1475 1970 per
1514 1901 1877 1953 resistentiam
1903 1914 1932 1951 a
1966 1898 2326 1966 contingenti-

749 1997 850 2052 bus
880 2008 1045 2065 queat
1075 2016 1088 2051 :
1124 1998 1205 2050 vel
1252 1996 1394 2064 quod
1424 1994 1697 2063 tangendo
1728 1992 1943 2045 duriora
1984 2003 2210 2056 corpora
2242 1986 2325 2039 in-

749 2095 862 2139 star
886 2099 1151 2138 caecorum
1183 2085 1264 2138 sic
1310 2083 1746 2152 progrediantur,
1783 2092 1835 2134 et
1859 2080 2093 2146 hocipSu
2126 2092 2327 2146 cogno-

748 2187 901 2231 scant
927 2176 1006 2230 sic
1038 2184 1346 2230 attrectata.
1371 2175 1601 2241 Abyssus
1626 2176 1690 2225 ab
1715 2172 1967 2225 omnibus
1995 2170 2158 2222 multa
2188 2183 2326 2236 aqua

748 2268 969 2330 dicitur,
1003 2278 1058 2322 et
1088 2268 1141 2320 in
1166 2265 1495 2335 profundum
1529 2267 1801 2330 demersa,
1829 2277 2099 2334 quamque
2132 2275 2327 2330 capere

747 2377 854 2414 non
887 2360 1144 2423 valemus,
1178 2373 1278 2413 nec
1303 2359 1474 2413 oculis
1515 2359 1795 2427 consequi.

819 2474 940 2528 Ideo
988 2475 1151 2528 etiam
1194 2473 1371 2528 Mo<es
1413 2474 1672 2543 abyssum
1729 2471 1867 2525 banc
1906 2483 2101 2539 aquam
2147 2475 2325 2530 vocat,

749 2566 856 2619 nisi
892 2566 1033 2633 quod
1064 2567 1229 2619 etiam
1265 2564 1484 2618 nomine
1508 2578 1664 2631 aqua:
1694 2564 1957 2615 nominet.
1994 2561 2067 2613 Ac
2099 2556 2328 2625 Spiritus

748 2660 887 2711 enim
914 2657 1105 2727 323b
1172 2656 1384 2709 Domini
1418 2656 1686 2723 ferebatur
1745 2670 1898 2721 super
1934 2668 2119 2719 aquas.
2158 2650 2330 2717 Super

751 2765 922 2818 aquas
970 2751 1115 2802 enim
1160 2762 1254 2801 aer
1302 2748 1416 2815 ipse
1451 2746 1685 2799 innatat.
1713 2744 1923 2798 Nomen
1969 2752 2148 2795 autem
2189 2740 2330 2793 aeris

752 2840 931 2895 Moses
957 2855 1063 2893 non
1097 2839 1376 2906 usurpavit
1412 2855 1426 2892 :
1464 2837 1542 2889 vel
1576 2852 1641 2891 eo
1676 2836 1817 2904 quod
1850 2833 2059 2888 Hebraei
2094 2832 2327 2884 nondum

750 2943 958 2986 certum
994 2932 1103 2984 aeri
1160 2945 1351 2982 nomen
1408 2929 1708 2990 dedissent,
1759 2926 1838 2979 vel
1873 2925 2014 2993 quod
2063 2920 2333 2975 sulliceret

752 3022 886 3077 Mosi
920 3022 1181 3077 VOCabulo
1224 3037 1374 3086 aqua:
1411 3032 1701 3088 utrumque
1750 3020 2031 3072 denotare.
2083 3013 2330 3079 Magnam

751 3112 899 3165 enim
924 3125 1019 3164 aer
1050 3121 1106 3164 ct
1140 3126 1277 3179 aqua
1327 3110 1765 3163 communionem
1800 3107 2022 3167 habent,
2052 3110 2107 3156 et
2136 3100 2330 3169 sapius

753 3203 806 3255 in
833 3204 1182 3270 sequentibus
1212 3202 1315 3253 hoc
1351 3201 1568 3253 nomine
1610 3202 1676 3252 de
1706 3208 1935 3267 utroque
1970 3197 2162 3249 utitur.

1874 375 2136 436 PlIOTlI
2176 376 2679 437 PATlllARCHE
2710 377 2819 438 (ΣΡ.

1039 492 1097 538 ut
1164 485 1327 539 etiam
1405 484 1587 538 omnia
1669 485 1981 554 loquuntur.
2074 488 2325 541 Extrema

2430 490 2614 557 ἄκρων
2647 489 2744 542 καὶ
2769 488 2837 541 τὰ
2870 488 3011 557 μέσα
3078 489 3553 559 συμπαρεῦιηφεν,
3586 490 3663 552 ὡς
3708 490 3805 545 καὶ
3834 493 4015 547 πάντα

3870 377 4014 445 1212

2432 579 2617 646 φασίν.
2690 582 2868 648 Ἀκρα
2892 580 2949 631 δὲ
2978 578 3215 644 εὐλόγως
3265 581 3439 632 ταῦτα
3488 582 3757 645 καλεῖται,
3809 583 3895 634 ὅτι
3948 586 4014 652 γῆ

2430 664 2531 732 μὲν
2588 664 2812 734 κέντρον
2842 666 2936 718 τοῦ
2978 666 3179 728 παντὸς
3215 668 3488 737 ἐπέχουσα
3520 668 3767 723 κάτωθεν
3795 671 4017 725 πάντων

2428 757 2576 809 ἐστὶν
2633 758 2796 827 ἀρχή,
2846 760 3017 828 πέρας
3043 758 3101 811 δὲ
3140 759 3170 810 ὁ
3203 760 3381 813 πάντα
3435 760 3709 829 περιέχων
3752 763 4011 830 οὐρανός.

2430 847 2597 899 Πάλιν
2628 848 2834 900 ἀνωθεν
2869 850 3014 919 ἀρχὴ
3052 849 3151 916 μέν
3178 852 3327 904 ἐστιν
3349 852 3377 903 ὁ
3403 851 3657 921 οὐρανὸς,
3689 854 3865 923 πέραξ
3896 854 4011 923 δέη

2430 939 2523 1007 γῆ.
2548 938 2705 991 Μέσα
2724 939 2780 991 δὲ
2803 938 2948 1009 ὕδωρ
3000 941 3091 993 καὶ
3124 941 3234 1011 ἀὴρ
3283 942 3377 994 καὶ
3435 942 3573 1013 πῦρ.
3603 944 3698 996 Διό
3721 960 3891 1014 φησιν
3916 945 4013 1011 ἑφ-

2431 1030 2579 1095 εξῆς·
2608 1030 2719 1083 Kal
2757 1032 2979 1097 σκότος
2993 1033 3192 1084 ἐπάνω
3208 1030 3314 1097 τῆς
3341 1034 3641 1100 ἀϐύσσου,
3668 1035 3732 1088 τδ
3744 1035 3846 1105 μὲν
3874 1035 4015 1106 ὕδωρ

2430 1120 2706 1173 ἄϐυσσον
2739 1121 2930 1187 είπὼν,
2960 1123 3022 1175 τὸ
3048 1122 3106 1175 δὲ
3152 1122 3343 1186 σκότος
3389 1124 3481 1177 τὸν
3509 1124 3819 1193 ἀφώτιστον
3846 1126 4013 1195 ἀέραδ

2434 1214 2527 1264 καὶ
2575 1213 2683 1282 γὰρ
2715 1214 2920 1282 κυρίως
2964 1214 3153 1277 σκότος
3182 1214 3332 1268 ἔστιν
3355 1214 3390 1283 ἠ
3417 1214 3511 1268 τοῦ
3545 1218 3722 1283 φωτὸς
3751 1219 4013 1272 ἀπουσία.

2433 1304 2540 1357 Καὶ
2573 1305 2606 1373 ἡ
2641 1304 2897 1373 συνήθεια
2918 1306 2975 1357 δὲ
2998 1305 3189 1368 σκότος
3222 1306 3313 1361 τὸν
3338 1308 3645 1377 ἀφώτιστον
3679 1308 3829 1376 λέγει
3857 1309 4015 1381 ἀέρα,

2431 1396 2549 1464 ἦτοι
2578 1396 2637 1447 τὸ
2667 1397 2981 1465 νυκτερινὸν
3019 1397 3112 1450 τοῦ
3172 1397 3335 1468 ἀέρος
3391 1398 3722 1469 κατάστημα
3750 1401 3785 1471 ἢ
3828 1402 3925 1454 καὶ
3959 1402 4016 1454 τὸ

2434 1485 2604 1548 ἄλλως
2628 1504 2744 1549 τιως
2777 1502 2840 1539 συ
2848 1486 3098 1556 μῦαἰνον.

2502 1622 2623 1675 Ὀτι
2650 1623 2711 1675 τὸ
2736 1623 3057 1694 ψηλαφητὸν
3085 1623 3279 1686 σκότος
3327 1625 3441 1687 τοῖς
3468 1623 3793 1691 Αἰγυπτίοις
3830 1625 4018 1684 σκότος

2432 1713 2752 1783 ψηλαφητὸν
2806 1715 3059 1786 εἰρῆσθαι
3124 1714 3213 1768 διὰ
3237 1715 3334 1768 δύο
3371 1714 3572 1779 αίτίας,
3611 1715 3645 1785 ἢ
3668 1716 3749 1768 ὅτι
3779 1715 4018 1785 μηδεμία

2435 1808 2592 1868 ἀκτὶς
2652 1808 2761 1858 τῶν
2823 1807 3089 1877 οὐρανίων
3145 1808 3476 1877 είσεκρίνετο
3499 1806 3577 1876 τῷ
3608 1808 3732 1876 ἀέρι
3788 1808 3881 1859 διὰ
3927 1808 4021 1876 τὴν

2431 1898 2630 1966 πολλὴν
2665 1897 2828 1951 αὐτοῦ
2889 1898 3177 1968 παχύτητα
3225 1899 3322 1952 καὶ
3374 1892 3487 1951 οἷον
3540 1898 3878 1967 ψηλαφητὴν
3931 1901 4018 1953 καὶ

2428 1990 2731 2059 δυναμένην
2784 1990 3036 2062 αἴσθησιν
3093 1990 3417 2053 ἀντιτυπίας
3474 1992 3587 2051 τοῖς
3638 1990 4019 2058 ἐπαφωμένοις

2429 2080 2710 2149 παρέχειν,
2742 2080 2774 2150 ἢ
2806 2082 2885 2133 ὅτι
2920 2080 3011 2134 διὰ
3037 2079 3098 2133 τὸ
3125 2079 3445 2151 ψηλαφητδν
3476 2082 3546 2133 τὰ
3575 2078 4019 2149 στερεμνιιὶηερα

2428 2170 2536 2223 τῶν
2597 2174 2866 2241 σωμάτων
2894 2172 3053 2240 δίκην
3105 2171 3324 2239 τυφλῶν
3352 2172 3449 2224 καὶ
3476 2170 3618 2224 οὕτω
3643 2172 3742 2233 τὰς
3781 2171 4020 2239 μεταϐά-

2431 2281 2545 2327 σεις
2572 2266 2865 2329 ποιεῖσθαι,
2894 2264 2928 2335 ἢ
2960 2264 3054 2319 καὶ
3095 2265 3227 2319 αὐτὸ
3258 2263 3419 2317 τοῦτο
3465 2263 3753 2334 γνωρίζειν
3787 2263 3936 2318 οὕτω
3960 2266 4018 2318 τά

2427 2354 2825 2425 ψηλαφώμενα.

2503 2470 2625 2521 "Uri.
2641 2470 2913 2536 ἄϐυσσος
2929 2470 3081 2541 παρά
3107 2472 3240 2525 πᾶσι
3255 2473 3316 2524 τὸ
3344 2472 3479 2525 πολὺ
3499 2470 3743 2524 καλεῖται
3764 2470 3919 2539 ὕδωρ
3938 2471 4022 2523 καὶ

2433 2559 2511 2620 εἰς
2544 2559 2703 2627 βάθος
2744 2562 2955 2631 χωροῦν
2984 2563 3223 2633 ἄληπτον
3246 2566 3401 2633 ἡμῖν,
3428 2565 3577 2632 παρὰ
3618 2564 3680 2615 τὸ
3723 2564 3956 2633 μηνύειν
3982 2564 4023 2593 ⁷⁸

2434 2651 2513 2711 εἰς
2548 2650 2713 2701 αὑτόο
2760 2653 2840 2704 διὸ
2887 2655 2984 2707 καὶ
3035 2655 3243 2723 Μωσῆς
3292 2655 3531 2709 ἄϐυσσον
3581 2656 3763 2706 έκεῖνο
3793 2656 3857 2706 τὸ
3885 2655 4021 2723 ὕδωρ

2433 2740 2603 2793 καλεῖ.
2634 2742 2778 2811 Πλὴν
2809 2746 2900 2797 καὶ
2927 2745 3073 2814 ὓδωρ
3102 2746 3232 2798 αὐτὸ
3258 2744 3643 2815 κατονομάζει·
3686 2746 3799 2799 Kal
3832 2747 4011 2800 πνεῦ-

2429 2848 2513 2898 μα
2553 2832 2660 2900 γάρ
2700 2836 2847 2889 Θεοῦ
2874 2837 3199 2905 ἐπεφέρετο
3219 2837 3421 2890 ἐπάνω
3458 2836 3564 2892 τοῦ
3594 2837 3816 2902 ὕδατος
3844 2853 3863 2868 ·
3900 2841 4004 2901 τοῖς

2435 2920 2589 2972 ὕδασι
2614 2924 2723 2992 γὰρ
2752 2925 2860 2995 ἀὴρ
2876 2928 3214 2997 ἐπινήχεται.
3240 2928 3383 2981 Δὺτὸ
3400 2927 3455 2981 δὲ
3477 2928 3537 2979 τὸ
3552 2927 3648 2980 τοῦ
3672 2927 3836 2997 ἀέρος
3858 2929 4024 2997 ὄνομα

2433 3012 2585 3079 παρὰ
2607 3014 2669 3082 τῇ
2702 3015 2982 3080 Μωῠσέως
3016 3017 3116 3069 οὐκ
3147 3017 3263 3069 ἔστι
3290 3020 3498 3087 γραφῇ,
3524 3017 3558 3086 ἦ
3591 3018 3765 3085 μήπω
3796 3016 4024 3085 ἐχούσης

2432 3100 2554 3152 τότε
2574 3101 2616 3133 ⁷⁹
2643 3105 2741 3171 τῆς
2780 3107 3059 3175 Ἐϐραῖδος
3088 3108 3367 3162 διαλέκτου
3421 3108 3811 3177 ἀφωρισμένον
3858 3109 4023 3177 ὄνομα

2354 3180 2397 3235 C
2433 3189 2510 3260 τῷ
2585 3191 2746 3264 ἀέρι.
2777 3195 2903 3266 [528
2956 3198 3047 3270 Η.]
3106 3198 3140 3269 ἢ
3184 3200 3527 3270 ἀρκουμένου
3577 3199 3861 3260 Μωῦσέως
3945 3199 4026 3250 διὰ

750 3293 849 3345 τοῦ
881 3294 1100 3358 ὕδατος
1126 3295 1223 3362 τῆς
1249 3293 1433 3361 φωνῆς
1463 3292 1630 3359 ἄμφω
1668 3289 1861 3360 δηλοῦν
1891 3306 1905 3321 ο
1942 3286 2112 3356 πολλὴ
2156 3286 2265 3354 γὰρ
2304 3280 2497 3345 ὓδατος
2541 3286 2638 3339 καὶ
2676 3288 2836 3360 ἀέρος
2870 3290 2903 3359 ὴ
2932 3290 3205 3357 κοινωνία,
3262 3289 3358 3343 καὶ
3379 3289 3640 3353 «eum;
3674 3290 3733 3341 έν
3764 3291 3878 3352 τοῖς
3909 3289 4023 3359 ἑξῆς

756 3388 839 3442 ἐπ’
868 3387 1070 3455 ἀμφοῖν
1090 3386 1357 3455 κέχρηται
1386 3383 1465 3453 τῷ
1489 3383 1736 3452 ὀνόματι.

822 3519 998 3574 Moses
1044 3517 1359 3588 angelorum
1416 3530 1717 3586 eorumque
1775 3514 2072 3569 creationis
2124 3512 2326 3566 nullam

753 3610 1083 3664 mentionem
1114 3608 1261 3672 facit,
1289 3608 1445 3675 quasi
1472 3606 1661 3659 mundi
1700 3605 1986 3659 historiam
2028 3602 2327 3671 scripserit.

754 3699 954 3753 Verum
991 3713 1099 3752 non
1124 3706 1208 3752 est
1249 3697 1538 3751 dicendum
1567 3696 1700 3749 istos
1744 3694 1904 3747 simul
1938 3693 2213 3747 exstitisse
2247 3690 2328 3747 vel

752 3802 875 3859 post
904 3791 1100 3845 caelum
1136 3789 1305 3842 factos
1335 3802 1476 3851 esse,
1510 3787 1602 3841 sed
1635 3796 1794 3841 antea
1822 3803 1838 3851 ;
1878 3786 2039 3851 idque
2075 3799 2106 3839 e
2148 3799 2328 3837 rerum

752 3889 973 3942 natura,
1021 3879 1301 3946 sacrisque
1360 3876 1579 3931 Litteris
1630 3886 1859 3929 conatur
1898 3875 2325 3929 demonstrare:

754 3974 1066 4039 depugnans
1097 3972 1305 4025 scilicet
1332 3970 1593 4023 adversus
1619 3967 1964 4022 Theodorum
1995 3965 2218 4034 ejusque
2242 3979 2330 4019 ra-

754 4064 952 4126 tiones,
984 4063 1179 4131 quibus
1211 4061 1432 4130 angelos
1480 4075 1584 4114 una
1633 4075 1757 4114 cum
1812 4059 1963 4113 cmlis
1993 4058 2163 4112 factos
2210 4070 2331 4111 esse

752 4154 981 4217 asserit,
1032 4164 1088 4207 et
1137 4168 1390 4222 magnum
1432 4150 1694 4205 Basilium
1750 4152 1993 4219 ejusdem
2047 4152 2330 4206 sententias

752 4243 1049 4306 adducens,
1080 4258 1178 4312 pro
1213 4256 1320 4311 quo
1345 4242 1509 4296 etiam
1541 4243 1756 4297 videtur
1789 4243 2199 4297 decertandum.
2232 4240 2331 4295 Re—

750 4349 981 4389 censens
1014 4336 1179 4403 igitur
1226 4334 1540 4387 summatim
1581 4334 2095 4398 demonstrationes,
2128 4334 2329 4401 quibus

752 4426 845 4479 ille
878 4425 1095 4493 angelos
1126 4440 1247 4477 cum
1292 4426 1493 4478 mundo
1521 4439 1625 4479 non
1669 4425 1830 4478 simul
1859 4434 2077 4478 creatos
2108 4423 2323 4492 probat,

748 4517 931 4568 addit:
963 4514 1093 4568 Vide
1128 4516 1344 4568 tandem
1371 4531 1436 4569 ex
1472 4516 1666 4585 quibus
1703 4516 1939 4570 ctelestis
1963 4530 2150 4569 eorum
2176 4526 2329 4568 ortus

749 4613 983 4659 constet.
1013 4605 1214 4671 Primo,
1244 4603 1384 4674 quod
1414 4621 1513 4659 nec
1540 4606 1739 4669 Moses,
1781 4620 1876 4659 nec
1907 4605 2011 4657 alia
2045 4602 2328 4671 Scriptura

750 4712 905 4752 sacra
945 4699 1076 4753 dicit
1121 4712 1243 4751 cum
1293 4699 1431 4753 caelo
1483 4698 1658 4751 factos
1692 4712 1830 4751 esse.
1878 4697 2130 4749 Secundo
2175 4695 2319 4763 quod
2359 4728 2404 4784 υ

750 4803 856 4842 non
877 4789 987 4844 sint
1005 4805 1254 4859 c0rp0ra,
1275 4805 1375 4843 nec
1401 4790 1722 4859 corporibus
1751 4788 2025 4856 organicis
2059 4797 2116 4839 ttt
2139 4788 2323 4839 anima

748 4891 937 4951 postea
978 4882 1160 4935 vincti.
1203 4882 1412 4947 Tertio,
1465 4897 1495 4936 e
1546 4882 1756 4936 caelesti
1810 4896 1998 4935 eorum
2052 4880 2315 4949 potentia.

749 4973 976 5039 Quarto,
1026 4974 1168 5041 quod
1220 4973 1388 5027 Deum
1435 4974 1653 5027 assidue
1684 4973 1938 5038 videant;
1973 4973 2170 5041 quibus
2194 4986 2320 5025 om-

746 5067 909 5120 nibus
942 5076 1206 5119 creaturze
1239 5064 1526 5119 mundana:
1559 5074 1768 5118 carent.
1802 5064 2023 5129 Quinto,
2059 5063 2201 5130 quod
2234 5063 2314 5114 ir-

748 5156 1042 5212 rationales
1070 5156 1266 5210 anima
1295 5172 1419 5210 cum
1455 5157 1779 5225 corporibus
1816 5170 1921 5209 non
1958 5156 2069 5209 sint
2102 5164 2322 5216 creatas,

744 5247 850 5301 etsi
873 5246 993 5301 sine
1017 5248 1343 5315 corporibus
1372 5261 1497 5301 esse
1528 5255 1822 5314 nequeant.
1842 5244 2150 5309 Postremo,
2178 5244 2322 5312 quod

745 5338 1027 5394 hominum
1055 5341 1295 5405 animus,
1326 5352 1395 5394 ne
1433 5354 1554 5393 cum
1588 5339 1807 5410 proprio
1835 5353 2061 5407 corpore
2097 5338 2318 5409 quidem

828 5519 846 5555 '
884 5516 1056 5574 Exod.
1088 5536 1141 5583 ι,
1172 5519 1260 5574 21.

2496 3512 2617 3565 Ὀτι
2632 3514 2761 3576 τοὺς
2784 3512 3050 3581 ἀγγέλους
3071 3513 3167 3566 καὶ
3185 3512 3230 3545 ⁸⁸
3251 3512 3500 3584 μηδαμοῦ
3524 3513 3622 3582 τῆς
3642 3515 4024 3583 προαγωγῆςη

2430 3604 2610 3658 αὐτῶν
2659 3605 2904 3676 ἐμνήσθη
2962 3604 3193 3673 Μωσῆς,
3225 3606 3320 3659 ἀτε
3369 3607 3478 3659 τῶν
3525 3607 3844 3676 έγκοσμίων
3881 3610 4022 3662 ἱστο-

2436 3696 2556 3765 ρίαν
2607 3696 2957 3763 παραδιδοὺς,
3007 3696 3123 3749 ἀλλ’
3159 3692 3253 3750 οὖν
3292 3697 3414 3750 οὐδὲ
3442 3696 3523 3749 δεῖ
3569 3698 3752 3765 λέγειν
3794 3698 3877 3761 ὡς
3910 3717 4025 3751 συν-

2431 3788 2765 3858 υπέστησαν,
2796 3789 3038 3859 φησὶν,ἢ
3069 3790 3165 3844 καὶ
3198 3788 3423 3859 ὕστερον
3450 3789 3741 3858 γεγόνασιν
3763 3791 4021 3861 οὐρανοῦ,

2431 3879 2695 3949 πρότερον
2726 3880 2803 3932 δέ.
2839 3881 2948 3933 Καὶ
2979 3880 3137 3934 τοῦτο
3198 3883 3459 3951 πειρᾶται
3504 3882 3599 3932 καὶ
3644 3882 4024 3950 φυσικώτερον

2430 3972 2525 4022 καὶ⁸
2551 3972 2615 4023 ὲκ
2636 3970 2744 4023 τῶν
2770 3970 2931 4024 θείων
2946 3972 3158 4040 Λογίων
3189 3974 3571 4042 παριστάνειν,
3592 3971 3668 4034 ὡς
3693 3971 3863 4040 δῆθεν
3897 3973 4024 4041 πρὸς

2429 4064 2704 4133 Θεόδωρον
2726 4062 2852 4137 [996
2874 4063 2966 4135 R.]
2990 4063 3430 4133 ἀπομαχόμενος,
3454 4062 3670 4125 καὶτὰς
3697 4062 3838 4133 παρ’
3861 4062 4020 4115 αὐτοῦ

2431 4157 2801 4226 κομιζομένας
2855 4156 3160 4219 ἀποδείξεις
3187 4156 3269 4208 ὅτι
3318 4157 3414 4208 σὺν
3460 4155 3678 4225 οὐρανῷ
3722 4155 4019 4223 γεγόνασιν

2430 4246 2961 4315 ἀνασκευαζόμενος,
2993 4245 3087 4297 καὶ⁵
3121 4244 3413 4313 σύμφωνον
3440 4245 3531 4297 τὸν
3556 4244 3727 4313 μέγαν
3763 4246 4020 4313 ἐπικομι-

2430 4336 2657 4405 ζόμενος
2685 4336 2983 4399 Βασίλειον,
3010 4336 3150 4406 ὑπὲρ
3166 4330 3227 4389 οὗ
3252 4336 3344 4388 καὶ
3366 4336 3514 4388 δοκεῖ
3540 4335 3805 4405 Θεοδώρῳ
3826 4337 4021 4405 διαμάο

2430 4428 2644 4498 χεσθαι.
2663 4425 3254 4496 ’Δνακεφαλαιούμενος
3280 4422 3373 4479 οὖν
3396 4426 3494 4488 τὰς
3518 4425 3826 4490 ἀποδείξεις
3848 4426 3918 4478 δι’
3952 4420 4022 4479 ὧν

2431 4518 2556 4579 τοὺς
2580 4518 2844 4585 ἀγγέλους
2871 4518 2949 4588 μὴ
2973 4517 3377 4586 συνυποστῆναι
3409 4516 3489 4586 τῷ
3520 4516 3710 4586 κόσμῳ
3753 4519 4019 4585 παριστά-

2432 4626 2544 4661 νειν
2572 4610 2864 4678 ἠγώνιστο,
2887 4611 3043 4679 φησι,
3077 4610 3298 4662 Σκόπει
3342 4609 3553 4662 τοίνυν
3572 4608 3641 4660 ἐκ
3679 4608 3896 4661 πόσων
3927 4612 4023 4663 αὺ-

2432 4700 2611 4767 τῶνή
2667 4702 3070 4770 ὑπερκόσμιος
3130 4700 3433 4768 συνῆκται
3484 4699 3744 4768 γένεσις.
3795 4701 3864 4754 ἐκ
3918 4701 4021 4754 τοῦ

2430 4793 2583 4861 μήτε
2635 4793 2851 4847 Μωσέα
2893 4793 3031 4863 μήτ’
3070 4792 3271 4860 ἄλλην
3317 4795 3731 4849 θεόπνευστον
3760 4794 4019 4862 Γωφὴν

2434 4884 2555 4954 ἅμα
2583 4884 2663 4949 τῷ
2698 4887 2902 4954 κόσμῳ
2942 4884 3251 4955 γεγονέναι
3296 4886 3520 4949 αὐτοὺς
3559 4885 3774 4950 εἰπεῖν,
3800 4886 3871 4938 ἐκ
3916 4885 4019 4939 τοῦ

2430 4979 2581 5046 μήτε
2608 4976 2853 5046 σώματα
2893 4973 3047 5032 εἶναι
3096 4977 3249 5046 μήτε
3282 4977 3685 5031 συνδεδέσθαι
3739 4977 4018 5045 σώμασιν

2434 5069 2772 5136 ὀρτανικοῑς
2808 5068 3011 5136 ὥσπερ
3055 5069 3169 5137 τὴν
3203 5071 3498 5138 ἡμετέραν
3550 5068 3790 5136 ψυχὴν,
3818 5071 3887 5122 ὲκ
3914 5070 4018 5135 τῆς

2432 5160 2841 5229 ὑπερκοσμίου
2879 5159 3185 5229 δυνάμεως
3228 5161 3448 5226 αὐτῶν,
3479 5161 3548 5226 ἐξ
3580 5156 3670 5215 ὦν
3712 5162 3783 5215 τὸ
3849 5164 4016 5216 θεῖον

2432 5247 2724 5317 διηνεκῶς
2757 5251 3106 5319 θεωροῦσιν,
3160 5246 3248 5305 ὧν
3288 5252 3470 5306 οὐδέν
3524 5251 3643 5305 τῶν
3677 5252 4013 5322 ἐγκωμίων

2429 5339 2686 5410 μετέχει·
2719 5342 2789 5396 ἐκ
2816 5342 2921 5397 τοῦ
2946 5341 3102 5413 μηδὲ
3127 5344 3233 5409 τὰς
3261 5343 3525 5413 ἀλόγους
3548 5344 3760 5412 ψυχὰς
3786 5360 4009 5414 συγκα-

2053 5678 2290 5736 νΑΒΙᾸι]
2322 5677 2729 5735 LECTIONES.

832 5791 878 5831 ⁷⁸
904 5789 1153 5862 μηνύειν]
1180 5791 1288 5847 imo
1317 5792 1391 5864 μὴ
1415 5792 1581 5847 δύειν.
1612 5793 1683 5851 cl.
1707 5793 1881 5866 Elym.
1925 5795 1993 5851 bl.
2071 5801 2117 5839 τ’
2146 5797 2288 5868 τότεΙ
2320 5798 2439 5852 libri
2470 5800 2548 5852 τό.

2629 5799 2674 5831 ⁸⁸
2710 5796 2825 5871 καὶ]
2859 5798 2973 5871 lege
3002 5799 3047 5851 εἰ
3081 5798 3192 5853 καὶ.
