4206 6436
200 387 337 452 1913

1308 402 1830 464 BIBLIOTIIECA.
1862 430 1930 440 —
1954 404 2117 465 COD.
2153 406 2391 465 CCXLI.

3320 397 3458 465 ιιιι

196 501 597 570 ταόεόλῆσθαι
624 505 749 571 τοῖς
798 507 1058 576 σώμασι.
1116 512 1307 566 καίτοι
1367 516 1545 582 χωρίς
1582 516 1779 584 σωμά-

1886 518 1953 570 sit
1984 528 2217 572 creatus.
2254 519 2363 573 Hoc
2396 519 2539 571 enim
2567 532 2595 571 e
2618 526 2781 577 terra,
2808 517 2893 570 ille
2919 530 3013 586 per
3043 530 3101 570 se
3127 514 3309 568 divina
3335 529 3460 582 paro

198 609 318 643 των
343 593 429 660 μὴ
484 594 825 664 δυναμένας
885 596 1037 653 εἶναι
1071 618 1083 631 ·
1120 603 1189 656 ἐκ
1219 604 1325 657 τοῦ
1369 606 1454 673 μὴ
1519 607 1633 671 τὴν
1670 608 1773 660 ἀν-

1889 608 2078 676 ticipnt
2104 610 2475 677 generatione,
2505 618 2612 662 etc.

198 684 506 747 θρωπίνην
560 685 775 754 ψυχὴν
816 690 972 757 μηδὲ
1033 692 1112 756 τῷ
1168 692 1295 759 Ιδίῳ
1341 695 1805 766 συνυποστῆναι
1876 696 2129 764 σώματι·
2155 696 2367 766 τὸμὲν
2412 700 2521 768 γὰρ
2559 699 2628 751 ἐκ
2688 698 2819 766 γῆς.
2865 697 2903 764 ἢ
2945 696 3015 750 δὲ
3056 695 3186 750 καθ’
3232 693 3463 761 ἑαυτὴν

199 775 500 843 θειοτέρας
520 778 639 832 ὑπὸ
680 782 827 835 Θεοῦ
855 783 1115 851 μετέσχε
1144 785 1434 855 γενέσεως
1464 790 1530 842 ⁸⁸.

864 877 1039 930 ΣΜΑἏ

272 960 416 1026 ΒΙος
441 963 845 1019 Ἀπολλωνίου
875 967 995 1020 ἀπὸ
1024 969 1233 1036 φωνῆς
1268 972 1700 1037 Φιλοστράτου.

288 1050 630 1126 Ἀνεγνώσθη
680 1056 746 1109 ὲκ
784 1056 877 1109 τοῦ
932 1058 1015 1120 εἰς
1071 1059 1163 1111 τὸν
1196 1060 1550 1115 ’Λπολλώνιον
1576 1063 1620 1095 ⁸²
1673 1064 1781 1118 ἀπο

197 1143 390 1211 φίοινῆς
430 1146 813 1216 ⁴διλοσενεράτου.
852 1148 1035 1204 Ὀτι⁸³
1068 1149 1361 1204 Βαϐυλῶνά
1420 1170 1552 1222 φησι
1611 1171 1783 1206 τετει-

196 1236 387 1304 χίσθαι
418 1238 749 1309 ὀγδοήκοντα
798 1245 893 1297 καὶ
933 1246 1260 1314 τετρακόσια
1324 1247 1511 1300 στάδια
1561 1248 1778 1319 κύκλῳ·

196 1330 386 1398 τεῖχος
438 1331 495 1383 δὲ
546 1334 718 1404 αὐτῆς
776 1336 903 1405 τρία
960 1337 1060 1408 μὲν
1111 1339 1172 1391 τὸ
1228 1338 1361 1407 ὕψος
1414 1338 1731 1410 ήμίπλεθρα
1766 1382 1781 1406 ,

200 1420 445 1493 πλέθρου
474 1425 530 1477 δὲ
564 1429 715 1494 μεῖον
757 1428 817 1481 τὸ
872 1428 1050 1500 εὖρος.
1110 1431 1349 1501 Ποταμῷ
1403 1432 1459 1484 δὲ
1527 1432 1787 1503 Εὐφράτῃ

198 1514 465 1582 τέμνεται
514 1517 608 1581 ξὺν
660 1520 937 1589 ὁμοιότητι
992 1522 1087 1575 106
1142 1524 1336 1587 εἴδους,
1369 1524 1427 1576 ὃν
1477 1526 1791 1595 ἀπόρρητος

199 1607 519 1678 ὑποστείχει
564 1612 798 1683 γέφυρα,
829 1613 896 1667 τά
929 1613 1178 1681 βασίλεια
1200 1617 1266 1668 τὰ
1304 1617 1395 1669 ἐπὶ
1445 1620 1563 1680 ταῖς
1605 1618 1791 1687 ὄχθαις

198 1700 434 1766 ἁψανῶς
490 1702 855 1766 ξδνάπτουσα.
920 1706 1062 1775 Γυνὴ
1124 1709 1233 1778 γάρ
1280 1709 1495 1776 λέγεται
1551 1711 1785 1778 Μήδεια,

2558 876 2780 931 CCXLI.

2080 994 2105 1001 κ
2126 970 2384 1034 Apollonii
2418 969 2611 1038 Tyanei
2656 968 2775 1021 Vita
2805 984 2831 1021 ε
2865 966 3220 1023 Philostrato.

1958 1063 2086 1133 Legi
2131 1062 2297 1116 Vitam
2338 1062 2606 1131 Apollonii
2656 1070 2875 1115 auctore
2906 1060 3259 1116 Philostrato.
3288 1060 3465 1129 Baby-

1891 1155 2046 1217 lonis,
2090 1154 2283 1223 inquit,
2318 1154 2455 1206 muri
2506 1152 3029 1222 quadringentorum
3077 1152 3376 1206 stadiorum
3409 1159 3465 1203 et

1890 1246 2163 1317 oct0ginta
2205 1246 2464 1299 ambitum
2499 1244 2937 1312 complectuntur
2970 1261 2983 1297 ε
3021 1244 3074 1297 in
3121 1243 3465 1297 altitudinem

1889 1351 2020 1391 vero
2065 1336 2164 1389 tria
2203 1335 2525 1404 semiiugera
2576 1334 2920 1398 attolluntur,
2966 1348 3094 1388 cum
3142 1334 3257 1388 sint
3307 1332 3470 1402 paulo

1891 1428 2069 1483 minus
2118 1428 2278 1482 unius
2312 1429 2515 1497 jugeris
2565 1427 2871 1484 latitudine.
2917 1426 3081 1482 Secat
3128 1436 3308 1480 autem
3357 1439 3469 1480 me-

1891 1521 2034 1577 diam
2063 1520 2329 1590 Babylona
2371 1518 2695 1587 Euphrates,
2718 1534 2840 1572 cmn
2866 1518 3057 1573 forma
3087 1518 3467 1580 similitudine,

1893 1627 2053 1682 quem
2091 1611 2399 1681 Euphraten
2445 1611 2688 1665 occultus
2723 1609 2869 1663 subit
2908 1623 3061 1678 pons,
3097 1611 3324 1678 regiam,
3348 1624 3470 1676 quae

1896 1705 1951 1759 in
1981 1714 2210 1770 utraque
2261 1704 2375 1770 ripa
2419 1712 2522 1765 est,
2560 1700 2792 1755 invicem
2835 1700 2996 1753 modo
3031 1699 3284 1752 invisibili
3334 1712 3469 1751 cou-

196 1790 315 1841 τῶν
373 1793 555 1863 ἐκείνῃ
612 1795 741 1847 ποτὲ
795 1796 1061 1865 ἄρχουσα,
1096 1798 1189 1851 τὸν
1224 1801 1466 1870 ποταμὸν
1498 1800 1783 1867 ύποζεῦξαι

1891 1795 2143 1864 jungens.
2180 1793 2375 1847 Fertur
2419 1794 2562 1848 enim
2597 1792 2791 1846 mulier
2842 1792 3027 1846 Medea
3075 1791 3364 1860 aliquando
3415 1789 3469 1843 id

200 1882 407 1950 τρόπον
428 1883 489 1935 ὃν
526 1887 691 1953 μήπω
737 1904 822 1950 τις
848 1890 1112 1958 ποταμῶν
1151 1891 1401 1965 ἐζεύχθη.
1461 1894 1656 1957 Λίθους
1680 1896 1789 1965 γὰρ

196 1968 268 2038 δὴ
303 1972 401 2023 καὶ
437 1973 637 2040 χαλκὸν
690 1980 786 2030 καὶ
813 1976 1109 2048 ἄσφαλτον,
1141 1982 1235 2035 καὶ
1264 1983 1436 2036 ὁπόσα
1463 1985 1519 2046 ἐς
1561 1984 1789 2054 ἔφυδρον

199 2060 451 2130 ξύνδεσιν
498 2065 807 2136 ἀνθρώποις
869 2070 1122 2142 εὓρηται,
1183 2077 1334 2145 παρά
1376 2079 1475 2139 τὰς
1505 2076 1667 2147 ὄχθας
1695 2079 1787 2132 106

197 2154 458 2223 ποταμοῦ
488 2157 719 2225 νήσασα,
751 2160 810 2212 τὸ
840 2161 1018 2231 ῥεῦμα
1036 2165 1114 2225 είς
1146 2164 1338 2233 λίμνας
1372 2166 1589 2235 ἔτρεψε,
1621 2167 1789 2235 ξηρόν

194 2259 260 2294 τε
293 2244 393 2313 ἢδη
424 2245 513 2297 τὸν
538 2248 779 2318 ποταμὸν
799 2248 1011 2320 ῶρυγεν
1032 2254 1098 2316 ⁸⁵,
1118 2254 1343 2321 ὀργυιὰς
1372 2257 1429 2318 ἐς
1459 2256 1551 2308 δύο
1580 2258 1644 2326 σή
1657 2274 1788 2326 ραγ-

195 2349 277 2398 γα
300 2334 643 2407 ἐργαζομένη
706 2340 911 2410 κοίλην,
972 2343 1057 2395 ἵνα
1093 2346 1148 2407 ἐς
1202 2345 1268 2396 τὰ
1294 2344 1541 2413 βασίλεια
1571 2347 1639 2399 τὰ
1662 2347 1789 2416 περὶ

193 2426 323 2485 ταῖς
348 2424 536 2492 ὄχθαις
597 2427 784 2498 ὥσπερ
814 2431 877 2482 ὲκ
912 2431 1017 2499 γῆς
1046 2433 1419 2501 ἀναφαίνοιτο,
1468 2438 1561 2488 καὶ
1588 2436 1789 2504 ἤρεψεν

194 2514 377 2583 αὐτὴν
437 2516 563 2578 ἴσως
603 2517 681 2589 τῷ
716 2518 807 2572 τοῦ
869 2522 1139 2591 ῥεύματος
1204 2525 1437 2596 δαπέδῳ.
1492 2528 1555 2579 Oi
1593 2529 1689 2596 μὲν
1724 2527 1787 2597 δὴ

195 2608 445 2675 θεμέλιοι
495 2609 840 2680 ἑὸεὗήκεσαν
875 2616 968 2665 καὶ
997 2615 1045 2665 οἱ
1098 2618 1267 2685 τοῖχοι
1330 2619 1426 2685 τῆς
1479 2619 1787 2687 σήραγγος·

194 2702 298 2754 ἁτε
330 2702 389 2753 δὲ
405 2702 449 2732 ⁸⁸
469 2703 565 2771 τῆς
602 2705 883 2773 ἀσφάλτου
929 2706 1193 2779 δεομένης
1241 2709 1334 2762 τοῦ
1396 2710 1585 2773 ὓδατος
1615 2713 1693 2773 είς
1728 2712 1788 2764 τὸ

192 2793 485 2846 >ιθοῦσθαι
545 2797 638 2849 καὶ
696 2798 1023 2868 πήγνυσθαι,
1086 2802 1114 2853 ό
1171 2801 1461 2871 Εὐφράτης
1514 2804 1786 2872 ὲπαφείθη

195 2887 358 2955 ὑγρῷ
392 2887 469 2955 τῷ
502 2889 708 2959 ὀρόφῳ,
765 2891 855 2942 καὶ
911 2884 1012 2943 ὦδε
1082 2892 1213 2960 ἔστη
1243 2893 1303 2944 τὸ
1354 2894 1591 2963 ζεῦγμα.
1624 2896 1703 2948 Τὰ
1732 2896 1787 2947 δὲ

195 2977 457 3046 βασίλεια
486 2981 669 3049 χαλκῷ
704 2982 803 3052 μὲν
828 2983 1064 3053 ἧρεπται
1109 2986 1204 3037 καὶ
1232 2984 1325 3037 ἀπ’
1349 2987 1527 3038 αὐτῶν
1580 2987 1786 3055 ἀστρά-

194 3084 328 3119 πτει
353 3085 366 3095 ·
397 3066 627 3137 θάλαμοι
650 3070 704 3122 δὲ
748 3072 840 3123 καὶ
868 3072 1133 3142 ἀνδρῶνες
1162 3074 1253 3126 καὶ
1280 3078 1430 3127 στοαὶ
1458 3076 1525 3128 τὰ
1557 3078 1654 3145 μὲν
1689 3078 1788 3146 ἀρ-

1893 1901 2119 1954 regnum
2151 1886 2343 1939 sortita
2392 1883 2610 1937 ﬂuvium
2658 1882 2928 1953 iunxisse,
2973 1898 3081 1953 quo
3118 1882 3275 1936 modo
3311 1891 3470 1934 antea

1891 1993 2073 2033 nemo.
2126 1977 2358 2043 Lapides
2402 1975 2546 2029 enim
2588 1985 2643 2029 et
2690 1990 2783 2040 aes,
2824 1983 3083 2044 przeterea
3136 1973 3379 2027 bitumen
3414 1982 3469 2026 et

1892 2070 2097 2138 reliqua
2148 2068 2344 2141 325.0
2405 2066 2846 2135 conglutinationi
2896 2067 2947 2120 iu
3000 2066 3156 2135 aquis
3209 2063 3470 2119 facienda:

1890 2158 1957 2212 ab
2003 2159 2311 2211 hominibus
2364 2156 2605 2222 iuventa,
2655 2158 2718 2209 ad
2752 2154 2991 2209 ﬂuminis
3031 2156 3175 2222 ripas
3217 2154 3305 2207 ubi
3343 2170 3469 2207 coa-

1889 2249 2151 2312 cervavit,
2182 2247 2421 2301 ﬂuminis
2453 2262 2622 2314 aquas
2648 2248 2699 2300 in
2731 2246 2952 2316 paludes
2986 2246 3273 2309 derivavit,
3307 2256 3469 2313 atque

1890 2340 2167 2392 exsiccato
2198 2337 2436 2391 ﬂuminis
2466 2336 2637 2399 alveo,
2672 2339 2901 2389 duarqu
2940 2335 3191 2389 ulnarum
3243 2350 3464 2403 specum

1887 2430 2193 2494 excavavit,
2215 2442 2271 2484 ut
2311 2429 2376 2483 ad
2410 2428 2604 2498 regias,
2628 2442 2748 2496 qum
2782 2428 3035 2497 utrinque
3061 2428 3297 2480 ﬂuminis
3322 2427 3467 2495 ripas

1889 2520 2158 2588 adjacent,
2214 2534 2306 2589 per
2364 2533 2524 2583 eam,
2573 2533 2734 2588 quam
2789 2517 3046 2581 diximus,
3092 2515 3305 2569 foveam
3357 2530 3464 2569 nou

1889 2628 2048 2668 secus
2079 2627 2141 2664 ac
2170 2626 2265 2679 per
2289 2609 2492 2662 aridam
2529 2620 2727 2664 terram
2769 2608 2947 2661 aditus
2977 2606 3363 2669 intercederet,
3390 2607 3464 2661 ita

1891 2713 1949 2757 ut
2001 2703 2225 2758 fornicis
2284 2704 2511 2757 altitudo
2564 2700 2801 2753 ﬂuminis
2850 2699 3001 2753 alveo
3058 2700 3462 2767 adaequaretur.

1894 2797 2267 2851 Fundamenta
2290 2804 2691 2865 processerant,
2717 2804 2769 2846 et
2799 2796 3034 2861 parietes
3058 2807 3283 2862 specus;
3308 2791 3465 2861 quasi

1890 2889 2128 2944 bitumen
2159 2904 2294 2958 aqua
2336 2888 2622 2959 indigeret,
2657 2898 2717 2941 ut
2744 2888 3119 2958 lapideseeret,
3155 2896 3208 2938 et
3241 2884 3464 2937 indura-

1889 2991 2059 3045 retur,
2104 2982 2404 3050 Euphrates
2447 2982 2666 3035 humido
2708 2980 2929 3035 fornicis
2989 2987 3133 3032 tecto
3187 2976 3466 3029 immissus

1887 3085 1991 3140 est,
2015 3086 2176 3137 atque
2202 3075 2595 3143 barcjungendi
2628 3074 2765 3127 ratio
2796 3072 2917 3126 fuit.
2950 3071 3117 3141 Regia
3151 3079 3329 3123 autem
3356 3082 3465 3121 tere

192 3157 379 3227 γύρῳ,
411 3158 480 3209 τά
525 3159 581 3211 δὲ
635 3163 853 3229 χρυσοῖς
917 3163 1044 3233 [5'29
1084 3161 1176 3235 Η.]
1245 3164 1551 3234 ὑφάσμασι,
1609 3166 1678 3217 τά
1728 3166 1783 3218 δὲ

1892 3167 2148 3233 adoperta
2184 3165 2370 3234 iulg-il,
2408 3165 2626 3218 thalami
2667 3178 2818 3227 vero,
2847 3171 2900 3217 et
2932 3162 3192 3231 porticus,
3216 3174 3281 3212 ac
3320 3159 3466 3211 viro-

194 3248 393 3317 χρυσῷ
419 3250 588 3317 αὐτῷ,
620 3252 870 3319 καθάπερ
905 3257 1165 3323 γραφαῖς,
1204 3256 1515 3325 ὴγλάῖσται.
1558 3257 1699 3327 Φησὶ
1731 3259 1787 3309 δὲ

195 3340 441 3409 φῆσαι⁸¹ΙΙ
499 3342 589 3394 τὸν
658 3343 1014 3398 Ἀπολλώνιον
1059 3348 1152 3400 καὶ
1225 3348 1456 3418 ἀνδρῶνι
1515 3350 1785 3419 ἐντυχεῖν,

192 3424 260 3484 06
284 3433 380 3483 τὸν
409 3432 604 3502 ὄροφον
636 3436 715 3497 εἰς
738 3435 891 3489 θόλου
922 3437 1154 3506 ἀνῆχθαι
1190 3439 1394 3508 σχῆμα,
1436 3439 1650 3510 ούρανῷ
1680 3458 1786 3493 τινι

193 3523 530 3591 εἰκασμένον
553 3541 565 3553 '
598 3527 926 3597 σαπςρειρίνῃ
960 3528 1014 3581 δὲ
1042 3529 1204 3581 αὐτὸν
1240 3531 1577 3601 κατηρέφθαι
1630 3531 1783 3602 λίθῳ’

196 3612 329 3683 [997
368 3611 461 3683 3.]
497 3616 815 3684 κυανωτάτη
839 3616 894 3668 δὲ
909 3618 953 3653 ⁸*
990 3618 1187 3688 ήλίθος
1228 3620 1321 3671 καὶ
1366 3620 1593 3690 οὐρανία
1636 3620 1781 3674 ίδεῖν.

193 3703 354 3755 Θεῶν
378 3720 436 3754 τε
474 3705 778 3774 ἀγάλματα,
809 3706 901 3769 οὓς
927 3708 1257 3776 νομίζουσιν,
1292 3710 1503 3779 ἵδρυται
1554 3711 1667 3764 ἄνω
1694 3712 1785 3764 καὶ

194 3794 387 3861 χρυσᾶ
418 3793 662 3859 φαίνεται
695 3796 944 3866 καθάπερ
979 3794 1037 3861 ἑξ
1070 3798 1307 3867 αἰθέρος.
1338 3800 1556 3863 Δικάζει
1588 3799 1687 3868 μὲν
1718 3800 1782 3870 δὴ

193 3886 224 3936 ὁ
248 3883 527 3951 βασιλεὺς,
564 3888 761 3964 χρυσαῖ
782 3886 837 3938 δὲ
864 3888 1050 3955 ἴϋγγες
1090 3889 1505 3959 άποκρέμανται
1530 3890 1624 3942 106
1658 3890 1783 3959 ὀρό-

195 3992 307 4042 φου
339 3976 597 4045 τέτταρες
616 3977 787 4047 ⁸⁸,τὴν
828 3979 1173 4047 Ἀδράστειαν
1205 3980 1354 4051 αύτῷ
1392 3982 1783 4051 παρεγγυῶσαι

193 4068 299 4119 καὶ
325 4068 388 4119 τὸ
419 4068 490 4138 μὴ
519 4069 656 4137 ὑπὲρ
684 4071 811 4133 τοὺς
835 4069 1154 4140 ἀνθρώπους
1184 4073 1229 4104 "
1260 4072 1534 4142 αἴρεσθαι.
1571 4076 1784 4137 Ταύτας

190 4159 245 4211 ot
275 4159 445 4226 μάγοι
474 4160 624 4213 αὐτοί
659 4178 823 4229 φασιν
852 4163 1244 4231 ἁρμόττεσθαι,
1279 4168 1572 4234 φοιτῶντες
1607 4171 1684 4233 εἰς
1714 4170 1782 4223 τὰ

192 4248 473 4318 βασίλειαο
507 4250 729 4304 καλοῦσι
753 4252 810 4305 δὲ
840 4255 1010 4318 αὑτὰς
1036 4256 1175 4309 θεῶν
1207 4257 1470 4326 γλώττας.

269 4524 467 4575 Ὀτι⁹⁹
510 4524 675 4595 φησὶν
714 4526 1073 4580 Ἀπολλώνιον
1129 4547 1223 4582 και
1273 4535 1400 4595 τοὺς
1455 4535 1573 4603 μετ’
1605 4535 1776 4603 ξαύτὸν

185 4615 449 4679 ἐξιόντας
501 4618 599 4685 τῆς
658 4618 885 4687 Περσῶν
931 4620 1106 4689 ἀρχῆς
1170 4622 1263 4673 καὶ
1323 4623 1647 4692 προσιόντας
1702 4624 1778 4694 τῷ

185 4708 481 4773 Καυκάσῳ
541 4709 907 4780 εύωδεστέρας
965 4713 1061 4781 τῆς
1106 4713 1209 4781 γῆς
1268 4714 1577 4768 αἰσθέσθαι.
1616 4716 1689 4768 Τὸ
1723 4716 1779 4769 δὲ

182 4800 323 4866 ὅρος
378 4797 536 4851 τοῦτο
596 4801 773 4869 ἀρχὴν
838 4802 1139 4871 ποιούμεθα
1199 4803 1293 4856 τοῦ
1337 4804 1552 4875 Ταύρου
1579 4806 1671 4859 106
1714 4806 1781 4859 δι’

196 4888 503 4959 Ἀρμενίας
532 4906 590 4940 τε
625 4892 719 4941 καὶ
762 4891 1001 4944 Κιλίκων
1054 4894 1147 4945 ἐπὶ
1212 4895 1543 4964 Παμφύλους
1573 4912 1631 4949 τε
1682 4897 1777 4949 καὶ

181 4979 463 5048 Μυκάλην
524 4983 850 5049 στείχοντος,
898 4984 930 5051 ἢ
991 4983 1302 5036 τελευτῶσα
1361 4987 1441 5048 είς
1468 4986 1765 5051 θάλασσαν,

178 5072 257 5140 ἢν
299 5073 486 5141 Κᾶρες
536 5073 767 5138 οἰκοῦσι,
818 5076 995 5144 τέρμα
1052 5076 1146 5130 τοῦ
1182 5078 1474 5131 Καυκάσου
1514 5079 1773 5149 νομίζοιτ’

176 5165 275 5228 ἂν,
353 5164 471 5216 ἀλλ’
530 5166 645 5235 οὐχ,
705 5166 782 5229 ὼς
836 5166 967 5219 ἔνιοί
1020 5186 1207 5237 φασιν,
1269 5172 1449 5242 ἀρχή·
1485 5171 1545 5223 τό
1573 5188 1631 5223 τε
1664 5171 1774 5241 γάρ

173 5256 288 5323 τῆς
340 5254 605 5325 Μυκάλης
660 5255 794 5325 ὖψος
848 5257 1001 5309 οὔπω
1068 5260 1232 5328 μέγα,
1277 5263 1369 5313 καὶ
1392 5260 1775 5330 αἱὺπερὸολαὶ

174 5346 282 5399 τοῦ
325 5347 619 5402 Καυκάσου
643 5349 895 5401 τοσοῦτον
920 5351 1209 5403 ἀνεστᾶσιν
1224 5352 1298 5414 ὡς
1331 5352 1607 5422 σχίζεσθαι
1644 5354 1772 5423 περὶ

175 5438 365 5500 αὐτὰς
387 5439 431 5469 ’⁸
461 5441 551 5493 τὸν
584 5441 755 5511 ἥλιον.
802 5442 1122 5512 Περιόάλλει
1150 5443 1205 5497 δὲ
1246 5444 1442 5514 Ταύρῳ
1477 5445 1647 5515 ἑτέρῳ
1677 5447 1771 5498 καὶ

1892 3271 2009 3309 rum
2047 3257 2313 3309 douiicilia
2345 3258 2538 3324 partim
2577 3265 2823 3324 argento,
2856 3256 3055 3324 partim
3100 3252 3281 3305 aureis
3306 3250 3462 3314 velis,

1890 3346 2086 3414 pnl‘liln
2143 3362 2274 3398 auro
2325 3346 2438 3415 ipso
2497 3347 2657 3398 Veluti
2710 3344 3051 3399 lineamentis
3102 3342 3464 3396 condecorata

1889 3448 2036 3490 Stttll.
2082 3438 2169 3490 Ait
2217 3438 2556 3507 Apollonium
2604 3438 2655 3490 in
2709 3437 2976 3505 porticum
3028 3436 3264 3498 venisse,
3312 3433 3466 3498 cujus

1884 3529 1973 3597 jus
2007 3544 2257 3597 suprema
2312 3548 2436 3600 pars
2483 3532 2534 3584 in
2586 3530 2815 3584 formam
2854 3528 2981 3583 tholi
3026 3526 3288 3581 fabricata
3340 3527 3463 3580 mali

1890 3621 2083 3676 faciem
2137 3622 2450 3675 ilttilalmlur
2504 3622 2723 3690 sapliiro
2780 3621 2954 3688 lapide
3004 3620 3264 3687 adoperta
3312 3636 3325 3670 :
3371 3619 3463 3686 qui

1889 3713 2027 3782 lapis
2054 3716 2284 3768 tnaxime
2316 3715 2604 3768 meruleum
2639 3712 2757 3767 σα)ιί
2796 3711 3033 3766 colorem
3065 3710 3256 3763 refert.
3293 3709 3465 3763 Erant

1889 3806 1998 3861 illic
2029 3806 2289 3875 imagines
2333 3808 2577 3866 deorum,
2612 3820 2745 3872 quos
2781 3803 2852 3855 illi
2900 3802 3110 3867 colunt,
3144 3803 3463 3868 exsculptar,

1888 3910 2096 3953 auratae
2130 3899 2246 3953 luce
2290 3897 2457 3951 affusa
2510 3898 2782 3951 videntur.
2823 3895 2872 3950 Is
2908 3905 3087 3949 autem
3154 3895 3305 3949 locus
3358 3904 3461 3958 est,

1886 3989 1975 4044 ubi
2014 4006 2104 4044 rex
2146 3990 2234 4056 jus
2277 3990 2457 4043 dicere
2506 3988 2825 4054 consuevit;
2874 4002 2937 4041 ex
2982 3986 3295 4040 testitudine
3333 3999 3464 4038 vero

1887 4080 2073 4150 iynges
2114 4081 2333 4134 avicula:
2361 4091 2597 4148 quatuor
2625 4080 2930 4147 pendebant
2963 4078 3124 4146 (quas
3160 4075 3462 4130 ntotacillas

1886 4174 2046 4240 vulgo
2078 4172 2320 4241 vocant),
2353 4170 2621 4224 Nemesim
2659 4170 2737 4224 illi
2785 4172 3129 4229 exhibentes,
3162 4169 3462 4221 admonen-

1889 4272 2074 4329 tc-sque
2104 4276 2302 4330 regem,
2338 4275 2404 4315 ne
2436 4276 2494 4315 se
2535 4276 2700 4330 supra
2742 4260 3016 4313 hominem
3074 4256 3319 4311 eﬂerret.
3355 4254 3463 4309 llas

1884 4366 2013 4405 vero
2044 4351 2231 4406 dicunt
2257 4366 2467 4419 magos,
2499 4367 2621 4403 cum
2669 4352 2721 4404 in
2764 4351 2964 4420 regiam
3007 4350 3307 4410 venissent,
3340 4347 3459 4415 jus-

1809 4478 1857 4537 ο
1884 4444 2021 4496 sisse
2054 4442 2189 4494 ﬁeri.
2226 4441 2429 4495 Vocant
2458 4453 2636 4493 autem
2671 4441 2815 4508 ipsas
2844 4440 3073 4491 deorum
3116 4437 3349 4505 linguas.

1951 4532 2260 4601 Apollonius
2309 4545 2361 4585 et
2412 4532 2500 4585 alii
2551 4543 2671 4598 p03t
2727 4529 2897 4594 illum,
2946 4528 3233 4582 Persarum
3295 4541 3462 4594 regno

1880 4632 2162 4688 exeuntes,
2216 4638 2336 4676 cum
2392 4623 2457 4675 ad
2506 4622 2807 4675 Caucasum
2862 4620 3455 4689 appropinquaverunt,

1877 4713 2073 4768 olentis
2122 4724 2278 4767 terra:
2321 4712 2618 4779 jucundum
2666 4713 2886 4765 odorem
2946 4719 3255 4764 senserunt.
3304 4707 3457 4762 Htmc

1880 4811 2060 4856 autem
2108 4812 2344 4855 montem
2388 4801 2711 4870 principium
2759 4801 2984 4854 fat-imus
3018 4798 3205 4863 Tauri,
3236 4801 3325 4869 qui
3364 4815 3460 4867 per

1879 4892 2191 4945 Armeniam
2238 4902 2292 4945 et
2331 4891 2595 4955 Ciliciam,
2632 4903 2681 4946 et
2714 4894 2777 4945 ad
2810 4892 3161 4960 Pamphiliam
3204 4906 3374 4961 usque
3403 4898 3458 4945 et

1884 4982 2057 5053 Mylen
2114 4985 2374 5054 procedit,
2424 4999 2543 5053 quae
2588 4983 2795 5053 Mycale
2843 4987 2893 5038 in
2941 5001 3089 5038 mare
3122 4985 3277 5051 juxta
3314 4985 3458 5053 quod

1881 5075 2049 5130 Cares
2096 5077 2364 5138 habitant,
2406 5075 2688 5139 definiens,
2754 5078 2975 5131 Caucasi
3036 5076 3156 5131 finis
3207 5089 3452 5147 putatur.

1882 5184 1988 5223 non
2030 5181 2208 5221 autem
2257 5167 2583 5236 principium
2636 5179 2693 5221 ut
2742 5170 3057 5236 quibusdam
3104 5170 3299 5237 placet.
3338 5168 3454 5236 My-

1878 5263 2023 5318 cales
2056 5264 2197 5316 enim
2231 5262 2457 5316 altitudo
2493 5277 2598 5316 non
2633 5260 2921 5316 admodum
2961 5277 3151 5332 magna
3181 5271 3280 5327 est,
3313 5260 3452 5314 Cun-

1876 5355 1989 5409 casi
2023 5362 2200 5406 autem
2246 5356 2588 5408 summitates
2622 5355 2676 5408 in
2713 5364 2916 5407 tantum
2948 5368 3242 5422 exsurgere
3274 5353 3454 5421 perhi-

1880 5447 2096 5509 bentur,
2133 5455 2188 5498 ut
2232 5445 2312 5499 sul
2356 5446 2502 5499 circa
2557 5446 2675 5516 ipsa
2721 5446 3020 5500 scindatur.
3062 5442 3454 5512 Complectitur

1491 5557 1735 5612 ῩΑΒΙΑΞ·
1768 5558 2176 5613 LEC'l‘lONES.

262 5671 307 5703 "
343 5679 466 5740 post
495 5689 763 5739 γενεσεως
785 5672 835 5725 in
863 5672 906 5729 C
933 5673 1085 5728 vacui
1121 5688 1310 5727 versus
1330 5674 1419 5729 58.
1497 5676 1543 5706 ⁸⁸
1561 5678 1625 5728 ὲκ
1649 5674 1741 5728 τοῦ
1768 5674 1847 5737 εἰς
1874 5676 1964 5726 τὸν
1995 5674 2352 5728 ’Λπολλώνιον
2382 5675 2468 5728 ΑΒ
2511 5692 2524 5729 :
2564 5676 2923 5731 Ἀπολλωνίου

177 5742 507 5801 Philostrat.
542 5741 604 5794 V.
639 5744 701 5795 Α.
736 5759 771 5805 ι,
794 5743 884 5795 ‘25.

174 5817 233 5849 ³⁸
260 5812 524 5877 τέσσαρες
547 5830 610 5879 ς,
686 5816 731 5851 ⁸⁸
757 5814 1076 5881 ἀνθρώπους
1110 5817 1182 5871 A:
1214 5815 1475 5885 οὐρανοὺς
1498 5812 1563 5878 ές.

990 5744 1037 5774 ⁸⁸
1063 5745 1277 5812 ῶρυγεν
1299 5744 1413 5797 AB:
1445 5744 1682 5813 ὤρυττεν
1713 5763 1769 5807 ς.

2973 5676 3085 5748 βίος
3126 5695 3186 5742 ςο
3270 5676 3314 5708 ⁸³
3345 5677 3453 5748 δτιΙ

2474 5746 2520 5777 ⁸³
2552 5747 2717 5814 φῆναι
2780 5765 2837 5811 ς.
2951 5748 2997 5781 ⁸⁷
3029 5746 3159 5801 δὲΑ
3210 5763 3224 5801 :
3276 5762 3335 5800 τε
3388 5746 3450 5811 ς.

1879 5746 1924 5778 ε·
1967 5744 2046 5817 δὲ]
2096 5745 2215 5817 libri
2260 5747 2343 5817 δὴ.

1668 5816 1712 5847 ”
1732 5816 1839 5890 ὅτι]
1873 5832 1933 5883 tt,
1958 5815 2042 5869 ‘2.»
2091 5816 2131 5849 ⁹¹
2158 5815 2349 5887 αὑτάς]
2386 5815 2547 5870 αὑτὸν
2574 5816 2679 5872 ΑΒ.
