4206 6436
786 371 921 435 1215

1910 365 2172 426 PlIOTII
2210 362 2710 424 PATIUARCII/E
2741 365 2846 423 (ΣΡ.

3889 367 4029 433 1216

784 494 963 538 autem
1024 480 1188 535 altera
1250 487 1401 547 parte
1461 476 1679 530 Taurus
1742 476 2131 530 conterminam
2194 472 2355 526 Indiae

2467 471 2554 540 τὴν
2584 472 2778 541 ὅμορον
2811 463 2876 542 τῇ
2922 471 3116 543 Ἰνδικῇ
3166 473 3399 528 Σκυθίαν
3425 477 3627 547 πᾶσαν,
3668 476 3810 530 κατά
3840 478 4037 531 Μαιῶ-

786 574 1062 641 Scytltiam
1097 586 1309 623 omnem
1363 570 1515 638 juxta
1582 568 1905 628 Mmotidem,
1966 574 2020 618 et
2073 563 2352 618 sinistrum

789 666 1048 727 Pontum,
1110 661 1297 726 viginti
1358 660 1581 712 millium
1644 660 1941 711 stadiorum
2002 655 2351 723 longitudine.

788 755 1017 807 Tantum
1065 752 1207 805 enim
1252 760 1409 804 terra:
1454 752 1667 802 modum
1719 748 2097 816 complectitur
2130 744 2353 798 Caucasi

789 844 1042 897 ambitus.
1101 842 1252 906 Quod
1296 850 1471 893 autem
1523 849 1707 893 nostra
1756 853 1818 892 ex
1870 848 2021 905 parte
2055 836 2353 903 appellatus

789 933 999 986 Taurus
1038 947 1197 999 supra
1248 931 1560 983 Armeniam
1606 931 1984 996 praetendatur,
2020 928 2163 994 quod
2199 925 2355 991 longo

792 1035 1032 1091 tempore
1091 1024 1354 1075 creditqu
1414 1035 1517 1073 non
1574 1028 1686 1079 est,
1739 1027 2001 1072 testantur
2056 1017 2354 1084 pantherae,

791 1130 926 1183 quas
967 1115 1018 1166 in
1055 1112 1379 1181 Pamphyliae
1414 1123 1601 1179 parte,
1662 1125 1782 1177 quze
1837 1118 2078 1162 aromata
2130 1106 2355 1175 profert,

788 1218 973 1272 captas
1015 1219 1137 1257 esse
1184 1203 1568 1269 comperimus.
1599 1199 1756 1253 Tales
1800 1201 1942 1251 enim
1996 1197 2121 1251 ferte
2161 1196 2356 1267 3241)

788 1295 1119 1347 arnmatibus
1158 1294 1415 1363 gaudent,
1452 1303 1505 1344 et
1556 1308 1617 1344 ex
1673 1292 1960 1359 longinquo
2006 1290 2227 1343 odorem
2278 1298 2359 1341 at-

790 1388 1084 1449 trahentes,
1107 1396 1160 1438 et
1186 1399 1252 1437 ex
1281 1383 1539 1436 Armenia
1572 1398 1665 1450 per
1692 1394 1903 1435 montes
1931 1380 2356 1449 proﬁciscentes,

787 1480 855 1529 ad
894 1474 1128 1545 styracis
1170 1474 1437 1545 lacrymas
1472 1472 1738 1535 feruntur,
1771 1473 1981 1539 quoties
2024 1471 2163 1522 renti
2201 1471 2267 1523 ab
2297 1485 2359 1522 ea

788 1576 938 1634 parte
984 1564 1173 1619 ﬂantes
1229 1564 1297 1616 ab
1345 1564 1634 1616 arboribus
1681 1563 1733 1615 id
1782 1562 1982 1628 gummi
2032 1561 2360 1615 stillantibus

785 1658 1009 1711 odorem
1067 1655 1366 1725 perferunt.
1432 1653 1626 1720 Accepi
1699 1652 1861 1706 etiam
1936 1652 1986 1703 in
2044 1650 2360 1719 Pamphylia

788 1747 1108 1814 pantlteram
1162 1755 1374 1812 captant
1437 1743 1620 1802 fuisse,
1662 1756 1882 1793 aureum
1929 1750 2174 1806 torquem
2215 1741 2358 1793 circa

788 1838 983 1891 Collum
1030 1836 1317 1889 habentem
1360 1834 1637 1887 Armeniis
1685 1832 1881 1884 litteris
1929 1830 2232 1897 hujusmudi
2279 1832 2361 1883 iu—
2391 1804 2435 1863 Β

786 1933 1050 1996 scriptum
1088 1946 1102 1981 :
1140 1927 1250 1980 Rea:
1296 1928 1515 1978 Arsaces
1556 1926 1651 1977 deo
1691 1922 1908 1992 Nysam.
1946 1924 2223 1991 Regnabat
2268 1940 2362 1976 au-

789 2030 894 2073 tem
954 2019 1285 2086 temporibus
1341 2016 1445 2069 illis
1498 2015 1550 2068 in
1602 2014 1855 2069 Armenia
1905 2012 2158 2067 Arsaces.
2205 2012 2273 2075 Is,
2308 2024 2365 2067 ut

786 2113 1001 2178 opinor,
1055 2109 1222 2162 feram
1284 2107 1482 2160 eximia
1547 2120 1655 2173 prae
1716 2104 1929 2157 caeteris
1992 2104 2364 2174 magnitudine

786 2202 1001 2254 Baccho
1043 2200 1299 2253 sacravit.
1361 2196 1606 2250 Bacchus
1650 2196 1792 2249 enim
1849 2192 2074 2265 Nysaeus
2118 2210 2147 2247 a
2191 2195 2362 2265 Nysa,

788 2310 907 2361 qua:
938 2292 989 2345 in
1031 2291 1178 2345 ludia
1210 2299 1313 2354 est,
1344 2298 1708 2356 nuncupatur,
1745 2303 1848 2341 non
1884 2288 1951 2340 ab
1986 2287 2131 2340 lndis
2165 2288 2361 2353 solum,

789 2386 879 2437 sed
911 2382 1161 2436 omnibus
1203 2380 1475 2449 gentibus,
1510 2392 1627 2445 quae
1671 2377 1737 2430 ad
1781 2377 2053 2430 Orientem
2094 2384 2361 2445 spectant.

790 2473 883 2526 llla
936 2488 1089 2537 vero,
1135 2486 1297 2539 quam
1361 2469 1495 2531 dixi,
1572 2467 1684 2521 fera
1737 2468 1976 2521 cicurata
2028 2469 2094 2521 ab
2148 2468 2366 2521 homine

791 2568 1100 2635 aliquandiu
1157 2575 1275 2628 est,
1333 2562 1613 2615 attrectari
1671 2559 2076 2628 demulcerique
2134 2560 2364 2627 patiens.

790 2654 1125 2708 Adveniente
1172 2662 1352 2705 autem
1403 2664 1549 2713 vere,
1598 2648 1687 2701 ubi
1744 2650 1956 2701 veneris
2001 2663 2118 2701 eam
2168 2647 2366 2715 cupido

791 2746 1128 2807 stimulavit,
1178 2743 1345 2795 maris
1394 2741 1665 2795 desiderio
1719 2752 1859 2793 tacta
1918 2740 1970 2792 in
2022 2750 2231 2792 mOutes
2277 2755 2365 2793 se-

789 2838 975 2895 cessit.
1007 2835 1196 2888 eodem
1232 2834 1372 2901 quod
1412 2829 1655 2899 gestabat
1700 2840 2040 2883 ornamento.
2075 2830 2237 2898 Capta
2271 2846 2367 2883 att-

790 2937 897 2979 tetn
960 2925 1136 2978 fuerat
1192 2925 1242 2976 in
1310 2921 1570 2975 inferiore
1626 2922 1792 2975 Tauri
1852 2932 2005 2989 parte
2064 2932 2364 2974 aromatum

788 3020 953 3069 odore
1000 3015 1210 3068 allecta.
1244 3012 1521 3067 Caucasus
1555 3023 1756 3076 autem,
1800 3012 2030 3067 Mediam
2070 3023 2231 3079 atque
2278 3011 2367 3063 ln-

2458 563 2538 613 τίν
2569 580 2625 613 τε
2662 565 2755 615 καὶ
2808 542 3345 635 ἀριστερδνΠόντον,
3379 542 3609 620 σταδίων
3647 568 3884 637 μάλιστα
3916 568 4037 620 δισ-

2460 651 2668 719 μυρίων
2719 652 2929 720 μῆκος·
2985 652 3237 705 τοσοῦτον
3293 655 3401 722 γὰρ
3454 653 3640 723 ἐπέχει
3704 657 3908 723 μέτρον
3939 655 4040 722 τῆς

2458 741 2562 809 γῆς
2594 744 2620 793 ὁ
2647 741 2831 808 ἀγκὼν
2880 742 2975 795 τοῦ
3026 744 3342 797 Καυκάσου.
3374 742 3446 795 Τὸ
3469 744 3525 796 δὲ
3558 744 3687 813 περὶ
3748 744 3849 796 τοῦ
3884 745 3947 795 ὲν
3974 747 4040 813 τῇ

2458 834 2709 903 ἡμεδαπῇ
2765 831 2978 903 Ταύρου
3035 832 3346 903 λεγόμενον,
3378 834 3454 896 ὡς
3490 834 3629 903 ὑπὲρ
3675 834 3776 902 τήν
3837 834 4043 902 Ἀρμε-

2460 925 2575 978 νίαν
2615 924 2916 994 πορεύοιτο,
2955 924 3129 993 χρόνῳ
3159 925 3458 993 ἀπιστηθὲν
3487 926 3803 977 πιστοῦνται
3851 926 4042 977 λοιπὸν

2460 1018 2515 1069 αἱ
2545 1016 2832 1085 παρδάλεις
2856 1016 2922 1078 ἃς
2952 1012 3069 1068 οἶδα
3091 1016 3455 1086 ἁλισκομένας
3479 1019 3525 1048 ’³
3558 1018 3615 1069 ὲν
3632 1020 3697 1087 τῇ
3717 1017 4040 1085 Παμφύλων

2459 1108 2871 1178 ἀρωματοφὸρῳ
2895 1124 2908 1137 ο
2940 1106 3191 1177 χαίρουσι
3217 1108 3326 1176 γὰρ
3367 1108 3481 1169 τοῖς
3535 1106 3814 1177 ἀρώμασι,
3854 1108 3953 1159 καὶ
3978 1109 4040 1159 ὲκ

2462 1199 2656 1252 πολλοῦ
2711 1201 2809 1261 τὰς
2869 1199 3045 1267 ὀσμὰς
3074 1198 3330 1250 ἕλκουσαι
3359 1197 3616 1265 φοιτῶσιν
3646 1197 3705 1260 ἐξ
3740 1198 4037 1266 Ἀρμενίας

2460 1292 2547 1344 διὰ
2587 1290 2693 1343 τῶν
2739 1290 2881 1357 ὀρῶν
2913 1291 3047 1360 πρὸς
3080 1290 3139 1343 τὸ
3171 1289 3404 1359 δάκρυον
3446 1289 3540 1341 τοῦ
3568 1289 3862 1359 στύρακος,
3885 1290 4040 1341 ἐπει·

2461 1382 2556 1434 δάν
2589 1383 2640 1433 οἵ
2665 1399 2723 1434 τε
2754 1384 2942 1455 ἄνεμοι
2976 1384 3069 1436 ἀπ’
3104 1383 3284 1437 αὐτῶν
3309 1382 3585 1436 πνεύσωσι
3633 1384 3824 1436 καὶτὰ
3848 1384 4040 1453 δένδρα

2461 1474 2642 1542 ὀπὼδη
2672 1474 2915 1543 γένηται.
2940 1474 3051 1527 Καὶ
3077 1472 3281 1526 ἁλῶναί
3307 1474 3438 1527 ποτέ
3459 1491 3623 1541 φασιν
3649 1475 3707 1526 ὲν
3739 1474 4040 1542 Παμφυλίᾳ

2461 1562 2747 1631 πορδάλιον
2769 1562 2813 1593 ⁸³
2848 1561 3102 1633 στρεπτῷ
3136 1561 3274 1631 ἅμα,
3307 1562 3367 1614 ὃν
3400 1563 3530 1633 περὶ
3567 1566 3632 1633 τῇ
3665 1562 3799 1632 δέρῃ
3850 1563 4037 1633 ἔφερε·

2461 1652 2696 1722 χρυσοῦν
2730 1651 2785 1703 δὲ
2821 1647 2910 1721 ἦν,
2964 1651 3060 1704 καλ⁵
3088 1652 3480 1718 ἐπεγέγραπτο
3522 1652 3835 1721 Ἀρμενίοις
3865 1653 4044 1720 γράμ-

2466 1761 2594 1812 μασι
2618 1742 2915 1809 Βασιλεὺς
2944 1742 3232 1810 Ἀρσάκης
3255 1742 3375 1807 Θεῷ
3404 1745 3625 1805 Νυσίῳ.
3649 1742 3915 1801 Βασιλεὺς
3949 1744 4044 1812 μὲν

2463 1836 2526 1903 δὴ
2574 1836 2864 1904 Ἀρμενίας
2922 1836 3045 1887 τότε
3076 1830 3144 1904 ἦν
3183 1835 3477 1905 Ἀρσάκης,
3528 1836 3625 1887 καὶ
3677 1834 3843 1897 αὐτὸς
3893 1831 4046 1904 οἶμαι

2468 1926 2591 1979 ίδὼν
2625 1928 2724 1996 τὴν
2752 1926 3009 1997 πάρδαλιν
3023 1927 3071 1959 ’⁸
3095 1926 3263 1994 ἀνῆκε
3295 1925 3371 1995 τῷ
3399 1926 3661 1995 Διονυσίῳ
3683 1927 3772 1979 διὰ
3817 1926 4047 1996 μέγεθος

2464 2018 2557 2070 τοῦ
2586 2018 2773 2086 θηρίου
2805 2035 2817 2049 ⁸
2878 2018 3079 2080 Νύσιος
3129 2017 3237 2085 γὰρ
3263 2019 3291 2069 ὁ
3316 2020 3568 2079 Διόνυσος
3596 2017 3701 2070 ἀπὸ
3725 2018 3825 2085 τῆς
3852 2020 3911 2069 ὲν
3950 2017 4046 2068 Ἰνο

2464 2110 2571 2172 δοῖς
2642 2108 2861 2179 Νύσσης
2904 2110 3084 2170 Ἰνδοῖς
3109 2125 3169 2160 τε
3197 2108 3522 2175 ὀνομάζεται
3587 2107 3682 2160 καὶ
3739 2107 3880 2158 πᾶσι
3925 2107 4035 2164 τοῖς

2466 2202 2601 2271 πρὸς
2658 2203 2850 2255 ἀκτῖνα
2905 2200 3135 2253 ἔθνεσιν.
3180 2200 3243 2254 Ἦ
3266 2200 3324 2253 δὲ
3387 2199 3581 2270 χρόνον
3626 2199 3724 2268 μέν
3778 2216 3904 2250 τινα
3959 2199 4051 2249 ὑπο

2468 2294 2701 2363 εςεύχοη
2731 2291 3026 2362 ἀνθρώπῳ,
3056 2291 3151 2344 καὶ
3193 2292 3354 2360 χεῖρα
3392 2290 3649 2359 ἠνέσχετο
3673 2288 4049 2358 ἐπαφωμένην

2465 2403 2524 2438 τε
2560 2386 2653 2439 καλ⁵
2706 2384 3039 2452 καταψῶσαν
3064 2400 3079 2414 ’
3120 2385 3244 2436 ἐπεὶ
3265 2383 3320 2435 δὲ
3351 2383 3707 2454 ἀνοίστρησεν
3730 2382 3903 2449 αὐτὴν
3930 2381 4049 2450 ἔαρ,

2466 2476 2723 2543 ἀνέθορεν
2746 2478 2802 2535 ἐς
2842 2477 2910 2527 ea
2960 2475 3064 2545 ὅρη
3125 2473 3275 2543 πόθῳ
3327 2473 3592 2542 ἀρσένων,
3652 2471 3728 2532 t'o;
3783 2466 3903 2539 εἶχε
3959 2468 4051 2521 τοῦ

2468 2568 2696 2633 κόσμου,
2748 2565 2844 2617 καὶ
2893 2566 3008 2634 ἥλω
3061 2563 3189 2632 περὶ
3227 2562 3317 2615 τὸν
3368 2563 3518 2615 κάτω
3565 2560 3782 2629 Ταῦρον
3815 2561 3925 2613 ὑπὸ
3957 2558 4045 2609 τοῦ

2467 2659 2755 2726 ἀρώματος
2797 2655 3071 2723 ὲλχθεῖσα.
3114 2656 3172 2707 Ὀ
3204 2655 3262 2708 δὲ
3291 2654 3583 2713 Καύκασος
3616 2652 3793 2719 ὁρίζει
3823 2652 3925 2718 μὲν
3953 2651 4050 2719 τὴν

2479 2748 2706 2815 Ἰνδικὴν
2730 2747 2825 2799 καὶ
2871 2746 2968 2814 τὴν
2994 2744 3264 2815 Μηδικὴν,
3298 2744 3529 2812 καθήκει
3553 2743 3609 2794 δὲ
3637 2743 3731 2794 ἐπὶ
3758 2743 3859 2811 τὴν
3903 2741 4057 2811 Ἐρυ-

2469 2837 2605 2906 θράν
2666 2836 2939 2889 θάλασσαν
3005 2836 3177 2905 ἑτέρῳ
3226 2834 3457 2900 ἀγκῶνι.
3490 2832 3613 2884 Ὅτι
3664 2828 4056 2898 παραμείψαν-

2469 2947 2567 2991 τας
2601 2932 2647 2961 9⁵
2680 2932 2769 2982 τὸν
2811 2929 3106 2983 Καύκασον
3158 2926 3524 2995 τετραπήχεις
3569 2923 3897 2991 ἀνθρώπους
3934 2921 4060 2974 ἰδεῖν

2472 3022 2723 3089 quam”,
2760 3018 2852 3081 οὓς
2892 3019 2995 3087 ήδη
3058 3014 3407 3085 μελαίνεσθαι
3453 3012 3549 3064 καὶ
3580 3012 3957 3079 πενταπήχεις
4007 3011 4061 3063 δὲ

790 3108 932 3159 diam
989 3106 1306 3168 terminans,
1358 3104 1408 3156 in
1457 3119 1605 3156 mare
1658 3103 1897 3156 Rubrum
1954 3103 2126 3156 altero
2185 3103 2366 3155 cubito

2471 3114 2714 3180 ἐτέρους,
2774 3110 2913 3177 ὑπὲρ
2962 3108 3055 3160 τὸν
3102 3107 3262 3158 Ἰνδον
3298 3104 3541 3171 ποταμὸν
3572 3101 3697 3171 [550
3734 3100 3827 3171 IL]
3878 3100 4061 3151 ὲλθόνο

790 3195 1090 3250 descendit.
1125 3194 1561 3247 Transeuutibus
1605 3203 1785 3247 autem
1818 3192 2119 3246 Caucasum
2148 3194 2366 3262 quadri-

790 3287 1004 3338 cubitos
1052 3284 1297 3336 homines
1347 3281 1653 3334 occurrisse
1704 3282 1905 3342 l‘crttut,
1958 3281 2139 3334 colore
2177 3282 2365 3335 subni—

792 3391 955 3447 gros,
1010 3376 1254 3441 aliosque
1312 3374 1513 3427 vidisse
1563 3374 1865 3427 Cubitorum
1916 3375 2185 3442 quinque,
2242 3389 2365 3428 eum

793 3477 941 3522 trans
979 3465 1175 3520 ﬂumen
1217 3465 1403 3518 ludum
1450 3466 1845 3531 pervenissent.
1882 3465 2020 3520 Cum
2064 3466 2176 3535 jam
2216 3482 2363 3520 mou-

794 3570 902 3613 tem
951 3557 1276 3627 transgressi
1315 3565 1517 3619 essent,
1566 3557 1668 3611 viri
1718 3567 2073 3611 occurrerunt
2119 3558 2209 3625 qui
2254 3558 2366 3612 ele-

793 3650 1015 3720 phantis
1064 3652 1417 3707 vehebantur.
1465 3651 1528 3704 Hi
1566 3659 1744 3703 autem
1789 3658 1935 3713 sunt,
1968 3649 2057 3716 qui
2095 3650 2367 3718 regionem

794 3743 979 3796 colunt
1020 3741 1158 3794 intra
1205 3740 1509 3795 Caucasum
1560 3752 1797 3795 montem
1839 3750 1892 3794 et
1921 3740 2227 3809 Coplteuem
2273 3740 2370 3793 ﬂu-

795 3837 961 3901 vium,
1000 3837 1247 3891 homines
1288 3838 1447 3905 plane
1484 3834 1693 3898 inculti,
1726 3846 1779 3888 et
1815 3832 2224 3901 elephantorum
2257 3849 2370 3887 ses-

792 3941 967 3992 sores,
998 3942 1227 3995 quorum
1274 3926 1362 3979 alii
1411 3926 1575 3980 etiam
1618 3924 1841 3979 camelis
1886 3924 2211 3987 insidebant,
2251 3924 2372 3990 qui-

796 4018 896 4071 bus
930 4019 995 4071 ad
1032 4034 1251 4071 cursqu
1286 4027 1512 4070 utuntur
1558 4014 1695 4080 Indi,
1732 4016 1923 4083 hisque
1966 4030 2072 4069 uno
2106 4016 2192 4069 die
2227 4016 2371 4070 mille

794 4111 1088 4163 stadiorum
1124 4110 1226 4162 iter
1256 4110 1568 4171 conllciunt,
1598 4115 1653 4160 et
1684 4121 1856 4175 genua
1895 4105 2081 4159 nullibi
2123 4106 2368 4161 ﬂectunt.

797 4202 982 4255 ludum
1020 4200 1238 4254 ﬂuvium
1276 4200 1590 4269 Apollonius
1622 4214 1746 4252 cum
1790 4196 1904 4251 suis
1948 4196 2177 4265 trajecit,
2218 4201 2371 4269 cujus

2464 3220 2583 3265 τας.
2634 3201 2814 3254 "Ott"
2844 3199 3187 3267 ὑπερϐάντας
3234 3197 3369 3267 φησὶ
3393 3196 3451 3247 τὸ
3476 3194 3599 3264 ὅρος
3624 3193 3715 3245 τὸν
3756 3191 4057 3258 ιςαύκασεν

2468 3294 2716 3361 ἐντυχεῖν
2745 3292 2838 3345 ἐπὶ
2889 3291 3197 3359 ἐλεφάντων
3247 3289 3347 3357 ήδη
3406 3286 3723 3355 ὀχουμένοις
3771 3282 4058 3351 ἀνδράσιν.

2466 3387 2586 3440 Εἰσὶ
2610 3386 2651 3437 δ’
2687 3375 2832 3436 οὗτοι
2855 3383 3011 3452 μέσοι
3032 3381 3327 3432 Καυκάσου
3357 3378 3452 3429 καὶ
3480 3374 3727 3444 ποταμοῦ
3765 3376 4062 3441 Κωφῆνος,

2466 3477 2610 3531 ἄὸιοί
2636 3492 2694 3527 τε
2726 3476 2819 3527 καὶ
2849 3473 3074 3525 ἱππόται
3102 3471 3199 3539 τῆς
3234 3468 3436 3538 ἀγέλης
3466 3468 3692 3533 ταύτης.
3732 3466 3847 3517 Καὶ
3874 3466 4062 3531 κάμη-

2466 3570 2546 3623 λοι
2564 3569 2619 3622 δὲ
2642 3568 2816 3629 ένίους
2844 3561 3001 3635 ἦγον,
3025 3558 3114 3625 αἷς
3140 3561 3381 3631 χρῶνται
3424 3559 3576 3611 Ἰνδοὶ
3601 3558 3657 3619 ὲς
3698 3558 3766 3609 τά
3796 3556 4060 3625 δρομικά·

2468 3656 2786 3727 πορεύονται
2816 3654 2871 3706 δὲ
2912 3654 3056 3722 χίλια
3110 3650 3298 3703 στάδια
3355 3649 3442 3701 διὰ
3497 3647 3599 3716 τῆς
3659 3646 4061 3715 ήμέρα;,γόνυ

2466 3748 2699 3817 οὐδαμοῦ
2759 3744 3065 3815 κάμψασαι.
3105 3742 3294 3795 "Ott"
3337 3740 3496 3793 Ἰνδὸν
3550 3737 3984 3807 ἐπεραιώθησαν
4019 3737 4064 3787 οί

2466 3843 2595 3909 περὶ
2668 3836 3024 3889 Ἀπολλώνιον
3090 3833 3337 3895 σταδίους
3395 3830 3629 3900 μάλιστα
3692 3836 3781 3897 μ’·
3844 3830 3910 3880 τὸ
3962 3829 4069 3896 γὰρ

2469 3930 2711 3999 πλώϊμον
2780 3930 2943 3983 αὐτοῦ
3005 3926 3276 3980 τοσοῦτον.
3343 3923 3505 3995 [1000
3544 3922 3637 3993 IL]
3675 3921 3986 3991 ’Λρχεσθαι
4017 3921 4069 3971 δὲ

2469 4022 2633 4075 αὐτόν
2691 4036 2851 4087 φασιν
2877 4020 2941 4069 ἐκ
2970 4016 3062 4069 τοῦ
3127 4016 3422 4069 Καυκάσου
3479 4013 3650 4082 μείζω
3682 4012 3921 4065 αύτόῦεν
3955 4011 3986 4079 ἧ
4018 4010 4064 4061 οἱ

2471 4113 2615 4167 κατά
2662 4112 2762 4181 τὴν
2831 4109 3013 4163 Ἀσίαν
3068 4107 3304 4176 ποταμοὶ
3352 4106 3575 4169 πάντες,
3634 4104 3954 4173 προχωρεῖν
4006 4101 4061 4153 δὲ

2471 4203 2697 4264 πολλοὺς
2720 4201 2826 4253 τῶν
2853 4197 3199 4266 ναυσιπὸρων
3233 4194 3432 4248 ἑαυτοῦ
3466 4192 3793 4263 ποιούμενον
3812 4193 3881 4245 θ’.

796 4292 1042 4357 latitudo,
1074 4307 1177 4360 qua
1232 4292 1537 4359 navigatur,
1581 4290 1771 4343 stadiis
1808 4289 1979 4343 ferme
2016 4305 2081 4345 ιι.
2124 4294 2485 4351 extenditur:
2519 4304 2698 4349 ortum
2767 4310 2796 4347 e
2842 4290 3091 4345 Caucaso
3138 4288 3305 4350 ducit,
3337 4296 3391 4341 et
3466 4286 3579 4355 jam
3662 4285 3787 4337 inde
3858 4286 4069 4337 ueteris

795 4388 938 4441 Asia:
974 4384 1151 4437 ﬂuviis
1181 4382 1352 4450 major
1386 4401 1398 4435 :
1434 4380 1626 4435 deinde
1657 4380 1955 4447 procedens
1984 4383 2184 4438 multos
2214 4387 2548 4458 navigabiles
2593 4386 2786 4438 ﬂuvios
2818 4400 2885 4437 ex
2920 4397 2979 4437 se
3014 4381 3287 4451 producit.

868 4478 1019 4533 Ultra
1066 4475 1283 4528 ﬂuvium
1329 4483 1508 4526 autem
1547 4480 1832 4539 pergentes
1870 4471 2015 4540 ipsos
2044 4475 2147 4526 dux
2190 4489 2219 4527 a
2260 4473 2362 4528 Sa-
2399 4480 2442 4533 D

796 4581 951 4637 trapa
987 4568 1162 4629 datus,
1197 4575 1342 4617 recta
1388 4564 1452 4615 ad
1485 4561 1685 4615 Taxala
1716 4562 1867 4615 duxit
1900 4582 1913 4616 :
1952 4561 2041 4616 ubi
2072 4564 2219 4632 regia
2250 4576 2370 4620 erat

798 4663 1047 4717 Indorum
1080 4658 1237 4725 regis.
1283 4656 1379 4721 Qui
1410 4669 1565 4707 secus
1608 4652 1793 4706 Indum
1835 4653 2053 4708 ﬂuvium
2097 4656 2367 4722 habitant,

799 4754 957 4807 lineis
984 4750 1221 4802 vestibus
1248 4746 1597 4800 amiciuntur.
1632 4743 1821 4797 Linum
1864 4757 2042 4799 autem
2074 4746 2364 4815 plurimum

799 4849 854 4899 iu
909 4842 1053 4912 agris
1103 4838 1361 4893 nascitur.
1416 4836 1791 4890 Calceameuta
1843 4852 1909 4890 ex
1962 4852 2166 4906 papyro
2225 4837 2368 4892 facta

800 4946 1049 5007 gestant;
1094 4931 1390 4985 nobiliores
1431 4944 1562 4982 vero
1604 4930 1768 4999 bysso
1821 4930 2135 4983 induuntur.
2177 4928 2375 5000 Byssus

800 5044 869 5083 ex
898 5026 1093 5081 arbore
1124 5022 1366 5076 nascitur
1394 5040 1407 5075 :
1438 5035 1558 5090 quae
1589 5020 1846 5074 inferiore
1876 5022 1955 5073 sui
1988 5030 2142 5088 parte
2183 5021 2379 5090 populo

802 5114 997 5170 similis
1028 5123 1129 5175 est,
1172 5110 1312 5164 foliis
1348 5121 1527 5163 autem
1564 5110 1739 5163 salici.
1771 5108 1905 5163 Cum
1951 5109 2173 5163 vidisset
2209 5109 2380 5178 Apol-

804 5206 985 5261 lonius
1020 5205 1265 5272 byssum,
1327 5204 1543 5271 gavisus
1594 5210 1696 5263 est,
1755 5199 1878 5267 quia
1933 5198 2085 5253 fusco
2133 5200 2379 5263 amictui,

804 5312 965 5365 quem
1025 5295 1311 5366 gestabat,
1372 5309 1476 5345 non
1535 5290 1813 5345 dissimilis
1871 5290 2159 5344 admodum
2217 5297 2382 5343 esset.

804 5387 999 5444 Taxila
1028 5403 1159 5443 vero
1205 5386 1573 5455 magnitudine
1616 5384 1814 5454 325a
1865 5382 1929 5436 ab
1977 5381 2198 5449 antiqua
2244 5378 2383 5434 Nino

2541 4476 2697 4528 Ὀτιί
2738 4474 2891 4542 φησὶ,
2934 4469 3305 4541 Πορευθέντας
3342 4466 3538 4527 αὐτοὺς
3582 4465 3722 4533 ὑπὲρ
3762 4466 3857 4516 τὸν
3905 4466 4069 4515 Ἰνδὸν

2473 4566 2747 4635 ποταμὸν¹
2777 4560 2911 4635 ἦγεν
2940 4564 2969 4615 ὁ
3003 4561 3153 4629 παρά
3210 4559 3304 4610 τοῦ
3372 4557 3651 4627 σατράπου
3686 4555 3915 4623 ἡγεμὼν
3943 4558 4068 4607 εὐθῦ

2473 4656 2581 4709 τῶν
2644 4655 2907 4718 Ταξίλων,
2936 4646 2997 4706 οὗ
3029 4651 3101 4703 τά
3134 4648 3379 4720 βασίλεια
3421 4642 3489 4716 ἦν
3520 4646 3597 4714 τῷ
3637 4644 3803 4714 Ίνδῷ.
3872 4645 4070 4712 Στοὶήν

2474 4749 2519 4801 δ’
2555 4743 2693 4799 εἶναι
2744 4748 2856 4807 τοῖς
2899 4742 3035 4813 μετὰ
3068 4743 3158 4793 τὸν
3202 4740 3363 4792 Ἰνδὸν
3392 4738 3541 4789 λίνου
3586 4738 3749 4803 φασὶν
3800 4736 4069 4805 ἐγχωρίου

2476 4840 2571 4892 καὶ
2598 4837 2920 4906 ὑποδήματα
2958 4833 3177 4902 βύϐλου.
3212 4831 3323 4883 Καὶ
3351 4828 3533 4899 βύσσῳ
3562 4828 3618 4879 δὲ
3647 4828 3775 4888 τοὺς
3820 4844 4071 4896 φανερω-

2476 4932 2670 5001 τέρους
2729 4927 2908 4981 αὐτῶν
2945 4923 3221 4977 ἐστάλθαιο
3254 4922 3353 4990 τὴν
3381 4921 3437 4973 δὲ
3463 4920 3657 4989 βύσσον
3688 4918 3926 4985 φύεσθαι
3959 4919 4070 4970 δένο

2476 5022 2604 5090 δρου
2653 5020 2816 5087 φασὶν
2843 5017 3028 5083 ὁμοίου
3065 5013 3167 5083 μὲν
3194 5015 3261 5082 τῇ
3294 5011 3314 5042 ³
3353 5009 3636 5079 λεύκῃτήν
3670 5008 3851 5075 βάσιν,
3888 5024 4069 5077 παρα-

2477 5110 2707 5178 πλησίου
2761 5106 2816 5158 δὲ
2845 5106 2911 5174 τῇ
2945 5102 3062 5171 ίτέᾳ
3089 5102 3158 5154 τὰ
3195 5098 3422 5152 πέταλα.
3470 5098 3579 5149 Καὶ
3639 5095 3878 5163 ἡσθῆναί
3936 5111 4063 5163 φησι

2477 5204 2544 5272 τῇ
2574 5201 2754 5270 βύσσῳ
2774 5200 2801 5249 ὁ
2851 5191 3228 5253 Ἀπολλώνιος,
3256 5188 3442 5257 ἐπειδὴ
3464 5186 3605 5238 ἔοικε
3640 5183 3788 5252 φαιῷ
3817 5184 4058 5253 τρίϐωνι.

2480 5292 2561 5343 Τά
2587 5292 2643 5342 δὲ
2676 5288 2875 5353 Τάξιλα
2912 5283 3141 5355 μέγεθος
3194 5282 3290 5352 μὲν
3346 5275 3486 5332 εἶναι
3539 5275 3681 5329 κατά
3731 5276 3834 5344 τὴν
3885 5275 4059 5335 Νῖνον,

2478 5378 2808 5447 τετειχίσθαι
2833 5377 2888 5428 δὲ
2947 5372 3275 5445 συμμέτρως
3314 5370 3499 5438 ὥσπερ
3544 5368 3603 5419 al
3635 5365 3914 5427 Ἐλλάδες,
3968 5364 4057 5432 βα-

2117 5518 2352 5573 VARUE
2378 5517 2783 5573 LECTIONES.

885 5622 930 5655 ”
954 5614 1072 5674 οἶδα
1102 5618 1463 5689 ἁλισκομένας
1500 5615 1621 5689 AB:
1657 5617 1706 5689 οἱ
1733 5612 2145 5689 διαλισκομένας
2183 5628 2240 5689 ς.

885 5629 930 5655 "
954 5629 1072 5674 olea
1102 5629 1463 5689 ἁλισκομένας
1500 5629 1621 5669 Au:
1657 5629 1706 5667 οι
1733 5629 1973 5666 οιαλισκο

817 5690 1171 5759 παραμείψας
1198 5707 1257 5759 ς.
1333 5688 1380 5720 ⁸⁸
1402 5687 1535 5759 libri,
1560 5687 1745 5759 φασὶν.
1813 5629 2019 5759 ξζὸτιΓ

820 5750 925 5815 om.
1082 5750 1107 5794 δ
1133 5750 1234 5826 ὅτι]
1264 5774 1320 5821 tt,
1356 5759 1445 5812 20.
1523 5758 1540 5788 ³
1567 5750 1630 5823 τῇ
1658 5770 1766 5810 om.
1802 5750 1907 5805 AB.

2340 5612 2385 5643 ⁵³
2415 5610 2675 5674 πάρδαλιν
2708 5610 2764 5665 Π.
2841 5618 2887 5649 ⁸³
2922 5611 3179 5681 πάρδαλιν
3208 5625 3266 5671 ς.

2028 5698 2085 5748 ll,
2109 5684 2159 5735 6.
2237 5680 2283 5713 ’⁸
2306 5683 2385 5734 ὃτι
2415 5682 2594 5733 Ἰνδΰν.

3375 5607 3421 5638 οι
3452 5597 3912 5669 mmmam“
3936 5592 4052 5669 AB:

2706 5656 2764 5710 “9'
2785 5681 2975 5734 ἑαυτοῦ
3000 5654 3348 5747 ⁸ποιούμῖένον
3372 5676 3453 5743 (lt,
3495 5654 3580 5740 ιὲ)
3610 5654 3729 5726 om:
3757 5663 3864 5719 AB.
3974 5654 4052 5712 ὀἱ
