4206 6436
208 413 351 479 1211

1300 396 1823 467 BIBLIOT‘HECA.
1852 428 1921 440 -
1958 342 2121 464 COI’).
2161 403 2399 465 CCXLI.

3329 403 3466 470 1218

208 527 386 580 σίλεια
427 525 471 580 δ’
500 518 641 579 εἶναι
676 522 868 595 ἀνδρὸς
930 520 1027 592 τὴν
1087 518 1278 591 Πώρου
1320 521 1451 574 ποτε
1489 518 1662 590 ἀρχὴν
1693 518 1784 589 ἀρ-

1890 532 1994 571 ηοιι
2038 516 2263 570 muitum
2300 514 2499 581 tliﬂ'ert,
2534 522 2590 571 et
2632 515 2823 572 Graeco
2866 529 3018 573 more
3062 515 3327 574 ediilcata
3360 530 3467 576 est.

374 618 453 667 εδ.

205 632 409 761 mg;
431 710 451 741 ⁸
480 709 533 762 αἱ
557 706 731 773 πηγαὶ
760 703 854 757 τοῦ
897 703 1153 769 Ὑφάσιος
1182 702 1450 770 ποταμοῦ,
1487 696 1532 770 ᾧ
1557 701 1793 772 πλησιά-

206 819 305 854 σαι
333 800 467 870 φησὶ
519 798 645 860 τοὺς
714 798 842 866 περὶ
904 794 1259 848 Ἀπολλώνιον
1322 794 1413 846 τὸν
1480 793 1794 863 Ὑδραώτην

204 890 559 960 ὑπερϐάντας
585 891 684 940 καὶ
735 886 908 938 πολλά
956 884 1346 954 διαμείψαντας
1393 884 1544 954 ἔθνη,
1600 884 1791 937 τούτου

202 983 273 1050 δὴ
295 982 387 1033 τοῦ
419 983 664 1049 ποταμοῦ
712 981 768 1031 αἱ
805 979 979 1045 πηγαὶ
1033 977 1287 1046 βλύζουσι
1347 977 1445 1045 μὲν
1503 978 1568 1030 ὲκ
1609 976 1791 1030 πεδίου

205 1068 531 1137 ναυσίποροι
562 1066 813 1131 αὐτόθεν,
872 1064 1151 1135 προϊοῦσαι
1201 1065 1256 1117 δὲ
1306 1066 1399 1116 καὶ
1468 1066 1655 1119 ναυσὶν
1688 1066 1787 1136 ήδη

202 1158 409 1228 ἄποροί
439 1162 576 1211 είσιν
598 1173 611 1187 ·
644 1157 983 1227 ἀκρωνυχίαι
1013 1156 1034 1186 ⁸
1074 1156 1219 1227 γάρ⁷
1254 1155 1538 1227 παραλλὰξ
1572 1157 1791 1227 πετρῶν

204 1252 577 1320 ὑπανίσχουσι
608 1250 703 1303 τοῦ
721 1250 930 1313 ὓδατος,
966 1247 1095 1318 περὶ
1138 1247 1206 1308 ἃς
1238 1248 1451 1318 ἀνάγκη
1501 1248 1562 1299 τὸ
1613 1246 1790 1317 ῥεῦμα

200 1342 516 1396 ἑλίττεσθαι
548 1342 642 1395 καὶ
667 1343 839 1394 ποιεῖν
872 1340 962 1393 τὸν
992 1340 1235 1409 ποταμὸν
1263 1339 1487 1405 ἄπλουν.
1523 1334 1694 1408 Εὖρος
1730 1338 1787 1391 δὲ

202 1434 401 1504 αὐτῷ’
435 1435 578 1487 κατά
602 1434 693 1488 τὸν
726 1435 938 1502 Ἴστρον
965 1450 978 1463 ·
1027 1431 1289 1501 ποταμῶν
1334 1431 1391 1484 δὲ
1435 1423 1590 1494 οὗτος
1642 1430 1790 1483 δοκεῖ

204 1526 495 1593 μέγιστος,
534 1523 721 1577 ὁπόσοι
753 1523 821 1576 δι’
847 1522 1120 1593 Εὐρώπης
1153 1522 1355 1591 ῥέουσι.
1404 1521 1603 1591 Δένδρα
1635 1521 1678 1574 δ’
1708 1523 1736 1574 ὁ
1768 1523 1788 1553 ⁹

202 1615 455 1683 ’Ὕφασις
481 1614 785 1686 προσόμοια
815 1614 858 1645 ¹⁶
890 1612 1013 1682 φύει
1040 1613 1078 1643 ⁸³
1109 1613 1238 1682 περὶ
1260 1612 1358 1673 τὰς
1380 1611 1566 1681 ὄχθας,
1620 1609 1711 1663 καί
1735 1627 1788 1663 τι

200 1704 307 1755 καὶ
335 1703 507 1773 μύρον
533 1703 800 1755 ἐκδίδοται
821 1701 930 1754 τῶν
962 1700 1213 1769 δένδρων,
1238 1699 1268 1751 ὁ
1310 1699 1587 1752 ποιοῦνται
1631 1699 1785 1753 Ἰνδοὶ

200 1796 452 1863 γαμικὸν
486 1795 714 1864 χρίσμα.
744 1794 854 1846 Καὶ
883 1791 1006 1855 τοὺς
1031 1791 1182 1861 ίχθῦς
1212 1791 1270 1844 δὲ
1299 1791 1425 1852 τοὺς
1446 1790 1588 1852 ταὼς
1629 1790 1783 1858 λεγο-

1897 608 2026 662 Erat
2055 617 2234 661 autem
2266 607 2411 677 regia
2441 605 2588 669 Pori,
2618 620 2839 676 regnum
2866 607 3181 663 obtinentis.

1966 697 2166 751 Fontes
2190 694 2528 767 Hyphasidos
2550 695 2723 760 ﬂuvii,
2744 698 2829 753 cui
2855 700 3316 769 appmpiuquasse
3338 701 3471 758 dicit

1893 786 2265 855 Apollonium,
2279 785 2547 856 llydraote
2566 795 2838 854 superato,
2857 787 3210 858 plurimisque
3222 791 3471 859 gentibus

1896 877 2222 947 peragratis,
2253 878 2430 944 hujus,
2460 878 2701 945 inquam,
2722 876 2865 931 ﬂuvii
2895 878 3072 934 fontes
3095 894 3125 933 e
3150 881 3267 935 solo
3291 890 3471 935 scatu-

1896 969 2064 1031 riunt,
2085 977 2275 1037 estque
2295 967 2487 1023 ﬂuvius
2505 969 2621 1037 ipse
2640 984 2668 1021 a
2696 968 2961 1037 principio
2983 972 3320 1041 navigabilis,
3338 989 3471 1043 pan-

1894 1059 2059 1115 lulum
2081 1075 2209 1115 vero
2233 1061 2529 1130 procedens
2552 1059 2778 1114 navibus
2799 1060 2972 1115 invius
2994 1070 3099 1117 est.
3122 1061 3294 1118 Petra:
3317 1081 3470 1119 nam-

1893 1164 1998 1219 que
2021 1150 2288 1219 superiori
2316 1159 2469 1219 parte
2498 1161 2691 1215 acutm,
2713 1160 2874 1220 atque
2898 1150 3038 1206 inter
3060 1166 3119 1208 se
3141 1154 3343 1220 densae,
3366 1157 3470 1209 sub

1892 1254 2031 1309 aqua
2056 1240 2286 1294 latentes
2309 1240 2377 1294 ab
2394 1240 2547 1295 alveo
2568 1242 2899 1309 prominent,
2918 1244 3113 1311 quibus
3138 1259 3275 1313 aqua
3301 1246 3469 1311 illisa,

1890 1342 1940 1385 et
1964 1333 2016 1387 in
2039 1346 2099 1387 se
2127 1346 2388 1387 conversa
2408 1332 2824 1402 innavigabilem
2849 1333 3070 1389 ﬂuvium
3097 1336 3294 1391 reddit.
3322 1336 3471 1390 Lati-

1894 1423 2021 1479 tudo
2059 1436 2191 1478 vero
2236 1422 2431 1477 lstrum
2481 1423 2755 1493 adaequat,
2791 1425 2881 1493 qui
2920 1424 3149 1495 Europa:
3191 1426 3469 1482 ﬂuminum

1894 1514 2163 1569 maximus
2195 1516 2443 1570 habetur.
2476 1514 2533 1569 in
2575 1514 2707 1585 ripis
2744 1517 2859 1586 ejus
2891 1520 3115 1575 arbores
3154 1530 3469 1586 nascuntur,

1890 1605 2097 1659 similes
2114 1605 2180 1660 iis
2202 1606 2293 1675 qui
2318 1607 2383 1659 ad
2406 1606 2605 1661 Istrum
2631 1617 2944 1671 nascuntur,
2965 1623 2990 1660 a
3012 1610 3209 1678 quibus
3233 1627 3471 1681 unguen-

1893 1705 2003 1748 tum
2044 1695 2289 1761 distillat,
2319 1706 2424 1766 quo
2470 1697 2524 1750 in
2571 1700 2774 1767 nuptiis
2821 1698 2933 1752 indi
2978 1702 3201 1770 perungi
3241 1716 3470 1757 consue-

1891 1802 2038 1844 vere.
2094 1788 2277 1844 Pisces
2323 1790 2488 1844 etiam
2544 1805 2683 1859 quos
2733 1790 2875 1845 Taos
2927 1792 3200 1861 appellant
3251 1794 3303 1847 in
3368 1796 3471 1849 hoc

204 1886 412 1954 μένους
438 1888 598 1953 μόνος
623 1876 779 1949 οὗτος
811 1882 1069 1952 ποταμῶν
1114 1882 1301 1952 τρέφει
1328 1899 1341 1914 ’
1400 1882 1720 1952 πεποίηνται
1742 1883 1784 1913 η

1891 1876 2153 1931 duntaxat
2185 1877 2409 1933 ﬂumine
2442 1878 2574 1932 oriri
2612 1878 2893 1949 perhibent
2926 1897 2939 1932 ε
2982 1890 3243 1934 vocantur
3287 1892 3468 1935 autem

197 1974 265 2026 δὲ
295 1974 497 2035 αὐτοὺς
525 1973 850 2043 ὁμωνύμους
878 1972 972 2025 τοῦ
1010 1972 1242 2041 ὄρνιθος,
1272 1971 1395 2024 ἐπεὶ
1433 1972 1650 2025 κυάνεοι
1688 1972 1785 2041 μὲν

200 2064 395 2125 αὐτοῖς
421 2066 470 2117 oi.
496 2064 668 2133 λόφοι,
702 2063 994 2117 στικταὶδὲ
1027 2064 1083 2116 αἱ
1129 2062 1361 2131 φολίδες,
1394 2064 1570 2132 χρυσᾶ
1613 2062 1667 2115 δὲ
1715 2062 1783 2115 τά

198 2157 427 2223 οὐραῖα,
449 2158 544 2208 καὶ⁵
564 2156 727 2213 ὁπότε
762 2156 1054 2226 βούλοιντο,
1104 2154 1485 2223 ἀνακλώμενα.
1526 2154 1679 2208 Ἐστι
1729 2154 1783 2207 δέ

199 2263 259 2297 τι
284 2247 329 2275 ¹³
367 2244 555 2315 θηρίον
578 2245 636 2296 ὲν
661 2243 740 2314 τῷ
767 2242 997 2313 ποταμῷ
1029 2243 1271 2314 σκώληκι
1298 2243 1621 2313 εἰκασμένον
1663 2243 1786 2295 λευ-

200 2336 315 2405 κῷ,
346 2336 537 2389 τοῦτον
563 2336 606 2389 δ’
623 2338 671 2389 oi
692 2338 951 2407 τήκοντες
986 2336 1164 2387 ἔλαιον
1204 2333 1502 2389 ποιοῦνται.
1553 2333 1670 2404 Πῦρ
1729 2334 1784 2387 δὲ

199 2430 317 2497 ἄρα
345 2428 439 2481 τοῦ
475 2428 655 2481 ελαίου
698 2427 890 2480 τούτου
945 2425 1234 2485 ἐκδίδοται.
1289 2427 1383 2478 καὶ
1417 2427 1597 2492 στέγει
1655 2425 1787 2477 αὐτὸ

201 2521 355 2592 πλὴν
385 2521 541 2575 ὑέλου
573 2520 751 2575 οὐδέν.
814 2518 1120 2571 ’Δλίσκεται
1148 2517 1211 2586 δὴ
1274 2517 1421 2587 μόνῳ
1471 2517 1547 2586 τῷ
1579 2517 1787 2586 βασιλεῖ

198 2613 267 2665 τὺ
302 2610 492 2680 θηρίον
535 2605 693 2663 τοῦτο
720 2608 860 2679 πρὸς
887 2607 1083 2677 τειχῶν
1140 2608 1375 2663 ἆλωσινο
1418 2608 1635 2660 ἐπειδάν
1678 2609 1787 2678 γὰρ

201 2704 336 2773 θίγῃ
360 2703 469 2754 τῶν
497 2701 772 2767 ἐπάλξεων
792 2704 825 2772 ἡ
860 2700 1086 2771 πιμελὴ,
1115 2700 1226 2768 πῦρ
1264 2702 1578 2754 ἐκκαλεῖται
1605 2704 1780 2771 κρεῖτ-

198 2810 301 2845 τον
325 2791 687 2861 σϐεστηρίων,
716 2792 891 2845 ὁπόσα
916 2789 1226 2861 ἀνθρώποις
1252 2792 1386 2860 πρὸς
1426 2791 1493 2843 τά
1530 2792 1787 2862 πυρφόρα

200 2883 463 2953 εὓρηται.
492 2884 601 2935 Καὶ
632 2883 754 2945 τοὺς
775 2882 818 2913 ¹⁶
845 2881 999 2944 ὁνους
1036 2881 1092 2934 δὲ
1142 2882 1268 2945 τοὺς
1310 2878 1534 2952 ἀγρίοῦς
1588 2885 1647 2935 ὲν
1676 2885 1786 2947 τοῖς

199 2976 356 3027 ἕλεσι
388 2974 597 3035 τούτοις
624 2971 941 3025 ἁλίσκεσθαι
965 2988 1149 3040 φασιν.
1188 2969 1342 3024 Εἶναι
1365 2973 1420 3025 δὲ
1443 2975 1555 3036 τοῖς
1578 2974 1786 3043 Θηρίοις

198 3065 420 3125 τούτοις
444 3063 537 3114 ἐπὶ
569 3061 819 3130 μετώπου
851 3062 1042 3131 κέρας,
1070 3054 1113 3127 ᾧ
1145 3062 1409 3131 ταυρηδόν
1438 3078 1497 3115 τε
1542 3064 1636 3115 καὶ
1686 3063 1786 3117 οὐκ

198 3152 454 3221 ἀγεννῶς
487 3151 771 3222 μάχονται.
810 3152 917 3204 Kal.
938 3152 1262 3219 ἀποφαίνειν
1285 3153 1409 3213 τοὺς
1458 3152 1647 3215 Ἰνδοὺς
1692 3152 1784 3205 ἐκ·

199 3260 380 3311 πωμα
419 3241 479 3293 τὸ
506 3244 673 3309 κέρας
714 3239 873 3292 τοῦτο
901 3256 915 3271 ·
949 3241 1009 3292 οὑ
1059 3240 1167 3310 γὰρ
1220 3238 1348 3292 οὕτε
1401 3240 1626 3309 νοσῆσαι
1688 3241 1784 3311 τὴν

197 3336 427 3401 ἡμεραν
447 3330 666 3401 ἐκείνην
692 3333 720 3384 ὁ
739 3333 781 3362 ¹⁸
811 3330 906 3384 ἀπ’
932 3330 1098 3384 αὑτοῦ
1126 3331 1285 3397 πιὼν,
1312 3330 1437 3384 οὔτε
1459 3333 1523 3385 ἂν
1554 3333 1785 3402 τρωθεὶς

197 3419 471 3489 ἀλγῆσαι,
499 3419 665 3487 πυρός
683 3435 742 3471 τε
766 3418 1052 3483 διεξελθεῖν
1076 3421 1161 3483 ἂν,
1197 3421 1288 3472 καὶ
1310 3422 1434 3490 μηδ’
1463 3422 1529 3474 ἂν
1566 3421 1787 3492 φαρμά-

197 3528 323 3573 κοις
361 3509 484 3581 [551
511 3508 605 3583 [1.]
626 3509 850 3575 ἁλῶναι,
879 3511 1049 3565 ὁπόσα
1072 3512 1164 3563 ἐπὶ
1195 3512 1350 3580 κακῷ
1392 3512 1626 3568 πίνεται.
1680 3514 1787 3566 Ba-

198 3604 405 3660 σιλέων
426 3605 483 3657 δὲ
504 3605 566 3656 τὸ
597 3602 831 3673 ἔκπωμα
850 3598 1011 3667 εἶναι,
1069 3602 1163 3655 κα)⁵
1203 3600 1414 3671 βασιλεῖ
1464 3601 1610 3671 μόνῳ
1640 3604 1785 3655 ἀνεῖ-

199 3698 337 3751 σθαι
360 3698 462 3765 τὴν
491 3696 686 3766 θήραν.
712 3694 899 3748 Μῦθον
942 3694 997 3746 δὲ
1028 3695 1137 3765 ἀρα
1192 3692 1427 3756 δεικνύει
1467 3692 1642 3745 ταῦτα
1680 3692 1786 3745 τῶν

197 3791 262 3841 ἐν
313 3787 496 3849 Ἰνδοῖς
542 3785 810 3855 βασιλέων
857 3784 953 3837 καὶ
1014 3784 1159 3837 νόσοι
1209 3784 1304 3836 καὶ
1349 3783 1592 3838 θάνατοι.
1628 3784 1701 3837 Τὸ
1728 3784 1786 3838 δὲ

196 3879 418 3952 θηρίον,
437 3872 547 3931 οἷον
564 3876 606 3908 ⁸⁸
625 3877 863 3948 εἴρηται,
882 3874 1126 3930 τοιοῦτον
1141 3876 1355 3944 ὁρᾶται.

288 4139 576 4195 Ἐντεῦθεν
603 4139 645 4172 ⁸⁷
682 4136 1010 4205 ὑπερϐαλεῖν
1052 4135 1146 4190 τοῦ
1193 4135 1489 4191 Καυκάσου
1529 4135 1591 4189 τὸ
1620 4152 1785 4189 κατα-

191 4235 380 4287 τεῖνον
406 4232 464 4294 ὲς
492 4230 591 4301 τὴν
619 4228 887 4300 Ἐρυθρὰν
919 4228 1194 4281 θάλασσαν
1214 4244 1228 4258 ·
1268 4224 1477 4280 εἷναιδὲ
1504 4226 1633 4279 αὐτὸ
1658 4244 1784 4279 συν-

190 4322 410 4392 ηρεφὲς
451 4322 613 4385 ἰδέαις
643 4320 971 4391 ἀρωμάτων.
1005 4320 1142 4381 Τοὺς
1179 4318 1276 4388 μὲν
1319 4317 1383 4389 δὴ
1415 4316 1635 4384 πρῶνας
1689 4316 1781 4370 τοῦ

188 4412 365 4481 ὅρους
398 4410 460 4461 τὸ
493 4410 843 4479 κιννάμωμον
877 4408 1085 4477 φέρειν,
1138 4406 1520 4476 προσεοικέναι
1550 4405 1608 4459 δὲ
1652 4406 1783 4459 αὐτὸ

1890 1970 2080 2024 eodem
2132 1984 2240 2040 quo
2279 1980 2333 2025 et
2382 1983 2622 2039 pavones
2664 1970 2903 2036 nomine,
2941 1971 3065 2038 quia
3104 1970 3235 2039 ipsis
3275 1981 3332 2025 et
3359 1980 3467 2025 eteo

1894 2063 2053 2116 rnleaa
2079 2072 2203 2115 sunt
2234 2064 2431 2127 cristae,
2458 2076 2698 2131 squama:
2730 2076 2855 2115 vero
2894 2062 3267 2129 versicolores,
3295 2064 3467 2116 cauda

1891 2167 2022 2207 vero
2051 2168 2241 2219 aurea,
2273 2153 2324 2207 in
2366 2167 2748 2221 quamcunque
2776 2152 3006 2207 voluerit
3038 2162 3245 2224 partem
3281 2170 3468 2207 versa-

1893 2243 2024 2297 tilis.
2064 2241 2161 2296 Est
2209 2251 2469 2310 praterea
2524 2240 2576 2294 in
2626 2240 2815 2294 eodem
2856 2237 3077 2295 ﬂumine
3118 2240 3293 2295 bellua
3345 2240 3469 2295 albo

1891 2334 2059 2388 vcrmi
2090 2333 2284 2388 similis
2314 2351 2327 2387 :
2354 2347 2416 2387 ex
2446 2347 2551 2401 qua
2582 2340 2741 2403 capta
2773 2331 2949 2386 oleum
2984 2332 3044 2385 ﬂt
3072 2331 3138 2385 ad
3169 2347 3297 2387 usus
3329 2332 3468 2402 ignis

1890 2424 2399 2489 accommodatum,
2462 2424 2609 2494 quod
2669 2424 2769 2478 nisi
2825 2424 2964 2478 vitro
3029 2425 3296 2479 contineri
3359 2441 3465 2480 non

1892 2517 2081 2585 possit.
2111 2515 2339 2585 Capitur
2374 2524 2552 2570 autem
2585 2515 2694 2586 regi
2730 2515 3100 2570 tantummodo
3131 2516 3464 2586 ejuscemodl

1888 2606 2085 2671 bellua,
2117 2622 2221 2675 qua
2261 2606 2350 2662 ille
2376 2607 2759 2661 diruendorum
2794 2606 3051 2660 moenium
3078 2622 3240 2662 causa
3275 2608 3463 2665 utitur.

1889 2696 2023 2751 Nam
2050 2697 2140 2752 ubi
2172 2714 2447 2752 murorum
2478 2696 2881 2767 propugnacula
2904 2696 3169 2766 ejusmodi
3198 2699 3459 2769 pinguedr

1892 2789 2151 2857 tetigerit,
2190 2790 2326 2857 ignis
2356 2789 2649 2852 excitatur,
2687 2787 3099 2859 quibuscunque
3133 2790 3295 2845 rebus
3328 2804 3456 2859 qua:

1889 2881 2135 2935 homines
2169 2882 2427 2934 adversus
2475 2880 2652 2949 ignem
2688 2880 3135 2949 excogitaverit",
3170 2882 3461 2951 potentior.

1886 2973 2082 3026 Asinos
2133 2983 2392 3043 praeterea
2446 2973 2752 3038 silvestres,
2798 2972 3124 3041 palustribus
3167 2972 3302 3027 lucis
3346 2974 3463 3042 capi

1887 3064 2096 3119 dicunt.
2162 3065 2293 3118 Esse
2356 3074 2536 3118 autem
2607 3065 2913 3130 huiusmodi
2971 3064 3101 3118 ieris
3163 3066 3215 3118 in
3286 3064 3465 3119 fronte

1888 3168 2082 3219 cornu,
2120 3169 2227 3224 quo
2265 3163 2546 3209 taurorum
2579 3170 2731 3209 more
2759 3155 3170 3225 generosissitne
3204 3165 3459 3226 pugnent.

1887 3242 2169 3298 Conticere
2213 3250 2392 3297 autem
2443 3242 2604 3297 Indos
2652 3258 2719 3297 ex
2770 3244 2877 3298 illis
2922 3246 3177 3301 cornibus
3216 3247 3405 3315 powla
3446 3264 3459 3300 :

1887 3342 2252 3403 asseruutque
2312 3333 2471 3388 nullis
2527 3334 2731 3388 morbis
2781 3348 2845 3388 eo
2895 3334 2983 3388 die
3034 3335 3211 3404 aﬂici,
3259 3337 3348 3406 qui
3395 3353 3463 3392 ex

1885 3420 2151 3488 ejusmodi
2186 3422 2379 3491 poculo
2411 3422 2701 3493 potaverit,
2746 3438 2918 3493 neque
2950 3425 2993 3479 si
3027 3425 3291 3480 vulnerati
3339 3425 3461 3481 Ine-

1887 3522 2034 3577 runt,
2070 3511 2274 3579 dolere,
2309 3523 2365 3568 et
2416 3528 2483 3568 ex
2539 3515 2661 3583 igne
2701 3516 2863 3569 etiam
2913 3516 3209 3573 incolumes
3254 3521 3460 3589 egredi,

1886 3617 2062 3671 neque
2106 3604 2231 3658 ullis
2274 3606 2499 3660 venenis
2532 3605 2672 3673 laedi,
2705 3622 3041 3677 quaecunque
3079 3612 3307 3664 nocendi
3337 3627 3457 3679 gra-

1888 3695 1958 3749 tia
1998 3696 2050 3749 in
2080 3704 2208 3765 potu
2248 3697 2465 3751 dantur.
2510 3697 2721 3752 Idcirco
2760 3713 2945 3767 regum
2974 3714 3094 3754 esse
3125 3700 3216 3753 illa
3248 3702 3457 3769 pocula,

1883 3792 1938 3838 et
1968 3784 2080 3854 regi
2116 3792 2323 3840 tantum
2351 3785 2618 3855 ejusmodi
2651 3786 2780 3844 fere
2820 3790 3161 3844 venationem
3192 3791 3454 3860 permitti.

1883 3875 2149 3930 Fabulosa
2201 3877 2315 3933 [nec
2363 3892 2502 3943 esse,
2556 3887 2611 3933 et
2662 3894 2844 3949 regum
2896 3879 3057 3935 ludia:
3094 3883 3266 3937 morbi
3309 3899 3455 3936 mor-

1886 3978 2074 4039 tesque
2105 3978 2396 4027 testantur.
2440 3969 2566 4024 llaee
2595 3986 2724 4024 vero
2755 3970 2954 4037 bellua,
2990 3982 3050 4027 ut
3083 3986 3203 4028 eam
3246 3975 3457 4030 descri-

1883 4061 2110 4131 psimus,
2144 4061 2268 4115 talis
2294 4072 2533 4130 apparet.

1955 4148 2083 4205 inde
2115 4151 2341 4205 Caucasi
2392 4151 2535 4206 illam
2583 4163 2789 4221 partem
2833 4156 3303 4223 transcenderunt,
3334 4176 3456 4230 qure

1883 4239 1935 4294 in
1965 4240 2207 4296 Rubrqu
2253 4256 2404 4297 mare
2440 4244 2757 4313 porrigitur.
2806 4245 2881 4300 Ea
2916 4262 3043 4302 vero
3073 4249 3302 4305 diversis
3330 4267 3455 4308 aro-

1884 4342 2087 4385 matum
2132 4331 2422 4402 generibus
2461 4334 2669 4389 consita
2709 4346 2814 4391 est.
2858 4335 3054 4392 Montis
3087 4354 3322 4409 namque
3358 4357 3455 4396 ca-

1882 4421 2098 4475 cumina
2124 4421 2537 4479 Cinnamomum
2574 4425 2770 4488 ferunt,
2795 4428 2942 4496 quod
2983 4430 3137 4484 novis
3167 4433 3455 4488 sarmentis

187 4503 345 4563 νέοις
376 4500 637 4569 κλήμασι.
662 4499 905 4553 Βάσανον
937 4498 995 4550 δὲ
1026 4496 1121 4551 τοῦ
1165 4497 1459 4567 ἀρώματος
1507 4496 1606 4567 τὴν
1652 4492 1780 4565 αἶγα

1890 4510 2216 4565 assimilatur
2254 4528 2268 4567 :
2313 4511 2570 4570 bonitatis
2625 4492 2974 4584 autem-ejus
3025 4518 3451 4586 experimentum

190 4588 344 4643 εἶναι
372 4607 385 4620 ·
423 4590 778 4659 κινναμώμου
812 4588 920 4659 γάρ
946 4588 997 4641 sl’
1015 4605 1097 4651 τις
1124 4588 1241 4655 αίγὶ
1274 4588 1315 4618 ¹¹¹
1373 4587 1602 4658 ὁρέξειε,
1653 4605 1781 4641 κνυ-

1890 4603 1973 4657 dat
2037 4618 2221 4673 capra.
2282 4603 2339 4660 Si
2394 4606 2516 4676 quis
2575 4607 2721 4662 enim
2786 4607 2979 4678 3251:
3036 4608 3451 4667 Cinnamomum

188 4682 435 4750 ζήσεται
467 4679 602 4749 πρὸς
631 4679 727 4749 τὴν
754 4681 909 4749 χεῖρα
941 4678 1191 4747 καθάπερ
1224 4677 1389 4743 κύων,
1441 4679 1657 4732 ἀπιόντι
1718 4696 1777 4731 τε

187 4775 507 4842 ὁμαρτήσει
531 4774 629 4842 τὴν
658 4774 779 4842 ῥῖνα
814 4774 871 4834 ἐς
910 4772 1070 4824 αὐτὸν
1100 4771 1377 4839 ἐρείσασα,
1407 4770 1508 4825 κᾶν
1538 4772 1566 4825 ὁ
1620 4772 1777 4826 αίπόο

186 4866 288 4927 λος
305 4862 503 4935 ἀπάγῃ
523 4864 585 4926 ³⁸,
620 4861 774 4934 [ιοοι
808 4861 899 4935 IL]
917 4863 1171 4934 θρηνήσει
1188 4862 1437 4933 καθάπερ
1457 4862 1629 4916 λωτοῦ
1643 4866 1775 4917 ἀπο-

189 4955 495 5023 σπωμένη.
540 4955 626 5007 Ἐν
657 4954 713 5007 δὲ
741 4958 854 5018 τοῖς
884 4957 1147 5024 κρημνοῖς
1175 4954 1267 5007 τοῦ
1296 4953 1455 5025 δρους
1487 4954 1692 5009 λίϐανοί
1715 4973 1775 5009 τε

185 5044 407 5114 ὑψηλαὶ
441 5044 715 5113 πεφύκασι
744 5047 840 5099 καὶ
872 5045 1041 5098 πολλά
1085 5046 1198 5116 εἴδη
1234 5045 1397 5117 ἔτερα
1416 5048 1483 5100 ¹⁰.
1540 5049 1649 5102 Καὶ
1706 5049 1774 5102 τά

182 5135 395 5204 δένδρα
434 5134 489 5187 δὲ
530 5137 584 5189 αἱ
632 5136 919 5205 πεπερίδες
945 5138 1011 5201 ¹¹,
1049 5131 1124 5189 ὧν
1172 5139 1407 5209 γεωργοὶ
1431 5139 1475 5171 ’⁸
1526 5140 1772 5210 πίθηκοι,

181 5228 455 5281 εἴκασται
487 5227 584 5297 μὶν
616 5228 694 5298 τῷ
722 5229 852 5299 παρ’
876 5229 1135 5297 Ἕλλησιν
1161 5231 1311 5301 amp
1332 5229 1400 5285 τά
1432 5247 1491 5285 τε
1521 5231 1655 5287 ἄλλα
1679 5235 1774 5287 καὶ

180 5316 283 5367 τὸν
318 5314 595 5385 κόρυμϐον
628 5317 721 5371 τοῦ
757 5319 994 5389 καρποῦ,
1019 5319 1212 5388 φύεται
1242 5319 1298 5374 δὲ
1330 5322 1387 5375 ὲν
1408 5322 1520 5385 τοῖς
1572 5323 1774 5377 ἀποτό-

1880 4707 2056 4761 capraa
2085 4694 2408 4762 porrexerit,
2440 4706 2697 4766 tanquam
2728 4698 2939 4752 catulus
2972 4713 3130 4752 manu
3159 4698 3451 4757 demulceri

1880 4782 2133 4848 allectat,
2196 4789 2591 4858 abeuntemque
2663 4788 2983 4858 insequitur,
3050 4805 3211 4846 nares
3275 4795 3451 4860 quoad

1879 4883 2054 4940 potest
2086 4874 2188 4943 ipsi
2230 4877 2481 4932 admovet
2515 4896 2529 4933 :
2558 4879 2701 4947 quod
2726 4879 2769 4933 si
2802 4889 2983 4949 pastor
3015 4896 3132 4935 eam
3164 4884 3448 4949 amaverit,

1878 4982 1984 5022 non
2030 4983 2190 5025 secus
2235 4971 2523 5039 queritur,
2568 4987 2728 5041 quam
2777 4972 2819 5025 si
2872 4972 2982 5027 loto
3024 4973 3348 5042 privaretur.
3393 4974 3451 5030 in

1879 5058 2078 5113 montis
2133 5071 2311 5113 autem
2362 5060 2650 5129 praeruptis
2696 5060 2950 5124 arbores,
3001 5075 3032 5115 e
3085 5062 3279 5131 quibus
3328 5064 3452 5119 thus

1878 5146 2134 5215 distillat,
2186 5164 2422 5219 procerae
2479 5159 2799 5215 nascuntur,
2861 5160 2915 5204 et
2966 5162 3269 5205 aromatum
3332 5153 3451 5205 aliae

1876 5243 2087 5309 species
2122 5242 2320 5306 multae,
2367 5243 2507 5297 inter
2535 5256 2672 5312 quas
2717 5250 2772 5295 et
2814 5240 3012 5311 piperis
3045 5241 3268 5297 arbores
3300 5254 3446 5309 sunt,

1878 5329 2022 5400 quod
2072 5331 2247 5402 piper,
2304 5344 2561 5404 tanquam
2616 5332 2904 5404 agricola,
2956 5347 3126 5404 genus
3172 5332 3447 5403 quoddam

1471 5478 1708 5536 VARle
1735 5482 2143 5544 [.ECTIONES.

428 5604 537 5651 ντος
565 5605 625 5653 ς.
699 5593 721 5624 ⁸
746 5593 850 5661 ὅτι]
884 5604 965 5655 ιιι,
1000 5593 1047 5645 Ι.
1150 5593 1171 5624 ⁸
1194 5593 1300 5664 ἀκρ

428 5657 471 5690 ³⁸
503 5658 831 5731 προσόμοια]
861 5660 934 5722 ὡς
976 5664 1138 5732 ὅμοια
1168 5667 1231 5718 Α.

428 5725 541 5797 οὺς]
576 5744 659 5790 tu,
690 5730 744 5782 2.
847 5732 887 5761 ¹⁸
921 5731 949 5781 ὁ
975 5732 1051 5782 A:
1084 5734 1233 5787 καὶὸ
1260 5750 1300 5797 ς

260 5594 280 5622 ⁸
323 5587 537 5676 ἔχοντος
565 5605 625 5653 ς.
657 5658 673 5676 Ι
699 5592 721 5624 ⁸
746 5588 850 5676 ὅτι]
878 5592 1047 5676 tnui.

180 5660 212 5710 ὁ
250 5674 319 5722 ς.
428 5660 471 5690 ¹⁹
503 5660 744 5729 προσόμο

184 5729 230 5798 f5
256 5725 541 5798 καὶτοὺς]
576 5744 659 5790 ut,
690 5730 744 5782 2.

1268 5596 1604 5753 “3925323:

1652 5668 1664 5684 '
1708 5607 1727 5637 ⁷
1754 5604 1860 5684 γάρ
1882 5604 1972 5684 A_:_
1996 5604 2053 5657 δὲ
2081 5623 2143 5670 ς.

1596 5675 1757 5735 φύσει
1787 5678 1852 5725 Α.
1907 5675 1973 5746 _“
1999 5676 2320 5746 πεποίηνται
2353 5678 2442 5731 ΑΒ
2498 5697 2511 5731 :

1431 5737 1474 5819 ξ’
1500 5737 1611 5819 οἷον
1639 5754 1751 5795 om.
1776 5756 1857 5819 pr.
2034 5744 2073 5775 ¹⁷
2104 5737 2377 5819 ἐντεῦθεν]
2410 5762 2492 5810 Ill,
2525 5749 2577 5803 4.
2619 5817 2633 5819 _
2660 5751 2704 5782 ¹⁸
2742 5737 2857 5819 αἰγὶ
2881 5737 3022 5807 corr.
3050 5752 3092 5807 Δ
3122 5771 3135 5807 :
3169 5753 3344 5819 αῖγιον
3379 5737 3441 5816 ς’.

2238 5613 2260 5647 ⁸
2292 5608 2471 5683 αὐτῶν
2504 5626 2564 5673 ς.
2639 5620 2660 5651 ⁸
2682 5610 2803 5683 δ’ὁ]
2834 5611 2881 5665 δ’
2914 5610 3024 5680 ἔχει
3051 5612 3079 5664 ὁ
3102 5611 3151 5683 ,Β
3175 5623 3223 5665 cl
3252 5628 3327 5666 rc.
3362 5613 3402 5666 Α
3429 5632 3442 5668 :

2576 5682 2873 5749 πεποίηται
2908 5699 2967 5744 ς.
3074 5682 3116 5713 ¹³
3140 5699 3189 5733 τι
3219 5684 3343 5735 add.
3376 5686 3441 5739 Α.

180 5796 230 5825 "
268 5797 461 5866 ὑπάγῃ
490 5796 549 5860 ξ.
629 5798 671 5829 ⁸⁸
698 5797 814 5867 εῐδη
844 5798 1026 5870 ἔτερα]
1056 5796 1322 5871 ἠδιώτερα
1351 5804 1457 5859 ΑΒ.
1536 5808 1575 5839 ⁸⁸
1612 5796 1891 5881 πιπερίδες
1914 5812 1976 5866 Λ.
2054 5821 2099 5850 ³³
2124 5796 2283 5868 dicit
