4206 6436
785 414 926 481 1219

1946 414 2208 473 ΡΗΟΤΙῙ
2252 414 2753 478 ΡΛΤῐὶῐΛΗΟΗΕ
2792 420 2900 483 CP.

3908 425 4045 491 1220

764 533 1047 583 SllIIlUl'Uln
1089 523 1236 579 colit.
1282 523 1491 593 Piperis
1528 526 1689 580 arbor
1730 527 1804 580 illi
1842 528 2035 582 similis
2072 545 2193 583 esse
2239 541 2349 583 tra-

2469 549 2601 599 μοις,
2634 534 2733 586 οὐκ
2764 533 2985 599 ὲφικτὸς
3004 534 3119 596 τοῖς
3146 533 3474 603 ἀνθρώποις,
3500 530 3563 589 οῦ
3599 537 3818 605 λέγεται
3872 543 4041 610 πιθή-

763 622 932 679 ditttr,
965 630 1125 685 quam
1156 613 1329 667 Graeci
1362 614 1527 680 ἄγνον
1559 616 1631 686 (id
1664 626 1766 681 est,
1799 620 2021 689 cauam)
2056 621 2345 687 appellant,

767 721 877 763 tum
912 708 1156 775 partibus
1202 707 1340 767 aliis,
1377 716 1487 759 tum
1525 709 1757 761 maxime
1788 708 2057 762 iructuum
2094 712 2346 764 racemis.

763 801 1021 854 Nascitur
1079 807 1258 851 autem
1319 802 1370 851 lu
1424 800 1687 853 extremis
1740 804 2132 869 przeruptisque
2190 801 2347 864 locis,

766 901 945 960 geneti
1000 889 1276 941 hominum
1356 888 1677 949 inaccessis,
1720 889 1810 941 ubi
1851 888 2171 949 siutiorum,
2215 904 2350 955 quas

769 982 1026 1042 diximus,
1059 979 1286 1047 populus
1330 981 1528 1031 montis
1576 994 1857 1039 cavernas.
1890 988 1944 1033 et
1973 980 2153 1032 omnia
2200 979 2347 1032 fora-

770 1076 913 1126 mina
973 1072 1179 1124 incolit.
1236 1071 1437 1123 Simios
1490 1082 1669 1121 autem
1726 1070 1902 1139 magni
1953 1069 2157 1122 faciunt
2212 1070 2348 1129 ludi.

770 1166 1025 1233 quoniam
1061 1164 1284 1231 piperis,
1316 1172 1372 1215 ut
1398 1162 1475 1214 sic
1506 1164 1705 1222 dicam,
1738 1162 2158 1216 vindemiatores
2187 1173 2349 1215 snnt:

770 1264 1101 1324 quapropter
1140 1263 1192 1305 et
1233 1256 1400 1305 armis
1446 1262 1497 1304 et
1533 1254 1761 1304 i'attibtts
1803 1253 2009 1314 leones,
2038 1261 2089 1303 et
2126 1264 2353 1305 cmteras

772 1347 913 1400 feras
947 1348 1012 1397 ab
1045 1345 1172 1411 ipsis
1222 1354 1428 1396 arcent.
1482 1341 1643 1395 lrruit
1692 1350 1871 1395 autem
1915 1342 1967 1394 in
2018 1342 2233 1394 simium
2273 1342 2355 1393 leo

768 1448 1027 1506 εδει-01115,
1070 1435 1351 1487 incdit-ina:
1383 1436 1599 1502 quidem
1639 1435 1835 1503 gratia,
1881 1448 2117 1501 namque
2169 1434 2353 1501 hujus-

772 1530 915 1582 modi
966 1528 1249 1582 simiarum
1299 1540 1493 1578 carnes
1545 1525 1759 1577 leonum
1804 1524 2009 1577 morbis
2051 1524 2353 1583 medentur,

770 1637 1063 1677 senescens
1114 1635 1282 1685 vero,
1338 1628 1525 1687 pastus
1583 1618 1799 1686 cibique
1852 1631 2039 1670 causa.
2094 1614 2225 1666 Nam
2270 1616 2355 1665 ubi

771 1726 995 1785 propter
1026 1715 1237 1767 senium
1274 1727 1468 1765 cervos
1503 1719 1593 1763 aut
1627 1724 1790 1777 apros
1825 1710 2007 1761 venari
2048 1708 2229 1759 leones
2261 1722 2357 1759 ne-

771 1812 996 1873 queunt,
1039 1802 1232 1856 simias
1278 1801 1565 1863 devorant,
1592 1799 1737 1866 quod
1784 1807 2033 1866 superest
2068 1796 2259 1848 virium
2305 1796 2357 1846 in

2453 641 2563 674 κων
2601 626 2771 675 οίκεῖν
2798 626 2966 693 δῆμος
2996 626 3053 677 ἐν
3078 629 3267 695 μυχοῖς
3303 630 3397 679 καὶ
3448 630 3475 681 ὃ
3507 647 3559 682 τι
3611 632 3779 683 αὑτοῦ
3835 634 4041 689 κοῖλον.

2453 712 2560 771 Οὓς
2598 713 2793 765 πολλοῦ
2851 714 3031 776 ἀξίους
3076 716 3124 765 οι
3169 715 3322 766 Ἰνδοὶ
3369 716 3699 785 νομίζοντες,
3739 720 3932 789 ἐπειδὴ
3985 722 4046 773 τὸ

2454 802 2651 871 πέπερι
2686 806 3059 875 ἁποτρυγωσι,
3088 806 3215 866 τοὺς
3248 806 3470 866 λέοντας
3529 809 3624 859 ἀπ’
3661 808 3849 861 αὐτῶν
3907 809 4042 879 ἐρύ-

2453 910 2607 945 κουσι
2640 894 2767 945 κυσί
2815 911 2874 945 τε
2911 894 3001 945 καὶ
3031 893 3239 955 ὅπλοις.
3304 893 3635 946 Ἐπιτίθεται
3660 895 3717 949 δὲ
3738 897 3783 927 ⁸⁸
3822 895 4046 965 πιθήκῳ

2454 984 2589 1036 λέων
2627 984 2797 1035 νοσῶν
2823 985 2921 1051 μὲν
2944 985 3083 1052 ὑπὲρ
3112 985 3406 1055 φαρμάκου
3448 986 3569 1053 (τὴν
3600 987 3709 1055 γὰρ
3761 988 3923 1039 νόσον
3948 988 4047 1039 αῦ-

2454 1077 2533 1143 τῷ
2565 1076 2631 1128 τά
2665 1077 2800 1143 κρέα
2832 1078 2968 1145 ἴσχει
3002 1077 3219 1145 ταῦτα),
3253 1076 3585 1146 γεγηρακὼς
3610 1076 3664 1129 δὲ
3692 1077 3834 1147 ὑπὲρ
3856 1079 4009 1129 σίτου
4030 1094 4043 1105 ·

2458 1168 2554 1234 τῆς
2586 1168 2693 1236 γὰρ
2724 1168 2830 1218 τῶν
2857 1168 3071 1235 ἐλάφων
3120 1170 3210 1219 καὶ
3242 1168 3387 1220 συῶν
3436 1167 3611 1236 θήρας
3642 1168 3836 1237 ἔξωροι
3880 1186 4048 1235 γεγο-

2458 1257 2607 1317 νότες
2636 1259 2760 1320 τοὺς
2793 1258 3054 1327 πιθήκους
3093 1258 3479 1324 λαφύσσουσιν,
3503 1260 3561 1319 ἐς
3607 1258 3768 1310 τοῦτο
3826 1258 4046 1327 χρώμε-

2460 1366 2536 1400 νοι
2572 1351 2636 1417 τῇ
2671 1348 2829 1417 λοιπῇ
2900 1349 3078 1417 ῥώμῃ.
3128 1349 3207 1401 Τὰ
3250 1348 3305 1399 δὲ
3353 1348 3480 1415 περὶ
3514 1347 3616 1408 τὰς
3667 1346 3973 1414 πεπερίδας
3995 1347 4047 1377 ⁸⁵

2460 1439 2807 1507 πραττόμενα
2860 1437 2959 1490 ὦδε
3015 1440 3129 1507 ἔχει
3156 1456 3167 1467 ·
3209 1438 3607 1505 Προσελθόντες
3656 1438 3705 1490 οί
3746 1437 3903 1490 Ἰνδοὶ
3938 1440 4047 1499 τοῖς

2461 1531 2610 1582 κάτω
2649 1531 2839 1598 μέρεσι
2870 1531 2963 1581 καὶ
3008 1530 3098 1581 τὸν
3150 1532 3361 1599 καρπὸν
3411 1528 3841 1600 άποοερίσαντες
3898 1529 4045 1591 ἄλως

2462 1621 2740 1671 ποιοῦνται
2778 1623 2980 1689 μικρὰς
3013 1622 3141 1691 περὶ
3188 1622 3256 1673 τὰ
3287 1612 3520 1689 δένδρα,
3566 1622 3659 1671 καὶ
3712 1619 3773 1671 τὸ
3844 1621 4047 1687 πέπερι

2463 1710 2592 1776 περὶ
2630 1709 2800 1772 αὑτάς
2835 1710 3225 1779 ξυμφέρουσιν,
3250 1707 3362 1763 οἷον
3390 1709 3707 1781 ῥιπτοῦντες
3743 1709 3818 1772 ὡς
3853 1710 4048 1779 ἄτιμόν

2462 1815 2514 1849 τι
2544 1799 2633 1849 καὶ
2670 1800 2743 1869 μὴ
2780 1802 2837 1851 ἐν
2866 1800 3067 1868 σπουδῇ
3099 1802 3219 1861 τοῖς
3247 1798 3577 1867 ἀνθρώποις.
3615 1800 3675 1851 Ol
3733 1799 3789 1850 δὲ
3838 1798 4049 1851 ἄνωθεν

774 1900 893 1953 illas
926 1903 1261 1949 exercentes.
1294 1892 1421 1955 Qua:
1452 1892 1517 1944 de
1537 1894 1741 1958 pipere,
1769 1890 1881 1942 haec
1910 1896 2035 1940 sunt
2058 1897 2156 1938 ἰ’ν.
2186 1888 2357 1938 Aci-e-

2469 1890 2574 1940 κάκ
2593 1891 2637 1920 ’⁵
2668 1890 2775 1939 τῶν
2802 1889 3022 1942 ἀϐάτων
3042 1890 3455 1958 καθεωρακότες
3483 1889 3675 1951 ταῦτα,
3694 1889 3893 1951 νυκτὸς
3917 1890 4047 1941 ὐπο-

772 1990 963 2042 dentes
993 1984 1105 2037 ludi
1145 1984 1209 2035 ad
1244 1984 1490 2043 arbores,
1526 1996 1645 2048 quae
1678 1982 1727 2032 in
1764 1989 1914 2046 parte
1945 1980 2144 2030 montis
2173 1978 2355 2029 intima

776 2089 1093 2139 nascuntur,
1142 2074 1459 2139 fructusque
1503 2073 1568 2125 ab
1614 2071 1717 2123 illis
1756 2072 2127 2134 decerpentes,
2162 2083 2359 2135 parvas

775 2174 1037 2243 quasdam
1067 2177 1283 2237 propter
1313 2164 1537 2217 arbores
1562 2164 1772 2215 areolas
1800 2160 2021 2220 faciunt,
2060 2175 2165 2227 quo
2206 2160 2354 2227 piper

2467 1980 2744 2049 κρίνονται
2775 1980 2834 2031 τὸ
2864 1982 2971 2032 τῶν
3012 1981 3188 2033 Ἰνδῶν
3217 1982 3397 2050 ἔργον,
3423 1982 3662 2043 καὶτοὺς
3718 1982 4050 2050 βοστρύχους

2466 2070 2575 2122 τῶν
2603 2071 2834 2135 δένδρων
2872 2072 3245 2141 περισπῶντες
3283 2073 3532 2143 ῥίπτουσι
3572 2071 3830 2141 φέροντες
3868 2074 3927 2134 ἐς
3955 2074 4051 2133 τὰς

2466 2161 2609 2225 ἄλως
2643 2178 2657 2191 ·
2692 2164 2738 2214 οἱ
2766 2163 2821 2215 δὲ
2872 2163 3023 2215 Ἰνδοὶ
3053 2165 3268 2226 ἀπόνως
3289 2163 3657 2231 συλλέγουσιν.

777 2276 1112 2335 congerunt,
1156 2266 1330 2333 ipsum
1372 2261 1740 2329 projicientes,
1783 2272 1878 2311 ceu
1910 2271 2021 2309 rem
2056 2256 2345 2320 neglectam
2395 2268 2447 2308 et
2488 2256 2693 2310 minimi
2742 2260 2807 2310 ab
2854 2259 3159 2313 hominibus
3205 2261 3587 2315 existimatam.
3621 2262 3804 2315 Simia
3841 2276 3971 2315 vero
3999 2262 4048 2314 in

777 2363 914 2416 aviis
964 2360 1161 2415 abdita:
1206 2360 1438 2425 desuper
1480 2355 1832 2419 aspicientes,
1864 2352 1951 2404 ubi
2000 2367 2102 2404 nox
2146 2352 2383 2416 advenit,
2426 2349 2675 2405 Indorum
2713 2368 2850 2421 opus
2887 2354 3130 2418 imitatae,
3188 2353 3405 2409 avulsos
3447 2355 3705 2409 arborum
3768 2370 4051 2409 ramuscu-

778 2459 859 2513 los
910 2456 959 2507 in
1011 2468 1189 2514 areas,
1223 2466 1358 2515 quas
1411 2448 1671 2505 diximus,
1721 2445 2029 2496 conterunt.
2072 2442 2195 2494 Inde
2232 2458 2360 2496 vero
2401 2444 2546 2497 nullo
2578 2444 2763 2499 labore
2796 2446 3072 2513 colligunt.

853 2547 1119 2616 Superato
1177 2552 1360 2595 tuonte
1404 2538 1703 2606 subjertam
1754 2536 2035 2603 planitiem
2078 2537 2365 2601 conspica-

782 2649 870 2691 tus
898 2632 1220 2702 Apollonius
1254 2644 1377 2683 eum
1417 2629 1551 2691 suis,
1582 2628 1739 2680 fossis
1766 2641 1903 2692 aqua
1941 2624 2369 2677 redundantibus

782 2728 1124 2785 inteifectam
1146 2724 1673 2778 animadverterunt.
1698 2720 1864 2772 Erant
1886 2728 2063 2771 autem
2094 2717 2366 2771 fossarum

781 2822 901 2872 alia:
936 2828 1120 2877 rectre,
1172 2814 1289 2867 aliae
1316 2812 1573 2880 obliquae,
1602 2826 1798 2878 aquam
1835 2824 1862 2862 a
1906 2806 2092 2876 Gange
2116 2808 2369 2860 derivan-

786 2923 889 2965 tes.
930 2907 1037 2961 Has
1068 2915 1247 2960 autem
1280 2903 1456 2956 fossas
1487 2903 1685 2969 partim
1713 2900 1959 2954 terminis
1990 2897 2364 2966 designandis,

782 3003 979 3073 partim
1014 2995 1306 3066 irrigandis
1342 2994 1509 3062 agris,
1538 3008 1659 3044 cum
1692 2992 1964 3049 sitissent,
1993 2990 2197 3043 servire
2224 2990 2369 3042 diee-

784 3095 935 3147 bant.
981 3088 1121 3141 Sunt
1170 3096 1348 3138 autem
1413 3084 1528 3151 agri
1579 3083 1822 3136 omnium
1870 3079 1962 3148 qui
2016 3078 2155 3147 apud
2212 3077 2370 3132 indos

784 3183 1033 3236 coluntur
1072 3174 1419 3235 feracissimi,
1455 3184 1508 3227 et
1544 3174 1614 3225 ibi
1652 3173 1943 3227 lueretlitas
1972 3169 2213 3223 oumium
2244 3184 2361 3220 ma-

2554 2538 3025 2608 ’Υπεράραντες⁹⁸
3056 2540 3111 2592 δὲ
3154 2538 3245 2592 τοῦ
3274 2539 3433 2609 ὅρους
3483 2540 3664 2593 πεδίον
3714 2542 3884 2608 φασιν
3928 2542 4053 2595 [δεῖν

2471 2631 2612 2683 λεῖον
2635 2632 3118 2701 κατατετμημένον
3140 2632 3220 2694 είς
3248 2633 3488 2702 τάφρους
3544 2632 3775 2703 πλήρεις
3817 2633 4013 2697 ὕδατος
4037 2652 4051 2665 ·

2471 2718 2610 2773 εἶναι
2643 2722 2698 2773 δὲ
2739 2722 2919 2773 αὐτῶν
2949 2724 3044 2784 τὰς
3074 2722 3173 2789 μὲν
3204 2724 3582 2792 ὲπικαρσίους,
3627 2726 3725 2785 τὰς
3776 2725 3835 2777 δὲ
3889 2726 4056 2796 ὀρθάς

2469 2811 2767 2879 διηγμένας
2798 2812 2862 2863 ὲκ
2887 2810 2979 2863 τοῦ
3000 2810 3246 2879 ποταμοῦ
3276 2810 3368 2863 τοῦ
3389 2811 3622 2877 Γάγγου,
3656 2812 3756 2878 τῆς
3785 2828 3843 2863 τε
3876 2811 4057 2881 χώρας

2470 2906 2592 2969 ὅρια
2618 2904 2807 2966 οὔσας,
2844 2906 2951 2965 τοῖς
2979 2920 3037 2955 τε
3065 2902 3268 2963 πεδίοις
3293 2904 3661 2971 ἐπαγομένας,
3690 2905 3855 2955 ὁπότε
3902 2906 3935 2973 ἡ
3987 2903 4059 2972 γῆ

2471 2992 2667 3061 διψῴη.
2698 2994 2809 3060 Τὴν
2838 2992 2893 3044 δὲ
2917 2993 3017 3062 γῆν
3046 2993 3255 3060 ταύτην
3279 2994 3510 3062 ἀρίστην
3571 2995 3704 3060 φασὶ
3756 2994 3860 3061 τῆς
3906 2994 4061 3046 ἰνδι-

2472 3085 2570 3150 κῆς
2595 3080 2754 3143 εἶναι,
2785 3083 2877 3134 καὶ
2912 3084 3175 3153 μεγίστην
3217 3084 3326 3136 τῶν
3344 3086 3460 3135 ἐκεῖ
3484 3083 3711 3152 λήξεων,
3763 3085 4060 3137 πεντεκαί-

2470 3176 2599 3227 δεκα
2624 3175 2846 3243 ἡμερῶν
2870 3176 2990 3229 ὁδοῦ
3020 3174 3193 3243 μῆκος
3224 3178 3315 3228 ἐπὶ
3334 3177 3425 3227 τὸν
3484 3177 3721 3244 Γάγγην,
3782 3177 4061 3230 ὀκτωκαί-

786 3277 934 3330 xime
961 3275 1162 3341 opima.
1190 3270 1549 3324 Pi‘otentlitur
1574 3266 1720 3319 enim
1751 3266 1803 3317 in
1840 3262 2226 3331 longitudinem
2258 3260 2364 3314 die-

2477 3267 2610 3319 δεκα
2642 3268 2699 3320 δὲ
2730 3268 2840 3321 ἀπὸ
2872 3268 3149 3338 θαλάσσης
3180 3269 3274 3322 ἐπὶ
3320 3269 3381 3321 τὺ
3418 3268 3525 3320 τῶν
3556 3268 3806 3337 πιθήκων
3843 3270 3997 3338 ὅρος,
4024 3262 4067 3335 ᾦ

789 3382 906 3419 rum
948 3364 1263 3433 quindecim
1288 3357 1699 3424 secusGangem
1725 3353 2151 3415 ambulantibus,
2180 3353 2367 3404 decem

787 3466 969 3510 autem
1010 3464 1065 3508 et
1110 3465 1237 3506 octo
1280 3467 1311 3505 e
1346 3450 1480 3502 mari
1513 3450 1579 3501 ad
1608 3456 1847 3501 montem
1880 3460 2049 3513 usque
2089 3442 2371 3496 simiarum

787 3557 958 3619 patet,
989 3546 1074 3599 cui
1130 3544 1381 3612 planities
1422 3556 1574 3608 aequa
1610 3538 1945 3593 extenditur.
1987 3533 2154 3587 Terra
2194 3542 2369 3585 autem

787 3641 972 3693 colore
1027 3639 1177 3704 nigra
1228 3646 1349 3698 est,
1386 3644 1441 3685 et
1490 3632 1705 3699 frugum
1756 3628 1999 3681 omnium
2046 3624 2238 3686 ferax,
2284 3624 2374 3677 ubi

788 3733 995 3798 spicas,
1036 3726 1361 3778 arundinum
1416 3725 1611 3785 instar,
1667 3718 2140 3784 eonspieidieunt.
2194 3714 2370 3768 Fabas

789 3830 972 3873 autem
1004 3816 1162 3885 triplo
1194 3815 1428 3881 majores
1465 3814 1530 3865 iis
1558 3827 1680 3881 qua:
1714 3811 1766 3864 in
1786 3810 2018 3879 Egypto
2049 3818 2368 3863 nascuntur.

790 3908 1076 3962 sesamum
1118 3918 1337 3971 quoque
1381 3900 1651 3969 proferre,
1690 3908 1744 3953 et
1777 3900 1979 3951 milium
2016 3899 2228 3951 eximiae
2258 3914 2372 3949 tua-

789 3996 1108 4069 gnitudinis.
1176 3994 1444 4047 Praeterea
1492 4006 1664 4045 nuces
1706 3990 1895 4043 iisdem
1940 3990 1992 4041 in
2045 3988 2181 4041 locis
2220 3987 2370 4041 nasci

790 4090 1099 4160 perhibent.
1147 4084 1297 4137 Vites
1341 4093 1521 4136 autem
1563 4095 1745 4148 parva:
1785 4080 2100 4140 admodum,
2157 4088 2373 4146 quanta:

789 4185 933 4253 apud
978 4181 1211 4234 Mmoues
1246 4177 1531 4247 Lydosque
1562 4175 1631 4228 ibi
1684 4182 2001 4226 nascuntur.
2048 4168 2243 4223 Vinum
2292 4179 2375 4222 ta-

791 4294 912 4331 men
943 4290 1009 4328 ex
1046 4273 1151 4326 illis
1194 4282 1538 4339 expressum,
1584 4266 1783 4337 326a
1849 4274 2065 4334 gustatu
2117 4274 2169 4317 et
2200 4265 2366 4315 odore

785 4362 1243 4435 jucundissimum
1276 4373 1394 4412 esse
1423 4358 1595 4410 aiunt.
1617 4358 1793 4409 Aliam
1821 4363 2084 4424 prteterea
2120 4352 2371 4405 arborem

791 4457 902 4511 illic
962 4453 1189 4506 inveniri
1234 4452 1311 4504 ait
1350 4449 1505 4501 lauro
1566 4448 1799 4501 similem
1838 4462 1851 4496 ε
1909 4458 2029 4512 qua
2077 4442 2373 4496 follieulum

2476 3356 2905 3427 ξυμπαρατείνει
2931 3361 3118 3422 πεδιάς
3144 3361 3210 3414 ”.
3246 3360 3492 3413 Μέλαινα
3527 3363 3676 3411 πᾶσι
3712 3361 3745 3428 ἡ
3782 3358 3943 3428 χώρα
3975 3364 4068 3412 καὶ

2477 3450 2694 3501 πάντων
2726 3448 2955 3519 εὔφορος
2978 3466 2991 3478 ⁶
3028 3452 3155 3503 ἰδεῖν
3185 3451 3283 3519 μὲν
3318 3451 3426 3519 γάρ
3470 3452 3707 3519 στάχυας
3739 3452 4066 3515 άνεστῶτας

2476 3541 2598 3592 ὅσον
2633 3542 2681 3591 οί
2712 3540 2958 3605 δόνακες,
2992 3540 3121 3594 ίδεῖν
3148 3541 3204 3594 δὲ
3235 3544 3479 3611 κυάμους
3546 3542 3915 3611 τριπλασίους
3959 3543 4068 3595 τῶν

2477 3630 2789 3695 Αἰγυπτίων
2844 3630 2905 3683 τὸ
2939 3630 3192 3700 μέγεθος,
3240 3633 3487 3702 σήσαμόν
3538 3650 3598 3684 τε
3646 3634 3737 3684 καὶ
3798 3634 4066 3702 κέγχρον,

2480 3720 2739 3789 ὑπερφυᾶ
2774 3721 2970 3784 πάντα,
3009 3722 3203 3775 καὶτὰ
3227 3725 3408 3793 κάρυα
3438 3721 3670 3789 φύεσοαί
3733 3738 3897 3789 φασι.
3957 3724 4068 3786 Τὰς

2475 3812 2532 3865 δὲ
2567 3813 2841 3881 ἀμπέλους
2886 3814 3114 3881 φύεσθαι
3151 3816 3375 3885 μικράς.
3432 3814 3685 3885 καθάπερ
3737 3815 3938 3868 Λυδῶν
3974 3819 4068 3869 καὶ

2477 3902 2751 3966 Μαιόνων,
2790 3903 3048 3967 ποτίμους
3065 3904 3111 3935 ⁸⁸
3160 3905 3218 3956 δὲ
3260 3905 3399 3957 εἶναι
3453 3906 3548 3957 καὶ
3585 3904 3895 3973 ἀνθοσμίας
3930 3904 4068 3976 ὁμοῦ

2476 3991 2552 4060 τῷ
2570 3993 2905 4063 ἁποτρυγᾷν.
2956 3994 3220 4048 Ἐνταῦθα
3242 3996 3334 4047 καὶ
3355 3995 3556 4065 δένδρῳ
3581 4000 3744 4065 φησὶν
3767 3998 4068 4067 ἐντετυχη-

2480 4084 2633 4134 κέναι
2666 4086 3007 4154 προσεοικότι
3041 4084 3253 4157 τῇ[552
3281 4085 3374 4156 H.]
3396 4086 3592 4157 δάφνῃ.
3618 4085 3856 4154 φύεσθαι
3886 4087 3949 4139 δὲ
3972 4090 4068 4139 a6-

2482 4174 2574 4225 τοῦ
2606 4176 2815 4228 κάλυκα
2848 4178 3182 4247 εἰκασμένην
3208 4179 3274 4247 τῇ
3310 4178 3546 4248 μεγίστῃ
3592 4179 3710 4248 ῥοᾷ,
3759 4178 3859 4231 καὶ
3898 4179 4070 4249 μῆλον

2481 4266 2762 4331 ἐγκεῖσθαι
2791 4268 2856 4334 τῇ
2893 4268 3087 4321 κάλυκι
3122 4270 3350 4322 κυάνεον
3370 4269 3469 4338 μὲν
3503 4269 3694 4337 ὥσπερ
3725 4269 3837 4322 τῶν
3869 4272 4066 4324 ὑακίνο

2483 4352 2591 4404 θων
2626 4354 2682 4405 αἱ
2718 4354 2899 4417 καλαὶ,
2934 4356 3152 4408 πάντων
3184 4356 3241 4408 δὲ
3286 4356 3503 4426 ἥδιστον
3562 4357 3733 4409 ὁπόσα
3785 4358 3848 4425 ἐξ
3909 4360 4070 4431 ὡρῶν

2482 4444 2627 4512 ἥκει.

793 4547 922 4603 ntali
959 4544 1149 4599 Punici
1198 4539 1574 4611 magnitudine
1618 4536 1848 4607 profert.
1882 4533 2152 4589 Folliculo
2192 4542 2373 4586 autem
2416 4548 2633 4600 pomum
2666 4533 2807 4588 inest
2847 4534 3028 4589 colore
3062 4534 3375 4598 caeruleum,
3407 4548 3471 4588 ac
3531 4534 3696 4589 veluti
3761 4535 4070 4605 pulcherri-

793 4656 914 4697 mus
948 4636 1273 4710 hyacinthus
1312 4651 1324 4685 :
1359 4631 1742 4686 suavissimum
1786 4642 1914 4682 vero
1946 4626 2213 4689 omnium,
2252 4638 2373 4692 quze
2414 4632 2523 4677 toto
2546 4640 2688 4677 anno
2719 4638 3030 4680 nascantur.

863 4734 1001 4787 Cum
1049 4739 1227 4783 autem
1268 4742 1298 4781 e
1342 4733 1529 4779 monte
1582 4721 2008 4782 descenderent,
2056 4719 2364 4771 invenerun‘

2560 4718 2992 4779 Καταὸαινοντες
3021 4719 3067 4749 ²⁹
3089 4718 3146 4771 δὲ
3164 4718 3223 4770 τὸ
3252 4718 3374 4788 ὅρος
3390 4719 3700 4786 δρακόντων
3734 4719 3881 4791 θήρᾳ
3912 4739 4066 4791 περι-

795 4825 1094 4877 draeonum
1148 4818 1520 4872 venationem.
1562 4812 1757 4867 Omnis
1802 4810 1946 4863 enim
2020 4808 2185 4862 ludia:
2227 4805 2379 4874 regio

795 4912 1128 4969 draconibus
1164 4909 1422 4971 abundat,
1447 4916 1503 4961 et
1538 4904 1886 4959 multitudine
1926 4909 1980 4955 et
2009 4898 2381 4967 magnitudine

798 5007 1079 5061 mirandis.
1107 5004 1289 5071 Itaque
1312 5001 1537 5070 paludes
1558 4999 1750 5067 plenae,
1771 4994 1913 5063 pleni
1944 5003 2176 5051 montes.
2207 5006 2380 5060 neque

799 5100 1037 5152 tumulus
1078 5097 1145 5149 iis
1186 5110 1391 5149 vacuus
1421 5092 1717 5161 reperitur.
1761 5087 1960 5141 Verum
1995 5086 2264 5154 palustres
2294 5084 2379 5151 pi-

798 5194 878 5263 gri
916 5192 1183 5258 tardique,
1216 5198 1449 5256 suntque
1471 5184 1806 5254 longitudine
1832 5182 2137 5235 cubitorum
2176 5178 2375 5243 trigin-

798 5295 872 5346 ta,
904 5292 957 5336 et
981 5283 1065 5333 vix
1107 5289 1269 5347 caput
1310 5278 1665 5331 attollentes:
1706 5281 1835 5328 sunt
1879 5284 2011 5324 vero
2050 5268 2378 5322 draconibus

801 5375 1021 5430 feininis
1075 5375 1301 5437 similes,
1332 5382 1384 5425 et
1416 5380 1568 5438 terga
1601 5367 1864 5421 habentes
1894 5362 2175 5431 subnigra,
2202 5368 2255 5414 et
2274 5376 2377 5413 ca:-

797 5471 928 5522 teris
962 5469 1139 5521 minus
1170 5478 1487 5533 squamosa.
1525 5460 1874 5529 Campestres
1920 5452 2253 5525 palustribus
2284 5466 2379 5520 per

869 5596 947 5627 u-v
992 5582 1281 5650 llorapnllo
1318 5581 1409 5635 lib.
1444 5595 1506 5642 ll,
1546 5593 1665 5647 cap.
1700 5576 1786 5630 76.

2475 4809 2657 4875 τυχεῖν
2684 4824 2819 4874 φασι
2851 4821 2866 4835 ⁸
2912 4805 3221 4875 δρακόντων
3252 4807 3350 4875 μὲν
3388 4810 3499 4878 γὰρ
3549 4807 3612 4878 δὴ
3660 4809 3916 4880 ἀπείροις
3966 4813 4061 4879 μή·

2476 4916 2595 4949 κεσι
2626 4899 2909 4962 διέζωσται
2934 4900 3082 4951 πᾶσα
3110 4900 3141 4967 ἡ
3181 4898 3373 4969 Ἰνδικὴ
3407 4899 3578 4969 χώρα,
3605 4902 3700 4953 καὶ
3746 4904 3927 4970 μεστά
3968 4902 4065 4971 μὶν

2476 4993 2788 5063 αὑτῶνέλη,
2816 4992 2991 5063 μεστὰ
3026 4991 3083 5043 δὲ
3117 4991 3241 5062 ὅρη,
3274 4993 3430 5055 κενὸς
3466 4992 3523 5046 δὲ
3572 4993 3745 5056 οὐδεὶς
3774 4993 3964 5064 λόφος.
4003 4996 4062 5047 Oi

2482 5084 2664 5155 μὲνδὴ
2694 5085 2858 5137 ’ἐλειοι
2912 5083 3109 5154 νωθροί
3165 5086 3224 5135 τέ
3257 5086 3365 5136 eis:
3408 5084 3500 5137 καὶ
3558 5086 4062 5157 τριακοντάπηχυκ

2491 5174 2662 5244 μῆκος
2697 5172 2898 5243 ἔχουσι,
2933 5173 3027 5227 καὶ
3046 5172 3243 5244 κράνος
3264 5174 3445 5236 αὐτοῖς
3461 5174 3559 5227 οὐκ
3582 5175 3907 5245 ἀνέστηκεν,
3956 5179 4061 5229 αλλ’

2486 5266 2591 5317 εἰσὶ
2618 5267 2733 5327 ταῖς
2756 5264 3078 5334 δρακαίναις
3122 5266 3320 5334 ὅμοιοι,
3361 5266 3590 5335 μέλανες
3638 5267 3694 5319 δὲ
3739 5269 3945 5332 ίκανῶς
3979 5270 4063 5321 τὸν

2484 5358 2675 5421 νῶτον,
2701 5357 2793 5408 καὶ
2822 5351 2986 5427 ἦττον
3010 5356 3295 5424 φολιδωτοὶ⁵
3336 5358 3444 5409 τῶν
3476 5357 3675 5411 ἄλλων.
3712 5360 3773 5411 Oi
3814 5360 3873 5412 δὲ
3892 5362 3933 5390 ⁸⁸
3972 5377 4063 5411 πε-

2483 5450 2617 5501 δινοὶ
2674 5447 3059 5501 πλεονεκτοῦσι
3088 5448 3197 5499 τῶν
3243 5448 3431 5501 ἑλείων
3489 5450 3699 5502 πάντα·
3733 5453 3829 5502 καὶ
3868 5456 3975 5522 γὰρ
4007 5454 4059 5509 ις

2116 5657 2354 5713 νΑῐιιιΕ
2389 5654 2795 5711 LECTIONES.

869 5774 911 5808 ⁸³
933 5772 987 5824 δὲ
1015 5786 1120 5822 οιη.
1154 5784 1234 5837 pr.
1267 5766 1327 5821 A.
1406 5769 1451 5801 “
1479 5762 1770 5832 πιπερίδας
1801 5761 1860 5809 Α.
1920 5757 1981 5837 ,ξ’
2018 5757 2177 5808 κάκΛ
2206 5769 2217 5803 :
2338 5768 2397 5813 ς.

2475 5754 2518 5782 ³⁵
2551 5746 2807 5831 ὑπεράρ.]
2835 5764 2915 5811 Ill,
3059 5748 3287 5831 ττι-πεδία
3310 5748 3415 5831 Λ-Β.
3493 5750 3538 5781 ⁸⁸
3569 5750 3872 5819 ποταμίους
3901 5766 3969 5819 pr.
4000 5753 4054 5803 .\.

797 5844 839 5874 ”
872 5817 1203 5911 resedi-lii,
1368 5838 1409 5867 “
1445 5817 1885 5905 τριακόντάέηχν
1919 5827 1957 5879 Β
1985 5837 2039 5880 et
2068 5842 2209 5879 corr.
2239 5825 2307 5873 A:
2341 5821 2805 5892 τριακοντάπηχον
2832 5835 2890 5881 ς.
2969 5819 3008 5849 ³⁶
3035 5818 3081 5869 οἱ
3111 5817 3189 5887 δὲΙ
3235 5834 3313 5883 ιιι,
3340 5819 3391 5871 7.
