4206 6436
166 401 295 473 181

1264 409 1785 471 RIBUOTHECA.
1815 435 1883 447 -
1912 411 2071 473 COD.
2120 412 2360 475 CCXLI.

164 520 328 573 πλέον
356 516 453 572 τοῦ
499 518 710 589 μήκους
763 520 1072 586 ἐλαύνουσι,
1103 520 1397 594 [10041ὶ.]
1446 523 1540 576 καὶ
1583 522 1745 592 ταχύ-

1851 524 2033 577 omnia
2080 527 2413 593 superiores.
2469 523 2602 579 Nam
2668 535 2721 580 et
2778 527 2831 582 in
2879 526 3141 593 majorem
3197 525 3436 595 porrecti

161 628 311 680 τεροι
341 611 453 665 τῶν
469 612 748 676 ὀξυτάτων
786 614 1051 685 ποταμῶν
1073 613 1356 685 φέρονται,
1394 618 1487 669 καὶ
1525 614 1746 684 διαφεύ-

163 719 245 770 γει
275 703 477 768 αὐτοὺς
504 706 681 759 οὐδέν.
728 704 952 767 Τούτοις
1008 708 1103 760 καὶ
1134 708 1299 776 λοφιά
1346 707 1565 775 φύεται,
1607 706 1748 771 νέοις

166 794 261 861 μὲν
284 794 665 867 ὕπανίσχουσα
701 797 764 850 τὸ
795 798 1041 868 μέτριον,
1088 786 1465 869 σύναυξομένη
1482 801 1525 832 ³¹
1575 799 1633 853 δὲ
1661 815 1750 852 τε-

161 886 473 957 λεουμένοις
517 890 613 941 καὶ
671 889 973 958 ἀνίσχουσα
992 891 1035 921 ³⁸
1085 890 1210 952 ac»
1256 890 1412 953 mm,
1471 892 1561 944 ὅτε
1617 890 1683 961 δὴ
1701 892 1747 923 ιι

162 978 364 1047 πυρσοί
379 980 425 1012 ⁸⁸
450 997 510 1032 τε
542 982 635 1032 καὶ
663 982 957 1050 πριονωτοὶ
986 981 1250 1049 γίνονται.
1301 975 1462 1035 Οὗτοι
1512 984 1609 1035 καὶ
1657 999 1748 1049 γε·

162 1071 499 1134 νειάσκουσι.
528 1073 625 1126 καὶ
662 1073 754 1125 τὸν
808 1072 1013 1143 αὐχένα
1064 1072 1201 1142 ὐψοῦ
1237 1072 1478 1143 αἴρουσι,
1517 1075 1612 1127 καὶ
1649 1074 1747 1141 τὴν

162 1162 355 1229 φολίδα
380 1163 655 1216 στίλϐουσι
679 1164 836 1233 δίκην
864 1164 1104 1234 ἀργύρου
1126 1180 1140 1194 ·
1165 1166 1220 1218 αἱ
1247 1166 1305 1218 δέ
1321 1166 1426 1218 τῶν
1452 1166 1748 1235 ὀφθαλμῶν

164 1251 324 1321 κόραι
370 1251 515 1315 λίθος
544 1252 960 1322 ἐστὶδιάπυρος.
1005 1254 1184 1323 Ἰσχύν
1250 1254 1307 1307 δὲ
1363 1254 1545 1308 αὐτῶν
1594 1256 1744 1325 ἀμή-

162 1361 326 1412 χανον
350 1340 491 1397 εἷναί
513 1361 680 1413 φησιν
692 1345 736 1377 "
758 1346 813 1408 ἐς
843 1345 1013 1397 πολλά
1038 1346 1151 1398 τῶν
1177 1345 1483 1407 ἀποθέτων.
1530 1346 1745 1399 Γίνεται

159 1438 213 1489 δὲ
243 1442 359 1497 τοῖς
388 1438 629 1506 θηρῶσιν
661 1438 690 1490 ὀ
734 1438 949 1501 πεδινός
996 1439 1219 1510 εὕρημα
1237 1439 1304 1504 ⁸⁸,
1360 1440 1581 1493 ἐπειδὰν
1637 1440 1747 1493 τῶν

159 1530 473 1595 ἐλεφάντων
500 1529 618 1582 τινὰ
646 1528 1052 1598 ἐπισπάσηται·
1109 1531 1264 1583 τουτὶ
1307 1531 1415 1601 γάρ
1441 1530 1745 1582 ἀπόλλυσιν

158 1625 329 1690 ἀμφω
361 1623 429 1675 τά
457 1623 639 1693 θηρία.
685 1624 794 1676 Καὶ
842 1624 1035 1693 κέρδος
1066 1626 1179 1687 τοῖς
1217 1624 1396 1676 ἑλοῦσι
1447 1624 1746 1695 δράκοντας

158 1713 431 1781 ὀφθαλμοὶ
456 1714 548 1765 καὶ
577 1712 711 1782 δορά
733 1714 827 1765 καὶ
850 1714 1064 1777 ὀδόντες
1096 1729 1110 1743 °
1139 1715 1249 1767 εισι
1276 1714 1333 1766 δὲ
1368 1718 1438 1768 τά
1481 1715 1578 1785 μὲν
1612 1715 1749 1770 ἀλλα

156 1805 338 1872 ὅμοιοι
368 1806 483 1867 τοῖς
519 1803 626 1857 τῶν
652 1805 929 1874 μεγίστων
984 1806 1152 1868 συῶν,
1207 1805 1525 1877 λεπτότεροι
1556 1806 1614 1861 δὲ
1653 1808 1747 1859 καὶ

158 1894 475 1966 διάστροφοι
506 1896 599 1948 καὶ
621 1898 720 1966 τὴν
746 1898 953 1967 αἰχμὴν
997 1897 1261 1966 άτρεπτοι
1291 1898 1359 1960 ³⁸,
1390 1899 1645 1968 καθάπερ
1697 1899 1748 1951 oi
1782 1883 1824 1938 Β

158 1986 267 2038 τῶν
300 1988 553 2055 μεγάλων
566 1986 611 2017 ⁸ο
655 1986 876 2056 ίχθύων.
920 1988 983 2041 Οἱ
1012 1988 1071 2040 δέ
1089 1988 1133 2019 ⁵⁸
1156 1987 1325 2057 ὄρειοι
1341 1989 1632 2057 δράκοντες
1651 1989 1749 2060 τὴν

162 2080 259 2148 μὲν
289 2079 479 2147 φολίδα
513 2083 708 2149 χρυσοῖ
728 2080 1031 2149 φαίνονται.
1056 2080 1116 2132 τὸ
1149 2080 1206 2132 δέ
1240 2080 1414 2149 μῆκος
1448 2080 1588 2151 ὐπέρ
1624 2081 1746 2144 τούς

160 2171 444 2235 πεδινούς·
478 2173 665 2239 γένεια
691 2171 746 2224 δὲ
798 2171 981 2233 αὐτοῖς
1024 2171 1393 2242 βοστρυχώδη,
1434 2174 1614 2242 χρυσᾶ
1648 2176 1747 2226 κά-

159 2266 337 2317 κεῖνα.
367 2264 476 2316 Καὶ
524 2262 960 2332 κατωφρύωνται
1003 2264 1204 2332 μᾶλλον
1236 2263 1268 2333 ἢ
1299 2264 1351 2316 οι
1383 2264 1607 2329 πεδινοὶ,
1646 2265 1749 2335 δμ-

160 2358 307 2425 ματά
339 2373 396 2409 τε
432 2357 775 2427 ὐποκάθηται
832 2359 898 2425 τῇ
932 2356 1097 2426 ὀφρύϊ
1156 2355 1331 2410 δεινὸν
1384 2357 1478 2409 καὶ
1530 2356 1747 2420 ἀναιδὲς

156 2448 468 2518 δεδορκότα.
518 2448 855 2517 ’Υπόχαλκόν
881 2465 941 2500 τε
975 2444 1104 2517 ἦχον
1121 2447 1165 2479 ⁸³
1206 2448 1481 2519 φέρουσιν,
1528 2448 1748 2501 ἐπειδὰν

155 2543 220 2608 τῇ
253 2542 328 2610 γῇ
366 2539 817 2609 ὐποκυμαίνωσιν
845 2539 912 2595 ⁵³.
957 2539 1091 2592 Ἀπὸ
1138 2539 1193 2592 δέ
1244 2540 1353 2594 τῶν
1397 2539 1573 2607 λόφων
1608 2557 1748 2610 πυρ-

160 2635 266 2686 σῶν
321 2634 493 2687 ὄντων
538 2634 651 2704 πῦρ
704 2634 887 2696 αὐτοῖς
938 2636 1087 2688 ἀττει
1149 2633 1433 2703 λαμπάδος
1460 2633 1506 2665 ⁸⁸
1562 2634 1744 2687 πλέον.

157 2722 322 2779 Οὗτοι
350 2726 446 2778 καὶ
493 2726 622 2788 τοὺς
661 2723 963 2793 ἐλέφαντας
1004 2723 1272 2795 αἱροῦσιν.
1323 2725 1487 2778 Αὐτοὶ
1544 2723 1601 2777 δέ
1643 2725 1749 2777 ὐπὸ

156 2814 264 2867 τῶν
314 2813 495 2867 Ἰνδῶν
538 2812 710 2876 οὕτως
760 2814 1111 2867 ἁλίσκονταιο
1167 2814 1521 2883 Κοκκοὸαφεῖ
1555 2814 1748 2885 πέπλῳ

154 2907 338 2975 χρυσᾶ
387 2905 691 2974 ἐνείροντες
749 2906 1057 2975 γράμματα
1091 2906 1139 2938 ⁵⁸
1183 2905 1427 2959 τίθενται
1484 2907 1594 2977 πρὸ
1645 2907 1747 2976 τῆς

154 3000 333 3066 χειᾶς,
367 2996 533 3050 ὕπνον
573 2977 1047 3067 ἐγγοητεύσαντες
1097 2999 1212 3060 τοῖς
1260 2998 1609 3068 γράμμασιν,
1655 2999 1747 3067 ὑφ’

153 3082 214 3140 οὗ
250 3088 476 3140 νικᾶται
508 3088 635 3149 τοὺς
663 3086 979 3156 ὀφθαλμοὺς
1014 3088 1321 3157 ἀτρέπτους
1350 3089 1510 3151 ὄντας
1542 3090 1570 3141 ό
1620 3089 1745 3158 δρά-

1856 623 1983 667 sunt
2012 612 2430 683 longitudinem.
2462 625 2519 671 et
2549 613 2790 671 velocius
2823 614 3161 681 fluminibus,
3185 615 3438 685 quamvis

1859 703 2167 772 rapacibus,
2203 703 2470 772 feruntur,
2503 706 2575 762 ita
2612 717 2671 761 ut
2715 706 2833 762 illos
2866 706 3096 762 evadere
3145 704 3277 761 nihil
3310 720 3438 776 pos-

1857 794 1947 849 sit.
1983 793 2077 851 llis
2110 803 2291 850 autem
2332 799 2497 851 crista
2532 799 2791 862 nascitur,
2811 798 3107 867 juvenibus
3139 797 3434 852 mediocri-

1856 894 1939 940 ter
1972 888 2307 957 prominens,
2351 888 2623 957 provectis
2670 902 2798 943 vero
2846 896 3005 943 aetate
3054 886 3333 957 grandior,
3382 894 3439 941 et

1854 983 2014 1039 valde
2034 998 2347 1054 assurgens,
2385 994 2580 1053 estque
2609 983 2775 1053 ignita
2815 994 2869 1037 et
2920 982 3145 1036 ferrata.
3196 981 3258 1037 Hi
3303 996 3437 1036 vero

1850 1076 2009 1145 jnbas
2044 1085 2099 1129 et
2122 1076 2387 1129 cervicem
2411 1075 2571 1130 altius
2588 1075 2871 1137 attollunt,
2892 1083 2950 1129 et
2977 1088 3164 1128 eorum
3197 1089 3440 1143 squama:

1856 1167 2031 1220 instar
2056 1167 2265 1236 argenti
2297 1167 2527 1235 fulgent.
2573 1165 2867 1221 Oculorum
2898 1174 3077 1219 autem
3117 1164 3331 1235 pupillae
3359 1165 3438 1217 la-

1854 1259 2011 1327 pides
2042 1268 2170 1312 sunt
2202 1268 2459 1327 tanquam
2493 1258 2633 1328 ignis
2664 1257 2953 1327 fulgentes.
2981 1255 3185 1312 Horum
3210 1272 3439 1326 serpen-

1858 1360 1967 1403 tum
1999 1351 2106 1404 vim
2152 1350 2444 1404 maximam
2483 1365 2605 1406 esse
2647 1350 2827 1403 ferunt
2860 1350 2923 1403 ad
2974 1352 3192 1405 morbos
3230 1350 3439 1418 pericu-

1856 1442 2163 1498 losissimos
2225 1442 2515 1498 tollendos.
2587 1444 2633 1495 Α
2700 1442 3024 1496 venantibus
3088 1440 3438 1509 reperiuntur

1855 1545 2191 1601 campeSIres
2210 1534 2475 1587 dracones
2498 1534 2642 1603 (cum
2664 1536 2810 1587 enim
2840 1532 3184 1601 elephantem
3201 1532 3436 1601 aliquem

1854 1626 2264 1692 convulserunt,
2302 1637 2531 1695 utraque
2564 1626 2739 1679 bellua
2769 1624 2981 1693 interit)
3009 1634 3064 1680 et
3087 1638 3183 1679 eos
3214 1624 3436 1694 capien-

1857 1718 2001 1771 tibus
2032 1716 2183 1771 lucro
2215 1727 2341 1771 sunt
2383 1718 2549 1783 oculi,
2586 1717 2775 1785 pelles,
2822 1717 3032 1771 dentes.
3059 1716 3200 1770 Sunt
3248 1727 3433 1771 autem

1856 1807 2118 1862 membris
2140 1809 2287 1876 apris
2325 1809 2633 1877 ingentibus
2666 1822 2848 1877 pares,
2900 1810 2994 1861 sed
3045 1821 3274 1876 corpore
3305 1821 3435 1875 gra-

1852 1900 2106 1955 ciliorem
2136 1910 2191 1955 et
2237 1901 2290 1954 in
2335 1914 2714 1969 quamcunque
2757 1912 2963 1969 partem
2987 1901 3289 1965 versatiles,
3325 1915 3439 1955 ros-

1854 2003 1939 2049 tro
1980 2004 2161 2049 autem
2220 1994 2561 2048 validissimo
2623 2004 2877 2062 tanquam
2936 1993 3181 2063 ingentes
3229 1993 3432 2064 pisces.

1852 2083 2090 2139 Montani
2125 2098 2255 2137 vero
2274 2085 2533 2138 dracones
2555 2095 2814 2151 squamas
2829 2080 3026 2134 habent
3047 2080 3244 2135 coloris
3271 2078 3429 2145 fulvi,

1851 2174 2189 2242 longitudine
2230 2185 2417 2227 autem
2468 2173 2741 2226 excedunt
2797 2178 3170 2238 campestres,
3238 2170 3436 2224 barba-

1851 2280 1955 2335 que
2002 2266 2113 2320 illis
2154 2275 2238 2320 est
2278 2265 2615 2328 cincinnata,
2660 2270 2715 2318 et
2771 2264 2884 2329 ipsa
2929 2261 3130 2316 coloris
3164 2260 3337 2327 aurei,
3378 2269 3437 2317 et

1850 2357 2142 2425 supercilia
2199 2357 2402 2426 majora
2451 2355 2652 2410 habent
2682 2369 2845 2424 quam
2894 2364 3253 2421 campestres,
3290 2352 3433 2408 oculi

1850 2460 2031 2504 autem
2062 2450 2368 2519 superciliis
2395 2448 2652 2509 subsunt,
2681 2455 2853 2510 torve,
2898 2448 3249 2516 graviterque
3282 2448 3431 2514 aspi-

1850 2544 2075 2612 cientes,
2116 2542 2206 2611 qui
2234 2542 2499 2595 dracones
2537 2539 2764 2609 perinde
2791 2554 2855 2593 ac
2886 2539 2929 2592 si
2965 2547 3150 2592 essent
3191 2538 3324 2591 ιεηεί
3351 2538 3433 2592 si-

1850 2633 2043 2699 bilant,
2069 2634 2501 2701 quandocunque
2527 2644 2621 2699 per
2649 2638 2855 2684 terram
2890 2639 3138 2697 serpunt.
3178 2628 3222 2683 E
3251 2627 3435 2683 cristis

1851 2741 1983 2781 vero
2010 2740 2130 2792 qua
2158 2724 2339 2779 rubrae
2362 2732 2508 2787 sunt,
2533 2721 2679 2776 velut
2698 2722 2839 2791 ignis
2855 2720 3158 2775 scintillare
3185 2720 3433 2786 videtur;

1848 2828 1903 2873 et
1937 2818 2027 2872 isti
2060 2830 2276 2886 quoque
2310 2813 2631 2883 elephantos
2656 2814 2897 2880 capiunt.
2937 2812 3043 2882 ipsi
3085 2828 3217 2868 vero
3246 2813 3314 2868 ab
3348 2814 3433 2865 ln-

1849 2911 1931 2965 dis
1963 2910 2066 2963 hoc
2095 2909 2253 2962 modo
2276 2907 2561 2976 capiuntur
2597 2923 2610 2958 :
2649 2904 2867 2975 pallium
2896 2905 3211 2960 coccineum
3234 2905 3435 2960 litteris

1848 3002 2030 3056 aureis
2073 3000 2530 3068 superintextum,
2605 3005 2733 3051 ante
2790 2993 3035 3051 cubiCula
3097 2999 3429 3065 extendunt;

1848 3094 2049 3161 scripta
2077 3102 2257 3146 autem
2291 3090 2657 3145 incantatoria
2690 3090 2853 3143 verba
2889 3104 3142 3144 somnum
3178 3093 3436 3146 videntur

155 3197 289 3242 κων,
317 3179 415 3232 καὶ
462 3177 635 3231 πολλά
686 3178 787 3247 τῆς
842 3179 1159 3249 ἀπορρήτου
1193 3179 1387 3247 σοφίας
1430 3180 1517 3230 ἐπ’
1576 3178 1739 3232 αὐτὸν

1850 3184 2123 3246 inducere,
2169 3182 2365 3253 326!)
2415 3182 2497 3235 his
2547 3184 2845 3234 draconum
2885 3182 3069 3245 oculi,
3120 3198 3429 3252 quanquam

152 3272 395 3340 ᾅδουσιν,
428 3265 510 3332 οἷς
536 3269 731 3334 ἀγεταί
763 3286 821 3321 τε
851 3268 1057 3322 καὶτὸν
1078 3269 1283 3339 αὐχένα
1308 3268 1595 3323 ὑποϐαλὼν
1644 3269 1741 3338 τῆς

152 3365 310 3432 χειᾶς
346 3361 697 3416 ἐπικαθεύδει
723 3364 840 3425 τοῖς
889 3363 1210 3433 γράμμασι.
1255 3364 1669 3430 Προσπεσόντες
1695 3364 1742 3395 ⁸⁸

150 3453 247 3509 οὖν
269 3458 319 3508 οί
368 3454 515 3508 Ἰνδοὶ
549 3455 789 3526 κειμένῳ
812 3455 1063 3517 πελέκεις
1114 3456 1495 3523 ἐναράττουσι,
1524 3456 1618 3507 καὶ
1647 3454 1743 3525 τὴν

150 3548 402 3619 κεφαλὴν
427 3546 800 3617 ἀποτεμόντες
833 3546 1107 3615 ληῖζονται
1136 3546 1235 3609 τάς
1269 3548 1326 3599 ἐν
1374 3546 1513 3617 αὐτῇ
1538 3546 1737 3610 λίθους.

150 3642 307 3694 Λίθοι
343 3641 400 3693 δὲ
422 3640 635 3704 τούτοις
662 3640 985 3693 ἀπόκεινται
1035 3638 1097 3691 τὸ
1158 3638 1259 3709 μὲν
1315 3636 1455 3702 εἶδος
1508 3638 1743 3708 ἀνθηραὶ

150 3734 247 3785 καὶ
286 3733 469 3786 πάντα
494 3733 917 3800 ἀπαυγάζουσαι
948 3728 1220 3801 χρώματα
1251 3730 1318 3796 ⁸⁷,
1360 3732 1458 3800 τὴν
1506 3731 1561 3783 δὲ
1587 3731 1741 3800 ίσχὺν

149 3827 387 3896 ἄρρητοι
424 3825 567 3878 κατά
624 3825 716 3877 τὸν
750 3823 1037 3877 δακτύλιον
1079 3821 1140 3874 ὃν
1184 3821 1440 3889 γενέσθαι
1496 3824 1627 3890 φασὶ
1664 3820 1741 3889 τῷ

149 3918 326 3991 Γύγῃ.
348 3916 618 3979 Πολλάκις
645 3916 702 3969 δέ
726 3916 818 3969 τὸν
865 3916 1025 3968 Ἰνδὸν
1046 3913 1198 3984 αὐτῷ
1229 3912 1451 3966 πελέκει
1482 3914 1579 3966 καὶ
1600 3913 1739 3983 αὐτῇ

145 4010 315 4080 τέχνῃ
353 4007 633 4062 συλλαϐὼν
668 4008 725 4070 ἐς
744 4006 844 4077 τὴν
891 4006 1058 4060 αὐτοῦ
1102 4007 1259 4077 χειάν
1318 4004 1501 4075 φέρων
1544 4002 1737 4075 ᾤχετο,

149 4104 317 4171 μόνον
349 4102 414 4154 οὐ
437 4100 599 4154 σείων
638 4100 699 4153 τὸ
729 4098 874 4171 ὅρος.
902 4090 1065 4153 Οὗτοι
1102 4099 1199 4151 καὶ
1236 4098 1304 4150 τὰ
1363 4097 1463 4166 ὅρη
1487 4096 1558 4149 τά
1610 4095 1739 4166 περὶ

145 4193 246 4261 τὴν
284 4190 557 4263 Ἐρυθρὰν
586 4190 755 4243 οἰκεῖν
786 4188 1058 4257 λέγονται.
1077 4188 1158 4241 Τά
1194 4188 1239 4241 δ’
1267 4188 1364 4257 έτη
1400 4188 1509 4240 τῶν
1534 4186 1739 4257 θηρίων

146 4284 362 4337 τούτων
427 4281 633 4349 γνῶναί
681 4298 742 4334 τε
820 4281 1027 4351 ἄπορον
1074 4281 1167 4334 καὶ
1231 4281 1409 4332 εἰπεῖν
1483 4279 1732 4333 ἄπιστον.

146 4376 445 4445 ΙΙροῖόντες
462 4374 507 4405 ⁸⁸
526 4374 583 4426 δέ
613 4389 781 4441 φασιν
797 4373 842 4404 δ’
873 4371 1038 4426 αὐλοῦ
1073 4374 1171 4442 μὲν
1198 4371 1429 4425 ἀκοῦσαι
1467 4371 1617 4434 δόξαι
1649 4388 1737 4423 νο-

148 4467 298 4534 μέως
331 4464 396 4536 δή
427 4482 574 4527 τινος
603 4465 806 4533 ἀγέλην
860 4463 1168 4525 τάττοντος.
1209 4460 1453 4533 [53511.]
1500 4461 1736 4529 ἐλάφους

1852 3273 2153 3335 durissimi,
2195 3282 2544 3341 superantur.
2606 3272 2712 3341 Ipsi
2747 3288 2963 3342 quoque
2993 3274 3225 3343 plurima
3264 3276 3429 3329 verba

1850 3378 1914 3417 ex
1945 3378 2141 3417 arcana
2173 3362 2439 3432 sapientia
2469 3363 3011 3431 superincantantes,
3041 3380 3105 3417 eo
3138 3368 3429 3422 draconem

1850 3454 2179 3522 perducunt,
2204 3462 2262 3507 ut
2291 3453 2695 3520 caputlatebris
2717 3463 2955 3517 exserat,
2988 3464 3044 3509 et
3086 3455 3282 3511 litteris
3323 3456 3432 3524 ιιηιο

1850 3544 1923 3597 lio
1952 3544 2178 3597 intextis
2205 3543 2687 3613 superindormiat,
2706 3544 2994 3598 dormienti
3015 3556 3194 3600 autem
3214 3548 3429 3600 instan-

1852 3649 1933 3692 tes
1964 3637 2104 3704 lndi,
2136 3638 2319 3693 securi
2369 3637 2637 3692 cervicem
2673 3638 2897 3706 feriunt,
2944 3640 3225 3707 scissoque
3251 3645 3431 3712 capite

1849 3727 2061 3795 lapillos
2103 3728 2249 3782 intus
2297 3736 2576 3782 exstantes
2614 3728 2890 3783 auferunt.
2933 3728 3242 3785 Traduntur
3280 3734 3427 3788 enim

1849 3830 2229 3873 montanorum
2255 3820 2549 3873 draconum
2580 3819 2852 3887 capitibus
2881 3821 3059 3875 inesse
3082 3822 3273 3889 lapilli,
3301 3838 3427 3892 spe-

1848 3908 1932 3963 cie
1957 3920 2011 3963 et
2040 3916 2265 3977 aspectu
2286 3907 2535 3973 iucundi,
2562 3916 2615 3961 et
2644 3907 2985 3976 splendorem
3020 3911 3306 3979 quemdam
3335 3926 3429 3967 co-

1847 3999 2053 4053 loribus
2091 3998 2410 4053 inducentes
2442 4016 2456 4051 :
2484 3998 2691 4052 viribus
2719 4010 2897 4054 autem
2928 4001 3287 4071 potentiaque
3324 4004 3429 4057 mi-

1849 4090 2070 4156 rabiles,
2100 4090 2243 4144 sicut
2268 4088 2521 4156 annulus,
2554 4104 2715 4159 quem
2757 4091 3010 4146 habuisse
3054 4091 3285 4163 Gygem,
3306 4096 3426 4149 vul-

1845 4194 2033 4253 gntum
2060 4191 2164 4236 est.
2203 4182 2394 4236 Evenit
2418 4194 2596 4236 autem
2629 4182 2918 4245 interdum,
2949 4193 3007 4236 ut
3035 4183 3205 4240 draco
3233 4184 3423 4241 Indum

1845 4290 1968 4329 cum
2007 4272 2184 4327 securi
2223 4281 2277 4325 et
2327 4280 2465 4334 arte,
2511 4273 2649 4324 intra
2695 4271 2873 4327 cubile
2918 4274 3141 4328 trahens
3178 4275 3425 4343 devoret,

1844 4366 2012 4421 etiam
2040 4366 2214 4432 ipsum
2240 4378 2375 4432 pene
2407 4373 2643 4416 montem
2674 4364 3011 4418 concutiens.
3046 4363 3207 4420 Tales
3244 4375 3425 4419 autem

1845 4457 2114 4510 dracones
2158 4465 2392 4516 mootes,
2418 4454 2509 4521 qui
2544 4453 2610 4509 ad
2646 4452 2888 4507 Rubrum
2939 4470 3087 4509 mare
3131 4456 3425 4525 pertinent,

145 4558 204 4609 δέ
267 4558 381 4627 ἄρα
426 4556 803 4626 βουκολείσθαι
847 4555 1082 4618 λευκάς·
1133 4554 1433 4623 ἀμέλγουσι
1485 4553 1541 4606 δέ
1588 4553 1736 4605 Ἰνδοὶ

1850 4549 2096 4603 dicuntur
2123 4545 2379 4600 incolere.
2406 4543 2483 4598 De
2508 4543 2844 4614 longitudine
2875 4558 3057 4599 autem
3087 4546 3213 4601 vita
3236 4545 3427 4613 hujus-

144 4647 375 4711 ταύτας,
401 4646 674 4715 εὐτραφὲς
701 4645 997 4715 ἡγούμενοι
1024 4644 1086 4698 τὸ
1118 4644 1214 4698 ἀπ’
1236 4644 1418 4697 αὐτῶν
1466 4643 1624 4710 γάλα.

1848 4641 1989 4695 modi
2025 4638 2349 4703 belluarum,
2376 4646 2432 4691 et
2464 4650 2796 4706 cognoscere
2824 4635 3229 4705 difﬁcillimum,
3259 4651 3335 4706 et,
3374 4640 3423 4695 si

147 4742 390 4806 dicatur,
436 4740 777 4796 incredibile.
830 4739 1047 4795 Fistula:
1103 4744 1343 4794 sonitum
1400 4740 1591 4795 audire
1633 4738 1733 4793 visi
1773 4744 1921 4799 sunt,
1946 4736 2101 4805 quasi
2140 4733 2375 4803 pastoris
2407 4747 2623 4802 gregem
2660 4734 3001 4801 colligcntis,
3066 4735 3157 4804 qui
3233 4750 3427 4792 cervas

145 4833 303 4887 albas
332 4833 611 4899 pascebat.
645 4832 886 4903 Mulgent
920 4842 1103 4887 autem
1138 4832 1284 4900 ipsas
1316 4830 1453 4897 Indi,
1480 4832 1624 4899 quod
1654 4831 1735 4886 lac
1774 4844 1963 4884 earum
1991 4830 2290 4882 maximum
2326 4826 2718 4884 nutrimentum
2746 4836 2961 4895 putant.

213 4926 507 4980 Ἐντεῦθεν
522 4928 749 4997 ἡμερῶν
765 4927 1043 4995 τεττάρων
1070 4927 1426 4997 πορευόμενοι
1457 4926 1526 4978 δι’
1546 4923 1731 4978 εὐδαί-

1906 4920 2034 4977 lude
2064 4933 2297 4991 quatuor
2336 4921 2546 4975 dierum
2600 4920 2712 4974 iter
2753 4919 3050 4988 progressi,
3080 4935 3177 4991 per
3208 4920 3423 4978 felicem

146 5035 312 5089 μονος
340 5019 436 5071 καὶ
460 5016 683 5087 ἐνεργοῦ
714 5017 815 5087 τῆς
830 5017 1039 5089 χώρας,
1068 5017 1388 5088 προσελθεῖν
1435 5015 1633 5086 φασι⁸⁶
1662 5020 1729 5087 τῇ

1850 5025 1885 5071 et
1922 5017 2059 5071 bene
2107 5014 2307 5068 cultam
2352 5014 2631 5083 regionem
2681 5014 2747 5066 ad
2783 5014 3062 5081 oppidum,
3099 5016 3150 5069 id
3190 5031 3301 5086 quo
3340 5034 3427 5071 8n-

141 5110 255 5163 τῶν
290 5108 474 5177 σοφῶν
503 5111 624 5179 ἦτοι
662 5107 773 5161 τῶν
798 5110 1107 5179 λεγομένων
1131 5110 1474 5180 Βραχμάνων
1513 5108 1725 5175 τύρσει,

144 5204 244 5257 xa’t
283 5202 644 5271 συγγενέσθαι
668 5201 853 5265 αὐτοῖς
882 5203 967 5272 ἐφ’
1016 5203 1199 5257 ἱκανόν
1220 5219 1233 5232 ⁸
1279 5202 1411 5272 περὶ
1443 5200 1536 5265 οὓς
1556 5201 1597 5232 ’ί
1630 5200 1731 5253 αὐ-

1828 5108 2039 5179 pientes
2082 5105 2345 5166 habitant,
2389 5104 2481 5172 qui
2532 5104 2693 5171 vulgo
2729 5102 3087 5160 Brachmana:
3129 5116 3421 5173 vocantur,

1827 5206 2213 5268 perveneruut,
2256 5202 2311 5249 et
2344 5209 2466 5249 cmn
2507 5197 2571 5249 iis
2600 5196 2736 5251 satis
2775 5196 2867 5249 diu
2907 5197 3109 5252 versati
3149 5207 3276 5253 sunt
3308 5218 3320 5252 :
3356 5200 3424 5253 de

139 5295 270 5358 τούς
303 5309 469 5362 φησιν
488 5292 534 5323 ³³
565 5290 853 5361 εἰρηκέναι
882 5308 941 5345 τε
995 5294 1090 5345 καὶ
1128 5291 1256 5345 ἰδεῖν
1281 5291 1375 5345 καὶ
1410 5290 1643 5343 ἀκοῦσαι
1695 5290 1732 5344 ἀ

1850 5290 2031 5358 ιιιίὺιιε
2055 5302 2113 5342 se
2142 5287 2330 5343 dicunt
2355 5288 2579 5355 vidisse,
2611 5297 2666 5343 et
2696 5287 2939 5353 audisse,
2970 5302 3092 5356 quae
3130 5303 3291 5343 nemo
3316 5302 3412 5343 8a-

1429 5381 1668 5439 V'ARIE
1705 5380 2106 5437 LECTIONES.

250 5489 297 5522 "
351 5486 757 5557 συναυξουμένη
812 5484 874 5540 Β.
977 5484 1018 5517 ³⁸
1069 5484 1362 5557 ἀνίσχουσα
1396 5499 1503 5557 mg.
1561 5499 1574 5534 :

1648 5481 1770 5537 libri
1802 5480 2046 5535 ἀνίουσα.
2126 5479 2172 5519 ³⁸
2201 5481 2258 5543 ἐς
2285 5480 2327 5533 Α
2367 5499 2381 5535 :
2420 5480 2515 5534 ἐπὶ
2547 5498 2606 5545 ς.

2683 5479 2727 5512 ιι
2757 5478 2842 5549 δὴ]
2864 5480 2920 5533 δι
2950 5478 3062 5532 ΑΒ.
3133 5477 3187 5549 ἐι·
3215 5481 3423 5549 πυρσοί

137 5575 197 5610 τε
234 5558 335 5610 καὶ
366 5548 653 5627 πριόνωτοι
676 5548 927 5627 γίνονται
962 5570 1094 5625 mg.,
1128 5548 1241 5625 πῦρ
1285 5571 1347 5627 τε
1379 5548 1478 5627 καῖ
1504 5553 1811 5627 πριόνωτοε
1826 5552 2066 5618 γίνονται
2095 5550 2184 5627 ᾼΒ
2222 5567 2234 5603 :
2265 5551 2534 5627 πύρσεται
2576 5549 2670 5627 καὶ
2732 5548 3031 5627 πριόνωτος
3085 5548 3305 5627 γίνεταιζ
3340 5567 3415 5627 5-:

136 5629 179 5658 ¹⁹
212 5630 382 5696 φασὶν
414 5645 473 5696 ς.

139 5690 308 5762 ιιι,’8.
385 5703 431 5776 δξ
456 5692 589 5776 ᾖχον
622 5696 667 5750 Δ
688 5690 709 5751 ι’
730 5690 849 5767 ἠχὼ
872 5690 943 5776 ςι
1008 5697 1056 5776 "_
1086 5690 1549 5776 ὐποκυμᾰίνουσιν
1578 5710 1639 5776 ςι
1670 5695 1761 5746 sed
1788 5690 1982 5769 malim_
2006 5691 2463 5776 é‘l'ttxupltvltpctv.‘

137 5758 338 5827 πάδιᾶς
371 5758 552 5819 πλέων
575 5784 636 5831 ς.
714 5758 1056 5836 ⁸δ’ξιὶροῦσιν]
1092 5765 1217 5818 libri
1251 5758 1515 5833 άίρουσιν.
1595 5764 1640 5801 ⁸⁸
1673 5758 2111 5831 προσπεσοῦντες
2144 5776 2205 5823 ς.

137 5838 177 5870 ⁵⁸
211 5836 523 5899 προῖόντεςΙ
575 5852 657 5899 Ill,
699 5837 753 5893 9.
848 5835 904 5869 "’
936 5852 1101 5899 φησιν
1136 5833 1244 5889 ΑΒ.
1350 5836 1394 5868 ⁸⁸
1428 5832 1562 5899 φησὶ
1596 5831 1704 5885 All.
1808 5832 1847 5862 '"
1878 5828 1997 5899 οὐςι
2042 5828 2107 5892 ἃς
2136 5828 2222 5883 ΛΒ

1878 5846 1997 5893 ουςι
2042 5846 2107 5892 ας
2136 5846 2242 5883 ιω.

135 5838 177 5870 ⁵⁸
211 5836 523 5899 προῖόντεςΙ
575 5852 657 5902 Ill,
699 5837 753 5893 9.
848 5831 904 5869 ³⁸⁵
936 5831 1101 5903 φησιν
1136 5833 1244 5889 ΑΒ.
1314 5831 1394 5868 “⁸⁶
1428 5832 1562 5902 φησὶ
1596 5831 1704 5885 All.

552 5626 596 5658 ³⁸
628 5620 837 5697 εὕρεμα
865 5643 925 5691 ς.
1000 5620 1044 5659 δῖ
1064 5620 1815 5697 ἄτρεπτοιιάστράπτουσιᾲΒ
1836 5629 2063 5697 ethcorr.
2094 5623 2161 5673 Δ.
2236 5622 2282 5697 ef
2320 5622 2574 5697 μεγάλων
2605 5624 2677 5697 Α)
2716 5621 3081 5697 μεγίστων-ς.

2564 5640 2572 5667 ν
2605 5624 2677 5672 A:
2716 5621 2987 5687 μεγίστων
3020 5636 3081 5682 ς.
3189 5622 3231 5653 ⁸⁸
3259 5620 3307 5670 ol
3335 5619 3415 5691 δὲ]

2564 5690 2612 5729 ⁸⁸
2637 5690 2915 5758 λαμπάδος
2947 5689 3108 5742 πλέον
3128 5687 3251 5742 AB:
3277 5686 3407 5757 λαμ⁷

2300 5761 2344 5797 ⁸⁷
2368 5759 2643 5831 χρώματα
2665 5757 2940 5831 §Caligerz
2972 5758 3097 5814 libri
3126 5758 3391 5831 χρήματα

2352 5832 2397 5861 ⁵²
2430 5828 2593 5899 φασιν
2620 5828 2727 5883 ΑΒ.
