4206 6436
784 382 919 447 1223

1970 376 2231 437 ΡΗΟΤΙΙ
2274 374 2777 436 ΡᾹΤΠΙΛΒΟΙῘᾹΞ
2815 374 2924 437 CP.

3908 375 4052 440 122‘

778 521 881 559 nus
919 503 1187 558 crederet.
1235 500 1461 569 lmpium
1523 500 1717 567 dogma
1766 497 1833 551 de
1886 496 2363 561 transmigratioue

2474 492 2643 553 οὐδεὶς
2673 492 2784 545 τῶν
2836 490 2961 544 νοῦν
3000 490 3234 560 ἑχόντων
3278 489 3613 543 πιστεύσειε.
3650 488 3726 541 Τὸ
3781 488 3841 543 δὲ
3869 490 3919 521 ⁵³
3957 489 4053 555 τῆς

778 595 1081 648 animarum
1116 609 1212 662 per
1249 590 1540 662 Egyptios
1572 590 1638 643 ad
1681 588 2046 658 Pythagoram
2087 588 2213 640 hinc
2238 603 2360 641 cre-

776 688 910 739 dunt
933 698 1240 739 emanasse.
1280 681 1484 736 Cumas
1512 692 1693 735 autem
1723 682 1989 743 nutriunt,
2024 680 2163 733 sicut
2191 694 2366 747 quon-

778 780 901 832 dam
936 775 1354 838 Lacedaemonii.
1377 785 1432 829 et
1457 773 1688 838 Thurii;
1716 774 1902 826 vittam
1938 788 2151 840 quoque
2184 772 2364 825 albam

778 867 1207 929 circumdabant,
1243 874 1296 920 et
1325 864 1486 919 nudis
1528 863 1752 933 pedibus
1788 863 2151 916 ambulabant.
2194 862 2369 915 Vestis

782 968 960 1010 autem
994 972 1181 1010 eorum
1218 957 1270 1009 in
1303 955 1781 1024 superhumeralis
1805 954 2038 1008 formam
2067 954 2365 1021 composita

780 1058 884 1101 est.
926 1048 1097 1115 Ipsius
1146 1048 1371 1101 materia
1410 1047 1609 1115 lanugo
1640 1055 1745 1109 est,
1781 1060 1899 1114 quae
1945 1054 2138 1113 sponte
2172 1060 2269 1097 sua
2313 1044 2365 1096 in

782 1138 887 1190 illis
918 1138 1052 1192 locis
1094 1140 1313 1202 crescit,
1342 1139 1459 1191 alba
1502 1137 1743 1206 quidem,
1778 1136 1940 1190 veluti
1971 1150 2088 1204 qua:
2129 1135 2181 1187 in
2204 1133 2367 1186 Pam-

784 1229 965 1298 phylia
1004 1230 1269 1282 nascitur.
1310 1230 1387 1283 Ex
1436 1244 1499 1282 ea
1550 1244 1761 1284 sacram
1796 1236 2002 1282 vestem
2049 1226 2365 1291 conficiunt,

779 1322 907 1389 quia
952 1321 1167 1374 mollior
1197 1331 1303 1381 est.
1356 1320 1542 1375 asolis
1576 1334 1607 1374 e
1651 1326 1799 1373 terra
1846 1317 2088 1374 vellitur.
2140 1316 2368 1371 Gestaut

782 1413 1040 1465 annulum
1068 1424 1122 1466 et
1162 1412 1440 1467 baculum.

852 1590 1047 1644 Dicunt
1074 1591 1303 1659 lapidem
1340 1589 1661 1659 pantarbem
1692 1591 1911 1644 nomine
1941 1587 2117 1651 nasci,
2150 1586 2364 1655 magni-

783 1681 967 1733 tudine
1010 1681 1208 1749 unguis
1241 1682 1333 1746 qui
1371 1679 1424 1733 in
1452 1679 1665 1747 pollice.
1699 1679 1954 1748 Gignitur
1998 1693 2126 1732 vero
2160 1679 2211 1731 in
2242 1692 2372 1731 con-

782 1771 931 1826 cavis
971 1780 1149 1836 terrm,
1188 1768 1831 1840 profunditatejugernm
1858 1783 2110 1839 quatuor.
2135 1770 2366 1823 Tantum

780 1879 915 1917 vero
971 1865 1075 1933 ipsi
1108 1866 1336 1931 spiritus
1368 1865 1532 1929 inest,
1574 1875 1632 1916 ut
1672 1864 2021 1927 intumescat,
2045 1874 2098 1916 et
2133 1864 2371 1932 plerum~

780 1975 886 2028 que
914 1961 1191 2015 scindatur
1218 1971 1381 2023 terra.
1410 1960 1503 2014 ubi
1562 1960 1825 2027 ejusmodi
1875 1960 2010 2027 lapis
2044 1962 2367 2029 concipitur.

782 2050 1025 2106 Evellere
1073 2063 1252 2106 autem
1281 2053 1473 2121 {ipsum
1525 2055 1726 2107 nemini
1765 2055 1913 2118 licet,
1969 2054 2071 2107 nisi
2117 2055 2209 2122 qui
2251 2053 2370 2120 ejus

784 2143 857 2196 sit
894 2145 1065 2198 sat-ris
1102 2145 1299 2214 327a
1358 2146 1600 2201 initiatus
1633 2164 1645 2198 :
1678 2147 1766 2214 qui
1814 2155 1973 2200 noctu
2035 2146 2175 2199 diem
2224 2145 2371 2199 velut

784 2231 924 2302 ignis
947 2236 1207 2301 ostendit,
1244 2236 1501 2304 quoniam
1526 2236 1715 2306 igneus
1748 2246 1831 2289 est
1862 2252 1925 2289 ac
1967 2236 2219 2289 radiosus
2247 2252 2260 2288 :
2287 2236 2369 2287 sin

787 2338 914 2376 vero
962 2334 1081 2392 post
1118 2324 1259 2378 diem
1303 2326 1621 2394 aspiciatur,
1650 2326 1952 2380 innumeris
1978 2326 2374 2395 rutilationibus

790 2415 976 2469 oculos
1006 2417 1149 2473 ferit.
1207 2419 1260 2472 ld
1310 2428 1490 2471 autem
1526 2419 1673 2486 quod
1710 2419 1761 2472 in
1803 2419 1920 2486 ipso
1961 2419 2139 2472 lumen
2185 2419 2372 2489 fulget,

786 2509 1008 2576 spiritus
1041 2521 1121 2565 est
1166 2512 1425 2579 potentia:
1474 2510 1728 2565 occulue.
1777 2510 2007 2581 Lapides
2037 2512 2181 2567 enim
2218 2527 2372 2580 spar-

786 2600 886 2651 sim
910 2598 1099 2665 jactat,
1132 2610 1185 2655 et
1217 2601 1270 2654 in
1308 2616 1457 2655 mare
1486 2600 1671 2655 condit
1698 2616 1715 2654 :
1750 2604 2090 2668 postmodum
2128 2616 2256 2656 vero
2287 2601 2374 2655 hic

787 2690 924 2758 lapis
958 2695 1021 2745 ad
1055 2707 1149 2746 eos
1180 2693 1465 2757 dimissus,
1491 2691 1879 2747 distributione
1903 2693 1985 2747 sui
2015 2694 2236 2761 spiritus
2262 2693 2373 2747 col-

787 2781 942 2848 ligit,
984 2783 1054 2836 ita
1096 2793 1152 2835 ut
1193 2785 1497 2837 coacervati
1556 2782 1768 2851 lapides
1821 2793 2077 2851 tanquam
2136 2798 2369 2837 examen

785 2888 943 2939 apum
965 2874 1038 2927 illi
1067 2874 1404 2940 subiaceant.
1438 2873 1578 2938 Quin
1634 2874 1800 2928 etiam
1838 2874 1986 2928 addit
2021 2874 2112 2928 ille
2138 2885 2369 2944 nugator

786 2964 1167 3024 Philostratus.
1195 2964 1311 3018 hmc
1342 2964 1392 3017 la
1406 2965 1592 3018 rcham
1630 2964 1921 3034 Apollonio
1949 2966 2177 3030 dixisse,
2207 2976 2262 3019 et
2293 2965 2374 3018 la-

784 3053 963 3121 pidem
998 3053 1072 3106 illi
1098 3054 1430 3115 ostendisse,
1458 3062 1514 3107 et
1543 3067 1735 3108 omnes
1760 3054 1878 3124 ejus
1914 3055 2203 3124 potentias.

858 3255 1136 3326 Pygmaeos
1184 3264 1365 3310 autem
1409 3256 1510 3310 sub
1575 3265 1723 3311 terra
1764 3259 2020 3327 degentes
2073 3259 2149 3313 ait
2209 3274 2369 3328 supra

784 3350 1031 3414 Gangem
1064 3350 1236 3417 posita
1265 3348 1382 3403 loca
1413 3349 1676 3413 incolere.
1717 3360 1770 3405 et
1798 3352 1938 3405 sicut
1969 3351 2105 3405 fama
2140 3354 2203 3406 de
2243 3354 2373 3420 ipsis

786 3438 1044 3506 prmdicat
1069 3438 1269 3492 vivere.
1310 3436 1610 3507 Sciapodes
1637 3453 1764 3493 vero
1784 3440 1860 3509 [id
1878 3450 1985 3501 est,
2014 3442 2103 3509 qui
2127 3442 2229 3494 sibi
2256 3458 2373 3493 um-

787 3530 935 3581 braut
962 3528 1180 3597 pedibus
1210 3527 1431 3600 parant]
1482 3538 1537 3583 et
1584 3530 2053 3597 macrocephalos,
2088 3539 2143 3585 et
2188 3531 2375 3597 hujus-

788 3618 931 3671 modi
977 3629 1218 3673 monstra
1265 3628 1621 3687 quotcunque
1674 3618 1918 3687 Scylacis
1973 3618 2085 3689 (93)
2135 3620 2374 3675 historiae

786 3709 1103 3773 dccantant,
1144 3722 1244 3762 nec
1278 3707 1420 3777 apud
1455 3707 1635 3774 Indos,
1672 3724 1775 3763 nec
1820 3710 1947 3763 alibi
1986 3720 2253 3763 terrarum
2282 3726 2375 3765 us-

788 3818 954 3868 quam
986 3803 1169 3855 vivere
1201 3816 1422 3857 censeo.
1452 3804 1665 3855 Aurum
1701 3817 1827 3856 vero
1851 3804 1994 3871 quod
2028 3803 2263 3872 gryphes
2295 3802 2374 3857 cf-

789 3892 978 3946 fodere
1021 3892 1309 3955 dicuntur,
1344 3901 1509 3961 petrae
1542 3902 1669 3946 sunt
1695 3894 1875 3947 aureis
1910 3894 2077 3961 guttis
2121 3892 2374 3947 minutis-

788 3985 942 4038 simis
992 3999 1324 4053 conspersae,
1362 3999 1498 4053 quas
1546 3985 1659 4037 hazc
1707 3983 1818 4036 fera
1868 3995 2045 4038 rostro
2090 3985 2372 4039 discindit.

788 4075 927 4129 Sunt
959 4076 1102 4129 enim
1147 4076 1461 4143 huiusmodi
1509 4088 1639 4128 aves
1691 4075 1743 4128 in
1786 4073 1957 4136 india,
2006 4076 2376 4144 magnitudine

788 4176 968 4220 autem
1000 4176 1055 4219 et
1080 4166 1287 4219 viribus
1318 4166 1566 4220 leonibus
1598 4179 1775 4235 pares,
1806 4175 1861 4219 et
1892 4166 2099 4219 alarum
2126 4168 2376 4235 praesidio

789 4257 843 4310 iu
871 4256 1078 4320 leones,
1114 4255 1454 4323 elephantos,
1501 4268 1558 4309 et
1586 4256 1855 4311 dracones
1905 4257 2168 4324 involant,
2209 4274 2375 4329 supe-

795 4349 1076 4417 rioresque
1103 4351 1358 4401 evadunt.
1406 4346 1604 4401 Volant
1633 4359 1814 4401 autem
1848 4364 1954 4402 non
1989 4349 2235 4415 multum,
2279 4352 2373 4405 sed

788 4448 1054 4509 quantum
1099 4440 1336 4506 parvula:
1382 4455 1531 4493 aves.
1570 4437 1683 4493 Non
1724 4440 1867 4493 enim
1924 4449 2173 4507 pennata:
2220 4452 2371 4507 sunt,

790 4532 885 4584 sed
916 4529 1073 4582 rubra
1114 4530 1363 4598 pellicula
1393 4530 1600 4584 alarum
1636 4542 1799 4585 costa:
1828 4540 2247 4586 connectuntur.
2280 4533 2375 4586 So-

790 4621 897 4673 lam
944 4636 1071 4675 vero
1108 4620 1316 4689 Tigrim
1362 4622 1790 4690 insuperabilem
1828 4623 1933 4677 illis
1986 4638 2108 4677 esse
2161 4625 2372 4685 dicunt,

789 4714 1049 4781 quoniam
1079 4712 1318 4781 fugiendi
1350 4714 1635 4769 celeritate
1666 4725 1856 4769 ventos
1903 4729 2122 4783 square
2152 4715 2374 4771 dicitur.

793 4803 891 4857 llic
925 4805 991 4856 dc
1038 4803 1297 4858 Phoenice
1338 4820 1437 4859 ave
1476 4804 1668 4859 eadem
1693 4820 1815 4858 cum
1842 4804 1964 4861 aliis
1997 4804 2207 4860 scribit.
2235 4805 2379 4872 Qua-

792 4906 913 4949 tuor
958 4911 1173 4951 menses
1223 4900 1364 4965 apud
1402 4896 1568 4951 Indos
1596 4897 1937 4966 Apollonium
1991 4896 2157 4951 fuisse
2190 4898 2376 4960 tradit,

788 4988 915 5041 lude
953 4991 1139 5042 dextra
1176 4990 1394 5059 quidem
1419 4988 1686 5059 Gangem,
1724 4990 1946 5043 sinistra
1996 5003 2125 5042 vero
2156 4987 2372 5059 llypha-

2403 4500 2452 4559 D

2470 583 2945 651 μετεμψυχώσεως
3007 581 3294 650 βδελυκτδν
3368 581 3545 650 δόγμα
3596 579 3808 633 ἐκεῖθεν
3844 581 3917 634 δι’
3961 581 4057 633 At-

2467 677 2711 743 γυπτίων
2733 676 2941 743 ἔφασαν
2957 675 3051 728 καὶ
3069 676 3366 743 Πυθαγόρα.
3382 675 3652 746 ἐνσκῆψαι
3668 679 3735 728 ιδ.
3758 675 3996 745 Κομῶσι
4013 675 4057 707 ⁸⁸

2466 769 2519 821 δὲ
2554 763 2699 821 οὗτοι
2748 769 2800 819 οι
2865 765 3040 831 Ἰνδοὶ,
3090 766 3280 836 ὥσπερ
3305 768 3353 797 ⁵⁸
3409 765 3830 835 Λακεδαιμόνιοι
3886 765 4058 819 πάλαι

2467 861 2563 913 καὶ
2604 860 2844 929 Θούριοι,
2909 858 3111 929 μίτραν
3160 875 3219 911 τε
3286 857 3613 911 ἀναδοῦνται
3686 856 3914 927 λευκὴν.
3963 858 4058 910 καὶ

2466 953 2672 1023 γυμνὸν
2698 954 2881 1015 αὐτοῖς
2913 951 3172 1022 βάδισμα.
3226 951 3339 1003 Καὶ
3356 950 3455 1016 τὴν
3492 950 3698 1020 ισθῆτα
3747 950 4054 1020 ἐσχηματί-

2468 1047 2621 1108 ζοντο
2650 1043 3033 1114 παραπλήσιον
3062 1043 3107 1074 ⁵⁷
3134 1044 3259 1105 ταῖς
3294 1042 3579 1109 ἐξωμίσιν.
3616 1040 3682 1094 Ἥ
3729 1041 3785 1095 δὲ
3820 1041 3924 1113 ῦλη
3960 1042 4055 1109 τῆς

2468 1136 2714 1205 ἐσθῆτος,
2777 1136 2925 1203 ἔριον
2967 1134 3237 1203 αὐτοφυὲς
3294 1136 3329 1204 η
3385 1135 3457 1203 γῆ
3493 1133 3641 1203 φύει,
3692 1133 3888 1187 λευκὸν
3958 1135 4058 1203 μὲν

2468 1230 2658 1299 ὥσπερ
2684 1230 2749 1281 τὸ
2778 1228 3114 1299 Παμφύλων,
3161 1226 3549 1297 μαλακώτερον
3576 1226 3634 1278 δέ
3653 1243 3669 1257 ο
3705 1225 3865 1279 τοῦτο
3908 1226 4057 1295 ἱεράν

2470 1321 2674 1388 ἐσθῆτα
2701 1319 3006 1383 ποιοῦνται,
3032 1318 3195 1390 [1005
3238 1318 3327 1389 IL]
3368 1319 3463 1371 καὶ
3493 1316 3678 1386 μόνοις
3701 1317 3886 1378 αὐτοῖς
3926 1318 4054 1369 ἁνα-

2472 1414 2678 1465 σπᾶται
2730 1414 2831 1481 τῆς
2886 1415 3010 1483 γῆς.
3059 1410 3289 1481 Φοροῦσι
3339 1410 3398 1463 δὲ
3454 1410 3551 1462 καὶ
3609 1409 3901 1463 δακτύλιον
3960 1408 4054 1461 καὶ

2472 1505 2687 1575 ῥάϐδον.

2542 1596 2667 1650 Ὀτι
2700 1598 2744 1629 ⁵⁸
2780 1596 2927 1650 λίθον
2957 1598 3091 1665 φησὶ⁵
3116 1598 3184 1660 ⁵⁹,
3216 1596 3537 1667 παπάρὸην
3574 1596 3765 1664 ὄνομα,
3811 1595 4057 1662 γίνεσθαι

2471 1690 2570 1758 τὴν
2610 1690 2876 1758 μεγίστην
2900 1690 3041 1742 κατά
3061 1689 3229 1756 ὄνυχα
3247 1688 3515 1741 δακτύλου
3540 1687 3634 1741 τοῦ
3649 1688 3694 1719 ⁸⁸
3712 1688 4024 1755 ἀντίχειρος
4044 1702 4057 1716 ’

2474 1780 2798 1831 κυΐσκεσθαι
2828 1777 2885 1830 δὲ
2942 1778 3111 1846 αὐτὴν
3158 1779 3215 1829 tv
3246 1779 3380 1849 γῇ⁶⁴
3411 1778 3587 1848 κοίλῃ,
3648 1777 3812 1845 βάθος
3866 1775 4062 1845 όργυαὶ

2475 1870 2762 1937 τέσσαρες.
2790 1869 3056 1922 Τοσοῦτον
3076 1869 3134 1921 δὲ
3160 1870 3300 1939 αὐτῇ
3318 1872 3588 1939 περιεῖναι
3610 1867 3705 1921 τοῦ
3726 1868 4060 1937 πνεύματος,

2475 1963 2550 2024 ὡς
2605 1962 2847 2015 ὑποιδεῖν
2907 1963 3009 2033 τὴν
3046 1962 3153 2030 γῆν
3217 1963 3315 2014 καὶ
3365 1962 3507 2015 κατά
3556 1960 3729 2014 πολλά
3760 1961 4063 2031 ῥήγνυσθαι

2476 2054 2847 2122 κυῖσκομένης
2904 2056 2961 2106 tv
2992 2055 3128 2124 αὐτῇ
3176 2054 3275 2123 τῆς
3318 2053 3490 2107 λίθου.
3527 2054 3603 2105 Οὐ
3656 2056 3791 2105 πᾶσι
3820 2053 3881 2104 δὲ
3930 2053 4060 2104 ἁνα-

2477 2148 2740 2208 σπᾶσθαι,
2778 2146 2915 2199 άλλά
2939 2148 3067 2209 -τοῖς
3090 2147 3188 2210 τὰς
3205 2147 3293 2198 ἐπ’
3323 2145 3463 2215 αὐτῇ
3508 2145 3732 2209 τελετάς
3762 2146 4049 2212 ἐπισταμέ-

2474 2256 2606 2298 νοις.
2635 2240 2784 2307 Αῦτη
2817 2238 3033 2309 νύκτωρ
3068 2239 3165 2309 μὲν
3214 2238 3432 2311 ἡμέραν
3474 2238 3766 2306 ἀναφαίνει
3812 2237 4063 2304 καθάπερ

2473 2334 2535 2384 τὸ
2563 2332 2677 2402 πῦρ
2710 2332 2845 2400 (ἐστι
2884 2332 2994 2402 γὰρ
3021 2333 3207 2401 πυρσὴ
3240 2333 3336 2385 καὶ
3372 2330 3698 2400 ἀκτινὼδης)
3726 2346 3741 2359 ·
3776 2331 3827 2383 εί
3858 2330 3917 2383 δὲ
3947 2330 4060 2399 μεθ’

2476 2424 2690 2492 ἡμέραν
2721 2422 2914 2491 ὁρῷτο,
2950 2422 3133 2492 βάλλει
3162 2423 3289 2485 τοὺς
3322 2422 3635 2493 ὀφθαλμοὺς
3666 2423 4060 2491 μαρμαρυγαῖς

2481 2516 2722 2585 μυρίαις.
2748 2516 2820 2568 Τὸ
2838 2515 2892 2568 δὲ
2927 2517 2985 2567 tv
3007 2515 3145 2585 αὐτῇ
3168 2516 3282 2583 φῶς
3318 2515 3540 2585 πνεῦμά
3566 2517 3714 2567 ἐστιν
3743 2517 4059 2585 ἀπορρήτου

2479 2609 2661 2675 ἰσχύος
2690 2625 2704 2638 ·
2738 2608 2918 2671 λίθους
2942 2611 3050 2679 γὰρ
3085 2610 3288 2672 ὁπόσας
3316 2609 3496 2679 βούλει
3537 2608 3633 2661 καὶ
3664 2610 3949 2676 σποράδην
3970 2610 4059 2659 καὶ

2477 2701 2724 2772 θαλάσσῃ
2757 2701 3073 2771 διαρρίψας,
3099 2703 3194 2755 καὶ
3230 2702 3439 2772 ταύτην
3486 2702 3679 2762 αὐταῖς
3723 2701 4056 2771 καθιμήσας,

2478 2792 2754 2859 ξυλλέγοις
2785 2794 2829 2823 ⁸³
2861 2794 2929 2845 ἂν
2965 2793 3148 2854 πάσας
3172 2797 3238 2863 τῇ
3277 2794 3374 2846 τοῦ
3433 2794 3742 2863 πνεύματος
3788 2794 4056 2845 διαδόσει·

2478 2887 2856 2938 ὑποκείσονται
2878 2886 2925 2918 ⁸³
2950 2887 3059 2955 γὰρ
3076 2886 3122 2918 ⁸⁸
3156 2887 3292 2956 αὐτῇ
3327 2886 3580 2956 βοτρυδὸν
3607 2887 3664 2938 αἱ
3695 2887 3858 2947 λίθοι,
3895 2886 4061 2939 καθά·

2477 2996 2583 3044 περ
2630 2977 2855 3045 σμῆνος.
2908 2978 3020 3030 Καί
3055 2994 3222 3046 φησιν
3250 2980 3279 3029 ὁ
3334 2978 3683 3047 μυθογράφος
3710 2969 3872 3039 οὗτος
3915 2977 4063 3028 Φιλό-

2478 3083 2710 3134 στρατος
2763 3066 2838 3129 ὡς
2904 3065 3079 3118 ταῦτα
3134 3066 3305 3119 είπὼν
3343 3068 3562 3136 Ἰάρχας
3594 3067 3674 3135 τῷ
3716 3067 4063 3136 Ἀπολλωνίῳ

2402 3172 2447 3233 C
2479 3155 2644 3218 ἔδειξε
2677 3156 2774 3224 τὴν
2797 3156 2943 3209 λίθον
2976 3157 3262 3227 αὐτὴνκαὶ
3299 3158 3474 3211 ὁπόσα
3501 3157 3821 3227 ἐργάζεται.

2546 3248 2684 3309 Τοὺς
2717 3248 2761 3278 ⁸⁸
2791 3246 2849 3299 δὲ
2876 3248 3190 3317 πυγμαίους
3230 3249 3398 3319 φησὶν
3423 3250 3594 3302 οἰκεῖν
3637 3250 3735 3318 μὲν
3765 3251 4064 3317 ὑπογείους

2476 3340 2687 3393 κεῖσθαι
2724 3339 2779 3392 δὲ
2803 3339 2945 3408 ὑπὲρ
2965 3340 3058 3393 τὸν
3085 3342 3326 3410 Γάγγην,
3349 3342 3559 3406 ζῶντας
3591 3342 3795 3411 τρόπον
3816 3343 3879 3406 δς
3905 3346 4069 3397 πᾶσιν

2476 3432 2711 3500 εἴρηται.
2743 3431 3046 3494 Σκιάποδας
3080 3432 3137 3485 δὲ
3185 3431 3506 3504 ἀνθρώπους
3538 3433 3571 3503 ἢ
3611 3437 4068 3503 μακροκεφάλους

2477 3521 2509 3587 ἦ
2542 3522 2715 3574 ὁπόσα
2751 3521 3031 3585 Σκύλακος
3057 3520 3370 3593 ξυγγραφαὶ
3400 3527 3531 3596 περὶ
3565 3524 3773 3577 τούτων
3821 3526 4069 3596 ᾅδουσιν,

2476 3612 2602 3665 οὔτε
2628 3613 2822 3666 ἄλλοσέ
2845 3631 2936 3667 ποι
2969 3613 3230 3681 βιοτεύειν
3256 3615 3302 3646 ⁸⁸
3329 3616 3427 3684 τῆς
3454 3616 3560 3683 γῆς
3588 3615 3711 3668 οὔτε
3762 3618 3823 3669 ὲν
3868 3618 4067 3680 Ἰνδοῖς.

2479 3704 2602 3755 Ὅτι
2628 3705 2672 3735 ⁸⁷
2706 3705 2895 3773 φησὶν,
2930 3706 3029 3758 Ὃν
3058 3705 3346 3775 ὀρύττουσι
3369 3708 3573 3776 χρυσὸν
3605 3711 3655 3761 οί
3685 3707 3930 3778 γρῦπες,
3981 3713 4070 3763 πέ-

2475 3811 2602 3864 τραι
2632 3797 2771 3847 εἰσὶν
2829 3798 2992 3849 οἱονεὶ
3054 3798 3378 3868 σπινθῆρσιν
3424 3799 3750 3867 ὲστιγμέναι
3805 3804 3935 3864 ταῖς
3977 3801 4068 3854 τοῦ

2477 3888 2680 3956 χρυσοῦ
2710 3888 2944 3955 ῥανίσιν.
2974 3889 3100 3951 ac“
3124 3890 3430 3959 λιθοωμεῖν
3482 3891 3545 3943 τὸ
3590 3890 3781 3961 θηρίον
3812 3893 3981 3945 τοῦτο
4005 3896 4063 3961 τῇ

2476 3978 2573 4031 τοῦ
2630 3981 2881 4048 ράμφους
2942 3980 3104 4049 ίσχύῖ.
3168 3982 3249 4035 Τά
3291 3984 3401 4052 γάρ
3442 3981 3609 4052 θηρία
3638 3983 3816 4037 ταῦτα
3846 3980 4065 4038 εῐναίτε

2477 4070 2537 4121 tv
2561 4070 2762 4135 Ἰνδοῖς,
2796 4073 2891 4124 καὶ
2953 4074 3182 4141 μέγεθος
3229 4075 3323 4126 καὶ
3356 4074 3530 4145 ἀλκὴν
3574 4076 3828 4129 είκάσθαι
3867 4079 4065 4139 αὐτοὺς

2476 4164 2589 4225 τοῖς
2624 4162 2860 4227 λέουσιν,
2886 4166 2989 4217 ὑπὸ
3020 4166 3075 4217 δὲ
3115 4166 3429 4230 πλεονεξίας
3486 4168 3597 4220 τῶν
3634 4169 3855 4239 πτερῶν
3882 4172 4065 4233 αὐτοῖς

2477 4272 2537 4306 τε
2563 4255 2792 4316 ἐκείνοις
2818 4255 3157 4309 ἐπιτίθεσθαι
3191 4257 3285 4310 καὶ
3317 4257 3425 4310 τῶν
3475 4258 3789 4327 ἐλεφάντων
3822 4262 3922 4314 καὶ
3945 4262 4071 4331 δρα-

2479 4345 2683 4397 κόντων
2740 4347 3078 4416 ὑπερτέρους
3137 4343 3298 4402 εῖναι.
3342 4349 3603 4402 Πέτονται
3631 4350 3689 4402 δὲ
3715 4350 3877 4404 οὔπω
3903 4353 4065 4419 μέγα,

2479 4437 2594 4488 ἀλλ’
2625 4438 2749 4488 ὅσον
2773 4437 2822 4489 οἱ
2850 4436 3183 4507 βραχύποροι
3206 4438 3418 4508 ὄρνιθες
3439 4455 3454 4469 ’
3487 4440 3561 4509 μὴ
3586 4442 3696 4510 γὰρ
3728 4443 4067 4496 ἑπτιλῶσθαι

2479 4528 2709 4596 σφᾶςὼς
2739 4527 2915 4597 ὁρνισι
2940 4530 3192 4599 πάτριον,
3248 4530 3364 4582 ἀλλ’
3424 4530 3588 4599 ὑμέσι
3650 4534 3780 4595 τοὺς
3825 4537 4066 4604 ταρσοὺς

2477 4620 2709 4687 ὑφάνθαι
2745 4622 2995 4689 πυρσοῖς.
3043 4621 3155 4689 Τὴν
3214 4620 3470 4692 [55411]
3531 4622 3710 4691 τίγριν
3768 4624 3827 4676 δὲ
3876 4627 4061 4686 αὐτοῖς

2473 4709 2751 4761 ἀνάλωτον
2774 4706 2914 4762 εἶναι
2949 4711 3139 4779 μόνην,
3169 4710 3357 4780 ἐπειδὴ
3390 4712 3449 4763 τὸ
3470 4713 3632 4780 τάχος
3659 4714 3834 4782 αὐτὴν
3850 4718 4061 4769 ἑσποιεῖ

2472 4805 2585 4863 τοῖς
2618 4803 2861 4870 ἀνέμοις.
2905 4802 3027 4855 Ὅτι
3050 4803 3094 4834 ⁸⁸
3125 4803 3257 4873 περὶ
3296 4802 3389 4854 τοῦ
3421 4804 3664 4871 φοίνικος
3696 4800 3799 4875 τῆς
3849 4808 4060 4877 ὄρνιθος

2476 4895 2543 4946 τὰ
2568 4894 2707 4946 αὑτά
2757 4894 2852 4946 καὶ
2900 4887 3057 4957 οὗτος
3106 4897 3221 4957 τοῖς
3275 4895 3456 4955 ἄλλοις
3491 4896 3695 4949 ἅπασιν
3725 4898 4058 4969 ἀναγράφει.

2480 4988 2604 5039 Ὀτι
2640 4988 2685 5018 "°
2715 4984 2755 5038 δ’
2792 4986 2965 5055 μῆνας
3018 4989 3132 5050 τοῖς
3182 4986 3363 5051 Ἰνδοῖς
3402 4988 3492 5041 τὸν
3528 4988 3899 5043 Ἀπολλώνιον
3936 5008 4060 5044 συν-

2058 5140 2293 5198 ἾΑΒΙᾹΞ
2329 5143 2739 5200 LECTIONES.

876 5253 921 5285 ⁵³
944 5252 1012 5329 Δτὸ
1040 5253 1118 5325 δὲ]
1153 5255 1350 5329 ιιιάθ.
1408 5326 1415 5329 _
1456 5256 1504 5290 ”
1533 5255 1803 5329 ἐνσκῆψαι
1830 5255 1945 5311 AB:
1983 5257 2262 5329 ὲνσκῆψαν
2290 5279 2349 5325 ς.

786 5326 1120 5398 πλησίωςλς.
1241 5326 1287 5398 ξ’
1312 5326 1417 5398 ὅτι]
1444 5343 1530 5398 In,
1560 5328 1652 5383 Mi.

786 5398 831 5428 ⁸³
865 5394 1268 5467 ὑποκείσονται]
1299 5394 1477 5461 aptius
1511 5396 1748 5451 fortasse
1774 5394 2165 5452 ἐπικείσονται.

787 5466 965 5519 στεύειν
992 5466 1061 5518 Δ.
1168 5466 1210 5497 ⁸⁷
1243 5466 1347 5519 ὅτι]
1373 5483 1455 5519 ιιι.
1482 5466 1570 5519 48.
1650 5467 1693 5499 ⁸⁸
1715 5467 1802 5519 ἃς]
1828 5466 1899 5519 ὡς
1934 5466 2045 5519 ΑΒ.
2122 5470 2165 5502 ”

2444 5266 2489 5297 ⁸⁵
2523 5260 2757 5332 κομῶσι]
2798 5277 2884 5325 Ill,
2924 5262 3011 5317 15.

1754 5330 1799 5360 δ’
1830 5330 1966 5397 φησι
1996 5326 2114 5381 AB:
2140 5326 2300 5398 ’φασὶ
2350 5348 2409 5395 ς.

1774 5397 2165 5469 έπικείσρνται.
2269 5403 2315 5435 ⁸⁸
2346 5402 2417 5469 γά

1168 5398 1268 5467 ται]
1299 5401 1477 5461 aptius
1511 5398 1748 5451 fortasse
1774 5398 2165 5452 ἐπικείσονται.
2269 5403 2315 5435 ⁸⁸
2346 5402 2455 5471 γὰρ
2508 5403 2601 5455 καὶ
2628 5402 2700 5466 γὰ
2769 5420 2827 5467 ς.

1168 5466 1210 5497 ⁸⁷
1243 5466 1347 5539 ὅτι]
1373 5483 1455 5531 ιιι,
1482 5466 1570 5521 48.
1650 5467 1693 5499 ⁸⁸
1715 5467 1802 5539 ἃς]
1828 5466 1899 5530 ὡς
1934 5466 2045 5522 ΑΒ.
2122 5470 2166 5502 ”
2198 5468 2303 5542 ὅτι]
2342 5487 2421 5537 ιιι,
2454 5398 2543 5527 l9.
2621 5473 2667 5504 ⁷⁸
2696 5418 2800 5542 ἔτι]

2660 5263 2757 5341 ᾗσι]
2796 5277 2884 5341 ιιι,
2924 5263 3011 5341 l5.
3054 5263 3562 5341 ηι⁶ἔισπερ1μᾶπερ
3581 5266 3695 5341 ΑΒ.

2515 5333 2559 5363 ⁸⁸
2580 5332 2688 5419 ’τοῦ
2719 5332 2869 5419 add.
2909 5333 2975 5419 ξ.
3052 5334 3095 5419 ξι
3124 5337 3272 5419 γῇΗΔ
3308 5332 3509 5419 {in}.

2932 5337 2975 5385 ι,
3052 5337 3095 5364 ⁶¹
3124 5337 3209 5457 γίῗὲ
3230 5337 3272 5387 Δ
3308 5338 3420 5461 ςτῇ
3445 5354 3475 5401 ς

2932 5404 3127 5483 ⁶ζητοὺς
3156 5407 3184 5458 δ
3217 5404 3235 5478 ]
3270 5421 3354 5473 ιιι,
3425 5407 3475 5461 7.

2489 5418 2601 5527 aiat
2621 5418 2917 5545 rguit",

3799 5272 3847 5344 ,‘7
3884 5289 4060 5344 παραο

3618 5340 3664 5377 ⁸⁸
3694 5340 3975 5409 ξυλλέγιις
4000 5362 4058 5408 ς.

3582 5409 3629 5440 ⁸⁸
3656 5410 3817 5473 ἀλλος
3845 5414 4054 5465 ἐπιδιο-

2269 5589 2509 5646 NOTAE.

857 5670 2361 5764 ($33)“gcylaigarxadeiisis,‘q‘uaiurlisin_t;arianest
2468 5696 2605 5764 curn
2672 5682 2932 5764 marciaui
2999 5684 3780 5764 ileraclcota:.ualiorumque
3864 5692 4055 5750 edente

786 5743 854 5794 ad
885 5741 1670 5815 ilalicarnassmii,historicus
1698 5741 1750 5798 et
1772 5748 2210 5803 mathematicus.
2232 5750 2362 5815 Quae

785 5811 1072 5880 scripserit
1121 5812 1327 5870 iudicat
1372 5814 1607 5885 Suidas,
1650 5826 1939 5886 exstatque
1988 5811 2359 5891 Geograpliica

2472 5751 2535 5808 ί).
2565 5752 2870 5811 llmschelio
2898 5756 3175 5827 Augustm,
3207 5774 3347 5813 anno
3375 5759 3530 5814 1600.
