  <div class='ocr_page' id='page_1' title='image "/cluster/home/n/w/nwhite01/storage/ocr_20150623/103/nnc1.0046979689/628.png"; bbox 0 0 4206 6436; ppageno 0'>
   <div class='ocr_carea' id='block_1_1' title="bbox 209 375 353 438">
    <p class='ocr_par' dir='ltr' id='par_1_1' title="bbox 209 375 353 438">
     <span class='ocr_line' id='line_1_1' title="bbox 209 375 353 438; baseline -0.007 0"><span class='ocrx_word' id='word_1_1' title='bbox 209 375 353 438; x_wconf 71' lang='grc'><strong>1225</strong></span> 
     </span>
    </p>
   </div>
   <div class='ocr_carea' id='block_1_2' title="bbox 1291 368 2409 434">
    <p class='ocr_par' dir='ltr' id='par_1_2' title="bbox 1291 368 2409 434">
     <span class='ocr_line' id='line_1_2' title="bbox 1291 368 2409 434; baseline 0.004 -5"><span class='ocrx_word' id='word_1_2' title='bbox 1291 368 1813 430; x_wconf 76' lang='lat' dir='ltr'><strong>BIBLIOTHECA.</strong></span> <span class='ocrx_word' id='word_1_3' title='bbox 1850 394 1920 407; x_wconf 86' lang='lat'><strong>-</strong></span> <span class='ocrx_word' id='word_1_4' title='bbox 1952 369 2116 434; x_wconf 68' lang='lat' dir='ltr'><strong>COD.</strong></span> <span class='ocrx_word' id='word_1_5' title='bbox 2171 374 2409 434; x_wconf 76' lang='lat' dir='ltr'><strong>CCXLI.</strong></span> 
     </span>
    </p>
   </div>
   <div class='ocr_carea' id='block_1_3' title="bbox 3328 382 3464 447">
    <p class='ocr_par' dir='ltr' id='par_1_3' title="bbox 3328 382 3464 447">
     <span class='ocr_line' id='line_1_3' title="bbox 3328 382 3464 447; baseline 0.022 -3"><span class='ocrx_word' id='word_1_6' title='bbox 3328 382 3464 447; x_wconf 75' lang='lat'><strong>1226</strong></span> 
     </span>
    </p>
   </div>
   <div class='ocr_carea' id='block_1_4' title="bbox 199 479 1770 556">
    <p class='ocr_par' dir='ltr' id='par_1_4' title="bbox 199 479 1770 556">
     <span class='ocr_line' id='line_1_4' title="bbox 199 479 1770 556; baseline -0.012 -15"><span class='ocrx_word' id='word_1_7' title='bbox 199 484 480 556; x_wconf 81' lang='grc' dir='ltr'>διατρῖψαί</span> <span class='ocrx_word' id='word_1_8' title='bbox 506 501 697 553; x_wconf 82' lang='grc' dir='ltr'>φησιν·</span> <span class='ocrx_word' id='word_1_9' title='bbox 729 481 789 546; x_wconf 79' lang='grc' dir='ltr'>ἐξ</span> <span class='ocrx_word' id='word_1_10' title='bbox 812 480 1023 534; x_wconf 86' lang='grc' dir='ltr'>ἐκείνου</span> <span class='ocrx_word' id='word_1_11' title='bbox 1042 479 1096 533; x_wconf 77' lang='grc' dir='ltr'><strong>δέ</strong></span> <span class='ocrx_word' id='word_1_12' title='bbox 1130 480 1186 533; x_wconf 83' lang='grc' dir='ltr'><strong>ἐν</strong></span> <span class='ocrx_word' id='word_1_13' title='bbox 1212 479 1360 551; x_wconf 73' lang='grc' dir='ltr'>δεξιᾷ</span> <span class='ocrx_word' id='word_1_14' title='bbox 1388 482 1485 550; x_wconf 87' lang='grc' dir='ltr'><strong>μέν</strong></span> <span class='ocrx_word' id='word_1_15' title='bbox 1508 481 1600 533; x_wconf 83' lang='grc' dir='ltr'>τὸν</span> <span class='ocrx_word' id='word_1_16' title='bbox 1637 480 1770 547; x_wconf 76' lang='grc' dir='ltr'>Γάγ.</span> 
     </span>
    </p>
   </div>
   <div class='ocr_carea' id='block_1_5' title="bbox 1867 479 3458 556">
    <p class='ocr_par' dir='ltr' id='par_1_5' title="bbox 1887 481 3458 556">
     <span class='ocr_line' id='line_1_5' title="bbox 1887 481 3458 556; baseline 0.008 -20"><span class='ocrx_word' id='word_1_17' title='bbox 1887 482 1967 536; x_wconf 91' lang='lat' dir='ltr'><strong>sin</strong></span> <span class='ocrx_word' id='word_1_18' title='bbox 1986 481 2177 539; x_wconf 82' lang='lat' dir='ltr'><strong>ﬂuvios</strong></span> <span class='ocrx_word' id='word_1_19' title='bbox 2198 484 2404 541; x_wconf 82' lang='lat' dir='ltr'><strong>habens</strong></span> <span class='ocrx_word' id='word_1_20' title='bbox 2433 487 2498 539; x_wconf 85' lang='lat' dir='ltr'><strong>ad</strong></span> <span class='ocrx_word' id='word_1_21' title='bbox 2530 500 2675 541; x_wconf 87' lang='lat' dir='ltr'><strong>mare</strong></span> <span class='ocrx_word' id='word_1_22' title='bbox 2696 487 2998 556; x_wconf 88' lang='lat' dir='ltr'><strong>descendit,</strong></span> <span class='ocrx_word' id='word_1_23' title='bbox 3041 489 3238 547; x_wconf 77' lang='lat' dir='ltr'><strong>itinere</strong></span> <span class='ocrx_word' id='word_1_24' title='bbox 3268 492 3458 549; x_wconf 87' lang='lat' dir='ltr'><strong>decem</strong></span> 
     </span>
    </p>
   </div>
   <div class='ocr_carea' id='block_1_6' title="bbox 198 569 1783 645">
    <p class='ocr_par' dir='ltr' id='par_1_6' title="bbox 198 569 1783 645">
     <span class='ocr_line' id='line_1_6' title="bbox 198 569 1783 645; baseline -0.004 -17"><span class='ocrx_word' id='word_1_25' title='bbox 198 596 305 645; x_wconf 84' lang='grc' dir='ltr'>την</span> <span class='ocrx_word' id='word_1_26' title='bbox 344 578 559 645; x_wconf 76' lang='grc' dir='ltr'>ἔχοντα,</span> <span class='ocrx_word' id='word_1_27' title='bbox 587 577 645 626; x_wconf 83' lang='grc' dir='ltr'><strong>ἐν</strong></span> <span class='ocrx_word' id='word_1_28' title='bbox 673 573 941 643; x_wconf 83' lang='grc' dir='ltr'>ἀριστερᾷ</span> <span class='ocrx_word' id='word_1_29' title='bbox 967 571 1026 623; x_wconf 78' lang='grc' dir='ltr'>δὲ</span> <span class='ocrx_word' id='word_1_30' title='bbox 1054 570 1147 622; x_wconf 81' lang='grc' dir='ltr'>τὸν</span> <span class='ocrx_word' id='word_1_31' title='bbox 1177 570 1222 600; x_wconf 75' lang='grc' dir='ltr'>’ί</span> <span class='ocrx_word' id='word_1_32' title='bbox 1248 570 1489 638; x_wconf 73' lang='grc' dir='ltr'>’Υφασιν</span> <span class='ocrx_word' id='word_1_33' title='bbox 1533 569 1783 625; x_wconf 78' lang='grc' dir='ltr'><strong>κατιέναι</strong></span> 
     </span>
    </p>
   </div>
   <div class='ocr_carea' id='block_1_7' title="bbox 198 658 1783 733">
    <p class='ocr_par' dir='ltr' id='par_1_7' title="bbox 198 658 1783 733">
     <span class='ocr_line' id='line_1_7' title="bbox 198 658 1783 733; baseline -0.003 -17"><span class='ocrx_word' id='word_1_34' title='bbox 198 667 293 717; x_wconf 78' lang='grc' dir='ltr'>ἐπὶ</span> <span class='ocrx_word' id='word_1_35' title='bbox 328 666 427 733; x_wconf 83' lang='grc' dir='ltr'>τὴν</span> <span class='ocrx_word' id='word_1_36' title='bbox 455 664 729 716; x_wconf 78' lang='grc' dir='ltr'>θάλατταν</span> <span class='ocrx_word' id='word_1_37' title='bbox 774 661 1003 731; x_wconf 82' lang='grc' dir='ltr'>ήμερῶν</span> <span class='ocrx_word' id='word_1_38' title='bbox 1062 659 1195 713; x_wconf 91' lang='grc' dir='ltr'>δέκα</span> <span class='ocrx_word' id='word_1_39' title='bbox 1221 659 1339 712; x_wconf 78' lang='grc' dir='ltr'>όδδν</span> <span class='ocrx_word' id='word_1_40' title='bbox 1362 659 1472 713; x_wconf 79' lang='grc' dir='ltr'><strong>ἀπὸ</strong></span> <span class='ocrx_word' id='word_1_41' title='bbox 1494 658 1590 712; x_wconf 82' lang='grc' dir='ltr'><strong>τοῦ</strong></span> <span class='ocrx_word' id='word_1_42' title='bbox 1633 658 1783 729; x_wconf 73' lang='grc' dir='ltr'>ἱεροῦ</span> 
     </span>
    </p>
   </div>
   <div class='ocr_carea' id='block_1_8' title="bbox 195 749 1781 823">
    <p class='ocr_par' dir='ltr' id='par_1_8' title="bbox 195 749 1781 823">
     <span class='ocr_line' id='line_1_8' title="bbox 195 749 1781 823; baseline -0.003 -16"><span class='ocrx_word' id='word_1_43' title='bbox 195 756 381 823; x_wconf 73' lang='grc' dir='ltr'>ὄχθου.</span> <span class='ocrx_word' id='word_1_44' title='bbox 412 751 676 806; x_wconf 82' lang='grc' dir='ltr'>Κατιοῦσι</span> <span class='ocrx_word' id='word_1_45' title='bbox 703 751 756 804; x_wconf 77' lang='grc' dir='ltr'>δὲ</span> <span class='ocrx_word' id='word_1_46' title='bbox 786 751 971 814; x_wconf 77' lang='grc' dir='ltr'>αὐτοῖς</span> <span class='ocrx_word' id='word_1_47' title='bbox 1014 749 1184 804; x_wconf 79' lang='grc' dir='ltr'>πολλὰ</span> <span class='ocrx_word' id='word_1_48' title='bbox 1216 749 1315 819; x_wconf 73' lang='grc' dir='ltr'>μὲν</span> <span class='ocrx_word' id='word_1_49' title='bbox 1350 749 1444 802; x_wconf 74' lang='grc' dir='ltr'>καὶ</span> <span class='ocrx_word' id='word_1_50' title='bbox 1496 749 1634 803; x_wconf 75' lang='grc' dir='ltr'>ἄλλα</span> <span class='ocrx_word' id='word_1_51' title='bbox 1677 767 1781 819; x_wconf 77' lang='grc' dir='ltr'>φα-</span> 
     </span>
    </p>
   </div>
   <div class='ocr_carea' id='block_1_9' title="bbox 196 839 1784 910">
    <p class='ocr_par' dir='ltr' id='par_1_9' title="bbox 196 839 1784 910">
     <span class='ocr_line' id='line_1_9' title="bbox 196 839 1784 910; baseline -0.001 -17"><span class='ocrx_word' id='word_1_52' title='bbox 196 844 381 907; x_wconf 79' lang='grc' dir='ltr'>νῆναι,</span> <span class='ocrx_word' id='word_1_53' title='bbox 412 841 554 909; x_wconf 82' lang='grc' dir='ltr'>ἀτὰρ</span> <span class='ocrx_word' id='word_1_54' title='bbox 575 843 668 894; x_wconf 81' lang='grc' dir='ltr'>καὶ</span> <span class='ocrx_word' id='word_1_55' title='bbox 695 840 944 910; x_wconf 81' lang='grc' dir='ltr'><strong>πιθήκων</strong></span> <span class='ocrx_word' id='word_1_56' title='bbox 968 840 1124 907; x_wconf 89' lang='grc' dir='ltr'>γένος</span> <span class='ocrx_word' id='word_1_57' title='bbox 1156 839 1343 909; x_wconf 71' lang='grc' dir='ltr'>ἕτερον</span> <span class='ocrx_word' id='word_1_58' title='bbox 1373 839 1526 908; x_wconf 83' lang='grc' dir='ltr'>παρὰ</span> <span class='ocrx_word' id='word_1_59' title='bbox 1575 840 1699 902; x_wconf 79' lang='grc' dir='ltr'>τοὺς</span> <span class='ocrx_word' id='word_1_60' title='bbox 1726 842 1784 891; x_wconf 86' lang='grc' dir='ltr'><strong>ἐν</strong></span> 
     </span>
    </p>
   </div>
   <div class='ocr_carea' id='block_1_10' title="bbox 193 926 1783 1002">
    <p class='ocr_par' dir='ltr' id='par_1_10' title="bbox 193 926 1783 1002">
     <span class='ocr_line' id='line_1_10' title="bbox 193 926 1783 1002; baseline -0.002 -18"><span class='ocrx_word' id='word_1_61' title='bbox 193 935 322 993; x_wconf 81' lang='grc' dir='ltr'>ταῖς</span> <span class='ocrx_word' id='word_1_62' title='bbox 344 932 627 1002; x_wconf 63' lang='grc' dir='ltr'>πεπρεσν</span> <span class='ocrx_word' id='word_1_63' title='bbox 662 930 889 1000; x_wconf 83' lang='grc' dir='ltr'>μέλανές</span> <span class='ocrx_word' id='word_1_64' title='bbox 953 946 1011 980; x_wconf 90' lang='grc' dir='ltr'><strong>τε</strong></span> <span class='ocrx_word' id='word_1_65' title='bbox 1042 930 1150 999; x_wconf 78' lang='grc' dir='ltr'><strong>γὰρ</strong></span> <span class='ocrx_word' id='word_1_66' title='bbox 1182 930 1274 982; x_wconf 77' lang='grc' dir='ltr'>καὶ</span> <span class='ocrx_word' id='word_1_67' title='bbox 1309 929 1485 983; x_wconf 82' lang='grc' dir='ltr'><strong>λάσιοι</strong></span> <span class='ocrx_word' id='word_1_68' title='bbox 1515 926 1657 998; x_wconf 80' lang='grc' dir='ltr'>ἦσαν</span> <span class='ocrx_word' id='word_1_69' title='bbox 1687 930 1783 983; x_wconf 74' lang='grc' dir='ltr'>καὶ</span> 
     </span>
    </p>
   </div>
   <div class='ocr_carea' id='block_1_11' title="bbox 194 1008 1784 1090">
    <p class='ocr_par' dir='ltr' id='par_1_11' title="bbox 194 1008 1784 1090">
     <span class='ocr_line' id='line_1_11' title="bbox 194 1008 1784 1090; baseline 0.001 -17"><span class='ocrx_word' id='word_1_70' title='bbox 194 1022 265 1073; x_wconf 83' lang='grc' dir='ltr'>τὰ</span> <span class='ocrx_word' id='word_1_71' title='bbox 289 1022 407 1089; x_wconf 69' lang='grc' dir='ltr'>εἴδη</span> <span class='ocrx_word' id='word_1_72' title='bbox 423 1008 627 1074; x_wconf 87' lang='grc' dir='ltr'>κύνειοι</span> <span class='ocrx_word' id='word_1_73' title='bbox 650 1022 743 1073; x_wconf 80' lang='grc' dir='ltr'>καὶ</span> <span class='ocrx_word' id='word_1_74' title='bbox 766 1021 982 1090; x_wconf 75' lang='grc' dir='ltr'><strong>μικροῖς</strong></span> <span class='ocrx_word' id='word_1_75' title='bbox 1004 1019 1311 1089; x_wconf 80' lang='grc' dir='ltr'>ἀνθρώποις</span> <span class='ocrx_word' id='word_1_76' title='bbox 1337 1021 1466 1072; x_wconf 83' lang='grc' dir='ltr'>ίσοι.</span> <span class='ocrx_word' id='word_1_77' title='bbox 1496 1020 1784 1087; x_wconf 81' lang='grc' dir='ltr'>Ἀφίκοντο</span> 
     </span>
    </p>
   </div>
   <div class='ocr_carea' id='block_1_12' title="bbox 193 1104 1782 1182">
    <p class='ocr_par' dir='ltr' id='par_1_12' title="bbox 193 1104 1782 1182">
     <span class='ocr_line' id='line_1_12' title="bbox 193 1104 1782 1182; baseline -0.001 -17"><span class='ocrx_word' id='word_1_78' title='bbox 193 1113 250 1165; x_wconf 66' lang='grc' dir='ltr'>δὲ</span> <span class='ocrx_word' id='word_1_79' title='bbox 280 1113 381 1165; x_wconf 74' lang='grc' dir='ltr'>ἐπὶ</span> <span class='ocrx_word' id='word_1_80' title='bbox 404 1110 498 1182; x_wconf 78' lang='grc' dir='ltr'><strong>τήν</strong></span> <span class='ocrx_word' id='word_1_81' title='bbox 521 1110 791 1164; x_wconf 78' lang='grc' dir='ltr'>θάλατταν</span> <span class='ocrx_word' id='word_1_82' title='bbox 814 1110 860 1142; x_wconf 73' lang='grc'><strong>’³</strong></span> <span class='ocrx_word' id='word_1_83' title='bbox 886 1110 983 1181; x_wconf 77' lang='grc' dir='ltr'><strong>τὴν</strong></span> <span class='ocrx_word' id='word_1_84' title='bbox 1000 1108 1266 1179; x_wconf 78' lang='grc' dir='ltr'>Ἐρυθρὰν</span> <span class='ocrx_word' id='word_1_85' title='bbox 1286 1126 1299 1139; x_wconf 85' lang='grc'>·</span> <span class='ocrx_word' id='word_1_86' title='bbox 1339 1109 1543 1179; x_wconf 86' lang='grc' dir='ltr'>ταύτην</span> <span class='ocrx_word' id='word_1_87' title='bbox 1567 1110 1614 1162; x_wconf 82' lang='grc' dir='ltr'>δ’</span> <span class='ocrx_word' id='word_1_88' title='bbox 1643 1104 1782 1163; x_wconf 76' lang='grc' dir='ltr'>εἷναί</span> 
     </span>
    </p>
   </div>
   <div class='ocr_carea' id='block_1_13' title="bbox 195 1195 1782 1272">
    <p class='ocr_par' dir='ltr' id='par_1_13' title="bbox 195 1195 1782 1272">
     <span class='ocr_line' id='line_1_13' title="bbox 195 1195 1782 1272; baseline -0.003 -18"><span class='ocrx_word' id='word_1_89' title='bbox 195 1220 369 1272; x_wconf 79' lang='grc' dir='ltr'>φησιν</span> <span class='ocrx_word' id='word_1_90' title='bbox 403 1201 447 1233; x_wconf 85' lang='grc'><strong>⁷⁸</strong></span> <span class='ocrx_word' id='word_1_91' title='bbox 478 1195 632 1264; x_wconf 71' lang='grc' dir='ltr'>οὗτος</span> <span class='ocrx_word' id='word_1_92' title='bbox 657 1200 1035 1270; x_wconf 78' lang='grc' dir='ltr'>κυανωτὰτην,</span> <span class='ocrx_word' id='word_1_93' title='bbox 1059 1199 1245 1268; x_wconf 77' lang='grc' dir='ltr'>λαχεῖν</span> <span class='ocrx_word' id='word_1_94' title='bbox 1268 1198 1324 1251; x_wconf 73' lang='grc' dir='ltr'>δὲ</span> <span class='ocrx_word' id='word_1_95' title='bbox 1344 1200 1443 1270; x_wconf 79' lang='grc' dir='ltr'>τὴν</span> <span class='ocrx_word' id='word_1_96' title='bbox 1467 1199 1782 1268; x_wconf 79' lang='grc' dir='ltr'>ἐπωνυμίαν</span> 
     </span>
    </p>
   </div>
   <div class='ocr_carea' id='block_1_14' title="bbox 194 1289 878 1361">
    <p class='ocr_par' dir='ltr' id='par_1_14' title="bbox 194 1289 878 1361">
     <span class='ocr_line' id='line_1_14' title="bbox 194 1289 878 1361; baseline -0.004 -15"><span class='ocrx_word' id='word_1_97' title='bbox 194 1292 309 1346; x_wconf 79' lang='grc' dir='ltr'><strong>ἀπὸ</strong></span> <span class='ocrx_word' id='word_1_98' title='bbox 332 1291 567 1361; x_wconf 84' lang='grc' dir='ltr'>Ἐρύθρα</span> <span class='ocrx_word' id='word_1_99' title='bbox 593 1289 878 1360; x_wconf 78' lang='grc' dir='ltr'>βασιλέως.</span> 
     </span>
    </p>
   </div>
   <div class='ocr_carea' id='block_1_15' title="bbox 265 1377 1781 1446">
    <p class='ocr_par' dir='ltr' id='par_1_15' title="bbox 265 1377 1781 1446">
     <span class='ocr_line' id='line_1_15' title="bbox 265 1377 1781 1446; baseline -0.005 -10"><span class='ocrx_word' id='word_1_100' title='bbox 265 1382 554 1437; x_wconf 72' lang='grc' dir='ltr'>Ἐντεῦθεν</span> <span class='ocrx_word' id='word_1_101' title='bbox 581 1383 629 1413; x_wconf 73' lang='grc' dir='ltr'><strong>’δ</strong></span> <span class='ocrx_word' id='word_1_102' title='bbox 662 1380 949 1441; x_wconf 73' lang='grc' dir='ltr'>ἐπιϐάντες</span> <span class='ocrx_word' id='word_1_103' title='bbox 992 1378 1128 1441; x_wconf 84' lang='grc' dir='ltr'>νεὼς</span> <span class='ocrx_word' id='word_1_104' title='bbox 1166 1378 1486 1446; x_wconf 75' lang='grc' dir='ltr'><strong>ἐκομίζοντο</strong></span> <span class='ocrx_word' id='word_1_105' title='bbox 1532 1377 1661 1445; x_wconf 85' lang='grc' dir='ltr'>λείῳ</span> <span class='ocrx_word' id='word_1_106' title='bbox 1687 1377 1781 1430; x_wconf 78' lang='grc' dir='ltr'>καὶ</span> 
     </span>
    </p>
   </div>
   <div class='ocr_carea' id='block_1_16' title="bbox 194 1467 1778 1544">
    <p class='ocr_par' dir='ltr' id='par_1_16' title="bbox 194 1467 1778 1544">
     <span class='ocr_line' id='line_1_16' title="bbox 194 1467 1778 1544; baseline -0.006 -16"><span class='ocrx_word' id='word_1_107' title='bbox 194 1476 420 1544; x_wconf 83' lang='grc' dir='ltr'>εύφόρῳ</span> <span class='ocrx_word' id='word_1_108' title='bbox 449 1474 745 1542; x_wconf 88' lang='grc' dir='ltr'>πνεύματι,</span> <span class='ocrx_word' id='word_1_109' title='bbox 774 1468 1150 1539; x_wconf 70' lang='grc' dir='ltr'>θαυμάζοντες</span> <span class='ocrx_word' id='word_1_110' title='bbox 1178 1468 1239 1520; x_wconf 83' lang='grc' dir='ltr'>τὸ</span> <span class='ocrx_word' id='word_1_111' title='bbox 1267 1468 1442 1537; x_wconf 81' lang='grc' dir='ltr'><strong>στόμα</strong></span> <span class='ocrx_word' id='word_1_112' title='bbox 1466 1467 1561 1519; x_wconf 80' lang='grc' dir='ltr'>τοῦ</span> <span class='ocrx_word' id='word_1_113' title='bbox 1610 1467 1778 1532; x_wconf 83' lang='grc' dir='ltr'><strong>Ὑφά-</strong></span> 
     </span>
    </p>
   </div>
   <div class='ocr_carea' id='block_1_17' title="bbox 196 1556 1779 1635">
    <p class='ocr_par' dir='ltr' id='par_1_17' title="bbox 196 1556 1779 1635">
     <span class='ocr_line' id='line_1_17' title="bbox 196 1556 1779 1635; baseline -0.008 -15"><span class='ocrx_word' id='word_1_114' title='bbox 196 1568 369 1630; x_wconf 84' lang='grc' dir='ltr'>σιδος,</span> <span class='ocrx_word' id='word_1_115' title='bbox 405 1566 479 1628; x_wconf 87' lang='grc' dir='ltr'>ὡς</span> <span class='ocrx_word' id='word_1_116' title='bbox 507 1564 754 1635; x_wconf 78' lang='grc' dir='ltr'>φοϐερῶς</span> <span class='ocrx_word' id='word_1_117' title='bbox 776 1564 842 1616; x_wconf 80' lang='grc' dir='ltr'>δι’</span> <span class='ocrx_word' id='word_1_118' title='bbox 873 1562 1036 1616; x_wconf 81' lang='grc' dir='ltr'>αὑτοῦ</span> <span class='ocrx_word' id='word_1_119' title='bbox 1068 1563 1343 1631; x_wconf 79' lang='grc' dir='ltr'>ἐκχεῖται·</span> <span class='ocrx_word' id='word_1_120' title='bbox 1378 1557 1645 1611; x_wconf 73' lang='grc' dir='ltr'><strong>τελευτῶν</strong></span> <span class='ocrx_word' id='word_1_121' title='bbox 1670 1556 1779 1623; x_wconf 82' lang='grc' dir='ltr'>γὰρ</span> 
     </span>
    </p>
   </div>
   <div class='ocr_carea' id='block_1_18' title="bbox 194 1646 1775 1727">
    <p class='ocr_par' dir='ltr' id='par_1_18' title="bbox 194 1646 1775 1727">
     <span class='ocr_line' id='line_1_18' title="bbox 194 1646 1775 1727; baseline -0.008 -18"><span class='ocrx_word' id='word_1_122' title='bbox 194 1660 275 1720; x_wconf 86' lang='grc' dir='ltr'><strong>είς</strong></span> <span class='ocrx_word' id='word_1_123' title='bbox 306 1657 484 1727; x_wconf 83' lang='grc' dir='ltr'><strong>χωρία</strong></span> <span class='ocrx_word' id='word_1_124' title='bbox 507 1654 755 1725; x_wconf 85' lang='grc' dir='ltr'><strong>πετρώδη</strong></span> <span class='ocrx_word' id='word_1_125' title='bbox 777 1655 870 1710; x_wconf 78' lang='grc' dir='ltr'>καὶ</span> <span class='ocrx_word' id='word_1_126' title='bbox 894 1655 1053 1705; x_wconf 76' lang='grc' dir='ltr'>στενὰ</span> <span class='ocrx_word' id='word_1_127' title='bbox 1076 1653 1171 1706; x_wconf 75' lang='grc' dir='ltr'>καὶ</span> <span class='ocrx_word' id='word_1_128' title='bbox 1192 1649 1473 1721; x_wconf 82' lang='grc' dir='ltr'>κρημνοὺς</span> <span class='ocrx_word' id='word_1_129' title='bbox 1497 1646 1775 1709; x_wconf 86' lang='grc' dir='ltr'>ἐκπίπτει,</span> 
     </span>
    </p>
   </div>
   <div class='ocr_carea' id='block_1_19' title="bbox 192 1736 1775 1815">
    <p class='ocr_par' dir='ltr' id='par_1_19' title="bbox 192 1736 1775 1815">
     <span class='ocr_line' id='line_1_19' title="bbox 192 1736 1775 1815; baseline -0.009 -14"><span class='ocrx_word' id='word_1_130' title='bbox 192 1748 265 1801; x_wconf 79' lang='grc' dir='ltr'><strong>δι’</strong></span> <span class='ocrx_word' id='word_1_131' title='bbox 300 1743 378 1802; x_wconf 82' lang='grc' dir='ltr'>ὧν</span> <span class='ocrx_word' id='word_1_132' title='bbox 412 1746 798 1815; x_wconf 71' lang='grc' dir='ltr'>καταρρηγνὺς</span> <span class='ocrx_word' id='word_1_133' title='bbox 852 1745 909 1807; x_wconf 83' lang='grc' dir='ltr'><strong>ἐς</strong></span> <span class='ocrx_word' id='word_1_134' title='bbox 956 1743 1055 1813; x_wconf 87' lang='grc' dir='ltr'>τὴν</span> <span class='ocrx_word' id='word_1_135' title='bbox 1086 1741 1360 1794; x_wconf 81' lang='grc' dir='ltr'>θάλατταν</span> <span class='ocrx_word' id='word_1_136' title='bbox 1414 1738 1497 1792; x_wconf 76' lang='grc' dir='ltr'>ἐνὶ</span> <span class='ocrx_word' id='word_1_137' title='bbox 1545 1736 1775 1805; x_wconf 86' lang='grc' dir='ltr'>στόματι</span> 
     </span>
    </p>
   </div>
   <div class='ocr_carea' id='block_1_20' title="bbox 1888 570 3461 639">
    <p class='ocr_par' dir='ltr' id='par_1_20' title="bbox 1888 570 3461 639">
     <span class='ocr_line' id='line_1_20' title="bbox 1888 570 3461 639; baseline 0.012 -20"><span class='ocrx_word' id='word_1_138' title='bbox 1888 570 2092 622; x_wconf 84' lang='lat' dir='ltr'><strong>dierum</strong></span> <span class='ocrx_word' id='word_1_139' title='bbox 2122 586 2149 623; x_wconf 89' lang='lat' dir='ltr'><strong>a</strong></span> <span class='ocrx_word' id='word_1_140' title='bbox 2177 586 2336 627; x_wconf 91' lang='lat' dir='ltr'><strong>sacro</strong></span> <span class='ocrx_word' id='word_1_141' title='bbox 2366 584 2546 629; x_wconf 87' lang='lat' dir='ltr'><strong>monte</strong></span> <span class='ocrx_word' id='word_1_142' title='bbox 2567 574 2834 639; x_wconf 78' lang='lat' dir='ltr'><strong>coniecto,</strong></span> <span class='ocrx_word' id='word_1_143' title='bbox 2860 578 3253 635; x_wconf 76' lang='lat' dir='ltr'><strong>descendentes</strong></span> <span class='ocrx_word' id='word_1_144' title='bbox 3281 593 3461 638; x_wconf 88' lang='lat' dir='ltr'><strong>autem</strong></span> 
     </span>
    </p>
   </div>
   <div class='ocr_carea' id='block_1_21' title="bbox 1888 660 3464 742">
    <p class='ocr_par' dir='ltr' id='par_1_21' title="bbox 1888 660 3464 742">
     <span class='ocr_line' id='line_1_21' title="bbox 1888 660 3464 742; baseline 0.011 -31"><span class='ocrx_word' id='word_1_145' title='bbox 1888 660 2052 713; x_wconf 86' lang='lat' dir='ltr'><strong>multa</strong></span> <span class='ocrx_word' id='word_1_146' title='bbox 2092 661 2195 714; x_wconf 88' lang='lat' dir='ltr'><strong>alia</strong></span> <span class='ocrx_word' id='word_1_147' title='bbox 2237 664 2491 717; x_wconf 88' lang='lat' dir='ltr'><strong>viderunt</strong></span> <span class='ocrx_word' id='word_1_148' title='bbox 2523 683 2536 719; x_wconf 88' lang='lat'>:</span> <span class='ocrx_word' id='word_1_149' title='bbox 2568 666 2845 721; x_wconf 88' lang='lat' dir='ltr'><strong>simiarum</strong></span> <span class='ocrx_word' id='word_1_150' title='bbox 2884 685 3054 740; x_wconf 89' lang='lat' dir='ltr'><strong>genus</strong></span> <span class='ocrx_word' id='word_1_151' title='bbox 3094 671 3256 742; x_wconf 88' lang='lat' dir='ltr'><strong>longe</strong></span> <span class='ocrx_word' id='word_1_152' title='bbox 3288 675 3464 727; x_wconf 69' lang='lat' dir='ltr'><strong>diwrr-</strong></span> 
     </span>
    </p>
   </div>
   <div class='ocr_carea' id='block_1_22' title="bbox 1886 747 3443 823">
    <p class='ocr_par' dir='ltr' id='par_1_22' title="bbox 1886 747 3443 823">
     <span class='ocr_line' id='line_1_22' title="bbox 1886 747 3443 823; baseline 0.006 -22"><span class='ocrx_word' id='word_1_153' title='bbox 1886 762 2002 801; x_wconf 82' lang='lat' dir='ltr'><strong>sum</strong></span> <span class='ocrx_word' id='word_1_154' title='bbox 2036 747 2107 801; x_wconf 92' lang='lat' dir='ltr'><strong>ab</strong></span> <span class='ocrx_word' id='word_1_155' title='bbox 2142 749 2227 811; x_wconf 90' lang='lat' dir='ltr'><strong>iis,</strong></span> <span class='ocrx_word' id='word_1_156' title='bbox 2269 765 2407 819; x_wconf 88' lang='lat' dir='ltr'><strong>quas</strong></span> <span class='ocrx_word' id='word_1_157' title='bbox 2445 753 2586 821; x_wconf 81' lang='lat' dir='ltr'><strong>apud</strong></span> <span class='ocrx_word' id='word_1_158' title='bbox 2622 755 2823 823; x_wconf 81' lang='lat' dir='ltr'><strong>piperis</strong></span> <span class='ocrx_word' id='word_1_159' title='bbox 2858 757 3083 812; x_wconf 77' lang='lat' dir='ltr'><strong>arbores</strong></span> <span class='ocrx_word' id='word_1_160' title='bbox 3116 759 3443 818; x_wconf 71' lang='lat' dir='ltr'><strong>invenerant</strong></span> 
     </span>
    </p>
   </div>
   <div class='ocr_carea' id='block_1_23' title="bbox 1890 835 3467 911">
    <p class='ocr_par' dir='ltr' id='par_1_23' title="bbox 1890 835 3467 911">
     <span class='ocr_line' id='line_1_23' title="bbox 1890 835 3467 911; baseline 0.006 -22"><span class='ocrx_word' id='word_1_161' title='bbox 1890 835 2029 892; x_wconf 92' lang='lat' dir='ltr'><strong>Sunt</strong></span> <span class='ocrx_word' id='word_1_162' title='bbox 2052 837 2201 892; x_wconf 89' lang='lat' dir='ltr'><strong>enim</strong></span> <span class='ocrx_word' id='word_1_163' title='bbox 2233 840 2315 892; x_wconf 63' lang='lat' dir='ltr'><strong>lite</strong></span> <span class='ocrx_word' id='word_1_164' title='bbox 2336 840 2522 909; x_wconf 66' lang='lat' dir='ltr'><strong>nigras,</strong></span> <span class='ocrx_word' id='word_1_165' title='bbox 2546 842 2854 911; x_wconf 62' lang='lat' dir='ltr'><strong>villosaque</strong></span> <span class='ocrx_word' id='word_1_166' title='bbox 2876 853 2927 897; x_wconf 87' lang='lat' dir='ltr'><strong>et</strong></span> <span class='ocrx_word' id='word_1_167' title='bbox 2952 846 3134 910; x_wconf 82' lang='lat' dir='ltr'><strong>parvis</strong></span> <span class='ocrx_word' id='word_1_168' title='bbox 3154 847 3467 899; x_wconf 71' lang='lat' dir='ltr'><strong>hominibus</strong></span> 
     </span>
    </p>
   </div>
   <div class='ocr_carea' id='block_1_24' title="bbox 1883 925 3463 990">
    <p class='ocr_par' dir='ltr' id='par_1_24' title="bbox 1883 925 3463 990">
     <span class='ocr_line' id='line_1_24' title="bbox 1883 925 3463 990; baseline 0.006 -12"><span class='ocrx_word' id='word_1_169' title='bbox 1883 926 2108 981; x_wconf 88' lang='lat' dir='ltr'><strong>similes.</strong></span> <span class='ocrx_word' id='word_1_170' title='bbox 2136 925 2505 983; x_wconf 76' lang='lat' dir='ltr'><strong>Perveneram</strong></span> <span class='ocrx_word' id='word_1_171' title='bbox 2527 944 2655 984; x_wconf 91' lang='lat' dir='ltr'><strong>vero</strong></span> <span class='ocrx_word' id='word_1_172' title='bbox 2673 935 2739 984; x_wconf 90' lang='lat' dir='ltr'><strong>ad</strong></span> <span class='ocrx_word' id='word_1_173' title='bbox 2758 947 2905 986; x_wconf 90' lang='lat' dir='ltr'><strong>mare</strong></span> <span class='ocrx_word' id='word_1_174' title='bbox 2932 933 3198 987; x_wconf 84' lang='lat' dir='ltr'><strong>Rubrum.</strong></span> <span class='ocrx_word' id='word_1_175' title='bbox 3219 934 3463 990; x_wconf 79' lang='lat' dir='ltr'><strong>Rubrum</strong></span> 
     </span>
    </p>
   </div>
   <div class='ocr_carea' id='block_1_25' title="bbox 1887 1017 3461 1088">
    <p class='ocr_par' dir='ltr' id='par_1_25' title="bbox 1887 1017 3461 1088">
     <span class='ocr_line' id='line_1_25' title="bbox 1887 1017 3461 1088; baseline 0.006 -23"><span class='ocrx_word' id='word_1_176' title='bbox 1887 1024 2071 1069; x_wconf 87' lang='lat' dir='ltr'><strong>autem</strong></span> <span class='ocrx_word' id='word_1_177' title='bbox 2115 1031 2265 1069; x_wconf 84' lang='lat' dir='ltr'><strong>mare</strong></span> <span class='ocrx_word' id='word_1_178' title='bbox 2324 1017 2673 1072; x_wconf 88' lang='lat' dir='ltr'><strong>vehementer</strong></span> <span class='ocrx_word' id='word_1_179' title='bbox 2725 1021 3015 1075; x_wconf 61' lang='lat' dir='ltr'><strong>caeruleum</strong></span> <span class='ocrx_word' id='word_1_180' title='bbox 3057 1036 3181 1078; x_wconf 86' lang='lat' dir='ltr'><strong>esse</strong></span> <span class='ocrx_word' id='word_1_181' title='bbox 3222 1025 3461 1088; x_wconf 83' lang='lat' dir='ltr'><strong>tradunt,</strong></span> 
     </span>
    </p>
   </div>
   <div class='ocr_carea' id='block_1_26' title="bbox 1882 1102 3283 1184">
    <p class='ocr_par' dir='ltr' id='par_1_26' title="bbox 1882 1102 3283 1184">
     <span class='ocr_line' id='line_1_26' title="bbox 1882 1102 3283 1184; baseline 0.01 -28"><span class='ocrx_word' id='word_1_182' title='bbox 1882 1102 2287 1159; x_wconf 89' lang='lat' dir='ltr'><strong>denominatum</strong></span> <span class='ocrx_word' id='word_1_183' title='bbox 2316 1118 2495 1161; x_wconf 88' lang='lat' dir='ltr'><strong>autem</strong></span> <span class='ocrx_word' id='word_1_184' title='bbox 2524 1107 2764 1163; x_wconf 82' lang='lat' dir='ltr'><strong>Rubrum</strong></span> <span class='ocrx_word' id='word_1_185' title='bbox 2796 1124 2825 1163; x_wconf 84' lang='grc' dir='ltr'><strong>ιι</strong></span> <span class='ocrx_word' id='word_1_186' title='bbox 2865 1126 2991 1181; x_wconf 86' lang='lat' dir='ltr'><strong>rege</strong></span> <span class='ocrx_word' id='word_1_187' title='bbox 3024 1113 3283 1184; x_wconf 82' lang='lat' dir='ltr'><strong>Erythra.</strong></span> 
     </span>
    </p>
   </div>
   <div class='ocr_carea' id='block_1_27' title="bbox 1953 1358 3459 1436">
    <p class='ocr_par' dir='ltr' id='par_1_27' title="bbox 1953 1358 3459 1436">
     <span class='ocr_line' id='line_1_27' title="bbox 1953 1358 3459 1436; baseline 0.012 -27"><span class='ocrx_word' id='word_1_188' title='bbox 1953 1358 2147 1428; x_wconf 75' lang='lat' dir='ltr'><strong>327b</strong></span> <span class='ocrx_word' id='word_1_189' title='bbox 2165 1359 2293 1415; x_wconf 87' lang='lat' dir='ltr'><strong>Post</strong></span> <span class='ocrx_word' id='word_1_190' title='bbox 2316 1362 2433 1417; x_wconf 70' lang='lat' dir='ltr'><strong>haec</strong></span> <span class='ocrx_word' id='word_1_191' title='bbox 2460 1372 2640 1417; x_wconf 91' lang='lat' dir='ltr'><strong>autem</strong></span> <span class='ocrx_word' id='word_1_192' title='bbox 2668 1380 2857 1421; x_wconf 89' lang='lat' dir='ltr'><strong>navem</strong></span> <span class='ocrx_word' id='word_1_193' title='bbox 2878 1372 3332 1436; x_wconf 74' lang='lat' dir='ltr'><strong>conscendentes,</strong></span> <span class='ocrx_word' id='word_1_194' title='bbox 3353 1373 3459 1427; x_wconf 90' lang='lat' dir='ltr'><strong>leni</strong></span> 
     </span>
    </p>
   </div>
   <div class='ocr_carea' id='block_1_28' title="bbox 1882 1449 3456 1531">
    <p class='ocr_par' dir='ltr' id='par_1_28' title="bbox 1882 1449 3456 1531">
     <span class='ocr_line' id='line_1_28' title="bbox 1882 1449 3456 1531; baseline 0.01 -31"><span class='ocrx_word' id='word_1_195' title='bbox 1882 1460 2042 1503; x_wconf 88' lang='lat' dir='ltr'><strong>vento</strong></span> <span class='ocrx_word' id='word_1_196' title='bbox 2069 1449 2477 1517; x_wconf 74' lang='lat' dir='ltr'><strong>deferebantur,</strong></span> <span class='ocrx_word' id='word_1_197' title='bbox 2504 1454 2847 1513; x_wconf 83' lang='lat' dir='ltr'><strong>admirantes</strong></span> <span class='ocrx_word' id='word_1_198' title='bbox 2870 1458 3193 1531; x_wconf 84' lang='lat' dir='ltr'><strong>Hyphasidis</strong></span> <span class='ocrx_word' id='word_1_199' title='bbox 3218 1465 3416 1518; x_wconf 89' lang='lat' dir='ltr'><strong>ostium</strong></span> <span class='ocrx_word' id='word_1_200' title='bbox 3440 1506 3456 1529; x_wconf 85' lang='lat'><strong>,</strong></span> 
     </span>
    </p>
   </div>
   <div class='ocr_carea' id='block_1_29' title="bbox 1880 1540 3453 1616">
    <p class='ocr_par' dir='ltr' id='par_1_29' title="bbox 1880 1540 3453 1616">
     <span class='ocr_line' id='line_1_29' title="bbox 1880 1540 3453 1616; baseline 0.01 -24"><span class='ocrx_word' id='word_1_201' title='bbox 1880 1540 1970 1609; x_wconf 89' lang='lat' dir='ltr'><strong>qui</strong></span> <span class='ocrx_word' id='word_1_202' title='bbox 2002 1554 2246 1610; x_wconf 66' lang='lat' dir='ltr'><strong>praeceps</strong></span> <span class='ocrx_word' id='word_1_203' title='bbox 2275 1545 2643 1616; x_wconf 78' lang='lat' dir='ltr'><strong>terribilisque</strong></span> <span class='ocrx_word' id='word_1_204' title='bbox 2679 1549 2992 1606; x_wconf 76' lang='lat' dir='ltr'><strong>eﬂ‘unditur.</strong></span> <span class='ocrx_word' id='word_1_205' title='bbox 3024 1552 3276 1607; x_wconf 87' lang='lat' dir='ltr'><strong>Decurrit</strong></span> <span class='ocrx_word' id='word_1_206' title='bbox 3310 1556 3453 1608; x_wconf 93' lang='lat' dir='ltr'><strong>enim</strong></span> 
     </span>
    </p>
   </div>
   <div class='ocr_carea' id='block_1_30' title="bbox 1880 1629 3459 1715">
    <p class='ocr_par' dir='ltr' id='par_1_30' title="bbox 1880 1629 3459 1715">
     <span class='ocr_line' id='line_1_30' title="bbox 1880 1629 3459 1715; baseline 0.011 -33"><span class='ocrx_word' id='word_1_207' title='bbox 1880 1629 2063 1698; x_wconf 86' lang='lat' dir='ltr'><strong>peloca</strong></span> <span class='ocrx_word' id='word_1_208' title='bbox 2085 1641 2322 1699; x_wconf 89' lang='lat' dir='ltr'><strong>petrosa,</strong></span> <span class='ocrx_word' id='word_1_209' title='bbox 2356 1646 2609 1704; x_wconf 87' lang='lat' dir='ltr'><strong>angusta,</strong></span> <span class='ocrx_word' id='word_1_210' title='bbox 2643 1650 2805 1708; x_wconf 87' lang='lat' dir='ltr'><strong>atque</strong></span> <span class='ocrx_word' id='word_1_211' title='bbox 2832 1653 3120 1711; x_wconf 64' lang='lat' dir='ltr'><strong>prterupla,</strong></span> <span class='ocrx_word' id='word_1_212' title='bbox 3144 1646 3344 1715; x_wconf 88' lang='lat' dir='ltr'><strong>ubique</strong></span> <span class='ocrx_word' id='word_1_213' title='bbox 3376 1663 3459 1699; x_wconf 77' lang='lat' dir='ltr'><strong>re-</strong></span> 
     </span>
    </p>
   </div>
   <div class='ocr_carea' id='block_1_31' title="bbox 1878 1718 3460 1803">
    <p class='ocr_par' dir='ltr' id='par_1_31' title="bbox 1878 1718 3460 1803">
     <span class='ocr_line' id='line_1_31' title="bbox 1878 1718 3460 1803; baseline 0.012 -30"><span class='ocrx_word' id='word_1_214' title='bbox 1878 1718 2087 1775; x_wconf 81' lang='lat' dir='ltr'><strong>fractus</strong></span> <span class='ocrx_word' id='word_1_215' title='bbox 2115 1738 2225 1778; x_wconf 95' lang='lat' dir='ltr'><strong>uno</strong></span> <span class='ocrx_word' id='word_1_216' title='bbox 2252 1724 2397 1779; x_wconf 90' lang='lat' dir='ltr'><strong>ostio</strong></span> <span class='ocrx_word' id='word_1_217' title='bbox 2424 1742 2576 1783; x_wconf 87' lang='lat' dir='ltr'><strong>mare</strong></span> <span class='ocrx_word' id='word_1_218' title='bbox 2610 1728 2916 1797; x_wconf 70' lang='lat' dir='ltr'><strong>ingreditur</strong></span> <span class='ocrx_word' id='word_1_219' title='bbox 2940 1736 3251 1803; x_wconf 76' lang='lat' dir='ltr'><strong>pernicioso</strong></span> <span class='ocrx_word' id='word_1_220' title='bbox 3282 1737 3460 1792; x_wconf 87' lang='lat' dir='ltr'><strong>admo-</strong></span> 
     </span>
    </p>
   </div>
   <div class='ocr_carea' id='block_1_32' title="bbox 193 1813 1770 1910">
    <p class='ocr_par' dir='ltr' id='par_1_32' title="bbox 193 1813 1770 1910">
     <span class='ocr_line' id='line_1_32' title="bbox 193 1813 1770 1910; baseline -0.01 -18"><span class='ocrx_word' id='word_1_221' title='bbox 193 1839 437 1910; x_wconf 80' lang='grc' dir='ltr'>χαλεπὸς</span> <span class='ocrx_word' id='word_1_222' title='bbox 460 1813 608 1889; x_wconf 65' lang='grc' dir='ltr'>δοκεΐ</span> <span class='ocrx_word' id='word_1_223' title='bbox 638 1837 749 1897; x_wconf 78' lang='grc' dir='ltr'>τοῖς</span> <span class='ocrx_word' id='word_1_224' title='bbox 789 1834 928 1901; x_wconf 74' lang='grc' dir='ltr'>ἄγαν</span> <span class='ocrx_word' id='word_1_225' title='bbox 976 1835 1041 1902; x_wconf 77' lang='grc' dir='ltr'>τῇ</span> <span class='ocrx_word' id='word_1_226' title='bbox 1094 1834 1163 1901; x_wconf 81' lang='grc' dir='ltr'>γῇ</span> <span class='ocrx_word' id='word_1_227' title='bbox 1199 1828 1635 1901; x_wconf 80' lang='grc' dir='ltr'><strong>προσκειμένοις.</strong></span> <span class='ocrx_word' id='word_1_228' title='bbox 1669 1825 1770 1879; x_wconf 74' lang='grc' dir='ltr'><strong>Καὶ</strong></span> 
     </span>
    </p>
   </div>
   <div class='ocr_carea' id='block_1_33' title="bbox 1867 1813 3459 1910">
    <p class='ocr_par' dir='ltr' id='par_1_33' title="bbox 1880 1813 3459 1887">
     <span class='ocr_line' id='line_1_33' title="bbox 1880 1813 3459 1887; baseline 0.013 -21"><span class='ocrx_word' id='word_1_229' title='bbox 1880 1813 2006 1867; x_wconf 90' lang='lat' dir='ltr'><strong>dum</strong></span> <span class='ocrx_word' id='word_1_230' title='bbox 2035 1814 2124 1877; x_wconf 87' lang='lat' dir='ltr'><strong>iis,</strong></span> <span class='ocrx_word' id='word_1_231' title='bbox 2153 1817 2245 1885; x_wconf 88' lang='lat' dir='ltr'><strong>qui</strong></span> <span class='ocrx_word' id='word_1_232' title='bbox 2280 1820 2581 1887; x_wconf 79' lang='lat' dir='ltr'><strong>navigando</strong></span> <span class='ocrx_word' id='word_1_233' title='bbox 2622 1822 2791 1877; x_wconf 90' lang='lat' dir='ltr'><strong>littori</strong></span> <span class='ocrx_word' id='word_1_234' title='bbox 2835 1825 3063 1879; x_wconf 89' lang='lat' dir='ltr'><strong>nimium</strong></span> <span class='ocrx_word' id='word_1_235' title='bbox 3103 1829 3459 1887; x_wconf 74' lang='lat' dir='ltr'><strong>adltmserint.</strong></span> 
     </span>
    </p>
   </div>
   <div class='ocr_carea' id='block_1_34' title="bbox 194 1918 1776 2001">
    <p class='ocr_par' dir='ltr' id='par_1_34' title="bbox 194 1918 1776 2001">
     <span class='ocr_line' id='line_1_34' title="bbox 194 1918 1776 2001; baseline -0.009 -18"><span class='ocrx_word' id='word_1_236' title='bbox 194 1932 309 2001; x_wconf 79' lang='grc' dir='ltr'>μὴν</span> <span class='ocrx_word' id='word_1_237' title='bbox 340 1930 385 1961; x_wconf 84' lang='grc'><strong>⁷⁸</strong></span> <span class='ocrx_word' id='word_1_238' title='bbox 416 1932 510 1981; x_wconf 74' lang='grc' dir='ltr'>καὶ</span> <span class='ocrx_word' id='word_1_239' title='bbox 540 1928 584 1958; x_wconf 82' lang='grc'><strong>⁷⁸</strong></span> <span class='ocrx_word' id='word_1_240' title='bbox 615 1927 675 1979; x_wconf 77' lang='grc' dir='ltr'><strong>τὸ</strong></span> <span class='ocrx_word' id='word_1_241' title='bbox 702 1926 797 1979; x_wconf 84' lang='grc' dir='ltr'>τοῦ</span> <span class='ocrx_word' id='word_1_242' title='bbox 822 1924 984 1978; x_wconf 80' lang='grc' dir='ltr'>Ἰνδοῦ</span> <span class='ocrx_word' id='word_1_243' title='bbox 1024 1924 1197 1991; x_wconf 81' lang='grc' dir='ltr'><strong>στόμα</strong></span> <span class='ocrx_word' id='word_1_244' title='bbox 1263 1922 1389 1974; x_wconf 80' lang='grc' dir='ltr'><strong>ίδείν</strong></span> <span class='ocrx_word' id='word_1_245' title='bbox 1417 1936 1551 1987; x_wconf 86' lang='grc' dir='ltr'>φασι</span> <span class='ocrx_word' id='word_1_246' title='bbox 1577 1932 1592 1947; x_wconf 82' lang='grc'><em>’</em></span> <span class='ocrx_word' id='word_1_247' title='bbox 1620 1918 1776 1969; x_wconf 82' lang='grc' dir='ltr'>πόλιν</span> 
     </span>
    </p>
   </div>
   <div class='ocr_carea' id='block_1_35' title="bbox 190 2009 1772 2084">
    <p class='ocr_par' dir='ltr' id='par_1_35' title="bbox 190 2009 1772 2084">
     <span class='ocr_line' id='line_1_35' title="bbox 190 2009 1772 2084; baseline 0.001 -11"><span class='ocrx_word' id='word_1_248' title='bbox 190 2024 238 2075; x_wconf 85' lang='grc' dir='ltr'>δ’</span> <span class='ocrx_word' id='word_1_249' title='bbox 270 2022 366 2073; x_wconf 78' lang='grc' dir='ltr'><strong>ἐπ’</strong></span> <span class='ocrx_word' id='word_1_250' title='bbox 396 2019 563 2074; x_wconf 82' lang='grc' dir='ltr'>αὑτοῦ</span> <span class='ocrx_word' id='word_1_251' title='bbox 589 2019 800 2071; x_wconf 74' lang='grc' dir='ltr'>κεῖσθαι</span> <span class='ocrx_word' id='word_1_252' title='bbox 856 2016 1077 2069; x_wconf 84' lang='grc' dir='ltr'>Πάταλα</span> <span class='ocrx_word' id='word_1_253' title='bbox 1118 2013 1447 2084; x_wconf 68' lang='grc' dir='ltr'>περίρρυτον</span> <span class='ocrx_word' id='word_1_254' title='bbox 1494 2012 1573 2078; x_wconf 85' lang='grc' dir='ltr'><strong>τῷ</strong></span> <span class='ocrx_word' id='word_1_255' title='bbox 1604 2009 1772 2078; x_wconf 76' lang='grc' dir='ltr'>Ἰνδῷ.</span> 
     </span>
    </p>
   </div>
   <div class='ocr_carea' id='block_1_36' title="bbox 190 2102 1772 2183">
    <p class='ocr_par' dir='ltr' id='par_1_36' title="bbox 190 2102 1772 2183">
     <span class='ocr_line' id='line_1_36' title="bbox 190 2102 1772 2183; baseline -0.008 -15"><span class='ocrx_word' id='word_1_256' title='bbox 190 2117 274 2177; x_wconf 83' lang='grc' dir='ltr'><strong>εἰς</strong></span> <span class='ocrx_word' id='word_1_257' title='bbox 304 2116 373 2183; x_wconf 74' lang='grc' dir='ltr'>ἦν</span> <span class='ocrx_word' id='word_1_258' title='bbox 399 2115 457 2167; x_wconf 77' lang='grc' dir='ltr'>τὸ</span> <span class='ocrx_word' id='word_1_259' title='bbox 486 2114 531 2143; x_wconf 84' lang='grc'><strong>⁷⁷</strong></span> <span class='ocrx_word' id='word_1_260' title='bbox 563 2110 817 2164; x_wconf 82' lang='grc' dir='ltr'>ναυτικὸν</span> <span class='ocrx_word' id='word_1_261' title='bbox 862 2108 956 2161; x_wconf 81' lang='grc' dir='ltr'>τοῦ</span> <span class='ocrx_word' id='word_1_262' title='bbox 990 2106 1341 2176; x_wconf 70' lang='grc' dir='ltr'>Ἀλεξάνδρον</span> <span class='ocrx_word' id='word_1_263' title='bbox 1397 2102 1670 2167; x_wconf 78' lang='grc' dir='ltr'>ξυνελθεῖν</span> <span class='ocrx_word' id='word_1_264' title='bbox 1708 2104 1772 2167; x_wconf 79' lang='grc'><strong>⁷⁸,</strong></span> 
     </span>
    </p>
   </div>
   <div class='ocr_carea' id='block_1_37' title="bbox 188 2194 1775 2273">
    <p class='ocr_par' dir='ltr' id='par_1_37' title="bbox 188 2194 1775 2273">
     <span class='ocr_line' id='line_1_37' title="bbox 188 2194 1775 2273; baseline -0.011 -12"><span class='ocrx_word' id='word_1_265' title='bbox 188 2201 254 2261; x_wconf 74' lang='grc' dir='ltr'>οὒ</span> <span class='ocrx_word' id='word_1_266' title='bbox 295 2206 547 2273; x_wconf 85' lang='grc' dir='ltr'>Νέαρχος</span> <span class='ocrx_word' id='word_1_267' title='bbox 592 2200 901 2254; x_wconf 80' lang='grc' dir='ltr'>ἐπεστάτει.</span> <span class='ocrx_word' id='word_1_268' title='bbox 940 2198 1007 2250; x_wconf 77' lang='grc' dir='ltr'>Ἀ</span> <span class='ocrx_word' id='word_1_269' title='bbox 1058 2197 1116 2249; x_wconf 87' lang='grc' dir='ltr'>δὲ</span> <span class='ocrx_word' id='word_1_270' title='bbox 1163 2195 1472 2265; x_wconf 77' lang='grc' dir='ltr'>Ὀρθαγόρᾳ</span> <span class='ocrx_word' id='word_1_271' title='bbox 1519 2194 1775 2263; x_wconf 73' lang='grc' dir='ltr'>περὶτῆς</span> 
     </span>
    </p>
   </div>
   <div class='ocr_carea' id='block_1_38' title="bbox 189 2284 1773 2368">
    <p class='ocr_par' dir='ltr' id='par_1_38' title="bbox 189 2284 1773 2368">
     <span class='ocr_line' id='line_1_38' title="bbox 189 2284 1773 2368; baseline -0.01 -18"><span class='ocrx_word' id='word_1_272' title='bbox 189 2296 437 2368; x_wconf 79' lang='grc' dir='ltr'>ἐρυθρᾶς</span> <span class='ocrx_word' id='word_1_273' title='bbox 488 2294 726 2364; x_wconf 70' lang='grc' dir='ltr'>εἴρηται,</span> <span class='ocrx_word' id='word_1_274' title='bbox 763 2289 929 2361; x_wconf 84' lang='grc'><strong>[1008</strong></span> <span class='ocrx_word' id='word_1_275' title='bbox 965 2286 1057 2359; x_wconf 70' lang='lat' dir='ltr'><strong>IL]</strong></span> <span class='ocrx_word' id='word_1_276' title='bbox 1112 2286 1204 2340; x_wconf 77' lang='grc' dir='ltr'>καὶ</span> <span class='ocrx_word' id='word_1_277' title='bbox 1233 2286 1315 2338; x_wconf 82' lang='grc' dir='ltr'>ὅτι</span> <span class='ocrx_word' id='word_1_278' title='bbox 1342 2287 1479 2354; x_wconf 88' lang='grc' dir='ltr'>μήτε</span> <span class='ocrx_word' id='word_1_279' title='bbox 1508 2286 1541 2351; x_wconf 78' lang='grc' dir='ltr'>ἡ</span> <span class='ocrx_word' id='word_1_280' title='bbox 1574 2284 1773 2353; x_wconf 76' lang='grc' dir='ltr'>ἄρκτος</span> 
     </span>
    </p>
   </div>
   <div class='ocr_carea' id='block_1_39' title="bbox 189 2372 1773 2451">
    <p class='ocr_par' dir='ltr' id='par_1_39' title="bbox 189 2372 1773 2451">
     <span class='ocr_line' id='line_1_39' title="bbox 189 2372 1773 2451; baseline -0.006 -15"><span class='ocrx_word' id='word_1_281' title='bbox 189 2386 250 2436; x_wconf 88' lang='grc' dir='ltr'><strong>ἐν</strong></span> <span class='ocrx_word' id='word_1_282' title='bbox 276 2384 419 2451; x_wconf 81' lang='grc' dir='ltr'>αὐτῇ</span> <span class='ocrx_word' id='word_1_283' title='bbox 452 2381 713 2447; x_wconf 79' lang='grc' dir='ltr'>φαίνοιτο,</span> <span class='ocrx_word' id='word_1_284' title='bbox 758 2378 895 2447; x_wconf 89' lang='grc' dir='ltr'>μήτε</span> <span class='ocrx_word' id='word_1_285' title='bbox 929 2374 1277 2447; x_wconf 79' lang='grc' dir='ltr'>σημαίνοιντο</span> <span class='ocrx_word' id='word_1_286' title='bbox 1296 2373 1395 2443; x_wconf 81' lang='grc' dir='ltr'>τὴν</span> <span class='ocrx_word' id='word_1_287' title='bbox 1428 2372 1773 2443; x_wconf 76' lang='grc' dir='ltr'>μεσημϐρίαν</span> 
     </span>
    </p>
   </div>
   <div class='ocr_carea' id='block_1_40' title="bbox 188 2459 1773 2532">
    <p class='ocr_par' dir='ltr' id='par_1_40' title="bbox 188 2459 1773 2532">
     <span class='ocr_line' id='line_1_40' title="bbox 188 2459 1773 2532; baseline -0.005 -9"><span class='ocrx_word' id='word_1_288' title='bbox 188 2472 240 2523; x_wconf 72' lang='grc' dir='ltr'>οἱ</span> <span class='ocrx_word' id='word_1_289' title='bbox 276 2472 559 2531; x_wconf 81' lang='grc' dir='ltr'>πλέοντες,</span> <span class='ocrx_word' id='word_1_290' title='bbox 590 2468 643 2519; x_wconf 74' lang='grc' dir='ltr'><strong>οἵ</strong></span> <span class='ocrx_word' id='word_1_291' title='bbox 664 2483 723 2518; x_wconf 85' lang='grc' dir='ltr'><strong>τε</strong></span> <span class='ocrx_word' id='word_1_292' title='bbox 746 2463 987 2532; x_wconf 78' lang='grc' dir='ltr'>ἐπίδηλοι</span> <span class='ocrx_word' id='word_1_293' title='bbox 1010 2463 1117 2515; x_wconf 89' lang='grc' dir='ltr'><strong>τῶν</strong></span> <span class='ocrx_word' id='word_1_294' title='bbox 1138 2462 1381 2530; x_wconf 79' lang='grc' dir='ltr'>ἀστέρων</span> <span class='ocrx_word' id='word_1_295' title='bbox 1400 2459 1773 2524; x_wconf 78' lang='grc' dir='ltr'>ἐξαλλάττοιεν</span> 
     </span>
    </p>
   </div>
   <div class='ocr_carea' id='block_1_41' title="bbox 190 2550 1771 2627">
    <p class='ocr_par' dir='ltr' id='par_1_41' title="bbox 190 2550 1771 2627">
     <span class='ocr_line' id='line_1_41' title="bbox 190 2550 1771 2627; baseline -0.006 -15"><span class='ocrx_word' id='word_1_296' title='bbox 190 2560 290 2627; x_wconf 81' lang='grc' dir='ltr'>τῆς</span> <span class='ocrx_word' id='word_1_297' title='bbox 325 2557 536 2610; x_wconf 86' lang='grc' dir='ltr'>ἐαυτῶν</span> <span class='ocrx_word' id='word_1_298' title='bbox 565 2555 791 2621; x_wconf 82' lang='grc' dir='ltr'>τάξεως,</span> <span class='ocrx_word' id='word_1_299' title='bbox 825 2552 997 2606; x_wconf 83' lang='grc' dir='ltr'>ταῦτα</span> <span class='ocrx_word' id='word_1_300' title='bbox 1026 2551 1176 2604; x_wconf 84' lang='grc' dir='ltr'>δοκεῖ</span> <span class='ocrx_word' id='word_1_301' title='bbox 1208 2552 1303 2603; x_wconf 76' lang='grc' dir='ltr'><strong>καὶ</strong></span> <span class='ocrx_word' id='word_1_302' title='bbox 1323 2550 1553 2611; x_wconf 84' lang='grc' dir='ltr'>τούτοις.</span> <span class='ocrx_word' id='word_1_303' title='bbox 1592 2552 1771 2603; x_wconf 81' lang='grc' dir='ltr'>Ὀτι⁷⁹</span> 
     </span>
    </p>
   </div>
   <div class='ocr_carea' id='block_1_42' title="bbox 188 2634 1773 2717">
    <p class='ocr_par' dir='ltr' id='par_1_42' title="bbox 188 2634 1773 2717">
     <span class='ocr_line' id='line_1_42' title="bbox 188 2634 1773 2717; baseline -0.006 -16"><span class='ocrx_word' id='word_1_304' title='bbox 188 2648 358 2717; x_wconf 80' lang='grc' dir='ltr'>νῆσόν</span> <span class='ocrx_word' id='word_1_305' title='bbox 397 2662 559 2716; x_wconf 78' lang='grc' dir='ltr'>φησιν</span> <span class='ocrx_word' id='word_1_306' title='bbox 589 2646 633 2677; x_wconf 79' lang='grc' dir='ltr'><strong><em>⁸ο</em></strong></span> <span class='ocrx_word' id='word_1_307' title='bbox 676 2640 814 2696; x_wconf 79' lang='grc' dir='ltr'>εἶναι</span> <span class='ocrx_word' id='word_1_308' title='bbox 858 2640 1082 2711; x_wconf 73' lang='grc' dir='ltr'>μικρὰν,</span> <span class='ocrx_word' id='word_1_309' title='bbox 1116 2642 1283 2709; x_wconf 72' lang='grc' dir='ltr'>ὄνομα</span> <span class='ocrx_word' id='word_1_310' title='bbox 1310 2640 1531 2700; x_wconf 79' lang='grc' dir='ltr'>Βίὸλον,</span> <span class='ocrx_word' id='word_1_311' title='bbox 1569 2642 1626 2691; x_wconf 87' lang='grc' dir='ltr'><strong>ἐν</strong></span> <span class='ocrx_word' id='word_1_312' title='bbox 1660 2634 1773 2714; x_wconf 78' lang='grc' dir='ltr'>ᾖτδ</span> 
     </span>
    </p>
   </div>
   <div class='ocr_carea' id='block_1_43' title="bbox 187 2731 1772 2809">
    <p class='ocr_par' dir='ltr' id='par_1_43' title="bbox 187 2731 1772 2809">
     <span class='ocr_line' id='line_1_43' title="bbox 187 2731 1772 2809; baseline -0.006 -16"><span class='ocrx_word' id='word_1_313' title='bbox 187 2741 284 2793; x_wconf 79' lang='grc' dir='ltr'>τοῦ</span> <span class='ocrx_word' id='word_1_314' title='bbox 308 2739 597 2809; x_wconf 89' lang='grc' dir='ltr'>κογχυλίου</span> <span class='ocrx_word' id='word_1_315' title='bbox 657 2736 884 2806; x_wconf 83' lang='grc' dir='ltr'>μέγεθος</span> <span class='ocrx_word' id='word_1_316' title='bbox 928 2736 1021 2785; x_wconf 77' lang='grc' dir='ltr'>καὶ</span> <span class='ocrx_word' id='word_1_317' title='bbox 1064 2734 1113 2785; x_wconf 89' lang='grc' dir='ltr'><strong>οί</strong></span> <span class='ocrx_word' id='word_1_318' title='bbox 1155 2731 1305 2800; x_wconf 83' lang='grc' dir='ltr'>’μύες</span> <span class='ocrx_word' id='word_1_319' title='bbox 1341 2732 1542 2801; x_wconf 78' lang='grc' dir='ltr'>δστρεά</span> <span class='ocrx_word' id='word_1_320' title='bbox 1580 2748 1638 2784; x_wconf 85' lang='grc' dir='ltr'><strong>τε</strong></span> <span class='ocrx_word' id='word_1_321' title='bbox 1680 2734 1772 2784; x_wconf 77' lang='grc' dir='ltr'>καὶ</span> 
     </span>
    </p>
   </div>
   <div class='ocr_carea' id='block_1_44' title="bbox 186 2822 1773 2892">
    <p class='ocr_par' dir='ltr' id='par_1_44' title="bbox 186 2822 1773 2892">
     <span class='ocr_line' id='line_1_44' title="bbox 186 2822 1773 2892; baseline -0.006 -9"><span class='ocrx_word' id='word_1_322' title='bbox 186 2830 507 2883; x_wconf 73' lang='grc' dir='ltr'>τὰτοιαῦτα</span> <span class='ocrx_word' id='word_1_323' title='bbox 564 2826 904 2879; x_wconf 83' lang='grc' dir='ltr'>δεκαπλάσια</span> <span class='ocrx_word' id='word_1_324' title='bbox 945 2824 1052 2876; x_wconf 89' lang='grc' dir='ltr'><strong>τῶν</strong></span> <span class='ocrx_word' id='word_1_325' title='bbox 1094 2822 1428 2892; x_wconf 82' lang='grc' dir='ltr'>Ἑλληνικῶν</span> <span class='ocrx_word' id='word_1_326' title='bbox 1451 2822 1515 2874; x_wconf 84' lang='grc' dir='ltr'>τὸ</span> <span class='ocrx_word' id='word_1_327' title='bbox 1544 2822 1773 2890; x_wconf 85' lang='grc' dir='ltr'>μέγεθος</span> 
     </span>
    </p>
   </div>
   <div class='ocr_carea' id='block_1_45' title="bbox 186 2910 1771 2989">
    <p class='ocr_par' dir='ltr' id='par_1_45' title="bbox 186 2910 1771 2989">
     <span class='ocr_line' id='line_1_45' title="bbox 186 2910 1771 2989; baseline -0.006 -16"><span class='ocrx_word' id='word_1_328' title='bbox 186 2925 311 2984; x_wconf 68' lang='grc' dir='ltr'>ταῖς</span> <span class='ocrx_word' id='word_1_329' title='bbox 344 2920 572 2989; x_wconf 76' lang='grc' dir='ltr'>πέτραις</span> <span class='ocrx_word' id='word_1_330' title='bbox 602 2915 1016 2985; x_wconf 82' lang='grc' dir='ltr'>προσπέφυκεν.</span> <span class='ocrx_word' id='word_1_331' title='bbox 1068 2910 1377 2965; x_wconf 84' lang='grc' dir='ltr'>Ἀλίσκεται</span> <span class='ocrx_word' id='word_1_332' title='bbox 1429 2912 1486 2964; x_wconf 86' lang='grc' dir='ltr'><strong>δέ</strong></span> <span class='ocrx_word' id='word_1_333' title='bbox 1527 2912 1645 2963; x_wconf 83' lang='grc' dir='ltr'>ἐκεῖ</span> <span class='ocrx_word' id='word_1_334' title='bbox 1677 2914 1771 2963; x_wconf 79' lang='grc' dir='ltr'>καὶ</span> 
     </span>
    </p>
   </div>
   <div class='ocr_carea' id='block_1_46' title="bbox 187 3001 1770 3077">
    <p class='ocr_par' dir='ltr' id='par_1_46' title="bbox 187 3001 1770 3077">
     <span class='ocr_line' id='line_1_46' title="bbox 187 3001 1770 3077; baseline -0.004 -17"><span class='ocrx_word' id='word_1_335' title='bbox 187 3012 339 3070; x_wconf 75' lang='grc' dir='ltr'>λίθος</span> <span class='ocrx_word' id='word_1_336' title='bbox 399 3006 673 3077; x_wconf 76' lang='grc' dir='ltr'>μαργαρὶς</span> <span class='ocrx_word' id='word_1_337' title='bbox 720 3007 775 3057; x_wconf 92' lang='grc' dir='ltr'><strong>ἐν</strong></span> <span class='ocrx_word' id='word_1_338' title='bbox 800 3003 1051 3071; x_wconf 77' lang='grc' dir='ltr'>ὀστράκῳ</span> <span class='ocrx_word' id='word_1_339' title='bbox 1086 3001 1283 3070; x_wconf 80' lang='grc' dir='ltr'>λευκῷ,</span> <span class='ocrx_word' id='word_1_340' title='bbox 1317 3001 1545 3070; x_wconf 84' lang='grc' dir='ltr'>καρδίας</span> <span class='ocrx_word' id='word_1_341' title='bbox 1570 3002 1770 3071; x_wconf 78' lang='grc' dir='ltr'>τρόπον</span> 
     </span>
    </p>
   </div>
   <div class='ocr_carea' id='block_1_47' title="bbox 187 3092 1771 3170">
    <p class='ocr_par' dir='ltr' id='par_1_47' title="bbox 187 3092 1771 3170">
     <span class='ocr_line' id='line_1_47' title="bbox 187 3092 1771 3170; baseline -0.008 -16"><span class='ocrx_word' id='word_1_342' title='bbox 187 3102 388 3170; x_wconf 79' lang='grc' dir='ltr'>ἔχουσα</span> <span class='ocrx_word' id='word_1_343' title='bbox 436 3096 514 3166; x_wconf 83' lang='grc' dir='ltr'><strong>τῷ</strong></span> <span class='ocrx_word' id='word_1_344' title='bbox 565 3096 793 3163; x_wconf 81' lang='grc' dir='ltr'>ὀστρέῳ.</span> <span class='ocrx_word' id='word_1_345' title='bbox 847 3094 1153 3160; x_wconf 76' lang='grc' dir='ltr'>Κατασχεῖν</span> <span class='ocrx_word' id='word_1_346' title='bbox 1194 3092 1250 3142; x_wconf 87' lang='grc' dir='ltr'><strong>δέ</strong></span> <span class='ocrx_word' id='word_1_347' title='bbox 1290 3107 1422 3158; x_wconf 85' lang='grc' dir='ltr'>φασι</span> <span class='ocrx_word' id='word_1_348' title='bbox 1454 3092 1545 3143; x_wconf 82' lang='grc' dir='ltr'>καὶ</span> <span class='ocrx_word' id='word_1_349' title='bbox 1569 3092 1624 3153; x_wconf 89' lang='grc' dir='ltr'><strong>ἐς</strong></span> <span class='ocrx_word' id='word_1_350' title='bbox 1657 3092 1771 3160; x_wconf 87' lang='grc' dir='ltr'><strong>Πη-</strong></span> 
     </span>
    </p>
   </div>
   <div class='ocr_carea' id='block_1_48' title="bbox 1876 1905 3457 1986">
    <p class='ocr_par' dir='ltr' id='par_1_48' title="bbox 1876 1905 3457 1986">
     <span class='ocr_line' id='line_1_48' title="bbox 1876 1905 3457 1986; baseline 0.011 -27"><span class='ocrx_word' id='word_1_351' title='bbox 1876 1905 1992 1960; x_wconf 92' lang='lat' dir='ltr'><strong>lndi</strong></span> <span class='ocrx_word' id='word_1_352' title='bbox 2032 1921 2246 1976; x_wconf 90' lang='lat' dir='ltr'><strong>quoque</strong></span> <span class='ocrx_word' id='word_1_353' title='bbox 2280 1906 2521 1965; x_wconf 81' lang='lat' dir='ltr'><strong>ﬂuminis</strong></span> <span class='ocrx_word' id='word_1_354' title='bbox 2547 1914 2680 1967; x_wconf 88' lang='lat' dir='ltr'><strong>ostia</strong></span> <span class='ocrx_word' id='word_1_355' title='bbox 2710 1929 2768 1969; x_wconf 89' lang='lat' dir='ltr'><strong>se</strong></span> <span class='ocrx_word' id='word_1_356' title='bbox 2801 1915 3003 1971; x_wconf 84' lang='lat' dir='ltr'><strong>vidisse</strong></span> <span class='ocrx_word' id='word_1_357' title='bbox 3032 1918 3343 1986; x_wconf 87' lang='lat' dir='ltr'><strong>perhibent,</strong></span> <span class='ocrx_word' id='word_1_358' title='bbox 3368 1924 3457 1978; x_wconf 91' lang='lat' dir='ltr'><strong>ubi</strong></span> 
     </span>
    </p>
   </div>
   <div class='ocr_carea' id='block_1_49' title="bbox 1876 1998 3456 2080">
    <p class='ocr_par' dir='ltr' id='par_1_49' title="bbox 1876 1998 3456 2080">
     <span class='ocr_line' id='line_1_49' title="bbox 1876 1998 3456 2080; baseline 0.011 -29"><span class='ocrx_word' id='word_1_359' title='bbox 1876 1998 2070 2051; x_wconf 86' lang='lat' dir='ltr'><strong>civitas</strong></span> <span class='ocrx_word' id='word_1_360' title='bbox 2095 2001 2271 2067; x_wconf 86' lang='lat' dir='ltr'><strong>posita</strong></span> <span class='ocrx_word' id='word_1_361' title='bbox 2320 2011 2402 2054; x_wconf 88' lang='lat' dir='ltr'><strong>est</strong></span> <span class='ocrx_word' id='word_1_362' title='bbox 2431 2004 2648 2057; x_wconf 88' lang='lat' dir='ltr'><strong>nomine</strong></span> <span class='ocrx_word' id='word_1_363' title='bbox 2679 2005 2885 2067; x_wconf 85' lang='lat' dir='ltr'><strong>Patala.</strong></span> <span class='ocrx_word' id='word_1_364' title='bbox 2919 2007 3103 2063; x_wconf 83' lang='lat' dir='ltr'><strong>ﬂuenti</strong></span> <span class='ocrx_word' id='word_1_365' title='bbox 3140 2009 3272 2067; x_wconf 91' lang='lat' dir='ltr'><strong>ludo</strong></span> <span class='ocrx_word' id='word_1_366' title='bbox 3308 2013 3456 2080; x_wconf 83' lang='lat' dir='ltr'><strong>adja-</strong></span> 
     </span>
    </p>
   </div>
   <div class='ocr_carea' id='block_1_50' title="bbox 1878 2097 3459 2166">
    <p class='ocr_par' dir='ltr' id='par_1_50' title="bbox 1878 2097 3459 2166">
     <span class='ocr_line' id='line_1_50' title="bbox 1878 2097 3459 2166; baseline 0.009 -23"><span class='ocrx_word' id='word_1_367' title='bbox 1878 2103 2029 2155; x_wconf 87' lang='lat' dir='ltr'><strong>cens,</strong></span> <span class='ocrx_word' id='word_1_368' title='bbox 2061 2104 2127 2144; x_wconf 90' lang='lat' dir='ltr'><strong>eo</strong></span> <span class='ocrx_word' id='word_1_369' title='bbox 2156 2106 2372 2162; x_wconf 85' lang='lat' dir='ltr'><strong>quoque</strong></span> <span class='ocrx_word' id='word_1_370' title='bbox 2415 2097 2735 2150; x_wconf 88' lang='lat' dir='ltr'><strong>convenisse</strong></span> <span class='ocrx_word' id='word_1_371' title='bbox 2775 2101 3049 2166; x_wconf 86' lang='lat' dir='ltr'><strong>quondam</strong></span> <span class='ocrx_word' id='word_1_372' title='bbox 3084 2105 3301 2155; x_wconf 88' lang='lat' dir='ltr'><strong>tradunt</strong></span> <span class='ocrx_word' id='word_1_373' title='bbox 3332 2104 3459 2157; x_wconf 84' lang='lat' dir='ltr'><strong>Ale-</strong></span> 
     </span>
    </p>
   </div>
   <div class='ocr_carea' id='block_1_51' title="bbox 1875 2182 3457 2263">
    <p class='ocr_par' dir='ltr' id='par_1_51' title="bbox 1875 2182 3457 2263">
     <span class='ocr_line' id='line_1_51' title="bbox 1875 2182 3457 2263; baseline 0.01 -31"><span class='ocrx_word' id='word_1_374' title='bbox 1875 2182 2065 2234; x_wconf 82' lang='lat' dir='ltr'><strong>xandri</strong></span> <span class='ocrx_word' id='word_1_375' title='bbox 2104 2182 2357 2250; x_wconf 83' lang='lat' dir='ltr'><strong>classem,</strong></span> <span class='ocrx_word' id='word_1_376' title='bbox 2409 2184 2636 2255; x_wconf 80' lang='lat' dir='ltr'><strong>ejusque</strong></span> <span class='ocrx_word' id='word_1_377' title='bbox 2684 2191 3101 2257; x_wconf 75' lang='lat' dir='ltr'><strong>gubernatorem</strong></span> <span class='ocrx_word' id='word_1_378' title='bbox 3154 2198 3457 2263; x_wconf 89' lang='lat' dir='ltr'><strong>ducemque</strong></span> 
     </span>
    </p>
   </div>
   <div class='ocr_carea' id='block_1_52' title="bbox 1872 2271 3454 2350">
    <p class='ocr_par' dir='ltr' id='par_1_52' title="bbox 1872 2271 3454 2350">
     <span class='ocr_line' id='line_1_52' title="bbox 1872 2271 3454 2350; baseline 0.009 -23"><span class='ocrx_word' id='word_1_379' title='bbox 1872 2271 2199 2329; x_wconf 85' lang='lat' dir='ltr'><strong>Nearchum.</strong></span> <span class='ocrx_word' id='word_1_380' title='bbox 2232 2276 2362 2342; x_wconf 67' lang='lat' dir='ltr'><strong>Quae</strong></span> <span class='ocrx_word' id='word_1_381' title='bbox 2392 2292 2525 2332; x_wconf 86' lang='lat' dir='ltr'><strong>vero</strong></span> <span class='ocrx_word' id='word_1_382' title='bbox 2558 2278 2627 2331; x_wconf 91' lang='lat' dir='ltr'><strong>ab</strong></span> <span class='ocrx_word' id='word_1_383' title='bbox 2654 2280 2955 2350; x_wconf 87' lang='lat' dir='ltr'><strong>Orthagora</strong></span> <span class='ocrx_word' id='word_1_384' title='bbox 2982 2284 3047 2338; x_wconf 89' lang='lat' dir='ltr'><strong>de</strong></span> <span class='ocrx_word' id='word_1_385' title='bbox 3078 2285 3267 2339; x_wconf 83' lang='lat' dir='ltr'><strong>Rubro</strong></span> <span class='ocrx_word' id='word_1_386' title='bbox 3318 2289 3454 2341; x_wconf 88' lang='lat' dir='ltr'><strong>mari</strong></span> 
     </span>
    </p>
   </div>
   <div class='ocr_carea' id='block_1_53' title="bbox 1875 2368 3452 2446">
    <p class='ocr_par' dir='ltr' id='par_1_53' title="bbox 1875 2368 3452 2446">
     <span class='ocr_line' id='line_1_53' title="bbox 1875 2368 3452 2446; baseline 0.01 -29"><span class='ocrx_word' id='word_1_387' title='bbox 1875 2374 2189 2429; x_wconf 85' lang='lat' dir='ltr'><strong>narrantur,</strong></span> <span class='ocrx_word' id='word_1_388' title='bbox 2244 2369 2385 2435; x_wconf 85' lang='lat' dir='ltr'><strong>quod</strong></span> <span class='ocrx_word' id='word_1_389' title='bbox 2419 2368 2490 2422; x_wconf 90' lang='lat' dir='ltr'><strong>ibi</strong></span> <span class='ocrx_word' id='word_1_390' title='bbox 2526 2370 2735 2425; x_wconf 89' lang='lat' dir='ltr'><strong>scilicet</strong></span> <span class='ocrx_word' id='word_1_391' title='bbox 2786 2388 2910 2427; x_wconf 88' lang='lat' dir='ltr'><strong>ursa</strong></span> <span class='ocrx_word' id='word_1_392' title='bbox 2947 2389 3051 2428; x_wconf 94' lang='lat' dir='ltr'><strong>non</strong></span> <span class='ocrx_word' id='word_1_393' title='bbox 3096 2379 3452 2446; x_wconf 81' lang='lat' dir='ltr'><strong>conspicitur,</strong></span> 
     </span>
    </p>
   </div>
   <div class='ocr_carea' id='block_1_54' title="bbox 1875 2455 3455 2536">
    <p class='ocr_par' dir='ltr' id='par_1_54' title="bbox 1875 2455 3455 2536">
     <span class='ocr_line' id='line_1_54' title="bbox 1875 2455 3455 2536; baseline 0.01 -29"><span class='ocrx_word' id='word_1_394' title='bbox 1875 2468 2051 2524; x_wconf 89' lang='lat' dir='ltr'><strong>neque</strong></span> <span class='ocrx_word' id='word_1_395' title='bbox 2080 2455 2360 2509; x_wconf 87' lang='lat' dir='ltr'><strong>meridiem</strong></span> <span class='ocrx_word' id='word_1_396' title='bbox 2387 2457 2608 2527; x_wconf 85' lang='lat' dir='ltr'><strong>signare</strong></span> <span class='ocrx_word' id='word_1_397' title='bbox 2655 2461 2974 2531; x_wconf 77' lang='lat' dir='ltr'><strong>navigantes</strong></span> <span class='ocrx_word' id='word_1_398' title='bbox 3002 2477 3250 2534; x_wconf 82' lang='lat' dir='ltr'><strong>possunt,</strong></span> <span class='ocrx_word' id='word_1_399' title='bbox 3281 2484 3455 2536; x_wconf 84' lang='lat' dir='ltr'><strong>quan-</strong></span> 
     </span>
    </p>
   </div>
   <div class='ocr_carea' id='block_1_55' title="bbox 1872 2549 3449 2625">
    <p class='ocr_par' dir='ltr' id='par_1_55' title="bbox 1872 2549 3449 2625">
     <span class='ocr_line' id='line_1_55' title="bbox 1872 2549 3449 2625; baseline 0.009 -25"><span class='ocrx_word' id='word_1_400' title='bbox 1872 2562 2035 2616; x_wconf 86' lang='lat' dir='ltr'><strong>quam</strong></span> <span class='ocrx_word' id='word_1_401' title='bbox 2055 2549 2369 2615; x_wconf 83' lang='lat' dir='ltr'><strong>apparentia</strong></span> <span class='ocrx_word' id='word_1_402' title='bbox 2400 2549 2476 2604; x_wconf 91' lang='lat' dir='ltr'><strong>illi</strong></span> <span class='ocrx_word' id='word_1_403' title='bbox 2497 2563 2641 2604; x_wconf 80' lang='lat' dir='ltr'><strong>a5tra</strong></span> <span class='ocrx_word' id='word_1_404' title='bbox 2664 2554 2908 2609; x_wconf 88' lang='lat' dir='ltr'><strong>ordinem</strong></span> <span class='ocrx_word' id='word_1_405' title='bbox 2935 2570 3246 2623; x_wconf 80' lang='lat' dir='ltr'><strong>permutant</strong></span> <span class='ocrx_word' id='word_1_406' title='bbox 3269 2576 3449 2625; x_wconf 84' lang='lat' dir='ltr'><strong>suum,</strong></span> 
     </span>
    </p>
   </div>
   <div class='ocr_carea' id='block_1_56' title="bbox 1873 2636 3453 2717">
    <p class='ocr_par' dir='ltr' id='par_1_56' title="bbox 1873 2636 3453 2717">
     <span class='ocr_line' id='line_1_56' title="bbox 1873 2636 3453 2717; baseline 0.009 -27"><span class='ocrx_word' id='word_1_407' title='bbox 1873 2636 1990 2690; x_wconf 67' lang='lat' dir='ltr'><strong>haec</strong></span> <span class='ocrx_word' id='word_1_408' title='bbox 2018 2646 2071 2690; x_wconf 89' lang='lat' dir='ltr'><strong>et</strong></span> <span class='ocrx_word' id='word_1_409' title='bbox 2102 2638 2209 2692; x_wconf 85' lang='lat' dir='ltr'><strong>illis</strong></span> <span class='ocrx_word' id='word_1_410' title='bbox 2233 2638 2345 2692; x_wconf 74' lang='lat' dir='ltr'><strong>visa</strong></span> <span class='ocrx_word' id='word_1_411' title='bbox 2374 2648 2523 2694; x_wconf 85' lang='lat' dir='ltr'><strong>sunt.</strong></span> <span class='ocrx_word' id='word_1_412' title='bbox 2560 2640 2926 2699; x_wconf 85' lang='lat' dir='ltr'><strong>Meminerunt</strong></span> <span class='ocrx_word' id='word_1_413' title='bbox 2955 2648 3120 2700; x_wconf 89' lang='lat' dir='ltr'><strong>etiam</strong></span> <span class='ocrx_word' id='word_1_414' title='bbox 3161 2665 3342 2717; x_wconf 68' lang='lat' dir='ltr'><strong>parva:</strong></span> <span class='ocrx_word' id='word_1_415' title='bbox 3373 2653 3453 2704; x_wconf 78' lang='lat' dir='ltr'><strong>in-</strong></span> 
     </span>
    </p>
   </div>
   <div class='ocr_carea' id='block_1_57' title="bbox 1872 2723 3453 2811">
    <p class='ocr_par' dir='ltr' id='par_1_57' title="bbox 1872 2723 3453 2811">
     <span class='ocr_line' id='line_1_57' title="bbox 1872 2723 3453 2811; baseline 0.013 -36"><span class='ocrx_word' id='word_1_416' title='bbox 1872 2723 2022 2787; x_wconf 75' lang='lat' dir='ltr'><strong>sulac,</strong></span> <span class='ocrx_word' id='word_1_417' title='bbox 2046 2741 2207 2794; x_wconf 84' lang='lat' dir='ltr'><strong>quant</strong></span> <span class='ocrx_word' id='word_1_418' title='bbox 2241 2726 2444 2798; x_wconf 80' lang='lat' dir='ltr'><strong>Byblon</strong></span> <span class='ocrx_word' id='word_1_419' title='bbox 2476 2730 2769 2799; x_wconf 83' lang='lat' dir='ltr'><strong>appellant,</strong></span> <span class='ocrx_word' id='word_1_420' title='bbox 2810 2733 2899 2789; x_wconf 90' lang='lat' dir='ltr'><strong>ubi</strong></span> <span class='ocrx_word' id='word_1_421' title='bbox 2946 2738 3179 2792; x_wconf 81' lang='lat' dir='ltr'><strong>maxima</strong></span> <span class='ocrx_word' id='word_1_422' title='bbox 3209 2744 3453 2811; x_wconf 79' lang='lat' dir='ltr'><strong>conchy-</strong></span> 
     </span>
    </p>
   </div>
   <div class='ocr_carea' id='block_1_58' title="bbox 1873 2816 3451 2897">
    <p class='ocr_par' dir='ltr' id='par_1_58' title="bbox 1873 2816 3451 2897">
     <span class='ocr_line' id='line_1_58' title="bbox 1873 2816 3451 2897; baseline 0.011 -28"><span class='ocrx_word' id='word_1_423' title='bbox 1873 2816 1962 2881; x_wconf 89' lang='lat' dir='ltr'><strong>lia,</strong></span> <span class='ocrx_word' id='word_1_424' title='bbox 1998 2818 2338 2887; x_wconf 89' lang='lat' dir='ltr'><strong>muricesque</strong></span> <span class='ocrx_word' id='word_1_425' title='bbox 2365 2830 2419 2875; x_wconf 90' lang='lat' dir='ltr'><strong>et</strong></span> <span class='ocrx_word' id='word_1_426' title='bbox 2450 2833 2627 2876; x_wconf 88' lang='lat' dir='ltr'><strong>ostrea</strong></span> <span class='ocrx_word' id='word_1_427' title='bbox 2656 2823 2869 2879; x_wconf 73' lang='lat' dir='ltr'><strong>eximia:</strong></span> <span class='ocrx_word' id='word_1_428' title='bbox 2912 2829 3303 2897; x_wconf 82' lang='lat' dir='ltr'><strong>magnitudinis</strong></span> <span class='ocrx_word' id='word_1_429' title='bbox 3350 2848 3451 2885; x_wconf 85' lang='lat' dir='ltr'><strong>na-</strong></span> 
     </span>
    </p>
   </div>
   <div class='ocr_carea' id='block_1_59' title="bbox 1870 2909 3453 2985">
    <p class='ocr_par' dir='ltr' id='par_1_59' title="bbox 1870 2909 3453 2985">
     <span class='ocr_line' id='line_1_59' title="bbox 1870 2909 3453 2985; baseline 0.01 -23"><span class='ocrx_word' id='word_1_430' title='bbox 1870 2910 1947 2962; x_wconf 85' lang='lat' dir='ltr'><strong>sci</strong></span> <span class='ocrx_word' id='word_1_431' title='bbox 1990 2909 2365 2977; x_wconf 86' lang='lat' dir='ltr'><strong>perhibentur.</strong></span> <span class='ocrx_word' id='word_1_432' title='bbox 2398 2910 2588 2967; x_wconf 86' lang='lat' dir='ltr'><strong>Ostrea</strong></span> <span class='ocrx_word' id='word_1_433' title='bbox 2618 2930 2839 2984; x_wconf 87' lang='lat' dir='ltr'><strong>quoque</strong></span> <span class='ocrx_word' id='word_1_434' title='bbox 2866 2922 3034 2985; x_wconf 87' lang='lat' dir='ltr'><strong>petris</strong></span> <span class='ocrx_word' id='word_1_435' title='bbox 3079 2922 3453 2978; x_wconf 84' lang='lat' dir='ltr'><strong>adnascuntur</strong></span> 
     </span>
    </p>
   </div>
   <div class='ocr_carea' id='block_1_60' title="bbox 1872 2996 3449 3075">
    <p class='ocr_par' dir='ltr' id='par_1_60' title="bbox 1872 2996 3449 3075">
     <span class='ocr_line' id='line_1_60' title="bbox 1872 2996 3449 3075; baseline 0.013 -27"><span class='ocrx_word' id='word_1_436' title='bbox 1872 2996 2094 3065; x_wconf 55' lang='lat' dir='ltr'><strong>decuitlo</strong></span> <span class='ocrx_word' id='word_1_437' title='bbox 2134 3000 2339 3067; x_wconf 79' lang='lat' dir='ltr'><strong>majora</strong></span> <span class='ocrx_word' id='word_1_438' title='bbox 2390 3001 2456 3056; x_wconf 86' lang='lat' dir='ltr'><strong>iis</strong></span> <span class='ocrx_word' id='word_1_439' title='bbox 2479 3018 2599 3072; x_wconf 58' lang='lat' dir='ltr'><strong>quae</strong></span> <span class='ocrx_word' id='word_1_440' title='bbox 2635 3008 2777 3075; x_wconf 87' lang='lat' dir='ltr'><strong>apud</strong></span> <span class='ocrx_word' id='word_1_441' title='bbox 2807 3006 3026 3063; x_wconf 65' lang='lat' dir='ltr'><strong>Graecos</strong></span> <span class='ocrx_word' id='word_1_442' title='bbox 3073 3011 3449 3069; x_wconf 88' lang='lat' dir='ltr'><strong>inveniuntur.</strong></span> 
     </span>
    </p>
   </div>
   <div class='ocr_carea' id='block_1_61' title="bbox 1872 3087 3448 3173">
    <p class='ocr_par' dir='ltr' id='par_1_61' title="bbox 1872 3087 3448 3173">
     <span class='ocr_line' id='line_1_61' title="bbox 1872 3087 3448 3173; baseline 0.012 -33"><span class='ocrx_word' id='word_1_443' title='bbox 1872 3087 1946 3140; x_wconf 89' lang='lat' dir='ltr'><strong>lbi</strong></span> <span class='ocrx_word' id='word_1_444' title='bbox 1981 3091 2143 3143; x_wconf 88' lang='lat' dir='ltr'><strong>etiam</strong></span> <span class='ocrx_word' id='word_1_445' title='bbox 2176 3092 2227 3144; x_wconf 93' lang='lat' dir='ltr'><strong>in</strong></span> <span class='ocrx_word' id='word_1_446' title='bbox 2260 3093 2378 3146; x_wconf 88' lang='lat' dir='ltr'><strong>alba</strong></span> <span class='ocrx_word' id='word_1_447' title='bbox 2416 3103 2549 3149; x_wconf 89' lang='lat' dir='ltr'><strong>testa</strong></span> <span class='ocrx_word' id='word_1_448' title='bbox 2579 3096 2718 3165; x_wconf 82' lang='lat' dir='ltr'><strong>lapis</strong></span> <span class='ocrx_word' id='word_1_449' title='bbox 2754 3102 3047 3168; x_wconf 86' lang='lat' dir='ltr'><strong>margarita</strong></span> <span class='ocrx_word' id='word_1_450' title='bbox 3077 3104 3448 3173; x_wconf 78' lang='lat' dir='ltr'><strong>capitur,qna:</strong></span> 
     </span>
    </p>
   </div>
   <div class='ocr_carea' id='block_1_62' title="bbox 186 3179 1770 3267">
    <p class='ocr_par' dir='ltr' id='par_1_62' title="bbox 186 3179 1770 3258">
     <span class='ocr_line' id='line_1_62' title="bbox 186 3179 1770 3258; baseline -0.007 -16"><span class='ocrx_word' id='word_1_451' title='bbox 186 3192 331 3258; x_wconf 81' lang='grc' dir='ltr'>γάδα</span> <span class='ocrx_word' id='word_1_452' title='bbox 358 3190 400 3219; x_wconf 82' lang='grc'>⁸¹</span> <span class='ocrx_word' id='word_1_453' title='bbox 423 3187 521 3256; x_wconf 82' lang='grc' dir='ltr'>τῆς</span> <span class='ocrx_word' id='word_1_454' title='bbox 556 3182 812 3252; x_wconf 84' lang='grc' dir='ltr'>Ὠρειτῶν</span> <span class='ocrx_word' id='word_1_455' title='bbox 842 3179 1045 3249; x_wconf 72' lang='grc' dir='ltr'>χώρας.</span> <span class='ocrx_word' id='word_1_456' title='bbox 1079 3180 1141 3230; x_wconf 85' lang='grc' dir='ltr'><strong>υἱ</strong></span> <span class='ocrx_word' id='word_1_457' title='bbox 1162 3179 1217 3231; x_wconf 85' lang='grc' dir='ltr'>δὲ</span> <span class='ocrx_word' id='word_1_458' title='bbox 1256 3179 1519 3247; x_wconf 79' lang='grc' dir='ltr'>Ὠρεῖται,</span> <span class='ocrx_word' id='word_1_459' title='bbox 1568 3179 1770 3248; x_wconf 86' lang='grc' dir='ltr'>χαλκαί</span> 
     </span>
    </p>
   </div>
   <div class='ocr_carea' id='block_1_63' title="bbox 1867 3179 3448 3267">
    <p class='ocr_par' dir='ltr' id='par_1_63' title="bbox 1874 3180 3448 3267">
     <span class='ocr_line' id='line_1_63' title="bbox 1874 3180 3448 3267; baseline 0.013 -35"><span class='ocrx_word' id='word_1_460' title='bbox 1874 3180 1924 3233; x_wconf 93' lang='lat' dir='ltr'><strong>in</strong></span> <span class='ocrx_word' id='word_1_461' title='bbox 1954 3182 2152 3235; x_wconf 86' lang='lat' dir='ltr'><strong>ostreis</strong></span> <span class='ocrx_word' id='word_1_462' title='bbox 2182 3183 2357 3236; x_wconf 90' lang='lat' dir='ltr'><strong>locum</strong></span> <span class='ocrx_word' id='word_1_463' title='bbox 2394 3186 2573 3241; x_wconf 88' lang='lat' dir='ltr'><strong>cordis</strong></span> <span class='ocrx_word' id='word_1_464' title='bbox 2606 3188 2861 3244; x_wconf 91' lang='lat' dir='ltr'><strong>dicuntur</strong></span> <span class='ocrx_word' id='word_1_465' title='bbox 2893 3192 3159 3249; x_wconf 87' lang='lat' dir='ltr'><strong>obtinere.</strong></span> <span class='ocrx_word' id='word_1_466' title='bbox 3186 3198 3448 3267; x_wconf 78' lang='lat' dir='ltr'><strong>Attigisse</strong></span> 
     </span>
    </p>
   </div>
   <div class='ocr_carea' id='block_1_64' title="bbox 189 3267 1765 3348">
    <p class='ocr_par' dir='ltr' id='par_1_64' title="bbox 189 3267 1765 3348">
     <span class='ocr_line' id='line_1_64' title="bbox 189 3267 1765 3348; baseline -0.006 -17"><span class='ocrx_word' id='word_1_467' title='bbox 189 3283 288 3348; x_wconf 80' lang='grc' dir='ltr'>μὲν</span> <span class='ocrx_word' id='word_1_468' title='bbox 318 3277 502 3338; x_wconf 80' lang='grc' dir='ltr'>αὐτοῖς</span> <span class='ocrx_word' id='word_1_469' title='bbox 530 3276 586 3327; x_wconf 77' lang='grc' dir='ltr'>αἱ</span> <span class='ocrx_word' id='word_1_470' title='bbox 619 3273 837 3341; x_wconf 84' lang='grc' dir='ltr'>πέτραι,</span> <span class='ocrx_word' id='word_1_471' title='bbox 870 3268 1046 3338; x_wconf 80' lang='grc' dir='ltr'>χαλκῆ</span> <span class='ocrx_word' id='word_1_472' title='bbox 1088 3267 1145 3320; x_wconf 82' lang='grc' dir='ltr'>δὲ</span> <span class='ocrx_word' id='word_1_473' title='bbox 1192 3270 1223 3337; x_wconf 90' lang='grc' dir='ltr'><strong>ή</strong></span> <span class='ocrx_word' id='word_1_474' title='bbox 1251 3268 1500 3339; x_wconf 70' lang='grc' dir='ltr'>ψάμμος,</span> <span class='ocrx_word' id='word_1_475' title='bbox 1529 3268 1765 3337; x_wconf 80' lang='grc' dir='ltr'>χαλκοῦν</span> 
     </span>
    </p>
   </div>
   <div class='ocr_carea' id='block_1_65' title="bbox 182 3358 1764 3437">
    <p class='ocr_par' dir='ltr' id='par_1_65' title="bbox 182 3358 1764 3437">
     <span class='ocr_line' id='line_1_65' title="bbox 182 3358 1764 3437; baseline -0.002 -21"><span class='ocrx_word' id='word_1_476' title='bbox 182 3370 240 3422; x_wconf 79' lang='grc' dir='ltr'>δὲ</span> <span class='ocrx_word' id='word_1_477' title='bbox 264 3369 465 3437; x_wconf 71' lang='grc' dir='ltr'>ψῆγμα</span> <span class='ocrx_word' id='word_1_478' title='bbox 490 3366 537 3418; x_wconf 78' lang='grc' dir='ltr'>οἱ</span> <span class='ocrx_word' id='word_1_479' title='bbox 568 3360 801 3430; x_wconf 79' lang='grc' dir='ltr'>ποταμοὶ</span> <span class='ocrx_word' id='word_1_480' title='bbox 830 3360 1053 3425; x_wconf 76' lang='grc' dir='ltr'>ἄγουσι·</span> <span class='ocrx_word' id='word_1_481' title='bbox 1105 3361 1351 3427; x_wconf 85' lang='grc' dir='ltr'>χρυσῖτιν</span> <span class='ocrx_word' id='word_1_482' title='bbox 1418 3358 1463 3410; x_wconf 85' lang='grc' dir='ltr'>δ’</span> <span class='ocrx_word' id='word_1_483' title='bbox 1504 3360 1764 3428; x_wconf 80' lang='grc' dir='ltr'>ήγοῦνται</span> 
     </span>
    </p>
   </div>
   <div class='ocr_carea' id='block_1_66' title="bbox 182 3447 1762 3531">
    <p class='ocr_par' dir='ltr' id='par_1_66' title="bbox 182 3447 1762 3531">
     <span class='ocr_line' id='line_1_66' title="bbox 182 3447 1762 3531; baseline -0.011 -18"><span class='ocrx_word' id='word_1_484' title='bbox 182 3463 284 3531; x_wconf 84' lang='grc' dir='ltr'>τὴν</span> <span class='ocrx_word' id='word_1_485' title='bbox 316 3459 421 3528; x_wconf 81' lang='grc' dir='ltr'>γῆν</span> <span class='ocrx_word' id='word_1_486' title='bbox 469 3454 558 3508; x_wconf 86' lang='grc' dir='ltr'><strong>διὰ</strong></span> <span class='ocrx_word' id='word_1_487' title='bbox 611 3453 709 3524; x_wconf 79' lang='grc' dir='ltr'>τὴν</span> <span class='ocrx_word' id='word_1_488' title='bbox 743 3452 1019 3519; x_wconf 84' lang='grc' dir='ltr'>εὐγένειαν</span> <span class='ocrx_word' id='word_1_489' title='bbox 1072 3448 1165 3501; x_wconf 79' lang='grc' dir='ltr'>τοῦ</span> <span class='ocrx_word' id='word_1_490' title='bbox 1198 3447 1421 3518; x_wconf 82' lang='grc' dir='ltr'>χαλκοῦ.</span> <span class='ocrx_word' id='word_1_491' title='bbox 1459 3448 1597 3501; x_wconf 76' lang='grc' dir='ltr'>Φασὶ</span> <span class='ocrx_word' id='word_1_492' title='bbox 1630 3449 1676 3479; x_wconf 78' lang='grc'><strong>⁸⁸</strong></span> <span class='ocrx_word' id='word_1_493' title='bbox 1704 3449 1762 3502; x_wconf 84' lang='grc' dir='ltr'>δὲ</span> 
     </span>
    </p>
   </div>
   <div class='ocr_carea' id='block_1_67' title="bbox 184 3533 1759 3615">
    <p class='ocr_par' dir='ltr' id='par_1_67' title="bbox 184 3533 1759 3615">
     <span class='ocr_line' id='line_1_67' title="bbox 184 3533 1759 3615; baseline -0.008 -11"><span class='ocrx_word' id='word_1_494' title='bbox 184 3552 280 3604; x_wconf 69' lang='grc' dir='ltr'>καῖ</span> <span class='ocrx_word' id='word_1_495' title='bbox 305 3551 418 3610; x_wconf 83' lang='grc' dir='ltr'>τοῖς</span> <span class='ocrx_word' id='word_1_496' title='bbox 450 3544 794 3615; x_wconf 68' lang='grc' dir='ltr'>ίχθυοφάγοις</span> <span class='ocrx_word' id='word_1_497' title='bbox 844 3542 1107 3609; x_wconf 75' lang='grc' dir='ltr'>ἐντυχεῖν,</span> <span class='ocrx_word' id='word_1_498' title='bbox 1157 3536 1237 3601; x_wconf 76' lang='grc' dir='ltr'>οἷς</span> <span class='ocrx_word' id='word_1_499' title='bbox 1276 3539 1431 3591; x_wconf 75' lang='grc' dir='ltr'>πόλιν</span> <span class='ocrx_word' id='word_1_500' title='bbox 1458 3533 1596 3591; x_wconf 78' lang='grc' dir='ltr'>εἶναι</span> <span class='ocrx_word' id='word_1_501' title='bbox 1631 3539 1759 3592; x_wconf 85' lang='grc' dir='ltr'>Στό-</span> 
     </span>
    </p>
   </div>
   <div class='ocr_carea' id='block_1_68' title="bbox 182 3630 1759 3713">
    <p class='ocr_par' dir='ltr' id='par_1_68' title="bbox 182 3630 1759 3713">
     <span class='ocr_line' id='line_1_68' title="bbox 182 3630 1759 3713; baseline -0.006 -19"><span class='ocrx_word' id='word_1_502' title='bbox 182 3644 370 3713; x_wconf 79' lang='grc' dir='ltr'>6ηρα’</span> <span class='ocrx_word' id='word_1_503' title='bbox 419 3638 676 3705; x_wconf 77' lang='grc' dir='ltr'>διφθέρας</span> <span class='ocrx_word' id='word_1_504' title='bbox 723 3634 779 3685; x_wconf 79' lang='grc' dir='ltr'>δὲ</span> <span class='ocrx_word' id='word_1_505' title='bbox 831 3632 1053 3693; x_wconf 78' lang='grc' dir='ltr'>τούτους</span> <span class='ocrx_word' id='word_1_506' title='bbox 1103 3632 1148 3661; x_wconf 83' lang='grc'><em>⁸³</em></span> <span class='ocrx_word' id='word_1_507' title='bbox 1201 3630 1431 3699; x_wconf 81' lang='grc' dir='ltr'>ὲνῆφθαι</span> <span class='ocrx_word' id='word_1_508' title='bbox 1487 3632 1759 3699; x_wconf 82' lang='grc' dir='ltr'>μεγίστων</span> 
     </span>
    </p>
   </div>
   <div class='ocr_carea' id='block_1_69' title="bbox 181 3716 1757 3804">
    <p class='ocr_par' dir='ltr' id='par_1_69' title="bbox 181 3716 1757 3804">
     <span class='ocr_line' id='line_1_69' title="bbox 181 3716 1757 3804; baseline -0.006 -17"><span class='ocrx_word' id='word_1_509' title='bbox 181 3736 411 3804; x_wconf 86' lang='grc' dir='ltr'>ίχθύων.</span> <span class='ocrx_word' id='word_1_510' title='bbox 441 3731 550 3783; x_wconf 77' lang='grc' dir='ltr'><strong>Καὶ</strong></span> <span class='ocrx_word' id='word_1_511' title='bbox 581 3730 649 3780; x_wconf 75' lang='grc' dir='ltr'><strong>τὰ</strong></span> <span class='ocrx_word' id='word_1_512' title='bbox 675 3724 921 3793; x_wconf 77' lang='grc' dir='ltr'>πρόϐατα</span> <span class='ocrx_word' id='word_1_513' title='bbox 942 3725 1055 3775; x_wconf 83' lang='grc' dir='ltr'>ἐκεῖ</span> <span class='ocrx_word' id='word_1_514' title='bbox 1080 3721 1311 3792; x_wconf 78' lang='grc' dir='ltr'>ἰχθυὼδη</span> <span class='ocrx_word' id='word_1_515' title='bbox 1323 3716 1462 3774; x_wconf 76' lang='grc' dir='ltr'>εἶναι</span> <span class='ocrx_word' id='word_1_516' title='bbox 1483 3722 1562 3793; x_wconf 79' lang='grc' dir='ltr'><strong>(ἐξ</strong></span> <span class='ocrx_word' id='word_1_517' title='bbox 1579 3722 1757 3777; x_wconf 80' lang='grc' dir='ltr'>αὐτῶν</span> 
     </span>
    </p>
   </div>
   <div class='ocr_carea' id='block_1_70' title="bbox 176 3813 1754 3895">
    <p class='ocr_par' dir='ltr' id='par_1_70' title="bbox 176 3813 1754 3895">
     <span class='ocr_line' id='line_1_70' title="bbox 176 3813 1754 3895; baseline -0.008 -17"><span class='ocrx_word' id='word_1_518' title='bbox 176 3828 248 3895; x_wconf 65' lang='grc' dir='ltr'>γᾶ</span> <span class='ocrx_word' id='word_1_519' title='bbox 258 3844 290 3895; x_wconf 89' lang='grc' dir='ltr'><strong>ρ</strong></span> <span class='ocrx_word' id='word_1_520' title='bbox 321 3823 603 3892; x_wconf 81' lang='grc' dir='ltr'>τρέφεται)</span> <span class='ocrx_word' id='word_1_521' title='bbox 635 3820 726 3872; x_wconf 70' lang='grc' dir='ltr'>καὶ</span> <span class='ocrx_word' id='word_1_522' title='bbox 759 3818 953 3886; x_wconf 80' lang='grc' dir='ltr'>φαγεῖν</span> <span class='ocrx_word' id='word_1_523' title='bbox 970 3815 1165 3867; x_wconf 79' lang='grc' dir='ltr'>ἄτοπα.</span> <span class='ocrx_word' id='word_1_524' title='bbox 1189 3814 1479 3884; x_wconf 65' lang='grc' dir='ltr'><strong>Κιιρμανο)⁸</strong></span> <span class='ocrx_word' id='word_1_525' title='bbox 1499 3813 1556 3866; x_wconf 77' lang='grc' dir='ltr'>δὲ</span> <span class='ocrx_word' id='word_1_526' title='bbox 1581 3814 1754 3880; x_wconf 77' lang='grc' dir='ltr'>Ἰνδοὶ,</span> 
     </span>
    </p>
   </div>
   <div class='ocr_carea' id='block_1_71' title="bbox 178 3901 1755 3985">
    <p class='ocr_par' dir='ltr' id='par_1_71' title="bbox 178 3901 1755 3985">
     <span class='ocr_line' id='line_1_71' title="bbox 178 3901 1755 3985; baseline -0.003 -25"><span class='ocrx_word' id='word_1_527' title='bbox 178 3919 335 3985; x_wconf 78' lang='grc' dir='ltr'>γένος</span> <span class='ocrx_word' id='word_1_528' title='bbox 367 3915 595 3981; x_wconf 74' lang='grc' dir='ltr'>ἥμερον,</span> <span class='ocrx_word' id='word_1_529' title='bbox 647 3907 866 3976; x_wconf 81' lang='grc' dir='ltr'>εὓῖχθυν</span> <span class='ocrx_word' id='word_1_530' title='bbox 901 3905 1043 3959; x_wconf 79' lang='grc' dir='ltr'>οὕτω</span> <span class='ocrx_word' id='word_1_531' title='bbox 1072 3904 1327 3974; x_wconf 85' lang='grc' dir='ltr'>νέμονται</span> <span class='ocrx_word' id='word_1_532' title='bbox 1361 3901 1635 3956; x_wconf 83' lang='grc' dir='ltr'>θάλατταν</span> <span class='ocrx_word' id='word_1_533' title='bbox 1680 3905 1755 3967; x_wconf 84' lang='grc' dir='ltr'><strong>ὡς</strong></span> 
     </span>
    </p>
   </div>
   <div class='ocr_carea' id='block_1_72' title="bbox 179 3992 1758 4077">
    <p class='ocr_par' dir='ltr' id='par_1_72' title="bbox 179 3992 1758 4077">
     <span class='ocr_line' id='line_1_72' title="bbox 179 3992 1758 4077; baseline -0.009 -19"><span class='ocrx_word' id='word_1_534' title='bbox 179 4007 309 4077; x_wconf 84' lang='grc' dir='ltr'>μηδ’</span> <span class='ocrx_word' id='word_1_535' title='bbox 368 4001 664 4061; x_wconf 70' lang='grc' dir='ltr'>ἀποθέτους</span> <span class='ocrx_word' id='word_1_536' title='bbox 718 3995 989 4049; x_wconf 81' lang='grc' dir='ltr'>ποιεῖσθαι</span> <span class='ocrx_word' id='word_1_537' title='bbox 1043 3995 1172 4057; x_wconf 81' lang='grc' dir='ltr'>τοὺς</span> <span class='ocrx_word' id='word_1_538' title='bbox 1228 3992 1379 4064; x_wconf 83' lang='grc' dir='ltr'>ίχθῦς</span> <span class='ocrx_word' id='word_1_539' title='bbox 1442 3992 1576 4063; x_wconf 85' lang='grc' dir='ltr'>μηδὲ</span> <span class='ocrx_word' id='word_1_540' title='bbox 1603 4009 1758 4063; x_wconf 88' lang='grc' dir='ltr'>ταρι-</span> 
     </span>
    </p>
   </div>
   <div class='ocr_carea' id='block_1_73' title="bbox 174 4084 1755 4169">
    <p class='ocr_par' dir='ltr' id='par_1_73' title="bbox 174 4084 1755 4169">
     <span class='ocr_line' id='line_1_73' title="bbox 174 4084 1755 4169; baseline -0.009 -18"><span class='ocrx_word' id='word_1_541' title='bbox 174 4099 391 4169; x_wconf 74' lang='grc' dir='ltr'>χεύεινο</span> <span class='ocrx_word' id='word_1_542' title='bbox 441 4091 579 4146; x_wconf 80' lang='grc' dir='ltr'>εἶναι</span> <span class='ocrx_word' id='word_1_543' title='bbox 625 4090 734 4161; x_wconf 81' lang='grc' dir='ltr'>γὰρ</span> <span class='ocrx_word' id='word_1_544' title='bbox 784 4089 968 4151; x_wconf 80' lang='grc' dir='ltr'>αὐτοῖς</span> <span class='ocrx_word' id='word_1_545' title='bbox 1013 4087 1106 4140; x_wconf 80' lang='grc' dir='ltr'>ἐπὶ</span> <span class='ocrx_word' id='word_1_546' title='bbox 1147 4088 1335 4157; x_wconf 84' lang='grc' dir='ltr'>χεῖρας</span> <span class='ocrx_word' id='word_1_547' title='bbox 1365 4084 1413 4117; x_wconf 69' lang='grc'>⁸⁸</span> <span class='ocrx_word' id='word_1_548' title='bbox 1445 4085 1570 4147; x_wconf 83' lang='grc' dir='ltr'>τοὺς</span> <span class='ocrx_word' id='word_1_549' title='bbox 1602 4084 1755 4155; x_wconf 84' lang='grc' dir='ltr'>ίχθῦς</span> 
     </span>
    </p>
   </div>
   <div class='ocr_carea' id='block_1_74' title="bbox 171 4178 1032 4248">
    <p class='ocr_par' dir='ltr' id='par_1_74' title="bbox 171 4178 1032 4248">
     <span class='ocr_line' id='line_1_74' title="bbox 171 4178 1032 4248; baseline -0.01 -8"><span class='ocrx_word' id='word_1_550' title='bbox 171 4188 262 4241; x_wconf 85' lang='grc' dir='ltr'><strong>διὰ</strong></span> <span class='ocrx_word' id='word_1_551' title='bbox 286 4184 509 4247; x_wconf 80' lang='grc' dir='ltr'>παντὸς,</span> <span class='ocrx_word' id='word_1_552' title='bbox 539 4183 695 4241; x_wconf 83' lang='grc' dir='ltr'>ὅσους</span> <span class='ocrx_word' id='word_1_553' title='bbox 736 4178 1032 4248; x_wconf 87' lang='grc' dir='ltr'>βούλονται.</span> 
     </span>
    </p>
   </div>
   <div class='ocr_carea' id='block_1_75' title="bbox 1870 3268 3445 3355">
    <p class='ocr_par' dir='ltr' id='par_1_75' title="bbox 1870 3268 3445 3355">
     <span class='ocr_line' id='line_1_75' title="bbox 1870 3268 3445 3355; baseline 0.015 -37"><span class='ocrx_word' id='word_1_554' title='bbox 1870 3282 2083 3335; x_wconf 86' lang='lat' dir='ltr'><strong>quoque</strong></span> <span class='ocrx_word' id='word_1_555' title='bbox 2104 3268 2284 3323; x_wconf 82' lang='lat' dir='ltr'><strong>ferunt</strong></span> <span class='ocrx_word' id='word_1_556' title='bbox 2311 3270 2652 3343; x_wconf 77' lang='lat' dir='ltr'><strong>Enpegadetn</strong></span> <span class='ocrx_word' id='word_1_557' title='bbox 2704 3277 2804 3349; x_wconf 82' lang='grc' dir='ltr'>[αι.</span> <span class='ocrx_word' id='word_1_558' title='bbox 2835 3280 3131 3355; x_wconf 78' lang='lat' dir='ltr'><strong>Podagem]</strong></span> <span class='ocrx_word' id='word_1_559' title='bbox 3164 3283 3445 3342; x_wconf 85' lang='lat' dir='ltr'><strong>Oritarum</strong></span> 
     </span>
    </p>
   </div>
   <div class='ocr_carea' id='block_1_76' title="bbox 1868 3358 3443 3444">
    <p class='ocr_par' dir='ltr' id='par_1_76' title="bbox 1868 3358 3443 3444">
     <span class='ocr_line' id='line_1_76' title="bbox 1868 3358 3443 3444; baseline 0.013 -36"><span class='ocrx_word' id='word_1_560' title='bbox 1868 3358 2144 3426; x_wconf 70' lang='lat' dir='ltr'><strong>regionem</strong></span> <span class='ocrx_word' id='word_1_561' title='bbox 2190 3375 2203 3411; x_wconf 88' lang='lat'><strong>:</strong></span> <span class='ocrx_word' id='word_1_562' title='bbox 2237 3361 2377 3427; x_wconf 84' lang='lat' dir='ltr'><strong>apud</strong></span> <span class='ocrx_word' id='word_1_563' title='bbox 2424 3376 2560 3429; x_wconf 86' lang='lat' dir='ltr'><strong>quos</strong></span> <span class='ocrx_word' id='word_1_564' title='bbox 2601 3378 2766 3419; x_wconf 63' lang='lat' dir='ltr'><strong>teneas</strong></span> <span class='ocrx_word' id='word_1_565' title='bbox 2806 3378 2934 3421; x_wconf 89' lang='lat' dir='ltr'><strong>sunt</strong></span> <span class='ocrx_word' id='word_1_566' title='bbox 2964 3380 3151 3438; x_wconf 62' lang='lat' dir='ltr'><strong>petrae,</strong></span> <span class='ocrx_word' id='word_1_567' title='bbox 3183 3389 3443 3444; x_wconf 71' lang='lat' dir='ltr'><strong>tensaque</strong></span> 
     </span>
    </p>
   </div>
   <div class='ocr_carea' id='block_1_77' title="bbox 1864 3449 3443 3529">
    <p class='ocr_par' dir='ltr' id='par_1_77' title="bbox 1864 3449 3443 3529">
     <span class='ocr_line' id='line_1_77' title="bbox 1864 3449 3443 3529; baseline 0.014 -33"><span class='ocrx_word' id='word_1_568' title='bbox 1864 3459 2045 3504; x_wconf 88' lang='lat' dir='ltr'><strong>arena.</strong></span> <span class='ocrx_word' id='word_1_569' title='bbox 2102 3450 2226 3501; x_wconf 72' lang='lat' dir='ltr'><strong>aeris</strong></span> <span class='ocrx_word' id='word_1_570' title='bbox 2275 3450 2436 3502; x_wconf 90' lang='lat' dir='ltr'><strong>etiam</strong></span> <span class='ocrx_word' id='word_1_571' title='bbox 2484 3449 2653 3505; x_wconf 80' lang='lat' dir='ltr'><strong>frusta</strong></span> <span class='ocrx_word' id='word_1_572' title='bbox 2692 3454 2908 3510; x_wconf 79' lang='lat' dir='ltr'><strong>deferre</strong></span> <span class='ocrx_word' id='word_1_573' title='bbox 2941 3458 3133 3515; x_wconf 85' lang='lat' dir='ltr'><strong>ﬂuvios</strong></span> <span class='ocrx_word' id='word_1_574' title='bbox 3172 3478 3443 3529; x_wconf 87' lang='lat' dir='ltr'><strong>asserunt,</strong></span> 
     </span>
    </p>
   </div>
   <div class='ocr_carea' id='block_1_78' title="bbox 1862 3544 3442 3619">
    <p class='ocr_par' dir='ltr' id='par_1_78' title="bbox 1862 3544 3442 3619">
     <span class='ocr_line' id='line_1_78' title="bbox 1862 3544 3442 3619; baseline 0.013 -30"><span class='ocrx_word' id='word_1_575' title='bbox 1862 3546 1917 3589; x_wconf 89' lang='lat' dir='ltr'><strong>et</strong></span> <span class='ocrx_word' id='word_1_576' title='bbox 1958 3552 2181 3592; x_wconf 88' lang='lat' dir='ltr'><strong>auream</strong></span> <span class='ocrx_word' id='word_1_577' title='bbox 2228 3550 2428 3595; x_wconf 89' lang='lat' dir='ltr'><strong>terram</strong></span> <span class='ocrx_word' id='word_1_578' title='bbox 2473 3544 2697 3612; x_wconf 86' lang='lat' dir='ltr'><strong>ducunt,</strong></span> <span class='ocrx_word' id='word_1_579' title='bbox 2747 3560 2966 3617; x_wconf 86' lang='lat' dir='ltr'><strong>propter</strong></span> <span class='ocrx_word' id='word_1_580' title='bbox 3013 3554 3246 3619; x_wconf 86' lang='lat' dir='ltr'><strong>pretium</strong></span> <span class='ocrx_word' id='word_1_581' title='bbox 3298 3560 3442 3610; x_wconf 67' lang='lat' dir='ltr'><strong>a&#39;l&#39;ia.</strong></span> 
     </span>
    </p>
   </div>
   <div class='ocr_carea' id='block_1_79' title="bbox 1856 3626 3443 3715">
    <p class='ocr_par' dir='ltr' id='par_1_79' title="bbox 1856 3626 3443 3715">
     <span class='ocr_line' id='line_1_79' title="bbox 1856 3626 3443 3715; baseline 0.013 -37"><span class='ocrx_word' id='word_1_582' title='bbox 1856 3626 2051 3679; x_wconf 88' lang='lat' dir='ltr'><strong>Dicunt</strong></span> <span class='ocrx_word' id='word_1_583' title='bbox 2076 3638 2133 3682; x_wconf 90' lang='lat' dir='ltr'><strong>et</strong></span> <span class='ocrx_word' id='word_1_584' title='bbox 2164 3643 2223 3683; x_wconf 89' lang='lat' dir='ltr'><strong>se</strong></span> <span class='ocrx_word' id='word_1_585' title='bbox 2250 3630 2663 3702; x_wconf 79' lang='lat' dir='ltr'><strong>icltthyopltagis</strong></span> <span class='ocrx_word' id='word_1_586' title='bbox 2692 3636 2899 3693; x_wconf 92' lang='lat' dir='ltr'><strong>locutos</strong></span> <span class='ocrx_word' id='word_1_587' title='bbox 2927 3655 3072 3706; x_wconf 83' lang='lat' dir='ltr'><strong>esse,</strong></span> <span class='ocrx_word' id='word_1_588' title='bbox 3104 3647 3195 3708; x_wconf 78' lang='lat' dir='ltr'><strong>qui</strong></span> <span class='ocrx_word' id='word_1_589' title='bbox 3230 3648 3396 3701; x_wconf 72' lang='lat' dir='ltr'><strong>urbet;</strong></span> <span class='ocrx_word' id='word_1_590' title='bbox 3420 3687 3443 3715; x_wconf 87' lang='grc'><strong>,</strong></span> 
     </span>
    </p>
   </div>
   <div class='ocr_carea' id='block_1_80' title="bbox 1854 3718 3441 3805">
    <p class='ocr_par' dir='ltr' id='par_1_80' title="bbox 1854 3718 3441 3805">
     <span class='ocr_line' id='line_1_80' title="bbox 1854 3718 3441 3805; baseline 0.013 -34"><span class='ocrx_word' id='word_1_591' title='bbox 1854 3718 2098 3775; x_wconf 87' lang='lat' dir='ltr'><strong>incolunt</strong></span> <span class='ocrx_word' id='word_1_592' title='bbox 2146 3724 2363 3777; x_wconf 88' lang='lat' dir='ltr'><strong>nomine</strong></span> <span class='ocrx_word' id='word_1_593' title='bbox 2415 3722 2643 3780; x_wconf 90' lang='lat' dir='ltr'><strong>Stohera</strong></span> <span class='ocrx_word' id='word_1_594' title='bbox 2689 3743 2703 3780; x_wconf 90' lang='lat'><strong>:</strong></span> <span class='ocrx_word' id='word_1_595' title='bbox 2750 3730 2836 3784; x_wconf 93' lang='lat' dir='ltr'><strong>ubi</strong></span> <span class='ocrx_word' id='word_1_596' title='bbox 2884 3746 2949 3786; x_wconf 83' lang='lat' dir='ltr'><strong>ex</strong></span> <span class='ocrx_word' id='word_1_597' title='bbox 2995 3749 3312 3805; x_wconf 86' lang='lat' dir='ltr'><strong>magnorum</strong></span> <span class='ocrx_word' id='word_1_598' title='bbox 3360 3743 3441 3805; x_wconf 78' lang='lat' dir='ltr'><strong>pi-</strong></span> 
     </span>
    </p>
   </div>
   <div class='ocr_carea' id='block_1_81' title="bbox 1852 3812 3441 3897">
    <p class='ocr_par' dir='ltr' id='par_1_81' title="bbox 1852 3812 3441 3897">
     <span class='ocr_line' id='line_1_81' title="bbox 1852 3812 3441 3897; baseline 0.013 -32"><span class='ocrx_word' id='word_1_599' title='bbox 1852 3812 2022 3865; x_wconf 88' lang='lat' dir='ltr'><strong>scium</strong></span> <span class='ocrx_word' id='word_1_600' title='bbox 2059 3814 2387 3869; x_wconf 89' lang='lat' dir='ltr'><strong>membranis</strong></span> <span class='ocrx_word' id='word_1_601' title='bbox 2417 3826 2593 3872; x_wconf 81' lang='lat' dir='ltr'><strong>vestes</strong></span> <span class='ocrx_word' id='word_1_602' title='bbox 2643 3820 2932 3889; x_wconf 81' lang='lat' dir='ltr'><strong>intexunt;</strong></span> <span class='ocrx_word' id='word_1_603' title='bbox 2980 3824 3163 3895; x_wconf 89' lang='lat' dir='ltr'><strong>ibique</strong></span> <span class='ocrx_word' id='word_1_604' title='bbox 3206 3832 3441 3897; x_wconf 85' lang='lat' dir='ltr'><strong>pccuds</strong></span> 
     </span>
    </p>
   </div>
   <div class='ocr_carea' id='block_1_82' title="bbox 1852 3903 3437 3987">
    <p class='ocr_par' dir='ltr' id='par_1_82' title="bbox 1852 3903 3437 3987">
     <span class='ocr_line' id='line_1_82' title="bbox 1852 3903 3437 3987; baseline 0.011 -32"><span class='ocrx_word' id='word_1_605' title='bbox 1852 3903 2013 3955; x_wconf 84' lang='lat' dir='ltr'><strong>etiam</strong></span> <span class='ocrx_word' id='word_1_606' title='bbox 2053 3919 2250 3974; x_wconf 88' lang='lat' dir='ltr'><strong>sapore</strong></span> <span class='ocrx_word' id='word_1_607' title='bbox 2276 3922 2395 3960; x_wconf 86' lang='lat' dir='ltr'><strong>esse</strong></span> <span class='ocrx_word' id='word_1_608' title='bbox 2424 3909 2662 3976; x_wconf 84' lang='lat' dir='ltr'><strong>piscibus</strong></span> <span class='ocrx_word' id='word_1_609' title='bbox 2710 3913 2933 3980; x_wconf 80' lang='lat' dir='ltr'><strong>similes,</strong></span> <span class='ocrx_word' id='word_1_610' title='bbox 2968 3918 3111 3985; x_wconf 88' lang='lat' dir='ltr'><strong>quod</strong></span> <span class='ocrx_word' id='word_1_611' title='bbox 3147 3920 3321 3987; x_wconf 87' lang='lat' dir='ltr'><strong>pisces</strong></span> <span class='ocrx_word' id='word_1_612' title='bbox 3345 3938 3437 3975; x_wconf 87' lang='lat' dir='ltr'><strong>co-</strong></span> 
     </span>
    </p>
   </div>
   <div class='ocr_carea' id='block_1_83' title="bbox 1866 3995 3434 4065">
    <p class='ocr_par' dir='ltr' id='par_1_83' title="bbox 1866 3995 3434 4065">
     <span class='ocr_line' id='line_1_83' title="bbox 1866 3995 3434 4065; baseline 0.013 -22"><span class='ocrx_word' id='word_1_613' title='bbox 1866 3995 2104 4061; x_wconf 86' lang='lat' dir='ltr'><strong>medam,</strong></span> <span class='ocrx_word' id='word_1_614' title='bbox 2144 4010 2371 4065; x_wconf 70' lang='lat' dir='ltr'><strong>qumque</strong></span> <span class='ocrx_word' id='word_1_615' title='bbox 2416 3999 2639 4053; x_wconf 89' lang='lat' dir='ltr'><strong>minime</strong></span> <span class='ocrx_word' id='word_1_616' title='bbox 2684 4011 2891 4056; x_wconf 62' lang='lat' dir='ltr'><strong>natura:</strong></span> <span class='ocrx_word' id='word_1_617' title='bbox 2932 4018 3044 4059; x_wconf 69' lang='lat' dir='ltr'><strong>sua:</strong></span> <span class='ocrx_word' id='word_1_618' title='bbox 3084 4010 3434 4063; x_wconf 51' lang='lat' dir='ltr'><strong>conveniatvt.</strong></span> 
     </span>
    </p>
   </div>
   <div class='ocr_carea' id='block_1_84' title="bbox 1860 4081 3437 4167">
    <p class='ocr_par' dir='ltr' id='par_1_84' title="bbox 1860 4081 3437 4167">
     <span class='ocr_line' id='line_1_84' title="bbox 1860 4081 3437 4167; baseline 0.013 -34"><span class='ocrx_word' id='word_1_619' title='bbox 1860 4081 1973 4137; x_wconf 90' lang='lat' dir='ltr'><strong>ludi</strong></span> <span class='ocrx_word' id='word_1_620' title='bbox 2002 4100 2131 4139; x_wconf 86' lang='lat' dir='ltr'><strong>vero</strong></span> <span class='ocrx_word' id='word_1_621' title='bbox 2165 4086 2417 4141; x_wconf 87' lang='lat' dir='ltr'><strong>Carmani</strong></span> <span class='ocrx_word' id='word_1_622' title='bbox 2450 4093 2836 4157; x_wconf 85' lang='lat' dir='ltr'><strong>cognominati,</strong></span> <span class='ocrx_word' id='word_1_623' title='bbox 2886 4109 3055 4161; x_wconf 91' lang='lat' dir='ltr'><strong>genus</strong></span> <span class='ocrx_word' id='word_1_624' title='bbox 3088 4099 3250 4167; x_wconf 83' lang='lat' dir='ltr'><strong>plane</strong></span> <span class='ocrx_word' id='word_1_625' title='bbox 3283 4117 3437 4154; x_wconf 84' lang='lat' dir='ltr'><strong>man-</strong></span> 
     </span>
    </p>
   </div>
   <div class='ocr_carea' id='block_1_85' title="bbox 1856 4178 3433 4261">
    <p class='ocr_par' dir='ltr' id='par_1_85' title="bbox 1856 4178 3433 4261">
     <span class='ocr_line' id='line_1_85' title="bbox 1856 4178 3433 4261; baseline 0.012 -34"><span class='ocrx_word' id='word_1_626' title='bbox 1856 4184 2093 4239; x_wconf 85' lang='lat' dir='ltr'><strong>suetum,</strong></span> <span class='ocrx_word' id='word_1_627' title='bbox 2131 4178 2268 4231; x_wconf 90' lang='lat' dir='ltr'><strong>adeo</strong></span> <span class='ocrx_word' id='word_1_628' title='bbox 2292 4178 2718 4245; x_wconf 81' lang='lat' dir='ltr'><strong>piscosummare</strong></span> <span class='ocrx_word' id='word_1_629' title='bbox 2742 4185 3031 4249; x_wconf 88' lang='lat' dir='ltr'><strong>accolunt,</strong></span> <span class='ocrx_word' id='word_1_630' title='bbox 3069 4200 3125 4240; x_wconf 91' lang='lat' dir='ltr'><strong>ut</strong></span> <span class='ocrx_word' id='word_1_631' title='bbox 3156 4205 3433 4261; x_wconf 88' lang='lat' dir='ltr'><strong>nunquam</strong></span> 
     </span>
    </p>
   </div>
   <div class='ocr_carea' id='block_1_86' title="bbox 171 4264 3435 4347">
    <p class='ocr_par' dir='ltr' id='par_1_86' title="bbox 171 4264 3435 4347">
     <span class='ocr_line' id='line_1_86' title="bbox 171 4264 3435 4347; baseline 0.002 -17"><span class='ocrx_word' id='word_1_632' title='bbox 171 4277 426 4335; x_wconf 76' lang='lat' dir='ltr'><strong>servandi</strong></span> <span class='ocrx_word' id='word_1_633' title='bbox 474 4288 636 4328; x_wconf 89' lang='lat' dir='ltr'><strong>causa</strong></span> <span class='ocrx_word' id='word_1_634' title='bbox 684 4272 861 4342; x_wconf 87' lang='lat' dir='ltr'><strong>pisces</strong></span> <span class='ocrx_word' id='word_1_635' title='bbox 893 4276 1193 4338; x_wconf 90' lang='lat' dir='ltr'><strong>reponant,</strong></span> <span class='ocrx_word' id='word_1_636' title='bbox 1240 4282 1416 4340; x_wconf 89' lang='lat' dir='ltr'><strong>neque</strong></span> <span class='ocrx_word' id='word_1_637' title='bbox 1450 4267 1596 4337; x_wconf 89' lang='lat' dir='ltr'><strong>ipsos</strong></span> <span class='ocrx_word' id='word_1_638' title='bbox 1640 4264 1755 4321; x_wconf 90' lang='lat' dir='ltr'><strong>sale</strong></span> <span class='ocrx_word' id='word_1_639' title='bbox 1792 4265 2050 4319; x_wconf 86' lang='lat' dir='ltr'><strong>condiant</strong></span> <span class='ocrx_word' id='word_1_640' title='bbox 2098 4285 2112 4321; x_wconf 91' lang='lat'><strong>:</strong></span> <span class='ocrx_word' id='word_1_641' title='bbox 2160 4278 2288 4322; x_wconf 87' lang='lat' dir='ltr'><strong>sunt</strong></span> <span class='ocrx_word' id='word_1_642' title='bbox 2365 4271 2508 4324; x_wconf 89' lang='lat' dir='ltr'><strong>enim</strong></span> <span class='ocrx_word' id='word_1_643' title='bbox 2556 4271 2691 4338; x_wconf 88' lang='lat' dir='ltr'><strong>ipsis</strong></span> <span class='ocrx_word' id='word_1_644' title='bbox 2740 4284 2902 4343; x_wconf 87' lang='lat' dir='ltr'><strong>captu</strong></span> <span class='ocrx_word' id='word_1_645' title='bbox 2974 4291 3189 4347; x_wconf 91' lang='lat' dir='ltr'><strong>semper</strong></span> <span class='ocrx_word' id='word_1_646' title='bbox 3249 4282 3435 4338; x_wconf 80' lang='lat' dir='ltr'><strong>faciles</strong></span> 
     </span>
    </p>
   </div>
   <div class='ocr_carea' id='block_1_87' title="bbox 168 4364 671 4440">
    <p class='ocr_par' dir='ltr' id='par_1_87' title="bbox 168 4364 671 4440">
     <span class='ocr_line' id='line_1_87' title="bbox 168 4364 671 4440; baseline -0.018 -17"><span class='ocrx_word' id='word_1_647' title='bbox 168 4374 438 4440; x_wconf 73' lang='lat' dir='ltr'><strong>quotquot</strong></span> <span class='ocrx_word' id='word_1_648' title='bbox 467 4364 671 4416; x_wconf 85' lang='lat' dir='ltr'><strong>volunt.</strong></span> 
     </span>
    </p>
   </div>
   <div class='ocr_carea' id='block_1_88' title="bbox 240 4443 1770 4527">
    <p class='ocr_par' dir='ltr' id='par_1_88' title="bbox 240 4453 1745 4527">
     <span class='ocr_line' id='line_1_88' title="bbox 240 4453 1745 4527; baseline -0.009 -11"><span class='ocrx_word' id='word_1_649' title='bbox 240 4465 368 4515; x_wconf 84' lang='grc' dir='ltr'><strong>ὐτι</strong></span> <span class='ocrx_word' id='word_1_650' title='bbox 394 4462 439 4492; x_wconf 85' lang='grc'><strong>⁸³</strong></span> <span class='ocrx_word' id='word_1_651' title='bbox 472 4454 843 4527; x_wconf 80' lang='grc' dir='ltr'>προσπλεῦσαί</span> <span class='ocrx_word' id='word_1_652' title='bbox 874 4470 1037 4524; x_wconf 77' lang='grc' dir='ltr'>φησιν</span> <span class='ocrx_word' id='word_1_653' title='bbox 1077 4453 1276 4514; x_wconf 80' lang='grc' dir='ltr'>αὐτοὺς</span> <span class='ocrx_word' id='word_1_654' title='bbox 1319 4456 1413 4506; x_wconf 78' lang='grc' dir='ltr'>καὶ</span> <span class='ocrx_word' id='word_1_655' title='bbox 1440 4453 1703 4522; x_wconf 85' lang='grc' dir='ltr'>Βαλάροις</span> <span class='ocrx_word' id='word_1_656' title='bbox 1728 4467 1745 4483; x_wconf 79' lang='grc' dir='ltr'><strong><em>ο</em></strong></span> 
     </span>
    </p>
   </div>
   <div class='ocr_carea' id='block_1_89' title="bbox 1867 4443 3429 4527">
    <p class='ocr_par' dir='ltr' id='par_1_89' title="bbox 1930 4443 3429 4521">
     <span class='ocr_line' id='line_1_89' title="bbox 1930 4443 3429 4521; baseline 0.006 -18"><span class='ocrx_word' id='word_1_657' title='bbox 1930 4450 2120 4503; x_wconf 79' lang='lat' dir='ltr'><strong>Valara</strong></span> <span class='ocrx_word' id='word_1_658' title='bbox 2162 4463 2380 4518; x_wconf 91' lang='lat' dir='ltr'><strong>quoque</strong></span> <span class='ocrx_word' id='word_1_659' title='bbox 2428 4448 2610 4504; x_wconf 81' lang='lat' dir='ltr'><strong>ferunt</strong></span> <span class='ocrx_word' id='word_1_660' title='bbox 2667 4443 3015 4521; x_wconf 80' lang='lat' dir='ltr'><strong>applicuisse.</strong></span> <span class='ocrx_word' id='word_1_661' title='bbox 3059 4457 3197 4510; x_wconf 91' lang='lat' dir='ltr'><strong>Sunt</strong></span> <span class='ocrx_word' id='word_1_662' title='bbox 3248 4470 3429 4515; x_wconf 87' lang='lat' dir='ltr'><strong>autem</strong></span> 
     </span>
    </p>
   </div>
   <div class='ocr_carea' id='block_1_90' title="bbox 170 4540 1752 4623">
    <p class='ocr_par' dir='ltr' id='par_1_90' title="bbox 170 4540 1752 4623">
     <span class='ocr_line' id='line_1_90' title="bbox 170 4540 1752 4623; baseline -0.01 -16"><span class='ocrx_word' id='word_1_663' title='bbox 170 4554 438 4623; x_wconf 75' lang='grc' dir='ltr'>ἐμπόριον</span> <span class='ocrx_word' id='word_1_664' title='bbox 468 4548 524 4601; x_wconf 84' lang='grc' dir='ltr'>δὲ</span> <span class='ocrx_word' id='word_1_665' title='bbox 549 4547 709 4600; x_wconf 80' lang='grc' dir='ltr'>τοῦτο</span> <span class='ocrx_word' id='word_1_666' title='bbox 738 4540 878 4597; x_wconf 74' lang='grc' dir='ltr'>εἶναι</span> <span class='ocrx_word' id='word_1_667' title='bbox 911 4544 1107 4613; x_wconf 80' lang='grc' dir='ltr'>μεστὸν</span> <span class='ocrx_word' id='word_1_668' title='bbox 1134 4544 1411 4614; x_wconf 74' lang='grc' dir='ltr'>μυρρινῶν</span> <span class='ocrx_word' id='word_1_669' title='bbox 1434 4544 1479 4577; x_wconf 78' lang='grc'><strong>⁸⁸</strong></span> <span class='ocrx_word' id='word_1_670' title='bbox 1508 4543 1602 4596; x_wconf 78' lang='grc' dir='ltr'>καὶ</span> <span class='ocrx_word' id='word_1_671' title='bbox 1633 4559 1752 4611; x_wconf 84' lang='grc' dir='ltr'>φοι-</span> 
     </span>
    </p>
   </div>
   <div class='ocr_carea' id='block_1_91' title="bbox 171 4634 1747 4705">
    <p class='ocr_par' dir='ltr' id='par_1_91' title="bbox 171 4634 1747 4705">
     <span class='ocr_line' id='line_1_91' title="bbox 171 4634 1747 4705; baseline -0.008 -9"><span class='ocrx_word' id='word_1_672' title='bbox 171 4646 339 4696; x_wconf 86' lang='grc' dir='ltr'>νίκων</span> <span class='ocrx_word' id='word_1_673' title='bbox 368 4640 464 4693; x_wconf 77' lang='grc' dir='ltr'>καὶ</span> <span class='ocrx_word' id='word_1_674' title='bbox 507 4638 722 4705; x_wconf 84' lang='grc' dir='ltr'>δαφνῶν</span> <span class='ocrx_word' id='word_1_675' title='bbox 752 4637 845 4688; x_wconf 78' lang='grc' dir='ltr'>καὶ</span> <span class='ocrx_word' id='word_1_676' title='bbox 871 4637 1063 4704; x_wconf 82' lang='grc' dir='ltr'>κήπων</span> <span class='ocrx_word' id='word_1_677' title='bbox 1104 4634 1422 4687; x_wconf 77' lang='grc' dir='ltr'>παντοδαπὰ</span> <span class='ocrx_word' id='word_1_678' title='bbox 1454 4635 1747 4704; x_wconf 77' lang='grc' dir='ltr'>φερόντων.</span> 
     </span>
    </p>
   </div>
   <div class='ocr_carea' id='block_1_92' title="bbox 173 4722 1754 4802">
    <p class='ocr_par' dir='ltr' id='par_1_92' title="bbox 173 4722 1754 4802">
     <span class='ocr_line' id='line_1_92' title="bbox 173 4722 1754 4802; baseline -0.008 -16"><span class='ocrx_word' id='word_1_679' title='bbox 173 4729 509 4802; x_wconf 80' lang='grc' dir='ltr'>Προκεῖσθαι</span> <span class='ocrx_word' id='word_1_680' title='bbox 541 4727 596 4779; x_wconf 77' lang='grc' dir='ltr'><strong>δέ</strong></span> <span class='ocrx_word' id='word_1_681' title='bbox 631 4728 723 4778; x_wconf 76' lang='grc' dir='ltr'>τοῦ</span> <span class='ocrx_word' id='word_1_682' title='bbox 780 4726 980 4796; x_wconf 87' lang='grc' dir='ltr'>χωρίου</span> <span class='ocrx_word' id='word_1_683' title='bbox 1025 4723 1216 4778; x_wconf 87' lang='grc' dir='ltr'>τούτου</span> <span class='ocrx_word' id='word_1_684' title='bbox 1257 4723 1419 4793; x_wconf 81' lang='grc' dir='ltr'>νῆσον</span> <span class='ocrx_word' id='word_1_685' title='bbox 1452 4724 1623 4791; x_wconf 78' lang='grc' dir='ltr'>ἱερὰν,</span> <span class='ocrx_word' id='word_1_686' title='bbox 1658 4722 1754 4775; x_wconf 80' lang='grc' dir='ltr'>καὶ</span> 
     </span>
    </p>
   </div>
   <div class='ocr_carea' id='block_1_93' title="bbox 172 4816 1753 4890">
    <p class='ocr_par' dir='ltr' id='par_1_93' title="bbox 172 4816 1753 4890">
     <span class='ocr_line' id='line_1_93' title="bbox 172 4816 1753 4890; baseline -0.008 -11"><span class='ocrx_word' id='word_1_687' title='bbox 172 4823 458 4880; x_wconf 84' lang='grc' dir='ltr'>καλεῖσθαι</span> <span class='ocrx_word' id='word_1_688' title='bbox 496 4823 691 4890; x_wconf 82' lang='grc' dir='ltr'>Σέλιρα</span> <span class='ocrx_word' id='word_1_689' title='bbox 748 4820 818 4872; x_wconf 78' lang='grc'><strong>⁸⁷.</strong></span> <span class='ocrx_word' id='word_1_690' title='bbox 849 4820 890 4871; x_wconf 90' lang='grc' dir='ltr'>Τ</span> <span class='ocrx_word' id='word_1_691' title='bbox 895 4817 1064 4889; x_wconf 89' lang='grc' dir='ltr'>αύτης</span> <span class='ocrx_word' id='word_1_692' title='bbox 1094 4819 1138 4850; x_wconf 81' lang='grc'><strong>⁸⁸</strong></span> <span class='ocrx_word' id='word_1_693' title='bbox 1167 4818 1265 4886; x_wconf 78' lang='grc' dir='ltr'>τῆς</span> <span class='ocrx_word' id='word_1_694' title='bbox 1292 4819 1455 4887; x_wconf 86' lang='grc' dir='ltr'>νήσου</span> <span class='ocrx_word' id='word_1_695' title='bbox 1495 4817 1562 4869; x_wconf 82' lang='grc' dir='ltr'>τὰ</span> <span class='ocrx_word' id='word_1_696' title='bbox 1599 4816 1644 4847; x_wconf 81' lang='grc'>⁸⁹</span> <span class='ocrx_word' id='word_1_697' title='bbox 1666 4832 1753 4867; x_wconf 91' lang='grc' dir='ltr'>τε-</span> 
     </span>
    </p>
   </div>
   <div class='ocr_carea' id='block_1_94' title="bbox 170 4906 1747 4988">
    <p class='ocr_par' dir='ltr' id='par_1_94' title="bbox 170 4906 1747 4988">
     <span class='ocr_line' id='line_1_94' title="bbox 170 4906 1747 4988; baseline -0.007 -19"><span class='ocrx_word' id='word_1_698' title='bbox 170 4916 466 4988; x_wconf 82' lang='grc' dir='ltr'>τραμμένα</span> <span class='ocrx_word' id='word_1_699' title='bbox 494 4914 629 4984; x_wconf 81' lang='grc' dir='ltr'>πρὸς</span> <span class='ocrx_word' id='word_1_700' title='bbox 658 4913 719 4965; x_wconf 82' lang='grc' dir='ltr'>τὸ</span> <span class='ocrx_word' id='word_1_701' title='bbox 735 4911 970 4979; x_wconf 86' lang='grc' dir='ltr'>πέλαγος</span> <span class='ocrx_word' id='word_1_702' title='bbox 991 4910 1108 4962; x_wconf 68' lang='grc' dir='ltr'>ἐστὶ</span> <span class='ocrx_word' id='word_1_703' title='bbox 1131 4909 1229 4978; x_wconf 80' lang='grc' dir='ltr'>μὲν</span> <span class='ocrx_word' id='word_1_704' title='bbox 1259 4909 1485 4980; x_wconf 78' lang='grc' dir='ltr'>ἄπειρος</span> <span class='ocrx_word' id='word_1_705' title='bbox 1523 4906 1747 4977; x_wconf 86' lang='grc' dir='ltr'>πυθμὴν</span> 
     </span>
    </p>
   </div>
   <div class='ocr_carea' id='block_1_95' title="bbox 172 4995 1746 5074">
    <p class='ocr_par' dir='ltr' id='par_1_95' title="bbox 172 4995 1746 5074">
     <span class='ocr_line' id='line_1_95' title="bbox 172 4995 1746 5074; baseline -0.006 -17"><span class='ocrx_word' id='word_1_706' title='bbox 172 5007 473 5074; x_wconf 77' lang='grc' dir='ltr'>θαλάσσης,</span> <span class='ocrx_word' id='word_1_707' title='bbox 506 5004 661 5073; x_wconf 82' lang='grc' dir='ltr'>φέρει</span> <span class='ocrx_word' id='word_1_708' title='bbox 690 5001 732 5053; x_wconf 82' lang='grc' dir='ltr'>δ’</span> <span class='ocrx_word' id='word_1_709' title='bbox 760 5001 981 5069; x_wconf 84' lang='grc' dir='ltr'>δστρεον</span> <span class='ocrx_word' id='word_1_710' title='bbox 1012 5002 1070 5052; x_wconf 91' lang='grc' dir='ltr'><strong>ἐν</strong></span> <span class='ocrx_word' id='word_1_711' title='bbox 1098 4998 1305 5069; x_wconf 83' lang='grc' dir='ltr'>ἐλύτρῳ</span> <span class='ocrx_word' id='word_1_712' title='bbox 1339 4998 1515 5068; x_wconf 84' lang='grc' dir='ltr'>λευκῷ</span> <span class='ocrx_word' id='word_1_713' title='bbox 1550 4995 1746 5067; x_wconf 75' lang='grc' dir='ltr'>μεστὸν</span> 
     </span>
    </p>
   </div>
   <div class='ocr_carea' id='block_1_96' title="bbox 171 5085 1744 5165">
    <p class='ocr_par' dir='ltr' id='par_1_96' title="bbox 171 5085 1744 5165">
     <span class='ocr_line' id='line_1_96' title="bbox 171 5085 1744 5165; baseline -0.006 -18"><span class='ocrx_word' id='word_1_714' title='bbox 171 5095 441 5165; x_wconf 77' lang='grc' dir='ltr'>πιμελῆς·</span> <span class='ocrx_word' id='word_1_715' title='bbox 471 5092 724 5162; x_wconf 72' lang='grc' dir='ltr'>οὐδὲγὰρ</span> <span class='ocrx_word' id='word_1_716' title='bbox 764 5090 911 5145; x_wconf 88' lang='grc' dir='ltr'>λίθον</span> <span class='ocrx_word' id='word_1_717' title='bbox 964 5093 1088 5155; x_wconf 84' lang='grc' dir='ltr'>φύει</span> <span class='ocrx_word' id='word_1_718' title='bbox 1132 5088 1341 5142; x_wconf 79' lang='grc' dir='ltr'>οὐδένα.</span> <span class='ocrx_word' id='word_1_719' title='bbox 1390 5088 1634 5157; x_wconf 84' lang='grc' dir='ltr'>Γαλήνην</span> <span class='ocrx_word' id='word_1_720' title='bbox 1686 5085 1744 5138; x_wconf 75' lang='grc' dir='ltr'><strong>δέ</strong></span> 
     </span>
    </p>
   </div>
   <div class='ocr_carea' id='block_1_97' title="bbox 170 5178 1745 5254">
    <p class='ocr_par' dir='ltr' id='par_1_97' title="bbox 170 5178 1745 5254">
     <span class='ocr_line' id='line_1_97' title="bbox 170 5178 1745 5254; baseline -0.008 -15"><span class='ocrx_word' id='word_1_721' title='bbox 170 5182 627 5254; x_wconf 75' lang='grc' dir='ltr'>ἑπιφυλάξαντες,</span> <span class='ocrx_word' id='word_1_722' title='bbox 652 5184 746 5237; x_wconf 82' lang='grc' dir='ltr'>καὶ</span> <span class='ocrx_word' id='word_1_723' title='bbox 801 5181 899 5252; x_wconf 80' lang='grc' dir='ltr'><strong>τήν</strong></span> <span class='ocrx_word' id='word_1_724' title='bbox 929 5180 1199 5234; x_wconf 83' lang='grc' dir='ltr'>θάλατταν</span> <span class='ocrx_word' id='word_1_725' title='bbox 1225 5180 1377 5234; x_wconf 76' lang='grc' dir='ltr'>αὐτοὶ</span> <span class='ocrx_word' id='word_1_726' title='bbox 1411 5180 1456 5211; x_wconf 81' lang='lat'><strong>’°</strong></span> <span class='ocrx_word' id='word_1_727' title='bbox 1488 5182 1554 5247; x_wconf 79' lang='grc' dir='ltr'>τῇ</span> <span class='ocrx_word' id='word_1_728' title='bbox 1588 5178 1745 5247; x_wconf 75' lang='grc' dir='ltr'>ἐπιρι</span> 
     </span>
    </p>
   </div>
   <div class='ocr_carea' id='block_1_98' title="bbox 1848 4540 3426 4617">
    <p class='ocr_par' dir='ltr' id='par_1_98' title="bbox 1848 4540 3426 4617">
     <span class='ocr_line' id='line_1_98' title="bbox 1848 4540 3426 4617; baseline 0.008 -23"><span class='ocrx_word' id='word_1_729' title='bbox 1848 4540 2043 4595; x_wconf 83' lang='lat' dir='ltr'><strong>Valara</strong></span> <span class='ocrx_word' id='word_1_730' title='bbox 2107 4542 2409 4609; x_wconf 88' lang='lat' dir='ltr'><strong>emporium</strong></span> <span class='ocrx_word' id='word_1_731' title='bbox 2470 4544 2667 4614; x_wconf 85' lang='lat' dir='ltr'><strong>myrtis</strong></span> <span class='ocrx_word' id='word_1_732' title='bbox 2731 4547 3043 4617; x_wconf 84' lang='lat' dir='ltr'><strong>palmisque</strong></span> <span class='ocrx_word' id='word_1_733' title='bbox 3089 4550 3426 4607; x_wconf 89' lang='lat' dir='ltr'><strong>abundans:</strong></span> 
     </span>
    </p>
   </div>
   <div class='ocr_carea' id='block_1_99' title="bbox 1848 4632 3429 4708">
    <p class='ocr_par' dir='ltr' id='par_1_99' title="bbox 1848 4632 3429 4708">
     <span class='ocr_line' id='line_1_99' title="bbox 1848 4632 3429 4708; baseline 0.008 -23"><span class='ocrx_word' id='word_1_734' title='bbox 1848 4632 2030 4687; x_wconf 89' lang='lat' dir='ltr'><strong>lauros</strong></span> <span class='ocrx_word' id='word_1_735' title='bbox 2068 4646 2283 4702; x_wconf 84' lang='lat' dir='ltr'><strong>quoque</strong></span> <span class='ocrx_word' id='word_1_736' title='bbox 2332 4635 2651 4698; x_wconf 91' lang='lat' dir='ltr'><strong>nonnullas,</strong></span> <span class='ocrx_word' id='word_1_737' title='bbox 2698 4646 2755 4690; x_wconf 86' lang='lat' dir='ltr'><strong>et</strong></span> <span class='ocrx_word' id='word_1_738' title='bbox 2812 4638 2997 4692; x_wconf 83' lang='lat' dir='ltr'><strong>hortos</strong></span> <span class='ocrx_word' id='word_1_739' title='bbox 3045 4642 3308 4708; x_wconf 81' lang='lat' dir='ltr'><strong>plurimos</strong></span> <span class='ocrx_word' id='word_1_740' title='bbox 3353 4644 3429 4697; x_wconf 90' lang='lat' dir='ltr'><strong>ibi</strong></span> 
     </span>
    </p>
   </div>
   <div class='ocr_carea' id='block_1_100' title="bbox 1849 4726 3427 4801">
    <p class='ocr_par' dir='ltr' id='par_1_100' title="bbox 1849 4726 3427 4801">
     <span class='ocr_line' id='line_1_100' title="bbox 1849 4726 3427 4801; baseline 0.009 -24"><span class='ocrx_word' id='word_1_741' title='bbox 1849 4726 2016 4779; x_wconf 90' lang='lat' dir='ltr'><strong>videri</strong></span> <span class='ocrx_word' id='word_1_742' title='bbox 2058 4727 2277 4779; x_wconf 88' lang='lat' dir='ltr'><strong>tradunt</strong></span> <span class='ocrx_word' id='word_1_743' title='bbox 2320 4728 2571 4781; x_wconf 90' lang='lat' dir='ltr'><strong>omnibus</strong></span> <span class='ocrx_word' id='word_1_744' title='bbox 2613 4728 2971 4785; x_wconf 85' lang='lat' dir='ltr'><strong>abundantes.</strong></span> <span class='ocrx_word' id='word_1_745' title='bbox 3022 4731 3277 4801; x_wconf 87' lang='lat' dir='ltr'><strong>Opposita</strong></span> <span class='ocrx_word' id='word_1_746' title='bbox 3342 4748 3427 4791; x_wconf 80' lang='lat' dir='ltr'><strong>est</strong></span> 
     </span>
    </p>
   </div>
   <div class='ocr_carea' id='block_1_101' title="bbox 1852 4816 3424 4889">
    <p class='ocr_par' dir='ltr' id='par_1_101' title="bbox 1852 4816 3424 4889">
     <span class='ocr_line' id='line_1_101' title="bbox 1852 4816 3424 4889; baseline 0.01 -21"><span class='ocrx_word' id='word_1_747' title='bbox 1852 4826 2028 4871; x_wconf 89' lang='lat' dir='ltr'><strong>autem</strong></span> <span class='ocrx_word' id='word_1_748' title='bbox 2058 4816 2266 4885; x_wconf 86' lang='lat' dir='ltr'><strong>regioni</strong></span> <span class='ocrx_word' id='word_1_749' title='bbox 2298 4816 2374 4870; x_wconf 93' lang='lat' dir='ltr'><strong>illi</strong></span> <span class='ocrx_word' id='word_1_750' title='bbox 2403 4831 2559 4871; x_wconf 88' lang='lat' dir='ltr'><strong>sacra</strong></span> <span class='ocrx_word' id='word_1_751' title='bbox 2588 4818 2787 4883; x_wconf 85' lang='lat' dir='ltr'><strong>insula,</strong></span> <span class='ocrx_word' id='word_1_752' title='bbox 2817 4836 2977 4889; x_wconf 85' lang='lat' dir='ltr'><strong>quam</strong></span> <span class='ocrx_word' id='word_1_753' title='bbox 3003 4821 3173 4877; x_wconf 84' lang='lat' dir='ltr'><strong>Selira</strong></span> <span class='ocrx_word' id='word_1_754' title='bbox 3205 4841 3424 4884; x_wconf 86' lang='lat' dir='ltr'><strong>vocant.</strong></span> 
     </span>
    </p>
   </div>
   <div class='ocr_carea' id='block_1_102' title="bbox 1852 4906 3430 4978">
    <p class='ocr_par' dir='ltr' id='par_1_102' title="bbox 1852 4906 3430 4978">
     <span class='ocr_line' id='line_1_102' title="bbox 1852 4906 3430 4978; baseline 0.01 -23"><span class='ocrx_word' id='word_1_755' title='bbox 1852 4906 1966 4971; x_wconf 89' lang='lat' dir='ltr'><strong>Qua</strong></span> <span class='ocrx_word' id='word_1_756' title='bbox 2015 4916 2168 4973; x_wconf 89' lang='lat' dir='ltr'><strong>parte</strong></span> <span class='ocrx_word' id='word_1_757' title='bbox 2214 4906 2385 4959; x_wconf 87' lang='lat' dir='ltr'><strong>insula</strong></span> <span class='ocrx_word' id='word_1_758' title='bbox 2439 4907 2664 4976; x_wconf 87' lang='lat' dir='ltr'><strong>pelagus</strong></span> <span class='ocrx_word' id='word_1_759' title='bbox 2714 4910 2977 4978; x_wconf 88' lang='lat' dir='ltr'><strong>respicit,</strong></span> <span class='ocrx_word' id='word_1_760' title='bbox 3033 4914 3301 4969; x_wconf 88' lang='lat' dir='ltr'><strong>immensa</strong></span> <span class='ocrx_word' id='word_1_761' title='bbox 3346 4929 3430 4971; x_wconf 83' lang='lat' dir='ltr'><strong>est</strong></span> 
     </span>
    </p>
   </div>
   <div class='ocr_carea' id='block_1_103' title="bbox 1851 4992 3427 5075">
    <p class='ocr_par' dir='ltr' id='par_1_103' title="bbox 1851 4992 3427 5075">
     <span class='ocr_line' id='line_1_103' title="bbox 1851 4992 3427 5075; baseline 0.01 -29"><span class='ocrx_word' id='word_1_762' title='bbox 1851 4997 2015 5048; x_wconf 89' lang='lat' dir='ltr'><strong>maris</strong></span> <span class='ocrx_word' id='word_1_763' title='bbox 2040 4994 2286 5049; x_wconf 78' lang='lat' dir='ltr'><strong>altitudo.</strong></span> <span class='ocrx_word' id='word_1_764' title='bbox 2314 4992 2441 5050; x_wconf 87' lang='lat' dir='ltr'><strong>Fert</strong></span> <span class='ocrx_word' id='word_1_765' title='bbox 2471 5004 2653 5050; x_wconf 89' lang='lat' dir='ltr'><strong>autem</strong></span> <span class='ocrx_word' id='word_1_766' title='bbox 2680 5010 2857 5053; x_wconf 89' lang='lat' dir='ltr'><strong>ostrea</strong></span> <span class='ocrx_word' id='word_1_767' title='bbox 2892 5010 3027 5055; x_wconf 88' lang='lat' dir='ltr'><strong>testa</strong></span> <span class='ocrx_word' id='word_1_768' title='bbox 3047 5003 3164 5057; x_wconf 89' lang='lat' dir='ltr'><strong>alba</strong></span> <span class='ocrx_word' id='word_1_769' title='bbox 3196 5007 3427 5075; x_wconf 80' lang='lat' dir='ltr'><strong>pingue-</strong></span> 
     </span>
    </p>
   </div>
   <div class='ocr_carea' id='block_1_104' title="bbox 1849 5084 3422 5161">
    <p class='ocr_par' dir='ltr' id='par_1_104' title="bbox 1849 5084 3422 5161">
     <span class='ocr_line' id='line_1_104' title="bbox 1849 5084 3422 5161; baseline 0.01 -24"><span class='ocrx_word' id='word_1_770' title='bbox 1849 5085 1975 5139; x_wconf 90' lang='lat' dir='ltr'><strong>dine</strong></span> <span class='ocrx_word' id='word_1_771' title='bbox 2020 5084 2256 5147; x_wconf 80' lang='lat' dir='ltr'><strong>refecla,</strong></span> <span class='ocrx_word' id='word_1_772' title='bbox 2304 5084 2537 5153; x_wconf 89' lang='lat' dir='ltr'><strong>lapidem</strong></span> <span class='ocrx_word' id='word_1_773' title='bbox 2581 5086 2780 5157; x_wconf 66' lang='lat' dir='ltr'><strong>328a</strong></span> <span class='ocrx_word' id='word_1_774' title='bbox 2829 5090 3032 5146; x_wconf 88' lang='lat' dir='ltr'><strong>nullum</strong></span> <span class='ocrx_word' id='word_1_775' title='bbox 3097 5097 3422 5161; x_wconf 82' lang='lat' dir='ltr'><strong>producunt.</strong></span> 
     </span>
    </p>
   </div>
   <div class='ocr_carea' id='block_1_105' title="bbox 1851 5173 3426 5246">
    <p class='ocr_par' dir='ltr' id='par_1_105' title="bbox 1851 5173 3426 5246">
     <span class='ocr_line' id='line_1_105' title="bbox 1851 5173 3426 5246; baseline 0.01 -21"><span class='ocrx_word' id='word_1_776' title='bbox 1851 5173 1979 5231; x_wconf 91' lang='lat' dir='ltr'><strong>lude</strong></span> <span class='ocrx_word' id='word_1_777' title='bbox 2014 5176 2181 5231; x_wconf 86' lang='lat' dir='ltr'><strong>maris</strong></span> <span class='ocrx_word' id='word_1_778' title='bbox 2222 5175 2670 5244; x_wconf 73' lang='lat' dir='ltr'><strong>tranquillitatem</strong></span> <span class='ocrx_word' id='word_1_779' title='bbox 2712 5180 3083 5246; x_wconf 87' lang='lat' dir='ltr'><strong>observantes,</strong></span> <span class='ocrx_word' id='word_1_780' title='bbox 3127 5198 3276 5239; x_wconf 82' lang='lat' dir='ltr'><strong>mare</strong></span> <span class='ocrx_word' id='word_1_781' title='bbox 3306 5186 3426 5240; x_wconf 79' lang='lat' dir='ltr'><strong>oleo</strong></span> 
     </span>
    </p>
   </div>
   <div class='ocr_carea' id='block_1_106' title="bbox 1480 5349 2149 5408">
    <p class='ocr_par' dir='ltr' id='par_1_106' title="bbox 1480 5349 2149 5408">
     <span class='ocr_line' id='line_1_106' title="bbox 1480 5349 2149 5408; baseline -0.001 0"><span class='ocrx_word' id='word_1_782' title='bbox 1480 5351 1710 5408; x_wconf 59' lang='lat' dir='ltr'><strong>VARI‘E</strong></span> <span class='ocrx_word' id='word_1_783' title='bbox 1744 5349 2149 5407; x_wconf 79' lang='lat' dir='ltr'><strong>LECTIONES.</strong></span> 
     </span>
    </p>
   </div>
   <div class='ocr_carea' id='block_1_107' title="bbox 245 5490 1182 5567">
    <p class='ocr_par' dir='ltr' id='par_1_107' title="bbox 245 5490 1182 5567">
     <span class='ocr_line' id='line_1_107' title="bbox 245 5490 1182 5567; baseline 0.002 -22"><span class='ocrx_word' id='word_1_784' title='bbox 245 5496 288 5530; x_wconf 71' lang='grc' dir='ltr'>τί</span> <span class='ocrx_word' id='word_1_785' title='bbox 316 5493 432 5567; x_wconf 80' lang='grc' dir='ltr'>τὸν]</span> <span class='ocrx_word' id='word_1_786' title='bbox 450 5494 548 5563; x_wconf 85' lang='grc' dir='ltr'>τὴν</span> <span class='ocrx_word' id='word_1_787' title='bbox 574 5492 663 5567; x_wconf 40' lang='lat' dir='ltr'><strong>AL</strong></span> <span class='ocrx_word' id='word_1_788' title='bbox 730 5494 788 5567; x_wconf 79' lang='lat'><strong>_&quot;</strong></span> <span class='ocrx_word' id='word_1_789' title='bbox 814 5490 1086 5567; x_wconf 65' lang='grc' dir='ltr'>θάλασσαν</span> <span class='ocrx_word' id='word_1_790' title='bbox 1107 5509 1182 5567; x_wconf 66' lang='grc' dir='ltr'><strong>⁸ςῖ.</strong></span> 
     </span>
    </p>
   </div>
   <div class='ocr_carea' id='block_1_108' title="bbox 172 5563 1002 5638">
    <p class='ocr_par' dir='ltr' id='par_1_108' title="bbox 172 5563 1002 5638">
     <span class='ocr_line' id='line_1_108' title="bbox 172 5563 1002 5638; baseline -0.011 -16"><span class='ocrx_word' id='word_1_791' title='bbox 172 5578 296 5638; x_wconf 78' lang='lat' dir='ltr'><strong>post</strong></span> <span class='ocrx_word' id='word_1_792' title='bbox 333 5563 438 5635; x_wconf 72' lang='grc' dir='ltr'>μὴν</span> <span class='ocrx_word' id='word_1_793' title='bbox 470 5575 523 5638; x_wconf 32' lang='lat' dir='ltr'><strong>is}</strong></span> <span class='ocrx_word' id='word_1_794' title='bbox 620 5563 664 5638; x_wconf 44' lang='grc'><strong>⁷⁷</strong></span> <span class='ocrx_word' id='word_1_795' title='bbox 695 5564 753 5615; x_wconf 76' lang='grc' dir='ltr'>τὀ</span> <span class='ocrx_word' id='word_1_796' title='bbox 778 5565 908 5638; x_wconf 47' lang='lat' dir='ltr'><strong>add.</strong></span> <span class='ocrx_word' id='word_1_797' title='bbox 938 5566 1002 5613; x_wconf 83' lang='grc' dir='ltr'>Λ.</span> 
     </span>
    </p>
   </div>
   <div class='ocr_carea' id='block_1_109' title="bbox 174 5633 1235 5716">
    <p class='ocr_par' dir='ltr' id='par_1_109' title="bbox 174 5633 1235 5716">
     <span class='ocr_line' id='line_1_109' title="bbox 174 5633 1235 5716; baseline 0 0"><span class='ocrx_word' id='word_1_798' title='bbox 174 5633 403 5716; x_wconf 48' lang='lat' dir='ltr'><strong>suae</strong></span> <span class='ocrx_word' id='word_1_799' title='bbox 424 5633 546 5689; x_wconf 70' lang='grc' dir='ltr'><strong>Αθε</strong></span> <span class='ocrx_word' id='word_1_800' title='bbox 582 5633 891 5716; x_wconf 48' lang='lat' dir='ltr'><strong>aisais?“</strong></span> <span class='ocrx_word' id='word_1_801' title='bbox 927 5650 1032 5716; x_wconf 67' lang='grc' dir='ltr'>ςς..</span> <span class='ocrx_word' id='word_1_802' title='bbox 1091 5633 1136 5716; x_wconf 72' lang='lat'><strong>&#39;1?</strong></span> <span class='ocrx_word' id='word_1_803' title='bbox 1164 5648 1235 5716; x_wconf 69' lang='grc' dir='ltr'>φςι</span> 
     </span>
    </p>
   </div>
   <div class='ocr_carea' id='block_1_110' title="bbox 176 5701 1377 5775">
    <p class='ocr_par' dir='ltr' id='par_1_110' title="bbox 176 5701 1377 5775">
     <span class='ocr_line' id='line_1_110' title="bbox 176 5701 1377 5775; baseline 0.002 -26"><span class='ocrx_word' id='word_1_804' title='bbox 176 5701 495 5775; x_wconf 68' lang='grc' dir='ltr'>υἰζιυρίνων</span> <span class='ocrx_word' id='word_1_805' title='bbox 523 5718 583 5765; x_wconf 80' lang='grc' dir='ltr'>ς’.</span> <span class='ocrx_word' id='word_1_806' title='bbox 653 5702 695 5733; x_wconf 82' lang='grc'><strong>³⁷</strong></span> <span class='ocrx_word' id='word_1_807' title='bbox 732 5702 922 5770; x_wconf 74' lang='grc' dir='ltr'>Σέλιρα</span> <span class='ocrx_word' id='word_1_808' title='bbox 949 5701 1064 5753; x_wconf 81' lang='lat' dir='ltr'><strong>AB:</strong></span> <span class='ocrx_word' id='word_1_809' title='bbox 1096 5701 1285 5770; x_wconf 75' lang='grc' dir='ltr'>Σερίλα</span> <span class='ocrx_word' id='word_1_810' title='bbox 1321 5716 1377 5760; x_wconf 70' lang='grc' dir='ltr'><strong>τ’.</strong></span> 
     </span>
    </p>
   </div>
   <div class='ocr_carea' id='block_1_111' title="bbox 489 5792 1129 5854">
    <p class='ocr_par' dir='ltr' id='par_1_111' title="bbox 489 5792 1129 5854">
     <span class='ocr_line' id='line_1_111' title="bbox 489 5792 1129 5854; baseline -0.011 0"><span class='ocrx_word' id='word_1_811' title='bbox 489 5794 760 5854; x_wconf 64' lang='grc' dir='ltr'>Ριτιιοι..</span> <span class='ocrx_word' id='word_1_812' title='bbox 808 5792 924 5850; x_wconf 80' lang='lat' dir='ltr'><strong>Gn.</strong></span> <span class='ocrx_word' id='word_1_813' title='bbox 976 5792 1129 5848; x_wconf 89' lang='lat' dir='ltr'><strong>Clll.</strong></span> 
     </span>
    </p>
   </div>
   <div class='ocr_carea' id='block_1_112' title="bbox 1091 5630 1556 5701">
    <p class='ocr_par' dir='ltr' id='par_1_112' title="bbox 1091 5630 1556 5701">
     <span class='ocr_line' id='line_1_112' title="bbox 1091 5630 1556 5701; baseline 0.002 -20"><span class='ocrx_word' id='word_1_814' title='bbox 1091 5633 1136 5662; x_wconf 79' lang='lat'><strong>&#39;“</strong></span> <span class='ocrx_word' id='word_1_815' title='bbox 1164 5631 1319 5701; x_wconf 73' lang='grc' dir='ltr'>φασὶ]</span> <span class='ocrx_word' id='word_1_816' title='bbox 1360 5647 1438 5693; x_wconf 85' lang='grc' dir='ltr'>ιιι,</span> <span class='ocrx_word' id='word_1_817' title='bbox 1470 5630 1556 5683; x_wconf 93' lang='grc'><strong>55.</strong></span> 
     </span>
    </p>
   </div>
   <div class='ocr_carea' id='block_1_113' title="bbox 1106 5492 3198 5680">
    <p class='ocr_par' dir='ltr' id='par_1_113' title="bbox 1106 5492 3198 5680">
     <span class='ocr_line' id='line_1_113' title="bbox 1121 5492 3178 5564; baseline 0.014 -42"><span class='ocrx_word' id='word_1_818' title='bbox 1121 5509 1182 5558; x_wconf 50' lang='grc' dir='ltr'><strong>ς·</strong></span> <span class='ocrx_word' id='word_1_819' title='bbox 1271 5492 1315 5524; x_wconf 73' lang='grc' dir='ltr'><strong>τι</strong></span> <span class='ocrx_word' id='word_1_820' title='bbox 1344 5506 1506 5558; x_wconf 70' lang='grc' dir='ltr'><strong>φασιν</strong></span> <span class='ocrx_word' id='word_1_821' title='bbox 1534 5492 1707 5553; x_wconf 66' lang='grc' dir='ltr'>οὕτως</span> <span class='ocrx_word' id='word_1_822' title='bbox 1733 5506 1795 5555; x_wconf 80' lang='grc' dir='ltr'><strong>ς,</strong></span> <span class='ocrx_word' id='word_1_823' title='bbox 1867 5492 1916 5527; x_wconf 74' lang='grc' dir='ltr'><strong>τι</strong></span> <span class='ocrx_word' id='word_1_824' title='bbox 1949 5492 2219 5557; x_wconf 80' lang='grc' dir='ltr'>ἐντεῦθεν]</span> <span class='ocrx_word' id='word_1_825' title='bbox 2270 5502 2367 5552; x_wconf 85' lang='grc' dir='ltr'>ιιι,</span> <span class='ocrx_word' id='word_1_826' title='bbox 2398 5492 2485 5543; x_wconf 82' lang='lat'><strong>5|.</strong></span> <span class='ocrx_word' id='word_1_827' title='bbox 2589 5492 2633 5523; x_wconf 83' lang='lat'><strong>&quot;</strong></span> <span class='ocrx_word' id='word_1_828' title='bbox 2658 5492 2751 5543; x_wconf 78' lang='grc' dir='ltr'><strong>καὶ</strong></span> <span class='ocrx_word' id='word_1_829' title='bbox 2801 5492 2930 5564; x_wconf 80' lang='grc' dir='ltr'>μὴν]</span> <span class='ocrx_word' id='word_1_830' title='bbox 2981 5509 3057 5559; x_wconf 86' lang='grc' dir='ltr'>ιιι,</span> <span class='ocrx_word' id='word_1_831' title='bbox 3089 5496 3178 5550; x_wconf 79' lang='lat'><strong>52.</strong></span> 
     </span>
     <span class='ocr_line' id='line_1_114' title="bbox 1106 5558 3198 5631; baseline 0.014 -38"><span class='ocrx_word' id='word_1_832' title='bbox 1106 5564 1151 5593; x_wconf 73' lang='grc' dir='ltr'>τ.</span> <span class='ocrx_word' id='word_1_833' title='bbox 1185 5561 1542 5623; x_wconf 62' lang='grc' dir='ltr'><strong>συνελθεῖνς,</strong></span> <span class='ocrx_word' id='word_1_834' title='bbox 1619 5561 1664 5591; x_wconf 77' lang='grc' dir='ltr'>η</span> <span class='ocrx_word' id='word_1_835' title='bbox 1697 5558 1800 5631; x_wconf 82' lang='grc' dir='ltr'><strong>δτι]</strong></span> <span class='ocrx_word' id='word_1_836' title='bbox 1824 5558 1905 5620; x_wconf 62' lang='lat' dir='ltr'><strong>lii,</strong></span> <span class='ocrx_word' id='word_1_837' title='bbox 1939 5559 2028 5611; x_wconf 70' lang='grc'><strong>54·</strong></span> <span class='ocrx_word' id='word_1_838' title='bbox 2103 5558 2151 5589; x_wconf 77' lang='grc'><strong>³⁸</strong></span> <span class='ocrx_word' id='word_1_839' title='bbox 2179 5559 2343 5622; x_wconf 73' lang='grc' dir='ltr'>φησιν</span> <span class='ocrx_word' id='word_1_840' title='bbox 2376 5559 2465 5611; x_wconf 79' lang='grc' dir='ltr'><strong>ΑΒ</strong></span> <span class='ocrx_word' id='word_1_841' title='bbox 2510 5577 2521 5612; x_wconf 90' lang='lat'><strong>:</strong></span> <span class='ocrx_word' id='word_1_842' title='bbox 2560 5565 2723 5627; x_wconf 72' lang='grc' dir='ltr'>φασιν</span> <span class='ocrx_word' id='word_1_843' title='bbox 2753 5580 2811 5625; x_wconf 84' lang='grc' dir='ltr'><strong>ς.</strong></span> <span class='ocrx_word' id='word_1_844' title='bbox 2849 5563 2975 5616; x_wconf 83' lang='lat' dir='ltr'><strong>Item</strong></span> <span class='ocrx_word' id='word_1_845' title='bbox 3003 5581 3051 5617; x_wconf 91' lang='lat' dir='ltr'><strong>v.</strong></span> <span class='ocrx_word' id='word_1_846' title='bbox 3109 5568 3198 5622; x_wconf 69' lang='grc' dir='ltr'>δι.</span> 
     </span>
     <span class='ocr_line' id='line_1_115' title="bbox 1106 5628 3193 5680; baseline 0 0"><span class='ocrx_word' id='word_1_847' title='bbox 1106 5634 1136 5662; x_wconf 67' lang='grc' dir='ltr'><strong>ι’</strong></span> <span class='ocrx_word' id='word_1_848' title='bbox 1164 5631 1319 5680; x_wconf 69' lang='grc' dir='ltr'>ωασὶῖ</span> <span class='ocrx_word' id='word_1_849' title='bbox 1360 5647 1438 5680; x_wconf 89' lang='grc' dir='ltr'>ιιι.</span> <span class='ocrx_word' id='word_1_850' title='bbox 1470 5630 1556 5680; x_wconf 95' lang='grc'><strong>55.</strong></span> <span class='ocrx_word' id='word_1_851' title='bbox 1651 5629 1703 5661; x_wconf 87' lang='grc'><strong><em>⁸³</em></strong></span> <span class='ocrx_word' id='word_1_852' title='bbox 1727 5629 1932 5680; x_wconf 58' lang='grc' dir='ltr'>τούτου</span> <span class='ocrx_word' id='word_1_853' title='bbox 1965 5646 2003 5680; x_wconf 72' lang='grc' dir='ltr'><strong>ς</strong></span> <span class='ocrx_word' id='word_1_854' title='bbox 2076 5628 2121 5658; x_wconf 76' lang='grc'>⁸⁸</span> <span class='ocrx_word' id='word_1_855' title='bbox 2148 5629 2239 5679; x_wconf 78' lang='grc' dir='ltr'>ἐπὶ</span> <span class='ocrx_word' id='word_1_856' title='bbox 2262 5629 2447 5680; x_wconf 77' lang='grc' dir='ltr'>γείοας</span> <span class='ocrx_word' id='word_1_857' title='bbox 2475 5629 2552 5680; x_wconf 70' lang='lat' dir='ltr'><strong>At</strong></span> <span class='ocrx_word' id='word_1_858' title='bbox 2585 5631 2861 5680; x_wconf 75' lang='grc' dir='ltr'>ἐπηνύοας</span> <span class='ocrx_word' id='word_1_859' title='bbox 2893 5649 2951 5680; x_wconf 78' lang='lat' dir='ltr'><strong>c.</strong></span> <span class='ocrx_word' id='word_1_860' title='bbox 3023 5635 3067 5665; x_wconf 78' lang='lat'><strong>&quot;</strong></span> <span class='ocrx_word' id='word_1_861' title='bbox 3089 5637 3193 5680; x_wconf 69' lang='grc' dir='ltr'><strong>ὅτι]</strong></span> 
     </span>
    </p>
   </div>
   <div class='ocr_carea' id='block_1_114' title="bbox 1464 5637 3417 5778">
    <p class='ocr_par' dir='ltr' id='par_1_114' title="bbox 1464 5637 3417 5778">
     <span class='ocr_line' id='line_1_116' title="bbox 1470 5637 3417 5707; baseline -0.003 -26"><span class='ocrx_word' id='word_1_862' title='bbox 1470 5637 1556 5683; x_wconf 92' lang='grc'><strong>55.</strong></span> <span class='ocrx_word' id='word_1_863' title='bbox 1651 5637 1703 5661; x_wconf 86' lang='grc'><strong><em>⁸³</em></strong></span> <span class='ocrx_word' id='word_1_864' title='bbox 1727 5637 1932 5681; x_wconf 85' lang='grc' dir='ltr'>τούτοι;</span> <span class='ocrx_word' id='word_1_865' title='bbox 1965 5646 2003 5691; x_wconf 83' lang='grc' dir='ltr'><strong>ς</strong></span> <span class='ocrx_word' id='word_1_866' title='bbox 2076 5637 2121 5658; x_wconf 78' lang='grc'><strong>⁸⁵</strong></span> <span class='ocrx_word' id='word_1_867' title='bbox 2148 5637 2239 5679; x_wconf 81' lang='grc' dir='ltr'><strong>επι</strong></span> <span class='ocrx_word' id='word_1_868' title='bbox 2261 5637 2447 5697; x_wconf 75' lang='grc' dir='ltr'>χεῖρας</span> <span class='ocrx_word' id='word_1_869' title='bbox 2475 5637 2552 5680; x_wconf 68' lang='lat' dir='ltr'><strong>At</strong></span> <span class='ocrx_word' id='word_1_870' title='bbox 2585 5637 2861 5699; x_wconf 77' lang='grc' dir='ltr'>ἐπηχύρας</span> <span class='ocrx_word' id='word_1_871' title='bbox 2893 5649 2951 5695; x_wconf 84' lang='grc' dir='ltr'><strong>ς,</strong></span> <span class='ocrx_word' id='word_1_872' title='bbox 3023 5637 3067 5665; x_wconf 76' lang='grc'><em>³⁸</em></span> <span class='ocrx_word' id='word_1_873' title='bbox 3089 5637 3193 5707; x_wconf 72' lang='grc' dir='ltr'><strong>ὅτι]</strong></span> <span class='ocrx_word' id='word_1_874' title='bbox 3224 5650 3302 5706; x_wconf 73' lang='grc' dir='ltr'><strong>,μ⁹</strong></span> <span class='ocrx_word' id='word_1_875' title='bbox 3328 5642 3417 5694; x_wconf 57' lang='grc' dir='ltr'><strong>δυ,</strong></span> 
     </span>
     <span class='ocr_line' id='line_1_117' title="bbox 1464 5697 3415 5778; baseline 0.004 -27"><span class='ocrx_word' id='word_1_876' title='bbox 1464 5701 1507 5728; x_wconf 80' lang='grc'><strong><em>⁸³</em></strong></span> <span class='ocrx_word' id='word_1_877' title='bbox 1531 5697 1756 5766; x_wconf 76' lang='grc' dir='ltr'>ταύτης]</span> <span class='ocrx_word' id='word_1_878' title='bbox 1792 5698 1958 5751; x_wconf 80' lang='grc' dir='ltr'>ιιι.5’7.</span> <span class='ocrx_word' id='word_1_879' title='bbox 2037 5699 2081 5728; x_wconf 79' lang='grc'><em>³³</em></span> <span class='ocrx_word' id='word_1_880' title='bbox 2109 5697 2177 5749; x_wconf 86' lang='grc' dir='ltr'><strong>τὰ</strong></span> <span class='ocrx_word' id='word_1_881' title='bbox 2206 5700 2329 5751; x_wconf 83' lang='lat' dir='ltr'><strong>add.</strong></span> <span class='ocrx_word' id='word_1_882' title='bbox 2364 5697 2427 5750; x_wconf 82' lang='lat' dir='ltr'><strong>A.</strong></span> <span class='ocrx_word' id='word_1_883' title='bbox 2500 5699 2545 5729; x_wconf 77' lang='grc'>⁸⁸</span> <span class='ocrx_word' id='word_1_884' title='bbox 2569 5702 2718 5751; x_wconf 66' lang='grc' dir='ltr'>αὐτοὶ</span> <span class='ocrx_word' id='word_1_885' title='bbox 2741 5699 2781 5751; x_wconf 86' lang='grc' dir='ltr'><strong>Β</strong></span> <span class='ocrx_word' id='word_1_886' title='bbox 2812 5711 2861 5753; x_wconf 86' lang='lat' dir='ltr'><strong>et</strong></span> <span class='ocrx_word' id='word_1_887' title='bbox 2895 5716 3036 5756; x_wconf 87' lang='lat' dir='ltr'><strong>corr.</strong></span> <span class='ocrx_word' id='word_1_888' title='bbox 3074 5707 3113 5755; x_wconf 78' lang='grc' dir='ltr'>Α</span> <span class='ocrx_word' id='word_1_889' title='bbox 3142 5723 3153 5757; x_wconf 92' lang='lat'>:</span> <span class='ocrx_word' id='word_1_890' title='bbox 3191 5712 3327 5778; x_wconf 72' lang='grc' dir='ltr'>αὐτῇ</span> <span class='ocrx_word' id='word_1_891' title='bbox 3352 5724 3415 5774; x_wconf 69' lang='grc' dir='ltr'>ς’.</span> 
     </span>
    </p>
   </div>
   <div class='ocr_carea' id='block_1_115' title="bbox 1867 5485 2219 5557">
    <p class='ocr_par' dir='ltr' id='par_1_115' title="bbox 1867 5485 2219 5557">
     <span class='ocr_line' id='line_1_118' title="bbox 1867 5485 2219 5557; baseline -0.006 -17"><span class='ocrx_word' id='word_1_892' title='bbox 1867 5489 1916 5527; x_wconf 72' lang='grc' dir='ltr'><strong>ἰ</strong></span> <span class='ocrx_word' id='word_1_893' title='bbox 1949 5485 2219 5557; x_wconf 83' lang='grc' dir='ltr'>ἐντεῦθεν]</span> 
     </span>
    </p>
   </div>
   <div class='ocr_carea' id='block_1_116' title="bbox 2270 5489 3424 5564">
    <p class='ocr_par' dir='ltr' id='par_1_116' title="bbox 2270 5489 3424 5564">
     <span class='ocr_line' id='line_1_119' title="bbox 2270 5489 3424 5564; baseline 0.013 -24"><span class='ocrx_word' id='word_1_894' title='bbox 2270 5489 2485 5564; x_wconf 64' lang='lat' dir='ltr'><strong>tit,_5_l_.</strong></span> <span class='ocrx_word' id='word_1_895' title='bbox 2589 5490 2633 5523; x_wconf 84' lang='grc'><strong>⁷⁸</strong></span> <span class='ocrx_word' id='word_1_896' title='bbox 2658 5492 2751 5543; x_wconf 79' lang='grc' dir='ltr'><strong>καὶ</strong></span> <span class='ocrx_word' id='word_1_897' title='bbox 2801 5491 2930 5564; x_wconf 76' lang='grc' dir='ltr'>μὴν]</span> <span class='ocrx_word' id='word_1_898' title='bbox 2981 5509 3057 5559; x_wconf 85' lang='grc' dir='ltr'>ιιι,</span> <span class='ocrx_word' id='word_1_899' title='bbox 3089 5496 3178 5550; x_wconf 79' lang='lat'><strong>52.</strong></span> <span class='ocrx_word' id='word_1_900' title='bbox 3256 5499 3302 5531; x_wconf 83' lang='lat'>&quot;</span> <span class='ocrx_word' id='word_1_901' title='bbox 3328 5501 3424 5554; x_wconf 75' lang='grc' dir='ltr'>καὶ</span> 
     </span>
    </p>
   </div>
   <div class='ocr_carea' id='block_1_117' title="bbox 3295 5571 3423 5636">
    <p class='ocr_par' dir='ltr' id='par_1_117' title="bbox 3295 5571 3423 5636">
     <span class='ocr_line' id='line_1_120' title="bbox 3295 5571 3423 5636; baseline 0.008 -34"><span class='ocrx_word' id='word_1_902' title='bbox 3295 5571 3337 5602; x_wconf 70' lang='grc' dir='ltr'>,ί</span> 
     </span>
    </p>
   </div>
   <div class='ocr_carea' id='block_1_118' title="bbox 3026 5794 3105 5851">
    <p class='ocr_par' dir='ltr' id='par_1_118' title="bbox 3026 5794 3105 5851">
     <span class='ocr_line' id='line_1_121' title="bbox 3026 5794 3105 5851; baseline 0.025 -2"><span class='ocrx_word' id='word_1_903' title='bbox 3026 5794 3105 5851; x_wconf 80' lang='lat'><strong>39</strong></span> 
     </span>
    </p>
   </div>
  </div>
