  <div class='ocr_page' id='page_1' title='image "/cluster/home/n/w/nwhite01/storage/ocr_20150623/103/nnc1.0046979689/630.png"; bbox 0 0 4206 6436; ppageno 0'>
   <div class='ocr_carea' id='block_1_1' title="bbox 213 431 355 496">
    <p class='ocr_par' dir='ltr' id='par_1_1' title="bbox 213 431 355 496">
     <span class='ocr_line' id='line_1_1' title="bbox 213 431 355 496; baseline 0.014 -2"><span class='ocrx_word' id='word_1_1' title='bbox 213 431 355 496; x_wconf 76' lang='grc'>1229</span> 
     </span>
    </p>
   </div>
   <div class='ocr_carea' id='block_1_2' title="bbox 1288 432 2375 497">
    <p class='ocr_par' dir='ltr' id='par_1_2' title="bbox 1288 432 2375 497">
     <span class='ocr_line' id='line_1_2' title="bbox 1288 432 2375 497; baseline 0 -4"><span class='ocrx_word' id='word_1_2' title='bbox 1288 434 1805 497; x_wconf 81' lang='lat' dir='ltr'><strong>BIBLIOTIIECA.</strong></span> <span class='ocrx_word' id='word_1_3' title='bbox 1838 459 1908 472; x_wconf 88' lang='grc'><strong>·-</strong></span> <span class='ocrx_word' id='word_1_4' title='bbox 1943 434 2106 497; x_wconf 90' lang='lat' dir='ltr'><strong>COD.</strong></span> <span class='ocrx_word' id='word_1_5' title='bbox 2138 432 2375 496; x_wconf 83' lang='lat' dir='ltr'><strong>CCXLI.</strong></span> 
     </span>
    </p>
   </div>
   <div class='ocr_carea' id='block_1_3' title="bbox 3352 432 3489 501">
    <p class='ocr_par' dir='ltr' id='par_1_3' title="bbox 3352 432 3489 501">
     <span class='ocr_line' id='line_1_3' title="bbox 3352 432 3489 501; baseline 0.015 -2"><span class='ocrx_word' id='word_1_6' title='bbox 3352 432 3489 501; x_wconf 77' lang='lat'><strong>1230</strong></span> 
     </span>
    </p>
   </div>
   <div class='ocr_carea' id='block_1_4' title="bbox 213 523 1794 620">
    <p class='ocr_par' dir='ltr' id='par_1_4' title="bbox 213 545 1794 615">
     <span class='ocr_line' id='line_1_4' title="bbox 213 545 1794 615; baseline 0.004 -18"><span class='ocrx_word' id='word_1_7' title='bbox 213 549 345 612; x_wconf 65' lang='grc' dir='ltr'>περὶ</span> <span class='ocrx_word' id='word_1_8' title='bbox 372 546 611 609; x_wconf 80' lang='grc' dir='ltr'>Κελτοὺς</span> <span class='ocrx_word' id='word_1_9' title='bbox 655 548 752 615; x_wconf 82' lang='grc' dir='ltr'>μὲν</span> <span class='ocrx_word' id='word_1_10' title='bbox 786 548 909 598; x_wconf 77' lang='grc' dir='ltr'>κατ’</span> <span class='ocrx_word' id='word_1_11' title='bbox 938 545 1117 614; x_wconf 79' lang='grc' dir='ltr'>ὀλίγον</span> <span class='ocrx_word' id='word_1_12' title='bbox 1150 548 1467 613; x_wconf 76' lang='grc' dir='ltr'>ὑπανιόντος</span> <span class='ocrx_word' id='word_1_13' title='bbox 1488 554 1530 583; x_wconf 70' lang='grc'>⁸⁸</span> <span class='ocrx_word' id='word_1_14' title='bbox 1554 553 1647 604; x_wconf 79' lang='grc' dir='ltr'><strong>τοῦ</strong></span> <span class='ocrx_word' id='word_1_15' title='bbox 1678 554 1794 603; x_wconf 71' lang='grc' dir='ltr'>σκό-</span> 
     </span>
    </p>
   </div>
   <div class='ocr_carea' id='block_1_5' title="bbox 1899 523 3487 620">
    <p class='ocr_par' dir='ltr' id='par_1_5' title="bbox 1911 523 3487 620">
     <span class='ocr_line' id='line_1_5' title="bbox 1911 523 3487 620; baseline 0.001 -16"><span class='ocrx_word' id='word_1_16' title='bbox 1911 553 2057 616; x_wconf 87' lang='lat' dir='ltr'><strong>dein,</strong></span> <span class='ocrx_word' id='word_1_17' title='bbox 2101 562 2401 617; x_wconf 77' lang='lat' dir='ltr'><strong>rursusque</strong></span> <span class='ocrx_word' id='word_1_18' title='bbox 2446 548 2562 604; x_wconf 88' lang='lat' dir='ltr'><strong>dies</strong></span> <span class='ocrx_word' id='word_1_19' title='bbox 2601 555 2816 605; x_wconf 89' lang='lat' dir='ltr'><strong>noctem</strong></span> <span class='ocrx_word' id='word_1_20' title='bbox 2859 548 3084 618; x_wconf 79' lang='lat' dir='ltr'><strong>excipit,</strong></span> <span class='ocrx_word' id='word_1_21' title='bbox 3132 550 3272 620; x_wconf 85' lang='lat' dir='ltr'><strong>apud</strong></span> <span class='ocrx_word' id='word_1_22' title='bbox 3302 523 3487 608; x_wconf 84' lang='lat' dir='ltr'><strong>Celtas</strong></span> 
     </span>
    </p>
   </div>
   <div class='ocr_carea' id='block_1_6' title="bbox 210 635 1798 710">
    <p class='ocr_par' dir='ltr' id='par_1_6' title="bbox 210 635 1798 710">
     <span class='ocr_line' id='line_1_6' title="bbox 210 635 1798 710; baseline 0.006 -24"><span class='ocrx_word' id='word_1_23' title='bbox 210 652 339 696; x_wconf 91' lang='grc' dir='ltr'>τους</span> <span class='ocrx_word' id='word_1_24' title='bbox 398 636 429 703; x_wconf 84' lang='grc' dir='ltr'>ἢ</span> <span class='ocrx_word' id='word_1_25' title='bbox 501 637 595 688; x_wconf 81' lang='grc' dir='ltr'>τοῦ</span> <span class='ocrx_word' id='word_1_26' title='bbox 648 635 846 702; x_wconf 84' lang='grc' dir='ltr'>φωτὸς,</span> <span class='ocrx_word' id='word_1_27' title='bbox 886 635 1075 705; x_wconf 79' lang='grc' dir='ltr'>ὥσπερ</span> <span class='ocrx_word' id='word_1_28' title='bbox 1118 638 1373 703; x_wconf 73' lang='grc' dir='ltr'>ἐνταῦθα,</span> <span class='ocrx_word' id='word_1_29' title='bbox 1409 642 1536 709; x_wconf 78' lang='grc' dir='ltr'>περὶ</span> <span class='ocrx_word' id='word_1_30' title='bbox 1565 642 1798 710; x_wconf 81' lang='grc' dir='ltr'>Γάδειρα</span> 
     </span>
    </p>
   </div>
   <div class='ocr_carea' id='block_1_7' title="bbox 212 725 1797 800">
    <p class='ocr_par' dir='ltr' id='par_1_7' title="bbox 212 725 1797 800">
     <span class='ocr_line' id='line_1_7' title="bbox 212 725 1797 800; baseline 0.004 -23"><span class='ocrx_word' id='word_1_31' title='bbox 212 727 271 777; x_wconf 85' lang='grc' dir='ltr'>δὲ</span> <span class='ocrx_word' id='word_1_32' title='bbox 302 727 393 776; x_wconf 78' lang='grc' dir='ltr'>καὶ</span> <span class='ocrx_word' id='word_1_33' title='bbox 430 726 630 792; x_wconf 81' lang='grc' dir='ltr'><strong>στήλας</strong></span> <span class='ocrx_word' id='word_1_34' title='bbox 662 725 872 795; x_wconf 74' lang='grc' dir='ltr'>ἁθρόως</span> <span class='ocrx_word' id='word_1_35' title='bbox 900 726 1145 794; x_wconf 87' lang='grc' dir='ltr'>λέγονται</span> <span class='ocrx_word' id='word_1_36' title='bbox 1166 730 1278 789; x_wconf 84' lang='grc' dir='ltr'>τοῖς</span> <span class='ocrx_word' id='word_1_37' title='bbox 1300 729 1598 798; x_wconf 78' lang='grc' dir='ltr'>ὀφθαλμοῖς</span> <span class='ocrx_word' id='word_1_38' title='bbox 1630 734 1797 800; x_wconf 70' lang='grc' dir='ltr'>ἐμπί-</span> 
     </span>
    </p>
   </div>
   <div class='ocr_carea' id='block_1_8' title="bbox 214 815 1794 891">
    <p class='ocr_par' dir='ltr' id='par_1_8' title="bbox 214 815 1794 891">
     <span class='ocr_line' id='line_1_8' title="bbox 214 815 1794 891; baseline 0.005 -26"><span class='ocrx_word' id='word_1_39' title='bbox 214 832 392 879; x_wconf 81' lang='grc' dir='ltr'><strong>πτειν,</strong></span> <span class='ocrx_word' id='word_1_40' title='bbox 431 815 619 883; x_wconf 82' lang='grc' dir='ltr'>ὥσπερ</span> <span class='ocrx_word' id='word_1_41' title='bbox 672 817 729 867; x_wconf 81' lang='grc' dir='ltr'><strong>αἰ</strong></span> <span class='ocrx_word' id='word_1_42' title='bbox 777 816 1075 885; x_wconf 79' lang='grc' dir='ltr'>ἀστραπαί.</span> <span class='ocrx_word' id='word_1_43' title='bbox 1114 816 1250 870; x_wconf 71' lang='grc' dir='ltr'>Φασὶ</span> <span class='ocrx_word' id='word_1_44' title='bbox 1298 818 1515 881; x_wconf 77' lang='grc' dir='ltr'>καὶτὰς</span> <span class='ocrx_word' id='word_1_45' title='bbox 1546 818 1674 890; x_wconf 75' lang='grc'><strong>[556</strong></span> <span class='ocrx_word' id='word_1_46' title='bbox 1702 820 1794 891; x_wconf 87' lang='grc' dir='ltr'><strong>Η.]</strong></span> 
     </span>
    </p>
   </div>
   <div class='ocr_carea' id='block_1_9' title="bbox 218 906 1796 981">
    <p class='ocr_par' dir='ltr' id='par_1_9' title="bbox 218 906 1796 981">
     <span class='ocr_line' id='line_1_9' title="bbox 218 906 1796 981; baseline 0.006 -25"><span class='ocrx_word' id='word_1_47' title='bbox 218 906 485 974; x_wconf 77' lang='grc' dir='ltr'><strong>μακάρων</strong></span> <span class='ocrx_word' id='word_1_48' title='bbox 524 907 716 975; x_wconf 80' lang='grc' dir='ltr'><strong>νήσους</strong></span> <span class='ocrx_word' id='word_1_49' title='bbox 740 907 1018 977; x_wconf 77' lang='grc' dir='ltr'><strong>ὁρίζεσθαι</strong></span> <span class='ocrx_word' id='word_1_50' title='bbox 1047 908 1364 980; x_wconf 76' lang='grc' dir='ltr'>τῷΑιδυκῷ</span> <span class='ocrx_word' id='word_1_51' title='bbox 1392 910 1630 981; x_wconf 77' lang='grc' dir='ltr'><strong>τέρματι</strong></span> <span class='ocrx_word' id='word_1_52' title='bbox 1659 912 1796 981; x_wconf 81' lang='grc' dir='ltr'>πρὸς</span> 
     </span>
    </p>
   </div>
   <div class='ocr_carea' id='block_1_10' title="bbox 214 997 1292 1069">
    <p class='ocr_par' dir='ltr' id='par_1_10' title="bbox 214 997 1292 1069">
     <span class='ocr_line' id='line_1_10' title="bbox 214 997 1292 1069; baseline 0.007 -24"><span class='ocrx_word' id='word_1_53' title='bbox 214 997 276 1047; x_wconf 76' lang='grc' dir='ltr'><strong>τὸ</strong></span> <span class='ocrx_word' id='word_1_54' title='bbox 316 998 570 1065; x_wconf 81' lang='grc' dir='ltr'>ἀοίκητον</span> <span class='ocrx_word' id='word_1_55' title='bbox 600 997 901 1066; x_wconf 77' lang='grc' dir='ltr'><strong>ἀνεχούσας</strong></span> <span class='ocrx_word' id='word_1_56' title='bbox 924 1000 1292 1069; x_wconf 73' lang='grc' dir='ltr'>ἀκρωτήριον.</span> 
     </span>
    </p>
   </div>
   <div class='ocr_carea' id='block_1_11' title="bbox 287 1174 1794 1254">
    <p class='ocr_par' dir='ltr' id='par_1_11' title="bbox 287 1174 1794 1254">
     <span class='ocr_line' id='line_1_11' title="bbox 287 1174 1794 1254; baseline 0.009 -29"><span class='ocrx_word' id='word_1_57' title='bbox 287 1174 371 1225; x_wconf 83' lang='grc' dir='ltr'><strong>Τὰ</strong></span> <span class='ocrx_word' id='word_1_58' title='bbox 390 1175 445 1227; x_wconf 76' lang='grc' dir='ltr'>δὲ</span> <span class='ocrx_word' id='word_1_59' title='bbox 464 1175 694 1245; x_wconf 83' lang='grc' dir='ltr'>Γάδειρα</span> <span class='ocrx_word' id='word_1_60' title='bbox 724 1179 903 1230; x_wconf 79' lang='grc' dir='ltr'>κεῖται</span> <span class='ocrx_word' id='word_1_61' title='bbox 940 1179 1038 1247; x_wconf 81' lang='grc' dir='ltr'>μὲν</span> <span class='ocrx_word' id='word_1_62' title='bbox 1060 1180 1200 1233; x_wconf 77' lang='grc' dir='ltr'>κατὰ</span> <span class='ocrx_word' id='word_1_63' title='bbox 1220 1181 1277 1232; x_wconf 77' lang='grc' dir='ltr'><strong>τὸ</strong></span> <span class='ocrx_word' id='word_1_64' title='bbox 1300 1181 1571 1253; x_wconf 81' lang='grc' dir='ltr'><strong>Εὐρώπης</strong></span> <span class='ocrx_word' id='word_1_65' title='bbox 1595 1186 1794 1254; x_wconf 88' lang='grc' dir='ltr'>τέρμα,</span> 
     </span>
    </p>
   </div>
   <div class='ocr_carea' id='block_1_12' title="bbox 216 1268 1799 1346">
    <p class='ocr_par' dir='ltr' id='par_1_12' title="bbox 216 1268 1799 1346">
     <span class='ocr_line' id='line_1_12' title="bbox 216 1268 1799 1346; baseline 0.008 -29"><span class='ocrx_word' id='word_1_66' title='bbox 216 1269 463 1335; x_wconf 77' lang='grc' dir='ltr'>περιττοὶ</span> <span class='ocrx_word' id='word_1_67' title='bbox 523 1269 565 1299; x_wconf 81' lang='grc'><strong>³³</strong></span> <span class='ocrx_word' id='word_1_68' title='bbox 597 1268 652 1320; x_wconf 82' lang='grc' dir='ltr'><strong>δέ</strong></span> <span class='ocrx_word' id='word_1_69' title='bbox 690 1270 797 1321; x_wconf 82' lang='grc' dir='ltr'>εἰσι</span> <span class='ocrx_word' id='word_1_70' title='bbox 825 1271 893 1323; x_wconf 81' lang='grc' dir='ltr'><strong>τὰ</strong></span> <span class='ocrx_word' id='word_1_71' title='bbox 931 1270 1069 1324; x_wconf 78' lang='grc' dir='ltr'>θεῖα.</span> <span class='ocrx_word' id='word_1_72' title='bbox 1127 1272 1319 1342; x_wconf 83' lang='grc' dir='ltr'><strong>Γήρως</strong></span> <span class='ocrx_word' id='word_1_73' title='bbox 1369 1274 1462 1327; x_wconf 76' lang='grc' dir='ltr'>οὖν</span> <span class='ocrx_word' id='word_1_74' title='bbox 1518 1276 1562 1306; x_wconf 72' lang='grc'><strong>⁸⁵</strong></span> <span class='ocrx_word' id='word_1_75' title='bbox 1616 1276 1799 1346; x_wconf 82' lang='grc' dir='ltr'>βωμὸν</span> 
     </span>
    </p>
   </div>
   <div class='ocr_carea' id='block_1_13' title="bbox 217 1358 1801 1433">
    <p class='ocr_par' dir='ltr' id='par_1_13' title="bbox 217 1358 1801 1433">
     <span class='ocr_line' id='line_1_13' title="bbox 217 1358 1801 1433; baseline 0.008 -25"><span class='ocrx_word' id='word_1_76' title='bbox 217 1358 486 1427; x_wconf 78' lang='grc' dir='ltr'>ἵδρυνται,</span> <span class='ocrx_word' id='word_1_77' title='bbox 517 1361 611 1410; x_wconf 85' lang='grc' dir='ltr'>καὶ</span> <span class='ocrx_word' id='word_1_78' title='bbox 646 1360 737 1411; x_wconf 80' lang='grc' dir='ltr'>τὸν</span> <span class='ocrx_word' id='word_1_79' title='bbox 768 1362 998 1414; x_wconf 83' lang='grc' dir='ltr'>θάνατον</span> <span class='ocrx_word' id='word_1_80' title='bbox 1028 1362 1177 1429; x_wconf 84' lang='grc' dir='ltr'>μόνοι</span> <span class='ocrx_word' id='word_1_81' title='bbox 1216 1364 1521 1433; x_wconf 83' lang='grc' dir='ltr'>ἀνθρώπων</span> <span class='ocrx_word' id='word_1_82' title='bbox 1573 1368 1801 1419; x_wconf 85' lang='grc' dir='ltr'>παιωνί-</span> 
     </span>
    </p>
   </div>
   <div class='ocr_carea' id='block_1_14' title="bbox 216 1446 1800 1525">
    <p class='ocr_par' dir='ltr' id='par_1_14' title="bbox 216 1446 1800 1525">
     <span class='ocr_line' id='line_1_14' title="bbox 216 1446 1800 1525; baseline 0.007 -27"><span class='ocrx_word' id='word_1_83' title='bbox 216 1446 425 1510; x_wconf 79' lang='grc' dir='ltr'>ζονται.</span> <span class='ocrx_word' id='word_1_84' title='bbox 459 1449 643 1518; x_wconf 66' lang='grc' dir='ltr'><strong>Βωμο)⁵</strong></span> <span class='ocrx_word' id='word_1_85' title='bbox 692 1450 749 1501; x_wconf 83' lang='grc' dir='ltr'>δὲ</span> <span class='ocrx_word' id='word_1_86' title='bbox 800 1454 917 1504; x_wconf 72' lang='grc' dir='ltr'>ἐκεῖ</span> <span class='ocrx_word' id='word_1_87' title='bbox 962 1454 1057 1504; x_wconf 81' lang='grc' dir='ltr'>καὶ</span> <span class='ocrx_word' id='word_1_88' title='bbox 1090 1452 1283 1510; x_wconf 85' lang='grc' dir='ltr'>πενίας</span> <span class='ocrx_word' id='word_1_89' title='bbox 1338 1455 1431 1506; x_wconf 80' lang='grc' dir='ltr'>καὶ</span> <span class='ocrx_word' id='word_1_90' title='bbox 1477 1457 1672 1525; x_wconf 82' lang='grc' dir='ltr'>τέχνης</span> <span class='ocrx_word' id='word_1_91' title='bbox 1706 1458 1800 1510; x_wconf 77' lang='grc' dir='ltr'>καὶ</span> 
     </span>
    </p>
   </div>
   <div class='ocr_carea' id='block_1_15' title="bbox 228 1537 1795 1616">
    <p class='ocr_par' dir='ltr' id='par_1_15' title="bbox 228 1537 1795 1616">
     <span class='ocr_line' id='line_1_15' title="bbox 228 1537 1795 1616; baseline 0.007 -26"><span class='ocrx_word' id='word_1_92' title='bbox 228 1537 564 1607; x_wconf 76' lang='grc' dir='ltr'><strong>Ἡρακλέους</strong></span> <span class='ocrx_word' id='word_1_93' title='bbox 610 1540 667 1593; x_wconf 80' lang='grc' dir='ltr'>δὲ</span> <span class='ocrx_word' id='word_1_94' title='bbox 737 1544 1073 1610; x_wconf 73' lang='grc' dir='ltr'><strong>Αἰγυπτίου,</strong></span> <span class='ocrx_word' id='word_1_95' title='bbox 1144 1544 1236 1596; x_wconf 71' lang='grc' dir='ltr'>καὶ</span> <span class='ocrx_word' id='word_1_96' title='bbox 1303 1544 1481 1615; x_wconf 76' lang='grc' dir='ltr'>ἕτεροι</span> <span class='ocrx_word' id='word_1_97' title='bbox 1524 1547 1795 1616; x_wconf 75' lang='grc' dir='ltr'>Θηϐαίου“</span> 
     </span>
    </p>
   </div>
   <div class='ocr_carea' id='block_1_16' title="bbox 211 1630 1799 1709">
    <p class='ocr_par' dir='ltr' id='par_1_16' title="bbox 211 1630 1799 1709">
     <span class='ocr_line' id='line_1_16' title="bbox 211 1630 1799 1709; baseline 0.008 -28"><span class='ocrx_word' id='word_1_98' title='bbox 211 1630 309 1681; x_wconf 81' lang='grc' dir='ltr'><strong>τὸν</strong></span> <span class='ocrx_word' id='word_1_99' title='bbox 348 1633 390 1663; x_wconf 82' lang='grc'><strong>¹³</strong></span> <span class='ocrx_word' id='word_1_100' title='bbox 428 1632 529 1697; x_wconf 83' lang='grc' dir='ltr'>μὲν</span> <span class='ocrx_word' id='word_1_101' title='bbox 554 1632 664 1701; x_wconf 86' lang='grc' dir='ltr'><strong>γὰρ</strong></span> <span class='ocrx_word' id='word_1_102' title='bbox 697 1634 789 1685; x_wconf 73' lang='grc' dir='ltr'><strong>ἐπὶ</strong></span> <span class='ocrx_word' id='word_1_103' title='bbox 815 1636 911 1703; x_wconf 78' lang='grc' dir='ltr'>τὴν</span> <span class='ocrx_word' id='word_1_104' title='bbox 942 1636 1108 1703; x_wconf 73' lang='grc' dir='ltr'>ἐγγὺς</span> <span class='ocrx_word' id='word_1_105' title='bbox 1134 1636 1433 1706; x_wconf 80' lang='grc' dir='ltr'><strong>’Ἐρύθειαν</strong></span> <span class='ocrx_word' id='word_1_106' title='bbox 1476 1639 1665 1693; x_wconf 85' lang='grc' dir='ltr'>ὲλάσαι</span> <span class='ocrx_word' id='word_1_107' title='bbox 1698 1659 1799 1709; x_wconf 85' lang='grc' dir='ltr'>φα-</span> 
     </span>
    </p>
   </div>
   <div class='ocr_carea' id='block_1_17' title="bbox 215 1722 1796 1799">
    <p class='ocr_par' dir='ltr' id='par_1_17' title="bbox 215 1722 1796 1799">
     <span class='ocr_line' id='line_1_17' title="bbox 215 1722 1796 1799; baseline 0.009 -28"><span class='ocrx_word' id='word_1_108' title='bbox 215 1722 324 1784; x_wconf 80' lang='grc' dir='ltr'>σὶν,</span> <span class='ocrx_word' id='word_1_109' title='bbox 353 1723 442 1773; x_wconf 85' lang='grc' dir='ltr'><strong>ὅτε</strong></span> <span class='ocrx_word' id='word_1_110' title='bbox 478 1724 518 1752; x_wconf 82' lang='grc'><strong>¹⁶</strong></span> <span class='ocrx_word' id='word_1_111' title='bbox 547 1724 611 1792; x_wconf 82' lang='grc' dir='ltr'>δὴ</span> <span class='ocrx_word' id='word_1_112' title='bbox 638 1724 728 1775; x_wconf 81' lang='grc' dir='ltr'><strong>τὸν</strong></span> <span class='ocrx_word' id='word_1_113' title='bbox 758 1725 799 1755; x_wconf 78' lang='grc'><strong>¹⁷</strong></span> <span class='ocrx_word' id='word_1_114' title='bbox 834 1725 1115 1795; x_wconf 79' lang='grc' dir='ltr'><strong>Γηρυόνην</strong></span> <span class='ocrx_word' id='word_1_115' title='bbox 1148 1744 1207 1779; x_wconf 91' lang='grc' dir='ltr'><strong>τε</strong></span> <span class='ocrx_word' id='word_1_116' title='bbox 1234 1728 1448 1791; x_wconf 75' lang='grc' dir='ltr'>καὶτὰς</span> <span class='ocrx_word' id='word_1_117' title='bbox 1480 1729 1605 1799; x_wconf 81' lang='grc' dir='ltr'>βοῦς</span> <span class='ocrx_word' id='word_1_118' title='bbox 1634 1731 1796 1797; x_wconf 77' lang='grc' dir='ltr'>ἑλεῖν,</span> 
     </span>
    </p>
   </div>
   <div class='ocr_carea' id='block_1_18' title="bbox 211 1813 1795 1891">
    <p class='ocr_par' dir='ltr' id='par_1_18' title="bbox 211 1813 1795 1891">
     <span class='ocr_line' id='line_1_18' title="bbox 211 1813 1795 1891; baseline 0.009 -27"><span class='ocrx_word' id='word_1_119' title='bbox 211 1813 307 1865; x_wconf 64' lang='grc' dir='ltr'><strong>⁴,τὸν</strong></span> <span class='ocrx_word' id='word_1_120' title='bbox 330 1813 387 1865; x_wconf 80' lang='grc' dir='ltr'>δὲ</span> <span class='ocrx_word' id='word_1_121' title='bbox 424 1815 585 1885; x_wconf 79' lang='grc' dir='ltr'>σοφία</span> <span class='ocrx_word' id='word_1_122' title='bbox 624 1816 666 1848; x_wconf 77' lang='grc'><strong>⁸⁸</strong></span> <span class='ocrx_word' id='word_1_123' title='bbox 693 1816 851 1869; x_wconf 84' lang='grc' dir='ltr'>δόντα</span> <span class='ocrx_word' id='word_1_124' title='bbox 879 1818 986 1884; x_wconf 86' lang='grc' dir='ltr'>γῆν</span> <span class='ocrx_word' id='word_1_125' title='bbox 1012 1834 1071 1869; x_wconf 89' lang='grc' dir='ltr'>τε</span> <span class='ocrx_word' id='word_1_126' title='bbox 1099 1819 1586 1891; x_wconf 75' lang='grc' dir='ltr'>ἀναμετρήσασθαί</span> <span class='ocrx_word' id='word_1_127' title='bbox 1612 1825 1795 1879; x_wconf 79' lang='grc' dir='ltr'>πᾶσαν</span> 
     </span>
    </p>
   </div>
   <div class='ocr_carea' id='block_1_19' title="bbox 1907 639 3489 709">
    <p class='ocr_par' dir='ltr' id='par_1_19' title="bbox 1907 639 3489 709">
     <span class='ocr_line' id='line_1_19' title="bbox 1907 639 3489 709; baseline 0.001 -15"><span class='ocrx_word' id='word_1_128' title='bbox 1907 642 2121 708; x_wconf 89' lang='lat' dir='ltr'><strong>quidem</strong></span> <span class='ocrx_word' id='word_1_129' title='bbox 2143 640 2402 709; x_wconf 77' lang='lat' dir='ltr'><strong>paulatim</strong></span> <span class='ocrx_word' id='word_1_130' title='bbox 2428 640 2832 695; x_wconf 77' lang='lat' dir='ltr'><strong>discedentibus</strong></span> <span class='ocrx_word' id='word_1_131' title='bbox 2855 650 2948 694; x_wconf 83' lang='lat' dir='ltr'><strong>aut</strong></span> <span class='ocrx_word' id='word_1_132' title='bbox 2968 639 3173 693; x_wconf 87' lang='lat' dir='ltr'><strong>lumine</strong></span> <span class='ocrx_word' id='word_1_133' title='bbox 3190 678 3205 703; x_wconf 89' lang='lat'><strong>,</strong></span> <span class='ocrx_word' id='word_1_134' title='bbox 3223 650 3316 694; x_wconf 87' lang='lat' dir='ltr'><strong>aut</strong></span> <span class='ocrx_word' id='word_1_135' title='bbox 3339 651 3489 695; x_wconf 80' lang='lat' dir='ltr'><strong>tene—</strong></span> 
     </span>
    </p>
   </div>
   <div class='ocr_carea' id='block_1_20' title="bbox 1906 728 3489 797">
    <p class='ocr_par' dir='ltr' id='par_1_20' title="bbox 1906 728 3489 797">
     <span class='ocr_line' id='line_1_20' title="bbox 1906 728 3489 797; baseline 0 -14"><span class='ocrx_word' id='word_1_136' title='bbox 1906 730 2021 785; x_wconf 88' lang='lat' dir='ltr'><strong>bris</strong></span> <span class='ocrx_word' id='word_1_137' title='bbox 2081 732 2224 784; x_wconf 83' lang='lat' dir='ltr'><strong>sicut</strong></span> <span class='ocrx_word' id='word_1_138' title='bbox 2275 730 2417 797; x_wconf 82' lang='lat' dir='ltr'><strong>apud</strong></span> <span class='ocrx_word' id='word_1_139' title='bbox 2467 744 2567 783; x_wconf 90' lang='lat' dir='ltr'><strong>nos</strong></span> <span class='ocrx_word' id='word_1_140' title='bbox 2608 730 2776 784; x_wconf 87' lang='lat' dir='ltr'><strong>etiam</strong></span> <span class='ocrx_word' id='word_1_141' title='bbox 2828 729 3047 783; x_wconf 83' lang='lat' dir='ltr'><strong>accidit.</strong></span> <span class='ocrx_word' id='word_1_142' title='bbox 3099 729 3257 785; x_wconf 84' lang='lat' dir='ltr'><strong>Circa</strong></span> <span class='ocrx_word' id='word_1_143' title='bbox 3309 728 3489 783; x_wconf 84' lang='lat' dir='ltr'><strong>Gades</strong></span> 
     </span>
    </p>
   </div>
   <div class='ocr_carea' id='block_1_21' title="bbox 1908 816 3489 887">
    <p class='ocr_par' dir='ltr' id='par_1_21' title="bbox 1908 816 3489 887">
     <span class='ocr_line' id='line_1_21' title="bbox 1908 816 3489 887; baseline -0.001 -14"><span class='ocrx_word' id='word_1_144' title='bbox 1908 830 2088 873; x_wconf 89' lang='lat' dir='ltr'><strong>autem</strong></span> <span class='ocrx_word' id='word_1_145' title='bbox 2130 827 2184 873; x_wconf 92' lang='lat' dir='ltr'><strong>et</strong></span> <span class='ocrx_word' id='word_1_146' title='bbox 2209 816 2473 873; x_wconf 72' lang='lat' dir='ltr'><strong>columnae</strong></span> <span class='ocrx_word' id='word_1_147' title='bbox 2503 816 2791 872; x_wconf 76' lang='lat' dir='ltr'><strong>confertim</strong></span> <span class='ocrx_word' id='word_1_148' title='bbox 2823 826 3080 887; x_wconf 84' lang='lat' dir='ltr'><strong>tanquam</strong></span> <span class='ocrx_word' id='word_1_149' title='bbox 3114 818 3328 886; x_wconf 79' lang='lat' dir='ltr'><strong>fulgura</strong></span> <span class='ocrx_word' id='word_1_150' title='bbox 3364 827 3489 871; x_wconf 85' lang='lat' dir='ltr'><strong>ante</strong></span> 
     </span>
    </p>
   </div>
   <div class='ocr_carea' id='block_1_22' title="bbox 1909 906 3477 977">
    <p class='ocr_par' dir='ltr' id='par_1_22' title="bbox 1909 906 3477 977">
     <span class='ocr_line' id='line_1_22' title="bbox 1909 906 3477 977; baseline -0.002 -13"><span class='ocrx_word' id='word_1_151' title='bbox 1909 910 2098 964; x_wconf 90' lang='lat' dir='ltr'><strong>oculos</strong></span> <span class='ocrx_word' id='word_1_152' title='bbox 2136 911 2333 964; x_wconf 89' lang='lat' dir='ltr'><strong>cadere</strong></span> <span class='ocrx_word' id='word_1_153' title='bbox 2374 906 2649 962; x_wconf 90' lang='lat' dir='ltr'><strong>dicuntur.</strong></span> <span class='ocrx_word' id='word_1_154' title='bbox 2700 906 2998 963; x_wconf 88' lang='lat' dir='ltr'><strong>Perhibent</strong></span> <span class='ocrx_word' id='word_1_155' title='bbox 3040 922 3256 977; x_wconf 85' lang='lat' dir='ltr'><strong>quoque</strong></span> <span class='ocrx_word' id='word_1_156' title='bbox 3286 909 3477 975; x_wconf 65' lang='lat' dir='ltr'><strong>,beatn-</strong></span> 
     </span>
    </p>
   </div>
   <div class='ocr_carea' id='block_1_23' title="bbox 1908 998 3485 1064">
    <p class='ocr_par' dir='ltr' id='par_1_23' title="bbox 1908 998 3485 1064">
     <span class='ocr_line' id='line_1_23' title="bbox 1908 998 3485 1064; baseline -0.001 -11"><span class='ocrx_word' id='word_1_157' title='bbox 1908 1016 2027 1053; x_wconf 91' lang='lat' dir='ltr'><strong>rum</strong></span> <span class='ocrx_word' id='word_1_158' title='bbox 2046 1000 2247 1053; x_wconf 84' lang='lat' dir='ltr'><strong>insulas</strong></span> <span class='ocrx_word' id='word_1_159' title='bbox 2271 999 2468 1053; x_wconf 74' lang='lat' dir='ltr'><strong>Africa:</strong></span> <span class='ocrx_word' id='word_1_160' title='bbox 2494 999 2693 1053; x_wconf 81' lang='lat' dir='ltr'><strong>ﬁnibus</strong></span> <span class='ocrx_word' id='word_1_161' title='bbox 2716 1000 2953 1064; x_wconf 80' lang='lat' dir='ltr'><strong>deliniri,</strong></span> <span class='ocrx_word' id='word_1_162' title='bbox 2982 1000 3049 1052; x_wconf 83' lang='lat' dir='ltr'><strong>atl</strong></span> <span class='ocrx_word' id='word_1_163' title='bbox 3073 998 3485 1054; x_wconf 84' lang='lat' dir='ltr'><strong>inbabitabilem</strong></span> 
     </span>
    </p>
   </div>
   <div class='ocr_carea' id='block_1_24' title="bbox 1906 1089 2847 1159">
    <p class='ocr_par' dir='ltr' id='par_1_24' title="bbox 1906 1089 2847 1159">
     <span class='ocr_line' id='line_1_24' title="bbox 1906 1089 2847 1159; baseline 0 -16"><span class='ocrx_word' id='word_1_164' title='bbox 1906 1089 2265 1157; x_wconf 89' lang='lat' dir='ltr'><strong>promontorii</strong></span> <span class='ocrx_word' id='word_1_165' title='bbox 2298 1098 2505 1157; x_wconf 85' lang='lat' dir='ltr'><strong>partem</strong></span> <span class='ocrx_word' id='word_1_166' title='bbox 2540 1098 2847 1159; x_wconf 73' lang='lat' dir='ltr'><strong>vergentes.</strong></span> 
     </span>
    </p>
   </div>
   <div class='ocr_carea' id='block_1_25' title="bbox 1975 1176 3487 1247">
    <p class='ocr_par' dir='ltr' id='par_1_25' title="bbox 1975 1176 3487 1247">
     <span class='ocr_line' id='line_1_25' title="bbox 1975 1176 3487 1247; baseline 0 -14"><span class='ocrx_word' id='word_1_167' title='bbox 1975 1178 2155 1233; x_wconf 83' lang='lat' dir='ltr'><strong>Gades</strong></span> <span class='ocrx_word' id='word_1_168' title='bbox 2206 1186 2385 1231; x_wconf 90' lang='lat' dir='ltr'><strong>autem</strong></span> <span class='ocrx_word' id='word_1_169' title='bbox 2448 1178 2499 1230; x_wconf 95' lang='lat' dir='ltr'><strong>in</strong></span> <span class='ocrx_word' id='word_1_170' title='bbox 2541 1176 2768 1247; x_wconf 65' lang='lat' dir='ltr'><strong>Europae</strong></span> <span class='ocrx_word' id='word_1_171' title='bbox 2808 1177 3069 1233; x_wconf 74' lang='lat' dir='ltr'><strong>lateribus</strong></span> <span class='ocrx_word' id='word_1_172' title='bbox 3113 1177 3300 1247; x_wconf 69' lang='lat' dir='ltr'><strong>positae</strong></span> <span class='ocrx_word' id='word_1_173' title='bbox 3338 1186 3487 1233; x_wconf 88' lang='lat' dir='ltr'><strong>sunt.</strong></span> 
     </span>
    </p>
   </div>
   <div class='ocr_carea' id='block_1_26' title="bbox 1907 1265 3491 1335">
    <p class='ocr_par' dir='ltr' id='par_1_26' title="bbox 1907 1265 3491 1335">
     <span class='ocr_line' id='line_1_26' title="bbox 1907 1265 3491 1335; baseline 0 -14"><span class='ocrx_word' id='word_1_174' title='bbox 1907 1265 2282 1335; x_wconf 80' lang='lat' dir='ltr'><strong>Superstitiosi</strong></span> <span class='ocrx_word' id='word_1_175' title='bbox 2308 1274 2435 1322; x_wconf 90' lang='lat' dir='ltr'><strong>sunt</strong></span> <span class='ocrx_word' id='word_1_176' title='bbox 2454 1266 2562 1320; x_wconf 91' lang='lat' dir='ltr'><strong>illic</strong></span> <span class='ocrx_word' id='word_1_177' title='bbox 2585 1268 2729 1322; x_wconf 87' lang='lat' dir='ltr'><strong>circa</strong></span> <span class='ocrx_word' id='word_1_178' title='bbox 2754 1267 3047 1322; x_wconf 77' lang='lat' dir='ltr'><strong>sacriﬁcia.</strong></span> <span class='ocrx_word' id='word_1_179' title='bbox 3072 1267 3317 1323; x_wconf 65' lang='lat' dir='ltr'><strong>Senectaz</strong></span> <span class='ocrx_word' id='word_1_180' title='bbox 3334 1282 3491 1321; x_wconf 85' lang='lat' dir='ltr'><strong>nam-</strong></span> 
     </span>
    </p>
   </div>
   <div class='ocr_carea' id='block_1_27' title="bbox 1906 1357 3490 1427">
    <p class='ocr_par' dir='ltr' id='par_1_27' title="bbox 1906 1357 3490 1427">
     <span class='ocr_line' id='line_1_27' title="bbox 1906 1357 3490 1427; baseline 0.004 -19"><span class='ocrx_word' id='word_1_181' title='bbox 1906 1369 2011 1422; x_wconf 86' lang='lat' dir='ltr'><strong>que</strong></span> <span class='ocrx_word' id='word_1_182' title='bbox 2034 1372 2185 1409; x_wconf 85' lang='lat' dir='ltr'><strong>aram</strong></span> <span class='ocrx_word' id='word_1_183' title='bbox 2204 1357 2456 1411; x_wconf 86' lang='lat' dir='ltr'><strong>dicarunt</strong></span> <span class='ocrx_word' id='word_1_184' title='bbox 2479 1375 2493 1412; x_wconf 91' lang='lat'>:</span> <span class='ocrx_word' id='word_1_185' title='bbox 2517 1358 2725 1427; x_wconf 87' lang='lat' dir='ltr'><strong>solique</strong></span> <span class='ocrx_word' id='word_1_186' title='bbox 2749 1359 3030 1413; x_wconf 87' lang='lat' dir='ltr'><strong>hominum</strong></span> <span class='ocrx_word' id='word_1_187' title='bbox 3061 1357 3216 1413; x_wconf 80' lang='lat' dir='ltr'><strong>festis</strong></span> <span class='ocrx_word' id='word_1_188' title='bbox 3234 1360 3490 1414; x_wconf 77' lang='lat' dir='ltr'><strong>cantibus</strong></span> 
     </span>
    </p>
   </div>
   <div class='ocr_carea' id='block_1_28' title="bbox 1908 1444 3491 1516">
    <p class='ocr_par' dir='ltr' id='par_1_28' title="bbox 1908 1444 3491 1516">
     <span class='ocr_line' id='line_1_28' title="bbox 1908 1444 3491 1516; baseline 0.002 -19"><span class='ocrx_word' id='word_1_189' title='bbox 1908 1454 2137 1499; x_wconf 87' lang='lat' dir='ltr'><strong>mortem</strong></span> <span class='ocrx_word' id='word_1_190' title='bbox 2165 1444 2493 1499; x_wconf 88' lang='lat' dir='ltr'><strong>collaudant.</strong></span> <span class='ocrx_word' id='word_1_191' title='bbox 2523 1446 2663 1500; x_wconf 86' lang='lat' dir='ltr'><strong>Sunt</strong></span> <span class='ocrx_word' id='word_1_192' title='bbox 2688 1448 2826 1514; x_wconf 91' lang='lat' dir='ltr'><strong>apud</strong></span> <span class='ocrx_word' id='word_1_193' title='bbox 2858 1448 3006 1516; x_wconf 90' lang='lat' dir='ltr'><strong>ipsos</strong></span> <span class='ocrx_word' id='word_1_194' title='bbox 3028 1447 3149 1501; x_wconf 86' lang='lat' dir='ltr'><strong>Arti</strong></span> <span class='ocrx_word' id='word_1_195' title='bbox 3174 1457 3229 1502; x_wconf 87' lang='lat' dir='ltr'><strong>et</strong></span> <span class='ocrx_word' id='word_1_196' title='bbox 3252 1446 3491 1516; x_wconf 85' lang='lat' dir='ltr'><strong>Pauper-</strong></span> 
     </span>
    </p>
   </div>
   <div class='ocr_carea' id='block_1_29' title="bbox 1908 1536 3489 1608">
    <p class='ocr_par' dir='ltr' id='par_1_29' title="bbox 1908 1536 3489 1608">
     <span class='ocr_line' id='line_1_29' title="bbox 1908 1536 3489 1608; baseline 0.003 -19"><span class='ocrx_word' id='word_1_197' title='bbox 1908 1537 2000 1589; x_wconf 83' lang='lat' dir='ltr'><strong>tati</strong></span> <span class='ocrx_word' id='word_1_198' title='bbox 2032 1552 2140 1591; x_wconf 66' lang='lat' dir='ltr'><strong>arm</strong></span> <span class='ocrx_word' id='word_1_199' title='bbox 2183 1538 2407 1605; x_wconf 64' lang='lat' dir='ltr'><strong>positae,</strong></span> <span class='ocrx_word' id='word_1_200' title='bbox 2445 1537 2587 1591; x_wconf 90' lang='lat' dir='ltr'><strong>sicut</strong></span> <span class='ocrx_word' id='word_1_201' title='bbox 2626 1536 2881 1608; x_wconf 65' lang='lat' dir='ltr'><strong>Egyptio</strong></span> <span class='ocrx_word' id='word_1_202' title='bbox 2903 1576 2920 1603; x_wconf 91' lang='lat'><strong>,</strong></span> <span class='ocrx_word' id='word_1_203' title='bbox 2956 1548 3011 1593; x_wconf 91' lang='lat' dir='ltr'><strong>et</strong></span> <span class='ocrx_word' id='word_1_204' title='bbox 3037 1538 3193 1592; x_wconf 89' lang='lat' dir='ltr'><strong>alteri</strong></span> <span class='ocrx_word' id='word_1_205' title='bbox 3228 1537 3489 1594; x_wconf 86' lang='lat' dir='ltr'><strong>Thebano</strong></span> 
     </span>
    </p>
   </div>
   <div class='ocr_carea' id='block_1_30' title="bbox 1908 1628 3491 1699">
    <p class='ocr_par' dir='ltr' id='par_1_30' title="bbox 1908 1628 3491 1699">
     <span class='ocr_line' id='line_1_30' title="bbox 1908 1628 3491 1699; baseline 0.001 -18"><span class='ocrx_word' id='word_1_206' title='bbox 1908 1628 2145 1684; x_wconf 89' lang='lat' dir='ltr'><strong>Herculi.</strong></span> <span class='ocrx_word' id='word_1_207' title='bbox 2173 1629 2418 1684; x_wconf 82' lang='lat' dir='ltr'><strong>Alterum</strong></span> <span class='ocrx_word' id='word_1_208' title='bbox 2448 1644 2686 1697; x_wconf 90' lang='lat' dir='ltr'><strong>namque</strong></span> <span class='ocrx_word' id='word_1_209' title='bbox 2719 1629 3007 1683; x_wconf 81' lang='lat' dir='ltr'><strong>ﬁnitimam</strong></span> <span class='ocrx_word' id='word_1_210' title='bbox 3046 1643 3221 1697; x_wconf 88' lang='lat' dir='ltr'><strong>usque</strong></span> <span class='ocrx_word' id='word_1_211' title='bbox 3259 1631 3325 1684; x_wconf 87' lang='lat' dir='ltr'><strong>ad</strong></span> <span class='ocrx_word' id='word_1_212' title='bbox 3360 1630 3491 1699; x_wconf 85' lang='lat' dir='ltr'><strong>Ery-</strong></span> 
     </span>
    </p>
   </div>
   <div class='ocr_carea' id='block_1_31' title="bbox 1907 1720 3489 1791">
    <p class='ocr_par' dir='ltr' id='par_1_31' title="bbox 1907 1720 3489 1791">
     <span class='ocr_line' id='line_1_31' title="bbox 1907 1720 3489 1791; baseline 0.001 -18"><span class='ocrx_word' id='word_1_213' title='bbox 1907 1721 2075 1775; x_wconf 88' lang='lat' dir='ltr'><strong>thiam</strong></span> <span class='ocrx_word' id='word_1_214' title='bbox 2131 1730 2447 1790; x_wconf 87' lang='lat' dir='ltr'><strong>penetrasse</strong></span> <span class='ocrx_word' id='word_1_215' title='bbox 2498 1721 2684 1775; x_wconf 80' lang='lat' dir='ltr'><strong>ferunt</strong></span> <span class='ocrx_word' id='word_1_216' title='bbox 2738 1736 2863 1775; x_wconf 91' lang='lat' dir='ltr'><strong>cum</strong></span> <span class='ocrx_word' id='word_1_217' title='bbox 2919 1721 3205 1791; x_wconf 81' lang='lat' dir='ltr'><strong>Geryone,</strong></span> <span class='ocrx_word' id='word_1_218' title='bbox 3261 1720 3489 1788; x_wconf 83' lang='lat' dir='ltr'><strong>ejusque</strong></span> 
     </span>
    </p>
   </div>
   <div class='ocr_carea' id='block_1_32' title="bbox 1907 1811 3489 1883">
    <p class='ocr_par' dir='ltr' id='par_1_32' title="bbox 1907 1811 3489 1883">
     <span class='ocr_line' id='line_1_32' title="bbox 1907 1811 3489 1883; baseline 0.003 -18"><span class='ocrx_word' id='word_1_219' title='bbox 1907 1811 2073 1865; x_wconf 75' lang='lat' dir='ltr'><strong>boves</strong></span> <span class='ocrx_word' id='word_1_220' title='bbox 2122 1811 2430 1866; x_wconf 86' lang='lat' dir='ltr'><strong>sustulisse.</strong></span> <span class='ocrx_word' id='word_1_221' title='bbox 2463 1811 2704 1866; x_wconf 90' lang='lat' dir='ltr'><strong>Alterum</strong></span> <span class='ocrx_word' id='word_1_222' title='bbox 2749 1827 2879 1867; x_wconf 87' lang='lat' dir='ltr'><strong>vero</strong></span> <span class='ocrx_word' id='word_1_223' title='bbox 2915 1814 3181 1883; x_wconf 87' lang='lat' dir='ltr'><strong>sapientia</strong></span> <span class='ocrx_word' id='word_1_224' title='bbox 3226 1815 3489 1870; x_wconf 81' lang='lat' dir='ltr'><strong>excellen-</strong></span> 
     </span>
    </p>
   </div>
   <div class='ocr_carea' id='block_1_33' title="bbox 211 1899 1794 1980">
    <p class='ocr_par' dir='ltr' id='par_1_33' title="bbox 211 1904 1794 1980">
     <span class='ocr_line' id='line_1_33' title="bbox 211 1904 1794 1980; baseline 0.009 -26"><span class='ocrx_word' id='word_1_225' title='bbox 211 1904 271 1964; x_wconf 65' lang='grc' dir='ltr'>ἐς</span> <span class='ocrx_word' id='word_1_226' title='bbox 302 1904 502 1973; x_wconf 82' lang='grc' dir='ltr'><strong>τέρμα.</strong></span> <span class='ocrx_word' id='word_1_227' title='bbox 540 1908 647 1957; x_wconf 75' lang='grc' dir='ltr'><strong>Καὶ</strong></span> <span class='ocrx_word' id='word_1_228' title='bbox 708 1906 812 1976; x_wconf 83' lang='grc' dir='ltr'>μὴν</span> <span class='ocrx_word' id='word_1_229' title='bbox 859 1909 952 1959; x_wconf 70' lang='grc' dir='ltr'>καὶ</span> <span class='ocrx_word' id='word_1_230' title='bbox 984 1907 1331 1978; x_wconf 81' lang='grc' dir='ltr'>Ἑλληνικοὺς</span> <span class='ocrx_word' id='word_1_231' title='bbox 1381 1908 1519 1964; x_wconf 81' lang='grc' dir='ltr'>εἷναί</span> <span class='ocrx_word' id='word_1_232' title='bbox 1549 1930 1683 1980; x_wconf 85' lang='grc' dir='ltr'>φασι</span> <span class='ocrx_word' id='word_1_233' title='bbox 1729 1914 1794 1969; x_wconf 80' lang='grc' dir='ltr'><strong>τὰ</strong></span> 
     </span>
    </p>
   </div>
   <div class='ocr_carea' id='block_1_34' title="bbox 1899 1899 3488 1980">
    <p class='ocr_par' dir='ltr' id='par_1_34' title="bbox 1907 1903 3488 1966">
     <span class='ocr_line' id='line_1_34' title="bbox 1907 1903 3488 1966; baseline 0.004 -13"><span class='ocrx_word' id='word_1_234' title='bbox 1907 1912 2036 1966; x_wconf 89' lang='lat' dir='ltr'><strong>tem,</strong></span> <span class='ocrx_word' id='word_1_235' title='bbox 2068 1910 2238 1957; x_wconf 89' lang='lat' dir='ltr'><strong>totum</strong></span> <span class='ocrx_word' id='word_1_236' title='bbox 2274 1913 2432 1957; x_wconf 69' lang='lat' dir='ltr'><strong>terrae</strong></span> <span class='ocrx_word' id='word_1_237' title='bbox 2465 1903 2725 1958; x_wconf 89' lang='lat' dir='ltr'><strong>ambitum</strong></span> <span class='ocrx_word' id='word_1_238' title='bbox 2752 1906 3055 1958; x_wconf 89' lang='lat' dir='ltr'><strong>dimensum</strong></span> <span class='ocrx_word' id='word_1_239' title='bbox 3090 1920 3233 1960; x_wconf 86' lang='lat' dir='ltr'><strong>esse.</strong></span> <span class='ocrx_word' id='word_1_240' title='bbox 3255 1906 3488 1961; x_wconf 69' lang='lat' dir='ltr'><strong>Prazter-</strong></span> 
     </span>
    </p>
   </div>
   <div class='ocr_carea' id='block_1_35' title="bbox 210 1990 1799 2071">
    <p class='ocr_par' dir='ltr' id='par_1_35' title="bbox 210 1990 1799 2071">
     <span class='ocr_line' id='line_1_35' title="bbox 210 1990 1799 2071; baseline 0.009 -27"><span class='ocrx_word' id='word_1_241' title='bbox 210 1990 469 2063; x_wconf 81' lang='grc' dir='ltr'>Γάδειρα,</span> <span class='ocrx_word' id='word_1_242' title='bbox 502 1996 592 2047; x_wconf 79' lang='grc' dir='ltr'>καὶ</span> <span class='ocrx_word' id='word_1_243' title='bbox 624 1996 975 2049; x_wconf 83' lang='grc' dir='ltr'>παιδεύεσθαι</span> <span class='ocrx_word' id='word_1_244' title='bbox 1009 1999 1099 2050; x_wconf 83' lang='grc' dir='ltr'><strong>τὸν</strong></span> <span class='ocrx_word' id='word_1_245' title='bbox 1128 1999 1408 2068; x_wconf 83' lang='grc' dir='ltr'>ήμεδαπὸν</span> <span class='ocrx_word' id='word_1_246' title='bbox 1434 2002 1655 2071; x_wconf 84' lang='grc' dir='ltr'>τρόπον.</span> <span class='ocrx_word' id='word_1_247' title='bbox 1688 2006 1799 2058; x_wconf 77' lang='grc' dir='ltr'><strong>Καὶ</strong></span> 
     </span>
    </p>
   </div>
   <div class='ocr_carea' id='block_1_36' title="bbox 208 2082 1794 2163">
    <p class='ocr_par' dir='ltr' id='par_1_36' title="bbox 208 2082 1794 2163">
     <span class='ocr_line' id='line_1_36' title="bbox 208 2082 1794 2163; baseline 0.009 -28"><span class='ocrx_word' id='word_1_248' title='bbox 208 2083 408 2155; x_wconf 85' lang='grc' dir='ltr'>δένδρα</span> <span class='ocrx_word' id='word_1_249' title='bbox 441 2087 480 2115; x_wconf 85' lang='grc'><strong>¹⁹</strong></span> <span class='ocrx_word' id='word_1_250' title='bbox 509 2088 565 2137; x_wconf 83' lang='grc' dir='ltr'><strong>δέ</strong></span> <span class='ocrx_word' id='word_1_251' title='bbox 592 2104 753 2153; x_wconf 85' lang='grc' dir='ltr'>φασιν</span> <span class='ocrx_word' id='word_1_252' title='bbox 781 2088 1013 2141; x_wconf 76' lang='grc' dir='ltr'>ἐνταῦθα</span> <span class='ocrx_word' id='word_1_253' title='bbox 1044 2082 1131 2141; x_wconf 73' lang='grc' dir='ltr'>οἷα</span> <span class='ocrx_word' id='word_1_254' title='bbox 1165 2091 1263 2159; x_wconf 76' lang='grc' dir='ltr'>οὐχ</span> <span class='ocrx_word' id='word_1_255' title='bbox 1291 2092 1519 2162; x_wconf 80' lang='grc' dir='ltr'>ἑτέρωθι</span> <span class='ocrx_word' id='word_1_256' title='bbox 1540 2095 1639 2162; x_wconf 83' lang='grc' dir='ltr'>τῆς</span> <span class='ocrx_word' id='word_1_257' title='bbox 1669 2095 1794 2163; x_wconf 79' lang='grc' dir='ltr'>γῆς·</span> 
     </span>
    </p>
   </div>
   <div class='ocr_carea' id='block_1_37' title="bbox 210 2174 1794 2253">
    <p class='ocr_par' dir='ltr' id='par_1_37' title="bbox 210 2174 1794 2253">
     <span class='ocr_line' id='line_1_37' title="bbox 210 2174 1794 2253; baseline 0.006 -26"><span class='ocrx_word' id='word_1_258' title='bbox 210 2174 514 2245; x_wconf 81' lang='grc' dir='ltr'>Γηρυόνεια</span> <span class='ocrx_word' id='word_1_259' title='bbox 568 2180 665 2247; x_wconf 79' lang='grc' dir='ltr'>μὲν</span> <span class='ocrx_word' id='word_1_260' title='bbox 713 2181 821 2249; x_wconf 77' lang='grc' dir='ltr'>γὰρ</span> <span class='ocrx_word' id='word_1_261' title='bbox 887 2182 1171 2234; x_wconf 87' lang='grc' dir='ltr'>καλεῖσθαι</span> <span class='ocrx_word' id='word_1_262' title='bbox 1224 2184 1385 2246; x_wconf 81' lang='grc' dir='ltr'>αὐτὰ,</span> <span class='ocrx_word' id='word_1_263' title='bbox 1436 2184 1531 2236; x_wconf 85' lang='grc' dir='ltr'><strong>δύο</strong></span> <span class='ocrx_word' id='word_1_264' title='bbox 1554 2186 1608 2237; x_wconf 87' lang='grc' dir='ltr'>δὲ</span> <span class='ocrx_word' id='word_1_265' title='bbox 1634 2182 1794 2253; x_wconf 78' lang='grc' dir='ltr'>εἴναι,</span> 
     </span>
    </p>
   </div>
   <div class='ocr_carea' id='block_1_38' title="bbox 210 2267 1795 2347">
    <p class='ocr_par' dir='ltr' id='par_1_38' title="bbox 210 2267 1795 2347">
     <span class='ocr_line' id='line_1_38' title="bbox 210 2267 1795 2347; baseline 0.006 -30"><span class='ocrx_word' id='word_1_266' title='bbox 210 2267 447 2333; x_wconf 72' lang='grc' dir='ltr'>φύεσθαι</span> <span class='ocrx_word' id='word_1_267' title='bbox 481 2268 538 2319; x_wconf 79' lang='grc' dir='ltr'>δὲ</span> <span class='ocrx_word' id='word_1_268' title='bbox 566 2268 661 2321; x_wconf 81' lang='grc' dir='ltr'><strong>τοῦ</strong></span> <span class='ocrx_word' id='word_1_269' title='bbox 688 2272 929 2339; x_wconf 79' lang='grc' dir='ltr'>σήματος</span> <span class='ocrx_word' id='word_1_270' title='bbox 980 2272 1007 2323; x_wconf 81' lang='grc' dir='ltr'><strong>ὃ</strong></span> <span class='ocrx_word' id='word_1_271' title='bbox 1060 2274 1153 2325; x_wconf 75' lang='grc' dir='ltr'><strong>ἐπὶ</strong></span> <span class='ocrx_word' id='word_1_272' title='bbox 1184 2273 1263 2343; x_wconf 86' lang='grc' dir='ltr'><strong>τῷ</strong></span> <span class='ocrx_word' id='word_1_273' title='bbox 1294 2274 1544 2347; x_wconf 84' lang='grc' dir='ltr'><strong>Γηρυόνῃ</strong></span> <span class='ocrx_word' id='word_1_274' title='bbox 1575 2276 1795 2343; x_wconf 74' lang='grc' dir='ltr'>ἔστηκε,</span> 
     </span>
    </p>
   </div>
   <div class='ocr_carea' id='block_1_39' title="bbox 210 2359 1797 2435">
    <p class='ocr_par' dir='ltr' id='par_1_39' title="bbox 210 2359 1797 2435">
     <span class='ocr_line' id='line_1_39' title="bbox 210 2359 1797 2435; baseline 0.006 -27"><span class='ocrx_word' id='word_1_275' title='bbox 210 2359 667 2427; x_wconf 81' lang='grc' dir='ltr'>παραλλάττοντα</span> <span class='ocrx_word' id='word_1_276' title='bbox 698 2363 761 2413; x_wconf 81' lang='grc' dir='ltr'>ἐκ</span> <span class='ocrx_word' id='word_1_277' title='bbox 814 2364 859 2393; x_wconf 81' lang='grc'><strong>¹⁰</strong></span> <span class='ocrx_word' id='word_1_278' title='bbox 919 2364 1106 2426; x_wconf 84' lang='grc' dir='ltr'>πίτυός</span> <span class='ocrx_word' id='word_1_279' title='bbox 1127 2381 1185 2416; x_wconf 87' lang='grc' dir='ltr'><strong>τε</strong></span> <span class='ocrx_word' id='word_1_280' title='bbox 1214 2368 1309 2419; x_wconf 75' lang='grc' dir='ltr'><strong>καὶ</strong></span> <span class='ocrx_word' id='word_1_281' title='bbox 1333 2367 1542 2435; x_wconf 82' lang='grc' dir='ltr'>πεύκης</span> <span class='ocrx_word' id='word_1_282' title='bbox 1571 2368 1628 2429; x_wconf 84' lang='grc' dir='ltr'>ὲς</span> <span class='ocrx_word' id='word_1_283' title='bbox 1658 2361 1797 2428; x_wconf 77' lang='grc' dir='ltr'>εἶδος</span> 
     </span>
    </p>
   </div>
   <div class='ocr_carea' id='block_1_40' title="bbox 208 2446 1797 2524">
    <p class='ocr_par' dir='ltr' id='par_1_40' title="bbox 208 2446 1797 2524">
     <span class='ocr_line' id='line_1_40' title="bbox 208 2446 1797 2524; baseline 0.004 -26"><span class='ocrx_word' id='word_1_284' title='bbox 208 2446 424 2515; x_wconf 67' lang='grc' dir='ltr'>ἕτερον,</span> <span class='ocrx_word' id='word_1_285' title='bbox 463 2447 736 2501; x_wconf 75' lang='grc' dir='ltr'>λείϐεσθαι</span> <span class='ocrx_word' id='word_1_286' title='bbox 762 2450 818 2503; x_wconf 78' lang='grc' dir='ltr'>δὲ</span> <span class='ocrx_word' id='word_1_287' title='bbox 840 2452 1033 2521; x_wconf 75' lang='grc' dir='ltr'>αἵματι</span> <span class='ocrx_word' id='word_1_288' title='bbox 1082 2454 1331 2524; x_wconf 86' lang='grc' dir='ltr'>καθάπερ</span> <span class='ocrx_word' id='word_1_289' title='bbox 1360 2454 1439 2524; x_wconf 84' lang='grc' dir='ltr'>τῷ</span> <span class='ocrx_word' id='word_1_290' title='bbox 1478 2453 1661 2523; x_wconf 81' lang='grc' dir='ltr'>χρυσῷ</span> <span class='ocrx_word' id='word_1_291' title='bbox 1698 2454 1797 2523; x_wconf 82' lang='grc' dir='ltr'>τὴν</span> 
     </span>
    </p>
   </div>
   <div class='ocr_carea' id='block_1_41' title="bbox 220 2538 1797 2615">
    <p class='ocr_par' dir='ltr' id='par_1_41' title="bbox 220 2538 1797 2615">
     <span class='ocr_line' id='line_1_41' title="bbox 220 2538 1797 2615; baseline 0.005 -26"><span class='ocrx_word' id='word_1_292' title='bbox 220 2538 456 2591; x_wconf 81' lang='grc' dir='ltr'>Ἦλιάδα</span> <span class='ocrx_word' id='word_1_293' title='bbox 488 2542 748 2611; x_wconf 82' lang='grc' dir='ltr'>αἴγειρον.</span> <span class='ocrx_word' id='word_1_294' title='bbox 794 2543 859 2595; x_wconf 84' lang='grc' dir='ltr'><strong>Ἠ</strong></span> <span class='ocrx_word' id='word_1_295' title='bbox 902 2545 958 2596; x_wconf 85' lang='grc' dir='ltr'>δὲ</span> <span class='ocrx_word' id='word_1_296' title='bbox 1009 2546 1167 2613; x_wconf 82' lang='grc' dir='ltr'>νῆσος</span> <span class='ocrx_word' id='word_1_297' title='bbox 1200 2546 1256 2597; x_wconf 84' lang='grc' dir='ltr'>ὲν</span> <span class='ocrx_word' id='word_1_298' title='bbox 1354 2547 1413 2597; x_wconf 88' lang='grc' dir='ltr'><strong>τὸ</strong></span> <span class='ocrx_word' id='word_1_299' title='bbox 1466 2546 1630 2614; x_wconf 74' lang='grc' dir='ltr'>ἱερὸν,</span> <span class='ocrx_word' id='word_1_300' title='bbox 1681 2544 1797 2597; x_wconf 75' lang='grc' dir='ltr'>ἐστι</span> 
     </span>
    </p>
   </div>
   <div class='ocr_carea' id='block_1_42' title="bbox 213 2630 1797 2703">
    <p class='ocr_par' dir='ltr' id='par_1_42' title="bbox 213 2630 1797 2703">
     <span class='ocr_line' id='line_1_42' title="bbox 213 2630 1797 2703; baseline 0.004 -23"><span class='ocrx_word' id='word_1_301' title='bbox 213 2630 319 2699; x_wconf 81' lang='grc' dir='ltr'>μὲν</span> <span class='ocrx_word' id='word_1_302' title='bbox 342 2632 513 2699; x_wconf 78' lang='grc' dir='ltr'>ὁπόση</span> <span class='ocrx_word' id='word_1_303' title='bbox 544 2633 569 2683; x_wconf 90' lang='grc' dir='ltr'>ὁ</span> <span class='ocrx_word' id='word_1_304' title='bbox 592 2632 746 2697; x_wconf 83' lang='grc' dir='ltr'>νεὼς,</span> <span class='ocrx_word' id='word_1_305' title='bbox 800 2635 1092 2701; x_wconf 81' lang='grc' dir='ltr'><strong>πετρῶδες,</strong></span> <span class='ocrx_word' id='word_1_306' title='bbox 1125 2636 1179 2686; x_wconf 83' lang='grc' dir='ltr'>δὲ</span> <span class='ocrx_word' id='word_1_307' title='bbox 1227 2636 1398 2703; x_wconf 76' lang='grc' dir='ltr'>αὐτῆς</span> <span class='ocrx_word' id='word_1_308' title='bbox 1452 2636 1627 2700; x_wconf 83' lang='grc' dir='ltr'>οὐδὲν,</span> <span class='ocrx_word' id='word_1_309' title='bbox 1658 2633 1797 2687; x_wconf 73' lang='grc' dir='ltr'>ἀλλὰ</span> 
     </span>
    </p>
   </div>
   <div class='ocr_carea' id='block_1_43' title="bbox 209 2722 1796 2795">
    <p class='ocr_par' dir='ltr' id='par_1_43' title="bbox 209 2722 1796 2795">
     <span class='ocr_line' id='line_1_43' title="bbox 209 2722 1796 2795; baseline 0.004 -23"><span class='ocrx_word' id='word_1_310' title='bbox 209 2722 427 2791; x_wconf 77' lang='grc' dir='ltr'>βαλὸῑδι</span> <span class='ocrx_word' id='word_1_311' title='bbox 487 2722 645 2792; x_wconf 80' lang='grc' dir='ltr'>ξεστῇ</span> <span class='ocrx_word' id='word_1_312' title='bbox 704 2726 973 2778; x_wconf 80' lang='grc' dir='ltr'>εἴκασται.</span> <span class='ocrx_word' id='word_1_313' title='bbox 1031 2726 1119 2777; x_wconf 86' lang='grc' dir='ltr'>Ἐν</span> <span class='ocrx_word' id='word_1_314' title='bbox 1148 2727 1204 2779; x_wconf 83' lang='grc' dir='ltr'>δὲ</span> <span class='ocrx_word' id='word_1_315' title='bbox 1231 2726 1308 2795; x_wconf 85' lang='grc' dir='ltr'><strong>τῷ</strong></span> <span class='ocrx_word' id='word_1_316' title='bbox 1367 2726 1496 2795; x_wconf 85' lang='grc' dir='ltr'><strong>ίερῷ</strong></span> <span class='ocrx_word' id='word_1_317' title='bbox 1532 2727 1796 2795; x_wconf 79' lang='grc' dir='ltr'>τιμᾶσθαι</span> 
     </span>
    </p>
   </div>
   <div class='ocr_carea' id='block_1_44' title="bbox 211 2814 1797 2886">
    <p class='ocr_par' dir='ltr' id='par_1_44' title="bbox 211 2814 1797 2886">
     <span class='ocr_line' id='line_1_44' title="bbox 211 2814 1797 2886; baseline 0.004 -21"><span class='ocrx_word' id='word_1_318' title='bbox 211 2814 318 2882; x_wconf 84' lang='grc' dir='ltr'>μὲν</span> <span class='ocrx_word' id='word_1_319' title='bbox 345 2814 512 2883; x_wconf 73' lang='grc' dir='ltr'><strong>ἄμφω</strong></span> <span class='ocrx_word' id='word_1_320' title='bbox 538 2816 614 2867; x_wconf 88' lang='grc' dir='ltr'><strong>τὼ</strong></span> <span class='ocrx_word' id='word_1_321' title='bbox 657 2818 923 2886; x_wconf 81' lang='grc' dir='ltr'>Ἠρακλέε</span> <span class='ocrx_word' id='word_1_322' title='bbox 952 2819 1133 2885; x_wconf 79' lang='grc' dir='ltr'>φασὶν,</span> <span class='ocrx_word' id='word_1_323' title='bbox 1202 2819 1492 2886; x_wconf 79' lang='grc' dir='ltr'>ἀγάλματα</span> <span class='ocrx_word' id='word_1_324' title='bbox 1526 2820 1581 2871; x_wconf 82' lang='grc' dir='ltr'>δὲ</span> <span class='ocrx_word' id='word_1_325' title='bbox 1612 2821 1797 2872; x_wconf 79' lang='grc' dir='ltr'>αὑτοῖν</span> 
     </span>
    </p>
   </div>
   <div class='ocr_carea' id='block_1_45' title="bbox 205 2906 1793 2984">
    <p class='ocr_par' dir='ltr' id='par_1_45' title="bbox 205 2906 1793 2984">
     <span class='ocr_line' id='line_1_45' title="bbox 205 2906 1793 2984; baseline 0.004 -24"><span class='ocrx_word' id='word_1_326' title='bbox 205 2910 314 2960; x_wconf 78' lang='grc' dir='ltr'>οὐκ</span> <span class='ocrx_word' id='word_1_327' title='bbox 340 2906 500 2970; x_wconf 82' lang='grc' dir='ltr'>εἶναι,</span> <span class='ocrx_word' id='word_1_328' title='bbox 530 2910 745 2980; x_wconf 75' lang='grc' dir='ltr'>βωμοὺς</span> <span class='ocrx_word' id='word_1_329' title='bbox 769 2912 823 2963; x_wconf 80' lang='grc' dir='ltr'>δὲ</span> <span class='ocrx_word' id='word_1_330' title='bbox 856 2912 948 2963; x_wconf 82' lang='grc' dir='ltr'><strong>τού</strong></span> <span class='ocrx_word' id='word_1_331' title='bbox 980 2913 1079 2981; x_wconf 87' lang='grc' dir='ltr'>μὲν</span> <span class='ocrx_word' id='word_1_332' title='bbox 1117 2914 1415 2978; x_wconf 71' lang='grc' dir='ltr'><strong>Αἰγυπτίου</strong></span> <span class='ocrx_word' id='word_1_333' title='bbox 1452 2916 1495 2945; x_wconf 73' lang='grc'>⁸⁸</span> <span class='ocrx_word' id='word_1_334' title='bbox 1520 2916 1636 2981; x_wconf 85' lang='grc' dir='ltr'>δύο,</span> <span class='ocrx_word' id='word_1_335' title='bbox 1662 2918 1793 2984; x_wconf 87' lang='grc' dir='ltr'>χαλ-</span> 
     </span>
    </p>
   </div>
   <div class='ocr_carea' id='block_1_46' title="bbox 204 3002 1796 3076">
    <p class='ocr_par' dir='ltr' id='par_1_46' title="bbox 204 3002 1796 3076">
     <span class='ocr_line' id='line_1_46' title="bbox 204 3002 1796 3076; baseline 0.004 -22"><span class='ocrx_word' id='word_1_336' title='bbox 204 3002 344 3064; x_wconf 81' lang='grc' dir='ltr'>κοῦς</span> <span class='ocrx_word' id='word_1_337' title='bbox 364 3003 455 3053; x_wconf 82' lang='grc' dir='ltr'>καὶ</span> <span class='ocrx_word' id='word_1_338' title='bbox 482 3004 749 3071; x_wconf 80' lang='grc' dir='ltr'><strong>ἀσήμους,</strong></span> <span class='ocrx_word' id='word_1_339' title='bbox 782 3005 876 3057; x_wconf 77' lang='grc' dir='ltr'>ἕνα</span> <span class='ocrx_word' id='word_1_340' title='bbox 902 3006 958 3056; x_wconf 82' lang='grc' dir='ltr'>δὲ</span> <span class='ocrx_word' id='word_1_341' title='bbox 984 3003 1077 3056; x_wconf 82' lang='grc' dir='ltr'>τοῦ</span> <span class='ocrx_word' id='word_1_342' title='bbox 1110 3005 1367 3073; x_wconf 75' lang='grc' dir='ltr'>Θηϐαίου.</span> <span class='ocrx_word' id='word_1_343' title='bbox 1402 3008 1512 3069; x_wconf 81' lang='grc' dir='ltr'><strong>Τὰς</strong></span> <span class='ocrx_word' id='word_1_344' title='bbox 1542 3008 1597 3060; x_wconf 89' lang='grc' dir='ltr'>δὲ</span> <span class='ocrx_word' id='word_1_345' title='bbox 1630 3007 1796 3076; x_wconf 84' lang='grc' dir='ltr'>ὕδρας</span> 
     </span>
    </p>
   </div>
   <div class='ocr_carea' id='block_1_47' title="bbox 206 3093 1793 3167">
    <p class='ocr_par' dir='ltr' id='par_1_47' title="bbox 206 3093 1793 3167">
     <span class='ocr_line' id='line_1_47' title="bbox 206 3093 1793 3167; baseline 0.004 -24"><span class='ocrx_word' id='word_1_346' title='bbox 206 3110 273 3144; x_wconf 88' lang='grc' dir='ltr'><strong>τε</strong></span> <span class='ocrx_word' id='word_1_347' title='bbox 301 3094 393 3143; x_wconf 71' lang='grc' dir='ltr'><strong>καὶ</strong></span> <span class='ocrx_word' id='word_1_348' title='bbox 420 3093 518 3155; x_wconf 80' lang='grc' dir='ltr'>τὰς</span> <span class='ocrx_word' id='word_1_349' title='bbox 571 3094 865 3162; x_wconf 69' lang='grc' dir='ltr'>Διομήδους</span> <span class='ocrx_word' id='word_1_350' title='bbox 916 3095 1116 3156; x_wconf 79' lang='grc' dir='ltr'>ἵππους</span> <span class='ocrx_word' id='word_1_351' title='bbox 1163 3098 1257 3147; x_wconf 79' lang='grc' dir='ltr'>καὶ</span> <span class='ocrx_word' id='word_1_352' title='bbox 1296 3098 1363 3149; x_wconf 83' lang='grc' dir='ltr'>τὰ</span> <span class='ocrx_word' id='word_1_353' title='bbox 1389 3097 1595 3150; x_wconf 84' lang='grc' dir='ltr'>δώδεκα</span> <span class='ocrx_word' id='word_1_354' title='bbox 1630 3100 1793 3167; x_wconf 84' lang='grc' dir='ltr'><strong>Ἥρα-</strong></span> 
     </span>
    </p>
   </div>
   <div class='ocr_carea' id='block_1_48' title="bbox 204 3184 1794 3260">
    <p class='ocr_par' dir='ltr' id='par_1_48' title="bbox 204 3184 1794 3260">
     <span class='ocr_line' id='line_1_48' title="bbox 204 3184 1794 3260; baseline 0.005 -23"><span class='ocrx_word' id='word_1_355' title='bbox 204 3184 405 3247; x_wconf 80' lang='grc' dir='ltr'>κλέους</span> <span class='ocrx_word' id='word_1_356' title='bbox 431 3186 566 3255; x_wconf 72' lang='grc' dir='ltr'>ἔργα</span> <span class='ocrx_word' id='word_1_357' title='bbox 595 3186 999 3238; x_wconf 82' lang='grc' dir='ltr'>ὲκτετυπῶσθαι</span> <span class='ocrx_word' id='word_1_358' title='bbox 1035 3188 1181 3239; x_wconf 87' lang='grc' dir='ltr'>λίθου</span> <span class='ocrx_word' id='word_1_359' title='bbox 1208 3190 1251 3219; x_wconf 83' lang='grc'><strong>¹¹</strong></span> <span class='ocrx_word' id='word_1_360' title='bbox 1282 3189 1430 3242; x_wconf 74' lang='grc' dir='ltr'>ὄντα.</span> <span class='ocrx_word' id='word_1_361' title='bbox 1469 3191 1533 3243; x_wconf 80' lang='grc' dir='ltr'>Ἥ</span> <span class='ocrx_word' id='word_1_362' title='bbox 1567 3192 1794 3260; x_wconf 83' lang='grc' dir='ltr'>Πυγμα-</span> 
     </span>
    </p>
   </div>
   <div class='ocr_carea' id='block_1_49' title="bbox 205 3277 1796 3351">
    <p class='ocr_par' dir='ltr' id='par_1_49' title="bbox 205 3277 1796 3351">
     <span class='ocr_line' id='line_1_49' title="bbox 205 3277 1796 3351; baseline 0.004 -25"><span class='ocrx_word' id='word_1_363' title='bbox 205 3277 415 3338; x_wconf 80' lang='grc' dir='ltr'>λίωνος</span> <span class='ocrx_word' id='word_1_364' title='bbox 445 3278 503 3329; x_wconf 77' lang='grc' dir='ltr'>δὲ</span> <span class='ocrx_word' id='word_1_365' title='bbox 544 3278 696 3330; x_wconf 77' lang='grc' dir='ltr'>ἐλαία</span> <span class='ocrx_word' id='word_1_366' title='bbox 723 3280 755 3348; x_wconf 81' lang='grc' dir='ltr'>ἠ</span> <span class='ocrx_word' id='word_1_367' title='bbox 780 3280 951 3347; x_wconf 82' lang='grc' dir='ltr'>χρυσῆ</span> <span class='ocrx_word' id='word_1_368' title='bbox 976 3278 1283 3349; x_wconf 82' lang='grc' dir='ltr'>(ἀνάκειται</span> <span class='ocrx_word' id='word_1_369' title='bbox 1310 3282 1363 3333; x_wconf 81' lang='grc' dir='ltr'>δὲ</span> <span class='ocrx_word' id='word_1_370' title='bbox 1393 3283 1620 3351; x_wconf 80' lang='grc' dir='ltr'>κάκείνη</span> <span class='ocrx_word' id='word_1_371' title='bbox 1644 3284 1701 3345; x_wconf 84' lang='grc' dir='ltr'>ὲς</span> <span class='ocrx_word' id='word_1_372' title='bbox 1737 3282 1796 3335; x_wconf 82' lang='grc' dir='ltr'>τὸ</span> 
     </span>
    </p>
   </div>
   <div class='ocr_carea' id='block_1_50' title="bbox 220 3366 1795 3439">
    <p class='ocr_par' dir='ltr' id='par_1_50' title="bbox 220 3366 1795 3439">
     <span class='ocr_line' id='line_1_50' title="bbox 220 3366 1795 3439; baseline 0.003 -19"><span class='ocrx_word' id='word_1_373' title='bbox 220 3366 575 3436; x_wconf 77' lang='grc' dir='ltr'>Ἡράκλειον)</span> <span class='ocrx_word' id='word_1_374' title='bbox 600 3368 725 3434; x_wconf 80' lang='grc' dir='ltr'>ἀξία</span> <span class='ocrx_word' id='word_1_375' title='bbox 750 3372 869 3439; x_wconf 82' lang='grc' dir='ltr'>μὲν,</span> <span class='ocrx_word' id='word_1_376' title='bbox 899 3370 973 3433; x_wconf 82' lang='grc' dir='ltr'>ὣς</span> <span class='ocrx_word' id='word_1_377' title='bbox 1010 3388 1163 3439; x_wconf 80' lang='grc' dir='ltr'>φασι,</span> <span class='ocrx_word' id='word_1_378' title='bbox 1198 3373 1293 3424; x_wconf 68' lang='grc' dir='ltr'>καὶ</span> <span class='ocrx_word' id='word_1_379' title='bbox 1318 3374 1412 3425; x_wconf 84' lang='grc' dir='ltr'><strong>τοῦ</strong></span> <span class='ocrx_word' id='word_1_380' title='bbox 1444 3373 1635 3425; x_wconf 83' lang='grc' dir='ltr'>θαλλοῦ</span> <span class='ocrx_word' id='word_1_381' title='bbox 1665 3374 1795 3427; x_wconf 83' lang='grc' dir='ltr'>θαυ-</span> 
     </span>
    </p>
   </div>
   <div class='ocr_carea' id='block_1_51' title="bbox 207 3452 1795 3535">
    <p class='ocr_par' dir='ltr' id='par_1_51' title="bbox 207 3452 1795 3535">
     <span class='ocr_line' id='line_1_51' title="bbox 207 3452 1795 3535; baseline 0.004 -24"><span class='ocrx_word' id='word_1_382' title='bbox 207 3458 411 3529; x_wconf 78' lang='grc' dir='ltr'>μάζειν</span> <span class='ocrx_word' id='word_1_383' title='bbox 441 3452 485 3526; x_wconf 82' lang='grc' dir='ltr'>ᾧ</span> <span class='ocrx_word' id='word_1_384' title='bbox 516 3461 785 3523; x_wconf 77' lang='grc' dir='ltr'>εἴκασται,</span> <span class='ocrx_word' id='word_1_385' title='bbox 815 3462 1188 3531; x_wconf 75' lang='grc' dir='ltr'>θαυμάζεσθαι</span> <span class='ocrx_word' id='word_1_386' title='bbox 1216 3464 1259 3515; x_wconf 79' lang='grc' dir='ltr'>δ’</span> <span class='ocrx_word' id='word_1_387' title='bbox 1299 3462 1363 3515; x_wconf 79' lang='grc' dir='ltr'>ἂν</span> <span class='ocrx_word' id='word_1_388' title='bbox 1381 3466 1471 3516; x_wconf 75' lang='grc' dir='ltr'>ἐπὶ</span> <span class='ocrx_word' id='word_1_389' title='bbox 1497 3464 1575 3533; x_wconf 84' lang='grc' dir='ltr'><strong>τῷ</strong></span> <span class='ocrx_word' id='word_1_390' title='bbox 1600 3465 1795 3535; x_wconf 83' lang='grc' dir='ltr'>καρπῷ</span> 
     </span>
    </p>
   </div>
   <div class='ocr_carea' id='block_1_52' title="bbox 208 3550 1795 3622">
    <p class='ocr_par' dir='ltr' id='par_1_52' title="bbox 208 3550 1795 3622">
     <span class='ocr_line' id='line_1_52' title="bbox 208 3550 1795 3622; baseline 0.003 -19"><span class='ocrx_word' id='word_1_391' title='bbox 208 3550 457 3619; x_wconf 81' lang='grc' dir='ltr'>μᾶλλον·</span> <span class='ocrx_word' id='word_1_392' title='bbox 491 3550 643 3620; x_wconf 83' lang='grc' dir='ltr'><strong>βρύει</strong></span> <span class='ocrx_word' id='word_1_393' title='bbox 693 3553 802 3621; x_wconf 77' lang='grc' dir='ltr'><strong>γὰρ</strong></span> <span class='ocrx_word' id='word_1_394' title='bbox 855 3554 1018 3606; x_wconf 80' lang='grc' dir='ltr'>αὑτὸν</span> <span class='ocrx_word' id='word_1_395' title='bbox 1096 3555 1407 3622; x_wconf 82' lang='grc' dir='ltr'>σμαράγδου</span> <span class='ocrx_word' id='word_1_396' title='bbox 1454 3556 1625 3608; x_wconf 83' lang='grc' dir='ltr'>λίθου.</span> <span class='ocrx_word' id='word_1_397' title='bbox 1684 3558 1795 3609; x_wconf 80' lang='grc' dir='ltr'><strong>Καὶ</strong></span> 
     </span>
    </p>
   </div>
   <div class='ocr_carea' id='block_1_53' title="bbox 204 3643 1794 3717">
    <p class='ocr_par' dir='ltr' id='par_1_53' title="bbox 204 3643 1794 3717">
     <span class='ocr_line' id='line_1_53' title="bbox 204 3643 1794 3717; baseline 0.004 -25"><span class='ocrx_word' id='word_1_398' title='bbox 204 3644 463 3711; x_wconf 83' lang='grc' dir='ltr'>Τεύκρου</span> <span class='ocrx_word' id='word_1_399' title='bbox 498 3643 591 3694; x_wconf 82' lang='grc' dir='ltr'>τοῦ</span> <span class='ocrx_word' id='word_1_400' title='bbox 648 3644 997 3711; x_wconf 76' lang='grc' dir='ltr'>Τελαμωνίου</span> <span class='ocrx_word' id='word_1_401' title='bbox 1052 3646 1307 3715; x_wconf 78' lang='grc' dir='ltr'>ζωστῆρα</span> <span class='ocrx_word' id='word_1_402' title='bbox 1370 3647 1605 3717; x_wconf 81' lang='grc' dir='ltr'>χρυσοῦν</span> <span class='ocrx_word' id='word_1_403' title='bbox 1662 3666 1794 3715; x_wconf 81' lang='grc' dir='ltr'>φασι</span> 
     </span>
    </p>
   </div>
   <div class='ocr_carea' id='block_1_54' title="bbox 204 3730 1793 3804">
    <p class='ocr_par' dir='ltr' id='par_1_54' title="bbox 204 3730 1793 3804">
     <span class='ocr_line' id='line_1_54' title="bbox 204 3730 1793 3804; baseline 0.003 -20"><span class='ocrx_word' id='word_1_404' title='bbox 204 3730 549 3794; x_wconf 83' lang='grc' dir='ltr'>δείκνυσθαι,</span> <span class='ocrx_word' id='word_1_405' title='bbox 582 3730 695 3793; x_wconf 82' lang='grc' dir='ltr'><strong>πῶς</strong></span> <span class='ocrx_word' id='word_1_406' title='bbox 729 3733 783 3785; x_wconf 85' lang='grc' dir='ltr'>δὲ</span> <span class='ocrx_word' id='word_1_407' title='bbox 806 3735 861 3795; x_wconf 82' lang='grc' dir='ltr'>ἐς</span> <span class='ocrx_word' id='word_1_408' title='bbox 890 3734 979 3785; x_wconf 88' lang='grc' dir='ltr'>τὸν</span> <span class='ocrx_word' id='word_1_409' title='bbox 1003 3733 1256 3787; x_wconf 79' lang='grc' dir='ltr'>Ὠκεανὸν</span> <span class='ocrx_word' id='word_1_410' title='bbox 1285 3734 1617 3797; x_wconf 82' lang='grc' dir='ltr'>πλεύσαντος</span> <span class='ocrx_word' id='word_1_411' title='bbox 1644 3737 1676 3804; x_wconf 81' lang='grc' dir='ltr'>ἢ</span> <span class='ocrx_word' id='word_1_412' title='bbox 1709 3738 1793 3803; x_wconf 78' lang='grc' dir='ltr'><strong>ἐφ’</strong></span> 
     </span>
    </p>
   </div>
   <div class='ocr_carea' id='block_1_55' title="bbox 204 3823 1793 3896">
    <p class='ocr_par' dir='ltr' id='par_1_55' title="bbox 204 3823 1793 3896">
     <span class='ocr_line' id='line_1_55' title="bbox 204 3823 1793 3896; baseline 0 -19"><span class='ocrx_word' id='word_1_413' title='bbox 204 3823 238 3877; x_wconf 82' lang='grc' dir='ltr'><strong>δ</strong></span> <span class='ocrx_word' id='word_1_414' title='bbox 291 3842 366 3887; x_wconf 88' lang='grc' dir='ltr'><strong>τι,</strong></span> <span class='ocrx_word' id='word_1_415' title='bbox 433 3823 493 3875; x_wconf 75' lang='grc' dir='ltr'>οὗ</span> <span class='ocrx_word' id='word_1_416' title='bbox 551 3840 713 3891; x_wconf 84' lang='grc' dir='ltr'>φασιν</span> <span class='ocrx_word' id='word_1_417' title='bbox 764 3825 981 3879; x_wconf 81' lang='grc' dir='ltr'>εἰδέναι.</span> <span class='ocrx_word' id='word_1_418' title='bbox 1016 3826 1127 3887; x_wconf 76' lang='grc' dir='ltr'><strong>Τὰς</strong></span> <span class='ocrx_word' id='word_1_419' title='bbox 1174 3826 1231 3877; x_wconf 85' lang='grc' dir='ltr'>δὲ</span> <span class='ocrx_word' id='word_1_420' title='bbox 1254 3826 1407 3895; x_wconf 83' lang='grc' dir='ltr'>ὲντῴ</span> <span class='ocrx_word' id='word_1_421' title='bbox 1440 3826 1569 3895; x_wconf 80' lang='grc' dir='ltr'>ίιρῷ</span> <span class='ocrx_word' id='word_1_422' title='bbox 1592 3827 1793 3896; x_wconf 86' lang='grc' dir='ltr'>στήλας</span> 
     </span>
    </p>
   </div>
   <div class='ocr_carea' id='block_1_56' title="bbox 204 3913 1793 3986">
    <p class='ocr_par' dir='ltr' id='par_1_56' title="bbox 204 3913 1793 3986">
     <span class='ocr_line' id='line_1_56' title="bbox 204 3913 1793 3986; baseline 0.003 -21"><span class='ocrx_word' id='word_1_423' title='bbox 204 3913 421 3985; x_wconf 82' lang='grc' dir='ltr'>χρυσοῦ</span> <span class='ocrx_word' id='word_1_424' title='bbox 458 3915 554 3981; x_wconf 82' lang='grc' dir='ltr'>μὲν</span> <span class='ocrx_word' id='word_1_425' title='bbox 584 3916 915 3984; x_wconf 80' lang='grc' dir='ltr'>πεποιῆσθαι</span> <span class='ocrx_word' id='word_1_426' title='bbox 942 3917 1037 3968; x_wconf 77' lang='grc' dir='ltr'>καὶ</span> <span class='ocrx_word' id='word_1_427' title='bbox 1076 3915 1322 3986; x_wconf 82' lang='grc' dir='ltr'>ἀργύρου</span> <span class='ocrx_word' id='word_1_428' title='bbox 1384 3918 1793 3986; x_wconf 82' lang='grc' dir='ltr'>συντετηκότοιν</span> 
     </span>
    </p>
   </div>
   <div class='ocr_carea' id='block_1_57' title="bbox 202 4000 1791 4075">
    <p class='ocr_par' dir='ltr' id='par_1_57' title="bbox 202 4000 1791 4075">
     <span class='ocr_line' id='line_1_57' title="bbox 202 4000 1791 4075; baseline 0.002 -20"><span class='ocrx_word' id='word_1_429' title='bbox 202 4008 293 4065; x_wconf 83' lang='grc' dir='ltr'><strong>είς</strong></span> <span class='ocrx_word' id='word_1_430' title='bbox 321 4004 379 4054; x_wconf 80' lang='grc' dir='ltr'>ἓν</span> <span class='ocrx_word' id='word_1_431' title='bbox 406 4004 622 4073; x_wconf 81' lang='grc' dir='ltr'>χρῶμα,</span> <span class='ocrx_word' id='word_1_432' title='bbox 654 4004 821 4075; x_wconf 70' lang='grc'><strong>[1012</strong></span> <span class='ocrx_word' id='word_1_433' title='bbox 858 4003 948 4074; x_wconf 64' lang='lat' dir='ltr'><strong>IL]</strong></span> <span class='ocrx_word' id='word_1_434' title='bbox 981 4000 1119 4057; x_wconf 76' lang='grc' dir='ltr'>εἶναι</span> <span class='ocrx_word' id='word_1_435' title='bbox 1145 4005 1198 4056; x_wconf 87' lang='grc' dir='ltr'>δὲ</span> <span class='ocrx_word' id='word_1_436' title='bbox 1232 4005 1401 4067; x_wconf 80' lang='grc' dir='ltr'>αὐτὰς</span> <span class='ocrx_word' id='word_1_437' title='bbox 1424 4006 1563 4075; x_wconf 83' lang='grc' dir='ltr'>ὑπὲρ</span> <span class='ocrx_word' id='word_1_438' title='bbox 1590 4007 1791 4075; x_wconf 85' lang='grc' dir='ltr'>πῆχυν,</span> 
     </span>
    </p>
   </div>
   <div class='ocr_carea' id='block_1_58' title="bbox 203 4094 1792 4163">
    <p class='ocr_par' dir='ltr' id='par_1_58' title="bbox 203 4094 1792 4163">
     <span class='ocr_line' id='line_1_58' title="bbox 203 4094 1792 4163; baseline 0.001 -17"><span class='ocrx_word' id='word_1_439' title='bbox 203 4095 558 4163; x_wconf 82' lang='grc' dir='ltr'>τετραγώνου</span> <span class='ocrx_word' id='word_1_440' title='bbox 623 4097 921 4163; x_wconf 80' lang='grc' dir='ltr'>σχήματος,</span> <span class='ocrx_word' id='word_1_441' title='bbox 977 4094 1163 4163; x_wconf 81' lang='grc' dir='ltr'>ὥσπερ</span> <span class='ocrx_word' id='word_1_442' title='bbox 1211 4095 1260 4145; x_wconf 92' lang='grc' dir='ltr'><strong>οί</strong></span> <span class='ocrx_word' id='word_1_443' title='bbox 1296 4096 1570 4163; x_wconf 79' lang='grc' dir='ltr'>ἄκμωνες,</span> <span class='ocrx_word' id='word_1_444' title='bbox 1604 4100 1792 4163; x_wconf 79' lang='grc' dir='ltr'>ἐπιγε-</span> 
     </span>
    </p>
   </div>
   <div class='ocr_carea' id='block_1_59' title="bbox 202 4185 1794 4259">
    <p class='ocr_par' dir='ltr' id='par_1_59' title="bbox 202 4185 1794 4259">
     <span class='ocr_line' id='line_1_59' title="bbox 202 4185 1794 4259; baseline -0.001 -20"><span class='ocrx_word' id='word_1_445' title='bbox 202 4188 459 4259; x_wconf 75' lang='grc' dir='ltr'>γράφθαι</span> <span class='ocrx_word' id='word_1_446' title='bbox 489 4187 543 4238; x_wconf 83' lang='grc' dir='ltr'>δὲ</span> <span class='ocrx_word' id='word_1_447' title='bbox 583 4187 680 4247; x_wconf 78' lang='grc' dir='ltr'>τὰς</span> <span class='ocrx_word' id='word_1_448' title='bbox 716 4186 957 4251; x_wconf 79' lang='grc' dir='ltr'>κεφαλὰς</span> <span class='ocrx_word' id='word_1_449' title='bbox 980 4185 1101 4237; x_wconf 71' lang='grc' dir='ltr'>οὔτε</span> <span class='ocrx_word' id='word_1_450' title='bbox 1137 4186 1455 4251; x_wconf 79' lang='grc' dir='ltr'>Αἰγυπτίοις</span> <span class='ocrx_word' id='word_1_451' title='bbox 1482 4186 1604 4238; x_wconf 74' lang='grc' dir='ltr'>οὕτε</span> <span class='ocrx_word' id='word_1_452' title='bbox 1649 4186 1794 4239; x_wconf 86' lang='grc' dir='ltr'>Ἰνδι-</span> 
     </span>
    </p>
   </div>
   <div class='ocr_carea' id='block_1_60' title="bbox 204 4276 1793 4349">
    <p class='ocr_par' dir='ltr' id='par_1_60' title="bbox 204 4276 1793 4349">
     <span class='ocr_line' id='line_1_60' title="bbox 204 4276 1793 4349; baseline -0.009 -15"><span class='ocrx_word' id='word_1_453' title='bbox 204 4285 328 4343; x_wconf 82' lang='grc' dir='ltr'>κοῖς</span> <span class='ocrx_word' id='word_1_454' title='bbox 366 4280 691 4349; x_wconf 80' lang='grc' dir='ltr'>γράμμασιν</span> <span class='ocrx_word' id='word_1_455' title='bbox 716 4278 839 4329; x_wconf 78' lang='grc' dir='ltr'>οὗτε</span> <span class='ocrx_word' id='word_1_456' title='bbox 872 4278 1005 4338; x_wconf 78' lang='grc' dir='ltr'>οἵοις</span> <span class='ocrx_word' id='word_1_457' title='bbox 1052 4276 1362 4345; x_wconf 77' lang='grc' dir='ltr'>ξυμϐαλεῖν.</span> <span class='ocrx_word' id='word_1_458' title='bbox 1415 4277 1473 4329; x_wconf 86' lang='grc' dir='ltr'><strong>Ὁ</strong></span> <span class='ocrx_word' id='word_1_459' title='bbox 1503 4279 1559 4331; x_wconf 85' lang='grc' dir='ltr'>δὲ</span> <span class='ocrx_word' id='word_1_460' title='bbox 1602 4278 1793 4330; x_wconf 86' lang='grc' dir='ltr'>Ἀπολ-</span> 
     </span>
    </p>
   </div>
   <div class='ocr_carea' id='block_1_61' title="bbox 203 4368 1801 4438">
    <p class='ocr_par' dir='ltr' id='par_1_61' title="bbox 203 4368 1801 4438">
     <span class='ocr_line' id='line_1_61' title="bbox 203 4368 1801 4438; baseline -0.003 -12"><span class='ocrx_word' id='word_1_461' title='bbox 203 4373 424 4432; x_wconf 87' lang='grc' dir='ltr'>λώνιος.</span> <span class='ocrx_word' id='word_1_462' title='bbox 468 4370 543 4431; x_wconf 84' lang='grc' dir='ltr'><strong>ὡς</strong></span> <span class='ocrx_word' id='word_1_463' title='bbox 569 4370 721 4421; x_wconf 76' lang='grc' dir='ltr'>οὐδὲν</span> <span class='ocrx_word' id='word_1_464' title='bbox 744 4370 791 4419; x_wconf 88' lang='grc' dir='ltr'><strong>οί</strong></span> <span class='ocrx_word' id='word_1_465' title='bbox 818 4368 862 4398; x_wconf 76' lang='grc'><strong>’³</strong></span> <span class='ocrx_word' id='word_1_466' title='bbox 896 4369 1059 4437; x_wconf 81' lang='grc' dir='ltr'>ίερεῖς</span> <span class='ocrx_word' id='word_1_467' title='bbox 1097 4369 1351 4436; x_wconf 76' lang='grc' dir='ltr'>ἔφραζον,</span> <span class='ocrx_word' id='word_1_468' title='bbox 1381 4372 1462 4421; x_wconf 84' lang='grc' dir='ltr'><em>Οὐ</em></span> <span class='ocrx_word' id='word_1_469' title='bbox 1496 4369 1801 4438; x_wconf 74' lang='grc' dir='ltr'>συγχωρεῖ</span> 
     </span>
    </p>
   </div>
   <div class='ocr_carea' id='block_1_62' title="bbox 199 4458 1792 4533">
    <p class='ocr_par' dir='ltr' id='par_1_62' title="bbox 199 4458 1792 4533">
     <span class='ocr_line' id='line_1_62' title="bbox 199 4458 1792 4533; baseline 0.001 -20"><span class='ocrx_word' id='word_1_470' title='bbox 199 4480 328 4533; x_wconf 81' lang='grc' dir='ltr'>μοι,</span> <span class='ocrx_word' id='word_1_471' title='bbox 382 4460 509 4528; x_wconf 71' lang='grc' dir='ltr'>ἔφη,</span> <span class='ocrx_word' id='word_1_472' title='bbox 543 4464 576 4512; x_wconf 82' lang='grc' dir='ltr'><em>ό</em></span> <span class='ocrx_word' id='word_1_473' title='bbox 624 4458 924 4526; x_wconf 78' lang='grc' dir='ltr'>’Πρακλῆς</span> <span class='ocrx_word' id='word_1_474' title='bbox 946 4462 978 4511; x_wconf 87' lang='lat' dir='ltr'><strong>d</strong></span> <span class='ocrx_word' id='word_1_475' title='bbox 1014 4461 1329 4527; x_wconf 73' lang='grc' dir='ltr'>Αἰγύπτιος</span> <span class='ocrx_word' id='word_1_476' title='bbox 1348 4460 1433 4528; x_wconf 82' lang='grc' dir='ltr'>μὴ</span> <span class='ocrx_word' id='word_1_477' title='bbox 1468 4463 1538 4514; x_wconf 85' lang='grc' dir='ltr'>οὐ</span> <span class='ocrx_word' id='word_1_478' title='bbox 1593 4463 1792 4529; x_wconf 71' lang='grc' dir='ltr'>λέγειν</span> 
     </span>
    </p>
   </div>
   <div class='ocr_carea' id='block_1_63' title="bbox 1903 1992 3479 2066">
    <p class='ocr_par' dir='ltr' id='par_1_63' title="bbox 1903 1992 3479 2066">
     <span class='ocr_line' id='line_1_63' title="bbox 1903 1992 3479 2066; baseline 0.003 -20"><span class='ocrx_word' id='word_1_479' title='bbox 1903 2007 1965 2046; x_wconf 82' lang='lat' dir='ltr'><strong>ea</strong></span> <span class='ocrx_word' id='word_1_480' title='bbox 2015 1992 2106 2059; x_wconf 90' lang='lat' dir='ltr'><strong>qui</strong></span> <span class='ocrx_word' id='word_1_481' title='bbox 2155 1992 2331 2047; x_wconf 87' lang='lat' dir='ltr'><strong>Gades</strong></span> <span class='ocrx_word' id='word_1_482' title='bbox 2393 1994 2634 2049; x_wconf 89' lang='lat' dir='ltr'><strong>incolunt</strong></span> <span class='ocrx_word' id='word_1_483' title='bbox 2688 1994 2862 2049; x_wconf 66' lang='lat' dir='ltr'><strong>Graeci</strong></span> <span class='ocrx_word' id='word_1_484' title='bbox 2919 2010 3041 2050; x_wconf 89' lang='lat' dir='ltr'><strong>esse</strong></span> <span class='ocrx_word' id='word_1_485' title='bbox 3100 1997 3479 2066; x_wconf 84' lang='lat' dir='ltr'><strong>perhibentur,</strong></span> 
     </span>
    </p>
   </div>
   <div class='ocr_carea' id='block_1_64' title="bbox 1905 2085 3486 2153">
    <p class='ocr_par' dir='ltr' id='par_1_64' title="bbox 1905 2085 3486 2153">
     <span class='ocr_line' id='line_1_64' title="bbox 1905 2085 3486 2153; baseline 0.001 -14"><span class='ocrx_word' id='word_1_486' title='bbox 1905 2094 2199 2153; x_wconf 89' lang='lat' dir='ltr'><strong>nostroque</strong></span> <span class='ocrx_word' id='word_1_487' title='bbox 2248 2098 2399 2138; x_wconf 90' lang='lat' dir='ltr'><strong>more</strong></span> <span class='ocrx_word' id='word_1_488' title='bbox 2451 2085 2670 2140; x_wconf 86' lang='lat' dir='ltr'><strong>eruditi.</strong></span> <span class='ocrx_word' id='word_1_489' title='bbox 2730 2086 2968 2140; x_wconf 82' lang='lat' dir='ltr'><strong>Arbores</strong></span> <span class='ocrx_word' id='word_1_490' title='bbox 3010 2085 3120 2140; x_wconf 91' lang='lat' dir='ltr'><strong>illic</strong></span> <span class='ocrx_word' id='word_1_491' title='bbox 3163 2086 3327 2141; x_wconf 88' lang='lat' dir='ltr'><strong>etiam</strong></span> <span class='ocrx_word' id='word_1_492' title='bbox 3365 2100 3486 2141; x_wconf 88' lang='lat' dir='ltr'><strong>esse</strong></span> 
     </span>
    </p>
   </div>
   <div class='ocr_carea' id='block_1_65' title="bbox 1904 2176 3483 2246">
    <p class='ocr_par' dir='ltr' id='par_1_65' title="bbox 1904 2176 3483 2246">
     <span class='ocr_line' id='line_1_65' title="bbox 1904 2176 3483 2246; baseline 0.001 -16"><span class='ocrx_word' id='word_1_493' title='bbox 1904 2176 2144 2239; x_wconf 87' lang='lat' dir='ltr'><strong>tradunt,</strong></span> <span class='ocrx_word' id='word_1_494' title='bbox 2178 2192 2299 2245; x_wconf 61' lang='lat' dir='ltr'><strong>quae</strong></span> <span class='ocrx_word' id='word_1_495' title='bbox 2336 2193 2603 2246; x_wconf 90' lang='lat' dir='ltr'><strong>nusquam</strong></span> <span class='ocrx_word' id='word_1_496' title='bbox 2636 2178 2765 2231; x_wconf 87' lang='lat' dir='ltr'><strong>alibi</strong></span> <span class='ocrx_word' id='word_1_497' title='bbox 2797 2188 3065 2232; x_wconf 87' lang='lat' dir='ltr'><strong>terrarum</strong></span> <span class='ocrx_word' id='word_1_498' title='bbox 3110 2178 3483 2244; x_wconf 85' lang='lat' dir='ltr'><strong>inveniuntur,</strong></span> 
     </span>
    </p>
   </div>
   <div class='ocr_carea' id='block_1_66' title="bbox 1904 2268 3481 2340">
    <p class='ocr_par' dir='ltr' id='par_1_66' title="bbox 1904 2268 3481 2340">
     <span class='ocr_line' id='line_1_66' title="bbox 1904 2268 3481 2340; baseline 0.004 -20"><span class='ocrx_word' id='word_1_499' title='bbox 1904 2268 2197 2336; x_wconf 88' lang='lat' dir='ltr'><strong>appellatas</strong></span> <span class='ocrx_word' id='word_1_500' title='bbox 2230 2279 2411 2323; x_wconf 88' lang='lat' dir='ltr'><strong>autem</strong></span> <span class='ocrx_word' id='word_1_501' title='bbox 2456 2269 2776 2340; x_wconf 82' lang='lat' dir='ltr'><strong>Geryonias,</strong></span> <span class='ocrx_word' id='word_1_502' title='bbox 2818 2281 2874 2324; x_wconf 89' lang='lat' dir='ltr'><strong>et</strong></span> <span class='ocrx_word' id='word_1_503' title='bbox 2911 2272 3045 2325; x_wconf 89' lang='lat' dir='ltr'><strong>duas</strong></span> <span class='ocrx_word' id='word_1_504' title='bbox 3098 2281 3304 2325; x_wconf 90' lang='lat' dir='ltr'><strong>tantum</strong></span> <span class='ocrx_word' id='word_1_505' title='bbox 3336 2286 3481 2327; x_wconf 91' lang='lat' dir='ltr'><strong>esse.</strong></span> 
     </span>
    </p>
   </div>
   <div class='ocr_carea' id='block_1_67' title="bbox 1903 2357 3483 2433">
    <p class='ocr_par' dir='ltr' id='par_1_67' title="bbox 1903 2357 3483 2433">
     <span class='ocr_line' id='line_1_67' title="bbox 1903 2357 3483 2433; baseline 0.004 -21"><span class='ocrx_word' id='word_1_506' title='bbox 1903 2357 2047 2412; x_wconf 68' lang='lat' dir='ltr'><strong>Orta</strong></span> <span class='ocrx_word' id='word_1_507' title='bbox 2082 2370 2210 2413; x_wconf 91' lang='lat' dir='ltr'><strong>sunt</strong></span> <span class='ocrx_word' id='word_1_508' title='bbox 2233 2368 2411 2413; x_wconf 87' lang='lat' dir='ltr'><strong>autem</strong></span> <span class='ocrx_word' id='word_1_509' title='bbox 2436 2359 2589 2429; x_wconf 79' lang='lat' dir='ltr'><strong>juxta</strong></span> <span class='ocrx_word' id='word_1_510' title='bbox 2620 2362 2952 2428; x_wconf 85' lang='lat' dir='ltr'><strong>sepulcrum,</strong></span> <span class='ocrx_word' id='word_1_511' title='bbox 2979 2362 3121 2430; x_wconf 91' lang='lat' dir='ltr'><strong>quod</strong></span> <span class='ocrx_word' id='word_1_512' title='bbox 3147 2363 3221 2415; x_wconf 92' lang='lat' dir='ltr'><strong>illi</strong></span> <span class='ocrx_word' id='word_1_513' title='bbox 3246 2362 3483 2433; x_wconf 87' lang='lat' dir='ltr'><strong>Geryoni</strong></span> 
     </span>
    </p>
   </div>
   <div class='ocr_carea' id='block_1_68' title="bbox 1904 2455 3481 2523">
    <p class='ocr_par' dir='ltr' id='par_1_68' title="bbox 1904 2455 3481 2523">
     <span class='ocr_line' id='line_1_68' title="bbox 1904 2455 3481 2523; baseline 0.004 -19"><span class='ocrx_word' id='word_1_514' title='bbox 1904 2457 2245 2515; x_wconf 86' lang='lat' dir='ltr'><strong>statuerunt,</strong></span> <span class='ocrx_word' id='word_1_515' title='bbox 2291 2455 2526 2521; x_wconf 86' lang='lat' dir='ltr'><strong>speciem</strong></span> <span class='ocrx_word' id='word_1_516' title='bbox 2568 2468 2637 2507; x_wconf 83' lang='lat' dir='ltr'><strong>ex</strong></span> <span class='ocrx_word' id='word_1_517' title='bbox 2686 2455 2814 2523; x_wconf 90' lang='lat' dir='ltr'><strong>pinu</strong></span> <span class='ocrx_word' id='word_1_518' title='bbox 2846 2455 3106 2523; x_wconf 89' lang='lat' dir='ltr'><strong>piceaque</strong></span> <span class='ocrx_word' id='word_1_519' title='bbox 3136 2458 3481 2511; x_wconf 80' lang='lat' dir='ltr'><strong>commistam</strong></span> 
     </span>
    </p>
   </div>
   <div class='ocr_carea' id='block_1_69' title="bbox 1906 2540 3479 2611">
    <p class='ocr_par' dir='ltr' id='par_1_69' title="bbox 1906 2540 3479 2611">
     <span class='ocr_line' id='line_1_69' title="bbox 1906 2540 3479 2611; baseline 0.004 -18"><span class='ocrx_word' id='word_1_520' title='bbox 1906 2540 2179 2595; x_wconf 85' lang='lat' dir='ltr'><strong>habentes.</strong></span> <span class='ocrx_word' id='word_1_521' title='bbox 2215 2542 2543 2611; x_wconf 80' lang='lat' dir='ltr'><strong>Sanguinem</strong></span> <span class='ocrx_word' id='word_1_522' title='bbox 2578 2557 2705 2596; x_wconf 74' lang='lat' dir='ltr'><strong>vero</strong></span> <span class='ocrx_word' id='word_1_523' title='bbox 2740 2543 2943 2597; x_wconf 84' lang='lat' dir='ltr'><strong>stillare</strong></span> <span class='ocrx_word' id='word_1_524' title='bbox 2971 2582 2986 2605; x_wconf 87' lang='lat'><strong>,</strong></span> <span class='ocrx_word' id='word_1_525' title='bbox 3022 2544 3169 2599; x_wconf 88' lang='lat' dir='ltr'><strong>sicut</strong></span> <span class='ocrx_word' id='word_1_526' title='bbox 3200 2543 3479 2599; x_wconf 85' lang='lat' dir='ltr'><strong>Heliadem</strong></span> 
     </span>
    </p>
   </div>
   <div class='ocr_carea' id='block_1_70' title="bbox 1905 2632 3483 2705">
    <p class='ocr_par' dir='ltr' id='par_1_70' title="bbox 1905 2632 3483 2705">
     <span class='ocr_line' id='line_1_70' title="bbox 1905 2632 3483 2705; baseline 0.004 -22"><span class='ocrx_word' id='word_1_527' title='bbox 1905 2632 2156 2699; x_wconf 79' lang='lat' dir='ltr'><strong>papulum</strong></span> <span class='ocrx_word' id='word_1_528' title='bbox 2189 2648 2320 2685; x_wconf 86' lang='lat' dir='ltr'><strong>auro</strong></span> <span class='ocrx_word' id='word_1_529' title='bbox 2367 2648 2616 2698; x_wconf 87' lang='lat' dir='ltr'><strong>manare,</strong></span> <span class='ocrx_word' id='word_1_530' title='bbox 2669 2634 2878 2688; x_wconf 88' lang='lat' dir='ltr'><strong>dicunt.</strong></span> <span class='ocrx_word' id='word_1_531' title='bbox 2921 2635 3098 2689; x_wconf 88' lang='lat' dir='ltr'><strong>Insula</strong></span> <span class='ocrx_word' id='word_1_532' title='bbox 3130 2650 3259 2689; x_wconf 85' lang='lat' dir='ltr'><strong>vero</strong></span> <span class='ocrx_word' id='word_1_533' title='bbox 3295 2638 3347 2689; x_wconf 93' lang='lat' dir='ltr'><strong>in</strong></span> <span class='ocrx_word' id='word_1_534' title='bbox 3377 2652 3483 2705; x_wconf 86' lang='lat' dir='ltr'><strong>qua</strong></span> 
     </span>
    </p>
   </div>
   <div class='ocr_carea' id='block_1_71' title="bbox 1908 2726 3482 2797">
    <p class='ocr_par' dir='ltr' id='par_1_71' title="bbox 1908 2726 3482 2797">
     <span class='ocr_line' id='line_1_71' title="bbox 1908 2726 3482 2797; baseline 0.004 -22"><span class='ocrx_word' id='word_1_535' title='bbox 1908 2726 2160 2791; x_wconf 88' lang='lat' dir='ltr'><strong>templum</strong></span> <span class='ocrx_word' id='word_1_536' title='bbox 2198 2726 2384 2789; x_wconf 89' lang='lat' dir='ltr'><strong>situm,</strong></span> <span class='ocrx_word' id='word_1_537' title='bbox 2416 2726 2642 2792; x_wconf 73' lang='lat' dir='ltr'><strong>aequalis</strong></span> <span class='ocrx_word' id='word_1_538' title='bbox 2676 2737 2759 2779; x_wconf 86' lang='lat' dir='ltr'><strong>est</strong></span> <span class='ocrx_word' id='word_1_539' title='bbox 2794 2726 3165 2795; x_wconf 79' lang='lat' dir='ltr'><strong>magnitudine</strong></span> <span class='ocrx_word' id='word_1_540' title='bbox 3204 2727 3303 2797; x_wconf 89' lang='lat' dir='ltr'><strong>ipsi</strong></span> <span class='ocrx_word' id='word_1_541' title='bbox 3344 2738 3482 2782; x_wconf 91' lang='lat' dir='ltr'><strong>tem-</strong></span> 
     </span>
    </p>
   </div>
   <div class='ocr_carea' id='block_1_72' title="bbox 1904 2814 3482 2888">
    <p class='ocr_par' dir='ltr' id='par_1_72' title="bbox 1904 2814 3482 2888">
     <span class='ocr_line' id='line_1_72' title="bbox 1904 2814 3482 2888; baseline 0.004 -23"><span class='ocrx_word' id='word_1_542' title='bbox 1904 2814 2018 2881; x_wconf 89' lang='lat' dir='ltr'><strong>plo;</strong></span> <span class='ocrx_word' id='word_1_543' title='bbox 2062 2814 2205 2867; x_wconf 92' lang='lat' dir='ltr'><strong>nulla</strong></span> <span class='ocrx_word' id='word_1_544' title='bbox 2241 2824 2422 2867; x_wconf 88' lang='lat' dir='ltr'><strong>autem</strong></span> <span class='ocrx_word' id='word_1_545' title='bbox 2461 2815 2579 2883; x_wconf 88' lang='lat' dir='ltr'><strong>ejus</strong></span> <span class='ocrx_word' id='word_1_546' title='bbox 2622 2830 2748 2882; x_wconf 88' lang='lat' dir='ltr'><strong>pars</strong></span> <span class='ocrx_word' id='word_1_547' title='bbox 2777 2827 2859 2870; x_wconf 83' lang='lat' dir='ltr'><strong>est</strong></span> <span class='ocrx_word' id='word_1_548' title='bbox 2897 2826 3135 2883; x_wconf 84' lang='lat' dir='ltr'><strong>petrosa,</strong></span> <span class='ocrx_word' id='word_1_549' title='bbox 3172 2820 3264 2872; x_wconf 81' lang='lat' dir='ltr'><strong>sed</strong></span> <span class='ocrx_word' id='word_1_550' title='bbox 3298 2819 3482 2888; x_wconf 88' lang='lat' dir='ltr'><strong>politis</strong></span> 
     </span>
    </p>
   </div>
   <div class='ocr_carea' id='block_1_73' title="bbox 1904 2904 3483 2979">
    <p class='ocr_par' dir='ltr' id='par_1_73' title="bbox 1904 2904 3483 2979">
     <span class='ocr_line' id='line_1_73' title="bbox 1904 2904 3483 2979; baseline 0.006 -22"><span class='ocrx_word' id='word_1_551' title='bbox 1904 2905 2211 2959; x_wconf 80' lang='lat' dir='ltr'><strong>carceribus</strong></span> <span class='ocrx_word' id='word_1_552' title='bbox 2253 2905 2463 2959; x_wconf 90' lang='lat' dir='ltr'><strong>similis.</strong></span> <span class='ocrx_word' id='word_1_553' title='bbox 2498 2904 2697 2959; x_wconf 90' lang='lat' dir='ltr'><strong>Colunt</strong></span> <span class='ocrx_word' id='word_1_554' title='bbox 2738 2907 2791 2958; x_wconf 91' lang='lat' dir='ltr'><strong>in</strong></span> <span class='ocrx_word' id='word_1_555' title='bbox 2823 2914 3012 2961; x_wconf 89' lang='lat' dir='ltr'><strong>eodem</strong></span> <span class='ocrx_word' id='word_1_556' title='bbox 3054 2909 3256 2979; x_wconf 89' lang='lat' dir='ltr'><strong>templo</strong></span> <span class='ocrx_word' id='word_1_557' title='bbox 3292 2912 3483 2966; x_wconf 83' lang='lat' dir='ltr'><strong>ambas</strong></span> 
     </span>
    </p>
   </div>
   <div class='ocr_carea' id='block_1_74' title="bbox 1906 2995 3481 3071">
    <p class='ocr_par' dir='ltr' id='par_1_74' title="bbox 1906 2995 3481 3071">
     <span class='ocr_line' id='line_1_74' title="bbox 1906 2995 3481 3071; baseline 0.007 -23"><span class='ocrx_word' id='word_1_558' title='bbox 1906 2995 2183 3050; x_wconf 88' lang='lat' dir='ltr'><strong>llercnles.</strong></span> <span class='ocrx_word' id='word_1_559' title='bbox 2223 2995 2527 3050; x_wconf 76' lang='lat' dir='ltr'><strong>Siinulacro</strong></span> <span class='ocrx_word' id='word_1_560' title='bbox 2559 2997 2662 3051; x_wconf 84' lang='lat' dir='ltr'><strong>illis</strong></span> <span class='ocrx_word' id='word_1_561' title='bbox 2705 2997 2857 3051; x_wconf 88' lang='lat' dir='ltr'><strong>nulla</strong></span> <span class='ocrx_word' id='word_1_562' title='bbox 2891 3008 3017 3052; x_wconf 90' lang='lat' dir='ltr'><strong>sunt</strong></span> <span class='ocrx_word' id='word_1_563' title='bbox 3047 3018 3061 3053; x_wconf 89' lang='lat'>:</span> <span class='ocrx_word' id='word_1_564' title='bbox 3095 3001 3189 3053; x_wconf 92' lang='lat' dir='ltr'><strong>sed</strong></span> <span class='ocrx_word' id='word_1_565' title='bbox 3226 2999 3481 3071; x_wconf 67' lang='lat' dir='ltr'><strong>Egyptio</strong></span> 
     </span>
    </p>
   </div>
   <div class='ocr_carea' id='block_1_75' title="bbox 1904 3088 3477 3159">
    <p class='ocr_par' dir='ltr' id='par_1_75' title="bbox 1904 3088 3477 3159">
     <span class='ocr_line' id='line_1_75' title="bbox 1904 3088 3477 3159; baseline 0.006 -19"><span class='ocrx_word' id='word_1_566' title='bbox 1904 3088 2117 3155; x_wconf 84' lang='lat' dir='ltr'><strong>quidem</strong></span> <span class='ocrx_word' id='word_1_567' title='bbox 2175 3104 2282 3141; x_wconf 74' lang='lat' dir='ltr'><strong>orre</strong></span> <span class='ocrx_word' id='word_1_568' title='bbox 2335 3096 2459 3143; x_wconf 88' lang='lat' dir='ltr'><strong>sunt</strong></span> <span class='ocrx_word' id='word_1_569' title='bbox 2513 3089 2631 3143; x_wconf 70' lang='lat' dir='ltr'><strong>duae</strong></span> <span class='ocrx_word' id='word_1_570' title='bbox 2680 3104 2862 3153; x_wconf 65' lang='lat' dir='ltr'><strong>mrtem,</strong></span> <span class='ocrx_word' id='word_1_571' title='bbox 2910 3092 3117 3159; x_wconf 86' lang='lat' dir='ltr'><strong>absque</strong></span> <span class='ocrx_word' id='word_1_572' title='bbox 3160 3094 3477 3159; x_wconf 87' lang='lat' dir='ltr'><strong>simulacro,</strong></span> 
     </span>
    </p>
   </div>
   <div class='ocr_carea' id='block_1_76' title="bbox 1904 3180 3482 3252">
    <p class='ocr_par' dir='ltr' id='par_1_76' title="bbox 1904 3180 3482 3252">
     <span class='ocr_line' id='line_1_76' title="bbox 1904 3180 3482 3252; baseline 0.006 -21"><span class='ocrx_word' id='word_1_573' title='bbox 1904 3180 2163 3234; x_wconf 80' lang='lat' dir='ltr'><strong>Thebano</strong></span> <span class='ocrx_word' id='word_1_574' title='bbox 2206 3189 2383 3233; x_wconf 87' lang='lat' dir='ltr'><strong>autem</strong></span> <span class='ocrx_word' id='word_1_575' title='bbox 2437 3195 2541 3233; x_wconf 88' lang='lat' dir='ltr'><strong>una</strong></span> <span class='ocrx_word' id='word_1_576' title='bbox 2598 3188 2859 3233; x_wconf 85' lang='lat' dir='ltr'><strong>tantum:</strong></span> <span class='ocrx_word' id='word_1_577' title='bbox 2913 3181 3110 3252; x_wconf 60' lang='lat' dir='ltr'><strong>Hydra:</strong></span> <span class='ocrx_word' id='word_1_578' title='bbox 3164 3185 3384 3252; x_wconf 87' lang='lat' dir='ltr'><strong>insuper</strong></span> <span class='ocrx_word' id='word_1_579' title='bbox 3426 3197 3482 3239; x_wconf 89' lang='lat' dir='ltr'><strong>et</strong></span> 
     </span>
    </p>
   </div>
   <div class='ocr_carea' id='block_1_77' title="bbox 1827 3245 3479 3340">
    <p class='ocr_par' dir='ltr' id='par_1_77' title="bbox 1827 3245 3479 3340">
     <span class='ocr_line' id='line_1_77' title="bbox 1827 3245 3479 3340; baseline 0.005 -18"><span class='ocrx_word' id='word_1_580' title='bbox 1827 3245 1869 3305; x_wconf 64' lang='grc' dir='ltr'><strong>(ἶ</strong></span> <span class='ocrx_word' id='word_1_581' title='bbox 1902 3270 2174 3326; x_wconf 88' lang='lat' dir='ltr'><strong>Diomedis</strong></span> <span class='ocrx_word' id='word_1_582' title='bbox 2208 3272 2333 3340; x_wconf 87' lang='lat' dir='ltr'><strong>equi</strong></span> <span class='ocrx_word' id='word_1_583' title='bbox 2367 3279 2421 3325; x_wconf 87' lang='lat' dir='ltr'><strong>et</strong></span> <span class='ocrx_word' id='word_1_584' title='bbox 2451 3272 2735 3326; x_wconf 85' lang='lat' dir='ltr'><strong>duodecim</strong></span> <span class='ocrx_word' id='word_1_585' title='bbox 2772 3245 3019 3329; x_wconf 72' lang='lat' dir='ltr'><strong>Herculis</strong></span> <span class='ocrx_word' id='word_1_586' title='bbox 3066 3245 3364 3331; x_wconf 66' lang='lat' dir='ltr'><strong>laboresin</strong></span> <span class='ocrx_word' id='word_1_587' title='bbox 3394 3278 3479 3331; x_wconf 87' lang='lat' dir='ltr'><strong>la-</strong></span> 
     </span>
    </p>
   </div>
   <div class='ocr_carea' id='block_1_78' title="bbox 1899 3362 3481 3436">
    <p class='ocr_par' dir='ltr' id='par_1_78' title="bbox 1899 3362 3481 3436">
     <span class='ocr_line' id='line_1_78' title="bbox 1899 3362 3481 3436; baseline 0.004 -20"><span class='ocrx_word' id='word_1_588' title='bbox 1899 3364 2075 3431; x_wconf 86' lang='lat' dir='ltr'><strong>pidem</strong></span> <span class='ocrx_word' id='word_1_589' title='bbox 2124 3362 2295 3417; x_wconf 88' lang='lat' dir='ltr'><strong>incisa</strong></span> <span class='ocrx_word' id='word_1_590' title='bbox 2351 3362 2777 3432; x_wconf 87' lang='lat' dir='ltr'><strong>conspiciuntur.</strong></span> <span class='ocrx_word' id='word_1_591' title='bbox 2829 3363 3199 3433; x_wconf 84' lang='lat' dir='ltr'><strong>Pygmalionis</strong></span> <span class='ocrx_word' id='word_1_592' title='bbox 3259 3370 3481 3436; x_wconf 85' lang='lat' dir='ltr'><strong>insuper</strong></span> 
     </span>
    </p>
   </div>
   <div class='ocr_carea' id='block_1_79' title="bbox 1900 3453 3477 3528">
    <p class='ocr_par' dir='ltr' id='par_1_79' title="bbox 1900 3453 3477 3528">
     <span class='ocr_line' id='line_1_79' title="bbox 1900 3453 3477 3528; baseline 0.004 -21"><span class='ocrx_word' id='word_1_593' title='bbox 1900 3467 2064 3507; x_wconf 87' lang='lat' dir='ltr'><strong>aurea</strong></span> <span class='ocrx_word' id='word_1_594' title='bbox 2091 3454 2229 3507; x_wconf 92' lang='lat' dir='ltr'><strong>oliva</strong></span> <span class='ocrx_word' id='word_1_595' title='bbox 2256 3454 2308 3506; x_wconf 90' lang='lat' dir='ltr'><strong>in</strong></span> <span class='ocrx_word' id='word_1_596' title='bbox 2346 3454 2464 3521; x_wconf 87' lang='lat' dir='ltr'><strong>ipso</strong></span> <span class='ocrx_word' id='word_1_597' title='bbox 2499 3453 2744 3507; x_wconf 82' lang='lat' dir='ltr'><strong>Herculis</strong></span> <span class='ocrx_word' id='word_1_598' title='bbox 2772 3456 2973 3523; x_wconf 84' lang='lat' dir='ltr'><strong>templo</strong></span> <span class='ocrx_word' id='word_1_599' title='bbox 3003 3457 3244 3510; x_wconf 85' lang='lat' dir='ltr'><strong>dedicata</strong></span> <span class='ocrx_word' id='word_1_600' title='bbox 3274 3475 3287 3512; x_wconf 88' lang='lat'>:</span> <span class='ocrx_word' id='word_1_601' title='bbox 3316 3459 3477 3528; x_wconf 86' lang='lat' dir='ltr'><strong>digna</strong></span> 
     </span>
    </p>
   </div>
   <div class='ocr_carea' id='block_1_80' title="bbox 1900 3546 3479 3614">
    <p class='ocr_par' dir='ltr' id='par_1_80' title="bbox 1900 3546 3479 3614">
     <span class='ocr_line' id='line_1_80' title="bbox 1900 3546 3479 3614; baseline 0.003 -15"><span class='ocrx_word' id='word_1_602' title='bbox 1900 3547 2136 3614; x_wconf 83' lang='lat' dir='ltr'><strong>quidem,</strong></span> <span class='ocrx_word' id='word_1_603' title='bbox 2164 3554 2221 3597; x_wconf 89' lang='lat' dir='ltr'><strong>ut</strong></span> <span class='ocrx_word' id='word_1_604' title='bbox 2250 3547 2437 3598; x_wconf 87' lang='lat' dir='ltr'><strong>volunt</strong></span> <span class='ocrx_word' id='word_1_605' title='bbox 2466 3546 2833 3600; x_wconf 83' lang='lat' dir='ltr'><strong>admiratione</strong></span> <span class='ocrx_word' id='word_1_606' title='bbox 2866 3547 2936 3600; x_wconf 93' lang='lat' dir='ltr'><strong>ob</strong></span> <span class='ocrx_word' id='word_1_607' title='bbox 2963 3562 3173 3601; x_wconf 89' lang='lat' dir='ltr'><strong>ramum</strong></span> <span class='ocrx_word' id='word_1_608' title='bbox 3204 3549 3289 3603; x_wconf 89' lang='lat' dir='ltr'><strong>cui</strong></span> <span class='ocrx_word' id='word_1_609' title='bbox 3322 3551 3479 3605; x_wconf 83' lang='lat' dir='ltr'><strong>sitni-</strong></span> 
     </span>
    </p>
   </div>
   <div class='ocr_carea' id='block_1_81' title="bbox 1900 3634 3478 3705">
    <p class='ocr_par' dir='ltr' id='par_1_81' title="bbox 1900 3634 3478 3705">
     <span class='ocr_line' id='line_1_81' title="bbox 1900 3634 3478 3705; baseline 0.004 -16"><span class='ocrx_word' id='word_1_610' title='bbox 1900 3637 1965 3689; x_wconf 89' lang='lat' dir='ltr'><strong>lis</strong></span> <span class='ocrx_word' id='word_1_611' title='bbox 2002 3646 2104 3700; x_wconf 86' lang='lat' dir='ltr'><strong>est,</strong></span> <span class='ocrx_word' id='word_1_612' title='bbox 2158 3634 2531 3689; x_wconf 83' lang='lat' dir='ltr'><strong>admirabilior</strong></span> <span class='ocrx_word' id='word_1_613' title='bbox 2588 3650 2717 3689; x_wconf 78' lang='lat' dir='ltr'><strong>vero</strong></span> <span class='ocrx_word' id='word_1_614' title='bbox 2776 3636 2987 3700; x_wconf 79' lang='lat' dir='ltr'><strong>fructu,</strong></span> <span class='ocrx_word' id='word_1_615' title='bbox 3042 3653 3148 3705; x_wconf 82' lang='lat' dir='ltr'><strong>quo</strong></span> <span class='ocrx_word' id='word_1_616' title='bbox 3182 3639 3478 3696; x_wconf 88' lang='lat' dir='ltr'><strong>abundate</strong></span> 
     </span>
    </p>
   </div>
   <div class='ocr_carea' id='block_1_82' title="bbox 1897 3724 3476 3800">
    <p class='ocr_par' dir='ltr' id='par_1_82' title="bbox 1897 3724 3476 3800">
     <span class='ocr_line' id='line_1_82' title="bbox 1897 3724 3476 3800; baseline 0.003 -19"><span class='ocrx_word' id='word_1_617' title='bbox 1897 3727 2184 3796; x_wconf 88' lang='lat' dir='ltr'><strong>smaragdo</strong></span> <span class='ocrx_word' id='word_1_618' title='bbox 2225 3726 2368 3779; x_wconf 76' lang='lat' dir='ltr'><strong>ficto.</strong></span> <span class='ocrx_word' id='word_1_619' title='bbox 2402 3725 2467 3778; x_wconf 90' lang='lat' dir='ltr'><strong>Et</strong></span> <span class='ocrx_word' id='word_1_620' title='bbox 2496 3724 2689 3779; x_wconf 83' lang='lat' dir='ltr'><strong>Teucri</strong></span> <span class='ocrx_word' id='word_1_621' title='bbox 2738 3728 2904 3780; x_wconf 87' lang='lat' dir='ltr'><strong>etiam</strong></span> <span class='ocrx_word' id='word_1_622' title='bbox 2941 3727 3241 3784; x_wconf 86' lang='lat' dir='ltr'><strong>Telamonii</strong></span> <span class='ocrx_word' id='word_1_623' title='bbox 3275 3730 3476 3800; x_wconf 76' lang='lat' dir='ltr'><strong>329a</strong></span> 
     </span>
    </p>
   </div>
   <div class='ocr_carea' id='block_1_83' title="bbox 1896 3818 3473 3887">
    <p class='ocr_par' dir='ltr' id='par_1_83' title="bbox 1896 3818 3473 3887">
     <span class='ocr_line' id='line_1_83' title="bbox 1896 3818 3473 3887; baseline 0.003 -14"><span class='ocrx_word' id='word_1_624' title='bbox 1896 3818 2105 3873; x_wconf 90' lang='lat' dir='ltr'><strong>balteus</strong></span> <span class='ocrx_word' id='word_1_625' title='bbox 2127 3834 2323 3873; x_wconf 84' lang='lat' dir='ltr'><strong>aureus</strong></span> <span class='ocrx_word' id='word_1_626' title='bbox 2344 3818 2532 3873; x_wconf 90' lang='lat' dir='ltr'><strong>eodem</strong></span> <span class='ocrx_word' id='word_1_627' title='bbox 2561 3820 2612 3872; x_wconf 91' lang='lat' dir='ltr'><strong>in</strong></span> <span class='ocrx_word' id='word_1_628' title='bbox 2639 3818 2777 3883; x_wconf 90' lang='lat' dir='ltr'><strong>loco,</strong></span> <span class='ocrx_word' id='word_1_629' title='bbox 2812 3828 3165 3875; x_wconf 80' lang='lat' dir='ltr'><strong>monstratur.</strong></span> <span class='ocrx_word' id='word_1_630' title='bbox 3188 3820 3473 3887; x_wconf 86' lang='lat' dir='ltr'><strong>Quomodo</strong></span> 
     </span>
    </p>
   </div>
   <div class='ocr_carea' id='block_1_84' title="bbox 1896 3910 3471 3981">
    <p class='ocr_par' dir='ltr' id='par_1_84' title="bbox 1896 3910 3471 3981">
     <span class='ocr_line' id='line_1_84' title="bbox 1896 3910 3471 3981; baseline 0.003 -17"><span class='ocrx_word' id='word_1_631' title='bbox 1896 3921 2107 3974; x_wconf 84' lang='lat' dir='ltr'><strong>autem,</strong></span> <span class='ocrx_word' id='word_1_632' title='bbox 2151 3920 2245 3965; x_wconf 87' lang='lat' dir='ltr'><strong>aut</strong></span> <span class='ocrx_word' id='word_1_633' title='bbox 2284 3926 2388 3980; x_wconf 84' lang='lat' dir='ltr'><strong>qua</strong></span> <span class='ocrx_word' id='word_1_634' title='bbox 2422 3910 2491 3965; x_wconf 93' lang='lat' dir='ltr'><strong>de</strong></span> <span class='ocrx_word' id='word_1_635' title='bbox 2532 3926 2697 3965; x_wconf 81' lang='lat' dir='ltr'><strong>causa</strong></span> <span class='ocrx_word' id='word_1_636' title='bbox 2729 3914 2794 3966; x_wconf 87' lang='lat' dir='ltr'><strong>ad</strong></span> <span class='ocrx_word' id='word_1_637' title='bbox 2825 3911 3114 3967; x_wconf 85' lang='lat' dir='ltr'><strong>Oceanum</strong></span> <span class='ocrx_word' id='word_1_638' title='bbox 3143 3915 3471 3981; x_wconf 81' lang='lat' dir='ltr'><strong>pervenerit,</strong></span> 
     </span>
    </p>
   </div>
   <div class='ocr_carea' id='block_1_85' title="bbox 1896 4002 3477 4073">
    <p class='ocr_par' dir='ltr' id='par_1_85' title="bbox 1896 4002 3477 4073">
     <span class='ocr_line' id='line_1_85' title="bbox 1896 4002 3477 4073; baseline 0.003 -17"><span class='ocrx_word' id='word_1_639' title='bbox 1896 4017 1954 4056; x_wconf 90' lang='lat' dir='ltr'><strong>se</strong></span> <span class='ocrx_word' id='word_1_640' title='bbox 1982 4004 2190 4057; x_wconf 86' lang='lat' dir='ltr'><strong>nescire</strong></span> <span class='ocrx_word' id='word_1_641' title='bbox 2213 4004 2421 4058; x_wconf 89' lang='lat' dir='ltr'><strong>dicunt.</strong></span> <span class='ocrx_word' id='word_1_642' title='bbox 2446 4002 2578 4069; x_wconf 74' lang='lat' dir='ltr'><strong>Quae</strong></span> <span class='ocrx_word' id='word_1_643' title='bbox 2605 4013 2783 4059; x_wconf 88' lang='lat' dir='ltr'><strong>autem</strong></span> <span class='ocrx_word' id='word_1_644' title='bbox 2815 4008 2867 4057; x_wconf 84' lang='lat' dir='ltr'><strong>in</strong></span> <span class='ocrx_word' id='word_1_645' title='bbox 2893 4005 3092 4073; x_wconf 90' lang='lat' dir='ltr'><strong>templo</strong></span> <span class='ocrx_word' id='word_1_646' title='bbox 3122 4018 3243 4059; x_wconf 87' lang='lat' dir='ltr'><strong>sunt</strong></span> <span class='ocrx_word' id='word_1_647' title='bbox 3266 4008 3477 4061; x_wconf 85' lang='lat' dir='ltr'><strong>colum-</strong></span> 
     </span>
    </p>
   </div>
   <div class='ocr_carea' id='block_1_86' title="bbox 1896 4096 3475 4167">
    <p class='ocr_par' dir='ltr' id='par_1_86' title="bbox 1896 4096 3475 4167">
     <span class='ocr_line' id='line_1_86' title="bbox 1896 4096 3475 4167; baseline 0.003 -19"><span class='ocrx_word' id='word_1_648' title='bbox 1896 4111 1997 4160; x_wconf 75' lang='lat' dir='ltr'><strong>me,</strong></span> <span class='ocrx_word' id='word_1_649' title='bbox 2028 4112 2092 4149; x_wconf 81' lang='lat' dir='ltr'><strong>ex</strong></span> <span class='ocrx_word' id='word_1_650' title='bbox 2123 4110 2255 4150; x_wconf 88' lang='lat' dir='ltr'><strong>auro</strong></span> <span class='ocrx_word' id='word_1_651' title='bbox 2285 4107 2617 4167; x_wconf 81' lang='lat' dir='ltr'><strong>argentoque</strong></span> <span class='ocrx_word' id='word_1_652' title='bbox 2648 4096 2807 4151; x_wconf 87' lang='lat' dir='ltr'><strong>simul</strong></span> <span class='ocrx_word' id='word_1_653' title='bbox 2844 4097 2981 4163; x_wconf 80' lang='lat' dir='ltr'><strong>fuso,</strong></span> <span class='ocrx_word' id='word_1_654' title='bbox 3016 4108 3071 4150; x_wconf 87' lang='lat' dir='ltr'><strong>et</strong></span> <span class='ocrx_word' id='word_1_655' title='bbox 3100 4096 3153 4151; x_wconf 90' lang='lat' dir='ltr'><strong>in</strong></span> <span class='ocrx_word' id='word_1_656' title='bbox 3187 4113 3352 4152; x_wconf 92' lang='lat' dir='ltr'><strong>unum</strong></span> <span class='ocrx_word' id='word_1_657' title='bbox 3384 4114 3475 4153; x_wconf 78' lang='lat' dir='ltr'><strong>co-</strong></span> 
     </span>
    </p>
   </div>
   <div class='ocr_carea' id='block_1_87' title="bbox 1896 4186 3473 4258">
    <p class='ocr_par' dir='ltr' id='par_1_87' title="bbox 1896 4186 3473 4258">
     <span class='ocr_line' id='line_1_87' title="bbox 1896 4186 3473 4258; baseline 0.002 -18"><span class='ocrx_word' id='word_1_658' title='bbox 1896 4186 2062 4240; x_wconf 87' lang='lat' dir='ltr'><strong>lorem</strong></span> <span class='ocrx_word' id='word_1_659' title='bbox 2109 4188 2327 4241; x_wconf 88' lang='lat' dir='ltr'><strong>redacto</strong></span> <span class='ocrx_word' id='word_1_660' title='bbox 2372 4188 2544 4243; x_wconf 83' lang='lat' dir='ltr'><strong>factas</strong></span> <span class='ocrx_word' id='word_1_661' title='bbox 2577 4202 2697 4241; x_wconf 84' lang='lat' dir='ltr'><strong>esse</strong></span> <span class='ocrx_word' id='word_1_662' title='bbox 2724 4196 2926 4242; x_wconf 87' lang='lat' dir='ltr'><strong>narrat.</strong></span> <span class='ocrx_word' id='word_1_663' title='bbox 2962 4188 3091 4242; x_wconf 84' lang='lat' dir='ltr'><strong>Esse</strong></span> <span class='ocrx_word' id='word_1_664' title='bbox 3124 4197 3303 4242; x_wconf 81' lang='lat' dir='ltr'><strong>autem</strong></span> <span class='ocrx_word' id='word_1_665' title='bbox 3333 4204 3473 4258; x_wconf 85' lang='lat' dir='ltr'><strong>qua-</strong></span> 
     </span>
    </p>
   </div>
   <div class='ocr_carea' id='block_1_88' title="bbox 1895 4278 3475 4350">
    <p class='ocr_par' dir='ltr' id='par_1_88' title="bbox 1895 4278 3475 4350">
     <span class='ocr_line' id='line_1_88' title="bbox 1895 4278 3475 4350; baseline 0.003 -17"><span class='ocrx_word' id='word_1_666' title='bbox 1895 4278 2244 4346; x_wconf 82' lang='lat' dir='ltr'><strong>drangnlares</strong></span> <span class='ocrx_word' id='word_1_667' title='bbox 2282 4279 2428 4333; x_wconf 81' lang='lat' dir='ltr'><strong>velut</strong></span> <span class='ocrx_word' id='word_1_668' title='bbox 2468 4280 2713 4343; x_wconf 89' lang='lat' dir='ltr'><strong>incudes,</strong></span> <span class='ocrx_word' id='word_1_669' title='bbox 2750 4290 2802 4334; x_wconf 93' lang='lat' dir='ltr'><strong>et</strong></span> <span class='ocrx_word' id='word_1_670' title='bbox 2837 4296 3025 4334; x_wconf 90' lang='lat' dir='ltr'><strong>eorum</strong></span> <span class='ocrx_word' id='word_1_671' title='bbox 3060 4282 3240 4350; x_wconf 88' lang='lat' dir='ltr'><strong>capita</strong></span> <span class='ocrx_word' id='word_1_672' title='bbox 3276 4282 3475 4337; x_wconf 87' lang='lat' dir='ltr'><strong>litteris</strong></span> 
     </span>
    </p>
   </div>
   <div class='ocr_carea' id='block_1_89' title="bbox 1896 4368 3473 4441">
    <p class='ocr_par' dir='ltr' id='par_1_89' title="bbox 1896 4368 3473 4441">
     <span class='ocr_line' id='line_1_89' title="bbox 1896 4368 3473 4441; baseline 0.003 -19"><span class='ocrx_word' id='word_1_673' title='bbox 1896 4370 2152 4437; x_wconf 88' lang='lat' dir='ltr'><strong>inscripta</strong></span> <span class='ocrx_word' id='word_1_674' title='bbox 2194 4378 2321 4422; x_wconf 88' lang='lat' dir='ltr'><strong>sunt</strong></span> <span class='ocrx_word' id='word_1_675' title='bbox 2354 4384 2459 4423; x_wconf 92' lang='lat' dir='ltr'><strong>non</strong></span> <span class='ocrx_word' id='word_1_676' title='bbox 2496 4368 2789 4439; x_wconf 67' lang='lat' dir='ltr'><strong>Egyptiis,</strong></span> <span class='ocrx_word' id='word_1_677' title='bbox 2830 4385 3004 4438; x_wconf 87' lang='lat' dir='ltr'><strong>neque</strong></span> <span class='ocrx_word' id='word_1_678' title='bbox 3043 4371 3264 4434; x_wconf 87' lang='lat' dir='ltr'><strong>indicis,</strong></span> <span class='ocrx_word' id='word_1_679' title='bbox 3296 4387 3473 4441; x_wconf 86' lang='lat' dir='ltr'><strong>neque</strong></span> 
     </span>
    </p>
   </div>
   <div class='ocr_carea' id='block_1_90' title="bbox 1897 4461 3469 4533">
    <p class='ocr_par' dir='ltr' id='par_1_90' title="bbox 1897 4461 3469 4533">
     <span class='ocr_line' id='line_1_90' title="bbox 1897 4461 3469 4533; baseline 0.003 -19"><span class='ocrx_word' id='word_1_680' title='bbox 1897 4463 1962 4515; x_wconf 88' lang='lat' dir='ltr'><strong>ab</strong></span> <span class='ocrx_word' id='word_1_681' title='bbox 1998 4461 2175 4531; x_wconf 81' lang='lat' dir='ltr'><strong>aliquo</strong></span> <span class='ocrx_word' id='word_1_682' title='bbox 2215 4463 2427 4530; x_wconf 91' lang='lat' dir='ltr'><strong>penitus</strong></span> <span class='ocrx_word' id='word_1_683' title='bbox 2468 4465 2721 4533; x_wconf 89' lang='lat' dir='ltr'><strong>cognitis.</strong></span> <span class='ocrx_word' id='word_1_684' title='bbox 2761 4465 3077 4530; x_wconf 81' lang='lat' dir='ltr'><strong>Apollonius</strong></span> <span class='ocrx_word' id='word_1_685' title='bbox 3108 4474 3310 4531; x_wconf 89' lang='lat' dir='ltr'><strong>autem,</strong></span> <span class='ocrx_word' id='word_1_686' title='bbox 3346 4483 3469 4522; x_wconf 90' lang='lat' dir='ltr'><strong>cum</strong></span> 
     </span>
    </p>
   </div>
   <div class='ocr_carea' id='block_1_91' title="bbox 204 4549 1794 4624">
    <p class='ocr_par' dir='ltr' id='par_1_91' title="bbox 204 4549 1789 4619">
     <span class='ocr_line' id='line_1_91' title="bbox 204 4549 1789 4619; baseline -0.001 -12"><span class='ocrx_word' id='word_1_687' title='bbox 204 4556 413 4608; x_wconf 73' lang='grc' dir='ltr'>ὁπόσα</span> <span class='ocrx_word' id='word_1_688' title='bbox 434 4551 585 4602; x_wconf 79' lang='grc' dir='ltr'>οἰδα.</span> <span class='ocrx_word' id='word_1_689' title='bbox 616 4550 744 4616; x_wconf 83' lang='grc' dir='ltr'><strong>Γῆς</strong></span> <span class='ocrx_word' id='word_1_690' title='bbox 773 4549 871 4601; x_wconf 80' lang='grc' dir='ltr'><strong>καί</strong></span> <span class='ocrx_word' id='word_1_691' title='bbox 902 4550 1187 4603; x_wconf 81' lang='grc' dir='ltr'>Ὠκεανοῦ</span> <span class='ocrx_word' id='word_1_692' title='bbox 1221 4550 1531 4619; x_wconf 79' lang='grc' dir='ltr'>ξύνδεσμα</span> <span class='ocrx_word' id='word_1_693' title='bbox 1574 4554 1704 4606; x_wconf 77' lang='grc' dir='ltr'>αἵδε</span> <span class='ocrx_word' id='word_1_694' title='bbox 1730 4555 1789 4606; x_wconf 82' lang='lat' dir='ltr'><strong>al</strong></span> 
     </span>
    </p>
   </div>
   <div class='ocr_carea' id='block_1_92' title="bbox 1899 4549 3470 4624">
    <p class='ocr_par' dir='ltr' id='par_1_92' title="bbox 1899 4553 3470 4624">
     <span class='ocr_line' id='line_1_92' title="bbox 1899 4553 3470 4624; baseline 0.001 -17"><span class='ocrx_word' id='word_1_695' title='bbox 1899 4553 1960 4607; x_wconf 91' lang='lat' dir='ltr'><strong>de</strong></span> <span class='ocrx_word' id='word_1_696' title='bbox 1991 4554 2091 4607; x_wconf 89' lang='lat' dir='ltr'><strong>hac</strong></span> <span class='ocrx_word' id='word_1_697' title='bbox 2125 4568 2185 4607; x_wconf 88' lang='lat' dir='ltr'><strong>re</strong></span> <span class='ocrx_word' id='word_1_698' title='bbox 2223 4553 2533 4608; x_wconf 88' lang='lat' dir='ltr'><strong>sacerdotes</strong></span> <span class='ocrx_word' id='word_1_699' title='bbox 2565 4554 2699 4608; x_wconf 88' lang='lat' dir='ltr'><strong>nihil</strong></span> <span class='ocrx_word' id='word_1_700' title='bbox 2743 4555 2987 4607; x_wconf 88' lang='lat' dir='ltr'><strong>dicerent</strong></span> <span class='ocrx_word' id='word_1_701' title='bbox 3028 4554 3183 4609; x_wconf 79' lang='lat' dir='ltr'><strong>:Non</strong></span> <span class='ocrx_word' id='word_1_702' title='bbox 3213 4559 3470 4624; x_wconf 82' lang='lat' dir='ltr'><strong>permittit</strong></span> 
     </span>
    </p>
   </div>
   <div class='ocr_carea' id='block_1_93' title="bbox 201 4636 1788 4708">
    <p class='ocr_par' dir='ltr' id='par_1_93' title="bbox 201 4636 1788 4708">
     <span class='ocr_line' id='line_1_93' title="bbox 201 4636 1788 4708; baseline -0.002 -12"><span class='ocrx_word' id='word_1_703' title='bbox 201 4642 431 4708; x_wconf 77' lang='grc' dir='ltr'>στῆλαι</span> <span class='ocrx_word' id='word_1_704' title='bbox 446 4640 604 4692; x_wconf 74' lang='grc' dir='ltr'>εἰσιν</span> <span class='ocrx_word' id='word_1_705' title='bbox 632 4654 646 4669; x_wconf 80' lang='grc' dir='ltr'><strong><em>ο</em></strong></span> <span class='ocrx_word' id='word_1_706' title='bbox 676 4637 980 4706; x_wconf 69' lang='grc' dir='ltr'>ἐγράψατο</span> <span class='ocrx_word' id='word_1_707' title='bbox 1001 4636 1068 4689; x_wconf 78' lang='grc' dir='ltr'>δὲ</span> <span class='ocrx_word' id='word_1_708' title='bbox 1087 4639 1273 4703; x_wconf 84' lang='grc' dir='ltr'>αὐτὰς</span> <span class='ocrx_word' id='word_1_709' title='bbox 1302 4639 1532 4705; x_wconf 81' lang='grc' dir='ltr'>ἐκεῖνος</span> <span class='ocrx_word' id='word_1_710' title='bbox 1556 4642 1625 4693; x_wconf 83' lang='grc' dir='ltr'><strong>ὲν</strong></span> <span class='ocrx_word' id='word_1_711' title='bbox 1648 4646 1788 4695; x_wconf 83' lang='grc' dir='ltr'>Μοι-</span> 
     </span>
    </p>
   </div>
   <div class='ocr_carea' id='block_1_94' title="bbox 196 4726 1790 4801">
    <p class='ocr_par' dir='ltr' id='par_1_94' title="bbox 196 4726 1790 4801">
     <span class='ocr_line' id='line_1_94' title="bbox 196 4726 1790 4801; baseline 0 -17"><span class='ocrx_word' id='word_1_712' title='bbox 196 4730 331 4801; x_wconf 76' lang='grc' dir='ltr'><strong>ρῶν</strong></span> <span class='ocrx_word' id='word_1_713' title='bbox 352 4730 515 4793; x_wconf 79' lang='grc' dir='ltr'>οἴκῳ,</span> <span class='ocrx_word' id='word_1_714' title='bbox 547 4729 629 4792; x_wconf 86' lang='grc' dir='ltr'>ὡς</span> <span class='ocrx_word' id='word_1_715' title='bbox 651 4726 801 4795; x_wconf 78' lang='grc' dir='ltr'>μήτε</span> <span class='ocrx_word' id='word_1_716' title='bbox 838 4726 1037 4792; x_wconf 77' lang='grc' dir='ltr'>νεῖκος</span> <span class='ocrx_word' id='word_1_717' title='bbox 1082 4727 1206 4793; x_wconf 83' lang='grc' dir='ltr'>τοῖς</span> <span class='ocrx_word' id='word_1_718' title='bbox 1257 4732 1579 4797; x_wconf 77' lang='grc' dir='ltr'>στοιχείοις</span> <span class='ocrx_word' id='word_1_719' title='bbox 1628 4730 1790 4799; x_wconf 70' lang='grc' dir='ltr'>ἐγγέ-</span> 
     </span>
    </p>
   </div>
   <div class='ocr_carea' id='block_1_95' title="bbox 204 4817 1790 4891">
    <p class='ocr_par' dir='ltr' id='par_1_95' title="bbox 204 4817 1790 4891">
     <span class='ocr_line' id='line_1_95' title="bbox 204 4817 1790 4891; baseline 0.001 -17"><span class='ocrx_word' id='word_1_720' title='bbox 204 4838 397 4880; x_wconf 79' lang='grc' dir='ltr'>νοιτο,</span> <span class='ocrx_word' id='word_1_721' title='bbox 416 4820 567 4887; x_wconf 82' lang='grc' dir='ltr'>μήτε</span> <span class='ocrx_word' id='word_1_722' title='bbox 586 4817 939 4889; x_wconf 78' lang='grc' dir='ltr'>ἀτιμάσειαν</span> <span class='ocrx_word' id='word_1_723' title='bbox 960 4819 1075 4887; x_wconf 79' lang='grc' dir='ltr'><strong>τὴν</strong></span> <span class='ocrx_word' id='word_1_724' title='bbox 1083 4820 1375 4887; x_wconf 69' lang='grc' dir='ltr'>φιλότητα</span> <span class='ocrx_word' id='word_1_725' title='bbox 1402 4821 1481 4888; x_wconf 78' lang='grc' dir='ltr'><strong>ἣν</strong></span> <span class='ocrx_word' id='word_1_726' title='bbox 1498 4823 1790 4891; x_wconf 67' lang='grc' dir='ltr'><strong>ἀλλήλων</strong></span> 
     </span>
    </p>
   </div>
   <div class='ocr_carea' id='block_1_96' title="bbox 205 4914 524 4981">
    <p class='ocr_par' dir='ltr' id='par_1_96' title="bbox 205 4914 524 4981">
     <span class='ocr_line' id='line_1_96' title="bbox 205 4914 524 4981; baseline 0 -18"><span class='ocrx_word' id='word_1_727' title='bbox 205 4914 524 4981; x_wconf 80' lang='grc' dir='ltr'>ισχουσιν.</span> 
     </span>
    </p>
   </div>
   <div class='ocr_carea' id='block_1_97' title="bbox 274 5085 1785 5157">
    <p class='ocr_par' dir='ltr' id='par_1_97' title="bbox 274 5085 1785 5157">
     <span class='ocr_line' id='line_1_97' title="bbox 274 5085 1785 5157; baseline 0.001 -15"><span class='ocrx_word' id='word_1_728' title='bbox 274 5091 404 5143; x_wconf 86' lang='grc' dir='ltr'>Ὅτι</span> <span class='ocrx_word' id='word_1_729' title='bbox 437 5088 483 5119; x_wconf 70' lang='grc' dir='ltr'>’δ</span> <span class='ocrx_word' id='word_1_730' title='bbox 530 5086 619 5139; x_wconf 81' lang='grc' dir='ltr'>τὸν</span> <span class='ocrx_word' id='word_1_731' title='bbox 678 5085 880 5157; x_wconf 83' lang='grc' dir='ltr'>Βαίτην</span> <span class='ocrx_word' id='word_1_732' title='bbox 921 5089 965 5123; x_wconf 74' lang='grc'><strong>⁸⁵</strong></span> <span class='ocrx_word' id='word_1_733' title='bbox 1012 5087 1102 5141; x_wconf 82' lang='grc' dir='ltr'>τὸν</span> <span class='ocrx_word' id='word_1_734' title='bbox 1159 5088 1402 5157; x_wconf 83' lang='grc' dir='ltr'>ποταμὸν</span> <span class='ocrx_word' id='word_1_735' title='bbox 1449 5090 1785 5145; x_wconf 81' lang='grc' dir='ltr'>ἀναπλεῦσαί</span> 
     </span>
    </p>
   </div>
   <div class='ocr_carea' id='block_1_98' title="bbox 197 5179 1782 5251">
    <p class='ocr_par' dir='ltr' id='par_1_98' title="bbox 197 5179 1782 5251">
     <span class='ocr_line' id='line_1_98' title="bbox 197 5179 1782 5251; baseline 0 -16"><span class='ocrx_word' id='word_1_736' title='bbox 197 5198 389 5251; x_wconf 75' lang='grc' dir='ltr'>φασιν,</span> <span class='ocrx_word' id='word_1_737' title='bbox 421 5180 479 5242; x_wconf 81' lang='grc' dir='ltr'>ὃς</span> <span class='ocrx_word' id='word_1_738' title='bbox 534 5179 684 5248; x_wconf 82' lang='grc' dir='ltr'>δηλοῖ</span> <span class='ocrx_word' id='word_1_739' title='bbox 719 5180 954 5251; x_wconf 75' lang='grc' dir='ltr'>μάλιστα</span> <span class='ocrx_word' id='word_1_740' title='bbox 992 5180 1092 5249; x_wconf 79' lang='grc' dir='ltr'><strong>τὴν</strong></span> <span class='ocrx_word' id='word_1_741' title='bbox 1135 5179 1228 5232; x_wconf 84' lang='grc' dir='ltr'><strong>τοῦ</strong></span> <span class='ocrx_word' id='word_1_742' title='bbox 1271 5181 1526 5235; x_wconf 84' lang='grc' dir='ltr'>Ὠκεανοῦ</span> <span class='ocrx_word' id='word_1_743' title='bbox 1587 5183 1782 5251; x_wconf 80' lang='grc' dir='ltr'>φύσιν·</span> 
     </span>
    </p>
   </div>
   <div class='ocr_carea' id='block_1_99' title="bbox 200 5269 1785 5343">
    <p class='ocr_par' dir='ltr' id='par_1_99' title="bbox 200 5269 1785 5343">
     <span class='ocr_line' id='line_1_99' title="bbox 200 5269 1785 5343; baseline 0.001 -18"><span class='ocrx_word' id='word_1_744' title='bbox 200 5272 429 5325; x_wconf 69' lang='grc' dir='ltr'>ἐπειδὰν</span> <span class='ocrx_word' id='word_1_745' title='bbox 463 5270 571 5338; x_wconf 80' lang='grc' dir='ltr'><strong>γὰρ</strong></span> <span class='ocrx_word' id='word_1_746' title='bbox 596 5271 900 5341; x_wconf 77' lang='grc' dir='ltr'>πλημμυρῇ</span> <span class='ocrx_word' id='word_1_747' title='bbox 928 5270 972 5301; x_wconf 84' lang='grc'><strong>¹⁶</strong></span> <span class='ocrx_word' id='word_1_748' title='bbox 992 5269 1054 5322; x_wconf 85' lang='grc' dir='ltr'>τὺ</span> <span class='ocrx_word' id='word_1_749' title='bbox 1087 5270 1335 5339; x_wconf 81' lang='grc' dir='ltr'>πέλαγος,</span> <span class='ocrx_word' id='word_1_750' title='bbox 1365 5273 1457 5323; x_wconf 76' lang='grc' dir='ltr'><strong>ἐπὶ</strong></span> <span class='ocrx_word' id='word_1_751' title='bbox 1477 5275 1575 5334; x_wconf 85' lang='grc' dir='ltr'>τὰς</span> <span class='ocrx_word' id='word_1_752' title='bbox 1600 5273 1785 5343; x_wconf 82' lang='grc' dir='ltr'>πηγὰς</span> 
     </span>
    </p>
   </div>
   <div class='ocr_carea' id='block_1_100' title="bbox 192 5361 1783 5435">
    <p class='ocr_par' dir='ltr' id='par_1_100' title="bbox 192 5361 1783 5435">
     <span class='ocr_line' id='line_1_100' title="bbox 192 5361 1783 5435; baseline 0.001 -18"><span class='ocrx_word' id='word_1_753' title='bbox 192 5367 226 5417; x_wconf 82' lang='grc' dir='ltr'>ὀ</span> <span class='ocrx_word' id='word_1_754' title='bbox 262 5362 509 5432; x_wconf 80' lang='grc' dir='ltr'>ποταμὸς</span> <span class='ocrx_word' id='word_1_755' title='bbox 536 5361 836 5435; x_wconf 74' lang='grc' dir='ltr'>παλίρρους</span> <span class='ocrx_word' id='word_1_756' title='bbox 887 5362 1047 5427; x_wconf 75' lang='grc' dir='ltr'>ἵεται,</span> <span class='ocrx_word' id='word_1_757' title='bbox 1076 5362 1386 5433; x_wconf 85' lang='grc' dir='ltr'>πνεύματος</span> <span class='ocrx_word' id='word_1_758' title='bbox 1429 5365 1492 5435; x_wconf 86' lang='grc' dir='ltr'>δή</span> <span class='ocrx_word' id='word_1_759' title='bbox 1522 5381 1627 5417; x_wconf 85' lang='grc' dir='ltr'><strong>που</strong></span> <span class='ocrx_word' id='word_1_760' title='bbox 1675 5368 1783 5419; x_wconf 75' lang='grc' dir='ltr'>ἀπο</span> 
     </span>
    </p>
   </div>
   <div class='ocr_carea' id='block_1_101' title="bbox 1888 4642 3472 4713">
    <p class='ocr_par' dir='ltr' id='par_1_101' title="bbox 1888 4642 3472 4713">
     <span class='ocr_line' id='line_1_101' title="bbox 1888 4642 3472 4713; baseline 0.002 -18"><span class='ocrx_word' id='word_1_761' title='bbox 1888 4659 1990 4707; x_wconf 82' lang='lat' dir='ltr'><strong>me,</strong></span> <span class='ocrx_word' id='word_1_762' title='bbox 2032 4644 2127 4706; x_wconf 89' lang='lat' dir='ltr'><strong>ait,</strong></span> <span class='ocrx_word' id='word_1_763' title='bbox 2172 4642 2457 4711; x_wconf 60' lang='lat' dir='ltr'><strong>Egyptius</strong></span> <span class='ocrx_word' id='word_1_764' title='bbox 2512 4642 2763 4698; x_wconf 81' lang='lat' dir='ltr'><strong>Hercules</strong></span> <span class='ocrx_word' id='word_1_765' title='bbox 2793 4654 2962 4697; x_wconf 87' lang='lat' dir='ltr'><strong>tacere</strong></span> <span class='ocrx_word' id='word_1_766' title='bbox 2995 4661 3112 4713; x_wconf 71' lang='lat' dir='ltr'><strong>quae</strong></span> <span class='ocrx_word' id='word_1_767' title='bbox 3147 4647 3334 4698; x_wconf 81' lang='lat' dir='ltr'><strong>sciam.</strong></span> <span class='ocrx_word' id='word_1_768' title='bbox 3372 4644 3472 4699; x_wconf 76' lang='lat' dir='ltr'><strong>Ha:</strong></span> 
     </span>
    </p>
   </div>
   <div class='ocr_carea' id='block_1_102' title="bbox 1888 4733 3471 4804">
    <p class='ocr_par' dir='ltr' id='par_1_102' title="bbox 1888 4733 3471 4804">
     <span class='ocr_line' id='line_1_102' title="bbox 1888 4733 3471 4804; baseline 0.001 -18"><span class='ocrx_word' id='word_1_769' title='bbox 1888 4733 2144 4787; x_wconf 63' lang='lat' dir='ltr'><strong>columna?</strong></span> <span class='ocrx_word' id='word_1_770' title='bbox 2183 4742 2441 4787; x_wconf 83' lang='lat' dir='ltr'><strong>terrarum</strong></span> <span class='ocrx_word' id='word_1_771' title='bbox 2491 4733 2788 4803; x_wconf 78' lang='lat' dir='ltr'><strong>Oceanique</strong></span> <span class='ocrx_word' id='word_1_772' title='bbox 2846 4734 3111 4787; x_wconf 75' lang='lat' dir='ltr'><strong>uinculum</strong></span> <span class='ocrx_word' id='word_1_773' title='bbox 3165 4744 3330 4787; x_wconf 81' lang='lat' dir='ltr'><strong>sunt:</strong></span> <span class='ocrx_word' id='word_1_774' title='bbox 3362 4737 3471 4804; x_wconf 81' lang='lat' dir='ltr'><strong>ipse</strong></span> 
     </span>
    </p>
   </div>
   <div class='ocr_carea' id='block_1_103' title="bbox 1888 4821 3470 4892">
    <p class='ocr_par' dir='ltr' id='par_1_103' title="bbox 1888 4821 3470 4892">
     <span class='ocr_line' id='line_1_103' title="bbox 1888 4821 3470 4892; baseline 0.001 -16"><span class='ocrx_word' id='word_1_775' title='bbox 1888 4840 2003 4876; x_wconf 80' lang='lat' dir='ltr'><strong>vero</strong></span> <span class='ocrx_word' id='word_1_776' title='bbox 2040 4822 2288 4876; x_wconf 81' lang='lat' dir='ltr'><strong>Hercules</strong></span> <span class='ocrx_word' id='word_1_777' title='bbox 2322 4824 2374 4877; x_wconf 78' lang='lat' dir='ltr'><strong>in</strong></span> <span class='ocrx_word' id='word_1_778' title='bbox 2416 4824 2569 4876; x_wconf 88' lang='lat' dir='ltr'><strong>doma</strong></span> <span class='ocrx_word' id='word_1_779' title='bbox 2598 4821 2895 4877; x_wconf 72' lang='lat' dir='ltr'><strong>Parcarum</strong></span> <span class='ocrx_word' id='word_1_780' title='bbox 2936 4824 3248 4892; x_wconf 77' lang='lat' dir='ltr'><strong>inscripsit:</strong></span> <span class='ocrx_word' id='word_1_781' title='bbox 3279 4840 3340 4878; x_wconf 81' lang='lat' dir='ltr'><strong>ne</strong></span> <span class='ocrx_word' id='word_1_782' title='bbox 3364 4841 3470 4892; x_wconf 84' lang='lat' dir='ltr'><strong>qua</strong></span> 
     </span>
    </p>
   </div>
   <div class='ocr_carea' id='block_1_104' title="bbox 1887 4914 3467 4982">
    <p class='ocr_par' dir='ltr' id='par_1_104' title="bbox 1887 4914 3467 4982">
     <span class='ocr_line' id='line_1_104' title="bbox 1887 4914 3467 4982; baseline -0.001 -14"><span class='ocrx_word' id='word_1_783' title='bbox 1887 4916 2153 4969; x_wconf 78' lang='lat' dir='ltr'><strong>elementis</strong></span> <span class='ocrx_word' id='word_1_784' title='bbox 2190 4915 2452 4966; x_wconf 79' lang='lat' dir='ltr'><strong>contentio</strong></span> <span class='ocrx_word' id='word_1_785' title='bbox 2497 4914 2779 4978; x_wconf 78' lang='lat' dir='ltr'><strong>accideret,</strong></span> <span class='ocrx_word' id='word_1_786' title='bbox 2809 4930 2971 4982; x_wconf 79' lang='lat' dir='ltr'><strong>neque</strong></span> <span class='ocrx_word' id='word_1_787' title='bbox 3030 4916 3322 4968; x_wconf 81' lang='lat' dir='ltr'><strong>amicitiam</strong></span> <span class='ocrx_word' id='word_1_788' title='bbox 3354 4917 3467 4967; x_wconf 81' lang='lat' dir='ltr'><strong>dis-</strong></span> 
     </span>
    </p>
   </div>
   <div class='ocr_carea' id='block_1_105' title="bbox 1886 5004 2781 5075">
    <p class='ocr_par' dir='ltr' id='par_1_105' title="bbox 1886 5004 2781 5075">
     <span class='ocr_line' id='line_1_105' title="bbox 1886 5004 2781 5075; baseline -0.001 -16"><span class='ocrx_word' id='word_1_789' title='bbox 1886 5008 2133 5075; x_wconf 79' lang='lat' dir='ltr'><strong>junganl,</strong></span> <span class='ocrx_word' id='word_1_790' title='bbox 2152 5022 2254 5073; x_wconf 87' lang='lat' dir='ltr'><strong>qua</strong></span> <span class='ocrx_word' id='word_1_791' title='bbox 2281 5004 2494 5058; x_wconf 77' lang='lat' dir='ltr'><strong>invicem</strong></span> <span class='ocrx_word' id='word_1_792' title='bbox 2523 5014 2781 5059; x_wconf 85' lang='lat' dir='ltr'><strong>tenentur.</strong></span> 
     </span>
    </p>
   </div>
   <div class='ocr_carea' id='block_1_106' title="bbox 1968 5094 3467 5168">
    <p class='ocr_par' dir='ltr' id='par_1_106' title="bbox 1968 5094 3467 5168">
     <span class='ocr_line' id='line_1_106' title="bbox 1968 5094 3467 5168; baseline 0.004 -18"><span class='ocrx_word' id='word_1_793' title='bbox 1968 5096 2296 5165; x_wconf 82' lang='lat' dir='ltr'><strong>Navigarnnt</strong></span> <span class='ocrx_word' id='word_1_794' title='bbox 2329 5110 2542 5164; x_wconf 90' lang='lat' dir='ltr'><strong>quoque</strong></span> <span class='ocrx_word' id='word_1_795' title='bbox 2576 5094 2792 5149; x_wconf 80' lang='lat' dir='ltr'><strong>ﬂuvium</strong></span> <span class='ocrx_word' id='word_1_796' title='bbox 2844 5096 3050 5162; x_wconf 73' lang='lat' dir='ltr'><strong>Baetim,</strong></span> <span class='ocrx_word' id='word_1_797' title='bbox 3089 5098 3183 5168; x_wconf 91' lang='lat' dir='ltr'><strong>qui</strong></span> <span class='ocrx_word' id='word_1_798' title='bbox 3233 5101 3467 5158; x_wconf 77' lang='lat' dir='ltr'><strong>maxime</strong></span> 
     </span>
    </p>
   </div>
   <div class='ocr_carea' id='block_1_107' title="bbox 1893 5185 3465 5247">
    <p class='ocr_par' dir='ltr' id='par_1_107' title="bbox 1893 5185 3465 5247">
     <span class='ocr_line' id='line_1_107' title="bbox 1893 5185 3465 5247; baseline 0.003 -4"><span class='ocrx_word' id='word_1_799' title='bbox 1893 5199 2143 5243; x_wconf 79' lang='lat' dir='ltr'><strong>naturam</strong></span> <span class='ocrx_word' id='word_1_800' title='bbox 2173 5186 2351 5241; x_wconf 80' lang='lat' dir='ltr'><strong>ﬂuxus</strong></span> <span class='ocrx_word' id='word_1_801' title='bbox 2373 5196 2430 5241; x_wconf 91' lang='lat' dir='ltr'><strong>et</strong></span> <span class='ocrx_word' id='word_1_802' title='bbox 2459 5185 2697 5241; x_wconf 76' lang='lat' dir='ltr'><strong>reﬂuxus</strong></span> <span class='ocrx_word' id='word_1_803' title='bbox 2725 5186 2926 5241; x_wconf 89' lang='lat' dir='ltr'><strong>Oceani</strong></span> <span class='ocrx_word' id='word_1_804' title='bbox 2953 5187 3214 5243; x_wconf 82' lang='lat' dir='ltr'><strong>declarat.</strong></span> <span class='ocrx_word' id='word_1_805' title='bbox 3260 5190 3465 5247; x_wconf 81' lang='lat' dir='ltr'><strong>Excre-</strong></span> 
     </span>
    </p>
   </div>
   <div class='ocr_carea' id='block_1_108' title="bbox 1892 5274 3463 5349">
    <p class='ocr_par' dir='ltr' id='par_1_108' title="bbox 1892 5274 3463 5349">
     <span class='ocr_line' id='line_1_108' title="bbox 1892 5274 3463 5349; baseline 0.003 -18"><span class='ocrx_word' id='word_1_806' title='bbox 1892 5286 2075 5331; x_wconf 80' lang='lat' dir='ltr'><strong>scente</strong></span> <span class='ocrx_word' id='word_1_807' title='bbox 2110 5278 2252 5331; x_wconf 89' lang='lat' dir='ltr'><strong>enim</strong></span> <span class='ocrx_word' id='word_1_808' title='bbox 2296 5276 2486 5346; x_wconf 89' lang='lat' dir='ltr'><strong>pelago</strong></span> <span class='ocrx_word' id='word_1_809' title='bbox 2525 5274 2705 5330; x_wconf 75' lang='lat' dir='ltr'><strong>fontes</strong></span> <span class='ocrx_word' id='word_1_810' title='bbox 2743 5276 2957 5345; x_wconf 88' lang='lat' dir='ltr'><strong>repetit,</strong></span> <span class='ocrx_word' id='word_1_811' title='bbox 2992 5278 3181 5345; x_wconf 88' lang='lat' dir='ltr'><strong>spiritu</strong></span> <span class='ocrx_word' id='word_1_812' title='bbox 3227 5282 3463 5349; x_wconf 87' lang='lat' dir='ltr'><strong>quodam</strong></span> 
     </span>
    </p>
   </div>
   <div class='ocr_carea' id='block_1_109' title="bbox 1892 5365 3465 5437">
    <p class='ocr_par' dir='ltr' id='par_1_109' title="bbox 1892 5365 3465 5437">
     <span class='ocr_line' id='line_1_109' title="bbox 1892 5365 3465 5437; baseline 0.002 -15"><span class='ocrx_word' id='word_1_813' title='bbox 1892 5368 2065 5437; x_wconf 89' lang='lat' dir='ltr'><strong>ipsum</strong></span> <span class='ocrx_word' id='word_1_814' title='bbox 2107 5383 2134 5420; x_wconf 85' lang='lat' dir='ltr'><strong>a</strong></span> <span class='ocrx_word' id='word_1_815' title='bbox 2179 5368 2312 5420; x_wconf 91' lang='lat' dir='ltr'><strong>mari</strong></span> <span class='ocrx_word' id='word_1_816' title='bbox 2348 5366 2669 5433; x_wconf 90' lang='lat' dir='ltr'><strong>depellente.</strong></span> <span class='ocrx_word' id='word_1_817' title='bbox 2698 5365 2990 5436; x_wconf 84' lang='lat' dir='ltr'><strong>Regionem</strong></span> <span class='ocrx_word' id='word_1_818' title='bbox 3020 5382 3149 5422; x_wconf 90' lang='lat' dir='ltr'><strong>vero</strong></span> <span class='ocrx_word' id='word_1_819' title='bbox 3179 5372 3246 5424; x_wconf 87' lang='lat' dir='ltr'><strong>ab</strong></span> <span class='ocrx_word' id='word_1_820' title='bbox 3272 5385 3336 5425; x_wconf 94' lang='lat' dir='ltr'><strong>eo</strong></span> <span class='ocrx_word' id='word_1_821' title='bbox 3365 5369 3465 5424; x_wconf 85' lang='lat' dir='ltr'><strong>llu-</strong></span> 
     </span>
    </p>
   </div>
   <div class='ocr_carea' id='block_1_110' title="bbox 1448 5546 2134 5606">
    <p class='ocr_par' dir='ltr' id='par_1_110' title="bbox 1448 5546 2134 5606">
     <span class='ocr_line' id='line_1_110' title="bbox 1448 5546 2134 5606; baseline 0.004 -5"><span class='ocrx_word' id='word_1_822' title='bbox 1448 5546 1687 5603; x_wconf 67' lang='lat' dir='ltr'><strong>VAlllE</strong></span> <span class='ocrx_word' id='word_1_823' title='bbox 1726 5548 2134 5606; x_wconf 81' lang='lat' dir='ltr'><strong>LECTIONES.</strong></span> 
     </span>
    </p>
   </div>
   <div class='ocr_carea' id='block_1_111' title="bbox 273 5678 2448 5765">
    <p class='ocr_par' dir='ltr' id='par_1_111' title="bbox 273 5678 2448 5765">
     <span class='ocr_line' id='line_1_111' title="bbox 273 5678 2448 5765; baseline 0 0"><span class='ocrx_word' id='word_1_824' title='bbox 273 5688 317 5719; x_wconf 84' lang='lat'>“</span> <span class='ocrx_word' id='word_1_825' title='bbox 336 5681 686 5765; x_wconf 56' lang='grc' dir='ltr'><strong>ἐπανιόντες</strong></span> <span class='ocrx_word' id='word_1_826' title='bbox 714 5678 835 5765; x_wconf 70' lang='grc' dir='ltr'>Αθο,</span> <span class='ocrx_word' id='word_1_827' title='bbox 894 5679 1231 5765; x_wconf 64' lang='grc' dir='ltr'><strong>⁸³..περξξτοη</strong></span> <span class='ocrx_word' id='word_1_828' title='bbox 1346 5682 1402 5765; x_wconf 63' lang='lat'><strong>5-</strong></span> <span class='ocrx_word' id='word_1_829' title='bbox 1672 5684 1750 5765; x_wconf 53' lang='grc' dir='ltr'>εξ</span> <span class='ocrx_word' id='word_1_830' title='bbox 1775 5685 1886 5765; x_wconf 56' lang='grc' dir='ltr'><strong>,καὶ</strong></span> <span class='ocrx_word' id='word_1_831' title='bbox 1908 5701 2014 5765; x_wconf 80' lang='grc' dir='ltr'><strong>ς--.</strong></span> <span class='ocrx_word' id='word_1_832' title='bbox 2062 5686 2105 5765; x_wconf 69' lang='grc' dir='ltr'><em>ξ’</em></span> <span class='ocrx_word' id='word_1_833' title='bbox 2135 5686 2224 5738; x_wconf 83' lang='grc' dir='ltr'><strong>τδν</strong></span> <span class='ocrx_word' id='word_1_834' title='bbox 2251 5686 2331 5765; x_wconf 58' lang='lat' dir='ltr'><strong>A5</strong></span> <span class='ocrx_word' id='word_1_835' title='bbox 2366 5686 2448 5765; x_wconf 67' lang='grc' dir='ltr'><strong>κα]</strong></span> 
     </span>
    </p>
   </div>
   <div class='ocr_carea' id='block_1_112' title="bbox 551 5748 2450 5895">
    <p class='ocr_par' dir='ltr' id='par_1_112' title="bbox 551 5748 2450 5895">
     <span class='ocr_line' id='line_1_112' title="bbox 551 5748 2450 5823; baseline 0.004 -23"><span class='ocrx_word' id='word_1_836' title='bbox 551 5790 568 5806; x_wconf 89' lang='grc'><strong>.</strong></span> <span class='ocrx_word' id='word_1_837' title='bbox 644 5750 687 5780; x_wconf 76' lang='grc'><strong>⁸³</strong></span> <span class='ocrx_word' id='word_1_838' title='bbox 714 5749 902 5816; x_wconf 83' lang='grc' dir='ltr'>σοφίαν</span> <span class='ocrx_word' id='word_1_839' title='bbox 930 5748 989 5801; x_wconf 88' lang='grc' dir='ltr'><strong>Β.</strong></span> <span class='ocrx_word' id='word_1_840' title='bbox 1042 5748 1109 5783; x_wconf 71' lang='grc'><strong>’⁸⁵</strong></span> <span class='ocrx_word' id='word_1_841' title='bbox 1140 5748 1231 5803; x_wconf 68' lang='lat' dir='ltr'><strong>xui</strong></span> <span class='ocrx_word' id='word_1_842' title='bbox 1253 5751 1463 5823; x_wconf 70' lang='grc' dir='ltr'>δένδρα]</span> <span class='ocrx_word' id='word_1_843' title='bbox 1493 5769 1543 5810; x_wconf 88' lang='lat' dir='ltr'><strong>v.</strong></span> <span class='ocrx_word' id='word_1_844' title='bbox 1574 5753 1627 5807; x_wconf 76' lang='grc' dir='ltr'>ὅ.</span> <span class='ocrx_word' id='word_1_845' title='bbox 1703 5754 1747 5785; x_wconf 73' lang='grc'>’⁸</span> <span class='ocrx_word' id='word_1_846' title='bbox 1769 5756 1832 5805; x_wconf 85' lang='grc' dir='ltr'>ἐκ</span> <span class='ocrx_word' id='word_1_847' title='bbox 1860 5755 1939 5807; x_wconf 70' lang='grc' dir='ltr'>Αοε</span> <span class='ocrx_word' id='word_1_848' title='bbox 1972 5756 2025 5807; x_wconf 76' lang='grc' dir='ltr'>δὲ</span> <span class='ocrx_word' id='word_1_849' title='bbox 2058 5758 2121 5807; x_wconf 80' lang='grc' dir='ltr'>ὲκ</span> <span class='ocrx_word' id='word_1_850' title='bbox 2146 5774 2205 5819; x_wconf 73' lang='grc' dir='ltr'><strong>ς.</strong></span> <span class='ocrx_word' id='word_1_851' title='bbox 2285 5758 2325 5787; x_wconf 82' lang='grc'><strong>³¹</strong></span> <span class='ocrx_word' id='word_1_852' title='bbox 2357 5755 2450 5808; x_wconf 82' lang='grc' dir='ltr'>τοῦ</span> 
     </span>
     <span class='ocr_line' id='line_1_113' title="bbox 551 5819 2380 5895; baseline 0.004 -22"><span class='ocrx_word' id='word_1_853' title='bbox 551 5838 603 5886; x_wconf 72' lang='grc' dir='ltr'><strong>ς.</strong></span> <span class='ocrx_word' id='word_1_854' title='bbox 712 5820 757 5851; x_wconf 79' lang='grc'><strong>⁸³</strong></span> <span class='ocrx_word' id='word_1_855' title='bbox 786 5821 833 5871; x_wconf 86' lang='grc' dir='ltr'>οἱ</span> <span class='ocrx_word' id='word_1_856' title='bbox 872 5833 981 5876; x_wconf 86' lang='lat' dir='ltr'><strong>om.</strong></span> <span class='ocrx_word' id='word_1_857' title='bbox 1020 5819 1125 5873; x_wconf 86' lang='lat' dir='ltr'><strong>AB.</strong></span> <span class='ocrx_word' id='word_1_858' title='bbox 1230 5825 1273 5853; x_wconf 66' lang='grc' dir='ltr'><strong>ἰ</strong></span> <span class='ocrx_word' id='word_1_859' title='bbox 1297 5822 1397 5892; x_wconf 78' lang='grc' dir='ltr'><strong>ὅτι]</strong></span> <span class='ocrx_word' id='word_1_860' title='bbox 1433 5839 1481 5887; x_wconf 87' lang='lat' dir='ltr'><strong>v,</strong></span> <span class='ocrx_word' id='word_1_861' title='bbox 1517 5824 1569 5877; x_wconf 84' lang='grc'><strong>6.</strong></span> <span class='ocrx_word' id='word_1_862' title='bbox 1672 5824 1716 5855; x_wconf 70' lang='grc'><strong>’⁵</strong></span> <span class='ocrx_word' id='word_1_863' title='bbox 1748 5823 1944 5893; x_wconf 79' lang='grc' dir='ltr'>Βαίτην</span> <span class='ocrx_word' id='word_1_864' title='bbox 1966 5823 2088 5880; x_wconf 79' lang='lat' dir='ltr'><strong>AB:</strong></span> <span class='ocrx_word' id='word_1_865' title='bbox 2122 5824 2289 5895; x_wconf 82' lang='grc' dir='ltr'>Βέτην</span> <span class='ocrx_word' id='word_1_866' title='bbox 2321 5842 2380 5891; x_wconf 84' lang='grc' dir='ltr'><strong>ς.</strong></span> 
     </span>
    </p>
   </div>
   <div class='ocr_carea' id='block_1_113' title="bbox 589 5819 1569 5892">
    <p class='ocr_par' dir='ltr' id='par_1_113' title="bbox 589 5819 1569 5892">
     <span class='ocr_line' id='line_1_114' title="bbox 589 5819 1569 5892; baseline 0.004 -19"><span class='ocrx_word' id='word_1_867' title='bbox 589 5859 603 5873; x_wconf 92' lang='grc'><strong>.</strong></span> <span class='ocrx_word' id='word_1_868' title='bbox 712 5820 757 5851; x_wconf 79' lang='grc'><strong>⁸³</strong></span> <span class='ocrx_word' id='word_1_869' title='bbox 786 5821 833 5871; x_wconf 86' lang='grc' dir='ltr'>οἱ</span> <span class='ocrx_word' id='word_1_870' title='bbox 872 5833 981 5876; x_wconf 86' lang='lat' dir='ltr'><strong>om.</strong></span> <span class='ocrx_word' id='word_1_871' title='bbox 1020 5819 1125 5873; x_wconf 86' lang='lat' dir='ltr'><strong>AB.</strong></span> <span class='ocrx_word' id='word_1_872' title='bbox 1230 5822 1397 5892; x_wconf 76' lang='lat' dir='ltr'>&quot;6::J</span> <span class='ocrx_word' id='word_1_873' title='bbox 1433 5819 1481 5887; x_wconf 54' lang='grc' dir='ltr'>ἦ,</span> <span class='ocrx_word' id='word_1_874' title='bbox 1517 5824 1569 5877; x_wconf 84' lang='grc'><strong>6.</strong></span> 
     </span>
    </p>
   </div>
   <div class='ocr_carea' id='block_1_114' title="bbox 2062 5684 3459 5749">
    <p class='ocr_par' dir='ltr' id='par_1_114' title="bbox 2062 5684 3459 5749">
     <span class='ocr_line' id='line_1_115' title="bbox 2062 5684 3459 5749; baseline 0.004 -12"><span class='ocrx_word' id='word_1_875' title='bbox 2062 5686 2105 5715; x_wconf 72' lang='grc'>⁸⁸</span> <span class='ocrx_word' id='word_1_876' title='bbox 2135 5686 2224 5738; x_wconf 80' lang='grc' dir='ltr'>τὸν</span> <span class='ocrx_word' id='word_1_877' title='bbox 2251 5686 2331 5738; x_wconf 78' lang='lat' dir='ltr'><strong>A:</strong></span> <span class='ocrx_word' id='word_1_878' title='bbox 2366 5686 2458 5738; x_wconf 76' lang='grc' dir='ltr'>καὶ</span> <span class='ocrx_word' id='word_1_879' title='bbox 2494 5686 2583 5738; x_wconf 72' lang='grc' dir='ltr'>τὸν</span> <span class='ocrx_word' id='word_1_880' title='bbox 2614 5702 2673 5749; x_wconf 79' lang='grc' dir='ltr'><strong>ς.</strong></span> <span class='ocrx_word' id='word_1_881' title='bbox 2754 5688 2795 5718; x_wconf 86' lang='grc'><strong>¹⁶</strong></span> <span class='ocrx_word' id='word_1_882' title='bbox 2822 5688 2909 5739; x_wconf 84' lang='grc' dir='ltr'>ὅτε</span> <span class='ocrx_word' id='word_1_883' title='bbox 2933 5686 2975 5739; x_wconf 85' lang='grc' dir='ltr'><strong>Α</strong></span> <span class='ocrx_word' id='word_1_884' title='bbox 3004 5703 3016 5738; x_wconf 93' lang='lat'><strong>:</strong></span> <span class='ocrx_word' id='word_1_885' title='bbox 3052 5688 3130 5739; x_wconf 87' lang='grc' dir='ltr'>ὅτι</span> <span class='ocrx_word' id='word_1_886' title='bbox 3160 5704 3217 5749; x_wconf 70' lang='grc' dir='ltr'><strong>ς.</strong></span> <span class='ocrx_word' id='word_1_887' title='bbox 3298 5684 3340 5717; x_wconf 80' lang='grc'><strong>¹’</strong></span> <span class='ocrx_word' id='word_1_888' title='bbox 3367 5689 3459 5742; x_wconf 67' lang='grc' dir='ltr'><strong>τὸν</strong></span> 
     </span>
    </p>
   </div>
   <div class='ocr_carea' id='block_1_115' title="bbox 2495 5756 3456 5825">
    <p class='ocr_par' dir='ltr' id='par_1_115' title="bbox 2495 5756 3456 5825">
     <span class='ocr_line' id='line_1_116' title="bbox 2495 5756 3456 5825; baseline 0.004 -19"><span class='ocrx_word' id='word_1_889' title='bbox 2495 5756 2593 5825; x_wconf 83' lang='grc' dir='ltr'>μὲν</span> <span class='ocrx_word' id='word_1_890' title='bbox 2620 5756 2660 5808; x_wconf 89' lang='grc' dir='ltr'><strong>Α</strong></span> <span class='ocrx_word' id='word_1_891' title='bbox 2699 5771 2709 5806; x_wconf 91' lang='lat'><strong>:</strong></span> <span class='ocrx_word' id='word_1_892' title='bbox 2742 5757 2869 5814; x_wconf 84' lang='grc' dir='ltr'>τοὺς</span> <span class='ocrx_word' id='word_1_893' title='bbox 2902 5757 2998 5822; x_wconf 86' lang='grc' dir='ltr'>μὲν</span> <span class='ocrx_word' id='word_1_894' title='bbox 3033 5775 3092 5820; x_wconf 73' lang='grc' dir='ltr'><strong>ς.</strong></span> <span class='ocrx_word' id='word_1_895' title='bbox 3203 5758 3245 5788; x_wconf 83' lang='lat'><strong>&quot;</strong></span> <span class='ocrx_word' id='word_1_896' title='bbox 3274 5756 3456 5814; x_wconf 75' lang='grc' dir='ltr'>ἐκτετ.</span> 
     </span>
    </p>
   </div>
   <div class='ocr_carea' id='block_1_116' title="bbox 2459 5826 2928 5897">
    <p class='ocr_par' dir='ltr' id='par_1_116' title="bbox 2459 5826 2928 5897">
     <span class='ocr_line' id='line_1_117' title="bbox 2459 5826 2928 5897; baseline 0.004 -2"><span class='ocrx_word' id='word_1_897' title='bbox 2459 5826 2503 5858; x_wconf 81' lang='grc'><strong>’⁸</strong></span> <span class='ocrx_word' id='word_1_898' title='bbox 2534 5826 2852 5897; x_wconf 80' lang='grc' dir='ltr'>πλημμυροῖ</span> <span class='ocrx_word' id='word_1_899' title='bbox 2888 5842 2928 5889; x_wconf 76' lang='grc' dir='ltr'><strong><em>ς</em></strong></span> 
     </span>
    </p>
   </div>
  </div>
