4206 6436
781 441 915 508 1231

1904 438 2160 497 ΡΠΟἸἸῙ
2202 434 2707 498 ΡᾹΤίὶῙᾹΒΕΠίΈ
2766 434 2869 493 CP.

3889 426 4027 488 1232

777 557 919 609 mine
942 548 1193 604 Baeticam
1221 560 1447 617 eognom
1470 546 1671 600 inatam
1703 544 1959 613 optimam
1989 546 2345 599 uberrimam-
2372 548 2420 605 Α

2372 548 2420 605 Α
2446 543 2752 611 ωθουμένου
2783 540 2945 593 αὑτὸν
2973 537 3069 605 τῆς
3112 536 3402 607 θαλάττης.
3429 535 3539 604 Τὴν
3578 534 3632 587 δὲ
3670 536 3901 603 ἧπειρον
3925 539 4023 601 τὴν

773 656 878 713 que
906 653 1027 694 esse
1073 638 1335 699 tradunt,
1388 635 1805 701 civitatibusque
1848 642 1904 685 et
1948 635 2164 702 pascuis
2207 633 2345 686 bene

774 735 1115 784 instructam.
1143 724 1426 780 Derivatur
1452 734 1628 778 autem
1652 739 1749 792 per
1773 738 1965 776 omnes
1996 724 2158 776 urbes
2184 739 2197 785 ;
2228 722 2341 789 agri

773 834 900 873 vero
930 816 1144 886 egregie
1177 814 1307 869 culti
1331 813 1535 866 affatim
1569 812 1749 865 omnia
1791 810 1972 864 ferunt
2002 829 2015 865 :
2051 812 2171 865 caeli
2206 820 2342 863 tem-

771 909 946 975 peries
984 907 1106 959 talis
1143 914 1249 967 est,
1281 903 1456 971 qualis
1487 902 1732 955 autumni
1774 910 2020 970 tempore
2061 901 2113 953 in
2150 902 2327 953 Attica

774 998 1152 1067 mysteriorum
1181 995 1372 1047 diebus
1410 1008 1530 1047 esse
1561 992 1716 1045 solet.

842 1088 1032 1146 Omnia
1066 1101 1185 1153 quae
1223 1085 1289 1137 de
1330 1082 1495 1136 Aitna
1551 1093 1723 1150 poetae
1751 1082 1969 1144 dicunt,
2002 1082 2078 1134 ait
2127 1078 2343 1149 Apollo-

774 1180 943 1241 nium,
975 1187 1033 1230 ut
1071 1176 1283 1229 fabulas
1314 1173 1625 1243 repudiasse
1650 1212 1664 1234 ,
1701 1172 1779 1225 sic
1808 1170 2099 1239 loquendo.
2141 1168 2341 1222 Fabula

774 1270 917 1323 enim
945 1282 1104 1337 quam
1147 1264 1618 1333 reprehendimus,
1650 1278 1752 1316 non
1784 1272 1866 1315 est
1886 1261 2070 1327 Αἰδορί
2104 1259 2345 1327 apologis

772 1356 986 1417 similis,
1016 1354 1106 1407 sed
1142 1354 1209 1406 iis
1234 1353 1323 1421 qui
1352 1352 1551 1420 lingere
1581 1360 1801 1413 norunt,
1836 1361 1887 1401 et
1917 1357 2217 1415 poetarum,
2248 1346 2340 1413 qui

772 1446 1072 1516 Typhoeum
1114 1444 1402 1511 quemdam
1448 1441 1531 1495 vel
1580 1440 1904 1493 Enceladum
1938 1439 2035 1491 sub
2072 1446 2253 1489 monte
2276 1436 2343 1489 li-

773 1547 954 1603 gatum
998 1534 1203 1595 dicunt,
1254 1530 1521 1597 mortique
1558 1529 1953 1590 obluctantem,
1987 1528 2130 1579 hunc
2166 1528 2342 1593 ignem

774 1623 1077 1677 anhelando
1097 1635 1367 1676 evomere.
1396 1620 1503 1689 Ego
1528 1631 1703 1672 autem
1728 1619 1972 1686 gigantes
1999 1614 2174 1669 fuisse
2197 1615 2341 1679 dico,

778 1718 1063 1785 multisque
1090 1716 1223 1769 locis
1274 1714 1500 1782 direptis
1549 1712 1765 1765 tumulis
1808 1710 2069 1779 ejusmodi
2113 1722 2341 1776 corpora

774 1807 1020 1868 ostendi,
1075 1820 1232 1873 quos,
1279 1814 1338 1857 ut
1369 1804 1555 1864 fertur,
1607 1817 1728 1855 cum
1764 1802 1865 1853 diis
1918 1812 2190 1867 pugnasse
2237 1812 2341 1850 non

776 1897 959 1957 credo,
989 1896 1082 1948 sed
1120 1894 1303 1947 forsan
1330 1893 1551 1945 deorum
1582 1894 1723 1943 aedes
1760 1906 1821 1942 ac
1850 1890 2044 1957 templa
2082 1888 2337 1941 violasse:

778 1987 918 2053 quod
954 1998 1133 2038 autem
1166 1986 1359 2037 ccelutn
1393 1983 1626 2051 aggressi
1663 1981 1889 2043 fuerint,
1926 1996 2026 2034 nec
2061 1980 2172 2032 illic
2211 1981 2341 2032 deos

777 2078 1079 2131 consistere
1108 2075 1474 2144 permiserint,
1503 2074 1705 2133 dicere,
1729 2072 1937 2125 insania
1966 2071 2209 2139 quaedam
2237 2080 2339 2131 est,

779 2169 1022 2223 insanius
1062 2168 1223 2222 etiam
1278 2164 1522 2219 credere.
1570 2163 1757 2230 Neque
1806 2177 1935 2214 vero
1981 2160 2159 2213 oratio
2207 2160 2340 2221 lucc,

777 2261 1029 2328 quamvis
1060 2259 1129 2311 sit
1165 2256 1451 2324 vulgatior,
1489 2271 1517 2307 a
1546 2254 1700 2308 nobis
1728 2254 2013 2321 probatur.
2050 2251 2342 2306 Vulcanum

781 2351 831 2400 iu
864 2346 1029 2401 Etna
1071 2345 1318 2399 fabrilem
1348 2354 1520 2395 artem
1553 2356 1837 2401 exercere,
1874 2341 2053 2408 ibique
2094 2341 2342 2393 incudem

785 2452 1080 2492 resonare:
1119 2435 1267 2487 multi
1299 2448 1531 2501 namque
1568 2432 1656 2485 alii
1690 2444 1899 2483 montes
1929 2431 2154 2485 diversis
2180 2441 2347 2483 terra-

785 2546 899 2582 rum
943 2530 1076 2582 locis
1113 2525 1266 2595 igniti
1308 2534 1455 2589 sunt,
1508 2539 1605 2577 uec
1651 2534 1826 2575 tamen
1870 2523 2110 2590 gigantes
2158 2522 2227 2573 ibi
2260 2528 2346 2571 aut

789 2620 1083 2674 Vulcanum
1130 2631 1253 2671 esse
1298 2615 1586 2683 quisquam
1629 2615 1792 2676 dicit;
1844 2624 1900 2666 ut
1944 2614 2105 2683 igitur
2142 2622 2350 2664 montes

786 2714 1032 2774 ardeant,
1082 2722 1248 2762 causa
1291 2720 1537 2775 quamam
1592 2704 1900 2772 bujusmodi
1946 2718 2068 2756 esse
2116 2701 2352 2755 dicitur?

786 2801 951 2853 Terra
984 2801 997 2851 l
1022 2798 1227 2850 ‘tumini
1264 2795 1567 2860 sull'urique
1591 2793 1896 2853 commista,
1921 2789 2083 2859 329
2106 2789 2133 2840 b
2158 2801 2351 2842 natura

784 2906 878 2942 sua
923 2887 1222 2954 turgescit,
1269 2891 1322 2936 et
1372 2884 1610 2935 nondum
1650 2883 1824 2947 ignem
1868 2879 2061 2933 reddit.
2110 2880 2259 2943 Quod
2309 2879 2354 2931 si

785 2990 1133 3033 cavernosam
1181 2982 1381 3026 terram
1430 2985 1551 3025 esse
1598 2972 1919 3038 contigerit,
1964 2972 2140 3023 utsub
2186 2970 2353 3036 ipsam

785 3070 1005 3137 spiritus
1035 3066 1227 3134 aliquis
1271 3062 1632 3130 ingrediatur,
1664 3073 1791 3115 tunc
1831 3058 2105 3113 flammam
2136 3062 2353 3125 attollit,

786 3175 906 3226 qua:
944 3158 1115 3225 magis
1146 3156 1425 3224 magisque
1470 3163 1649 3215 aucta,
1698 3153 1838 3206 velut
1860 3166 1996 3219 aqua
2028 3166 2058 3205 e
2087 3153 2355 3206 montibus
2385 3202 2424 3226 η
2459 3157 2602 3225 αῐρει
2626 3173 2639 3186 ·

788 3248 1023 3302 defluens
1050 3248 1100 3299 in
1148 3259 1368 3313 campos
1423 3243 1760 3295 effunditur:
1812 3242 2138 3310 quandoque
2189 3243 2352 3294 etiam

789 3342 853 3391 ad
884 3352 1031 3393 mare
1070 3336 1277 3399 delata,
1324 3337 1480 3402 quasi
1523 3334 1761 3387 fluminis
1789 3334 2067 3402 cujusdam
2094 3335 2352 3403 impetum

792 3430 936 3483 facit.

858 3516 1132 3585 Ethiopia
1182 3514 1346 3568 totius
1390 3524 1569 3576 terra),
1609 3526 1727 3581 qua:
1765 3513 1866 3565 sub
1916 3513 2027 3566 sole
2054 3522 2168 3579 est,
2212 3515 2355 3569 occi-

792 3611 1005 3663 dentale
1048 3622 1216 3661 cornu
1261 3614 1509 3672 occupat,
1548 3606 1687 3658 sieut
1734 3602 1847 3657 ludi
1882 3605 1932 3657 id
1976 3605 2117 3672 quod
2150 3614 2355 3673 spectat

789 3701 854 3753 ad
899 3698 1211 3759 Orientem;
1261 3703 1453 3761 estque
1501 3693 1585 3745 illa
1638 3708 1795 3747 secus
1845 3692 2074 3747 lleroem
2123 3692 2355 3763 Αἴθῃ)ιο

791 3789 1099 3858 conjuncta,
1140 3795 1194 3839 et
1225 3785 1289 3838 ad
1330 3787 1601 3839 desertam
1639 3783 1821 3855 Libyae
1846 3795 2051 3852 partem
2081 3797 2352 3853 porrecta,

793 3883 926 3935 mari
966 3881 1307 3943 terminatur,
1330 3877 1471 3945 quod
1495 3876 1767 3931 Oceanum
1802 3888 1971 3943 poeta:
2004 3887 2214 3941 vocant,
2251 3892 2357 3930 uno

790 3972 1085 4039 eodemque
1112 3970 1333 4024 nomine
1366 3978 1538 4022 totum
1579 3968 1720 4035 quod
1749 3979 1947 4019 terram
1984 3969 2170 4030 ambit,
2207 3983 2355 4020 mare

793 4074 1184 4129 nuncupantes.
1231 4057 1475 4111 Fluvium
1531 4067 1707 4109 autem
1750 4055 1926 4109 Nilum
1975 4054 2209 4125 Egypto
2258 4059 2355 4109 tri-

792 4155 983 4207 buunt.
1016 4151 1114 4217 Qui
1140 4165 1203 4203 ex
1243 4150 1540 4217 Catadupis
1563 4150 1771 4202 initium
1796 4162 2015 4201 sumens
2044 4147 2355 4216 Egyptum,

791 4258 954 4312 quam
988 4242 1294 4295 universam
1324 4238 1571 4301 inundat,
1608 4240 1658 4291 in
1695 4236 2028 4305 [Ethiopian]
2056 4236 2221 4290 ducit.
2250 4235 2358 4289 Ma-

792 4336 1072 4402 gnitudine
1099 4334 1314 4403 quidem
1344 4331 1509 4385 India:
1539 4346 1645 4384 non
1682 4329 2004 4383 conferenda
2032 4340 2115 4381 est
2140 4327 2357 4383 Ethio-

792 4425 904 4493 pia,
928 4438 1099 4492 neque
1121 4424 1223 4475 ulla
1251 4422 1351 4474 alia
1378 4420 1703 4475 continentis
1726 4433 1869 4486 pars,
1908 4433 2025 4485 qua:
2053 4419 2358 4497 bomiuibus

2448 632 2727 700 Βαιτικὴν,
2755 628 2820 699 ἦς
2874 632 2902 681 ὁ
2950 628 3189 695 ποταμὸς
3222 621 3375 686 οὗτος
3423 625 3747 692 ὁμώνυμος,
3791 626 4023 691 ἀρίστην

2446 723 2689 790 ἠπείρων
2726 721 2890 787 φασί·
2929 718 3139 770 πόλεών
3168 734 3226 767 τε
3260 717 3365 785 γὰρ
3396 714 3454 767 εὖ
3504 716 3649 782 ἔχειν
3688 718 3783 765 καὶ
3816 718 4018 783 νόμων,

2445 814 2539 863 καὶ
2577 813 2791 877 διῆχθαι
2827 810 2916 860 τὸν
2952 808 3195 874 ποταμὸν
3222 809 3279 868 ἐς
3325 808 3393 857 τά
3430 808 3565 873 ἄστη
3612 806 3809 864 πάντα,
3850 823 4024 870 γεωρ-

2444 903 2566 967 γίας
2599 917 2655 951 τε
2714 899 3001 967 ξυμπάσης
3059 897 3263 966 μεστὴν
3309 893 3468 959 εἶναι,
3506 899 3599 947 καὶ
3638 897 3799 964 ὡρῶν
3836 894 3947 946 οἷαι
3980 897 4020 927 ⁸⁷

2445 995 2540 1062 τῆς
2570 991 2823 1057 ’Λττικῆς
2857 992 2909 1040 αἱ
2959 990 3269 1057 μετόπωροι
3296 990 3389 1039 καὶ
3426 988 3881 1055 μυστηριώτιδες.

2520 1084 2637 1133 ’Ὁτι
2667 1081 2712 1113 ’⁸
2743 1080 2866 1142 τοὺς
2890 1080 3019 1149 περὶ
3046 1080 3143 1148 τῆς
3189 1079 3387 1146 Αἴτνης
3427 1080 3614 1144 λόγους
3641 1078 3749 1130 τῶν
3782 1078 4021 1145 ποιητῶν

2444 1174 2517 1234 ώς
2555 1172 2758 1240 μύθους
2808 1169 3159 1238 παραιτεῖθαί
3204 1185 3338 1236 φησι
3365 1168 3455 1220 τὸν
3496 1168 3876 1230 Ἀπολλώνιον,
3924 1162 4019 1219 ῶδε

2447 1264 2571 1333 1557
2602 1262 2691 1333 Η.]
2724 1262 2969 1326 λέγοντα.
3014 1259 3073 1311 Ὀ
3100 1262 3207 1327 γὰρ
3251 1259 3438 1328 μῦθος,
3484 1259 3543 1310 ὃν
3583 1260 4019 1327 παραιτούμεθα,

2444 1352 2503 1401 ού
2538 1351 2646 1401 τῶν
2681 1350 2932 1400 Αἰσώπου
2957 1348 3130 1414 λόγων
3162 1349 3332 1409 ἐστὶν,
3365 1347 3499 1399 ἀλλὰ
3526 1347 3634 1397 τῶν
3668 1348 4019 1415 δραματικῶ-

2442 1438 2637 1506 τέρων,
2675 1439 2770 1488 καὶ
2804 1430 2878 1488 ὧν
2908 1438 2955 1486 oi
2988 1437 3211 1505 ποιηταὶ
3240 1434 3523 1503 θρυλοῦσιν
3547 1436 3615 1487 ’⁸.
3658 1436 3891 1487 Ἐκεῖνοι
3929 1437 4021 1503 μὲν

2445 1531 2553 1599 γὰρ
2588 1528 2755 1596 Τυφῶ
2781 1529 2899 1579 τινὰ
2928 1528 2961 1596 ἢ
2997 1527 3316 1594 Ἐγκέλαδον
3344 1526 3589 1578 δεδέσθαι
3623 1528 3789 1594 φασιν
3817 1529 3922 1578 ὑπο
3950 1528 4020 1594 τῷ

2444 1620 2579 1687 ὄρει,
2610 1619 2702 1670 καὶ
2749 1618 3183 1670 δυσθανατοῦντα
3230 1619 3550 1686 ἀσθμαίνειν
3578 1621 3637 1671 τὸ
3680 1620 3794 1687 πῦρ
3841 1620 4015 1670 τοῦτο.

2456 1710 2597 1776 Ἐγὼ
2626 1710 2682 1762 δὲ
2715 1710 2975 1775 γίγαντας
3007 1710 3103 1778 μὲν
3130 1710 3409 1775 γεγονέναι
3437 1713 3598 1779 φημὶ,
3630 1712 3724 1761 καὶ
3748 1710 4020 1776 πολλαχοῦ

2445 1800 2543 1869 τῆς
2573 1801 2675 1868 γῆς
2709 1799 3120 1852 ἀναδείκνυσθαι
3147 1800 3369 1853 τοιαῦτα
3400 1802 3443 1831 ³⁸
3476 1802 3703 1869 σώματα
3740 1803 4021 1870 ῥαγέντων

2444 1889 2649 1954 τάφων,
2696 1894 2755 1938 ου
2798 1902 2904 1954 μην
2951 1888 3028 1949 είς
3069 1888 3258 1953 ἀγῶνα
3307 1888 3481 1941 ἐλθεῖν
3530 1893 3638 1950 τοῖς
3689 1891 3857 1951 θεοῖς,
3906 1891 4020 1941 ἀλλ’

2444 1980 2663 2048 ὑϐρίσαι
2700 1979 2799 2046 μὲν
2841 1980 2980 2047 τάχα
3006 1981 3063 2041 ὲς
3092 1982 3218 2041 τοὺς
3257 1980 3393 2041 νεὼς
3439 1982 3614 2033 αὐτῶν
3657 1985 3748 2033 καὶ
3784 1984 3852 2034 τὰ
3905 1984 4019 2049 ἕδη.

2444 2068 2658 2135 οὐρανῷ
2686 2069 2742 2120 δὲ
2780 2069 3116 2138 ὲπιπηδῆσαι
3143 2071 3236 2122 καὶ
3275 2071 3350 2139 μὴ
3382 2074 3683 2139 συγχωρεῖν
3714 2074 3841 2133 τοὺς
3869 2072 4023 2134 θεοὺς

2446 2158 2529 2210 ἐπ’
2592 2158 2753 2209 αὑτοῦ
2790 2159 2829 2189 ³⁸
2878 2154 3015 2210 εἶναι
3082 2159 3245 2224 μανία
3305 2162 3401 2228 μὲν
3474 2160 3691 2226 λέγειν,
3730 2163 3896 2230 μανία
3969 2164 4024 2215 δὲ

2445 2249 2672 2301 οἴεσθαι.
2699 2249 2805 2301 Kal.
2840 2250 2973 2317 μηδὲ
3012 2253 3257 2312 ὲκεῐνοςό
3284 2252 3459 2317 λόγος,
3505 2254 3679 2305 καίτοι
3708 2255 3883 2307 δοκῶν
3938 2257 4026 2306 εὐ-

2448 2338 2755 2407 φημότερος
2804 2333 2973 2403 εἶναι,
3013 2340 3281 2407 τιμάσθω,
3303 2341 3375 2403 ὡς
3414 2342 3692 2411 Ἡφαίστῳ
3737 2345 3886 2412 μέλει
3932 2346 4023 2396 τοῦ

2449 2426 2734 2494 χαλκεύειν
2767 2428 2823 2478 ὲν
2863 2430 2927 2497 τῇ
2982 2429 3150 2499 Αἴτνῃ
3201 2430 3295 2480 καὶ
3342 2432 3627 2482 κτυπεῖταί
3664 2450 3749 2494 τις
3791 2434 4026 2485 ἐνταῦθα

2452 2518 2543 2568 ὑπ’
2574 2518 2736 2571 αὑτοῦ
2772 2513 2993 2586 ἄκμων·
3029 2518 3201 2571 πολλὰ
3227 2521 3332 2589 γὰρ
3368 2521 3460 2572 καὶ
3493 2521 3625 2574 ἄλλα
3653 2520 3802 2593 [ὅρη]
3831 2525 3874 2555 ³⁸
3902 2526 4029 2576 πο)-

2451 2610 2614 2677 λαχοῦ
2650 2610 2748 2677 τῆς
2772 2610 2875 2677 γῆς
2920 2610 3164 2678 ἔμπυρα,
3206 2613 3297 2662 καὶ⁵
3331 2613 3428 2663 οὐκ
3475 2612 3539 2664 ἂν
3576 2613 3875 2682 φθάνοιμεν
3904 2618 4026 2667 ἑπι-

2454 2700 2784 2769 φημίζοντες
2820 2701 3003 2762 αὐτοῖς
3051 2702 3314 2767 γίγαντας
3354 2704 3445 2753 καὶ
3485 2703 3836 2770 Ἡφαίστους.
3867 2707 3965 2768 Τίς
3990 2708 4032 2737 ³³

2453 2790 2545 2846 οὖν
2575 2794 2606 2861 ἡ
2631 2794 2739 2843 τῶν
2771 2792 3027 2843 τοιούτων
3050 2791 3191 2861 ὁρῶν
3222 2792 3402 2856 αἰτία;
3433 2793 3504 2860 γῆ
3527 2796 3723 2864 κρᾶσιν
3756 2798 4034 2862 ἀσφάλτου

2456 2884 2550 2934 καὶ
2586 2881 2731 2933 θείου
2764 2880 3112 2949 παρεχομένη
3153 2879 3379 2947 τύφεται
3410 2882 3508 2948 μὲν
3544 2883 3637 2933 καὶ
3673 2884 3803 2951 παρ’
3833 2886 4033 2950 ἑαυτῆς

2464 2975 2643 3041 φύσει,
2677 2973 2788 3042 πῦρ
2818 2974 2873 3025 δὲ
2903 2972 3055 3024 ούπω
3084 2972 3362 3023 ἐκδίδωσιν
3383 2986 3397 3002 '
3430 2974 3479 3023 εί
3507 2973 3560 3024 δὲ
3595 2973 3639 3002 ³⁵
3674 2975 4035 3040 σηραγγώδης

2458 3066 2607 3133 τύχοι
2638 3066 2681 3096 ³⁸
2717 3065 2811 3116 καὶ
2840 3064 3146 3133 ὑποδράμοι
3178 3063 3348 3129 αὐτὴν
3390 3062 3629 3130 πνεῦμα,
3661 3065 3907 3131 φρυκτὸν
3936 3065 4033 3131 ἤδη

2678 3156 3119 3223 πλεονεκτήσασα
3158 3152 3214 3204 δὲ
3258 3156 3291 3221 ἡ
3339 3152 3489 3219 φλὸξ,
3538 3152 3724 3223 ῶσπερ
3772 3154 3834 3205 τό
3872 3155 4036 3220 ὕδωρ,

2462 3248 2692 3315 ἀπορρεῖ
2715 3246 2825 3297 τῶν
2860 3245 3001 3314 ὁρῶν
3036 3244 3130 3296 καὶ
3161 3246 3218 3306 ἐς
3256 3243 3325 3295 τὰ
3355 3244 3511 3296 πεδία
3540 3248 3846 3315 προχεῖται,
3876 3248 4040 3314 χωρεῖ

2461 3355 2520 3391 τε
2552 3340 2643 3390 ἐπὶ
2683 3338 2955 3390 Θάλασσαν
2988 3336 3097 3405 πῦρ
3125 3335 3321 3405 ἀθρόον
3348 3337 3414 3397 ³⁸,
3450 3336 3679 3399 ἐκϐολὰς
3713 3338 4039 3407 ποιούμενον

2462 3423 2572 3479 οἷαι
2604 3426 2711 3477 τῶν
2741 3426 2999 3495 ποταμῶν
3030 3430 3189 3479 εἰσιν.

2534 3518 2787 3570 Αἰθιοπία
2820 3518 2862 3547 ³⁷
2902 3518 3000 3586 τῆς
3049 3520 3147 3586 μὲν
3192 3518 3295 3571 ὑπὸ
3322 3518 3457 3587 ἡλίῳ
3507 3521 3687 3587 πάσης
3742 3520 3937 3588 ἐπέχει
3986 3522 4041 3570 τὸ

2463 3608 2715 3675 ἑσπέριον
2748 3608 2933 3677 κέρας,
2968 3608 3153 3679 ῶσπερ
3188 3609 3339 3661 Ἰνδοὶ
3378 3609 3422 3639 ³⁸
3462 3609 3521 3660 τὸ
3560 3612 3693 3679 πρὸς
3736 3610 3847 3661 ἕω*
3905 3612 4042 3663 κατὰ

2463 3699 2682 3767 Μερόην
2734 3699 2787 3750 δὲ
2842 3699 3102 3767 Αἰγύπτῳ
3152 3698 3529 3763 ξυνάπτουσα,
3560 3701 3651 3752 καί
3682 3717 3733 3751 τι
3795 3704 3895 3752 καὶ
3948 3702 4043 3767 τῆς

2463 3787 2783 3856 ἀμαρτύρου
2809 3788 3013 3857 Λιϐύης
3045 3787 3371 3851 ἐπελθοῦσα,
3392 3789 3613 3858 τελευτᾷ
3640 3791 3716 3851 εἰς
3740 3790 4041 3852 θάλασσαν,

2463 3880 2529 3947 ἢν
2560 3880 2809 3931 Ὠκεανὸν
2839 3882 2886 3931 οἱ
2935 3880 3154 3949 ποιηταὶ
3202 3880 3446 3947 καλοῦσι,
3478 3881 3539 3933 τὸ
3574 3883 3700 3949 περὶ
3740 3882 3848 3950 γῆν
3902 3885 4044 3935 ἄταν

2463 3965 2565 4023 ὧδε
2625 3971 3073 4038 ἐπονομάζοντες.
3120 3971 3372 4039 Ποταμὸν
3431 3972 3487 4023 δὲ
3533 3972 3723 4023 Νεῖλον
3778 3974 4043 4041 Αἰγύπτῳ

2463 4062 2697 4126 δίδωσιν,
2748 4061 2805 4123 ὃς
2856 4062 2921 4112 ὲκ
2954 4060 3323 4114 Καταδούπων
3377 4062 3701 4130 ἀρχόμενος,
3732 4066 3801 4132 ἢν
3836 4066 3883 4095 ³³
3932 4068 4045 4117 ἑπι-

2465 4152 2655 4214 πλύζει
2684 4154 2863 4205 πᾶσαν
2885 4154 3157 4219 Αἴγυπτον
3186 4152 3282 4204 ἀπ’
3306 4153 3576 4206 Δίθιόπων
3616 4154 3758 4219 ἄγει.
3797 4156 4043 4222 Μέγεθος

2468 4242 2565 4309 μὲν
2597 4238 2690 4293 οὖν
2729 4242 2829 4293 οὐκ
2860 4242 2987 4306 ἀξία
3032 4240 3481 4309 παραδεθλῆσθαι
3530 4243 3664 4311 πρὸς
3707 4242 3910 4305 Ἰνδοὺς
3952 4246 4041 4314 ἥδε

2465 4334 2497 4401 ἡ
2525 4333 2693 4402 χώρα,
2723 4334 2806 4384 ὃτι
2840 4334 2960 4401 μηδ’
2991 4332 3123 4401 ἄλλη
3160 4333 3415 4403 μηδεμία,
3439 4335 3629 4386 ὁπόσαι
3665 4337 3809 4387 κατὰ
3833 4338 4044 4407 ἀνθρώ-

2466 4442 2597 4485 mo;
2623 4424 2919 4490 όνομασταί⁸
2937 4425 2978 4454 ⁸⁸
3001 4425 3235 4493 ήπειροι.
3268 4425 3328 4475 El
3362 4424 3416 4475 δὲ
3444 4426 3533 4477 καὶ
3558 4427 3739 4478 πᾶσαν
3767 4430 4044 4494 Αἴγυπτον

793 4524 916 4567 nota
948 4514 1037 4567 sit.
1066 4512 1217 4577 Quod
1243 4511 1286 4564 si
1325 4521 1490 4563 totam
1514 4508 1805 4577 Aigyptutn
1826 4505 2115 4574 Etliiopite
2137 4506 2357 4573 adjicia-
2391 4551 2433 4604 ο

2391 4551 2433 4604 D
2469 4512 2724 4580 Αἰθιοπίᾳ
2769 4511 3169 4581 ξυμόάλλοιμεν
3193 4512 3259 4573 δί,
3291 4513 3437 4563 τουτὶ
3483 4512 3539 4564 δὲ
3581 4512 3849 4583 ἡγώμεθα
3868 4518 3916 4547 δ’
3952 4523 4042 4569 καὶ

794 4622 911 4661 tuus
938 4605 1013 4676 (id
1035 4608 1175 4660 enim
1204 4605 1382 4659 facere
1406 4603 1624 4657 ﬂuvium
1645 4603 2017 4670 arbitramur),
2042 4618 2151 4655 non
2177 4614 2354 4655 tamen

800 4699 972 4753 ambat
999 4698 1300 4766 conjunctae
1331 4694 1756 4761 magnitudinem
1790 4690 1948 4744 India:
1976 4694 2356 4759 adacquabunt.

795 4785 848 4842 la
886 4801 1113 4859 utraque
1143 4802 1273 4842 vero
1307 4784 1455 4839 ﬂuvii
1479 4795 1605 4839 sunt
1630 4785 1769 4837 inter
1803 4797 1861 4835 se
1887 4780 2088 4835 similes
2116 4782 2275 4837 lndus
2305 4792 2359 4837 et

792 4882 963 4933 Iulus.
984 4879 1155 4933 Ambo
1187 4879 1556 4932 continentem
1582 4874 1845 4928 oblimant
1865 4873 2070 4927 aestatis
2096 4882 2357 4942 tempore,

790 4988 912 5023 (:utn
945 4971 1178 5023 maxime
1200 4970 1249 5022 id
1279 4977 1417 5021 terra
1444 4967 1667 5034 expetit,
1700 4965 1907 5033 solique
1929 4964 2212 5017 fluviorum
2238 4980 2359 5018 cro-

793 5061 997 5114 eodilos
1038 5062 1271 5114 educant
1313 5068 1366 5112 et
1418 5059 1852 5126 hippopotamos.
1900 5052 2189 5107 Terrarum
2231 5072 2358 5109 vero

794 5151 1202 5205 similitudinem
1237 5158 1501 5204 testantur
1531 5158 1772 5200 aromata
1827 5147 2113 5214 utrobique
2140 5160 2367 5199 nascen-

2462 4604 2551 4657 τδν
2576 4605 2815 4670 ποταμὸν
2849 4605 3129 4673 πράττειν,
3171 4602 3323 4655 οὔπω
3351 4603 3651 4673 ξύμμετροι
3672 4605 3719 4636 ⁸⁸
3753 4608 3896 4676 πρὸς
3946 4612 4043 4679 τὴν

2477 4697 2649 4750 Ἰνδῶν
2680 4698 2845 4765 ἄμφω
2876 4696 3232 4759 ξυντεθεῖσαι.
3269 4697 3511 4764 Ποταμοὶ
3539 4698 3595 4749 δὲ
3634 4700 3841 4767 ἀμφοῖν
3864 4701 4041 4769 ὅμοιοι

2464 4788 2807 4856 λογισαμένῳ
2851 4787 2917 4838 τὰ
2980 4785 3143 4838 Ἰνδοῦ
3191 4802 3251 4838 τε
3316 4788 3409 4840 καὶ
3460 4787 3675 4841 Νείλου.
3735 4790 3905 4860 [1015
3951 4793 4037 4862 8.]

2463 4876 2784 4945 Περαίνουσί
2824 4876 2867 4905 ⁸⁸
2896 4892 2953 4927 τε
2984 4876 3093 4944 γάρ
3154 4877 3252 4937 τὰς
3310 4877 3570 4946 ἠπείρους
3604 4880 3661 4929 ὲν
3710 4882 3835 4949 ῶρα
3865 4886 4038 4943 ἔτους,

2462 4968 2618 5018 ὁπότε
2668 4968 2791 5035 ὴγῆ
2838 4969 2934 5035 ἐρᾷ
2958 4966 3168 5027 τούτου,
3228 4971 3484 5038 ποταμῶν
3528 4988 3587 5021 τε
3619 4972 3666 5003 ⁸⁸
3703 4974 4038 5039 παρέχονται

2468 5062 2616 5129 μόνοι
2646 5061 2735 5110 τὸν
2761 5059 3099 5126 κροκόδειλον
3132 5061 3223 5111 καὶ
3258 5061 3349 5111 τὸν
3390 5060 3578 5113 ἵππον.
3611 5060 3723 5129 Τὴν
3753 5063 3813 5113 δὲ
3853 5065 4036 5129 ὁμοιό-

2464 5166 2597 5217 τητα
2631 5148 2735 5199 τῶν
2787 5149 3029 5216 ἠπείρων
3056 5148 3364 5201 πιστούσθω
3389 5149 3487 5218 μὲν
3530 5151 3621 5200 καὶ
3659 5151 3728 5201 τὰ
3760 5154 3818 5201 ἐν
3848 5152 4034 5208 αὑταῖς

795 5248 893 5307 tia,
938 5245 1119 5295 leones
1140 5252 1396 5308 praeterea
1458 5251 1511 5293 et
1550 5238 1856 5307 elephanti,
1898 5238 1988 5305 qui
2038 5237 2089 5291 in
2141 5250 2367 5307 utraque

2464 5238 2753 5308 ἀρώματα,
2804 5235 3215 5288 πιστούσθωσαν
3247 5238 3293 5266 δ’
3319 5237 3375 5288 δὲ
3405 5237 3500 5289 καὶ
3540 5238 3588 5287 el.
3632 5237 3849 5298 λέοντες
3878 5238 3971 5288 καὶ
4007 5238 4035 5287 ό

797 5334 939 5402 capti
995 5334 1200 5386 servire
1255 5342 1540 5401 coguntur.
1597 5328 1807 5381 Praebet
1862 5328 2081 5396 insuper
2133 5340 2367 5397 utraque

2361 5349 2367 5379 ι
2465 5330 2659 5396 ἐλέφας
2700 5330 2755 5381 ὲν
2787 5328 3022 5398 ἑκατέρᾳ
3074 5328 3425 5396 άλισκόμενός
3484 5345 3542 5379 τε
3588 5328 3682 5380 καὶ
3738 5328 4022 5381 δουλεύων.

2072 5416 2301 5470 VARI/ﬁ
2326 5416 2731 5473 LECTIONES.

896 5512 940 5543 "
970 5505 1078 5563 οἷαι
1107 5511 1229 5564 add.
1286 5508 1393 5561 AB.
1526 5506 1569 5539 "
1596 5505 1699 5576 ὅτι]

796 5599 907 5636 om.
958 5581 1063 5633 AB.
1176 5581 1217 5611 ³³
1251 5577 1353 5648 τίς]
1411 5594 1461 5639 v,
1507 5577 1590 5629 I7.

801 5654 843 5683 ³⁴
871 5652 1021 5704 Ἰνδοὶ
1046 5652 1120 5703 A:
1167 5648 1308 5717 Ἰνδῷ
1346 5645 1429 5711 ξ.
1505 5649 1544 5678 ³³
1581 5649 1644 5717 ἦν
1680 5662 1787 5698 Olll.
1838 5645 1943 5696 AB.

804 5696 1302 5789 μεᾷζῖίξξόύελέὸἆ
1349 5696 1429 5789 gf]
1480 5718 1525 5789 ξι
1559 5696 1612 5781 ei

1163 5790 1205 5817 "
1241 5805 1295 5838 τε
1326 5787 1411 5839 AB
1436 5804 1445 5836 :
1474 5788 1527 5839 δὲ
1560 5802 1619 5847 τ.

1770 5522 1820 5569 v,
1874 5506 1960 5559 16.

809 5784 857 5842 δι
883 5784 1085 5844 bullus.
1163 5784 1205 5817 “
1241 5805 1295 5838 τε
1326 5787 1411 5839 AB
1436 5804 1445 5836 :
1474 5788 1527 5839 δὲ
1560 5802 1619 5847 τ.
1699 5786 1740 5814 ³⁸
1767 5784 2068 5835 πιατούσθω
2100 5802 2181 5853 pr.
2216 5786 2278 5837 Α.

2094 5508 2137 5537 ⁸⁸
2168 5506 2482 5575 θρυλλοῦσιν
2536 5524 2596 5571 ς.

1670 5580 1711 5606 ³⁸
1738 5576 1792 5626 δὲ
1853 5577 1945 5646 καὶ
1998 5592 2119 5646 σηρ.
2154 5592 2210 5638 ς.
2287 5576 2331 5607 ³⁵
2377 5580 2511 5646 τύχη
2548 5581 2587 5629 Λ

2729 5508 2771 5539 ³⁸
2801 5508 3009 5559 τοιαυτὶ
3042 5509 3104 5559 Α.
3185 5507 3225 5538 ³⁸
3250 5505 3411 5558 αὐτοῦ

3419 5504 3435 5576 ]
3490 5508 3685 5578 αὑτοὴς
3728 5508 3793 5559 Α.
3831 5507 4026 5578 ιρη

2734 5579 2777 5609 ³*
2805 5577 2915 5646 πῦρ
2947 5576 3013 5628 άθ

3023 5580 3141 5644 ρόον
3170 5591 3277 5629 οιη.
3312 5574 3434 5628 AB:
3499 5577 3538 5607 ³⁷
3570 5574 3847 5645 Αἰθιοπία]
3872 5590 3942 5635 vr,
3966 5574 4026 5629 Vl.

2022 5618 2523 5714 ίδίἓνῗέμασταῗᾶὶᾶ
2548 5618 2660 5677 ’“ὐ
2696 5618 3109 5714 ξυμὲἆῖλξιῖεἶῖ
3123 5618 3137 5627 ⁷
3172 5618 3503 5713 τῖ’ξγῐῇὲθα
3550 5618 4027 5713 Ᾱὶῖῗξίιᾙεᾶὶοὶὶ

1482 5718 1525 5748 ⁸⁸
1559 5713 1855 5784 ξύμμετροι
1886 5744 1954 5785 -έ
1985 5713 2315 5777 ξυντεθεῖσαι
2360 5721 2398 5771 Α
2429 5738 2439 5771 ;
2476 5713 2781 5785 ξύμμετρον
2809 5745 2875 5755 ——
2908 5715 3140 5783 τοσαύτῃ
3173 5714 3480 5777 ξυντεθεῐσα
3516 5731 3576 5776 ς.

3682 5718 3726 5745 ⁸⁵
3756 5716 4024 5767 πιαίνουσι
