4206 6436
233 389 371 457 1233

1289 405 1809 465 BIBLIOTHECA.
1831 430 1900 442 -
1937 407 2099 468 COD.
2128 408 2363 469 CCXLI-

3340 410 3475 479 1234

230 502 498 554 Βόςκουσι
523 502 581 556 δι
609 506 704 557 καὶ
738 506 905 577 θηρία
942 503 1033 562 οἷα
1059 511 1157 579 οὐχ
1183 510 1434 580 ἑτέρωθι,
1467 515 1559 566 καὶ
1590 514 1803 584 ἀνθρώ-
1831 517 1884 575 Α

1831 517 1884 575 Α
1908 516 2069 582 feras,
2117 534 2238 587 qua:
2270 517 2396 573 alibi
2434 532 2697 587 nusquam
2730 518 3102 588 reperiuntur.
3143 528 3198 573 et
3224 520 3473 579 homines

229 608 366 651 πους
396 592 654 658 μέλανας,
684 594 713 645 δ
743 596 819 663 μὴ
854 596 1009 651 ἀλλαι
1032 600 1250 669 ἧπειροι
1278 618 1293 633 ·
1332 606 1626 672 πυγμαίων
1657 623 1716 659 τε
1745 609 1804 660 ἐν

230 680 424 741 αὑταῖς
452 681 603 751 ἔθνη.
626 684 843 753 Γρῦπες
869 688 927 740 δὲ
956 687 1132 743 Ἰνδῶν
1160 693 1254 744 καὶ
1298 694 1588 764 μύρμηκες
1618 696 1799 750 Αἰθιό-

229 785 369 831 πων,
403 773 451 822 εἰ
490 774 584 825 καὶ
610 774 856 843 ἀνόμοιοι
880 776 979 846 τὴν
1011 778 1156 832 ἰδέαν
1190 783 1349 849 εἰσὶν,
1376 784 1491 838 ἀλλ’
1522 785 1688 855 δμοιά
1715 804 1801 854 γε,

227 860 306 922 ὥς
330 880 485 925 φασι,
517 865 827 932 βούλονταιο
856 872 1059 941 χρυσοῦ
1081 872 1190 943 γὰρ
1216 874 1456 942 φύλακες
1481 878 1539 927 ἐν
1567 877 1805 947 ἑκατέρᾳ.

228 951 469 1018 ᾅδονται,
507 955 568 1006 τὸ
592 961 904 1029 χρυσόγεων
932 962 1042 1015 τῶν
1061 964 1308 1033 ἠπείρων
1335 964 1728 1037 ἀσπαζόμενοι.

302 1122 580 1178 Αἰθιόπων
604 1126 649 1158 ⁸*
674 1127 731 1181 δὲ
772 1130 868 1183 καὶ
911 1132 1223 1201 Αἰγυπτίων
1270 1136 1394 1204 ὅρια
1435 1138 1499 1190 τὸ
1531 1138 1805 1210 καλούμεο

228 1227 323 1261 νον
359 1213 698 1283 Συκάμινον·
741 1211 804 1271 οὗ
839 1225 1258 1291 παραγεγονότα
1311 1227 1403 1279 τὸν
1449 1228 1807 1283 Ἀπολλώνιον

232 1300 362 1370 [558
390 1302 482 1374 IL]
505 1307 690 1377 χρυσῷ
716 1326 777 1361 τε
796 1311 997 1381 ἀσήμῳ
1018 1314 1182 1381 φησὶν
1207 1318 1450 1385 ἐντυχεῖν
1483 1320 1576 1371 καὶ
1607 1319 1737 1390 λίνῳ
1759 1320 1805 1353 ⁵⁸

229 1392 327 1441 καὶ
390 1393 644 1461 ἐλέφαντι
681 1398 779 1451 καὶ
820 1399 1003 1468 ῥίζαις
1048 1402 1140 1454 κα)⁸
1190 1403 1348 1473 μύρῳ
1376 1406 1472 1458 καὶ
1508 1405 1803 1477 ’ἀρώμασι,

229 1482 448 1535 κεῖσθαι
502 1485 559 1537 δὲ
590 1487 770 1542 πάντα
814 1492 1103 1557 ἀφύλακτα
1152 1496 1209 1547 ἐν
1255 1495 1360 1565 ὁδῷ
1388 1501 1599 1569 σχιστῇ.
1638 1500 1704 1552 Ἦ
1747 1500 1804 1553 δέ

228 1574 382 1625 αἰτία
407 1576 547 1645 αὕτη
574 1594 589 1606 ο
622 1580 829 1649 ἀγορὰν
847 1582 1101 1645 Αἰθίοπες
1130 1586 1433 1653 ἀπάγουσιν
1452 1581 1526 1640 ὧν
1550 1589 1807 1643 Αἰθιοπία

226 1661 477 1713 δίδωσινο
519 1666 568 1716 οί
610 1666 668 1719 δὲ
725 1668 1044 1738 ἀνελόμενοι
1097 1674 1277 1726 πᾶσαν
1314 1674 1681 1745 ξυμφόρουσιν
1724 1678 1805 1741 εἰς

224 1748 320 1800 τὸν
358 1753 523 1805 αὐτὴν
592 1756 765 1825 χῶρον
830 1758 1039 1831 ἀγορὰν
1089 1764 1392 1829 Αἰγυπτίαν
1458 1765 1571 1819 ἰσου
1626 1768 1801 1833 ἀξίαν,

1906 610 2089 677 nigros
2132 609 2247 664 aliae
2288 609 2445 664 nulla:
2483 609 2810 665 continentis
2852 619 3034 677 partes
3068 608 3282 674 ferunt,
3328 620 3385 665 et
3417 615 3469 665 in

1906 698 1972 752 iis
2020 698 2384 769 Pygmaeorum
2436 700 2605 755 natio.
2658 700 2909 754 Indorum
2961 715 3092 755 vero
3136 703 3368 771 gryplies
3419 710 3474 755 et

1905 788 2218 859 Ethiopum
2248 792 2508 855 formicae,
2541 807 2856 861 quanquam
2879 792 2986 847 sint
3015 792 3187 847 l‘orma
3215 794 3461 861 dissimi-

1904 882 2002 945 les,
2039 884 2226 935 eadem
2258 891 2435 936 tamen
2463 897 2625 952 agere
2662 885 2903 938 student.
2944 883 3079 936 Nam
3103 900 3291 937 aurmn
3324 893 3477 936 utro-

1906 971 2067 1039 bique
2100 972 2376 1027 custodire
2414 973 2791 1043 perhibentur,
2834 983 2888 1028 et
2933 982 3137 1029 terram
3179 974 3472 1028 auriferam

1906 1074 2108 1113 amare.

1976 1150 2111 1205 Cum
2144 1163 2210 1204 eo
2233 1150 2467 1205 venisset
2495 1149 2813 1217 Apollonius
2835 1150 2924 1205 ubi
2963 1150 3229 1220 Egyplus
3254 1151 3472 1207 Ethio-

1906 1240 2101 1309 piaque
2132 1240 2453 1294 terminatur
2486 1239 2861 1311 (Sycaminum
2895 1252 3074 1296 autem
3106 1243 3193 1295 illa
3225 1243 3470 1309 vocant),

1905 1344 2095 1383 aurum
2125 1344 2229 1383 non
2259 1329 2527 1396 signatum
2552 1330 2779 1385 invenit.
2802 1330 2995 1385 Linum
3028 1341 3282 1400 praeterea
3309 1343 3473 1401 atque

1905 1424 2058 1484 ebur,
2090 1428 2146 1473 et
2173 1419 2381 1473 radices
2409 1419 2590 1474 varias
2616 1436 2633 1475 :
2665 1430 2993 1490 unguentum
3028 1423 3269 1490 insuper,
3303 1431 3358 1477 et
3389 1424 3473 1478 di-

1904 1523 2183 1564 versorum
2229 1522 2487 1577 generum
2532 1521 2796 1564 aromata.
2840 1508 3028 1565 Omnia
3068 1520 3246 1565 autem
3288 1512 3339 1565 in
3383 1514 3468 1566 via

1905 1608 2049 1653 secta
2082 1598 2198 1652 sine
2220 1597 2441 1651 custode
2463 1597 2661 1663 passim
2688 1597 2964 1664 iacebant.
2992 1598 3115 1653 Haec
3149 1613 3280 1653 vero
3305 1613 3472 1654 causa

1905 1696 1985 1742 est
2012 1705 2025 1741 :
2054 1701 2260 1742 merces
2293 1687 2559 1742 invehunt
2595 1685 2909 1757 Ethiopes,
2950 1704 3070 1757 qua
3098 1690 3152 1743 in
3192 1689 3470 1757 Ethiopia

1908 1779 2265 1848 proveniunt;
2293 1776 2536 1849 IEgyptii
2568 1794 2695 1836 vero
2728 1794 2823 1835 eas
2856 1795 3044 1835 omnes
3076 1796 3198 1835 cum
3233 1783 3469 1837 sustule-

224 1837 528 1942 ἱῡνούμενοι
568 1845 676 1898 τῶν
717 1848 898 1911 αὐτοῖς
928 1850 1096 1903 ὄντων
1127 1854 1193 1905 τὰ
1237 1855 1335 1906 οὐκ
1367 1855 1517 1909 ὅντα.
1541 1858 1604 1909 Oi
1640 1857 1696 1910 δὲ
1728 1858 1798 1913 τά
1830 1845 1874 1905 Β

1830 1845 1874 1905 Β
1903 1837 2034 1935 rint,
2056 1869 2245 1925 eodem
2271 1837 2611 1938 comportant
2633 1886 2866 1927 mercem
2890 1870 3199 1942 Egyptiam
3248 1871 3469 1939 aequalis

223 1930 354 1998 ὅρια
381 1932 489 1985 τῶν
511 1936 753 2007 ἠπείρων
780 1941 1057 2004 οἰκοῦντες
1080 1942 1137 1995 οὗ
1149 1961 1233 1996 πω
1257 1946 1504 2014 μέλανες,
1535 1948 1650 2000 ἀλλ’
1674 1950 1803 2019 ὀμό-

225 2022 386 2087 φυλοι
414 2025 473 2076 τὸ
498 2028 729 2097 χρῶμα·
770 2032 1114 2100 μελαίνονται
1138 2036 1246 2108 γάρ
1276 2039 1326 2090 οἰ
1359 2038 1457 2109 μὲν
1494 2032 1657 2109 ἧττον
1702 2042 1801 2094 Δί-

223 2111 457 2179 θιόπων,
490 2118 540 2169 οἰ
569 2118 626 2171 δὲ
652 2121 854 2190 μᾶλλον
876 2124 1212 2192 Αἰγυπτίων.

307 2407 668 2462 Ἐντεῦθέν“
708 2430 843 2483 φησι
896 2417 987 2469 τὸν
1054 2418 1408 2475 Ἀπολλώνιον
1458 2430 1657 2495 χωρεῖν
1706 2430 1799 2482 ἐπὶ

217 2494 502 2561 Μένωνος,
538 2502 788 2568 ἡγεῖσθαι
821 2503 879 2556 δέ
926 2508 1109 2570 αὐτοῖς
1163 2512 1446 2579 μειράκιον
1479 2494 1795 2584 Αἰγύπτιον,

216 2585 509 2677 τιμασίων
552 2591 598 2621 ⁸⁸
656 2592 844 2660 δνομα.
901 2598 1103 2662 Κακῶς
1165 2602 1220 2653 δέ
1272 2620 1405 2674 φησι
1456 2610 1798 2677 πεπραχέναι

234 2676 595 2733 Ἀπολλώνιον
644 2684 975 2750 ἀφικόμενον
1018 2689 1059 2721 ⁵¹
1116 2693 1173 2754 ἐς
1208 2695 1333 2756 τοὺς
1376 2696 1483 2749 τῶν
1523 2676 1797 2754 Αἰθιόπων

216 2768 486 2835 γυμνοὺς,
528 2773 623 2824 καὶ
653 2775 751 2845 οὐχ
784 2778 943 2845 ὃμοια
977 2773 1053 2833 ὧν
1088 2782 1336 2852 ἐξενίσθη
1368 2786 1520 2854 παρὰ
1551 2790 1664 2850 τοῖς
1688 2788 1798 2843 τῶν

232 2858 411 2910 Ἰνδῶν
438 2861 746 2931 Βραχμᾶσι.
775 2869 847 2920 Τὸ
866 2870 923 2922 δὲ
950 2872 1145 2935 αἰτιον,
1175 2879 1359 2942 φησὶν,
1392 2876 1473 2929 ὅτι
1500 2878 1796 2949 Εὐφράτης

215 2966 305 3012 τις
341 2951 655 3022 φιλοσοφεῖν
702 2960 1041 3029 ἐπιτηδεύων
1091 2964 1185 3016 καὶ
1219 2967 1296 3027 είς
1328 2966 1591 3037 διαφορὰν
1625 2970 1795 3022 ἐλθὼν

231 3042 613 3114 Ἀπολλωνίῳ,
667 3046 768 3111 τάς
827 3053 995 3115 ἀκοὰς
1044 3054 1154 3105 τῶν
1206 3057 1431 3125 γυμνῶν
1493 3062 1615 3121 ταῖς
1654 3061 1797 3112 κατὰ

1902 1962 2061 2030 pretii
2088 1979 2100 2014 :
2122 1963 2282 2016 rebus
2299 1962 2409 2015 suis
2433 1977 2495 2017 ea
2517 1964 2862 2025 redimentes,
2888 1964 3085 2031 quibus
3102 1971 3342 2016 careant.
3366 1962 3467 2027 Qui

1900 2067 2030 2109 vero
2050 2054 2347 2110 continenti
2373 2054 2665 2113 viciniores
2694 2056 2960 2121 habitant,
2987 2055 3220 2109 nondum
3251 2054 3415 2123 330
3434 2070 3468 2108 a

1900 2146 2059 2214 plane
2101 2144 2262 2213 nigri,
2310 2143 2496 2199 colore
2544 2159 2671 2200 vero
2720 2145 2951 2199 invicem
3004 2145 3361 2208 conveniunt,
3401 2141 3467 2198 ab

1902 2238 2022 2293 aliis
2038 2237 2257 2291 diversi.
2278 2235 2757 2307 Nigrescuntemm
2782 2238 2958 2292 minus
2977 2253 3137 2307 quam
3159 2236 3465 2304 Ethiopes,

1899 2331 2058 2401 paulo
2083 2340 2263 2385 autem
2298 2331 2467 2399 magis
2491 2345 2649 2398 quam
2686 2330 2945 2399 Egyptii.

1971 2422 2171 2477 Deinde
2220 2421 2384 2475 refert
2427 2422 2765 2488 Apollonium
2820 2423 2874 2473 in
2914 2420 3216 2474 Memnonis
3264 2419 3466 2487 regiam

1901 2514 2229 2584 pervenisse.
2279 2512 2511 2566 Ducebat
2555 2528 2651 2566 eos
2696 2510 3013 2566 adolescens
3044 2510 3326 2579 £gyptius
3365 2525 3465 2564 no-

1898 2606 2046 2659 mine
2066 2603 2313 2657 Timasii.
2346 2603 2483 2657 Male
2510 2613 2787 2671 acceptum
2816 2600 3310 2669 dicitApollonium
3339 2614 3466 2653 eun-

1901 2702 2006 2746 tem
2040 2693 2106 2747 ad
2138 2690 2620 2762 Gymnosopbistas
2664 2688 3013 2759 EthiOpum,
3053 2698 3107 2742 et
3150 2702 3255 2742 non
3299 2688 3461 2741 simili

1899 2784 2103 2837 bonore
2124 2797 2229 2851 quo
2255 2784 2321 2836 ab
2344 2781 2593 2837 Indorum
2628 2780 2982 2835 Brachmanis
3009 2778 3235 2832 aﬂ'ectus
3261 2777 3462 2842 fuerat;

1897 2883 1951 2927 et
1978 2876 2077 2927 hac
2101 2875 2315 2940 quidem
2343 2872 2405 2924 de
2429 2887 2616 2933 causa,
2644 2870 2943 2937 Euphrates
2968 2871 3189 2939 quidam
3219 2867 3460 2936 philoso-

1897 2965 2053 3032 plms,
2109 2963 2419 3015 inimicitias
2473 2976 2595 3014 cum
2653 2960 2932 3027 Apollonio
2981 2973 3215 3026 gerens,
3261 2956 3461 3011 famam

1896 3052 2161 3117 Apollonii
2204 3054 2342 3119 apud
2386 3048 2873 3117 Gymnosophistas
2923 3047 3212 3102 calumniis
3258 3048 3310 3099 in
3343 3061 3465 3101 eum

233 3132 597 3187 Ἀπολλωνίου
626 3141 1022 3211 προκατασχὼν
1050 3144 1346 3211 διαϐολαῖς,
1376 3148 1560 3211 κακῶς
1597 3151 1795 3213 αὐτοὺς
1820 3190 1865 3251 C
1890 3194 1894 3205 .

233 3222 361 3251 -.δη
390 3226 550 3251 -.·.-λ..
572 3227 871 3251 r-_-_-s-n
910 3250 943 3251 κ
1166 3235 1178 3251 ι
1336 3240 1380 3251 π
1413 3239 1462 3251 ι.
1486 3238 1511 3251 α.
1544 3240 1584 3251 ,ι
1730 3240 1741 3251 .

1792 3170 1865 3251 τε
1890 3140 2051 3207 jactis
2077 3140 2345 3204 minuens,
2376 3139 2493 3192 illos
2521 3139 2573 3191 in
2605 3137 2940 3206 Apollonium
2965 3138 3240 3190 excitavit.
3285 3135 3453 3190 Multo

1970 3235 2016 3251 .-ς
2058 3232 2258 3251 μ.ξ-..--
2287 3245 2396 3251 Α---
2428 3231 2585 3251 1....1--
2617 3229 2975 3251 D..--L_..__.-_
3000 3228 3453 3251 F..-..------l.!-a!.

217 3222 361 3291 πρὸς
388 3226 550 3278 αὑτὸν
570 3227 877 3283 διακεῖσθαι
903 3235 1308 3303 παρεσκεύασε.
1336 3238 1520 3308 [Ιολλῷ
1540 3240 1596 3293 δέ
1620 3240 1798 3308 κρείτ-

217 3330 350 3373 τους
380 3315 473 3366 ἐπὶ
512 3317 675 3388 σοφίᾳ
703 3336 763 3371 τε
796 3322 889 3374 καὶ
924 3325 1037 3385 τοῖς
1067 3325 1247 3387 ἀλλοις
1276 3328 1403 3390 τοὺς
1429 3329 1582 3399 παρὰ
1615 3330 1796 3390 Ἰνδοῖς

219 3404 553 3473 Βραχμᾶνας
589 3408 701 3460 τῶν
730 3411 882 3479 παρά
912 3413 1130 3483 Αἰθίοψι
1160 3418 1384 3486 γυμνῶν
1412 3420 1792 3487 ἀποφαίνεται.

217 3496 407 3545 οἰκεῖν
435 3494 490 3545 δὲ
520 3498 647 3559 τοὺς
697 3502 939 3568 γυμνοὺς
969 3503 1290 3574 ὑπαιθρίους
1321 3510 1453 3577 φησὶ
1490 3510 1535 3541 ⁸⁸
1573 3512 1666 3563 καὶ
1694 3511 1797 3563 ὑπὸ

215 3582 298 3650 τῷ
332 3583 547 3653 ούρανῷ
572 3586 743 3655 αὐτῷ,
788 3589 880 3640 ἐπὶ
913 3608 1055 3653 τινος
1087 3593 1144 3645 δέ
1177 3595 1415 3663 γηλόφου
1451 3597 1791 3665 ξυμμέτρου,

1904 3232 2263 3302 sapientiores
2282 3245 2403 3286 esse
2428 3231 2588 3284 indos
2617 3229 2978 3283 Brachmanas
2999 3228 3469 3299 Gymnosophistis

1904 3324 2195 3391 Aitbiupia
2235 3322 2391 3377 dixit.
2463 3319 2657 3375 Vivere
2695 3322 2771 3374 ait
2815 3322 2985 3375 nudos
3039 3320 3155 3374 illos
3203 3321 3303 3374 sub
3355 3321 3465 3385 dio,

1906 3415 2141 3468 incolere
2161 3420 2397 3467 montem
2426 3411 2641 3480 egregie
2667 3426 2696 3463 a
2720 3420 2911 3464 natura
2936 3411 3249 3471 formatum,
3275 3425 3465 3479 parum

1905 3519 1933 3557 a
1956 3502 2058 3556 Nili
2088 3502 2215 3570 ripis
2248 3502 2563 3556 distantem.
2595 3498 2729 3552 Mari
2759 3509 2814 3554 et
2846 3499 2964 3553 Nilo
2994 3500 3253 3569 navigans
3278 3499 3345 3553 ad
3372 3512 3467 3554 eos

1902 3594 2212 3663 Apollonius
2241 3594 2490 3648 accessit.

220 3672 420 3743 μικρὸν
453 3676 559 3726 ἀπὸ
605 3678 703 3742 τῆς
755 3677 923 3747 ὄχθης
971 3681 1066 3734 τοῦ
1109 3681 1322 3739 Νείλου.
1367 3687 1693 3757 Ἐποιήσατο
1737 3689 1794 3741 δὲ
1833 3687 1931 3758 τὴν
1974 3686 2110 3756 πρὸς
2147 3686 2343 3748 αὐτοὺς
2395 3684 2514 3737 ὁδὸν
2554 3684 2583 3737 ό
2616 3682 2661 3714 ⁸³
2692 3680 3048 3743 Ἀπολλώνιος
3100 3680 3209 3734 ἀπὸ
3264 3679 3466 3735 θαλάσ-

215 3783 319 3835 σης
351 3764 445 3816 καὶ
469 3763 555 3816 διὰ
586 3765 678 3816 τοῦ
708 3766 922 3820 Νείλου.

292 3853 684 3923 Συνδιατρίψας
716 3854 764 3885 ⁸⁸
795 3856 852 3907 δὲ
878 3858 965 3907 ἐπ’
994 3858 1173 3927 ὀλίγον
1200 3863 1391 3929 χρόνον
1425 3866 1537 3927 τοῖς
1567 3867 1795 3934 γυμνοῖς

1966 3860 2137 3915 Parvo
2170 3866 2333 3928 .gttur
2361 3867 2601 3925 tempore
2623 3871 2745 3913 cum
2774 3857 3247 3928 Gymnosopbistis
3272 3872 3464 3913 versa-

212 3946 314 3998 καὶ
354 3942 667 4011 προσειπὼν
708 3942 825 4012 ἅμα
853 3947 967 4007 τοίς
999 3948 1097 3999 σὺν
1132 3948 1302 4018 αὐτῷ,
1346 3952 1672 4021 ἐπορεύοντο
1696 3953 1795 4023 τὴν

1889 3962 1978 4007 tus
2000 3960 2056 4006 et
2080 3951 2361 4019 disputans
2388 3963 2510 4001 cum
2542 3948 2732 4014 sociis,
2756 3947 3029 4017 profectus
3055 3958 3138 4004 est
3156 3951 3224 4003 ad
3252 3960 3463 4005 montes

212 4036 373 4097 ἐςτά
425 4034 528 4104 ὅρη
576 4034 861 4086 τείνουσαν
907 4038 1188 4107 ἀριστεροὶ
1239 4039 1334 4092 τοῦ
1384 4043 1614 4108 Νείλου,
1667 4044 1794 4097 τάδε

1890 4046 1978 4098 via
2004 4042 2225 4099 sinistra
2250 4039 2374 4094 Nili.
2409 4039 2539 4105 Qua
2577 4050 2755 4095 autem
2780 4040 2853 4095 ibi
2879 4041 3131 4094 viderunt
3161 4050 3463 4095 memoratu

208 4128 451 4195 ὁρῶντες
477 4125 637 4192 λόγου
660 4127 804 4191 ἀξια.
824 4129 886 4179 Ui
916 4129 1257 4183 Κατάδουποι
1283 4133 1459 4201 γεώδη
1475 4134 1597 4204 ὅρη,
1626 4152 1795 4205 παρα-

211 4218 427 4286 πλήσια
471 4216 547 4285 τῷ
568 4216 781 4284 Λυδῴ⁸⁵
807 4216 1051 4287 Τμώβρ·
1102 4224 1415 4291 κατάρρους
1470 4224 1528 4275 δὲ
1566 4225 1661 4277 ἀπ’
1694 4225 1792 4277 αὐ-

206 4310 321 4362 τῶν
354 4310 582 4378 φέρεται
612 4308 824 4374 Νεῖλος,
850 4309 918 4379 ἢν
959 4312 1258 4365 ἐπισπᾶται
1293 4315 1396 4383 γῆν
1426 4315 1594 4368 ποιῶν
1617 4316 1785 4383 Δίγυ-

1894 4134 2050 4203 digna
2075 4139 2203 4185 sunt
2225 4130 2339 4184 haec
2366 4147 2380 4182 :
2413 4129 2690 4198 Catadupa
2718 4139 2929 4183 montes
2955 4137 3082 4181 sunt
3105 4128 3288 4193 terrei,
3313 4128 3464 4182 simi-

1890 4223 1968 4279 les
2001 4222 2219 4287 Tmolo,
2257 4221 2351 4289 qui
2388 4220 2440 4274 iu
2484 4219 2652 4289 Lydia
2686 4229 2803 4285 est,
2837 4222 2904 4273 ab
2932 4220 3065 4286 ipsis
3102 4229 3279 4272 autem
3313 4218 3465 4272 Nilus

1894 4315 2130 4369 deﬂuens
2158 4328 2225 4367 ex
2251 4327 2313 4367 ea
2345 4327 2504 4379 quam
2538 4312 2718 4365 avellit
2747 4320 2889 4364 terra
2946 4309 3234 4379 Egyptum
3269 4311 3465 4376 impin-

206 4418 372 4454 πτον.
430 4401 495 4451 Ἦ
548 4401 605 4452 δέ
653 4401 772 4471 ἠχὼ
803 4402 896 4455 τοῦ
945 4404 1218 4472 ῥεύματος
1270 4407 1789 4476 καταρρηγνυμένου
1816 4406 1867 4466 D

1816 4406 1869 4466 D
1896 4411 2045 4471 guat.
2080 4401 2303 4455 Sonitus
2332 4407 2511 4453 autem
2539 4398 2797 4453 ﬂuctuum
2822 4415 2853 4452 e
2877 4400 3148 4451 montibus
3169 4412 3463 4465 erumpen-

136 4566 137 4571 η
202 4493 320 4545 τῶν
355 4492 521 4561 ὅρων,
548 4493 643 4544 καὶ
665 4492 824 4563 ψόφῳ
856 4494 971 4562 ἅμα
995 4496 1051 4557 ἐς
1074 4495 1165 4547 τὸν
1191 4496 1382 4548 Νεῖλον
1403 4497 1785 4565 ἐκπίπτοντος,

207 4583 427 4654 χαλεπὴ
453 4582 600 4635 δοκεί
630 4586 723 4636 καὶ
768 4586 868 4638 οὐκ
917 4586 1117 4657 ἀνεκτὴ
1149 4587 1379 4641 ἀκοῦσαι
1402 4604 1418 4619 ⁸
1459 4592 1552 4642 καὶ
1602 4589 1787 4645 πολλοὶ

203 4673 321 4725 τῶν
380 4672 571 4742 πρόσω
627 4672 723 4724 τοῦ
781 4676 1005 4745 μετρίου
1062 4678 1445 4747 προσελθόντες
1496 4680 1787 4747 ἀνέζευξαν

205 4762 581 4823 ἀποϐαλόντες
602 4762 649 4792 ⁸⁸
676 4763 736 4814 τὸ
767 4765 1005 4817 ἀκούειν.

281 4852 533 4922 Προϊόντι
557 4853 602 4883 ⁸⁷
626 4853 683 4904 δέ
717 4853 794 4923 τῷ
817 4854 1155 4925 Ἀπολλωνίῳ
1187 4858 1279 4909 καὶ
1313 4861 1421 4921 τοῖς
1453 4860 1591 4929 ἀμφ’
1623 4859 1785 4913 αὑτὸν

204 4943 411 5012 μαστοὶ
466 4942 606 5011 όρῶν
664 4944 945 5011 ἐφαίνοντο
1000 4949 1370 5015 παρεχόμεναι
1426 4948 1649 5019 δένδρα,
1709 4944 1785 5003 ὧν

198 5033 466 5092 Λιθίοπες
494 5035 561 5085 τὰ
618 5033 793 5099 φύλλα
828 5035 922 5086 καὶ
981 5035 1072 5087 τὸν
1103 5036 1283 5102 φλοιὸν
1311 5038 1405 5090 καὶ
1450 5039 1510 5090 τὸ
1551 5040 1784 5107 δάκρυον

200 5126 422 5193 καρπὸν
456 5122 736 5194 ἡγοῦνται.
780 5124 998 5195 Ἑώρων
1018 5125 1076 5177 δὲ
1106 5126 1198 5177 καὶ
1237 5126 1455 5190 λέοντας
1484 5128 1655 5197 ἀγχοῦ
1687 5129 1785 5199 τῆς

1894 4495 2026 4547 tium
2050 4501 2253 4547 etcum
2288 4492 2518 4557 strepitu
2552 4492 2604 4544 in
2638 4490 2815 4543 Nilum
2849 4490 3155 4543 cadentium
3193 4489 3460 4543 horrenda

1892 4584 2137 4653 quaedam
2174 4596 2282 4645 res,
2312 4589 2367 4634 et
2398 4583 2583 4635 auditu
2615 4581 2967 4635 intolerabilis
3002 4589 3244 4647 apparet,
3277 4578 3455 4633 multi-

1892 4690 1996 4744 que
2022 4688 2189 4742 prope
2212 4673 2531 4726 accedentes
2556 4671 2670 4741 (94)
2706 4674 2945 4725 auditum
2974 4673 3295 4725 amiserunt.

1960 4850 2276 4907 Procedenti
2306 4863 2485 4905 autem
2510 4850 2788 4920 Apollonio
2808 4851 3030 4921 ejusque
3058 4850 3345 4906 comitibus
3373 4860 3451 4907 tl}—

1892 4943 2019 4997 muli
2063 4953 2429 5014 apparuerunt
2466 4944 2689 4999 arbores
2727 4944 3000 4998 ferentes:
3035 4959 3263 5012 quorum
3308 4942 3433 4997 l'olia

1889 5034 2260 5103 corticemque
2301 5043 2359 5087 et
2404 5034 2669 5105 lacrymas
2716 5036 2855 5089 inter
2897 5034 3103 5088 fructus
3145 5031 3458 5102 Ethiopum

1890 5134 2195 5181 numerant.
2240 5124 2498 5180 Viderunt
2536 5126 2699 5181 etiam
2734 5140 2893 5181 secus
2922 5127 3063 5180 viam
3090 5126 3298 5187 leones,
3325 5137 3435 5194 pati.

1447 5301 1681 5355 VAthE
1723 5300 2129 5358 LECTIUNES.

274 5412 323 5443 "
350 5409 659 5485 Αἰθιόπων]
678 5429 751 5479 vt,
906 5413 953 5446 ⁸³
982 5415 1078 5468 καὶ
1105 5414 1235 5485 λίνῳ
1261 5431 1370 5473 om.
1397 5416 1506 5471 ΑΒ.

1614 5420 1656 5453 δ’
1692 5418 1962 5493 ἐντεῦθεν]
1991 5420 2151 5493 ιἰ.
2230 5422 2279 5493 ’ἦ
2296 5422 2563 5493 τιμασὶων
2617 5423 2727 5477 Bet
2785 5437 2928 5475 corr.
2986 5419 3026 5472 Α
3071 5435 3359 5493 ελτιμασιον
3386 5432 3452 5483 ς.

195 5483 246 5561 ξξ
282 5481 700 5561 ξιφικόμενρςᾼ.
778 5484 823 5513 ⁸⁸
851 5485 987 5561 φασξ
1018 5502 1077 5547 ς.
1124 5481 1391 5561 -ξίό-οιιι.
1413 5489 1485 5561 Α.
1564 5488 1609 5518 ⁸⁸
1641 5481 2159 5559 συνόιατρ.]ἰ·ι,¹ὶ3.
2233 5492 2281 5522 ³⁸
2306 5481 2380 5559 τῷ
2416 5492 2554 5561 λυδῷ
2582 5493 2619 5545 Β
2651 5502 2705 5546 et
2738 5507 2880 5547 corr.
2918 5494 2958 5545 Α
2998 5508 3010 5543 :
3039 5488 3147 5544 τῶν
3168 5481 3358 5542 Ἀιιδὼν
3388 5481 3454 5553 ς.

196 5551 249 5584 ⁸⁸
282 5553 406 5604 libri
436 5549 876 5616 ἁποδάλλοντεςί
940 5553 987 5585 "
1018 5554 1281 5626 προῖόντι]
1304 5570 1379 5621 vl,
1410 5556 1496 5611 24.

278 5755 397 5827 (Μ)
451 5752 581 5811 Vide
628 5758 697 5814 de
741 5756 1033 5832 Catadupis
1078 5760 1393 5818 Ciceronem
1448 5764 1497 5817 in
1553 5672 2115 5834 Soltitli‘iggfipionis,
2146 5764 2237 5822 lib.
2278 5780 2327 5819 νι
2363 5764 2433 5820 De
2467 5765 2752 5835 "publica,
