4206 6436
710 384 851 451 1235

1848 386 2105 447 PHOTII
2148 388 2649 451 PATRIARCH/E
2678 394 2787 455 ΕΡ.

3844 396 3984 466 1935

716 500 933 561 theras,
979 505 1034 551 et
1073 495 1206 551 alias
1232 494 1539 565 hujusmodi
1588 495 1750 559 feras,
1793 512 2022 565 quarum
2054 500 2197 552 nulla
2239 503 2291 553 in

2425 502 2515 554 δοῦ
2543 506 2637 556 καὶ
2662 506 2957 575 παρδάλεις
2981 508 3074 560 καὶ
3100 506 3322 562 τοιαῦτα
3343 508 3504 577 θηρία
3529 525 3693 577 ετερα
3713 524 3728 538 ο
3754 509 3919 579 ἐπῄει
3938 510 3983 541 ⁸⁸

710 604 809 645 eos
838 589 1097 659 impetum
1126 586 1304 641 facere
1336 589 1579 652 tentavit,
1605 589 1697 642 scd
1726 597 1984 657 tanquam
2014 590 2291 644 hominum

713 691 1065 751 conspectum
1103 689 1383 749 stupentes
1418 680 1763 748 praeteribant
1806 698 1819 733 :
1853 696 2043 735 cervos
2078 683 2296 749 insuper

716 785 772 827 et
794 788 1044 841 capreas,
1070 772 1516 839 struthionesque
1537 780 1591 825 et
1623 771 1811 825 asinos
1840 770 2121 826 silvestres
2144 788 2295 825 coin-

716 862 922 930 plures,
954 871 1009 915 et
1036 862 1352 914 animalium
1393 863 1539 913 varia
1569 875 1798 929 genera,
1830 860 1972 913 inter
1997 877 2119 930 quas
2149 861 2299 915 fuere

717 953 993 1007 silvestres
1038 954 1203 1008 boves
1237 963 1292 1007 et
1337 954 1675 1007 hircoboves.
1714 952 1850 1008 Sunt
1879 967 2056 1009 autem
2110 955 2299 1023 hujus-

720 1045 865 1098 modi
892 1045 1191 1098 belluarum
1235 1044 1353 1097 alia:
1398 1059 1461 1097 ex
1499 1058 1657 1097 cervo
1680 1044 1941 1112 hircoque
1969 1048 2298 1113 compositae,

721 1150 842 1203 qua:
886 1148 951 1188 ex
982 1135 1211 1188 diversis
1246 1136 1737 1189 denominationem
1772 1136 1993 1203 capiunt
2051 1136 2300 1188 animali-

721 1225 846 1279 bus.
896 1223 1033 1279 Ossa
1085 1225 1305 1294 insuper
1358 1226 1661 1293 hujusmodi
1706 1226 1940 1279 ferarum
1990 1236 2043 1278 et
2090 1241 2303 1279 semesa

722 1317 1036 1369 earumdem
1060 1319 1323 1370 cadavera
1352 1316 1691 1369 invenerunt.
1728 1314 1936 1369 Leones
1962 1318 2105 1369 enim
2132 1317 2304 1370 calida

722 1406 905 1473 praeda
953 1405 1116 1459 semel
1171 1406 1435 1470 saturati,
1497 1405 1691 1474 330b
1761 1406 2020 1473 reliquias
2078 1407 2308 1474 amplius

728 1495 1001 1563 attingere
1022 1494 1403 1564 dedignantur,
1424 1495 1775 1560 confidentes,
1802 1506 1857 1550 ut
1878 1496 2089 1564 opinor,
2116 1512 2307 1551 novam

729 1599 921 1639 rursus
944 1600 1003 1639 se
1034 1587 1268 1649 praedam
1301 1600 1457 1653 posse
1483 1585 1694 1637 venari.

802 1674 915 1728 lllic
968 1674 1250 1745 Ethiopes
1290 1676 1532 1729 habitant
1584 1676 1847 1729 Nomades
1896 1678 2170 1744 appellati,
2220 1680 2311 1747 qui

729 1764 981 1817 civitates
1012 1764 1063 1817 in
1094 1766 1345 1819 curribus
1377 1767 1580 1834 positas
1618 1766 1836 1820 habent.
1873 1766 2108 1821 l’roximi
2135 1782 2310 1823 autem

2396 594 2452 646 δὲ
2476 596 2627 647 οὐδὲν
2674 599 2879 662 αὐτοῖς,
2922 600 3038 652 ἀλλ’
3071 600 3329 670 άπεπήδα
3377 601 3523 667 σφῶν
3566 600 3759 671 ὥσπερ
3814 603 3984 653 ἐκπε-

2399 686 2689 755 πληγμένα
2720 688 2846 749 τοὺς
2880 689 3225 760 ἀνθρώπους.
3256 691 3482 757 Ἐλαφοι
3518 691 3569 742 δὲ
3607 694 3699 743 καὶ
3722 691 3985 759 δορκάδες

2400 778 2493 829 καὶ
2523 779 2771 847 στρουθοὶ
2800 782 2890 832 καὶ
2925 782 3056 841 ὄνοι,
3081 782 3249 834 πολλὰ
3281 783 3378 849 μὲν
3412 784 3500 833 καὶ
3538 783 3712 834 ταῦτα
3752 784 3985 848 ἑωρᾶτο,

2401 870 2628 923 πλεῖστα
2656 872 2711 924 δὲ
2742 875 2790 924 οἱ
2817 875 3039 943 βόαγροί
3068 892 3126 925 τε
3161 878 3251 927 καὶ
3283 876 3329 926 οἱ
3361 875 3678 943 βοὺτραγοι·
3708 873 3878 943 [1016
3898 872 3986 943 [1.]

2405 960 2690 1027 σύγκειται
2720 964 2774 1015 δὲ
2809 966 2871 1016 τὰ
2900 965 3061 1034 θηρία
3102 966 3294 1029 ταῦτα,
3329 966 3389 1017 τὸ
3430 966 3527 1034 μὲν
3565 966 3766 1031 ἐλάφου
3802 983 3864 1015 τε
3900 967 3989 1015 καὶ

2400 1055 2628 1121 τράγου,
2658 1056 2717 1107 τὸ
2750 1056 2806 1108 δὲ
2853 1057 2945 1125 ἀφ’
2976 1051 3149 1127 οὗπερ
3191 1057 3291 1125 τὴν
3323 1058 3637 1125 ἐπωνυμίαν
3690 1056 3899 1125 εὕρηκε
3923 1057 3988 1108 ⁸’.

2407 1148 2516 1199 Καὶ
2556 1149 2734 1209 ὀστοῖς
2769 1148 2824 1200 δέ
2852 1149 3057 1201 τούτων
3094 1150 3455 1218 ἐνετύγχανον
3494 1149 3591 1202 καὶ
3651 1148 3992 1216 ἡμιϐρώτοις

2410 1232 2657 1303 σώμασιν
2680 1252 2693 1266 °
2726 1238 2777 1289 οἱ
2804 1238 2910 1307 γάρ
2939 1238 3172 1302 λέοντες,
3200 1239 3416 1292 ἐπειδὰν
3452 1239 3658 1307 θερμῆς
3692 1238 3791 1303 τῆς
3820 1236 3993 1305 θήρας

2408 1326 2818 1396 ἐμφορηθῶσιν,
2869 1331 3227 1399 ἀτιμάζουσιν
3262 1331 3433 1399 αὐτῆς
3479 1333 3548 1383 τὰ
3602 1330 3865 1400 περιττά,
3902 1347 3991 1381 πι-

2412 1417 2715 1482 στεύοντες,
2737 1415 2912 1487 οἶμαι,
2944 1422 3004 1472 τὸ
3030 1422 3076 1452 ⁸⁸
3110 1422 3204 1475 καὶ
3234 1419 3389 1484 αὖθις
3424 1423 3703 1491 θηράσειν.

2498 1676 2821 1731 Ἐνταῢθαθί
2854 1678 3111 1748 νομάδες
3142 1680 3389 1734 οἰκοῦσιν
3418 1682 3695 1743 Αἰθίοπες,
3728 1682 3816 1748 ἐφ’
3849 1681 3996 1749 άμα-

2420 1766 2526 1830 ξῶν
2574 1770 2966 1839 πεπολισμένοι
2994 1773 3060 1836 ⁸⁸,
3123 1773 3216 1823 καὶ
3262 1772 3489 1839 πλησίον
3528 1772 3733 1824 τούτων
3789 1774 3838 1823 oi
3870 1773 3996 1831 τοὺς

730 1855 841 1909 illis
866 1865 1009 1922 sunt,
1036 1856 1125 1924 qui
1155 1857 1469 1924 elephantes
1493 1868 1779 1918 venantur,
1808 1858 2033 1925 illosque
2066 1859 2118 1911 in
2140 1859 2309 1913 frusta

2422 1858 2714 1925 ἐλέφαντας
2759 1858 3073 1928 θηρῶντες⁶
3126 1858 3253 1930 [5'59
3305 1858 3395 1929 IL]
3446 1860 3887 1919 κατακόπτοντες
3943 1856 3998 1908 δὲ

728 1947 932 2001 divisos
991 1950 1261 2011 vendunt,
1304 1950 1445 2003 unde
1488 1964 1783 2018 cognomen
1828 1951 2005 2017 adepti
2049 1950 2312 2017 Elephan-

730 2040 944 2108 sophagi
1010 2050 1290 2093 vocantur.
1356 2038 1692 2095 Nasamones
1743 2050 1796 2093 et
1844 2043 2309 2112 AnthrOpophagi,

728 2126 969 2199 Pygmaei
1016 2145 1229 2200 quoque
1259 2139 1313 2184 et
1341 2129 1662 2200 Sciapodes,
1712 2132 1787 2194 hi,
1843 2133 2091 2199 inquam,
2124 2150 2313 2189 onmes

728 2217 1022 2288 Ethiopian
1051 2231 1238 2290 gentes
1262 2231 1387 2275 sunt
1408 2263 1423 2287 ,
1461 2224 1783 2290 perveniunt
1814 2233 1995 2275 autem
2041 2224 2106 2277 ad
2142 2226 2311 2279 Ocea-

726 2326 856 2365 num
906 2312 1232 2383 EthiOpize,
1279 2328 1387 2383 quo
1429 2314 1601 2369 solum
1653 2316 1702 2369 vi
1760 2317 2099 2385 tempestatis
2149 2318 2312 2371 delati

730 2402 890 2456 inviti
932 2403 1227 2471 trajiciunt.

799 2492 933 2549 Cum
971 2494 1045 2547 illi
1087 2496 1153 2549 de
1194 2494 1330 2549 feris
1374 2511 1509 2566 quas
1550 2499 1798 2552 viderant
1837 2498 2214 2567 loquerentur,
2260 2510 2316 2555 et

728 2593 980 2639 naturam
1020 2586 1443 2651 admirarentur,
1477 2605 1595 2658 qua:
1634 2600 1738 2642 tam
1794 2591 1943 2644 varia
1988 2594 2315 2662 diversaque

730 2676 1043 2731 animalium
1095 2692 1291 2745 genera
1338 2683 1544 2746 pascit,
1606 2683 1812 2735 sonitus
1863 2683 2080 2751 quidam
2126 2699 2313 2737 eorum

731 2782 892 2821 aures
935 2770 1237 2835 percussit,
1287 2780 1542 2840 tanquam
1587 2774 1789 2827 tonitru
1836 2778 2072 2828 nondum
2114 2776 2313 2830 invale-

732 2860 960 2922 scentis,
993 2861 1087 2913 sed
1121 2860 1299 2913 adhuc
1325 2862 1465 2915 intra
1494 2864 1652 2916 nubis
1677 2866 2069 2918 concavitatetn
2100 2867 2312 2921 inclusi.

732 2946 872 3001 Tum
916 2946 1190 3003 Timasion
1221 2967 1235 3002 :
1271 2949 1442 3017 Prope
1470 2962 1565 3012 est,
1602 2952 1794 3018 inquit,
1826 2970 1854 3006 o
1874 2956 1989 3017 viri,
2019 2964 2311 3017 cataracta,

732 3054 853 3105 qua
908 3040 1303 3093 ascendentibus
1371 3044 1577 3108 prima,
1630 3043 2059 3097 descendentibus
2125 3047 2317 3097 ultima

736 3130 999 3194 occurrit,
1050 3141 1277 3199 quatuor
1314 3132 1451 3184 enim
1486 3143 1628 3184 sunt.
1684 3133 1885 3185 Deinde
1929 3134 2102 3185 stadia
2150 3134 2316 3188 ferme

737 3220 922 3274 decem
949 3222 1238 3290 progressi,
1267 3222 1513 3276 viderunt
1536 3221 1753 3275 fluvium
1781 3238 1844 3275 ex
1873 3234 2050 3277 monte
2073 3224 2311 3279 deﬂuen-

741 3320 870 3375 tem,
898 3312 1063 3365 nihilo
1096 3312 1354 3379 majorem
1383 3328 1543 3381 quam
1580 3312 1793 3382 Marsya
1818 3315 1905 3374 sit,
1936 3326 2098 3383 atque
2127 3314 2321 3369 Ματιη-

740 3402 859 3465 der,
899 3403 985 3455 ubi
1024 3404 1254 3469 primum
1294 3404 1345 3456 in
1380 3420 1541 3456 unum
1578 3402 1853 3458 confluunt
1878 3445 1891 3468 ,
1930 3404 2155 3458 ulterius
2195 3420 2322 3459 vero

740 3506 1141 3560 processerunt,
1167 3511 1263 3548 nec
1294 3496 1429 3549 ullas
1452 3497 1686 3562 amplius
1714 3496 1853 3549 feras
1884 3496 2154 3549 videbant.
2189 3496 2321 3550 Nam

742 3597 866 3637 cum
898 3585 1005 3637 sint
1038 3595 1227 3637 natura
1268 3585 1507 3653 pavidae,
1545 3586 1700 3653 juxta
1731 3586 1941 3654 quietas
1968 3603 2139 3655 aquas
2168 3588 2321 3641 babi-

742 3682 863 3727 tant
901 3677 1101 3742 potius,
1137 3692 1295 3744 quam
1320 3676 1472 3745 juxta
1504 3678 1851 3746 confragosas
1900 3689 1953 3731 et
2001 3681 2324 3749 obstrepen-

746 3774 848 3819 tes.
881 3765 1006 3819 Inde
1037 3778 1158 3834 post
1192 3768 1363 3820 stadia
1398 3766 1565 3821 ferme
1599 3768 1903 3836 quindecim
1948 3768 2104 3820 aliam
2140 3770 2325 3822 audicv

743 3864 872 3909 runt
926 3867 1253 3911 cataractam
1306 3858 1573 3925 ditlicilem
1637 3874 1767 3912 sane
1824 3870 1877 3912 et
1936 3859 2325 3913 intolerabilem

743 3948 952 4010 auditu,
969 3958 1022 4002 et
1054 3963 1173 4017 qua:
1192 3950 1424 4017 priorem
1450 3951 1608 4018 duplo
1638 3949 1806 4003 ferme
1824 3962 2106 4019 superaret
2132 3968 2143 4003 :
2165 3968 2325 4020 quam

744 4051 868 4089 eum
912 4051 979 4090 ex
1012 4037 1127 4091 loco
1167 4040 1324 4106 longe
1366 4054 1526 4105 quant
1573 4040 1719 4106 prior
1766 4041 1957 4095 altiore
2002 4042 2324 4110 pra-cipitari

743 4128 970 4183 vidisset
994 4130 1199 4194 Darnis,
1229 4132 1457 4185 coinites
1484 4131 1712 4199 aliquos,
1738 4140 1846 4183 tum
1874 4134 2324 4201 etiamseipsum,

746 4219 823 4272 ita
868 4218 1197 4288 stupefactos
1236 4224 1458 4275 auribus
1503 4223 1702 4286 refert,
1753 4233 1809 4275 ut
1850 4238 1906 4275 se
1948 4225 2013 4275 ab
2047 4226 2329 4289 Apollonio

748 4320 1114 4374 semoverent,
1153 4325 1513 4381 rogaremque
1538 4328 1603 4366 ne
1631 4315 1859 4366 ulterius
1888 4318 2325 4381 progrederetur.

746 4400 945 4455 Verum
993 4404 1083 4458 ille
1130 4416 1444 4458 constanter
1490 4405 1608 4459 Nilo
1652 4409 1883 4473 quodam
1936 4410 2151 4461 nomine
2186 4409 2325 4461 dun-

2413 1952 2607 2012 αὐτοὺς
2660 1952 2940 2004 ποιοῦνται
2986 1953 3214 2021 ἀγοράν,
3258 1951 3379 2004 ὅθεν
3428 1951 3706 2017 ἐπώνυμοί
3757 1952 3864 2001 εἱσι
3900 1949 3998 2015 τῆς

2412 2042 2521 2094 τῶν
2554 2043 2860 2111 ἐλεφάντων
2890 2043 3163 2114 βρώσεως.
3215 2044 3549 2113 Νασαμῶνες
3578 2044 3621 2073 ⁶³
3657 2043 3712 2094 δὲ
3751 2044 3847 2093 καὶ
3881 2042 4000 2093 Ἀν·

2413 2133 2672 2202 δροφάγοι
2724 2138 2817 2187 κα)⁸
2858 2138 3129 2205 Πυγμαῖοι
3181 2141 3276 2191 καὶ
3330 2135 3659 2197 Σκιάποδες,
3708 2133 3838 2200 ἔθνη
3902 2134 3999 2199 μὲν

2415 2226 2686 2277 Αἰθιόπων
2720 2228 2814 2279 καὶ
2865 2227 2994 2289 οἵδε,
3054 2228 3361 2295 καθήκουσι
3410 2227 3465 2277 δὲ
3515 2228 3570 2288 ἐς
3624 2226 3715 2277 τὸν
3760 2224 4004 2277 Αἰθίοπα

2415 2317 2672 2381 ὠκεανὸν,
2724 2317 2783 2368 δν
2844 2319 3002 2385 μόνον
3034 2318 3354 2373 ἐσπλέουσιν
3404 2316 3797 2385 ἀπενεχθέντες
3839 2317 3996 2367 άκον-

2416 2426 2529 2471 τες.

2487 2501 2914 2569 Διαλεγομένους
2934 2501 2980 2531 ⁸⁵
3004 2500 3059 2553 δέ
3090 2500 3231 2568 ὑπὲρ
3255 2500 3363 2552 τῶν
3386 2500 3589 2569 θηρίων
3618 2500 3747 2560 τοὺς
3776 2496 4004 2567 ἄνδρας,

2418 2593 2511 2644 καὶ
2556 2592 2979 2659 φιλοσοφοῦντας
3030 2591 3173 2662 ὑπὲρ
3227 2592 3331 2657 τῆς
3376 2591 3591 2658 φύσεως
3646 2590 3774 2642 ἄλλο
3828 2588 4002 2647 ἄλλως

2421 2682 2743 2752 βοσκούσης,
2795 2685 2913 2752 ἠχὼ
2966 2684 3339 2752 προσέϐαλλεν
3399 2678 3510 2735 οἷον
3563 2682 3793 2751 βροντῆς
3852 2681 4005 2733 οὗπω

2422 2775 2661 2843 σκληρᾶς
2692 2775 2827 2826 ἀλλὰ
2858 2776 3043 2844 κοίλης
3100 2776 3180 2828 ἔτι
3228 2776 3324 2828 καὶ
3360 2777 3417 2826 ἐν
3455 2774 3532 2843 τῷ
3585 2777 3759 2839 νέφει.
3817 2776 3928 2825 Καὶ
3979 2774 4006 2823 ὁ

2420 2867 2703 2931 Τιμασίων
2730 2883 2742 2894 ·
2789 2865 3021 2934 Ἑγηιὺς,
3069 2866 3194 2933 ἐφη,
3235 2868 3268 2917 ὀ
3323 2864 3737 2932 καττιρῤἀκτης
3778 2868 3812 2916 ὁ
3850 2862 4006 2929 πρὼ-

2420 2975 2521 3019 τος
2547 2956 2663 3023 μὲν
2693 2956 3006 3015 ἀνιόντων,
3035 2956 3296 3019 ὕστατος
3317 2954 3385 3006 δὲ
3412 2960 3758 3006 κατιόντων.
3792 2953 4005 3004 Τέσσα-

2423 3064 2512 3114 ρες
2557 3046 2599 3099 δ’
2643 3046 2749 3113 ἄρα
2779 3047 2827 3097 οἱ
2871 3047 3274 3115 καταρράκται.
3335 3045 3529 3097 Στάδια
3572 3045 3627 3096 δὲ
3686 3044 3815 3105 ἴσως
3876 3061 4010 3113 προ-

2422 3136 2662 3196 ελθόντες
2705 3135 2836 3188 δέκα
2890 3136 3016 3187 ἰδεῖν
3080 3152 3210 3202 φασι
3244 3136 3486 3203 ποταμὸν
3519 3134 3870 3202 ἐκδιδόμενον
3918 3134 4011 3185 τοῦ

2424 3228 2600 3297 ὅρους,
2636 3228 2772 3295 μείω
2804 3227 2953 3278 οὐδὲν
2983 3228 3014 3294 ἢ
3050 3229 3107 3278 ἐν
3144 3226 3387 3293 πρώταις
3424 3226 3719 3293 συμϐολαῖς
3742 3227 3770 3276 ὁ
3798 3227 4018 3278 Μαίαν-

2424 3316 2567 3383 δρος.
2596 3315 2911 3384 Χωροῦντες
2938 3318 2981 3346 ⁸⁵
3013 3316 3069 3367 δὲ
3094 3317 3282 3385 πρόσω
3309 3316 3473 3384 θηρία
3516 3316 3615 3384 μὲν
3653 3317 3843 3367 οὐκέτι
3880 3319 4017 3385 δρᾷν

2428 3407 2687 3471 (ίᾲοφοδεᾶ
2724 3406 2833 3476 γὰρ
2871 3407 3029 3473 φύσει
3055 3407 3185 3459 ὄντα
3241 3408 3555 3475 προσοικεῖν
3603 3409 3715 3467 τοῖς
3757 3408 4019 3476 γαληνοῖς

2429 3494 2581 3546 ὕδασι
2622 3495 2822 3563 μᾶλλον
2875 3495 2906 3564 ἢ
2942 3498 3051 3557 τοῖς
3088 3495 3367 3563 ραγδαίοις
3396 3512 3455 3546 τε
3483 3497 3574 3546 καὶ
3609 3496 3873 3563 ἐνήχοις),
3899 3497 4018 3547 ἐτέ-

2434 3605 2525 3656 ρου
2556 3587 2611 3638 δέ
2644 3588 3028 3656 καταρράκτου
3052 3587 3282 3639 ἀκοῦσαι
3316 3587 3453 3654 μετὰ
3485 3588 3889 3639 πεντεκαίδεκά
3918 3606 4019 3640 που

2434 3678 2644 3738 στάδια,
2696 3676 2933 3744 χαλεποῦ
2980 3677 3079 3743 ἤδη
3133 3676 3227 3726 καὶ⁵
3262 3678 3362 3726 οὐκ
3409 3674 3633 3727 ἀνεκτοῦ
3668 3675 3908 3727 ἀκοῦσαι
3939 3679 4019 3706 ⁸⁸·

2430 3767 2709 3820 διπλάσιον
2744 3767 2841 3835 μὲν
2874 3767 2979 3836 γὰρ
3026 3762 3163 3817 εἶναι
3194 3766 3356 3817 αὑτὸν
3386 3765 3477 3817 τοῦ
3528 3769 3826 3835 προτέρου,
3878 3768 4022 3837 ὀρῶν

2429 3858 2485 3909 δὲ
2523 3858 2869 3927 ὑψηλοτέρων
2894 3859 3199 3910 ἐκπίπτειν.
3235 3858 3456 3909 Ἑαυτὸν
3492 3858 3589 3926 μὲν
3627 3857 3719 3910 οὖν
3744 3860 3840 3910 καί
3871 3878 4021 3919 τινας

2430 3950 2539 4001 τῶν
2571 3950 2801 4017 ἑταίρων
2826 3949 2868 3978 ⁸⁷
2897 3949 3039 4000 οὕτω
3071 3966 3123 3999 τι
3154 3948 3565 4014 ἐγκτυπηθῆναι
3597 3948 3665 3999 τά
3695 3941 3815 4001 ὦτά
3854 3967 4023 4017 φησιν

2433 4041 2460 4090 ὁ
2496 4040 2688 4108 Δάμις,
2726 4039 2799 4105 ᾡς
2830 4038 2990 4100 αὑτός
3020 4036 3065 4067 ⁸⁸
3090 4054 3149 4089 τε
3190 4039 3233 4067 ⁸³
3275 4037 3567 4101 ἀναζεῦξαι
3593 4036 3685 4088 τοῦ
3722 4054 3782 4087 τε
3822 4039 4023 4089 ’Λπολ-

2433 4130 2626 4183 λωνίου
2658 4129 2862 4180 δεῖσθαι
2904 4128 2975 4197 μὴ
3009 4128 3194 4197 πρόσω
3221 4130 3439 4196 χωρεῖν.
3468 4128 3570 4179 Τὸν
3592 4129 3644 4179 δέ
3684 4128 4024 4197 ἐρρωμένως

2433 4222 2527 4288 ξύν
2551 4239 2609 4273 τε
2632 4221 2707 4289 τῷ
2743 4221 3046 4289 Τιμασίωνι
3076 4222 3169 4271 καὶ
3198 4220 3371 4287 ἐτέρῳ
3414 4219 3519 4270 τινὶ
3561 4218 3802 4287 τοῦνομα
3843 4220 4024 4286 Νείλῳ

2432 4314 2526 4365 τοῦ
2584 4315 2766 4382 τρίτου
2827 4313 3208 4381 καταρῤάκτου
3271 4310 3518 4378 ἔχεσθαι,
3579 4311 3704 4379 περὶ
3772 4306 3835 4363 οὗ
3900 4313 4023 4363 τάδε

2433 4407 2764 4473 ἀπαγγεῖλαι
2820 4406 3043 4473 ἥκοντα.
3101 4404 3537 4472 Ἑπικρεμᾶσθαι
3571 4403 3670 4472 μὲν
3716 4404 3797 4472 τῷ
3845 4405 4024 4473 Νείλῳ

746 4504 918 4558 taxat,
955 4493 1375 4560 Timasioneqne
1408 4497 1826 4560 comitantibus,
1870 4508 2155 4552 cataracta)
2213 4509 2316 4553 ter-

2438 4497 2683 4566 κορυφὰς
2714 4498 2830 4547 ἐκεῖ
2884 4496 3113 4547 σταδίων
3144 4495 3379 4561 μάλιστα
3425 4494 3567 4546 ὀκτὼ
3614 4494 3771 4561 ὕψος,
3818 4496 3921 4565 τὴν
3969 4496 4023 4545 δὲ

750 4584 838 4636 tite
876 4587 1276 4653 propinqnavit,
1311 4587 1432 4640 imle
1460 4588 1525 4639 ad
1552 4588 1728 4640 socios
1757 4603 2026 4651 reversus,
2060 4591 2329 4643 nuntiavit

748 4690 1045 4743 suspensos
1080 4678 1189 4730 illic
1232 4692 1353 4732 esse
1388 4678 1616 4732 vertices
1665 4676 1804 4740 Nili,
1849 4678 2133 4733 altitudine
2163 4680 2333 4734 ferme

752 4769 1048 4821 stadiorum
1099 4780 1268 4824 octo:
1321 4771 1489 4837 ripam
1530 4786 1657 4824 vero
1712 4787 1831 4840 qnze
1861 4773 2129 4825 montibus
2169 4788 2332 4839 Oppo-

752 4860 927 4924 nitnr,
964 4862 1309 4928 supercilium
1363 4864 1561 4915 habere
1595 4862 1897 4930 lapicidinre
1934 4862 2329 4927 inenarrabilis,

756 4953 933 5006 fontes
961 4968 1090 5006 vero
1121 4968 1185 5006 ex
1225 4955 1498 5007 montibus
1534 4957 1831 5022 pendentes
1866 4954 2113 5007 decidere
2146 4956 2196 5007 in
2240 4972 2331 5023 pe-

756 5055 959 5098 trosam
1005 5046 1213 5113 ripam,
1258 5046 1380 5099 inde
1420 5046 1469 5098 in
1514 5045 1689 5099 Nilum
1730 5046 1940 5099 refuntli
1979 5062 2169 5113 aquam
2202 5062 2330 5113 spn-

754 5144 989 5186 tnantem
1028 5144 1083 5188 et
1120 5144 1458 5187 aestuantem.
1506 5137 1819 5189 Accidentia
1872 5151 2033 5199 vero,
2066 5152 2183 5204 qua:
2217 5137 2337 5189 inde

752 5226 1002 5279 oriantur
1055 5228 1372 5296 multiplicia
1424 5238 1581 5294 sunt,
1637 5229 1917 5297 magisque
1970 5229 2118 5281 varia
2174 5245 2336 5296 quam

756 5332 877 5385 qua:
918 5319 967 5369 in
999 5318 1118 5372 aliis
1151 5321 1443 5373 cataractis
1468 5319 1742 5381 eveniunt,
1774 5329 1825 5372 et
1854 5319 1942 5386 qui
1975 5319 2083 5373 illic
2116 5334 2144 5371 e
2184 5334 2336 5372 mon-

2435 4588 2600 4656 ὄχθην
2637 4592 2736 4656 τὴν
2769 4585 3155 4654 ἀντικειμένην
3196 4587 3306 4647 τοῖς
3332 4586 3512 4653 ὄρεσιν
3552 4586 3726 4652 ὀφρὺν
3761 4581 3906 4638 εἶναι
3945 4587 4025 4638 λι-

2436 4677 2693 4745 θοτομίας
2721 4678 2988 4744 ἀρρήτου,
3014 4676 3111 4735 τὰς
3147 4674 3203 4726 δὲ
3241 4674 3420 4743 πηγάς
3456 4676 4026 4744 άποκρεμαννυμένας

2431 4770 2538 4820 τῶν
2566 4769 2706 4836 ὀρῶν
2733 4768 3098 4837 ὑπερπίπτειν
3131 4768 3206 4829 είς
3238 4768 3334 4836 τὴν
3376 4766 3624 4837 πετρώδη
3654 4767 3847 4836 ὄχθην,
3892 4771 4024 4821 tiva-

2432 4859 2643 4929 χεῖσθαι
2665 4858 2722 4910 δὲ
2761 4858 2970 4910 ἐκεῖθεν
2999 4861 3055 4920 ἐς
3082 4861 3173 4910 τὸν
3211 4857 3402 4910 Νεῖλον
3436 4858 3813 4926 κυμαίνούσας
3843 4876 3902 4910 τε
3934 4862 4025 4911 καὶ

2437 4950 2658 5015 λευκὰς,
2711 4949 2777 5003 τά
2825 4950 2880 5002 δὲ
2928 4950 3071 5018 πάθη
3123 4951 3187 5002 τά
3240 4951 3367 5018 περὶ
3441 4951 3609 5010 αὐτας
3656 4949 4027 5018 ξυμὸαίνοντα

2440 5041 2907 5109 πολλαπλασίαςῆ
2950 5044 3004 5093 αἱ
3041 5042 3305 5111 πρότεραι
3347 5042 3531 5103 οὔσας,
3572 5045 3663 5093 καὶ
3711 5043 3813 5111 τὴν
3848 5042 4024 5110 πηδὼο

2438 5152 2533 5185 σειν
2572 5136 2633 5185 ἐκ
2673 5132 2877 5185 τούτων
2916 5132 3031 5201 ὴχὼ
3063 5137 3119 5195 ἐς
3170 5135 3234 5185 τὰ
3262 5133 3363 5203 ὅρη
3394 5133 3655 5201 δυσήκοον
3688 5133 4024 5202 ἐργάζεσθαι

2435 5225 2531 5295 τὴν
2562 5226 2808 5295 ἱστορίαν
2845 5225 2936 5277 τοῦ
2970 5226 3259 5293 ῥεύματος.
3296 5226 3405 5293 Τὴν
3444 5226 3499 5276 δὲ
3539 5225 3727 5293 πρόσω
3771 5224 3895 5277 ὁδὸν
3932 5225 4023 5292 τὴν

2438 5320 2529 5368 ἐπὶ
2555 5317 2653 5380 τὰς
2693 5317 2917 5387 πρώτας
2963 5318 3143 5386 πηγάς
3182 5316 3423 5385 ἄγουσαν
3468 5320 3672 5385 ἄπορον
3705 5318 3808 5386 μὲν
3850 5316 4023 5369 ἐλθεῖν

2037 5498 2263 5551 κἈιιΙίΕ
2303 5498 2701 5554 LECTIONES.

824 5634 869 5666 ”
894 5635 1131 5699 ἐποίεις
1208 5636 1251 5666 ⁵³
1286 5636 1483 5703 εὕρηκε
1520 5637 1577 5694 Β,
1608 5640 1801 5705 ἤιρηκε
1834 5638 1905 5689 A:
1939 5636 2125 5703 εἴρηκε
2164 5654 2221 5699 ς.

760 5706 1233 5773 τεπολιωμένοιςδ.
1312 5707 1355 5736 ⁸³
1403 5708 1771 5773 Νασσάμωνες
1810 5725 1864 5769 ς.

759 5773 805 5808 ⁸⁷
834 5775 1061 5846 ἑταίρων
1088 5791 1227 5831 corr.
1263 5777 1339 5830 A:
1372 5777 1569 5845 ἑτέρων
1605 5794 1661 5838 τ.
1742 5779 1783 5812 ⁸⁸
1812 5778 1967 5829 αὐτόν
2003 5777 2057 5829 ll.

2338 5637 2379 5665 ⁶⁰
2412 5635 2493 5703 τὸ]
2528 5638 2706 5687 tttulitn
2737 5637 2831 5705 τῷ.

1968 5708 2010 5736 οδ
2041 5705 2269 5772 διαλεγ.]
2302 5721 2350 5756 Vl
2377 5747 2388 5764 ,
2419 5706 2507 5758 ‘26.

2139 5778 2265 5827 “te
2301 5777 2373 5827 A:

2950 5636 2987 5665 ⁶¹
3020 5634 3271 5705 ἐνταῦθα]
3309 5652 3379 5705 vt,
3411 5634 3527 5705 ‘23.?
3601 5633 3645 5705 "7
3683 5632 3771 5705 ὲτξ
3796 5631 4017 5705 ἁμαξῶν

2614 5709 2655 5737 ⁸⁸
2691 5701 2998 5777 χωροῦντας
3036 5723 3089 5769 ς.
3170 5707 3211 5736 ⁶⁶
3246 5701 3474 5757 ἀκοῦσαι
3506 5704 3587 5755 A:
3623 5701 3922 5756 ἀκούεσθαι
3956 5717 4016 5767 ς.

2410 5792 2463 5817 ν.
2502 5794 2537 5811 ,-

2421 5818 2467 5841 δ”
2510 5817 2557 5839 δ’
