4206 6436
212 419 327 485 1237

1232 427 1752 492 BIBLIOTHECA.
1794 457 1861 467 -
1894 432 2056 494 COD.
2090 432 2328 493 CCXLI.

3321 428 3459 499 1238

210 551 376 601 φασιν,
398 532 601 604 ἄπορον
628 532 684 587 δὲ
713 533 1086 606 ἐνθυμηθῆναι
1112 551 1126 567 ο
1154 538 1323 592 πολλὰ
1362 542 1474 611 γὰρ
1509 544 1604 595 κα)⁸
1639 542 1769 612 περὶ

1891 543 2021 597 .ibus
2061 554 2273 597 resonat
2311 542 2492 612 fragor
2518 541 2852 610 asperrimus
2879 549 2986 608 est,
3014 548 3068 596 et
3106 541 3450 595 inenarrabi-

205 624 459 693 δαιμόνων
507 625 748 696 ᾄδουσιν,
802 622 890 683 οἷα
941 628 1037 681 καὶ
1089 629 1341 701 Πινδάρῳ
1392 634 1535 685 κατὰ
1583 635 1774 701 σοφίαν

1891 636 1986 687 lem
2034 632 2137 688 Nili
2182 646 2360 689 ortum
2405 634 2597 688 reddit.
2646 634 2750 689 lter
2786 650 2914 689 vero
2954 636 3097 703 quod
3144 633 3209 686 ad
3254 633 3459 700 primos

207 714 430 785 ὕμνηται
464 717 594 785 περὶ
640 716 735 769 τοῦ
764 716 1041 787 δαίμονος,
1066 718 1126 771 ὃν
1156 722 1273 782 ταῖς
1305 723 1512 791 πηγαῖς
1550 723 1771 787 ταύταις

1891 724 2055 780 Fontes
2115 726 2288 788 ducit,
2347 724 2672 793 perarduum
2710 732 2828 789 est,
2876 735 2930 779 et
2984 741 3087 779 non
3144 723 3316 778 solum
3375 737 3465 773 ac—

206 806 477 875 ἐφίστησιν
500 807 546 837 το
575 806 715 877 ὑπὲρ
745 807 1089 878 ξυμμετρίας
1116 809 1211 863 τοῦ
1238 811 1454 865 Νείλου.

1874 829 2061 879 cesso,
2113 816 2313 885 331a
2358 815 2462 870 sed:
2502 816 2737 884 cogitatu
2790 817 2974 886 etiam]
3014 815 3249 870 ditlicile.
3302 813 3464 865 Multa

204 897 356 951 etiam
397 900 463 953 de
505 899 840 953 daemonibus
874 899 984 954 illic
1025 902 1411 959 exsistentibus
1456 904 1776 972 praedicant,
1819 906 1998 975 qualia
2021 908 2296 976 sapienter
2318 908 2372 961 in
2395 909 2512 962 suis
2547 908 2759 978 hymnis
2779 906 3046 961 Pindarus
3099 909 3165 962 de
3223 909 3468 959 daemone

206 992 416 1056 cecinit,
448 1008 607 1059 quem
645 992 953 1060 hujusmodi
988 995 1229 1050 fontibus
1260 1012 1493 1065 praeesse
1520 1000 1676 1060 dixit.
1707 1010 1767 1053 ut
1804 999 1982 1057 Nilum
2013 1004 2408 1058 moderaretur.

271 1084 391 1137 Ὀτι
415 1086 459 1116 ⁷⁸
489 1088 814 1156 Δομετιανόν
848 1104 980 1157 φησι
1019 1089 1109 1143 τὸν
1154 1089 1377 1159 βασιλέα
1412 1093 1769 1163 νομοθετῆσαι

205 1176 482 1245 εὐνούχους
509 1193 568 1227 τε
597 1177 671 1247 μὴ
705 1181 878 1230 ποιεῖν
920 1180 1014 1232 καὶ
1052 1180 1329 1248 ἀμπέλους
1371 1182 1446 1252 μὴ
1498 1182 1770 1249 φυτεύειν,

1947 1095 2036 1150 Ait
2101 1097 2462 1151 Domitianum
2526 1097 2902 1163 imperatorem
2944 1094 3215 1159 vetuisse,
3251 1109 3316 1146 ne
3344 1095 3468 1161 quis

1879 1194 2233 1249 castraretur,
2258 1201 2323 1239 ne
2350 1187 2486 1241 vites
2511 1186 2842 1255 plantentur,
2878 1185 2972 1239 sed
3009 1201 3129 1253 qua:
3154 1186 3263 1252 jam
3315 1185 3468 1252 plan-

204 1266 329 1317 ἀλλὰ
359 1267 451 1319 καὶ
491 1266 591 1328 τὰς
621 1266 785 1330 οὔσας
808 1270 1114 1339 ἐκτέμνειν.
1142 1271 1331 1324 Είπεῐν
1350 1271 1405 1323 δὲ
1440 1272 1578 1341 πρὸς
1604 1274 1779 1327 ταῦτα

1891 1283 2008 1328 tatas
2026 1283 2206 1329 essent
2229 1275 2391 1329 etiam
2425 1276 2893 1339 exscinderentur,
2924 1284 2976 1328 et
3026 1275 3364 1340 Apollonium
3399 1275 3465 1328 ad

204 1358 285 1408 τὸν
311 1356 670 1410 Ἀπολλώνιον
724 1360 800 1421 ὠς
832 1359 975 1428 Ἐγὼ
1019 1361 1136 1428 μὲν
1178 1362 1331 1425 ῑσως
1376 1363 1514 1440 οὔτε
1541 1363 1783 1418 αἰδοίων

1891 1364 2001 1417 haec
2034 1363 2275 1419 dixisse:
2310 1362 2453 1427 Quia
2500 1380 2591 1433 ego
2630 1364 2854 1433 forsitan
2882 1380 2971 1417 nec
2993 1364 3268 1431 pudendis,
3305 1380 3469 1431 neque

203 1448 403 1516 δέομαι
439 1450 577 1501 οὔτε
604 1450 795 1513 οἴνου,
850 1450 1070 1517 λέληθε
1117 1451 1187 1505 δὲ
1234 1456 1266 1507 d
1299 1454 1785 1522 θαυμασιώτατος

1891 1453 2005 1506 vino
2047 1453 2276 1520 indigeo.
2310 1452 2586 1522 lgnoravit
2618 1471 2739 1508 vero
2771 1457 2849 1507 vir
2895 1454 3240 1507 admirandus
3261 1494 3275 1518 ,
3299 1454 3469 1508 homiv

204 1538 315 1591 τῶν
334 1539 454 1607 μὲν
481 1538 806 1606 ἀνθρώπων
834 1540 1219 1610 φειδόμενος,
1266 1542 1381 1610 τὴν
1417 1542 1488 1596 δὲ
1524 1543 1642 1613 τῆν
1685 1548 1785 1600 εὑ-

206 1630 512 1698 νουχίζωγ.

1890 1542 2039 1596 nibus
2076 1559 2128 1596 se
2148 1559 2385 1611 parcere,
2414 1555 2461 1597 et
2488 1553 2684 1597 terram
2716 1555 2966 1598 castrare.

272 1719 434 1791 [lOl7
464 1718 555 1791 [1.]
577 1720 695 1773 Ὀτι
728 1722 784 1773 ὲν
814 1720 892 1790 τῷ
926 1720 969 1785 ζ’
998 1722 1094 1774 καὶ
1126 1728 1174 1792 η’
1204 1722 1402 1794 λόγῳζὸ
1421 1724 1781 1794 Φιλόστρατος

1960 1718 2322 1775 Philostratus
2382 1720 2519 1774 libro
2570 1720 2807 1789 septimo
2848 1730 2903 1775 et
2934 1731 3127 1776 octavo
3158 1720 3467 1775 libertatem

200 1810 293 1881 τὴν
322 1812 461 1882 πρὸς
478 1812 602 1873 τοὺς
622 1812 936 1881 τυράννους,
970 1813 1063 1865 καὶ
1096 1813 1331 1882 μάλιστα
1365 1816 1502 1886 πρὸς
1526 1818 1787 1887 Δομετιαν

204 1903 306 1963 νον,
344 1900 439 1952 τοῦ
480 1900 837 1953 Ἀπολλωνίου
871 1902 1184 1972 παρρησίαν
1211 1902 1547 1975 ὲξυμνήσας,
1584 1908 1678 1960 καὶ
1721 1909 1791 1959 εἰ-

206 1988 320 2040 πὼν
346 1990 497 2051 ὅπως
526 2006 582 2040 τε
613 1989 829 2059 ἐγράφη
864 1990 957 2041 καὶ
978 1990 1124 2052 ὅπως
1151 1991 1483 2061 αὐτόκλητος
1516 1994 1652 2062 πρὸς
1692 1995 1790 2065 τὴν

202 2080 352 2151 δίκην
382 2080 535 2148 ἧκεν,
563 2079 710 2141 ὅπως
739 2096 797 2132 τε
825 2081 1059 2147 γέγονεν
1100 2081 1157 2133 ἐν
1196 2082 1241 2113 ⁷³
1283 2082 1501 2151 ἀδέσμῳ
1552 2086 1786 2155 φρουρᾷ,

203 2172 297 2223 καὶ
335 2172 485 2232 ὅπως
517 2170 741 2240 ὕστερον
784 2170 938 2241 ἐδέθη
973 2172 1065 2225 καὶ
1090 2170 1255 2241 ἐλύθη
1283 2173 1376 2226 καὶ
1409 2172 1790 2244 ἀπελογήσατο

202 2263 292 2315 καὶ
356 2264 452 2315 τοῦ
514 2262 867 2332 δικαστηρίου
918 2264 1152 2333 ἀπέστη,
1202 2262 1378 2318 ταῦτα
1443 2265 1635 2333 εἰπὼν,
1695 2267 1790 2321 καὶ

203 2354 447 2422 μαγικῆς
464 2355 623 2407 αὑτὸν
651 2354 779 2426 [540
805 2354 896 2425 IL]
932 2355 1038 2407 οὐδ’
1077 2355 1381 2409 ὁπωστιοῦν
1397 2357 1442 2389 ⁷⁸
1477 2361 1787 2427 μετασχεῖν,

200 2446 335 2498 ἀλλὰ
404 2446 498 2498 καὶ
535 2447 587 2498 εί
635 2464 718 2509 τις
768 2446 925 2509 ἄλλος
978 2448 1349 2516 μυσάττεσθαι
1406 2448 1610 2519 ταύτην
1664 2450 1790 2503 ἀπι-

202 2538 626 2607 σχυρισάμενος,
662 2538 839 2592 καίτοι
877 2537 1045 2592 πολλά
1077 2539 1355 2609 τερατώδη
1396 2543 1625 2609 γράφων
1659 2540 1787 2612 περὶ

201 2628 390 2692 αὑτοῦ,
435 2629 526 2682 τὸν
572 2629 800 2681 θάνατον
844 2629 1035 2699 ἄδηλον
1065 2630 1159 2682 καὶ
1187 2631 1504 2701 πολύφημον
1551 2633 1791 2700 ἀναγρά-

200 2737 287 2786 φει
324 2720 370 2751 ⁷⁸
407 2720 686 2786 γενέσθαι,
735 2720 901 2773 αὐτοῦ
948 2721 1157 2773 ἐκείνου
1202 2721 1359 2774 τοῦτο
1390 2724 1433 2754 ⁷³
1466 2724 1559 2776 καὶ
1590 2722 1791 2785 ζῶντος

198 2810 253 2859 ὲν
300 2809 501 2878 μελέτῃ
554 2810 902 2877 ποιουμένου.
956 2811 1092 2877 Φησὶ
1122 2811 1230 2881 γὰρ
1280 2812 1441 2864 αὐτὸν
1481 2813 1659 2879 λέγειν
1704 2814 1790 2865 ἀεὶ

197 2899 355 2952 Adae
384 2899 620 2965 ,ϐιώσας
646 2916 659 2929 ·
687 2900 813 2952 εἰδὲ
852 2900 948 2969 μὴ,
978 2900 1132 2954 Λάθε
1155 2902 1495 2956 ἀποθανών.
1541 2904 1790 2971 Ἀρεταῖς

200 2989 348 3056 λέγει
401 2989 759 3057 συνεζηκέναι
799 2991 893 3042 τὸν
939 2992 1128 3059 ἄνδρα,
1175 2993 1269 3045 καὶ
1327 2994 1425 3063 τὴν
1470 2994 1786 3064 Πυθαγόρου

196 3080 285 3132 διὰ
319 3079 440 3149 βίου
467 3081 659 3149 σοφίαν
694 3079 1048 3149 ἐζηλωκέναι.

268 3166 442 3233 Οὗτος
470 3171 514 3223 δ’
543 3174 570 3223 ὁ
598 3171 971 3241 ’Φιλόστρατος
1017 3174 1328 3245 ἀπαγγελίᾳ
1384 3174 1484 3243 μὲν
1524 3174 1789 3244 κέχρηται

196 3258 435 3329 γλυκείᾳ
474 3262 569 3311 καὶ
594 3260 961 3331 ποικιλωτάτη
994 3262 1088 3313 καὶ
1129 3261 1339 3327 λέξεσιν
1374 3261 1789 3331 ὲμπρεπούσαις

195 3347 401 3416 φράσει
433 3346 679 3417 τοιαύτῃ,
709 3347 991 3411 συντάξεσι
1037 3350 1218 3419 μέντοι
1247 3366 1310 3417 γε
1344 3348 1622 3410 τοιαύταις
1650 3350 1791 3411 οἵαις

193 3438 295 3489 οὐκ
318 3437 419 3506 ζάν
476 3455 559 3499 τις
616 3437 774 3501 ἄλλος
805 3440 861 3500 ἐς
899 3439 962 3491 τὸ
1024 3442 1367 3511 συγγράφειν
1420 3439 1786 3507 τεταγμένος·

191 3528 417 3582 δοκοῦσι
465 3529 569 3597 γάρ
626 3545 742 3590 πως
794 3529 1143 3592 ἀσυνταξίαις
1212 3530 1414 3599 μᾶλλον
1473 3529 1705 3581 ἐοικέναι
1754 3529 1786 3599 ἢ

194 3617 512 3682 συντάξεως
554 3618 731 3668 ὁτιοῦν
786 3618 1051 3686 μετέχειν.
1097 3612 1263 3681 Οὗτος
1322 3618 1368 3670 δ’
1410 3619 1568 3688 ίσμεν
1596 3622 1623 3670 ὁ
1653 3617 1789 3688 ἀνὴρ

191 3710 271 3771 ὡς
301 3710 787 3778 πολυμαθέστατος
831 3709 906 3761 ὣν
934 3711 1033 3762 οὐκ
1063 3710 1128 3763 ἂν
1166 3710 1463 3781 διαμαρτίᾳ
1503 3711 1598 3763 τοῦ
1627 3710 1788 3780 ὀρθοὖ

199 3801 281 3861 είς
312 3798 524 3867 ταύτην
574 3798 834 3868 ἐξηνέχθη
883 3801 982 3867 τὴν
1016 3799 1315 3869 ἰδιότροπον
1345 3802 1452 3853 τῶν
1484 3801 1787 3865 συντάξεων

191 3890 582 3956 καινοτομίαν,
627 3892 741 3943 ἀλλ’
767 3892 813 3921 ⁷⁸
848 3890 882 3943 ἆ
923 3908 1033 3943 τισι
1088 3892 1197 3944 τῶν
1247 3891 1618 3962 ἀρχαιοτέρων
1647 3909 1789 3945 σπασ-

190 3982 385 4045 νιάκις
414 3980 545 4044 ἴσως
569 3982 802 4053 εἴρηται,
828 3982 1036 4045 τούτοις
1061 3974 1215 4045 οὗτος
1245 3984 1324 4045 είς
1350 3984 1510 4053 κόρον
1543 3984 1790 4052 ἀπεχρήι

193 4088 359 4138 σατο,
428 4075 994 4143 πεπαρῤησιασμένην
1038 4074 1216 4131 αὐτῶν
1262 4072 1361 4142 τὴν
1420 4074 1614 4143 χρῆσιν
1663 4075 1787 4124 ἐπι-

189 4160 578 4230 δεικνύμενος,
618 4162 712 4214 καὶ
767 4162 875 4214 οὐδ’
926 4164 1004 4224 εἰς
1062 4162 1260 4232 μάτην,
1313 4160 1447 4213 ἀλλὰ
1494 4159 1589 4213 τοῦ
1632 4160 1788 4229 ἡδέος

189 4251 394 4321 χάριν·
455 4250 637 4319 έχουσι
672 4250 781 4321 γὰρ
834 4250 927 4303 καὶ
978 4250 1047 4303 τὰ
1088 4248 1308 4302 τοιαῦτα
1351 4247 1458 4300 τῶν
1504 4247 1679 4314 λόγων
1728 4248 1790 4300 τὸ

190 4340 498 4409 ἐπαγωγὸν
530 4341 621 4393 καὶ
651 4340 1029 4411 ἐπαφρόδιτον.

1893 1809 2102 1864 dicendi
2132 1809 2401 1879 Apollonii
2433 1826 2561 1880 erga
2604 1820 2888 1881 tyrannos,
2924 1824 2978 1866 et
3004 1814 3238 1867 maxime
3279 1810 3467 1865 Domi-

1893 1900 2159 1953 nitianum
2208 1900 2490 1967 describit,
2541 1911 2595 1954 et
2642 1904 2910 1968 quomodo
2953 1911 3238 1955 accusatus
3279 1901 3464 1963 fuerit,

1892 1997 1947 2040 et
1973 1986 2111 2040 ultro
2165 1986 2218 2041 in
2264 1987 2527 2055 judicium
2572 1989 2803 2042 venerit.
2835 1987 3116 2052 Quomodo
3150 1989 3203 2041 in
3244 2004 3469 2043 carcere

1892 2088 2163 2143 servatus,
2189 2088 2243 2133 et
2272 2080 2541 2148 quomodo
2566 2079 2843 2143 liberatus,
2872 2080 3081 2134 solutus
3110 2089 3165 2134 et
3191 2082 3468 2144 defensus,

1892 2184 1958 2233 ex
1988 2170 2196 2239 judicio
2230 2172 2546 2225 decesserit.
2601 2170 2724 2227 Hmc
2753 2173 2967 2237 asserit,
2996 2182 3050 2227 et
3080 2187 3331 2242 magnum
3363 2187 3469 2227 non

1893 2258 2081 2323 fuisse,
2112 2273 2294 2313 verum
2333 2260 2518 2323 etiam,
2550 2260 2596 2314 si
2629 2275 2787 2329 quem
2824 2262 3011 2325 alium,
3056 2263 3288 2330 magiam
3336 2263 3471 2316 abo-

1892 2350 2153 2403 minatum
2193 2364 2312 2404 esse
2361 2351 2577 2405 fortiter
2631 2353 2842 2419 probat,
2886 2355 2987 2407 etsi
3039 2354 3205 2406 multa
3246 2364 3472 2421 porten-

1892 2444 2005 2491 tosa
2058 2438 2125 2491 de
2178 2437 2267 2491 illo
2316 2439 2535 2492 scribat.
2568 2437 2710 2493 Dicit
2752 2440 2917 2494 etiam
2966 2441 3254 2494 obscuram
3299 2439 3472 2495 fuisse

1893 2534 2062 2603 ipsius
2093 2545 2348 2598 mortem,
2390 2546 2444 2589 et
2474 2537 2637 2589 vitam
2691 2536 2959 2592 celebrem
2992 2555 3005 2591 :
3042 2545 3097 2591 et
3126 2551 3244 2591 eam
3275 2538 3471 2604 ipsum,

1893 2626 2019 2677 dum
2053 2626 2279 2687 viveret,
2316 2635 2496 2680 mente
2524 2628 2777 2692 agitasse
2819 2627 3009 2681 Dicere
3031 2627 3175 2681 enim
3209 2628 3425 2681 solitum
3455 2644 3469 2679 :

1900 2712 2086 2767 Vivens
2128 2714 2233 2767 late
2265 2715 2393 2777 ;sin
2443 2716 2642 2781 minus,
2702 2714 2933 2769 Moriens
2979 2716 3084 2769 late
3120 2731 3139 2769 .'
3186 2715 3475 2770 virtutibus

1897 2810 2037 2861 hunc
2074 2808 2244 2862 refert
2277 2810 2572 2876 studuisse,
2605 2820 2660 2865 et
2686 2808 3050 2881 Pythagoram
3086 2811 3321 2864 maxime
3353 2808 3476 2863 imi-

1895 2906 2059 2952 latum
2092 2897 2262 2953 fuisse
2287 2900 2423 2967 (95).

1967 3165 2118 3219 Dulci
2166 3174 2219 3219 et
2255 3167 2400 3219 varia
2454 3166 2713 3221 narrandi
2749 3166 2962 3222 ratione
2992 3181 3123 3221 usus
3169 3173 3257 3221 est
3289 3165 3472 3220 Philo-

1893 3266 2094 3310 stratus
2148 3255 2284 3327 (96),
2332 3268 2386 3311 et
2418 3258 2599 3311 verbis
2643 3259 2769 3312 huic
2802 3260 2875 3312 rei
2912 3259 3384 3321 convenientilms,
3419 3269 3476 3312 et

1893 3345 2052 3397 simili
2089 3347 2510 3412 constructione,
2544 3346 2759 3415 qualem
2793 3362 2951 3401 nemo
2978 3346 3269 3401 scribendo
3300 3348 3476 3401 inscr-

1894 3436 1990 3487 vit.
2055 3434 2316 3490 Videntur
2361 3438 2506 3490 enim
2568 3437 2814 3490 nonnulli
2877 3438 3237 3505 incomposite
3304 3442 3476 3507 magis

1894 3528 2071 3580 dicere
2099 3542 2258 3594 quam
2304 3528 2625 3595 composite.
2666 3527 2819 3582 lluuc
2868 3544 2996 3583 vero
3029 3531 3235 3586 scimus
3264 3531 3471 3583 doctis-

1893 3619 2087 3671 simum
2113 3618 2301 3684 fuisse,
2330 3627 2384 3670 et
2406 3634 2434 3670 a
2466 3628 2615 3673 recto
2647 3634 2753 3671 non
2793 3619 3162 3682 aberrantem,
3197 3622 3472 3688 propriam

1894 3710 2320 3763 constructionis
2359 3709 2647 3763 novitatem
2688 3710 3040 3773 adhibuisse;
3084 3712 3176 3765 sed
3223 3727 3341 3779 quae
3377 3727 3475 3763 an-

1895 3800 2026 3868 tiqui
2059 3800 2315 3854 dixernnt
2355 3802 2553 3862 rarius,
2610 3799 2675 3853 iis
2704 3800 2927 3855 liberius
2959 3814 3131 3868 usque
3158 3800 3223 3853 ad
3252 3803 3471 3854 satieta-

1895 3898 1998 3941 tem
2032 3904 2184 3942 usum
2218 3904 2337 3943 esse
2369 3908 2382 3943 :
2431 3889 2633 3943 licitum
2666 3904 2786 3943 esse
2838 3906 3027 3945 eorum
3060 3907 3215 3945 usum
3251 3892 3469 3947 demon-

1892 3990 2251 4040 strans,nec
2319 3980 2370 4032 id
2442 3979 2662 4041 frustra.
2738 3982 2832 4035 sed
2904 3982 3207 4037 dulcedinis
3277 3985 3474 4052 gratia.

1892 4067 2209 4136 llujusmodi
2247 4070 2388 4121 enim
2436 4071 2611 4126 oratio
2629 4071 2953 4128 conciliandi
2974 4073 3080 4127 vim
3108 4073 3272 4128 habet
3300 4084 3356 4127 et
3395 4089 3481 4129 ve-

1892 4164 2159 4209 nustatem
2191 4157 2501 4223 quamdam.

206 4426 317 4481 Ἐκ
367 4426 477 4479 τοῦ
495 4427 680 4481 αὑτοῦ
708 4429 850 4492 βίου
877 4427 993 4481 ὅσα
1023 4426 1291 4548 πιὲρεῖται
1319 4427 1540 4481 κάλλει
1584 4424 1784 4496 ῥημά-

463 4513 582 4548 των
612 4498 708 4548 καὶ
742 4497 1056 4548 συνθήκης·
1124 4496 1521 4548 ιαλάιιποντα.

1895 4425 1977 4479 Ea:
2028 4424 2208 4477 eadem
2249 4422 2366 4476 Vita
2399 4435 2637 4489 excerpta
2668 4443 2785 4494 qua:
2825 4428 3186 4495 pratermiua
3230 4437 3372 4490 sunt,
3417 4444 3480 4483 ac

1968 4494 2357 4548 ante/aritudine
2388 4496 2666 4547 verborum
2698 4506 2747 4548 et
2778 4499 3154 4548 compositione
3188 4498 3472 4548 excellunt.

1124 4516 1140 4549 ι

463 4513 582 4549 των
612 4498 708 4549 καὶ
742 4497 1056 4564 συνθήκης
1084 4496 1521 4564 διαλάμποντα.

268 4590 393 4643 Καὶ
414 4590 461 4621 ⁷⁷
496 4589 818 4659 Πυθαγόρας
872 4590 1036 4652 αὐτὸς
1082 4589 1177 4641 καὶ
1222 4588 1565 4658 Δημόκριτος
1602 4586 1797 4657 ὁμιλή-

1968 4494 2357 4561 pnlclaritudine
2388 4496 2666 4547 verborum
2698 4506 2747 4548 et
2778 4494 3154 4563 compositione
3188 4498 3472 4552 excellunt.

1965 4583 2159 4652 331b
2197 4581 2532 4652 Pythagoras
2562 4584 2693 4652 ipse,
2727 4594 2782 4639 et
2832 4587 3174 4641 Democritus
3206 4601 3327 4641 cum
3363 4604 3479 4642 ma-

196 4697 409 4741 σαντες
462 4680 679 4747 μάγοις,
720 4679 815 4732 καὶ
857 4678 1027 4731 πολλὰ
1056 4676 1307 4747 δαιμόνια
1338 4674 1605 4739 εἰπόντες,
1647 4673 1788 4726 οῠπα

1897 4676 1977 4743 gis
2025 4674 2249 4739 versati,
2290 4674 2566 4741 multaque
2619 4677 2881 4731 damonis
2922 4679 3081 4742 fassi,
3138 4677 3341 4734 nullam
3400 4690 3481 4733 tn-

195 4770 535 4839 υπήχθησαν
578 4774 643 4840 τῇ
682 4770 866 4839 τέχνῃ.
902 4770 1013 4822 Καὶ
1060 4768 1143 4830 τίς
1174 4768 1217 4799 ⁷⁸
1252 4767 1353 4819 οὐκ
1383 4761 1491 4819 οἶδε
1538 4766 1632 4818 τὸν
1674 4766 1796 4816 Ἀν-

1902 4778 2022 4818 tuen
2050 4764 2167 4831 ejus
2198 4766 2335 4817 artis
2375 4775 2583 4832 partem
2624 4767 2939 4833 attigerunt.
2988 4767 3121 4833 Quis
3149 4770 3294 4823 enim
3328 4770 3483 4837 igno-

193 4860 491 4929 αξαγόραν
537 4859 865 4929 Ὀλυμπιάσι
899 4859 1000 4928 μὲν
1023 4898 1038 4923 ,
1076 4857 1237 4909 ὁπότε
1268 4857 1470 4927 ἥκιστα
1504 4854 1609 4919 ὕοι,
1654 4870 1788 4922 παρ-

1908 4865 1991 4911 rat
2044 4856 2420 4925 Anaxagoram
2477 4856 2530 4909 iu
2578 4854 2848 4925 Olympia,
2900 4873 3020 4912 cum
3091 4859 3235 4913 nulla
3288 4859 3483 4923 pluvias

196 4948 441 5001 ελθόντα
462 4949 508 4979 ⁷³
557 4948 661 5000 ὑπὸ
701 4948 878 5017 κωδίῳ
906 4949 987 5010 είς
1011 4946 1071 4999 τὸ
1099 4946 1312 5000 στάδιον
1345 4945 1440 4999 ὲπὶ
1497 4944 1788 5015 προρρήσει

1907 4948 2139 5014 suspicio
2212 4947 2541 5007 innnineret,
2612 4945 2893 5015 pelliceam
2962 4956 3164 5002 vestem
3237 4947 3481 5001 indutum

189 5040 457 5110 δμῦρους
499 5040 620 5109 Ὑφ’
646 5034 721 5095 ὧν
750 5041 953 5110 έψαυσε
985 5039 1078 5092 τοῦ
1110 5038 1255 5101 θεῖός
1281 5055 1340 5090 τε
1392 5037 1488 5090 καὶ
1514 5035 1791 5105 δαιμόνιος

1908 5035 2237 5105 processisse
2276 5043 2332 5087 ut
2384 5034 2613 5087 imbrem
2661 5033 3030 5099 denuntiaret,
3069 5050 3169 5089 nec
3196 5036 3269 5088 ita
3314 5036 3483 5090 nmlto

190 5125 370 5185 εἶναι.
399 5130 478 5202 Τῇ
505 5132 663 5201 μάγῳ
696 5130 881 5203 τέχνῃ.
929 5129 1229 5199 Μετέχοντι
1253 5128 1298 5159 ⁸⁸
1328 5127 1385 5181 δέ
1428 5144 1516 5198 μοι
1540 5126 1635 5179 τοῦ
1669 5126 1788 5196 περὶ

1903 5136 2021 5191 post
2049 5126 2322 5193 ingentem
2354 5124 2589 5193 pluviam
2632 5133 2875 5178 secutam
2909 5140 3052 5191 esse,
3093 5127 3235 5181 unde
3262 5135 3482 5194 putatus

1499 5214 1729 5271 VARIA‘I
1766 5214 2169 5271 LECTlONES.

268 5315 325 5346 "
352 5312 647 5385 ἀφίστησιν
672 5316 736 5385 ᾼ.
794 5316 859 5385 ννί
884 5313 986 5385 ὅτι]
1021 5330 1095 5373 vr,
1130 5314 1217 5385 £2.
1315 5312 1370 5385 ξ’
1398 5313 1454 5363 ὲν
1484 5325 1593 5385 om.
1620 5308 1728 5362 AB.

190 5384 241 5417 "
271 5379 590 5453 ἀναγράφει
621 5384 742 5436 AB:
776 5384 878 5453 ἐφη
912 5379 986 5447 cf
1050 5385 1095 5415 ⁷⁸
1128 5384 1285 5437 τοῦτο
1315 5382 1386 5435 B:
1421 5379 1610 5453 τούτου
1640 5397 1699 5453 ς.

1824 5308 1870 5340 ⁷³
1893 5308 2055 5360 αὑτὸν
2115 5310 2224 5362 οὐδ’
2286 5309 2589 5364 ὁπωστιοῦν
2644 5310 2861 5365 Ατούδ⁸
2910 5310 3057 5372 ὅπως
3105 5326 3157 5362 τι
3224 5310 3386 5361 αὐτον
3417 5325 3478 5371 ς·

1778 5380 1822 5412 ⁷⁸
1847 5378 1961 5431 ἀλλ’
1983 5379 2017 5431 ἆ
2038 5396 2144 5431 τισι
2168 5379 2207 5431 Λ
2235 5399 2247 5433 :
2279 5380 2413 5433 ἁ).λά
2444 5398 2495 5432 τι
2522 5399 2579 5445 ς’.

2668 5382 2713 5412 ⁷⁷
2740 5382 2831 5435 καὶ
2862 5379 2954 5451 [1.]
2988 5396 3025 5445 ι,
3052 5378 3104 5445 2,
3140 5394 3193 5449 p.
3215 5377 3396 5433 Olear.
3426 5378 3480 5431 5·

189 5457 241 5486 τ’
282 5447 525 5523 καὶτίς]
558 5470 610 5521 p.
646 5454 697 5505 6.
775 5447 829 5487 η’
854 5447 1183 5525 προελθόντα
1215 5455 1411 5507 Suidas
1434 5467 1485 5505 v.
1518 5447 1908 5519 ⁹Λναξαγόρας.
1982 5448 2027 5479 ⁸⁸
2061 5448 2361 5521 μετέχοντι]
2397 5466 2433 5517 ι,
2465 5451 2518 5504 5.

1709 5565 1940 5623 NOTAE.

273 5669 405 5743 (95)
452 5667 778 5726 Plutarchus
832 5669 1091 5740 singulari
1141 5670 1532 5725 commentario
1577 5669 1807 5738 Epicuro
1917 5664 2308 5743 sententiarum
2351 5679 2466 5743 pro
2506 5662 2682 5743 Photii
2714 5663 3141 5743 _libi.to)_parum
3186 5660 3480 5743 coherent,

192 5742 432 5797 tribuit.

1913 5744 2071 5787 erunt
2105 5736 2217 5787 haec
2263 5736 2315 5788 in
2350 5734 2660 5789 Philostrati
2713 5734 2866 5789 libris
2917 5732 3290 5803 investiganda
3321 5742 3484 5799 atque

294 5810 419 5881 (96)
475 5808 611 5877 Quia
644 5808 923 5880 sequentia
965 5809 1050 5877 (ut
1104 5816 1355 5876 excerpta
1406 5808 1681 5876 phrasium
1736 5822 1799 5861 ac
1907 5806 2248 5861 excutienda.
