4206 6436
747 396 885 461 1239

1938 405 2195 464 PlIOTlI
2240 406 2739 466 PATRIARCHE
2772 409 2881 468 CP.

3866 396 4010 465 mo

746 514 831 556 est
872 502 1082 556 divinus
1117 502 1460 571 caalestisque
1493 505 1678 573 fuisse,
1722 506 1879 575 idque
1908 521 2021 562 arti:
2074 512 2276 578 magica
2306 528 2317 561 :

2443 513 2595 580 ιὺτὴν
2664 514 2862 565 κύκλου
2891 530 2903 543 ·
2956 512 3047 564 καὶ
3088 511 3195 581 γὰρ
3244 513 3372 571 τοὺς
3420 510 3743 580 ῥητορικοὺς
3795 510 4013 573 πάντας

749 593 878 645 mihi
913 608 1127 661 quoque
1173 595 1260 659 qui
1310 595 1361 645 iu
1411 597 1894 650 eadem-versatus
1919 614 2035 651 smn
2066 617 2079 660 ;
2112 600 2311 652 etenim

746 700 933 736 nnmes
987 686 1259 737 orationes
1311 685 1612 739 rhetoricas
1649 686 1765 752 ipse
1796 688 2033 741 laudavit
2071 701 2123 741 et
2169 704 2318 741 ama-

745 778 839 837 \lt,
873 790 936 826 ex
975 774 1171 841 quibus
1218 775 1429 828 discere
1471 776 1594 829 licet
1627 791 1791 845 quam
1842 778 2057 832 divinus
2081 779 2317 847 philoso-

748 872 886 932 pirus
925 866 1106 919 fuerit.
1145 867 1311 935 Cygni
1347 869 1437 934 qui
1474 869 1523 921 iu
1559 880 1715 936 prato
1743 873 2127 937 pascebantur,
2162 872 2317 940 quasi

750 960 799 1007 in
844 958 1067 1009 chorum
1119 959 1361 1025 dispositi
1408 960 1764 1015 dormientem
1792 963 2059 1030 Apollonii
2092 973 2319 1019 matrem

748 1051 1183 1111 circumstetere,
1219 1059 1269 1101 et
1306 1049 1406 1101 alis
1435 1051 1516 1115 (ut
1552 1064 1739 1103 eorum
1764 1066 1879 1105 mos
1921 1060 2024 1123 est)
2069 1055 2318 1122 sublatis,

752 1140 948 1207 ingenti
979 1139 1232 1209 clangore
1251 1141 1429 1193 omnia
1457 1141 1660 1194 circum
1692 1142 1806 1195 loca
1842 1143 2140 1212 replebant,
2180 1146 2321 1199 leni-

752 1243 831 1281 ter
855 1246 949 1298 per
962 1240 1111 1298 prata
1135 1234 1374 1299 spirante
1392 1230 1652 1299 Zephyro.
1676 1233 1869 1285 Eorum
1886 1244 2047 1287 cantu
2066 1236 2323 1290 exsiliens

753 1322 1187 1389 tnulierpuerum
1216 1324 1438 1389 peperit.
1470 1323 1850 1392 Quaevisenitn
1885 1327 2150 1392 perculsio
2184 1328 2324 1381 Valet

750 1416 910 1465 etiam
972 1423 1099 1467 ante
1170 1424 1378 1481 tempus
1470 1424 1679 1482 partum
1744 1429 2055 1481 provocare.
2130 1414 2324 1470 Oculos

751 1504 991 1557 utnnium
1054 1508 1106 1559 in
1160 1522 1217 1559 se
1275 1515 1616 1558 converterat
1660 1506 1820 1558 etiam
1876 1506 2328 1571 adversariorum,

752 1598 841 1661 qui
889 1608 944 1652 et
1002 1598 1244 1651 convicia
1303 1598 1528 1666 jacere,
1588 1599 1946 1665 iniuriamque
2004 1597 2180 1651 facere
2241 1616 2331 1650 su-

754 1691 856 1745 liti.
900 1690 962 1743 Et
997 1692 1164 1744 linteo
1212 1693 1476 1744 dederunt
1536 1706 1721 1743 omnes
1783 1690 2069 1755 potiusilue
2130 1689 2329 1742 doctri-

754 1800 837 1835 me
869 1785 1249 1842 Athenienses.
1299 1782 1617 1834 suburbium
1656 1782 1706 1833 in
1735 1796 1842 1849 quo
1875 1782 2149 1849 elegantes
2185 1782 2325 1832 horti

752 1882 928 1926 erant.
975 1872 1200 1925 Cilicum
1243 1883 1360 1925 erat
1390 1888 1565 1925 sermo
1601 1891 1612 1923 :
1650 1872 1765 1934 Quo
1792 1873 1957 1923 curris
1984 1880 2004 1905 ι
2034 1872 2057 1922 ?
2092 1869 2233 1921 Num
2259 1872 2324 1923 ad

754 1965 1064 2031 impubem?
1092 1964 1233 2032 quod
1266 1964 1331 2016 de.
1362 1962 1646 2031 Apollonio
1683 1963 1955 2025 dicebant,
1986 1962 2143 2014 sicut
2174 1976 2325 2015 com-

757 2054 901 2106 muni
952 2054 1237 2121 proverbio
1286 2053 1675 2106 celebraretur.
1731 2051 1953 2105 Divitias
1985 2052 2193 2119 Opimas
2234 2052 2329 2104 ha-

755 2143 876 2198 buit
909 2143 1066 2197 fratri
1126 2143 1382 2212 mquales,
1420 2151 1473 2195 et
1509 2144 1672 2195 multa
1706 2152 1828 2195 erat
1858 2144 1923 2195 de
1952 2142 2063 2207 ejus
2093 2142 2331 2205 philoso-

756 2237 879 2305 phia
957 2236 1122 2290 fama.
1199 2235 1560 2304 lnterroganti
1627 2235 1919 2301 aliquando
1987 2236 2327 2304 Apollonium

756 2327 1003 2389 lluxeno,
1051 2343 1147 2381 cur
1186 2342 1290 2380 non
1335 2327 1555 2395 scriptis
1604 2328 1805 2395 aliquid
1858 2330 2161 2392 matnlarct,
2208 2346 2329 2384 cum

757 2418 1029 2469 scribendi
1059 2418 1431 2471 characterem
1472 2419 1696 2486 probum
1726 2428 1778 2471 et
1815 2421 2109 2471 excitatum
2140 2432 2332 2473 nactus

758 2518 944 2562 esset:
989 2508 1149 2573 Quia,
1204 2510 1398 2577 inquit,
1446 2514 1677 2562 nondum
1722 2521 1894 2563 tacere
1923 2512 2105 2562 didici.
2137 2510 2331 2565 Fames

758 2611 1106 2668 oppresserat
1154 2602 1457 2663 civitatem,
1489 2602 1681 2656 venale
1726 2615 1843 2655 erat
1876 2620 2086 2665 ervum,
2122 2605 2333 2657 omnia-

759 2709 866 2759 que
898 2695 961 2747 ad
994 2696 1195 2748 victum
1240 2696 1543 2748 necessaria
1584 2695 1687 2747 illis
1731 2696 1989 2758 deerant;
2022 2697 2200 2749 fontes
2229 2712 2331 2748 non

760 2786 1018 2849 ﬂuebant,
1068 2787 1309 2855 cupressi
1349 2788 1493 2839 velut
1537 2789 1781 2855 germina
1817 2800 1957 2839 terra
1990 2788 2174 2840 dabat.
2207 2788 2337 2842 Ute-

774 2880 933 2929 batur
968 2892 1163 2945 genere
1195 2877 1407 2930 dicendi
1462 2892 1567 2929 non
1597 2877 2015 2944 dithyrambico,
2047 2890 2136 2928 aut
2173 2878 2337 2947 poeti-

761 2969 841 3018 cis
876 2966 1186 3019 nuntiuibus
1229 2966 1642 3026 intumescente,
1696 2981 1794 3018 nec
1825 2981 2011 3019 rursus
2059 2968 2217 3019 nimis
2253 2967 2336 3033 je-

758 3060 914 3125 juno,
988 3073 1162 3124 neque
1227 3056 1674 3111 consuetudinem
1730 3057 1961 3109 Atticam
2019 3060 2335 3120 excedente,

2423 604 2613 670 λόγους
2638 606 2825 674 ἐπῄνει
2851 606 2941 656 καὶ
2967 603 3262 673 ἠσπάζετο.
3290 603 3429 674 Παρ’
3452 596 3526 655 ὧν
3553 602 3789 672 ὑπάρχει
3816 605 4014 669 μαιίεῖν

2422 694 2495 754 ὼς
2527 696 2863 757 ὑποθειὰζων
2918 696 3015 763 τὴν
3054 694 3374 763 φιλοσοφίαν
3428 695 3666 759 ἐγένετο.
3726 691 3937 744 Κύκνον.
3965 693 4008 723 ⁸³

2427 784 2630 849 τοίνυν,
2659 785 2751 848 οὒς
2793 789 2819 838 ό
2858 785 3062 855 λειμὼν
3090 786 3305 853 ἔϐοσκε,
3353 786 3512 854 χορὸν
3542 785 3845 853 στήσαντες
3888 787 4013 852 περὶ

2421 873 2518 941 τὴν
2580 874 2940 925 Ἀπολλωνίου
3015 874 3225 944 μητέρα
3284 873 3693 937 καθεύδουσαν,
3754 872 3855 922 καὶ
3920 873 4014 934 τὰς

2424 966 2698 1035 πτέρυγας
2724 966 2935 1037 (ὥσπερ
2956 967 3234 1035 εἰώθασιν)
3258 967 3513 1036 ἄραντες,
3540 964 3736 1035 ἀθρόον
3764 965 4012 1033 ἤχησανο

2429 1059 2523 1109 καὶ
2570 1058 2679 1126 γάρ
2721 1077 2770 1110 τι
2823 1060 2914 1111 καὶ
2949 1059 3193 1127 Ζεφύρου
3253 1054 3320 1127 ἦν
3356 1060 3413 1109 ἐν
3444 1057 3520 1125 τῷ
3561 1056 3811 1125 λειμῶνι.
3864 1057 3929 1107 'll
3962 1056 4015 1107 δὲ

2432 1149 2649 1219 ἐξέθορέ
2704 1166 2760 1200 τε
2796 1150 2898 1201 ὑπὸ
2937 1151 3034 1218 τῆς
3063 1150 3206 1217 ᾠδῆς
3245 1150 3337 1201 καὶ
3402 1149 3691 1200 ἀπέτεκεν.
3732 1145 3920 1213 Ἰκανὴ
3966 1146 4016 1197 δὲ

2432 1242 2577 1291 πᾶσα
2629 1240 2889 1307 ἔκπληξις
2959 1240 3321 1309 μαιεύσασθαι
3372 1240 3466 1291 καὶ
3523 1238 3629 1306 πρὸ
3686 1239 3789 1305 τῆς
3845 1238 4016 1305 ὧρας.

2446 1330 2745 1398 Ὀφῦαλμοὶ
2762 1331 2806 1361 ⁸²
2846 1330 2901 1381 δὲ
2926 1332 3125 1392 πάντες
3158 1332 3213 1391 ἐς
3244 1330 3290 1359 ⁸⁸
3323 1330 3482 1382 αὐτὸν
3518 1330 3800 1397 ἐφέροντο,
3844 1346 4020 1380 σκωπ-

2432 1424 2581 1474 τόλαι
2635 1439 2691 1472 τε
2743 1424 2836 1474 καὶ
2878 1422 3132 1490 ὑϐρισταὶ
3194 1422 3393 1483 πάντες
3430 1438 3445 1451 ·
3499 1423 3590 1473 καὶ
3639 1421 3912 1472 δεδώκασι
3957 1423 4018 1489 τῇ

2433 1514 2594 1583 ὀθόνῃ
2634 1512 2860 1583 [μᾶλλον
2897 1511 2967 1582 ⁸⁸]
3006 1513 3207 1573 πάντες
3252 1511 3285 1579 ἢ
3321 1510 3480 1580 σοφία
3533 1509 3827 1577 Ἀθηναῖοι.
3884 1512 4021 1579 [lpo-

2438 1604 2649 1656 άστειον
2667 1597 2779 1667 ὲνῷ
2793 1603 2962 1670 κῆποι
2976 1598 3418 1671 ἁπαλο”ιῆσαν.”0
3432 1618 3485 1651 τε
3505 1601 3549 1632 ⁸⁵
3570 1600 3818 1663 Κιλίκιος
3836 1601 3993 1665 λόγος
4007 1616 4020 1630 ·

2440 1694 2551 1747 Ποῖ
2570 1694 2797 1761 τρέχεις
2824 1711 2841 1755 ;
2865 1695 2931 1746 Ἡ
2949 1694 3046 1745 ἐπὶ
3058 1692 3103 1721 ⁸⁸⁸
3134 1693 3240 1744 τὸν
3259 1692 3523 1758 ἕφηόον;
3549 1691 3642 1743 ἐπὶ
3680 1690 4024 1758 Ἀπολλωνίῳ

2440 1802 2496 1837 τε
2542 1787 2758 1851 ἐλέγετο
2794 1784 2840 1814 ⁸⁷
2874 1785 2967 1836 καὶ
3006 1781 3349 1852 παροιμιώδη
3378 1781 3541 1852 τιμὴν
3564 1782 3710 1850 ἔσχε.
3750 1782 3864 1849 Τὴν
3900 1782 3957 1833 δὲ
3982 1782 4025 1811 ⁸⁸

2435 1877 2619 1928 οὐσίαν
2646 1876 2903 1944 λαμπρὰν
2927 1874 3090 1926 οὖσαν
3119 1873 3331 1942 διέλαχε
3364 1873 3498 1941 πρὸς
3522 1872 3613 1923 τὸν
3653 1870 3909 1937 ἀδελφόν,
3934 1872 4025 1922 Φι-

2436 1969 2689 2035 λοσοφίας
2722 1970 2829 2039 γὰρ
2866 1969 3043 2035 πάσης
3075 1965 3195 2035 ἠχὼ
3212 1967 3271 2015 ὲν
3305 1965 3453 2033 αὐτῷ
3481 1960 3568 2035 ἦν.
3597 1965 3721 2015 Ὀτι
3746 1963 3793 1995 ⁸⁹
3825 1965 4024 2033 ἐρομέ-

2433 2077 2526 2111 νου
2557 2060 2646 2112 τὸν
2686 2058 3042 2111 Ἀπολλώνιον
3064 2058 3156 2110 τοῦ
3190 2056 3423 2120 Εὐξένου
3450 2056 3503 2107 τί
3532 2055 3667 2123 δῆτα
3693 2056 3753 2106 οὐ
3782 2055 4025 2124 ξυγγρά-

2437 2169 2547 2218 φοι,
2612 2151 2787 2201 καίτοι
2843 2148 3155 2218 ἀπαγγελία⁴
3207 2148 3490 2217 χρώμενος
3547 2145 3756 2214 δοκίμῳ
3810 2164 3869 2197 τε
3936 2147 4027 2198 καὶ

2430 2242 2983 2313 διεγηγερμένῃ,”οτι
3001 2240 3317 2309 οὔπω,ἔφη,
3336 2239 3647 2303 ἐσιώπησα
3666 2238 3855 2290 ⁹⁰.Καὶ
3871 2238 4027 2306 λιμὸς

2432 2329 2518 2403 ἦν,
2544 2333 2724 2401 ὄροϐοι
2752 2333 2806 2384 δὲ
2829 2331 2998 2394 ὤνιοι,
3030 2332 3123 2383 καὶ
3146 2332 3212 2381 τὰ
3233 2333 3309 2392 εἰς
3362 2328 3562 2398 βρῶσιν
3609 2326 3731 2398 [551
3766 2326 3858 2397 IL]
3896 2329 4029 2379 ἀνα-

2434 2426 2599 2489 γκαῖα
2629 2422 2905 2474 διέδοσκεν
2931 2422 3148 2483 αὐτούς.
3175 2421 3539 2487 Κελαρύζει⁹¹
3562 2421 3672 2472 τῶν
3707 2421 3899 2488 πηγῶν
3942 2421 4033 2472 οὐ·

2435 2511 2617 2581 δεμίᾳ.
2636 2512 2979 2578 κυπαρίττου
3003 2528 3051 2562 τι
3071 2509 3223 2580 ἔρνος
3245 2512 3364 2580 ἡγῆ
3390 2510 3658 2562 ἀνέδωκεν
3679 2509 3921 2581 ".[1020
3937 2509 4030 2580 R.]

2440 2601 2561 2653 Ὂτι
2597 2604 2641 2633 ³³
2674 2605 2700 2654 ὁ
2735 2602 2780 2633 ’⁵
2833 2602 3189 2662 Ἀπολλώνιος
3219 2600 3392 2667 λόγων
3420 2602 3565 2653 ἰδέαν
3608 2602 3930 2669 ἐπήσκησεν
3971 2604 4031 2654 οὐ

2439 2692 2826 2761 διθυραμϐώδη
2873 2693 2967 2745 καὶ
3012 2692 3452 2761 φλεγμαίνουσαν
3495 2694 3798 2762 ποιητικοῖς
3831 2693 4034 2761 ὀνόμα-

2442 2796 2545 2843 σιν,
2598 2780 2705 2831 οὐδ’
2737 2781 2804 2832 αὖ
2827 2781 3379 2849 κατεγλωττισμένην
3432 2782 3526 2833 καὶ
3571 2782 4029 2851 ὑπεραττικῐζου-

2442 2887 2540 2923 σαν
2569 2871 2613 2902 ’³
2638 2871 2795 2938 ἀηδὲς
2823 2874 2931 2940 γὰρ
2956 2872 3017 2921 τὸ
3047 2871 3183 2938 ὑπὲρ
3211 2870 3307 2938 τὴν
3333 2871 3558 2939 μετρίαν
3588 2872 3805 2924 ’Δτθιδα
3826 2874 4033 2942 ἠγεῖτο.

2447 2965 2555 3013 Καὶ
2597 2964 2652 3013 αἱ
2702 2963 2849 3020 δόξαι
2902 2963 3151 3031 βραχεῖαι
3206 2967 3297 3016 καὶ
3351 2966 3742 3032 ἀδαμάντινοι·
3777 2966 3946 3034 κύριὰ
3979 2983 4036 3017 τε

2443 3055 2680 3121 ὀνόματα
2727 3053 2821 3106 καὶ
2856 3057 3281 3124 προσπεφυκότα
3308 3060 3418 3121 τοῖς
3460 3058 3782 3129 πράγμασιν
3808 3072 3823 3084 ⁶
3855 3059 3950 3111 καὶ
3972 3059 4040 3109 τὰ

766 3146 1113 3214 mjucundam
1148 3146 1293 3198 enim
1331 3146 1553 3212 putabat
1584 3145 1908 3209 orationem,
1953 3162 2071 3213 qua:
2102 3148 2169 3199 ab
2201 3148 2338 3201 Atti-

2446 3145 2711 3213 λεγόμενα
2732 3144 2849 3213 ὴχὼ
2870 3141 2980 3214 εἶχε
3004 3144 3192 3216 ὥσπερ
3220 3147 3327 3199 ἀπὸ
3351 3149 3631 3216 σκήπτρου
3654 3147 3698 3177 ’⁸
3725 3146 4043 3213 Θεμιστευὸ-

763 3252 825 3290 ea
886 3236 1263 3290 mediocritate
1317 3235 1624 3290 decederet.
1698 3235 1991 3290 Sententiae
2044 3239 2235 3293 breves
2289 3251 2343 3293 et

768 3332 934 3382 l‘nrtes
990 3339 1164 3382 erant.
1217 3327 1536 3382 Nominibus
1576 3337 1753 3381 autem
1803 3329 2053 3383 utebatur
2083 3332 2337 3399 propriis,

766 3433 928 3488 atque
964 3424 1029 3475 ad
1081 3437 1166 3475 res
1205 3424 1347 3489 ipsas
1382 3423 1801 3476 accommodatis
1840 3440 1853 3477 :
1891 3434 1945 3475 et
1974 3439 2093 3493 qua:
2125 3425 2192 3478 ab
2224 3427 2339 3493 ipso

772 3511 1205 3578 proferebantur,
1259 3512 1501 3567 fulminis
1556 3513 1726 3566 instar
1772 3518 2119 3571 resonabant.
2190 3517 2342 3569 Anti-

767 3614 927 3666 quam
980 3598 1175 3650 Ninum
1226 3598 1497 3667 profecms
1550 3611 1653 3664 est,
1702 3601 1770 3653 ibi
1830 3610 2062 3657 statuam
2114 3606 2344 3660 barbaro

770 3704 918 3743 more
952 3692 1182 3759 positam
1212 3693 1513 3759 conspexit.
1543 3692 1633 3745 Est
1665 3702 1842 3746 autem
1872 3692 1965 3747 lno
1996 3695 2179 3749 Inachi
2215 3698 2343 3761 lilia,

770 3785 853 3833 cui
899 3783 963 3834 ab
995 3791 1223 3849 utroque
1275 3793 1517 3851 tempore
1554 3797 1739 3851 parva,
1776 3794 1829 3837 ct
1860 3787 2013 3853 quasi
2066 3804 2186 3840 Inux
2222 3804 2345 3857 pro-

768 3887 1045 3937 gressura,
1086 3872 1393 3940 prominent
1437 3887 1660 3925 cornua.
1708 3874 1877 3927 Porro
1910 3875 2091 3929 Damis
2124 3878 2285 3948 332
2316 3898 2346 3933 a

769 3964 1112 4030 Apollonium
1157 3963 1318 4017 veluti
1365 3963 1533 4015 Deum
1567 3963 1921 4032 suspiciebat,
1958 3982 2067 4034 quo
2093 3970 2345 4025 utebatur

2452 3253 2605 3305 μενα.
2643 3236 2750 3287 Καὶ
2800 3236 3111 3303 ἀφικνεῖται
3152 3236 3196 3267 ’⁷
3247 3239 3303 3299 ἐς
3348 3239 3448 3306 τὴν
3478 3236 3713 3306 ἀρχαίαν
3750 3237 3940 3298 Νῖνον,
3988 3239 4043 3288 ἐν

2450 3322 2733 3398 ᾖᾶγαλμα
2780 3326 2991 3396 ἵδρυται
3015 3327 3216 3397 τρόπον
3257 3328 3552 3398 βάρϐαρον.
3578 3327 3737 3380 Ἐστι
3777 3329 3836 3380 δὲ
3871 3331 3981 3398 ἄρα
4000 3330 4043 3360 ⁵⁸

2466 3417 2547 3468 Ἰὼ
2571 3418 2615 3448 θ’
2640 3419 2671 3485 ἡ
2716 3416 2949 3485 Ἰνάχου,
2976 3418 3071 3470 καὶ
3100 3419 3309 3488 κέρατα
3341 3417 3449 3469 τῶν
3476 3420 3765 3488 κροτάφων
3787 3419 4044 3487 ἐκκρούει

2455 3511 2625 3579 μικρὰ
2667 3512 2758 3562 καί
2800 3505 2889 3562 οἶα
2947 3510 3230 3579 μέλλοντα.
3268 3510 3326 3562 '0
3367 3509 3463 3579 μὲν
3507 3510 3571 3577 δὴ
3624 3510 3800 3579 Δάμις
3860 3510 4047 3579 ὥσπερ

2452 3602 2681 3670 δαίμονα
2702 3603 2801 3653 τὸν
2843 3600 3204 3653 Ἀπολλώνιον
3231 3600 3449 3664 έϐλεπε,
3483 3601 3647 3668 συνῆν
3669 3618 3727 3651 τε
3752 3602 3905 3669 αὐτῷ
3930 3606 4049 3652 ἐπι-

2452 3696 2625 3757 διδοὺς
2650 3698 2746 3763 τὴν
2782 3696 2973 3763 σοφίαν
3005 3695 3099 3747 καὶ
3122 3695 3149 3747 ὅ
3180 3711 3235 3746 τι
3266 3694 3431 3765 μάθοι
3466 3694 3849 3764 μνημονεύων.
3896 3696 4050 3764 Φωνὴ

2454 3787 2497 3837 δ’
2535 3782 2601 3855 ἦν
2649 3786 2725 3856 τῷ
2768 3786 3034 3856 Ἀσσυρίῳ
3079 3787 3380 3856 συμμέτρῳ
3404 3789 3421 3818 ⁸
3462 3788 3782 3857 πράττουσα
3805 3803 3817 3815 ·
3848 3787 3911 3837 τὸ
3948 3789 4051 3854 γὰρ

2456 3880 2722 3947 λογοειδὲς
2771 3881 2871 3931 οὐκ
2911 3877 3077 3949 εἶχεν.
3137 3879 3356 3932 Οἰκοῦσι
3382 3883 3401 3911 ⁸
3431 3880 3537 3950 γὰρ
3578 3880 3883 3948 Ἐρετριεῖς
3908 3880 3965 3930 ἐν
3990 3881 4052 3947 τῇ

2453 3973 2694 4042 Μηδικῇ,
2720 3970 3035 4033 Βαϐυλῶνος
3051 3971 3110 4022 οὐ
3126 3970 3260 4023 πολὺ
3289 3972 3585 4041 ἀπέχοντες
3608 3971 3861 4041 δρομικῷ
3880 3971 4052 4040 ἀνδρί.

770 4056 1047 4125 sipientiae
1082 4056 1364 4124 magistro,
1426 4063 1479 4125 et
1515 4056 1654 4123 quod
1692 4057 1954 4121 discebat,
2003 4064 2262 4115 memoria
2339 4082 2346 4117 l

2443 4067 2633 4121 alebat.
2689 4064 2817 4117 Erat
2860 4064 2934 4116 illi
2990 4078 3091 4116 vox
3148 4063 3377 4132 Assyrio
3420 4066 3833 4117 accommodata
3871 4070 4056 4115 motiu-

772 4152 843 4212 lo,
882 4165 1054 4219 neque
1117 4149 1339 4203 nimium
1400 4148 1614 4216 loquax.
1670 4149 1864 4205 Eretrii
1924 4152 1975 4204 iu
2031 4156 2255 4222 regione
2323 4157 2598 4213 Medorum
2654 4156 2922 4220 habitant,
2987 4171 3093 4209 non
3168 4154 3382 4226 longius
3438 4170 3467 4208 a
3529 4153 3831 4223 Babylone,
3896 4170 4055 4223 quam

773 4246 967 4303 diurno
994 4244 1189 4298 itinere
1212 4256 1402 4297 cursor
1433 4244 1727 4310 expediret.

839 4367 973 4421 Cum
1029 4364 1222 4418 Eretrii
1278 4364 1536 4417 tumulum
1574 4366 1955 4430 seminassent,
1996 4370 2153 4424 vicini
2220 4374 2355 4427 Bar-

2537 4378 2599 4427 Ul
2632 4376 2911 4445 πρόσοικοι
2948 4372 3025 4440 τῷ
3060 4371 3206 4439 λόφῳ
3256 4368 3547 4438 βάρϐαροι,
3586 4368 3933 4436 σπειρόντων
3957 4370 4057 4419 τῶν

771 4458 888 4515 bari
943 4459 1085 4512 circa
1158 4456 1352 4510 messis
1420 4463 1633 4525 tempus
1700 4457 2068 4515 discurrentes
2140 4464 2346 4519 adultas

2476 4466 2796 4535 Ἐρετριέων
2838 4463 3000 4517 αὑτὸν
3031 4463 3071 4529 ³,
3117 4460 3395 4530 ἐληΐζοντο
3439 4460 3507 4512 τὰ
3552 4460 3807 4527 φυόμενα
3845 4464 3977 4529 περὶ
4002 4460 4058 4511 τὸ

769 4551 879 4619 jam
944 4550 1125 4618 fruges
1186 4550 1585 4619 praedabantur.
1613 4548 1815 4604 Ferunt
1858 4561 1911 4605 et
1940 4553 1990 4605 in
2034 4557 2233 4609 atrium
2264 4574 2356 4609 ve-

774 4646 943 4705 nisse,
997 4640 1150 4707 cujus
1202 4654 1448 4709 suprema
1511 4654 1635 4708 pars
1699 4640 1751 4691 in
1792 4640 2022 4696 formam
2081 4647 2210 4701 tholi
2266 4649 2345 4702 fa-

776 4734 983 4785 bricata
1044 4728 1164 4787 cceli
1239 4730 1429 4783 faciem
1492 4730 1841 4793 imitabatur,
1906 4737 2123 4802 snphiro
2190 4739 2361 4805 lapide

776 4826 1068 4890 adoperta,
1100 4822 1189 4889 qui
1255 4821 1390 4888 lapis
1433 4822 1668 4874 maxime
1719 4824 1981 4878 creruleus
2036 4828 2159 4882 C(Bli
2212 4831 2359 4883 colo-

778 4928 888 4965 rem
959 4911 1146 4965 refert.
1202 4912 1401 4965 Deinde
1460 4926 1646 4977 parum
1718 4914 2019 4969 subsistens

780 5109 926 5159 teni,
976 5111 1094 5163 quae
1165 5110 1259 5163 per
1342 5096 1529 5148 oculos
1604 5097 1913 5161 inducitur,
1966 5100 2013 5152 in
2084 5101 2187 5154 illis
2252 5120 2356 5156 nou

778 5189 1074 5256 exstingui,
1108 5189 1199 5241 sed
1233 5187 1462 5241 calidam
1495 5196 1548 5240 et
1583 5192 1850 5258 vigentem
1888 5191 1939 5243 in
1971 5192 2102 5259 ipsis
2138 5210 2351 5261 perma—

886 5342 906 5366 ι
946 5326 1201 5381 l‘hilostr.
1245 5327 1337 5383 lib.
1372 5342 1410 5391 ι,
1444 5342 1563 5395 cap.
1603 5327 1653 5379 6.

2080 4933 2091 4967 :
2157 4918 2362 4984 Disces,

778 5007 990 5073 inquit,
1044 5020 1076 5057 ο
1136 5004 1331 5066 Dami,
1392 5005 1671 5059 eunuchos
1735 5020 1956 5065 amare.
1992 5019 2045 5061 et
2108 5013 2373 5080 cupidita-

2462 4558 2619 4625 Θέρος
2645 4558 2891 4625 ἥκοντες,
2918 4556 3013 4607 καὶ
3041 4556 3233 4622 πεινῇν
3270 4552 3377 4605 ἔδει
3416 4550 3802 4621 γεωργοῦντας
3827 4553 4057 4621 ἑτέροις.

2461 4646 2596 4699 Φασὶ
2622 4646 2643 4676 ⁸
2669 4645 2725 4697 δὲ
2759 4645 2852 4697 καὶ
2876 4642 3111 4713 ἀνδρῶνι
3145 4643 3407 4709 ἐντυχεῖν,
3445 4634 3505 4693 οὗ
3528 4640 3617 4691 τὸν
3644 4639 3849 4708 ὄροφον
3874 4645 3933 4701 ἐς
3972 4640 4057 4691 θό-

2462 4738 2555 4787 λου
2578 4735 2808 4803 ἀνῆχθαι
2837 4735 3039 4803 σχῆμα,
3066 4729 3281 4800 οὐρανῷ
3306 4747 3411 4782 τινι
3438 4728 3786 4795 εἰκασμένον.
3816 4730 3999 4795 Σαπφν
4021 4748 4057 4766 ’-

2470 4828 2592 4898 ρίνῃ
2630 4827 2685 4878 δὲ
2727 4826 2887 4879 αὐτὸν
2939 4822 3283 4894 κατηρέφθαι
3326 4821 3458 4889 λίοῳ
3484 4837 3498 4850 ·
3554 4822 3889 4891 κυανωτάτη
3929 4822 3984 4874 δὲ

2464 4919 2611 4981 λίθος
2640 4918 2733 4970 καὶ
2779 4917 3005 4987 οὐρανία
3047 4915 3197 4968 ἰδεῖν.
3231 4912 3291 4965 Ὀ
3316 4912 3370 4964 δὲ
3394 4915 3414 4943 ⁸
3444 4911 3616 4979 βραχὺ
3649 4910 3913 4979 ,ἐπισχὼν
3963 4913 4056 4964 αὖ·

2475 5012 2654 5080 ριονθ,
2695 5010 2821 5079 ἔφη,
2868 5004 2913 5062 ὧ
2961 5008 3127 5076 Δὰμι,
3189 5003 3383 5074 μάθοις
3424 5002 3490 5055 ἂν
3542 5004 3623 5054 ὅτι
3673 5002 3770 5053 καὶ
3813 5004 4059 5071 εὐνοῦχοι

2476 5105 2664 5173 ἐρῶσι,
2688 5104 2782 5156 καὶ
2811 5103 2871 5154 τὸ
2896 5096 3311 5169 ἐπιθυμητικὸν,
3338 5096 3473 5164 ὅπερ
3495 5094 3811 5159 εἰσάγονται
3836 5093 3925 5145 διὰ
3956 5096 4060 5146 τῶν

2466 5196 2779 5264 όφοαλμῶν,
2821 5194 2921 5247 οὐκ
2966 5188 3402 5261 ἀπομαραίνεται
3452 5185 3623 5253 σφῶν,
3676 5184 3796 5237 ἀλλ’
3828 5186 4059 5254 ἐμμένει

2088 5462 2321 5516 VARI/li
2349 5462 2750 5517 LECTIONES.

835 5604 879 5633 ‘“
909 5600 1141 5673 κύκνοι]
1195 5619 1230 5673 t,
1259 5601 1325 5673 5.,
1392 5600 1457 5673 ξ’
1499 5599 1663 5673 ῥφθι]
1722 5614 1760 5659 1,
1818 5598 1869 5649 7.

784 5691 818 5729 ι.
851 5674 884 5724 8
921 5683 1059 5725 extr.
1124 5668 1140 5673 ”
1168 5672 1214 5703 ⁸⁸
1250 5672 1341 5724 ἐπὶ
1392 5669 1466 5723 B:
1505 5672 1536 5737 ἡ
1593 5668 1684 5720 ἐπὶ
1712 5686 1771 5730 ς.
1867 5668 1911 5699 ⁸⁷
1944 5668 2159 5737 ἐγένετο
2216 5686 2277 5731 ς.

784 5741 991 5795 ἐσιώπα
1026 5760 1084 5805 ς.
1119 5741 1213 5794 καὶ
1243 5739 1422 5809 λιμὸς]
1460 5756 1496 5804 1,
1530 5736 1617 5793 15.
1690 5740 1734 5809 f"
1770 5736 1987 5809 κελαρ.]
2025 5755 2063 5805 ι,
2096 5738 2181 5789 16.

787 5829 883 5882 σαν
910 5829 969 5882 ς,
1047 5813 1091 5843 ³⁸
1127 5814 1369 5882 σκήπτου
1402 5827 1462 5882 ςς.

787 5881 967 5953 κοῡσι]
1000 5898 1037 5948 ι,
1066 5884 1099 5937 2
1114 5882 1158 5936 ι.

1255 5884 1274 5913 ³
1304 5880 1481 5935 αὐτῶν
1512 5880 1578 5933 A.
1677 5881 1697 5909 "
1732 5878 1887 5947 φασὶί
1919 5895 1953 5943 ι,
1988 5880 2078 5932 25.

1977 5598 2021 5629 ⁸³
2049 5599 2129 5669 ἐς]
2185 5599 2322 5667 πρὸς
2380 5598 2438 5651 B.
2537 5599 2585 5630 ⁸³
2642 5598 2840 5667 μᾶλλον

1977 5669 2159 5738 γένετο
2216 5686 2277 5731 ς.
2386 5668 2546 5737 δ’τὴν
2595 5668 2675 5738 δὲ]
2710 5686 2745 5731 ι,
2802 5670 2887 5722 15.

2259 5740 2304 5769 ⁹¹
2329 5738 2528 5790 ἔδωκεν
2560 5740 2597 5793 Α
2609 5738 2668 5791 Β.

1541 5811 1581 5842 ⁸⁷
1620 5807 1712 5861 καὶ
1736 5805 1858 5877 ἀφ.]
1888 5805 1922 5868 ι,
1960 5810 2041 5859 lt).
2118 5810 2161 5840 ⁵⁸
2187 5809 2241 5860 δὲ
2274 5809 2381 5875 ἄρα
2409 5823 2519 5861 om.
2555 5808 2661 5861 AB.

1541 5897 1578 5932 ι.
1677 5881 1697 5909 ⁸
1732 5878 1886 5937 consil
1919 5895 1953 5937 ι,
1988 5880 2078 5932 25.
2181 5882 2199 5910 ⁸
2231 5878 2356 5937 ὁὸἕῐ
2386 5894 2422 5937 ι,
2450 5878 2537 5934 54.
2638 5883 2658 5915 ⁸

2537 5599 2585 5630 ⁸³
2642 5598 2840 5667 μᾶλλον
2900 5607 2955 5652 et
3016 5598 3340 5667 προάστειον
3404 5612 3517 5652 om.
3581 5596 3693 5651 AB.
3805 5600 3847 5630 ‘”
3901 5599 3931 5650 ὅ
3976 5595 4054 5667 τε]

2539 5687 2546 5699 ι
2595 5668 2675 5699 XLI
2710 5686 2723 5699 Ι
2802 5670 2868 5699 ια
3000 5668 3043 5699 ID
3074 5668 3177 5699 ,τρι
3218 5685 3230 5699 ι
3316 5668 3377 5699 ll
3504 5668 3549 5699 ιο
3585 5668 3868 5699 ἔπηξαν-ηρ.
3939 5668 4051 5699 ΔΠ-

2802 5670 2887 5722 15.
3000 5668 3043 5699 ⁸³
3074 5668 3178 5738 ὅτι]
3218 5685 3254 5730 l,
3316 5668 3399 5720 Ην.
3504 5668 3549 5700 ⁸³
3584 5668 3872 5736 ἐσιώπησα
3933 5668 4052 5717 AB:

2762 5738 2808 5776 ⁸³
2830 5736 2935 5807 ὅτι]
2970 5737 3122 5799 t,17.
3172 5739 3250 5807 7”
3282 5740 3309 5791 ὁ
3338 5738 3460 5792 add.
3505 5737 3571 5791 Α.
3608 5770 3611 5771 ν
3669 5739 3718 5770 ⁸⁵
3749 5736 4054 5797 ἀττικίζουο

2771 5808 2814 5837 °°
2860 5806 3048 5878 ’toa:
3082 5806 3201 5859 Ἰνὼ
3234 5825 3294 5871 ς.
3376 5810 3388 5838 ¹
3426 5809 3522 5861 σὺν
3561 5807 3751 5878 μέτρω
3776 5809 3835 5862 Β.
3936 5809 3953 5837 ’
3980 5825 4051 5857 οι-

2638 5883 2658 5915 ο
2687 5877 2879 5948 αὔριον
2910 5876 3036 5933 add.
3070 5884 3134 5932 Α.
