4206 6436
759 410 896 474 1243
1857 422 2116 483 ΡΠΟἸἾΙ
2158 423 2351 483 PATR

2453 424 2664 483 RCHE
2706 427 2814 485 CP.
3891 418 4028 482 12M

757 535 1011 591 tanquam
1042 525 1189 595 digiti
1219 535 1635 582 connectuntur.
1666 528 1851 599 Itaque
1884 534 1937 584 in
1966 533 2132 585 altum
2168 532 2322 586 elatm

2453 536 2518 585 :a‘t
2541 535 2711 603 ἀλκὴν
2734 533 2987 587 είκάσθαι
3014 533 3150 602 φησὶ
3167 533 3213 565 ³⁸
3241 534 3353 596 τοῖς
3376 532 3611 595 λέουσιν,
3629 529 3735 583 ὐπδ
3755 530 3811 583 δέ
3836 531 4028 582 πλεον-

758 618 1089 685 aliquantum
1140 618 1340 683 volare,
1396 629 1450 673 et
1498 636 1529 674 e
1569 622 1783 675 sublimi
1828 639 2087 691 pugnare.
2143 622 2324 676 Solam

756 722 885 761 vero
919 706 1117 775 Tigrim
1148 709 1564 777 insuperabilem
1602 712 1705 764 illis
1732 726 1853 765 esse
1883 716 2090 776 dicunt,
2123 713 2316 766 celeri-

2436 624 2583 685 εξίας
2614 626 2721 675 τῶν
2754 623 2970 693 πτερῶν
3000 623 3183 683 αὐτοῖς
3212 640 3273 674 τε
3304 623 3535 684 ἐκείνοις
3565 620 3908 673 ἐπιτίθεσθαι
3932 621 4027 671 καὶ

2426 713 2533 765 τῶν
2570 714 2877 780 ἐλεφάντων
2917 714 2973 765 δὲ
3012 714 3105 765 καὶ
3145 713 3453 782 δρακόντων
3492 712 3830 781 ὑπερτέρους
3862 706 4023 764 εἶναι.

757 804 975 861 tateque
1004 806 1190 849 ventos
1210 812 1446 865 :equare.
1471 798 1679 852 Dicitur
1708 800 2128 867 iucundissimus
2155 801 2324 854 fuisse

2453 804 2689 855 Ιέτονται
2748 804 2804 855 δὲ
2858 802 3011 855 οὕπω
3069 803 3229 871 μέγα,
3256 803 3371 854 ἀλλ’
3402 804 3526 854 ὅσον
3577 803 3625 853 οἱ
3681 800 4024 869 βραχύποροι

754 897 809 939 et
838 888 912 939 rei
956 888 1185 939 nauticae
1220 888 1619 954 peritissimus;
1655 905 1759 942 non
1804 899 1860 942 ut
1893 890 2180 953 Socratici,
2214 890 2321 942 alia

2453 893 2643 958 ιρνιθες
2663 908 2677 923 ·
2714 892 2788 961 μὴ
2814 892 2921 961 γὰρ
2946 892 3275 944 ἐπτιλῶσθαι
3304 894 3445 959 σφᾶς
3467 894 3542 954 ὡς
3572 893 3744 961 ὄρνισι
3774 894 4023 959 πάτριον,

756 975 935 1029 omnia
981 976 1260 1039 deserens,
1297 986 1351 1029 et
1391 978 1491 1030 soli
1528 979 1883 1047 philosophiae
1913 980 2160 1043 studens,
2192 990 2322 1046 etc.,

2453 980 2545 1032 ιλλν
2576 981 2737 1049 ὑμέσι
2770 982 2899 1043 τοὺς
2921 982 3158 1050 ταρσοὺς
3185 981 3424 1048 ὐφάνθαι
3457 984 3706 1050 πυρσοῖς,
3735 983 3815 1041 ὡς
3863 982 4023 1033 πέτε-

755 1069 857 1122 etsi
900 1070 1142 1121 omnium
1188 1069 1554 1135 pulcherrima
1615 1073 1687 1131 sit
1733 1074 2037 1137 civitatum,
2076 1084 2128 1127 et
2177 1090 2327 1129 mare

2453 1070 2559 1122 ιθαί
2597 1087 2656 1123 τε
2693 1072 2787 1123 καὶ
2834 1073 2897 1123 ἐκ
2944 1072 3224 1141 μετεώρου
3283 1071 3572 1140 μάχεσθαι.
3605 1073 3717 1141 Τὴν
3755 1072 3943 1139 τίγριν
3979 1072 4029 1123 δὲ

759 1160 1056 1225 proprium,
1090 1158 1433 1229 Zephyrique
1473 1161 1650 1215 fontes
1684 1162 1896 1227 habeat,
1931 1163 2027 1216 sed
2058 1163 2333 1231 pulchrius

2453 1163 2616 1224 ιύτοῖς
2648 1164 2923 1216 ἀνάλωτον
2956 1158 3095 1216 εἶναι
3132 1164 3324 1233 μόνην,
3353 1163 3538 1232 ἐπειδὴ
3571 1162 3631 1215 τὸ
3662 1162 3830 1231 τάχος
3866 1162 4029 1230 αὐτὴν

757 1260 843 1302 cst
894 1251 1038 1304 illam
1090 1252 1219 1305 viris
1268 1252 1372 1305 illis
1419 1255 1790 1308 condecorari.

2453 1257 2647 1307 ἑσποιεί
2691 1258 2803 1317 τοῖς
2854 1254 3278 1326 ἀνέμοις.Ἀλλὰ
3295 1257 3337 1287 ⁸⁸
3366 1254 3767 1321 ἀπαγγέλλεται
3818 1255 4033 1322 ἥδιστος

758 1349 851 1397 καὶ
899 1346 1003 1399 τῶν
1048 1347 1105 1399 ἐν
1151 1346 1550 1418 θαλαττουργίᾳ
1584 1348 2111 1419 θαυμασιώτερος“.
2145 1349 2257 1416 Οὐχ
2280 1348 2321 1378 ⁸¹
2379 1347 2569 1418 ὥσπερ
2630 1352 2677 1401 οἱ
2710 1351 3054 1419 Σωκρατικοὶ
3100 1350 3209 1402 τῶν
3248 1350 3346 1418 μὲν
3371 1352 3415 1380 δ’
3448 1350 3624 1401 ἄλλων
3662 1351 3903 1415 ἀπάγων
3944 1354 4032 1404 καὶ

758 1440 1260 1504 ἀποσπουδάζωνδ³,
1286 1442 1570 1512 φιλοσοφίᾳ
1592 1444 1650 1497 δὲ
1689 1443 1825 1513 μόνῃ
1854 1441 2237 1511 συμϐουλεύων
2253 1442 2299 1472 ⁸⁵
2325 1442 2461 1495 ἀλλὰ
2511 1443 2603 1494 καὶ
2651 1441 2797 1510 ἑξῆς.
2838 1444 2946 1497 Καὶ
3001 1442 3114 1494 el"
3148 1443 3406 1512 καλλίστη
3429 1443 3495 1505 ⁸⁸,
3563 1440 3771 1492 πόλεων
3838 1441 4034 1493 ὁπόσαι

759 1538 862 1591 ὑπὸ
884 1537 1015 1605 ἡλίῳ
1038 1539 1161 1598 εἰσὶ,
1199 1536 1293 1589 καὶ
1320 1536 1379 1587 τὸ
1410 1536 1641 1603 πέλαγος
1670 1534 1986 1598 οἰκειοῦται,
2011 1533 2308 1604 ζεφύρουτε
2334 1534 2516 1602 πηγὰς
2547 1534 2682 1602 ἔχει.
2701 1534 2858 1587 Ἀλλά
2878 1534 3135 1604 ἀνδράσιν
3154 1534 3197 1566 ⁸⁷
3224 1533 3391 1601 αὐτὴν
3423 1532 3834 1600 ἐστεφανῶσθαι
3863 1531 4031 1599 ἥδιον.

819 1628 1033 1697 333a.
1056 1628 1147 1681 Die
1170 1629 1291 1680 ebat
1315 1630 1449 1681 bene
1471 1627 1897 1681 constituendam
1927 1626 2199 1679 civitatem
2233 1625 2345 1677 dis-

760 1722 906 1773 cordi
943 1722 1178 1789 indigere
1192 1719 1502 1773 concordia.
1530 1719 1683 1785 Quod
1705 1728 1879 1772 autem
1910 1719 2050 1779 dico,
2080 1717 2187 1770 tale
2210 1717 2339 1785 quid

2527 1627 2709 1678 Ὃτιδ⁸
2748 1626 3103 1687 Ἀπολλώνιος
3135 1626 3233 1695 τὴν
3276 1623 3454 1694 ὀρθῶς
3483 1622 3849 1692 οἰκησομένην
3881 1621 4033 1672 πόλιν

2448 1716 2633 1783 ἔλεγεν
2688 1717 2937 1785 ὁμονοίας
3002 1714 3210 1768 δεῖσθαι
3282 1713 3691 1781 στασιαζούσης.
3749 1711 3931 1762 Τοῦτο
3983 1710 4035 1760 δέ

759 1824 873 1866 est:
910 1811 1113 1865 Seditio
1139 1827 1256 1879 qua:
1287 1812 1351 1864 ad
1383 1812 1584 1880 gladios
1632 1823 1952 1878 mutuasque
1979 1809 2341 1879 lapidationcs

2453 1808 2685 1861 τοιοῦτόν
2722 1810 2859 1863 ἐστι.
2911 1808 3107 1869 Στάσις
3137 1808 3170 1875 ἡ
3199 1807 3299 1877 μὲν
3332 1807 3426 1858 ἐπὶ
3474 1805 3599 1872 ξίφη
3649 1802 3745 1855 καὶ
3777 1803 3838 1853 τὸ
3857 1818 4035 1853 πατα-

760 1905 905 1957 cives
930 1905 1166 1967 deducit,
1186 1918 1216 1956 e
1252 1904 1560 1957 civitatibus
1581 1902 1988 1956 exterminanda
2013 1902 2339 1967 penitusesl.

758 1992 962 2048 Civitas
982 1996 1122 2047 enim
1157 2008 1446 2061 puerorum
1474 1994 1811 2046 institutione
1831 2002 1885 2047 et
1914 1993 2120 2061 legibus
2142 2004 2196 2046 et
2216 1993 2345 2046 viris

761 2085 984 2155 indiget,
1015 2099 1043 2137 a
1090 2086 1285 2153 quibus
1331 2085 1496 2138 verba
1536 2094 1591 2137 et
1634 2086 1876 2138 actiones
1907 2085 2195 2153 prodeunt.
2226 2083 2343 2137 Mu-

761 2188 851 2231 tua
881 2188 1059 2231 autem
1101 2178 1298 2231 civium
1335 2178 1606 2230 aemulatio
1660 2193 1756 2245 pro
1804 2181 2077 2231 communi
2108 2176 2345 2231 civitatis

759 2269 925 2332 bono,
956 2284 1048 2322 seu
1096 2269 1239 2337 quod
1272 2268 1409 2322 alius
1441 2269 1548 2323 alio
1583 2269 1773 2323 melius
1812 2269 2137 2323 sententiam
2166 2268 2337 2330 dicat,

762 2372 855 2415 aut
894 2361 1260 2430 magistratum
1286 2361 1489 2413 rectius
1515 2370 1689 2427 gerat,
1727 2372 1821 2412 aut
1854 2360 2175 2429 praeclarius
2208 2360 2345 2429 lega-

764 2452 913 2505 tione
964 2450 1215 2518 fungatur
1265 2467 1279 2501 :
1322 2450 1462 2513 talis,
1505 2450 1747 2517 inquam,
1790 2452 2069 2503 contentio
2098 2460 2153 2504 et
2178 2466 2344 2503 annu-

765 2536 918 2601 latio,
954 2537 1159 2590 civitati
1205 2536 1495 2605 plurimmn
1543 2537 1775 2593 confert.
1816 2538 1969 2603 Quod
2016 2540 2061 2592 si
2092 2540 2214 2607 quis
2250 2541 2345 2591 ho-

767 2643 886 2680 rum
922 2644 1019 2681 suo
1050 2628 1196 2696 operi
1245 2628 1553 2697 peragenda
1588 2630 1841 2692 defuerit,
1867 2631 2023 2697 quasi
2062 2646 2177 2683 rem
2220 2646 2345 2682 nau-

767 2722 931 2773 ticam
982 2721 1229 2789 imperite
1290 2729 1505 2782 tractet,
1545 2721 1685 2774 male
1735 2735 1856 2774 sese
1902 2722 2056 2775 navis
2104 2721 2341 2786 habebit,

765 2820 819 2863 et
852 2811 1076 2876 ipsemet
1103 2809 1255 2875 quasi
1285 2811 1524 2879 procella
1550 2812 1797 2878 qutedam
1834 2813 2013 2864 navim
2038 2812 2217 2866 laedet.
2251 2812 2345 2867 Ve-

766 2917 886 2954 rum
915 2902 958 2953 si
984 2902 1329 2955 azmulatione
1357 2902 1592 2969 quadam
1634 2904 1777 2957 inter
1800 2918 1857 2957 se
1890 2914 2161 2958 certantes
2192 2905 2344 2957 Iaho-

767 2994 981 3054 rabunt,
1027 3009 1093 3045 ne
1121 2993 1241 3061 quis
1271 2994 1451 3046 altero
1494 2996 1736 3047 deterior
1775 2995 1827 3047 in
1860 3009 1960 3047 suo
1990 3009 2157 3062 Opere
2203 2998 2345 3048 inve-

2443 1895 2625 1948 λιθοῦν
2675 1896 2940 1963 ἀλλήλους
2982 1894 3190 1963 ἄγουσα
3234 1895 3458 1948 ἀπέστω
3511 1894 3738 1955 πόλεως,
3849 1892 4035 1944 παιδο-

2445 1988 2673 2057 τροφίας
2695 2004 2754 2038 τε
2786 1987 2867 2038 δεῖ
2905 1988 3000 2039 καὶ
3046 1987 3226 2055 νόμων
3278 1987 3373 2039 καὶ
3400 1985 3629 2052 ἀνδρῶν,
3662 1986 3746 2051 ἐφ’
3781 1980 3864 2046 οἷς
3889 1985 4035 2049 λόγοι

2446 2079 2540 2130 καὶ
2577 2077 2732 2146 ἔργα.
2799 2078 3080 2146 Φιλοτιμία
3106 2078 3163 2129 δέ
3188 2079 3219 2140 ἠ
3248 2078 3384 2147 πρὸς
3450 2077 3715 2143 ἀλλήλους
3759 2077 3903 2144 ὑπὲρ
3946 2074 4035 2127 τοῦ

2444 2170 2645 2233 κοινοῦ,
2672 2170 2765 2222 καὶ
2794 2170 2911 2232 πῶς
2932 2173 2959 2222 6
2994 2170 3095 2237 μὲν
3127 2169 3354 2237 γνώμης
3379 2168 3523 2221 εἴποι
3554 2168 3751 2235 βελτίω
3781 2167 4033 2235 γνώμην,

2443 2263 2472 2313 6
2501 2262 2557 2315 δὲ
2585 2262 2773 2331 ἐτέρου
2810 2263 3032 2331 ἄμεινον
3063 2263 3239 2329 ἀρχῆς
3292 2260 3583 2329 προσταίη,
3618 2261 3646 2311 6
3681 2260 3735 2312 δὲ
3766 2260 4040 2328 πρεσϐεύ-

2447 2354 2668 2419 σειενδθ,
2714 2353 2828 2421 ἔρις
2884 2349 3038 2420 οἶμαι
3074 2352 3214 2420 αὐτη
3274 2353 3452 2421 ἀγαθὴ
3518 2353 3610 2404 καὶ
3658 2354 3855 2412 στάσις
3900 2352 4039 2418 ὑπὲρ

2443 2443 2538 2496 τοῦ
2580 2445 2783 2497 κοινοῦ.
2817 2446 2877 2496 Ei
2909 2445 2963 2496 δὲ
2984 2443 3028 2474 ⁵⁸
3066 2443 3124 2493 ἓν
3160 2443 3368 2494 τούτων
3400 2439 3479 2504 εἷς
3504 2443 3738 2509 ἐλλείψει
3767 2443 3814 2472 ³¹
3856 2459 3908 2493 τι
3932 2442 4041 2493 τῶν

2446 2535 2637 2587 ἑαυτοῦ
2669 2537 2845 2604 ἔργων
2874 2535 2905 2603 ἦ
2930 2534 3156 2603 ἀμαθῶς
3202 2535 3301 2601 τῆς
3342 2535 3601 2602 ναυτικῆς
3626 2534 3846 2600 ἅψεται,
3883 2550 4042 2599 πονη-

2449 2629 2539 2696 ρδν
2566 2627 2949 2689 πλευσοῦνται,
2993 2626 3085 2678 καὶ
3107 2628 3134 2677 6
3162 2626 3369 2693 χειμὼν
3402 2628 3555 2677 αὐτοὶ
3600 2626 3871 2689 δόξουσιν.
3901 2626 3963 2675 Εἰ
3988 2626 4043 2677 δὲ

2446 2719 2893 2788 φιλοτιμήσονται
2952 2719 3087 2785 πρὸς
3147 2718 3376 2778 ἐαυτούς
3423 2718 3518 2768 καὶ
3582 2718 3942 2769 στασιάσουσι
3972 2717 4044 2785 μὴ

2446 2812 2652 2863 κακίων
2681 2812 2864 2879 ἕτερος
2899 2810 3089 2877 ἐτέρου
3148 2809 3321 2871 δόξαι,
3344 2809 3502 2860 καλοὶ
3534 2808 3631 2876 μὲν
3662 2809 3827 2877 ὅρμοι
3860 2812 3927 2876 τῇ
3959 2812 4044 2875 νηῒ

2444 2901 2635 2969 ταύτῃ,
2697 2902 2871 2967 μεστὰ
2904 2900 2959 2951 δέ
2986 2898 3166 2959 εὐδίας
3198 2915 3256 2948 τε
3305 2898 3397 2949 καὶ
3451 2897 3708 2955 εὐπλοίας
3767 2896 3899 2967 [585
3953 2896 4045 2966 Η.]

2453 2992 2651 3049 πάντα,
2698 2989 2971 3041 Ποσειδῶν
3001 2988 3057 3039 δὲ
3112 2987 3406 3055 ἀσφάλειος
3440 2989 3470 3055 ἡ
3500 2989 3626 3056 περὶ
3656 2988 3827 3054 αὐτῆς
3859 2988 4048 3040 εὐϐου-

768 3085 975 3145 niatur,
1025 3094 1173 3139 recte
1204 3086 1480 3152 probeque
1514 3086 1567 3138 in
1617 3095 1773 3153 portu
1814 3086 1967 3139 navis
2018 3087 2342 3147 lirmabitur,

2453 3085 2540 3136 λία
2564 3083 2728 3145 δόξει.
2798 3083 2909 3134 Καὶ
2931 3082 3039 3149 γὰρ
3064 3082 3277 3132 ἱκέτευε
3314 3081 3601 3133 καὶπολλὰ
3632 3081 3725 3131 ἐπὶ
3764 3080 3903 3148 ἐλέῳ
3932 3080 4047 3130 ἐλε-

771 3188 1139 3243 prospereque
1182 3190 1302 3227 cum
1350 3176 1539 3227 laetitia
1578 3187 1687 3227 tota
1725 3177 1996 3244 navigatio
2035 3186 2345 3245 peragetur,

772 3280 958 3319 eormn
1007 3267 1058 3317 in
1099 3264 1458 3318 consultando
1511 3267 1783 3318 rectitude
1816 3275 2024 3318 tantum
2060 3266 2191 3333 ipsis
2219 3281 2347 3333 pro-

773 3358 933 3419 derit,
968 3366 1229 3422 quantum
1271 3357 1315 3410 si
1354 3356 1636 3423 Neptunus
1680 3357 1923 3420 tutelam,
1978 3360 2351 3411 securitatem-

774 3461 880 3515 que
927 3446 1294 3513 polliceretur.
1338 3445 1547 3497 Etenim
1598 3447 1941 3514 supplicavit,
1989 3457 2043 3500 et
2075 3449 2242 3500 multa
2288 3448 2352 3500 de

776 3535 1149 3589 misericordia
1198 3535 1409 3589 locutus
1446 3546 1549 3589 est.
1600 3536 1857 3604 Lapidum
1890 3552 2143 3590 acervum
2192 3552 2354 3603 super

775 3642 898 3681 eum
964 3641 1336 3680 coacervasse.
1398 3627 1618 3680 Somnia
1670 3640 1816 3681 recte
1860 3629 2173 3696 conjicient.
2224 3629 2355 3681 Erat

777 3723 956 3768 autem
994 3716 1237 3767 autumni
1288 3724 1522 3784 tempus,
1572 3725 1625 3769 et
1672 3732 1823 3769 mare
1856 3718 2033 3770 minus
2076 3731 2350 3770 securum.

779 3802 916 3858 Cum
945 3800 1192 3871 Orpheus
1237 3818 1410 3871 nuper
1452 3818 1481 3856 e
1522 3802 1752 3857 Thracia
1785 3804 2045 3858 advectus
2069 3815 2239 3868 esset,
2264 3820 2356 3859 sn-

779 3894 1036 3963 perstitit,
1065 3904 1119 3947 et
1150 3904 1467 3960 superstans
1494 3911 1509 3947 :
1542 3894 1750 3961 Apollo,
1784 3896 1982 3960 desine,
2014 3896 2209 3964 inquit,
2238 3912 2356 3965 qua:

781 4003 896 4040 mea
926 3996 1043 4039 sunt
1068 4001 1323 4053 occupare
1361 4000 1379 4038 :
1403 3984 1515 4054 jam
1548 3988 1677 4039 satis
1704 3988 1838 4039 enim
1872 3997 1920 4038 te
1953 3999 2221 4040 canentem
2246 4004 2359 4055 per-

784 4076 904 4130 tuli.
960 4075 1279 4141 Apollonius
1350 4076 1633 4129 intellexit.
1688 4075 1793 4130 Sed
1842 4077 2009 4129 alium
2052 4092 2355 4133 sermonem

784 4166 967 4220 Damis
1017 4166 1273 4220 inducere
1311 4166 1545 4221 volebat.
1594 4166 1834 4223 Ostende
1868 4170 2027 4223 nobis
2068 4170 2357 4239 imaginem

786 4265 955 4322 tuam,
991 4270 1024 4310 o
1057 4256 1290 4310 Achille.
1322 4255 1403 4309 Tu
1452 4271 1691 4326 namque
1732 4258 2189 4325 valdejuvaberis
2226 4263 2361 4313 meis

785 4347 980 4409 oculis,
1010 4348 1053 4400 si
1092 4348 1221 4415 ipsis
1259 4356 1361 4399 tua:
1401 4349 1704 4413 przeseutia:
1737 4349 1930 4402 utaris.
1966 4348 2043 4401 De
2081 4347 2358 4401 Musarum

2451 3191 2567 3241 γεν.
2624 3173 2710 3233 Ὠς
2758 3172 2991 3224 κολωνὸν
3032 3172 3195 3223 λίθων
3225 3172 3268 3202 ⁸³
3323 3173 3453 3239 περ)⁸
3508 3172 3669 3223 αὐτὸν
3739 3170 4044 3238 χὼσασθαι.

2450 3263 2812 3332 Ἐύξυμϐόλων
2828 3263 2874 3293 ⁸³
2910 3263 3035 3330 περὶ
3071 3262 3233 3314 αὐτὸν
3260 3261 3562 3330 χώσασθαι.
3606 3260 3979 3329 Εὐξυμϐόλων
4001 3261 4047 3292 ’⁵

2452 3358 2747 3425 ὀνειράτων
2804 3354 3106 3416 τεύξονται.
3155 3354 3268 3405 Καὶ
3303 3354 3410 3421 γὰρ
3436 3355 3481 3385 ⁸⁸
3518 3354 3843 3422 μετόπωρον
3895 3354 4051 3419 ὲτὺγ-

2454 3464 2607 3517 χανε,
2664 3446 2823 3514 καὶὴ
2874 3444 3179 3497 θάλαττα⁸⁶
3224 3440 3386 3513 ἦττον
3447 3444 3662 3511 βεϐαία.
3733 3444 3894 3496 Ἐπεὶ
3917 3445 3961 3475 ⁸⁷
3994 3444 4048 3496 δὲ

2467 3540 2700 3607 Ὀρφεὺς
2755 3537 2889 3605 ἔχρα
2951 3536 3130 3604 μόνος,
3186 3537 3311 3604 ἄρτι
3345 3537 3409 3587 ἐκ
3447 3537 3667 3605 Θρᾴκης
3701 3537 3923 3603 ἥκουσα
3941 3537 3985 3568 ⁵⁸
4018 3541 4048 3604 ἡ

2456 3628 2686 3697 κεφαλὴ,
2742 3629 3031 3695 ἐφίσταται
3078 3628 3128 3678 οἱ
3160 3627 3576 3696 χρησμῳδοῦντι
3602 3630 3628 3679 6
3667 3629 4051 3692 Ἀπολλώνιος,

2460 3725 2554 3775 καὶ
2612 3725 2922 3783 Πέπαυσο,
2953 3722 3081 3790 ἔφη,
3110 3719 3227 3771 τῶν
3258 3718 3437 3787 ἐμῶν’
3479 3718 3702 3784 καὶγὰρ
3722 3719 3799 3783 δὴ
3834 3718 4056 3783 ᾆδοντὰ

2456 3831 2531 3869 σε
2569 3814 2785 3878 ἱκανῶς
2836 3813 3086 3881 ἤνεγκα.
3150 3809 3393 3878 Ξυνῆκεν
3432 3810 3477 3840 ⁵³
3506 3811 3533 3861 6
3572 3809 3941 3871 Ἀπολλώνιος
3978 3811 4054 3862 ὅτι

2456 3907 2615 3974 λόγον
2643 3906 2829 3975 ἕτερον
2858 3906 2886 3956 6
2920 3903 3096 3971 Δάμις
3149 3901 3451 3953 σπουδάσαι
3502 3899 3777 3967 βούλεται.
3810 3902 4055 3964 Δεῖξον⁶⁴

2458 3999 2611 4069 ἡμῖν,
2652 3996 2915 4066 Ἀχιλλεῦ,
2941 3995 3003 4047 τὸ
3030 3991 3257 4046 σεαυτοῦ
3309 3988 3447 4054 εἶδος
3473 4008 3487 4021 ·
3540 3992 3637 4044 καὶ
3673 3992 3787 4059 γὰρ
3814 3994 3883 4045 ἂν
3917 3994 4058 4045 ὄναιο

2460 4091 2599 4155 ἄγαν
2641 4088 2751 4139 τῶν
2807 4086 2956 4153 ἐμῶν
3008 4082 3328 4151 ὀφθαλμῶν,
3359 4084 3407 4134 εί
3453 4082 3722 4151 μάρτυσιν
3759 4083 3949 4144 αὐτοῖς
3969 4082 4058 4135 τοῦ

2461 4174 2597 4232 εἷναι
2615 4180 2865 4247 χρήσαιο.
2883 4175 3110 4229 Μουσῶν
3125 4175 3179 4227 δέ
3196 4173 3409 4242 θρήνων
3425 4174 3468 4204 ⁶¹
3495 4174 3590 4225 καὶ¹
3619 4174 3949 4243 Νηρηΐδων,
3966 4174 4055 4235 οὓς

2461 4268 2548 4320 ἐπ’
2574 4270 2697 4335 ἐμοὶ
2722 4266 2977 4333 γενέσθαι
3002 4265 3159 4333 φασὶ,
3192 4262 3409 4317 Μοῦσαι
3446 4263 3545 4332 μὲν
3583 4263 3693 4315 οὐδ’
3719 4265 3765 4294 ⁸³
3804 4264 4061 4329 ἀφίκοντό

2465 4374 2592 4409 ποτε
2648 4355 2880 4408 ἐνταῦθα
2922 4355 3191 4424 Νηρηΐδες
3236 4354 3293 4405 δὲ
3344 4355 3426 4406 ἔτι
3471 4354 3746 4422 φοιτῶσιν.
3786 4353 4061 4425 [l0248.]

787 4450 916 4489 vero
948 4445 1001 4490 et
1034 4434 1320 4489 Nereidum
1369 4437 1645 4505 lacrymis,
1678 4453 1816 4506 quas
1861 4454 1981 4491 mea
2007 4454 2169 4493 causa
2202 4438 2351 4493 fusas

2467 4448 2587 4499 Ἐτι
2617 4447 2675 4498 δὲ
2704 4447 2810 4514 ἔφη
2869 4448 2897 4498 6
2935 4445 3210 4513 Ἀχιλλεὺς
3267 4444 3341 4505 ὡς
3374 4444 3494 4496 οὐδὲ
3532 4447 3581 4495 οἱ
3607 4444 3884 4514 βάρϐαροι
3933 4448 4060 4497 πολὺ

785 4542 908 4581 esse
933 4527 1181 4580 homines
1206 4526 1511 4592 perhibent.
1546 4526 1710 4581 Musa:
1734 4530 1837 4581 huc
1872 4542 1977 4581 non
2012 4529 2355 4594 perveniunt.

788 4616 1043 4669 Nereides
1090 4624 1268 4670 autem
1312 4630 1456 4669 nunc
1502 4626 1556 4669 et
1608 4615 1920 4684 frequenter
1965 4618 2253 4671 accedunt.
2281 4619 2363 4671 Ad

789 4707 907 4767 lucc
960 4707 1217 4773 Achilles,
1271 4722 1370 4761 nec
1444 4706 1697 4773 Barbari,
1754 4709 1952 4778 inquit,
2007 4710 2161 4764 nobis
2211 4718 2368 4763 erant

790 4796 959 4849 multo
1000 4795 1302 4860 inferiores,
1345 4812 1517 4866 usque
1559 4797 1695 4852 adeo
1722 4813 1818 4866 per
1856 4801 1908 4853 id
1944 4809 2156 4867 tempus
2196 4800 2368 4854 virtus

790 4887 847 4939 in
888 4897 1028 4939 terra
1067 4884 1317 4941 ﬂorebat.
1350 4886 1469 4941 Jam
1510 4889 1654 4941 enim
1698 4887 1979 4944 Gallorum
2033 4901 2229 4946 cantus
2274 4908 2370 4945 au-

790 4976 1115 5041 diebantur;
1150 4992 1337 5031 verum
1369 4978 1689 5034 adolescens
1718 4992 1975 5050 tanquam
1999 4996 2031 5035 c
2059 4983 2207 5051 gravi
2233 4997 2371 5037 som-

793 5080 862 5117 no
886 5066 1175 5131 excitatus,
1213 5066 1402 5121 oculos
1430 5066 1752 5137 frequenter
1782 5073 2011 5137 terebat,
2045 5080 2099 5125 et
2132 5072 2200 5126 ad
2240 5072 2371 5127 solis

794 5157 976 5210 radios
1007 5155 1202 5212 faciem
1248 5168 1487 5227 vertens,
1522 5162 1851 5217 verecundia
1898 5164 2063 5217 etiam
2096 5164 2370 5234 perfusus,

2458 4538 2492 4605 ἡ
2502 4536 2619 4604 μῶν
2640 4535 2916 4587 ἐλείποντο
2932 4550 2945 4565 ’
2976 4534 3147 4597 οὕτως
3166 4537 3198 4603 ἡ
3220 4534 3290 4601 γῆ
3307 4536 3454 4585 πᾶσα
3480 4535 3679 4603 ἀρετῆς
3702 4535 3938 4604 ἦνθησε.
3962 4537 4063 4589 Καὶ

2462 4627 2569 4696 γὰρ
2607 4626 2671 4696 δὴ
2694 4627 2788 4678 καὶ
2819 4626 3179 4695 ἀλεκτρυόνες
3236 4625 3336 4694 ἤδη
3368 4625 3513 4694 ᾠδῆς
3554 4625 3817 4694 ἥπτοντο.
3852 4628 3930 4679 Τὸ
3950 4628 4063 4680 δέ*-ι

2468 4717 2750 4789 μειράκιον
2824 4717 3014 4787 ῶσπερ
3076 4717 3390 4785 ἀφυπνίσαν
3444 4715 3569 4778 τούς
3626 4734 3686 4768 τε
3746 4718 4062 4785 ὀφθαλμοὺς

2468 4808 2677 4879 ἕτριψε,
2710 4808 2802 4861 καὶ
2835 4809 2971 4878 πρὸς
3002 4808 3101 4869 τὰς
3133 4808 3308 4875 αὐγὰς
3333 4808 3427 4860 τοῦ
3470 4808 3620 4877 ἡλίου
3650 4804 3819 4872 εἶδεν,
3850 4811 3990 4862 αἰδῶ
4010 4827 4060 4861 τε

2467 4900 2753 4967 ἠσπάσατο
2768 4899 2814 4929 ⁸³
2840 4898 3057 4950 πάντων
3088 4900 3145 4959 ἐς
3172 4898 3304 4951 αὐτὸ
3354 4899 3779 4967 ἐστραμμένων,
3823 4901 4062 4969 ἀσελγής

2466 5003 2526 5039 τε
2545 4987 2727 5039 οὐκέτι
2762 4986 3035 5054 ἐφαίνετο.
3088 4986 3425 5039 Μεταϐαλὼν
3461 4987 3517 5037 δὲ
3542 4986 3651 5038 τῶν
3702 4987 4063 5055 χλανιδίων⁶⁸

2469 5079 2566 5130 καὶ
2626 5077 2726 5145 τῆς
2756 5077 2923 5146 ἄλλης
2976 5076 3291 5147 Συϐαρίδος,
3333 5078 3412 5138 εἰς
3439 5076 3617 5148 ἔρωτα
3642 5071 3811 5146 ἦλθεν
3848 5078 4062 5149 αὐχμοῦ

2471 5170 2567 5223 καὶ
2587 5169 2871 5238 τρίϐωνος,
2908 5170 3000 5221 καὶ
3034 5170 3092 5231 ἐς
3126 5169 3193 5221 τὰ
3212 5166 3306 5221 τοῦ
3324 5168 3686 5222 Ἀπολλωνίου
3718 5170 3827 5240 ῆθη
3866 5171 4066 5224 ἁπεδύ-

2075 5327 2314 5382 VARUE
2349 5327 2759 5385 LECTIONES.

869 5446 913 5477 ³⁸
944 5438 1079 5505 φησὶ
1114 5437 1234 5491 ΑΒι
1268 5437 1402 5506 φασὶ
1426 5457 1487 5503 ς.
1566 5441 1612 5473 ⁸⁵
1631 5442 1767 5496 ἀλλὰ
1830 5443 1877 5483 δ’
1921 5442 2367 5513 θαυμασιώτερος
2398 5443 2513 5510 (ιιι,
2538 5444 2627 5512 57)
2658 5460 2764 5498 om.
2785 5444 2844 5499 Β.
2907 5446 2949 5475 ⁶¹
2976 5442 3097 5514 οὖν]
3126 5458 3198 5504 tv,
3231 5441 3285 5496 2.
3332 5440 3375 5475 δ’
3406 5441 3502 5509 μὲν
3531 5456 3643 5496 om.
3670 5442 3781 5497 ΑΒ.
3824 5444 3868 5477 δ’
3903 5460 4065 5494 σπου-

869 5508 970 5564 ζων
989 5524 1049 5564 ς.
1098 5505 1147 5538 ⁵⁸
1177 5508 1559 5564 συμϐουλεύων
1576 5512 1801 5564 ἁλλὰΔι
1832 5513 2214 5564 ξυμϐουλεύων
2247 5531 2307 5564 ς.
2385 5516 2429 5547 δ’
2458 5516 2551 5564 καὶ
2576 5514 2647 5564 εἰ]
2672 5531 2743 5564 ιν.
2769 5517 2820 5564 7.
2887 5514 2933 5545 “
2963 5464 3219 5564 καίλίστη
3241 5516 3313 5564 A:
3346 5514 3438 5564 καὶ
3464 5513 3727 5564 καλλίστη
3759 5530 3821 5564 ς.
3874 5514 4065 5564 "illa

794 5508 979 5585 δάζων
989 5524 1049 5569 ς.
1098 5505 1147 5538 ⁵⁸
1177 5505 1801 5585 σία-μϐουλεύων-ἁλλᾲΑι
1832 5505 2214 5585 ξυμϐουλεύων
2350 5505 2358 5507 Ὗ
2385 5505 2429 5547 ⁸³
2452 5505 2551 5585 καὶ
2576 5505 2647 5585 εί]
2672 5531 2743 5585 ιν,
2769 5517 2820 5568 7.
2887 5514 2947 5585 δῖ
2963 5532 3032 5567 κα

1672 5581 1719 5651 ἓν
1743 5583 2065 5651 πρεσϐεύειν
2092 5600 2153 5646 ς’.
2230 5585 2276 5616 ⁵⁸
2306 5585 2354 5635 εί
2416 5583 2494 5651 δὲ]
2549 5581 2646 5643 ιν(
2672 5584 2725 5638 9.

1422 5647 1473 5723 p]
1502 5650 1716 5723 th,_‘lO.
1788 5647 2030 5723 νγλίθων
2060 5654 2100 5705 Α
2136 5670 2157 5723 ξ
2182 5651 2337 5705 λίθον.
2362 5671 2421 5716 ς.
2476 5648 2535 5689 ’⁵⁸
2566 5652 2819 5723 εὐξυμϐ]
2852 5671 2924 5714 ιν,
2963 5656 3075 5723 ll,
3127 5647 3171 5691 ⁵⁸
3207 5654 3296 5703 καὶ
3331 5649 3460 5723 γὰρ]
3510 5668 3593 5713 ιν,
3620 5647 3721 5704 V13.

1831 5722 1866 5789 ἡ
1894 5737 2017 5791 step.
2044 5722 2110 5773 ὲκ
2137 5720 2348 5791 θράκης
2398 5723 2458 5775 Β.
2532 5728 2575 5757 δ’
2605 5720 2855 5790 ξυνῆκεν]
2891 5740 2942 5777 ιν
2962 5764 2977 5786 ,
3014 5722 3099 5774 15.

2269 5792 2316 5823 “
2344 5792 2619 5845 ἐσπάσατο
2654 5794 2761 5846 ΑΒ.
2839 5797 2883 5828 ⁸³
2914 5792 3221 5862 χαλινιδίων
3252 5807 3300 5854 ς.

795 5578 852 5629 δὲ
886 5578 1036 5645 ἀνδρ.
1081 5594 1143 5641 ς.

1210 5576 1257 5608 ⁸⁸
1294 5576 1505 5699 ὄτιὶιν,
1544 5582 1596 5635 8.

1220 5648 1314 5699 καὶ
1343 5665 1375 5699 γ
1422 5647 1473 5699 al
1502 5665 1553 5699 tv
1581 5692 1595 5699 _

802 5646 979 5712 λείψει
1008 5664 1068 5709 ς.

1142 5649 1186 5678 ⁸⁸
1220 5648 1314 5699 καὶ
1343 5665 1375 5714 γ

800 5730 979 5789 τιτι-ς.⁸
1035 5716 1080 5789 f"
1110 5715 1254 5787 ἐπεὶ]
1275 5715 1499 5789 ιπμζ-
1525 5720 1570 5755 ⁸⁸
1596 5721 1806 5789 ἥκουσα

800 5784 921 5839 AB:
956 5784 1190 5856 θρήνους
1218 5784 1278 5850 ς.
1381 5787 1426 5820 ⁸³
1450 5787 1551 5841 οὐκ
1579 5784 1641 5855 ς.
1718 5790 1763 5821 ⁸³
1793 5784 1865 5843 τό
1890 5784 1981 5863 δὲ]
1999 5806 2073 5857 ιν,
2099 5784 2191 5849 2οξ

3068 5513 3220 5581 λίστη
3241 5516 3313 5565 A:
3346 5514 3438 5582 καὶ
3464 5513 3729 5582 καλλίστη
3759 5530 3821 5576 ς.
3874 5514 4067 5565 “sua

2817 5586 2859 5617 "
2892 5578 2970 5646 εἷς
3000 5576 3231 5648 ἐλλείᾴοί
3264 5582 3323 5645 Β,
3350 5576 3429 5642 εἷς
3461 5576 3728 5649 ἐλλείψειέ
3760 5588 3801 5634 Α
3844 5604 3855 5633 .
3894 5585 4059 5633 εἰσελ-

2817 5656 2819 5703 Ι
2852 5671 2924 5703 ιν.
2963 5656 3047 5703 ll.
3127 5660 3171 5691 ⁵⁸
3207 5654 3296 5703 καὶ
3331 5649 3460 5703 γὰο]
3510 5668 3593 5703 tv.
3639 5653 3721 5703 lii.
3795 5652 3841 5691 ⁸⁸
3867 5652 4064 5703 θάλασ-

3179 5723 3222 5752 ·⁰
3248 5718 3558 5790 ὃεῖξον]ἰν,
3602 5724 3683 5775 lii.
3780 5722 3821 5752 "
3857 5721 4063 5791 θρήνων
