4206 6436
802 388 936 450 1241

1968 400 2227 458 PHOTII
2270 400 2767 459 l‘ATBIAltClI/E
2803 405 2909 464 ΕΡ.

3928 413 4067 479 1248

799 517 963 556 nosse
990 502 1120 553 dicit
1149 501 1511 569 Apollonium,
1544 514 1599 559 et
1628 507 1795 561 maris
1826 522 2133 561 mensuram
2163 524 2374 562 omnem

2485 509 2693 571 ξύνεσιν
2718 514 2765 563 οί
2793 514 2985 565 τοιοίδε
3021 515 3316 583 ἅνθρωποι,
3352 517 3770 588 καθαρωτέραις
3808 526 4057 591 ὁμιλοῦν·

797 595 1291 660 comprehendisse.
1325 598 1500 650 Videri
1540 611 1593 654 et
1628 602 1804 669 aliqua
1835 604 1973 670 apud
2010 604 2244 671 reliquos
2279 606 2376 655 mi-

799 686 1007 747 rabilia,
1046 688 1095 737 in
1132 687 1327 752 quibus
1368 689 1585 743 fortiter
1622 701 1678 744 et
1718 695 1994 762 eleganter
2032 695 2372 761 Apollonium

800 788 1109 830 narrantem
1146 779 1509 833 audiverunt:
1568 783 1824 850 mitigans
1868 798 1995 835 vero
2036 785 2183 837 illutn
2240 784 2378 837 The-

2478 618 2567 661 τες
2609 604 2841 667 ἀκτῖσιν,
2892 604 3243 674 ἁληθέστεροι
3292 608 3345 658 δὲ
3378 610 3474 669 τὰς
3520 613 3649 678 περὶ
3704 614 3923 679 φύσεως
3966 636 4052 672 καθ

2478 694 2611 746 Οεῶν
2651 697 2825 760 δόξας,
2864 699 2957 749 an
2991 699 3235 767 ἀγχίθεοι
3266 703 3356 753 καὶ
3392 703 3528 771 πρὸς
3556 706 3751 772 ἀρχαῖς
3786 708 3886 772 τῆς
3922 709 4052 769 ζωο-

2477 785 2632 849 γόνου
2700 789 2793 839 καὶ
2850 790 3056 858 θερμῆς
3118 791 3302 853 οὐσίας
3345 792 3641 855 οἰκοῦντες.
3707 796 3907 848 Ἀλλὰ³
3967 801 4053 865 ei}.

796 871 1033 934 spesion.
1092 868 1299 923 Dicitur
1350 882 1403 924 et
1446 874 1746 941 elegantias
1796 876 2085 928 verborum
2125 876 2373 930 Phraatze

2478 876 2698 945 ψάμμον
2737 879 2932 933 εἰδέναι
2961 882 3123 949 φησὶν
3160 884 3186 932 ὁ
3230 883 3506 935 Ἀπόλλων
3528 887 3568 949 ⁸,
3612 885 3786 938 ὁπόσα
3820 890 4064 955 spicas,

796 960 865 1011 ab
895 957 1037 1011 ludis
1066 960 1331 1014 attulisse.
1379 960 1491 1015 Hoc
1525 964 1670 1017 enim
1709 974 1919 1032 tempus
1950 976 2003 1019 et
2034 966 2143 1018 Indi
2182 967 2246 1017 ad
2280 981 2369 1017 sa-

798 1052 1066 1104 cerdotes.
1101 1050 1319 1107 Videris
1360 1054 1492 1107 mihi
1524 1057 1658 1109 bene
1702 1072 2041 1126 concoquere
2072 1068 2126 1110 et
2158 1060 2373 1127 egregie

796 1145 1195 1198 coinedere..Si
1245 1147 1389 1199 enim
1441 1148 1694 1216 antiquas
1742 1149 1885 1217 leges
1938 1159 1993 1203 et
2045 1152 2372 1206 vetustiores

794 1247 1118 1300 cognoscere
1140 1236 1399 1301 licuisset,
1419 1247 1665 1305 poteram
1696 1241 1811 1293 illas
1832 1243 2077 1295 severius
2096 1253 2369 1295 excutere.

792 1322 943 1374 Multi
962 1334 1013 1375 ct
1030 1326 1245 1378 absurdi
1265 1341 1547 1381 sermones
1569 1330 1708 1382 inter
1732 1332 1964 1399 aequales
2000 1342 2368 1385 renascentur.

2482 984 2571 1018 σαι
2602 968 2793 1035 αὐτὴν,
2828 971 2923 1021 καὶ
2952 971 3019 1022 τὰ
3040 973 3137 1039 τῆς
3165 972 3441 1042 θαλάσσης
3476 975 3649 1047 μέτρα
3676 977 4063 1045 ξυνειληφέναι

2480 1060 2678 1113 πάντα.
2714 1058 2877 1129 [[025
2906 1061 2996 1133 IL]
3021 1063 3309 1117 Φαίνεσθαι
3354 1066 3373 1095 "
3423 1066 3481 1117 δέ
3505 1084 3627 1120 τινα
3662 1070 3911 1137 καὶπερὶ
3941 1071 4063 1131 τοὺς

2481 1150 2699 1212 λοιποὺς
2752 1151 3009 1221 ἔκπληξιν
3065 1154 3147 1222 ἐφ’
3181 1150 3263 1216 οἷς
3312 1157 3639 1225 ἐρρωμένως
3690 1175 3749 1210 τε
3812 1159 3911 1210 καὶ
3969 1162 4062 1210 σὺν

2480 1243 2667 1312 εὐροίᾳ
2724 1244 3107 1314 διαλεγομένου
3175 1247 3531 1300 Ἀπολλωνίου
3589 1249 3853 1318 ἤκουσαν.
3936 1257 4060 1302 Δια-

2481 1336 2775 1401 πραΰνωνδ
2813 1336 2870 1387 δὲ
2918 1336 3079 1386 αὐτὸν
3118 1340 3146 1388 ὁ
3183 1337 3499 1390 Θεσπεσίων
3523 1341 3563 1391 ⁹.
3630 1340 3864 1405 Λέγεται
3893 1344 3937 1371 ¹⁶
3962 1344 4061 1409 γὰρ

792 1416 1017 1467 καὶτῶν
1046 1418 1290 1484 Φραάτου
1326 1419 1498 1484 λόγων
1527 1421 1817 1490 ἀγάλματα
1848 1424 1953 1475 ἀπὸ
1994 1423 2166 1475 Ἰνδῶν
2221 1424 2394 1491 ἄγειν.
2429 1426 2533 1477 Τὸν
2587 1426 2695 1497 γὰρ
2774 1428 2967 1497 καιρὸν
3018 1427 3209 1479 τοῦτον
3258 1430 3351 1480 καὶ
3416 1430 3465 1480 ot
3504 1431 3653 1481 Ἰνδοὶ
3709 1432 3845 1499 πρὸς
3904 1434 4061 1498 ἱεροῖς

792 1506 1114 1573 γίνονταιίί.
1153 1510 1434 1570 Ἐοικαςη
1474 1510 1687 1573 εὖσιτος
1737 1509 1876 1565 εἷναι
1938 1514 2034 1565 καὶ
2092 1514 2262 1576 δεινὸς
2323 1519 2540 1583 φαγεῖν.
2601 1518 2661 1569 Ei
2715 1516 2887 1586 γάρ¹³
2910 1518 2979 1570 τὰ
3029 1518 3234 1571 παλαιὰ
3286 1521 3516 1589 νόμιμα,
3575 1521 3668 1573 καὶ
3698 1520 4058 1593 πολιώτεραῆ

789 1597 1081 1661 γινώσκειν
1138 1601 1297 1664 αὐτὰ,
1353 1602 1567 1671 πικρῶς
1634 1604 1979 1671 ἐξετάζοιμεν
2006 1644 2021 1666 ,
2075 1607 2259 1657 πολλοὶ
2292 1608 2386 1659 καὶ
2419 1608 2607 1660 ἄτοποι
2646 1607 2793 1675 λόγοι
2833 1608 3354 1676 ἀναφύσονται¹⁸·¹⁸.
3399 1611 3696 1680 Ἰσηλίκων.

858 1691 991 1742 Cum
1053 1690 1206 1745 'l‘itus
1279 1691 1648 1763 Hierosolyma
1700 1697 2015 1763 evertisset,
2072 1706 2127 1751 et
2190 1699 2371 1752 omnia

791 1782 1119 1835 circumloca
1165 1784 1519 1839 cadaveribus
1574 1788 1865 1855 opplesset,
1903 1805 2167 1845 coronare
2219 1791 2366 1845 illum

792 1872 1072 1937 voluere,
1126 1882 1219 1927 sed
1292 1876 1380 1929 ille
1459 1877 1697 1945 seipsum
1779 1882 1986 1947 putavit
2064 1883 2363 1951 indignum.

2565 1701 2790 1752 Ἐπεὶ¹⁶
2836 1702 2891 1754 δὲ
2939 1701 3096 1762 Τίτος
3157 1703 3357 1770 ᾑρήκει
3421 1702 3491 1755 τὰ
3558 1702 3912 1772 Ἱεροσόλυμα
3974 1707 4061 1758 καὶ

2477 1791 2683 1859 νεκρῶν
2711 1792 2847 1843 πλέα
2872 1788 2941 1861 ἦν
2980 1794 3156 1845 πάντα
3182 1794 3328 1857 ⁸⁷,τὰ
3356 1795 3532 1863 ὅμορα
3574 1795 3698 1864 ἔθνη
3731 1796 4061 1863 ἐστεφάνουν

2476 1880 2661 1931 αὐτόν.
2709 1881 2766 1931 ὐ
2794 1880 2851 1931 δὲ
2919 1882 3019 1931 οὐκ
3080 1881 3234 1949 ἠξίου
3299 1884 3489 1934 ἑαυτὸν
3547 1883 3775 1935 τούτου·
3818 1886 3896 1953 μὴ
3956 1886 4059 1954 γὰρ

791 1962 908 2017 Νοη
962 1967 1104 2018 enim
1147 1982 1206 2019 se
1240 1980 1361 2021 esse
1417 1969 1602 2021 talium
1657 1984 1878 2037 operum
1927 1984 2225 2037 auctorem,
2279 1975 2371 2027 sed

2478 1968 2637 2030 αὐτὸς
2656 1968 2829 2023 ταῦτα
2851 1970 3138 2039 εἰργάσθαι
3155 1971 3217 2035 ¹⁸,
3251 1970 3371 2041 Θεῷ
3392 1973 3448 2024 δὲ
3471 1972 3639 2042 ὀργὴν
3672 1951 3905 2041 φήναντι
3941 1951 4058 2025 tm;

793 2055 904 2109 Deo
949 2057 1284 2111 iracundiam
1341 2068 1531 2112 contra
1580 2060 1800 2116 Judazos
1863 2068 2184 2118 monstranti
2245 2081 2372 2119 suas

792 2161 986 2199 manus
1036 2146 1372 2215 praebuisse:
1424 2152 1522 2203 hos
1568 2152 1705 2205 tales
1735 2163 2084 2209 accusatores
2121 2156 2370 2220 irrident,

792 2239 846 2291 iu
887 2239 1005 2292 illos
1047 2240 1293 2293 stimulos
1336 2242 1530 2309 lingme
1581 2259 1693 2297 suae
1730 2248 2028 2301 vibrantes.
2060 2248 2141 2301 Ad
2175 2265 2374 2317 praece-

790 2339 974 2398 ptores
1026 2345 1085 2383 se
1128 2332 1375 2395 contulit,
1424 2334 1515 2401 qui
1568 2344 1803 2389 mentem
1854 2337 1997 2391 illius
2034 2348 2086 2391 et
2134 2340 2371 2408 tinguant

790 2421 1127 2473 erudierant.
1198 2420 1467 2491 Magnum,
1537 2424 1734 2491 inquit,
1794 2428 2121 2479 mensarium
2173 2430 2368 2481 video:

791 2511 1058 2565 infelicem
1099 2512 1313 2579 quidam
1348 2514 1504 2576 dixit,
1542 2516 1626 2567 cui
1660 2517 1790 2568 nihil
1832 2528 1915 2569 est
1958 2526 2151 2585 praeter
2177 2533 2368 2585 pauca,

793 2621 912 2673 qua:
943 2620 1045 2657 non
1080 2603 1349 2657 sufﬁciunt
1384 2606 1449 2657 ad
1492 2606 1709 2658 domum
1746 2609 2095 2674 pascendam.
2131 2608 2367 2661 Persua-

790 2700 881 2753 det
915 2700 1115 2751 homini
1161 2708 1215 2751 ut
1247 2700 1403 2753 daret
1451 2700 1551 2754 sibi
1595 2701 1762 2755 vicies
1799 2701 1963 2765 mille,
2005 2702 2370 2769 repositorum

790 2809 850 2847 se
878 2792 1137 2861 quinque.
1192 2793 1281 2847 Ille
1316 2808 1443 2846 vero
1493 2794 1809 2847 thesaurum
1846 2808 2059 2859 amans,
2094 2808 2370 2861 nunquam

790 2885 993 2938 donare
1026 2884 1248 2939 omnino
1296 2885 1590 2948 recusavit,
1636 2885 1729 2938 sed
1776 2885 1982 2953 putavit
2010 2885 2272 2952 aequalem
2312 2899 2371 2938 se

791 2976 993 3029 habere
1050 2984 1281 3041 partem,
1322 2984 1473 3028 tanto
1509 2990 1637 3027 vero
1675 2976 1967 3038 minorem,
2000 2986 2204 3043 quanto
2240 2977 2371 3029 duas

790 3066 1062 3136 niyriades
1104 3067 1154 3118 in
1193 3066 1438 3119 manibus
1472 3067 1819 3129 exsistentes,
1848 3067 1899 3120 in
1937 3081 2033 3118 sua
2070 3080 2190 3120 esse
2220 3077 2372 3133 pote-

789 3167 929 3212 State
954 3175 969 3211 :
1008 3173 1195 3223 agrum
1214 3173 1343 3212 vero
1367 3173 1461 3226 pro
1488 3158 1593 3211 illis
1630 3158 1681 3211 in
1702 3158 1888 3227 pruina
1912 3158 2115 3224 jacere,
2133 3166 2186 3211 et
2209 3174 2369 3227 gran-

789 3250 915 3302 dine
945 3260 998 3301 et
1034 3249 1154 3300 aliis
1192 3249 1570 3312 incommodis,
1608 3264 1727 3316 quae
1761 3249 1967 3303 fruetus
1994 3260 2366 3318 corrumpunt.
2400 3275 2441 3331 α

860 3338 1055 3408 3341)
1085 3338 1427 3407 l’hilosOphia
1456 3342 1533 3393 sic
1576 3340 1787 3407 aliquos
1816 3349 2139 3403 commovet,
2175 3350 2233 3393 ut
2275 3341 2371 3394 ha-

792 3430 963 3483 bitum
1011 3429 1349 3493 rejicientes,
1394 3430 1467 3481 illi
1506 3430 1724 3497 quidem
1778 3433 2141 3497 occurrerint,
2175 3434 2372 3487 relictis

792 3522 904 3574 suis
939 3523 1003 3575 ad
1029 3521 1373 3574 Occidentem
1404 3523 1469 3573 ad
1502 3521 1701 3586 Celtas,
1751 3522 1824 3576 illi
1857 3525 1909 3578 in
1937 3524 2152 3577 deserta
2183 3525 2374 3577 Africa:

790 3625 845 3668 et
878 3615 1145 3684 Scythiae,
1178 3614 1337 3681 aliqui
1377 3615 1429 3666 in
1461 3629 1554 3668 eos
1587 3630 1866 3669 sermones
1917 3616 2242 3680 inciderunt,
2285 3618 2372 3685 qui

790 3708 855 3761 ad
875 3706 1074 3775 ﬂagitia
1105 3708 1423 3759 accendunt.
1447 3704 1770 3760 Sedentibus
1818 3706 1938 3761 aliis
1997 3710 2097 3762 sub
2128 3708 2372 3776 platano,

788 3799 988 3853 cicada:
1023 3800 1074 3851 in
1123 3809 1283 3852 cantu
1333 3809 1510 3860 erant,
1539 3814 1660 3851 cum
1688 3813 1784 3851 ver
1812 3814 1905 3853 eas
1943 3799 2008 3852 ad
2045 3800 2372 3853 cantandum

791 3892 1070 3944 incitaret.
1109 3886 1221 3942 Hac
1250 3891 1496 3943 oratione
1526 3890 1777 3943 Demetrii
1830 3900 2115 3959 superatus
2155 3890 2372 3943 Damis:

790 3984 867 4037 Tu
903 3986 1141 4051 quidem,
1168 3983 1359 4049 inquit,
1398 3999 1520 4035 cum
1546 3982 1635 4034 hic
1658 3983 1774 4035 viro
1798 3982 1943 4036 adsis
1971 3983 2197 4045 amicus,
2232 3998 2377 4035 nunc

789 4086 934 4131 certe
959 4090 1211 4143 magnum
1244 4074 1313 4126 illi
1337 4074 1533 4125 bonum
1571 4072 1769 4126 videris
1802 4072 2012 4127 afierre.
2068 4072 2197 4138 Qua:
2230 4073 2373 4126 enim

790 4185 952 4238 parva
984 4170 1119 4221 ratio
1141 4168 1452 4226 haberetur,
1477 4165 1519 4217 si
1552 4165 1832 4229 suadeam,
1862 4181 1926 4217 ne
1960 4164 2009 4216 in
2044 4164 2373 4231 gladiosjam

790 4263 1019 4316 nudatos
1050 4262 1369 4318 incurreret,
1422 4270 1557 4309 neve
1589 4256 1639 4308 in
1675 4258 2016 4325 tyrannidem
2052 4264 2374 4323 ruerel,qua

695 4381 706 4392 -
789 4353 922 4408 nihil
968 4350 1256 4403 crudelius.
1300 4347 1439 4411 Quid
1481 4347 1545 4400 de
1585 4356 1636 4399 te
1689 4347 2089 4400 decernendum
2140 4347 2373 4399 nescio:

787 4444 994 4512 (judex)
1015 4440 1237 4494 affectus
1251 4448 1332 4492 est
1359 4449 1610 4506 tanquam
1647 4437 1680 4490 ii
1711 4438 1802 4505 qui
1827 4439 2118 4492 decernere
2134 4438 2374 4505 capiunt,

788 4535 955 4588 veriti‘
1008 4548 1074 4585 ne
1132 4548 1234 4584 non
1302 4544 1486 4583 verum
1546 4529 1806 4597 judicent,
1878 4538 1931 4585 et
1999 4544 2147 4583 reum
2199 4530 2377 4597 perdi-

2474 2060 2762 2113 δεδωκέναι
2801 2060 2899 2123 τὰς
2945 2058 3135 2113 ἑαυτοῦ
3198 2064 3405 2132 χεῖρας.
3460 2062 3598 2125 Τοὺς
3622 2064 3663 2095 ¹⁹
3687 2064 3745 2115 δὲ
3776 2064 4057 2127 τοιούτους

2476 2150 2887 2204 ὑποϐλίττουσιν
2942 2153 2991 2203 οί
3052 2153 3405 2220 συκοψὼνται,
3460 2153 3661 2222 κέντρα
3711 2155 3797 2205 ἐπ’
3857 2156 4056 2216 αὐτοὺς

2475 2241 2701 2309 ἠρμένοι
2731 2243 2826 2311 τὴν
2858 2242 3121 2310 γλῶτταν.
3161 2244 3253 2305 Εἰς
3275 2244 3617 2297 διδασκάλων
3650 2246 3926 2309 ἐϐάδιζεν,
3968 2246 4054 2312 ὑφ’

2474 2324 2547 2383 ὧν
2568 2333 2659 2383 καὶ
2682 2335 2714 2402 ή
2750 2334 2941 2403 γνώμη
2975 2334 3123 2402 αὖτῷ
3146 2337 3240 2387 καὶ
3263 2337 3295 2404 ἡ
3329 2335 3545 2402 γλῶττα
3574 2336 3783 2404 ἴσχυσε.
3810 2338 3997 2388 Δεινόν
4012 2338 4056 2368 ¹⁶

2475 2426 2619 2492 γε¹²,
2646 2425 2773 2493 ἔφη,
2810 2426 3183 2496 χρηματιστὴν
3211 2426 3342 2496 ὁρῶ.
3379 2428 3763 2495 Κακοδαίμονα
3807 2430 3905 2497 μὲν
3940 2430 4051 2491 οὖν,

2476 2512 2648 2580 εἶπεν,
2681 2512 2723 2583 ᾧ
2756 2534 2819 2584 γε
2850 2518 2996 2570 ἐστιν
3050 2520 3199 2571 οὐδὲν
3246 2518 3384 2589 πλὴν
3413 2520 3631 2586 ὀλίγων,
3669 2520 3703 2572 ἃ.
3734 2522 3807 2589 μὴ
3835 2524 4051 2590 ἀποχρῇ

2477 2610 2693 2676 βόσκειν
2748 2610 2839 2660 τὸν
2878 2606 3046 2661 οἷκον.
3078 2610 3262 2662 Πείθει
3295 2614 3388 2663 τὸν
3434 2611 3718 2680 ἄνθρωπον
3756 2613 4055 2664 dte-3636a:

2476 2702 2524 2752 οἱ
2547 2701 2846 2769 δισμυρίων
2897 2700 3091 2765 αὑτὸν,⁵
3118 2700 3338 2771 εὕρημα
3376 2701 3749 2771 ποιησάμενον
3793 2704 3890 2764 τὰς
3926 2720 4056 2754 πεν-

2474 2792 2833 2859 τακισχιλίας.
2882 2792 2939 2845 '0
2984 2792 3083 2861 μὲν
3131 2793 3197 2859 δὴ
3243 2793 3337 2843 τοῦ
3389 2790 3665 2863 θησαυροῦ
3722 2794 3864 2862 ἐρῶν
3903 2794 4058 2846 οὔπω

2477 2884 2645 2947 ξυνίει
2691 2886 2782 2935 τοῦ
2821 2883 3014 2951 δώρου,
3061 2882 3175 2933 ἀλλ’
3233 2880 3369 2949 ᾤετο
3412 2884 3504 2934 ῐσα
3553 2883 3697 2951 ἔχειν
3739 2884 3987 2952 τοσούτῳ
4016 2885 4059 2936 δ’

2475 2977 2699 3040 ἐλάττω,
2730 2977 2837 3045 ὅσῳ
2866 2976 2965 3037 τὰς
3009 2978 3105 3044 μὲν
3131 2974 3424 3045 δισμυρίας
3447 2978 3505 3028 ὲν
3526 2979 3646 3037 ταῖς
3676 2977 3867 3045 χερσὶν
3893 2977 4059 3040 οὔσας

2474 3070 2555 3135 ἐφ’
2592 3067 2769 3136 ἑαυτῷ
2820 3062 2961 3118 εἶναι
3022 3066 3108 3129 ἂν,
3159 3066 3250 3119 τὸν
3272 3067 3315 3118 δ’
3337 3067 3451 3120 ἀντ’
3508 3067 3690 3121 αὐτῶν
3735 3069 3908 3136 ἀγρίαν
3971 3071 4061 3120 ἐπὶ

2474 3158 2706 3226 πάχναις
2763 3157 3040 3226 κείσεσθρι
3098 3158 3192 3209 καὶ
3218 3158 3485 3227 χαλάζαις
3538 3159 3634 3211 καὶ
3663 3161 3773 3220 τοῖς
3823 3159 4062 3220 ἄλλοιςᾶ

2474 3251 2599 3311 τοὺς
2657 3250 2904 3317 καρποὺς
2956 3248 3189 3319 φθείρει.

2534 3342 2823 3409 Φιλοσοφία
2848 3343 2893 3372 ¹¹
2921 3342 2977 3393 δὲ
3008 3338 3150 3392 οὕτω
3184 3357 3235 3391 τι
3294 3340 3545 3410 ἔπτηξεν,
3569 3340 3645 3403 ὡς
3692 3340 4060 3403 ἀποϐαλόντες

2475 3434 2535 3485 τὸ
2575 3434 2760 3502 σχῆμα
2812 3434 2861 3484 οί
2911 3433 3009 3501 μὲν
3063 3432 3365 3501 ἀποδρᾶναι
3419 3430 3570 3499 σφῶν
3604 3433 3661 3493 ὲς
3711 3432 3810 3502 τὴν
3844 3433 4062 3485 Κελτῶν

2477 3526 2734 3594 ἑσπέραν,
2756 3524 2859 3577 οίδ’
2881 3526 2938 3586 ὲς
2958 3524 3025 3575 τὰ
3042 3522 3224 3594 ἔρημα
3243 3522 3445 3591 Λιϐύης
3462 3540 3520 3574 τε
3543 3524 3637 3575 καὶ
3657 3523 3916 3588 Σκυθίας,
3935 3524 4062 3576 ἔνιοι

2476 3619 2530 3669 δὲ
2552 3620 2629 3679 είς
2648 3618 2835 3683 λόγους
2857 3615 3220 3683 ἀπενεχθῆναι
3246 3614 3580 3683 συμῦούλους
3602 3615 3711 3667 τῶν
3726 3617 4063 3685 ἁμαρτημά-

2476 3728 2584 3761 των
2603 3711 2667 3762 ’³.
2690 3709 3008 3780 Ὶξησᾲντων
3027 3708 3073 3738 ⁸⁵
3102 3706 3155 3758 δὲ
3178 3706 3283 3757 ὑπὸ
3314 3706 3569 3773 πλατάνῳ
3584 3708 3631 3758 oi
3664 3705 3764 3774 μὲν
3781 3706 4060 3772 τέττιγγες

2480 3803 2536 3853 ἐν
2557 3801 2718 3871 ᾠδαῖς
2739 3796 2901 3867 ἦσαν,
2917 3797 3332 3865 ὑποψαλλούσης
3354 3797 3535 3857 αὐτοῖς
3555 3797 3653 3865 τῆς
3678 3796 3853 3867 ὧρας,
3870 3799 4061 3866 Ἠττηο

2478 3892 2589 3954 θεὶς
2606 3892 2651 3923 ’⁵
2681 3892 2735 3942 δὲ
2761 3892 2789 3942 ὁ
2826 3890 2997 3957 Δάμις
3028 3887 3135 3939 τῶν
3163 3887 3256 3938 τοῦ
3278 3888 3590 3955 Δημητρίου
3619 3887 3819 3953 λόγων,
3842 3888 3982 3940 ἀλλὰ
4004 3888 4060 3939 σύ

2478 4001 2539 4049 γε
2556 3983 2679 4049 ἔφη,
2702 3982 2853 4049 φίλος
2869 3980 3023 4049 ἀνδρὶ
3042 3978 3227 4046 παρὼν
3242 3978 3372 4048 [545
3392 3977 3432 4030 ll
3501 3980 3677 4045 γένοιο
3700 3978 3769 4030 ἂν
3792 3979 4000 4045 ἀγαθόν
4016 3996 4061 4030 τι

2477 4074 2649 4142 τούτῳ
2702 4073 2843 4141 μέγα
2894 4070 3029 4139 ἐμοῦ
3061 4071 3169 4139 γὰρ
3195 4070 3426 4139 σμικρὸς
3450 4070 3627 4134 λόγος,
3648 4072 3695 4121 εί
3727 4070 4061 4137 συμϐουλεύ-

2478 4182 2593 4232 οιμι
2649 4162 2798 4232 αὺτῷ
2831 4162 2904 4232 μὴ
2954 4162 3215 4231 κυδιστᾷν
3268 4160 3514 4230 ἐπ’ὀρθὰ
3571 4161 3697 4229 ξίφη
3732 4163 3861 4230 μηδ’
3898 4164 4059 4230 ἀναῤ-

2482 4256 2693 4324 ρίπτειν
2746 4254 2882 4320 πρὸς
2938 4251 3250 4320 τυραννίδα,
3292 4245 3362 4321 ἧς
3389 4250 3542 4303 οὗπω
3590 4252 3979 4321 χαλεπωτέρα.
4003 4253 4062 4303 '0

2479 4346 2589 4395 τι¹⁶
2618 4343 2841 4412 μὲνγὰρ
2881 4342 3164 4410 ψηφιεῖται
3189 4343 3282 4395 ἐπὶ
3341 4345 3447 4406 σοὶ,
3474 4344 3573 4395 οὐκ
3605 4340 3723 4396 οἶδα
3747 4360 3762 4373 ·
3796 4346 4062 4397 διάκειται

2479 4436 2535 4489 δὲ
2577 4436 2765 4504 ὥσπερ
2809 4436 2858 4486 ot
2921 4433 3411 4505 καταψηφίσασθαι
3480 4436 3579 4504 μὲν
3630 4435 4061 4504 ἐπιθυμοῦντες,

2481 4530 2859 4597 αἰσχυνόμενοι
2913 4527 2969 4579 δὲ
3018 4528 3077 4579 τὸ
3116 4528 3189 4595 μὴ
3221 4526 3573 4595 ἐπ’ἁληθέσι,
3636 4527 3734 4579 καὶ
3793 4529 4064 4596 πρόφασιν

789 4627 950 4679 tionis
981 4626 1219 4691 ipsorum
1255 4622 1379 4673 facit
1402 4629 1473 4674 te.
1506 4618 1631 4673 Vult
1670 4622 1811 4674 enim
1840 4636 1957 4689 quas
1988 4636 2091 4673 non
2149 4620 2374 4684 decent;

2484 4622 2757 4683 ἀπωλείας
2810 4620 3086 4673 ὑπάτων¹¹
3116 4619 3322 4689 ἀνδρῶν
3384 4618 3619 4671 ποιεῖταί
3666 4636 3750 4671 σε.
3806 4620 4064 4671 Βούλεται

787 4717 1029 4772 facienda
1078 4730 1204 4768 vero
1234 4713 1469 4780 dirigens
1504 4714 1569 4765 ad
1597 4713 1735 4782 juris
1760 4713 2105 4766 sententiam.
2136 4710 2251 4766 Non
2290 4728 2381 4776 au_

786 4811 951 4865 dienti
974 4809 1169 4863 similis
1212 4808 1517 4861 disserebat
1546 4821 1667 4859 cum
1717 4805 1941 4859 Damide
1998 4820 2159 4873 supra
2193 4805 2334 4859 delta
2360 4846 2375 4871 ,

786 4902 877 4954 ubi
897 4899 1071 4952 Nilum
1095 4900 1245 4953 aiunt
1270 4894 1865 4963 dividi.;Verumtamen
1887 4895 1971 4948 hic
1993 4894 2209 4963 quidem
2241 4895 2379 4947 divi-

787 4993 888 5045 tias
926 4991 1099 5044 valide
1131 4990 1457 5052 munientes,
1490 4996 1542 5041 et
1578 4996 1682 5041 tam
1706 4986 1991 5055 diligenter
2015 4986 2176 5039 veluti
2221 5001 2375 5040 muro

784 5084 1081 5152 cingentes,
1128 5082 1193 5135 de
1218 5082 1321 5135 illis
1369 5095 1511 5133 nunc
1534 5078 2086 5147 periclitamurdomi,
2112 5077 2371 5145 placenta:

782 5182 949 5228 cocta
1010 5182 1156 5227 sunt.
1197 5173 1317 5226 lstri
1344 5172 1488 5227 enim
1516 5171 1633 5225 illos
1659 5180 1714 5225 et
1768 5168 2038 5223 Danaides
2076 5170 2369 5223 terminant

780 5264 925 5319 fluvii
958 5277 1063 5319 non
1088 5262 1276 5317 faciles
1314 5263 1381 5317 ad
1423 5260 1950 5329 transgrediendum.
1990 5260 2191 5316 Omnes
2209 5260 2374 5329 Apol-

2487 4710 2585 4780 μὲν
2612 4711 2721 4779 γὰρ
2740 4711 2774 4764 ἃ.
2808 4711 2883 4780 μὴ
2903 4710 3000 4775 δεῖ,
3028 4712 3260 4779 πράττει
3276 4710 3322 4742 ’⁸
3345 4710 3401 4763 δὲ
3434 4710 3574 4762 αὐτὰ
3598 4711 4064 4778 καταρρυθμίζων

2482 4805 2560 4865 είς
2592 4804 2709 4871 ξτὴν
2739 4803 2832 4857 τοῦ
2880 4803 3089 4855 δικαίου
3126 4802 3303 4872 δόξαν.
3336 4802 3532 4869 Ἔλεγε
3554 4804 3595 4833 ⁸⁹
3623 4802 3667 4853 δ’
3689 4803 3837 4853 αὐτὰ
3886 4801 4063 4871 μασώ-

2486 4895 2643 4965 μενός
2663 4895 2707 4925 ³⁸
2734 4912 2791 4947 τε
2814 4896 2907 4947 καὶ
2951 4894 3245 4963 ξυγγελῶν.
3288 4894 3349 4947 '0
3378 4894 3435 4946 δὲ
3459 4894 3557 4945 οὐκ
3588 4893 3854 4961 ἀκηκοότι
3892 4895 4065 4963 ὅμοιος

2480 4987 2748 5055 διελέγετο
2796 4988 2933 5056 πρὸς
2996 4988 3087 5040 τὸν
3131 4988 3305 5056 Δάμιν
3361 4986 3504 5058 ὑπὲρ
3536 4985 3630 5038 τοῦ
3658 4986 3861 5051 Δέλτα,
3893 4987 4065 5056 περὶὸ

2481 5096 2616 5147 φασι
2658 5080 2748 5131 τὸν
2803 5079 2994 5132 Νεῖλον
3041 5077 3345 5148 σχίζεσθαι.
3386 5078 3530 5129 Ἀλλ’
3573 5079 3743 5146 ὅμως,
3785 5076 3943 5131 οὕτω
3977 5079 4065 5146 μὲν

2480 5172 2906 5241 χαρακώσαντες
2962 5170 3055 5223 τὸν
3108 5168 3357 5233 πλοῦτον,
3423 5169 3566 5222 οὕτω
3617 5169 3673 5220 δὲ
3702 5168 3747 5199 ³¹
3807 5170 4065 5238 ἀσφαλῶς

2481 5262 2882 5330 τειχισάμεσοι,
2937 5259 3318 5329 κινδυνεύομεν
3358 5261 3489 5329 περὶ
3548 5256 3758 5327 αὺτῷ³⁸
3816 5259 3940 5312 νῦν.
3983 5262 4064 5311 0i-

2150 5350 2379 5405 VARUE
2413 5349 2817 5407 LECTIUNES.

839 5446 861 5476 ⁸
887 5449 1047 5519 ἀλλὰ]

790 5538 861 5584 vt,
896 5521 984 5574 14.
1040 5514 1096 5550 ’¹ί
1127 5522 1261 5588 πρὸς
1281 5522 1445 5586 ἱεροῖς
1469 5514 1729 5585 γίνονται]
1758 5516 1831 5578 ὠς
1865 5518 1997 5583 ἱεροὶ
2020 5516 2387 5583 γίνονταιΔΒῖ
2416 5514 2557 5587 πρὸς
2588 5518 2754 5587 ίερεῖς
2780 5534 2839 5579 ς.

794 5594 1012 5617 ...ιαμ-,η
1054 5591 1078 5617 Δ
1189 5591 1231 5617 η
1260 5586 1402 5617 ι-ρη
1436 5603 1485 5617 υ·
1543 5586 1611 5617 00
1730 5585 1769 5616 ιτ
1802 5586 2019 5617 ριιιμηΛυ
2058 5587 2086 5617 Δ
2223 5588 2265 5617 ια
2297 5588 2575 5617 ρῖἈν-ρ--.
2610 5604 2646 5617 ρ
2767 5587 2809 5617 ΙΙ
2833 5606 2839 5617 ι

1581 5588 1631 5639 9.
1730 5588 1769 5616 "
1802 5588 2019 5637 πάντων
2050 5588 2115 5639 Α.
2223 5588 2265 5617 ³⁸
2295 5588 2580 5655 εἴργασται
2609 5604 2669 5648 ς’.
2767 5588 2809 5618 "
2833 5588 2981 5656 τοὺς]
3010 5603 3079 5639 vt.
3110 5588 3198 5640 56.

1581 5654 1627 5734 ’_’
1655 5655 2067 5734 ἁμαρτημάτων
2096 5655 2218 5734 (vti,
2249 5657 2302 5725 4)
2336 5672 2446 5734 om.
2477 5656 2553 5734 B._
2614 5657 2660 5689 “
2698 5654 2879 5734 ίξησ]
2910 5673 3003 5734 γι]2
3034 5658 3127 5734 _l_l.
3191 5724 3206 5734 _
3234 5659 3279 5691 "

794 5594 1015 5660 φύονται
1048 5591 1112 5660 A._
1175 5585 1231 5623 ’¹⁶
1255 5585 1404 5660 ἐπεὶ]
1432 5603 1510 5660 vt,
1543 5586 1631 5660 2g):
1665 5655 1677 5660 _
1730 5585 1769 5616 "
1802 5586 2019 5660 πάντων
2050 5587 2115 5660 A.

795 5653 904 5728 γὰρ
953 5660 1040 5712 ΑΒ
1102 5653 1159 5693 ’³⁸
1191 5653 1480 5728 φιλοσοξρία

1080 5466 1132 5519 p.
1164 5448 1290 5503 248.
1334 5456 1354 5487 ⁸
1394 5444 1750 5519 Ἀπολλώνιος
1774 5462 1920 5519 corr.
1950 5447 2013 5499 Α.
2065 5446 2092 5519 ,⁷
2125 5445 2432 5519 φαίνεσθαι]
2461 5464 2533 5509 vt,
2570 5447 2654 5519 12.
2711 5447 2733 5477 ⁸
2762 5446 3085 5519 διαπρητι,
3119 5446 3207 5519 f5.
3286 5442 3691 5519 ’ρεσπίων-Α..
3743 5442 3787 5473 ¹⁸
3814 5424 4061 5519 λέγεται]

3817 5513 3946 5552 ¹⁸-¹⁸
3973 5528 4060 5564 an

4046 5580 4057 5597 Ἰ

3895 5600 3936 5614 ..
3983 5600 4039 5648 τε

3847 5653 3950 5703 ’.ὅ
3995 5600 4059 5720 ni

2915 5512 3193 5586 “found
3214 5532 3286 5577 Vt,
3316 5515 3401 5569 15.
3482 5515 3525 5545 ³³
3556 5516 3605 5565 ιί
3628 5512 3740 5581 γὰρ

2915 5585 2981 5654 ις]
3010 5603 3079 5639 vt.
3110 5586 3198 5640 56.
3300 5586 3343 5616 ²⁰
3371 5583 3565 5654 δεινόν]
3595 5600 3671 5644 vt.
3698 5584 3787 5639 59.

2767 5587 2809 5618 "
2833 5585 2981 5656 τοὺς]
3010 5603 3079 5639 vt.
3110 5585 3198 5640 56.

3334 5652 3480 5723 ἡττ.]
3508 5652 3606 5712 vit.
3645 5656 3735 5709 15.

798 5708 893 5789 {.11
933 5708 1034 5781 l6.—
1093 5732 1137 5762 "
1166 5708 1493 5798 sagmina
1525 5722 1617 5798 δέκ’
1648 5708 1827 5778 αὗτῶν
1999 5725 2043 5757 ⁸⁸
2073 5708 2302 5780 πράττεί
2334 5726 2413 5779 A:
2448 5708 2792 5798 πράττεσθαί
2817 5708 2879 5790 ςί
2956 5708 3002 5759 ’δ
3032 5724 3207 5797 ἔλεγε]
3241 5708 3480 5792 "ubi:
3540 5725 3584 5759 ³⁹
3619 5724 3982 5793 μασσώμενος
4006 5708 4058 5783 ςῖ

795 5800 840 5838 ³⁸
868 5798 925 5851 δὲ
961 5798 1085 5854 add.
1112 5800 1179 5854 Δ.
1272 5796 1317 5831 ³³
1340 5796 1502 5851 αὐτὸν
1539 5794 1598 5849 Β.
