4206 6436
795 385 926 450 1251

1887 381 2143 441 PIIO’I‘II
2183 383 2459 442 PATRIA
2473 385 2688 446 RCII/E
2731 391 2837 449 CP.

3908 394 4043 460 125'!

793 501 942 558 dere,
969 504 1022 550 et
1053 493 1258 562 figuris,
1293 490 1637 558 numerisque
1668 492 1949 544 materiam
1982 494 2248 545 adornare
2277 509 2363 544 ar-
2398 499 2436 551 Α

2398 499 2436 551 Α
2470 497 2700 561 μάλιστά
2755 515 2918 567 φησιν
2969 499 3012 530 ⁸⁸
3072 499 3286 567 Ὄσιρίν
3339 517 3398 551 τε
3440 500 3532 553 καὶ
3579 497 3740 568 Ἶσιν,
3793 505 3888 556 τὸν
3950 509 4043 571 μὲν

793 587 1016 647 bitrati;
1055 585 1191 636 hanc
1223 595 1348 632 vero
1392 579 1664 633 immensis
1700 580 1950 646 perennis
2000 584 2120 634 vitae
2173 582 2359 634 rivulis

796 677 933 728 illius
971 673 1224 725 fabricam
1276 670 1506 736 irrigare
1549 682 1610 721 ac
1647 670 1916 735 saginare.
1945 668 2018 720 Ex
2042 669 2121 720 his
2151 678 2362 721 constat

795 765 1135 821 Theocrasia,
1170 764 1268 813 hoc
1316 771 1399 813 est
1432 761 1610 810 divina
1646 759 1987 826 temperatio,
2043 769 2136 811 aut
2188 758 2361 826 potius

793 857 1029 926 perfecta
1059 855 1183 905 nnio
1211 861 1310 912 est,
1355 849 1557 903 reditus
1600 849 1900 901 animarum
1945 859 2250 902 nostrarum
2293 849 2358 901 ad

797 950 957 1004 Deum
986 957 1338 1000 reversarum,
1373 951 1426 993 et
1454 957 1482 992 e
1529 941 1691 993 multa
1729 941 2077 992 distractione
2109 941 2159 991 in
2199 954 2360 991 unum

793 1042 1159 1094 collet-tarum.
1178 1035 1380 1086 Etenim
1404 1033 1587 1085 nonde
1609 1031 1882 1084 avulsione
1905 1031 2200 1084 luculenter
2219 1033 2359 1091 dico,

794 1149 896 1198 qua
949 1132 1050 1182 huc
1078 1128 1320 1180 demissa!
1377 1134 1430 1177 et
1460 1132 1733 1175 terrenum
1769 1123 1964 1174 induta:
1995 1135 2211 1188 corpus,
2249 1137 2277 1173 a
2309 1139 2363 1172 se

796 1224 1022 1274 invicem
1057 1219 1155 1271 illze
1208 1214 1424 1268 divulsa:
1471 1223 1617 1276 sunt,
1660 1221 1713 1264 et
1742 1226 1927 1264 revera
1961 1226 1989 1262 a
2032 1209 2278 1273 furiosis,
2312 1220 2364 1262 et

794 1311 985 1380 335!)
1007 1325 1034 1360 a
1057 1307 1285 1360 terrenis
1306 1303 1584 1356 affectibus
1605 1317 1698 1368 per
1725 1301 1977 1353 mundum
1997 1314 2195 1367 sparsae
2216 1309 2362 1362 sunt,

793 1420 882 1469 qlll
917 1417 1016 1453 non
1039 1401 1192 1451 modo
1234 1412 1354 1449 cum
1392 1394 1651 1462 Typhone
1673 1392 2039 1459 comparandi,
2075 1393 2168 1444 sed
2192 1392 2365 1442 adhuc

797 1494 982 1553 innlto,
1038 1501 1094 1542 ut
1137 1500 1287 1554 puto,
1333 1486 1756 1552 perturbatiores
1799 1496 1942 1539 sunt.
1981 1484 2176 1538 Verum
2212 1485 2365 1552 cujus

793 1584 961 1651 gratia
996 1587 1104 1634 tnec
1131 1580 1344 1633 omnia?
1365 1577 1481 1630 Jam
1516 1588 1726 1644 tempus
1745 1577 2054 1644 adjungere,
2087 1586 2139 1628 et
2171 1578 2362 1629 iterum

796 1674 1159 1725 narrationem
1200 1678 1349 1722 extra
1377 1677 1753 1728 argumentum
1785 1666 2174 1730 exspatiantem
2209 1677 2362 1714 revo-

793 1779 959 1816 care:
991 1774 1042 1814 et
1069 1760 1411 1827 coniungitur
1445 1757 1530 1808 illa
1558 1774 1588 1808 e
1619 1757 1863 1810 terrestri
1893 1755 1990 1806 hac
2023 1755 2128 1806 vita
2163 1755 2226 1804 ad
2255 1765 2364 1804 cce-

795 1857 978 1908 lestem
998 1855 1142 1904 illmn
1171 1851 1425 1903 fornicem
1453 1847 1802 1898 avolans.Sed
1833 1846 2010 1896 statim
2038 1844 2155 1910 quis
2174 1843 2366 1895 existi-

793 1955 963 1997 maret
993 1958 1052 1996 ea
1104 1957 1220 2008 quae
1250 1940 1386 1990 dicta
1448 1948 1588 1996 sunt,
1621 1935 1997 1987 beatitudinem
2059 1947 2273 1985 sonare.
2313 1932 2367 1984 In

793 2045 1039 2102 promptu
1063 2043 1144 2084 est
1169 2034 1534 2094 interrogare:
1560 2026 1732 2082 Unde.
1753 2040 1784 2077 ο
1817 2027 2006 2085 amice,
2028 2024 2366 2076 manifestmn

793 2137 896 2184 est.
956 2126 1098 2178 dicat
1125 2122 1339 2189 aliquis,
1412 2129 1558 2170 tuum
1651 2118 1798 2169 illum
1855 2116 2230 2182 philosophum
2302 2115 2369 2165 ab

794 2218 892 2271 hac
939 2215 1090 2268 turba
1147 2214 1444 2266 animarum
1496 2219 1672 2260 ortum
1733 2207 1990 2259 duxisse?
2044 2206 2152 2273 Ego
2191 2214 2366 2256 autem

793 2309 859 2361 ad
920 2306 1002 2357 illa
1075 2319 1177 2356 non
1227 2299 1574 2359 decertaudo,
1642 2312 1788 2348 more
1859 2296 2205 2364 judiciorum,
2275 2291 2365 2344 sed

795 2400 976 2451 mitius
1085 2393 1449 2460 respondebo,
1535 2404 1710 2455 neque
1803 2386 2214 2446 contendendo,
2309 2393 2367 2436 ut

795 2490 866 2542 sit
947 2488 996 2538 in
1088 2485 1477 2553 disputatione,
1574 2479 1660 2531 ubi
1744 2477 2007 2529 acerrime
2090 2483 2363 2539 certatur,

793 2580 886 2633 sed
919 2588 975 2630 nt
1011 2578 1153 2638 leges
1188 2585 1308 2628 sunt
1353 2587 1562 2632 eorum,
1597 2569 1684 2636 qui
1733 2568 1876 2620 Vitas
1914 2567 2261 2625 describunt,
2305 2579 2364 2617 ea

794 2672 905 2724 sola
950 2684 1068 2736 quae
1118 2681 1239 2718 vera
1285 2677 1408 2716 esse
1460 2663 1647 2723 credo,
1694 2661 2019 2727 producens,
2067 2670 2295 2724 quaeque
2339 2669 2365 2706 a

795 2767 1125 2829 praeceptore
1173 2755 1375 2808 audivi.
1437 2753 1670 2805 Severus
1732 2753 2025 2816 imperator
2095 2748 2368 2802 Romanus

796 2853 916 2912 fuit,
951 2851 1426 2913 Romanorumque
1467 2855 1621 2910 pater
1652 2842 1786 2909 legis
1819 2840 2150 2908 prmscripto.
2185 2840 2284 2904 Qui
2317 2851 2368 2892 et

793 2943 1020 3006 lapidem
1076 2954 1133 2990 se
1187 2938 1263 2988 ait
1310 2936 1528 2997 vidisse,
1586 2934 1634 2983 in
1691 2948 1797 2999 quo
1841 2933 2149 2983 continetur
2198 2933 2366 2997 figura

795 3032 933 3083 lunre
959 3031 1108 3081 vario
1141 3027 1300 3080 modo
1325 3035 1545 3076 ttttttula‘
1568 3038 1632 3075 ex
1664 3024 1769 3074 alio
1802 3023 1852 3073 in
1889 3021 2055 3082 aliud,
2088 3029 2141 3074 et
2176 3029 2365 3074 contra

793 3125 959 3176 solem
1013 3131 1183 3172 auctae
1242 3127 1294 3170 et
1350 3119 1590 3177 rninutm,
1647 3123 1701 3166 et
1761 3111 1923 3180 lapidi
1982 3113 2140 3162 etiam
2198 3111 2364 3163 solem

795 3216 990 3267 inesse.
1029 3211 1263 3263 Isidorus
1301 3207 1461 3273 igitur
1495 3205 1843 3270 qumstionem
1891 3202 2031 3254 scire
2061 3200 2362 3266 videbatur,

794 3307 972 3356 dicere
1002 3317 1126 3353 vero
1172 3298 1360 3361 noluit,
1407 3307 1457 3348 et
1497 3297 1597 3346 hoc
1640 3309 1669 3346 e
1715 3307 1902 3346 somno
1940 3293 2171 3358 quodam
2205 3293 2366 3342 mira—

794 3397 886 3451 bili
933 3397 1143 3446 discere
1184 3407 1342 3458 quam
1382 3387 1790 3441 accuratissime
1825 3396 2052 3438 conatus
2090 3394 2189 3435 est.
2235 3382 2364 3434 Tam

793 3491 936 3540 enim
975 3493 1222 3554 prompto
1269 3479 1570 3536 somniandi
1607 3479 1822 3546 ingenio
1870 3487 1924 3530 et
1960 3486 2076 3527 arte
2112 3473 2206 3526 fuit
2255 3488 2366 3524 ma-

794 3594 927 3645 gnus
964 3577 1218 3633 Isidorus,
1261 3582 1316 3623 ut
1351 3573 1544 3637 salpius
1584 3585 1745 3636 opera
1792 3583 1911 3635 qua:
1946 3568 2126 3633 fipsius
2164 3565 2363 3632 piandi-

793 3669 958 3724 etioni
1015 3663 1362 3731 reSpoudcnt,
1410 3660 1689 3727 explorata
1740 3660 1995 3709 detnirer.
2047 3657 2182 3708 Sunt
2235 3669 2365 3707 sane

793 3761 954 3814 etiam
1005 3770 1142 3823 pene
1183 3767 1368 3805 omnes
1420 3750 1772 3802 Alexandrini
1818 3749 2000 3800 felices
2047 3756 2101 3800 et
2146 3746 2254 3812 apti
2311 3745 2361 3797 in

794 3849 1129 3910 somniando,
1164 3855 1214 3898 et
1255 3844 1372 3895 ideo
1405 3843 1476 3893 illi
1506 3843 1668 3895 etiam
1712 3856 1851 3893 nunc
1898 3840 2102 3891 somnia
2149 3837 2363 3891 oracula

795 3942 1190 4009 cognominant.
1228 3935 1359 3988 Cum
1393 3948 1518 3985 vero
1549 3941 1903 3999 experrectus
1946 3938 2109 3991 esset,
2147 3943 2250 3979 non
2285 3928 2365 3978 vi-

793 4039 953 4089 debat
989 4033 1130 4083 illam
1176 4026 1609 4094 inexplicabilem
1670 4023 1951 4075 visionem.
1991 4017 2173 4087 Neque
2220 4018 2361 4070 enim

793 4128 926 4179 adeo
970 4124 1172 4176 clarum
1229 4133 1401 4185 neque
1449 4115 1769 4184 profundunt
1825 4113 2072 4163 vibrabat
2113 4110 2362 4176 splendo-

795 4234 930 4277 rem,
965 4223 1020 4265 nt
1063 4222 1343 4266 contectus
1390 4225 1416 4259 a
1466 4207 1812 4260 sensibilibus
1849 4204 1951 4254 alio
1985 4202 2361 4254 reverberare-

797 4321 903 4372 tur,
953 4311 1094 4358 intus
1139 4314 1314 4353 tamen
1368 4298 1700 4352 accendatur
1755 4306 1806 4347 et
1849 4296 2038 4346 luceat.
2091 4293 2194 4346 Sed
2243 4306 2362 4343 cum

792 4411 940 4453 extra
973 4397 1083 4448 lnec
1117 4393 1361 4446 consistit
1395 4392 1594 4451 anima,
1639 4402 1798 4439 sensu
1834 4400 1937 4436 non
1983 4383 2209 4450 amplius
2239 4396 2363 4450 ope-

794 4500 948 4544 rante
993 4489 1038 4538 vi
1090 4485 1265 4538 somni
1321 4482 1650 4540 remissiore,
1703 4489 1826 4529 tunc
1873 4475 1969 4528 soli
2013 4475 2112 4526 sibi
2163 4475 2360 4526 relictae

795 4582 987 4634 animae
1012 4582 1162 4629 adest
1189 4589 1403 4640 semper
1437 4570 1664 4622 interior
1699 4567 1791 4620 Dei
1834 4568 1944 4629 lux,
1976 4575 2024 4617 et
2073 4563 2360 4616 obstaculis

785 4673 894 4739 jam
931 4672 1119 4729 libera,
1153 4666 1320 4732 magis
1348 4663 1680 4723 accenditur,
1713 4657 2078 4722 etsacpissime
2115 4655 2176 4706 ad
2212 4663 2361 4706 exte-

793 4769 935 4820 riora
975 4762 1284 4818 elfunditur,
1335 4757 1503 4806 donec
1552 4755 1765 4805 tandem
1815 4750 1982 4814 ipsam
2023 4746 2358 4812 imaginatio-

790 4873 912 4912 nem
944 4855 1241 4907 collustret.
1273 4848 1544 4915 Duplicem
1771 4859 1798 4892 α
1833 4841 1953 4891 inde
1982 4837 2242 4889 rationem
2269 4837 2346 4888 di-

788 4949 1034 5000 vinarum
1067 4943 1329 4994 visionum
1378 4937 1514 4988 dixit
1559 4953 1571 4986 :
1621 4935 1757 4984 hanc
1801 4928 2014 4996 quidem
2045 4926 2352 4979 sensibilem

789 5037 1148 5108 vigilantium,
1204 5027 1576 5099 imaginariam
1633 5024 1854 5074 alteram
1911 5019 2288 5071 dormientium
2336 5035 2348 5069 :

789 5142 1020 5196 utraque
1054 5136 1231 5177 autem
1277 5133 1458 5172 veram
1491 5113 1873 5170 continentiam
1906 5111 2158 5179 postulat.
2189 5108 2346 5162 Vide-

787 5221 945 5273 batur
996 5215 1209 5280 sapit-ns
1264 5219 1614 5274 maturusque
1667 5203 1936 5266 Isidorus,
1997 5202 2124 5268 quin
2181 5200 2343 5254 etiam

786 5309 969 5380 gravis
997 5318 1204 5358 morum
1231 5300 1553 5360 constantia,
1580 5296 1744 5349 facies
1787 5310 1922 5363 pene
1956 5290 2344 5360 quadrangula,

787 5399 1088 5469 eloquentis
1128 5393 1372 5449 Mercurii
1405 5389 1670 5458 quoddam
1699 5401 1913 5441 sacrum
1952 5385 2301 5439 simulacrum
2333 5398 2345 5434 :

2465 589 2672 639 ἅπαντα
2701 589 3052 657 δημιουργεῖν
3086 591 3398 659 νομίζοντες
3423 632 3436 651 ,
3461 593 3624 644 εῐδεσί
3672 611 3730 644 τε
3793 595 3890 645 καὶ
3928 596 4042 660 ἀρι-

2463 678 2616 745 θμοῖς
2665 681 2762 747 τὴν
2806 680 2939 748 ὓλην
2973 682 3393 749 διακοσμοῦντα,
3428 683 3525 751 τὴν
3551 684 3607 735 δὲ
3663 685 4042 752 κατάρδουσάν

2464 785 2521 818 τε
2577 771 2668 819 καὶ
2726 773 3045 824 πιαίνουσαν
3087 774 3184 840 τὴν
3238 773 3426 824 τούτου
3455 774 3814 840 δημιουργίαν
3851 777 4043 824 ἀενάου

2463 856 2609 924 ζωῆς
2655 859 2697 887 ⁸⁸
2731 860 2939 926 ὀχετοῖς
2984 861 3333 928 ἀμετρήτοις.
3402 861 3495 912 Ἐκ
3526 859 3725 928 τρίτων
3781 862 3906 910 ἀντὶ
3955 861 4042 909 τοῦ

2464 947 3036 1014 τρίτον.Καὶτοῦτ’ἆν
3062 950 3146 1017 εἴη
3180 949 3494 1019 θεοκρασία,
3531 949 3727 1018 μᾶλλον
3761 951 3816 1001 δὲ
3852 951 4042 1004 ἔνωσις

2464 1039 2752 1105 παντελὴς,
2790 1039 3046 1101 ἐπάνοδος
3098 1041 3206 1092 τῶν
3243 1042 3524 1109 ἡμετέρων
3575 1040 3762 1106 ψυχῶν
3819 1042 3960 1107 «pii;
3990 1042 4043 1088 τὸ

2465 1130 2617 1177 Θεῖον
2672 1129 3148 1196 ἑπιστρεφομένων
3200 1131 3293 1182 καὶ¹
3370 1129 3876 1198 συναθροιζομένων
3943 1131 4041 1180 ἀπὸ

2467 1216 2570 1268 τοῦ
2601 1217 2797 1270 πολλοῦ
2824 1219 3091 1289 μερισμοῦ
3119 1221 3212 1272 καὶ
3249 1219 3299 1272 τί
3322 1220 3430 1289 γὰρ
3453 1221 3512 1271 οὐ
3540 1219 3684 1286 λέγω
3711 1218 4040 1285 σπαραγμοῦ

2464 1311 2777 1381 διαρρήδην,
2804 1313 2862 1365 ὃν
2892 1313 3126 1367 ἐνταῦθα
3159 1318 3372 1384 ρυεῖσαι
3403 1315 3497 1364 καὶ.
3529 1314 3692 1380 σῶμα
3735 1315 3928 1382 γήῑνον
3958 1313 4044 1364 λα-

2467 1401 3085 1469 ῦοῦσαιδιεσπάσθησαν
3140 1404 3307 1456 αὐταί⁸
3353 1404 3447 1469 ἀφ’
3502 1401 3730 1467 ἑαυτῶν,
3768 1405 3866 1453 καὶ
3920 1403 4043 1451 πο).-

2465 1490 2600 1559 λαχῇ
2631 1495 2994 1562 διῳκίσθησαν
3051 1494 3154 1545 ὑπὸ
3174 1495 3218 1525 ⁸⁵
3273 1494 3382 1546 τῶν
3424 1490 3747 1559 Τυφωνεῐων
3809 1491 3889 1559 τῷ
3940 1494 4042 1542 δντι

2467 1583 2560 1634 καὶ
2586 1583 2756 1644 άλλως
2791 1585 3037 1651 γηγενῶν
3072 1584 3433 1652 παθημάτων,
3460 1584 3628 1634 ὄντων
3675 1599 3737 1648 γε
3784 1583 3846 1633 οὐ
3912 1585 4043 1633 κατὰ

2468 1675 2559 1722 τὸν
2593 1674 2829 1740 Τυφῶνα
2864 1674 3042 1742 μόνον,
3071 1675 3182 1725 ἀλλ’
3213 1675 3294 1725 ἔτι
3320 1670 3474 1740 οἶμαι
3526 1673 3618 1723 καὶ
3648 1673 3844 1722 τούτου
3881 1673 4042 1722 πολυ-

2470 1763 2710 1814 πλοκωτέ
2722 1781 2848 1832 ρων.
2880 1764 3018 1815 Ἀλλ’
3046 1756 3106 1816 οὐ
3130 1764 3192 1832 δὴ
3241 1763 3403 1815 ἕνεκα
3436 1763 3526 1814 τὸν
3559 1761 3715 1828 λόγον
3767 1762 4045 1815 ἇπαντα⁶⁶

2469 1854 2655 1905 τοῦτον
2710 1854 3033 1924 ὴγείραμεν,
3085 1855 3270 1927 καιρὸς
3327 1854 3391 1907 ἂν
3448 1854 3531 1922 εῐη
3587 1852 4043 1921 προσαποδοῦναι,

2471 1948 2560 1995 καί
2591 1945 2704 2011 ἅμα
2729 1946 3169 1998 ἀνακαλέσασθαι
3217 1946 3314 2014 τὴν
3360 1946 3609 2013 διήγησιν
3639 1945 3743 2006 ἔξω
3809 1947 4046 2014 φερομέ-

2471 2053 2567 2103 νην
2597 2037 2694 2102 τῆς
2722 2036 3044 2098 ὑποθέσεως.
3071 2037 3180 2088 Καὶ
3209 2037 3387 2104 ἔχεται
3432 2035 3564 2102 αὕτη
3597 2039 3926 2088 καταπτᾶσα
3957 2037 4047 2102 τῆς

2469 2125 2724 2191 οὐρανίας
2755 2125 2938 2192 ἁψῖδος
2967 2124 3060 2176 τοῦ
3076 2124 3287 2192 χθονίου
3322 2124 3437 2191 βίου
3457 2124 3499 2153 ⁸⁷
3528 2123 3685 2175 Ἀλλὰ
3713 2124 3852 2190 τάχα
3885 2126 3950 2176 ἄν
3971 2140 4046 2184 τις

2470 2219 2730 2270 ὑπολάϐοι
2789 2219 2849 2270 τὸ
2907 2219 3194 2288 λεγόμενον
3247 2218 3394 2288 ᾄδειν
3449 2217 3742 2287 μακαρίας.
3791 2219 4049 2285 Ἐτοιμον

2471 2310 2577 2377 γὰρ
2612 2313 2689 2371 εἰς
2728 2309 3022 2378 ἐρώτησιν·
3068 2311 3250 2371 πόθεν,
3283 2305 3326 2362 ὦ
3361 2313 3560 2380 ἑταῖρε,
3591 2311 3768 2378 δῆλον,
3805 2312 3950 2362 efﬁci
3970 2326 4048 2371 τις

2471 2402 2556 2462 ἂν,
2583 2402 2663 2452 ὅτι
2687 2401 2816 2462 ὀσὸς
2852 2401 3136 2467 φιλόσοφος
3167 2401 3274 2452 ἀπὸ
3305 2402 3455 2454 τοῦδε
3487 2403 3581 2454 τοῦ
3609 2401 3794 2462 ἔθνους
3826 2401 4050 2470 ὥρμητο

2468 2493 2575 2544 τῶν
2608 2493 2828 2560 ψυχῶνς
2859 2493 2966 2558 ἐγὼ
3005 2494 3059 2544 δὲ
3101 2495 3236 2563 πρὸς
3289 2493 3458 2545 ταῦτα
3500 2493 3902 2562 ἀποκρινοῦμαι
3935 2492 4049 2545 οὐξι

2469 2602 2530 2650 γε
2568 2584 2888 2652 μαχητικῶς
2953 2584 3140 2651 ὥσπερ
3179 2587 3235 2635 ἐν
3266 2584 3616 2652 δικαστηρίῳ,
3652 2584 3785 2635 ἀλλὰ
3819 2585 4050 2652 πραότε-

2473 2693 2580 2740 ρον,
2619 2675 2736 2724 οὐδέ
2772 2691 2833 2741 γε
2854 2675 2940 2726 διὰ
2980 2675 3211 2742 σπουδῆς
3242 2676 3360 2736 οἴας
3407 2678 3463 2726 ὲν
3504 2675 3765 2740 διαλέκτῳ
3816 2675 3954 2742 πρὸς
3993 2674 4052 2726 τὸ

2469 2765 2859 2833 ἀκριϐέστατον
2925 2764 3331 2831 ἁμιλλωμένης,
3369 2762 3622 2833 [IOQDIL]
3669 2758 3910 2814 Ἀ).λ“οἷα
3956 2765 4051 2830 μέ·

2470 2874 2571 2920 τρα
2603 2855 2946 2923 βιογραφίας,
2985 2856 3120 2906 αὐτὰ
3157 2856 3308 2920 μόνα,
3347 2855 3489 2922 ἅπερ
3542 2853 3715 2920 ἀληθῆ
3786 2849 3928 2905 εἶναι
3963 2871 4052 2904 ττι-

2474 2946 2644 2998 στεύω
2673 2947 2764 2996 καὶ
2791 2946 2882 2996 τοῦ
2915 2944 3046 3012 ἐμοῦ
3085 2946 3457 3012 καθηγεμόνος
3498 2945 3734 3012 ἀκήκοα,
3775 2946 4053 3012 προφέροι

2473 3055 2630 3104 μενος
2663 3038 2727 3089 ⁸⁸.
2780 3031 2886 3089 Ἦν
2906 3036 2950 3087 δ’
2975 3037 3002 3089 ὀ
3050 3036 3288 3106 Σεὸἦρος
3341 3036 3606 3103 Ῥωμαῖος
3637 3037 3730 3087 καὶ
3767 3034 4054 3102 Ῥωμαίων

2393 3133 2436 3192 C
2473 3124 2649 3190 πατὴρ
2683 3124 2820 3176 κατὰ
2851 3124 2948 3193 τὴν
2996 3123 3088 3174 τοῦ
3123 3123 3167 3153 ⁶⁹
3198 3124 3361 3191 νόμου
3397 3123 3652 3186 ἀξίωσινο
3684 3123 3741 3184 δς
3769 3124 3924 3188 ἐλεγέ
3961 3127 4053 3175 καὶ

2470 3212 2613 3263 λίθον
2641 3213 2795 3272 ίδεῖν,
2827 3215 2886 3264 ὲν
2990 3213 3218 3281 σελήνης
3244 3214 3454 3278 ἐγίνετο
3481 3212 3735 3278 σχήματα
3767 3230 4050 3281 μεταμορ-

2470 3304 2745 3373 φουμένης
2774 3307 3002 3356 παντοῖα
3039 3305 3156 3373 μὲν,
3196 3304 3380 3356 ἄλλοτε
3442 3304 3498 3354 δὲ
3547 3303 3700 3365 ἄλλα,
3729 3304 3868 3372 πρὸς
3904 3303 4055 3373 ἥλιον

2467 3394 2770 3461 αὐξομένης
2798 3395 2842 3424 ⁷⁸
2889 3396 2981 3446 καὶ
3040 3393 3384 3463 μειουμένης,
3422 3393 3607 3445 ὲνόντα
3662 3393 3741 3460 τῷ
3793 3393 3929 3463 λίθῳ
3968 3397 4056 3446 καὶ

2467 3485 2630 3535 αὐτὸν
2677 3485 2766 3535 τὸν
2822 3485 2993 3555 ἥλιον.
3041 3483 3099 3537 Ὀ
3147 3485 3275 3550 γοῦν
3337 3486 3602 3551 Ἰσίδωρος
3633 3483 3802 3550 ἐῴκει
3865 3488 3962 3552 μὲν
3999 3487 4055 3535 τὸ

2468 3572 2800 3641 ζητούμενον
2855 3574 3038 3637 είδότι,
3088 3572 3266 3638 λέγειν
3315 3571 3483 3623 δὀὐκ
3534 3572 3795 3638 ἠϐούλετο
3826 3574 3895 3625 ⁷¹.
3953 3575 4058 3625 Καὶ

2466 3661 2698 3714 τοῦτοδὲ
2733 3662 2922 3730 μαθεῖν
2971 3663 3028 3727 ἐξ
3061 3663 3268 3730 ὀνείρου
3310 3654 3613 3729 θαυμασίου
3645 3664 3790 3724 τινὸς
3836 3665 4058 3732 ἐναργέ-

2470 3770 2635 3803 στατα
2668 3753 2970 3804 διετείνετο.
3009 3753 3114 3804 Καὶ
3157 3754 3264 3822 γὰρ
3301 3748 3367 3822 ἦν
3400 3754 3427 3803 6
3461 3753 3632 3821 μέγας
3673 3754 3951 3824 Ἰσίδωρος
3979 3759 4054 3819 είς

2466 3843 2718 3894 τοσοῦτον
2747 3839 2803 3894 εὖ
2828 3843 2976 3910 ἥκων
3017 3842 3230 3910 φύσεώς
3255 3859 3311 3894 τε
3345 3844 3436 3894 καὶ
3481 3845 3650 3912 τύχης
3695 3843 4054 3914 ὀνειρωττού-

2469 3951 2587 4003 σης,
2618 3936 2755 3987 ὥστε
2785 3935 2970 4004 ἔμοιγε
3007 3935 3307 4003 θαυμάζειν
3371 3935 3546 3986 ἔπεισι
3603 3935 3887 4001 πολλάκις,
3924 3941 4056 3991 ἀπο-

2468 4027 2794 4095 πειρωμένῳ
2822 4028 2929 4078 τῶν
2962 4027 3138 4096 ἔργων
3185 4026 3618 4087 ἀποϐαινόντων,
3654 4027 3756 4095 τῆς
3803 4032 4057 4099 τοιαύτης

2475 4115 2636 4169 αὐτοῦ
2695 4118 3070 4187 προρρήσεως.
3113 4117 3233 4168 Εἰσὶ
3287 4118 3383 4185 μὲν
3424 4117 3487 4185 δὴ
3544 4118 3639 4168 καὶ
3684 4117 4058 4187 Ἀλεξανδρεῖς

2468 4208 2646 4274 ὀλίγου
2679 4208 2876 4270 πάντες
2909 4210 3127 4273 εὐφυεῖς
3156 4225 3212 4259 τε
3271 4207 3364 4260 καὶ
3410 4209 3656 4276 εὐτυχεῖς
3691 4210 4057 4277 ὀνειροπολεῖ-

2471 4298 2616 4350 σθαι·
2647 4299 2887 4360 καὶτοὺς
2913 4298 3156 4367 ὀνείρους
3205 4300 3398 4350 ἐκεῖνοι
3452 4298 3538 4350 διὰ
3594 4298 3755 4352 τοῦτο
3811 4302 3910 4352 καὶ
3966 4302 4057 4353 νῦν

2469 4390 2753 4456 χρησμοὺς
2773 4390 3148 4456 ὀνομάζουσιν.
3183 4389 3534 4458 Ἐγρηγορότι
3558 4390 3655 4458 μὲν
3675 4390 3753 4459 τῷ
3803 4393 4058 4463 Ἰσιδώρῳ

2395 4454 2438 4508 D
2565 4454 2744 4545 παρῆν
2776 4480 2805 4546 ἡ
2840 4454 3075 4547 agema;
3129 4454 3390 4545 αὐτοῷία·
3420 4454 3508 4529 -οὐ
3559 4454 3680 4546 ⁷γὰρ
3718 4454 3867 4532 οὕτω

2463 4568 2604 4636 πρὰν
2633 4569 2752 4620 οὐδὲ
2780 4568 2997 4636 βαθεῖαν
3020 4571 3306 4638 παρείχετο
3343 4568 3440 4636 τὴν
3488 4572 3883 4641 μαρμαρυγὴν,
3917 4575 4057 4627 ὥστε

2463 4665 2556 4715 καὶ
2590 4662 2693 4713 ὑπὸ
2753 4660 2859 4711 τῶν
2911 4658 3186 4724 αἰσθητῶν
3241 4658 3332 4709 ἐπὶ
3392 4658 3593 4728 θάτερα
3635 4661 4059 4726 ἁνταυγούντων

2461 4751 2944 4820 ἐπηλυγαζομένην
2973 4748 3095 4818 [547
3115 4747 3206 4817 ιι]
3235 4749 3363 4800 εῐσω
3387 4749 3546 4815 ῐὅμως
3595 4749 3941 4802 ἀνάπτεσθαι
3973 4759 4059 4802 καί

2460 4843 2804 4910 διαλάμπειν.
2848 4838 3088 4890 Ἀλλ“ὄτε
3117 4838 3220 4901 ἔξω
3263 4836 3462 4888 τούτων
3493 4835 3850 4904 καθίστα-ςοή
3893 4839 4057 4906 ψυχὴ,

2468 4933 2666 5002 μηκέτι
2692 4932 2790 4998 τῆς
2818 4931 3122 4997 αἰσθήσεως
3157 4928 3515 4996 ἐνεργούσης,
3540 4927 3636 4995 ήδη
3688 4927 3744 4977 δὲ
3789 4933 4058 4997 παρειμέ-

2458 5043 2553 5092 νης
2587 5023 2692 5075 ὑπὸ
2723 5021 2815 5073 τοῦ
2842 5021 3033 5083 ὕπνου,
3066 5020 3188 5071 τότε
3223 5019 3524 5086 μονουμένη
3550 5015 3672 5068 καθ’
3699 5019 3908 5086 ἑαυτὴν
3957 5024 3989 5087 ὴ
4019 5023 4058 5050 τ’

2455 5116 2540 5166 ἀεὶ
2575 5113 2721 5165 ἔνδον
2753 5112 2964 5164 ἑστῶσα
2996 5112 3089 5162 τοῦ
3124 5111 3280 5161 Θείου
3330 5107 3604 5180 ἀστραπὴ,
3638 5109 3732 5158 καὶ
3768 5111 4055 5162 ἀπαλλατο

2452 5203 2652 5270 τομένη
2669 5201 2776 5252 τῶν
2800 5199 3090 5268 ὲμποδίων,
3111 5200 3203 5250 ἐπὶ
3223 5197 3419 5266 μᾶλλον
3445 5196 3857 5267 ἀνεζωπυρεῖτο
3878 5200 3949 5261 γε,
3973 5191 4058 5250 καί

2455 5284 2689 5359 ἐξεχεῖτο
2711 5290 2843 5358 πρὸς
2864 5291 2923 5341 τὸ
2943 5288 3097 5350 ἐκτὸς
3128 5277 3233 5339 tati.
3263 5289 3328 5340 ἂν
3344 5287 3611 5351 πλεῖστον,
3633 5287 3736 5349 ἕως
3769 5291 3868 5343 καὶ
3888 5291 4056 5358 αὐτὴν

2459 5381 2894 5450 καταστράψειεν
2921 5379 3239 5448 ἐπ’ὲσχάτῳ
3273 5378 3372 5448 τὴν
3403 5379 3858 5446 φαγτασίαν.”υτι
3883 5381 4057 5432 διττὸν

2061 5491 2293 5548 νΑῐὶΙιΕ
2338 5488 2736 5546 LECTIONES.

889 5622 927 5694 ‘_’
958 5638 1122 5690 φησιν
1144 5635 1252 5674 om.
1412 5617 1491 5694 -“
1517 5613 1694 5694 (£03m
1723 5630 1783 5694 ςτ

785 5689 1076 5759 φερόμενος
1113 5708 1170 5754 ς’.
1279 5689 1440 5759 θξτοῦ
1471 5702 1581 5759 out.

781 5750 906 5818 λετο
1064 5750 1168 5828 Ἶίὴ
1199 5759 1271 5813 A:
1307 5754 1372 5827 ἦν
1403 5774 1460 5819 ς.
1542 5756 1584 5784 ⁷³
1615 5750 2024 5818 ἁνεζωπυροῦτο
2054 5768 2109 5812 ς.

1883 5612 1928 5643 ⁸⁵
1963 5611 2067 5661 ὐπὸ
2100 5612 2138 5662 Α
2175 5627 2188 5662 :
2227 5609 2333 5662 ἀπὸ
2365 5626 2424 5670 ς’.

1776 5682 1822 5710 ὀ
1853 5681 2156 5748 αὐξομένης
2185 5683 2247 5744 Α,
2277 5678 2607 5748 αὐξουμένης
2641 5677 2712 5728 B-z
2747 5676 3112 5747 αὐξανομένης
3139 5693 3199 5741 ς.
3230 5673 3386 5744 (πρ.
3408 5673 3636 5741 ΒΛΟϐδ,
3664 5673 3754 5727 44.

3243 5607 3285 5638 σν
3315 5605 3432 5675 βίον
3474 5619 3594 5675 om.
3620 5604 3688 5675 Α.

2549 5609 2594 5639 ⁸⁸
2624 5605 2809 5658 τοῦτον
2836 5607 3050 5660 ἅπαντα
3080 5625 3139 5670 ς.
3243 5607 3285 5638 σν
3315 5605 3432 5675 βίον
3474 5619 3594 5675 om.
3620 5605 3688 5675 Α.
3715 5673 3726 5675 μ
3811 5606 3857 5637 ⁸⁸
3890 5622 4054 5675 προςο

3839 5677 3879 5704 ⁷⁸
3909 5675 4056 5726 £606-
