4206 6436
198 428 313 494 1253

1314 419 1827 482 BIBLIUTIIECA.
1869 442 1939 453 -
1978 422 2139 483 COD.
2181 424 2453 485 CCXLII.

3304 420 3439 487 1254

192 547 359 609 ἔλεγεν
385 543 450 594 ἐκ
477 542 667 596 τούτου
694 542 783 595 τὸν
811 542 1009 611 τρόπον
1034 539 1140 593 τῶν
1170 539 1328 592 θείων
1354 537 1646 607 αὑτοψιῶν,
1670 536 1753 588 τὸν

1863 539 2042 603 oculi,
2091 550 2151 595 ut
2198 543 2277 597 sic
2318 542 2531 612 loquar,
2570 554 2697 596 vere
2742 538 3037 611 gratiosam
3078 540 3132 594 in
3176 553 3236 597 se
3270 541 3436 597 sitam

194 636 277 705 μὲν
321 633 660 703 αἰσθητικὸν,
712 633 822 687 τῶν
857 634 1261 703 ἐγρηγορότων,
1321 629 1667 699 φαντασιὼδη
1702 628 1760 681 δέ

190 725 283 776 τῶν
316 726 710 787 καθευδόντων,
739 724 915 794 ἀληθῆ
942 724 986 776 δ’
1005 724 1264 793 ἑκάτερον
1295 723 1365 776 ⁷⁸.
1413 720 1759 788 Ἀπαλλαγὴν

190 818 289 884 ᾔτει
318 818 363 847 ⁷⁸
392 816 484 868 τοῦ
529 816 960 880 κατακλύζοντος
995 816 1183 885 ὀχετοῦ
1214 820 1313 884 τῆς
1340 816 1624 882 γενέσεως.
1651 808 1759 864 Ἦν

188 907 234 957 δέ
274 906 447 959 ίδεῖνδ
497 908 762 976 Ἰσίδωρος
818 907 1045 978 ἔμφρων
1106 909 1200 960 καὶ
1254 907 1636 978 πρεσϐυτικὸς,
1680 905 1759 956 ἔτι

190 995 506 1063 δ’ἐμδριθὴς
573 998 665 1048 καὶ
724 997 1131 1066 βεϐαιότροπος.
1182 1000 1254 1051 Τὸ
1314 1000 1411 1067 μὲν
1470 999 1761 1068 πρόσωπον

187 1088 350 1152 ὀλίγου
377 1088 715 1156 τετράγωνον
748 1085 836 1159 ἦν,
873 1090 1071 1159 Ἐρμοῦ
1110 1091 1290 1158 λογίου
1310 1091 1475 1153 τύπος
1525 1089 1687 1158 ίερός·
1712 1094 1759 1143 οί

186 1177 544 1247 δέόφθαλμοὶ,
602 1180 718 1239 πῶς
753 1179 851 1247 μὲν
897 1178 963 1232 ἂν
1018 1182 1290 1250 φράσαιμι
1325 1183 1424 1249 τὴν
1470 1182 1528 1233 ἐν
1579 1181 1761 1241 αὐτοῖς

187 1268 467 1337 ἱδρυμένην
527 1272 826 1339 χαρίεσσαν
877 1270 1090 1339 ἀληθῶς
1136 1272 1475 1341 Ἀφροδίτην,
1544 1271 1661 1333 πῶς
1715 1271 1760 1303 ⁷⁸

186 1358 634 1427 δ’ἁπαγγείλαιμι
664 1362 765 1429 τὴν
796 1360 1021 1415 ἐνοῦσαν
1066 1364 1260 1426 αὑταῖς
1295 1363 1526 1434 Ἀθηνᾶν
1588 1379 1762 1430 σοφωο

184 1449 340 1518 τάτην
376 1466 390 1513 ;
423 1451 523 1502 οὐκ
563 1451 627 1503 ἂν
653 1452 709 1504 δέ
746 1452 1005 1521 φθάνοιμι
1032 1453 1209 1520 λέγων
1258 1454 1455 1516 αὐτοὺς
1513 1453 1621 1507 ἀπὸ
1652 1452 1761 1505 τῶν

185 1540 431 1592 ἐναντίων
462 1543 541 1603 είς
579 1543 639 1593 τὸ
668 1543 798 1595 αὐτὸ
840 1544 1323 1613 συνηρμοσμένους
1363 1543 1419 1595 ἓν
1444 1539 1583 1607 εἶδος
1616 1542 1763 1612 ἀμή·

182 1648 353 1698 χανον,
394 1632 633 1695 ἐστῶτας
668 1634 783 1703 ἅμα
836 1633 1087 1703 βεϐαίους
1138 1636 1232 1688 καὶ
1268 1634 1531 1705 ἐπίτροχα
1586 1652 1762 1688 κινου-

186 1724 371 1790 μένους
414 1740 530 1785 πως
562 1725 727 1790 φάναι
754 1726 815 1777 τὸ
849 1727 956 1778 πᾶν
977 1729 1035 1777 ἐν
1067 1725 1147 1794 τῷ
1198 1726 1346 1795 αὐτῷ
1376 1727 1472 1779 καὶ
1523 1728 1651 1797 περὶ
1701 1727 1761 1778 τὸ

181 1813 304 1864 αὐτὸ
342 1813 691 1882 δινουμένους
720 1814 835 1882 ἃμα
869 1815 966 1884 μὲν
992 1815 1052 1866 τὸ
1083 1815 1277 1884 σεμνὸν
1316 1815 1431 1885 ἅμα
1460 1816 1517 1869 δὲ
1566 1817 1627 1868 τὸ
1657 1817 1759 1885 χά-

1866 628 2150 693 Venerem,
2198 640 2365 699 utque
2408 633 2489 687 sic
2528 630 2775 695 efferam,
2825 632 3047 685 infixam
3079 631 3183 686 sibi
3212 632 3437 701 sapien-

1865 721 2130 774 tiSsimant
2161 720 2430 776 Palladem
2460 724 2830 777 continebant.
2864 722 2995 777 [llud
3022 736 3128 777 non
3156 723 3434 787 omittam,

1864 812 1961 880 ipsi
2038 814 2177 869 oculi
2215 830 2242 865 a
2289 815 2578 869 contrariis
2623 814 2679 869 in
2713 829 2873 867 unam
2914 818 3271 883 eamdemque
3311 828 3437 882 spe-

1862 902 1999 955 ciem
2062 902 2496 970 inexplicabilem
2542 903 2703 956 simul
2763 904 3161 966 referebantur,
3222 904 3441 958 stabant

1863 993 2024 1047 simul
2055 993 2301 1058 firmiter,
2342 1002 2398 1047 et
2427 994 2687 1048 velociter
2714 993 2785 1047 ita
2820 994 3194 1054 movebantur,
3231 1000 3289 1044 ut
3316 1006 3439 1044 vcr-

1862 1083 1971 1137 sari
2005 1083 2321 1138 viderentur
2368 1083 2514 1139 circa
2588 1084 2832 1138 eamdem
2879 1083 3138 1150 speciem,
3185 1090 3241 1134 et
3281 1080 3439 1145 quid-

1860 1173 1945 1228 vis
1976 1174 2030 1227 in
2051 1174 2238 1228 eadem
2266 1174 2751 1243 repraesentabatur
2782 1189 2795 1226 :
2829 1172 2987 1227 simul
3010 1183 3064 1226 et
3091 1172 3436 1241 gravitatem,

1861 1275 2311 1335 venustatemque
2344 1264 2723 1333 praeferebant,
2761 1270 2816 1315 et
2857 1262 3015 1315 iidem
3054 1275 3177 1314 cum
3213 1260 3435 1321 vellent,

1861 1354 2183 1424 profundius
2240 1355 2411 1408 abditi
2476 1361 2564 1407 aut
2617 1352 2977 1421 expeditiores
3014 1367 3029 1403 :
3062 1359 3229 1419 utque
3275 1348 3440 1400 verbo

1860 1447 2061 1513 dicam,
2104 1454 2261 1500 erant
2292 1444 2433 1498 oculi
2478 1444 2549 1498 illi
2594 1442 2829 1513 perfecta
2883 1441 3077 1494 anima:
3121 1438 3436 1501 simulacra,

1862 1552 1968 1591 non
2002 1536 2170 1592 solius
2203 1537 2395 1599 animi,
2446 1535 2540 1589 sed
2577 1545 2631 1588 et
2666 1532 3017 1587 inhabitantis
3047 1531 3099 1585 in
3142 1545 3205 1585 ea
3242 1530 3439 1582 divina:

1862 1628 2175 1683 inlluentiaa.
2215 1626 2418 1682 Sensus
2468 1625 2747 1679 moderate
2792 1623 2845 1676 in
2896 1621 2987 1676 illo
3034 1620 3209 1675 allecti
3255 1628 3437 1681 erant,

1863 1728 1922 1772 ut
1964 1717 2062 1772 soli
2108 1718 2423 1773 necessitati
2473 1715 2801 1778 servientes,
2844 1728 2942 1768 nec
2968 1712 3065 1767 soli
3101 1724 3314 1776 sensus,
3344 1710 3438 1764 sed

1862 1809 2025 1863 etiam
2051 1808 2385 1877 imaginatio,
2421 1821 2540 1877 quas
2573 1814 2720 1861 certa
2749 1805 2927 1873 imago
2953 1812 3036 1857 est
3071 1815 3088 1857 :
3118 1816 3293 1870 neque
3324 1817 3439 1855 me-

183 1913 288 1964 ριεν
347 1874 772 1965 ἐπιφαίνοντας,
828 1874 1160 1971 βαθυτέρους
1227 1874 1369 1965 τοὺς.
1403 1904 1599 1967 αθτοὺς
1657 1874 1753 1958 καὶ

1862 1899 2032 1953 moria
2063 1874 2348 1954 admodum
2398 1874 2588 1953 valens
2629 1911 2792 1965 supra
2831 1895 3019 1965 vulgus
3044 1933 3059 1959 ,
3098 1903 3153 1947 et
3202 1893 3271 1947 ab
3302 1892 3440 1945 obli-

177 1988 574 2060 ἁπλουστέρους
628 1988 765 2045 εἶναι
816 1993 1192 2064 βουλομένους.
1246 1996 1460 2061 Ἀπλῶς
1503 1998 1752 2065 δἐίπεϊν,

178 2079 461 2149 ἀγάλματα
494 2078 632 2152 ἦσαν
658 2083 927 2154 ὀφθαλμοὶ
972 2088 1167 2138 ἐκεῖνοι
1199 2088 1298 2155 τῆς
1324 2087 1501 2159 ψυχῆς
1533 2090 1753 2161 ἀκριϐῆ,

178 2170 235 2221 οὐ
270 2171 439 2240 μόνης
474 2190 558 2239 γε,
588 2173 725 2226 ἀλλά
764 2177 857 2227 καὶ
909 2177 1004 2244 τῆς
1046 2179 1360 2248 ἐνοικούσης
1411 2180 1547 2249 αὐτῇ
1606 2180 1755 2245 θείας

178 2260 472 2331 ἀπορροῆς.
514 2264 576 2315 Αἱ
596 2263 651 2316 δὲ
676 2282 738 2332 γε
767 2266 1045 2334 αἰσθήσεις
1088 2270 1326 2339 μετρίως
1356 2269 1502 2339 αὐτῷ
1523 2270 1752 2324 διέκειν-

175 2366 229 2400 το
253 2391 268 2415 ,
302 2353 439 2419 πρὸς
480 2354 646 2423 μόνην
678 2354 1045 2424 ύπηρετοῦσαι
1076 2359 1174 2428 τὴν
1212 2360 1421 2427 χρείαν.
1476 2362 1585 2414 Καὶ
1632 2362 1754 2431 οὐχὶ

174 2441 227 2491 αί
252 2441 536 2511 αἰσθήσεις
564 2445 741 2511 μόναι,
775 2444 911 2498 ἀλλά
939 2447 1029 2498 καὶ
1056 2447 1115 2497 τὸ
1164 2448 1385 2516 κήρινον
1437 2447 1751 2516 ἐκμαγεῖον,

176 2532 203 2600 ἡ
238 2534 528 2598 φαντασία,
552 2534 674 2586 οὔτε
698 2537 837 2605 πρὸς
872 2540 1092 2606 μνήμην
1123 2554 1173 2588 τι
1205 2538 1313 2590 τῶν
1369 2538 1579 2591 πολλῶν
1632 2540 1750 2594 δια-

172 2623 433 2691 φέρουσα,
454 2627 545 2678 καὶ
570 2627 669 2693 τῆς
697 2628 866 2697 λήθης
884 2629 944 2680 οὑ
969 2628 1028 2679 τὸ
1050 2630 1313 2696 παράπαν
1330 2630 1749 2703 ἀπηλλαγμένη.

172 2714 277 2765 Καὶ
328 2717 441 2784 γὰρ
470 2717 739 2787 ὴῦουλήθη
789 2719 950 2771 αὑτὸν
977 2721 1003 2771 ό
1054 2719 1207 2784 Θεὸς,
1240 2720 1315 2782 ὠς
1344 2721 1509 2788 ἔοικε,
1573 2725 1750 2793 ψυχὴν

175 2808 371 2873 μᾶλλον
400 2811 526 2861 ὄντα
559 2810 843 2873 ἐπιδεῖξαι.
875 2809 991 2879 ἦτὸ
1025 2812 1433 2881 συναμφότερον
1485 2817 1623 2881 μετά
1656 2816 1749 2869 τοῦ

174 2898 448 2968 σώματος,
498 2901 591 2952 καὶ
650 2900 750 2970 τὴν
808 2899 1125 2967 φιλοσοφίαν
1172 2902 1233 2952 οὑ
1260 2902 1337 2970 τῷ
1358 2906 1750 2975 συναμφοτέρῳ

170 2990 539 3055 ἐναποθεῖναι,
574 2990 707 3043 ἀλλὰ
744 2992 881 3060 αὐτῇ
934 2991 1071 3061 μόνῃ
1122 2995 1188 3061 τῇ
1253 2993 1398 3062 ψυχῇ
1451 2996 1745 3065 ἐνιδρύσαι.

182 3082 265 3144 Ὠς
298 3083 477 3150 ἔγωγε
510 3083 671 3145 ἐνίοις
703 3083 802 3151 ήδη
828 3084 1234 3153 περιτετύχηκα
1262 3086 1332 3137 τά
1367 3087 1468 3154 μὲν
1512 3087 1617 3151 ἔξω
1658 3106 1749 3156 φι-

1859 1992 2018 2046 vione
2037 2006 2143 2045 non
2164 1991 2385 2046 omnino
2416 1997 2643 2045 remota.
2667 1988 2901 2053 Etenim,
2934 1984 3300 2040 ntverisintile
3330 1995 3432 2045 est,

1859 2083 2024 2137 voluit
2045 2083 2187 2137 illum
2209 2082 2347 2137 Deus
2371 2082 2609 2136 animum
2633 2080 3101 2151 potiusdeclarare
3120 2078 3252 2148 (99).
3274 2091 3435 2145 quam

1862 2185 2151 2242 utrumque
2191 2188 2313 2227 cum
2344 2186 2610 2241 corpore,
2654 2180 2709 2225 et
2756 2169 3154 2239 philosophiam
3190 2168 3241 2221 in
3284 2177 3437 2222 utro-

1860 2278 1967 2334 que
1996 2278 2100 2317 non
2133 2262 2459 2332 relinquere,
2490 2263 2582 2317 sed
2618 2261 2717 2316 soli
2752 2261 2932 2314 animo
2966 2262 3210 2328 infigere.
3243 2259 3311 2315 Ut
3337 2274 3437 2328 ego

1855 2358 1967 2427 jam
2011 2356 2272 2425 quosdam
2315 2356 2515 2424 reperi,
2552 2355 2644 2424 qui
2694 2352 2936 2408 exterius
2985 2352 3438 2422 philosophantur

1862 2450 2186 2515 luculenter,
2240 2458 2296 2503 et
2341 2456 2563 2502 utuntur
2603 2445 2864 2499 memoria
2909 2445 3198 2497 multarum
3248 2444 3437 2510 capaci

1862 2542 2201 2609 opinionum,
2224 2549 2277 2594 et
2309 2538 2467 2593 facile
2500 2538 2679 2592 valent
2704 2536 3112 2606 inexplicabiles
3139 2543 3437 2589 contexere

1863 2635 2232 2705 syllogismos,
2304 2634 2581 2703 multaque
2641 2631 2692 2683 in
2726 2631 2791 2685 iis
2838 2629 3068 2684 facultas
3116 2637 3199 2684 est
3230 2630 3441 2683 divino-

1865 2742 1982 2781 rum
2021 2741 2308 2788 sensuum,
2351 2726 2494 2779 intus
2542 2738 2667 2777 vero
2708 2722 2881 2776 anima
2923 2731 3112 2789 egent,
3159 2730 3212 2772 et
3252 2720 3440 2787 inopes

1862 2826 1987 2869 sunt
2017 2830 2158 2869 vera!
2196 2815 2460 2869 scientiae.
2512 2813 2606 2866 Sin
2648 2814 2969 2879 quandoque
3008 2812 3181 2865 iratus
3214 2810 3438 2863 videba-

1864 2914 1978 2967 tttr,
2018 2904 2156 2957 ratio
2195 2904 2531 2971 imperabat,
2571 2913 2625 2955 et
2662 2903 2740 2954 ira
2783 2902 3031 2968 parebat.
3073 2898 3258 2968 Neque
3291 2900 3436 2953 enim

1859 3005 2070 3063 poterat
2104 3009 2502 3057 mansuescere,
2548 3008 2723 3062 neque
2766 2994 3095 3046 iracundiam
3163 2994 3215 3044 in
3264 2991 3439 3061 homi-

1860 3098 1989 3139 num
2028 3085 2177 3139 vitiis
2218 3084 2681 3153 reprehendendis
2718 3098 2938 3139 exuere.
2984 3083 3437 3153 l‘rotuptissimns

167 3174 460 3242 λοσοφοῧσι
514 3173 785 3243 λαμπρῶς
821 3174 878 3225 ἐν
936 3192 996 3225 τε
1054 3177 1244 3247 μνήμῃ
1299 3176 1491 3248 βαθείᾳ
1539 3179 1751 3233 πολλῶν

1863 3185 1981 3230 erat
2010 3177 2146 3230 liene
2170 3176 2235 3229 de
2266 3174 2385 3228 aliis
2413 3176 2688 3238 merendo,
2713 3189 2897 3227 verum
2934 3175 3109 3228 adhuc
3140 3175 3442 3242 promptior

166 3264 521 3334 δοξασμάτων
548 3267 640 3317 καὶ
675 3268 731 3317 ἐν
801 3268 1153 3337 ἀγχιστρόφῳ
1192 3270 1457 3339 δεινότητι
1520 3274 1763 3343 συλλογι-

1865 3267 1917 3321 in
1948 3266 2168 3336 ﬂagitiis
2218 3265 2504 3335 carpendis
2553 3281 2567 3317 :
2616 3266 2845 3332 ideoque
2894 3265 3184 3318 multorum
3227 3267 3455 3321 animos

166 3355 320 3422 σμῶν
347 3357 673 3425 ἀπεράντων
726 3358 819 3409 καὶ
879 3359 937 3409 ἐν
990 3358 1217 3427 δυνάμει
1264 3363 1431 3431 συχνῇ
1477 3361 1753 3431 δαιμονίας

1863 3374 2006 3428 saepe
2044 3357 2305 3421 offendit,
2339 3374 2524 3413 eorum
2564 3358 2770 3413 scelera
2817 3358 3023 3413 blandis
3066 3360 3245 3414 verbis
3287 3370 3440 3415 exte-

164 3448 498 3517 αἰσθήσεως,
533 3446 662 3499 εἴσω
712 3447 768 3500 δὲ
823 3448 892 3499 τὰ
946 3448 1044 3516 τῆς
1092 3449 1271 3518 ψυχῆς
1328 3451 1593 3520 ἀποροῦσι
1659 3457 1753 3508 καὶ

1862 3464 2032 3505 nuare
2072 3464 2175 3504 non
2208 3448 2506 3513 sustinens,
2543 3462 2645 3503 nec
2674 3448 2793 3502 loco
2825 3463 2964 3502 verae
3000 3450 3254 3504 amicitia:
3287 3449 3441 3503 valde

161 3540 489 3608 πενομένοις
513 3537 741 3604 ἀληθοῦς
769 3539 1096 3607 ἐπιστήμης.
1135 3540 1193 3591 Εί
1239 3540 1295 3592 δέ
1322 3559 1426 3595 που
1468 3541 1629 3613 [1052
1661 3544 1752 3615 8.]

1860 3538 2233 3595 detestandam
2260 3536 2622 3590 adulationem
2645 3536 2932 3590 adhibens.
2965 3536 3056 3591 Sic
3084 3552 3210 3607 erga
3248 3553 3439 3593 omnes

163 3629 513 3700 θυμούμενος
567 3631 774 3697 ἑωρᾶτο
816 3631 905 3681 καὶ
952 3630 1296 3696 ἀγανακτῶν,
1347 3631 1481 3685 ἀλλά
1542 3634 1633 3686 τοῦ
1670 3636 1753 3687 λο-

1860 3629 2087 3685 affectus
2112 3638 2251 3693 erat,
2285 3637 2343 3681 ut
2383 3641 2556 3697 neque
2600 3628 2975 3681 contentiones
3020 3628 3184 3698 336
3217 3629 3243 3679 b
3288 3644 3443 3682 ama-

157 3720 370 3790 γισμοῢ
410 3721 713 3790 ἡγουμένου
749 3719 844 3771 καὶ
872 3721 900 3771 ὁ
948 3719 1116 3789 θυμὸς
1167 3719 1232 3789 δὴ
1280 3722 1511 3773 κατόπιν
1546 3725 1751 3779 εἵπετο.

1863 3732 1965 3787 ret,
1991 3736 2164 3789 neque
2190 3719 2499 3773 inimicitias
2525 3728 2717 3789 sponte
2747 3720 3068 3788 susciperet,
3098 3736 3217 3790 qua:
3248 3721 3429 3774 omnia

158 3812 295 3864 Οὑδέ
330 3814 445 3882 γὰρ
466 3807 577 3873 οἶός
604 3827 661 3864 τε
710 3807 777 3881 ἦν
822 3811 1067 3879 γίνεσθαι
1096 3812 1270 3882 πρᾶος
1300 3813 1419 3864 οὐδέ
1454 3813 1660 3883 ἄθυμος
1690 3821 1747 3869 ἐν

1860 3816 1972 3884 ejus
1996 3814 2169 3868 forma
2205 3813 2364 3881 digna
2395 3821 2572 3866 erant.

154 3905 232 3974 τῷ
263 3907 483 3977 ἐλέγχῳ
506 3907 613 3958 τῶν
633 3906 987 3975 ἀνθρωπίνων
1031 3908 1480 3975 πονηρευμάτων.
1515 3910 1610 3962 Ὧν
1633 3911 1738 3982 γὰρ
1778 3912 2128 3982 ἑτοιμότατος
2154 3908 2234 3968 είς
2282 3906 2605 3976 εὐεργεσίαν
2636 3907 2703 3970 ⁷⁷,
2737 3906 2816 3959 ἐτι
2871 3906 2966 3959 καὶ¹
3033 3904 3222 3959 τούτου
3306 3923 3441 3976 προ-

152 3999 475 4068 χειρότερος
506 3992 573 4067 ἦν
602 3998 680 4059 είς
706 3996 1021 4065 ἐπιτίμησιν
1087 3996 1188 4065 τῆς
1250 3996 1537 4066 πονηρίας.
1586 4001 1677 4053 Διὸ
1726 4002 1818 4056 καὶ
1859 4000 2009 4071 θαμά
2091 3999 2156 4068 δὴ
2212 3997 2429 4062 πολλοῖς
2505 3998 2895 4069 προσέκρουεν,
2948 3998 3048 4050 οὐκ
3115 4000 3440 4069 ἀνεχόμενος

150 4091 339 4143 αὐτῶν
386 4091 485 4160 τὴν
544 4090 744 4143 κακίαν
805 4089 1315 4160 ὑπονορίζεσταιη,
1372 4092 1493 4144 οὐδὲ
1542 4094 1782 4163 μελετῶν
1820 4098 1940 4149 ἀντὶ
2005 4097 2104 4165 τῆς
2160 4094 2420 4164 ἀληθινῆς
2474 4093 2657 4161 φιλίας
2715 4094 2812 4164 τὴν
2870 4093 3207 4166 πλυάρατον
3282 4096 3440 4149 κολα-

150 4187 311 4237 κείαν
347 4186 419 4237 ".
452 4182 587 4236 Οὔτε
620 4184 903 4251 φιλαιτίως
947 4183 1069 4237 οὔτε
1118 4184 1451 4255 ἐθελέχθρως
1494 4190 1629 4259 πρὸς
1658 4190 1846 4246 οὐδένα
1876 4190 2002 4263 [548
2022 4188 2113 4261 Η.]
2141 4189 2395 4243 διέκειτο.

220 4278 476 4331 Τοιαῦτα
490 4278 535 4308 ⁸⁰
558 4279 586 4329 ὁ
604 4278 869 4347 ἡμέτερος
893 4278 1180 4331 ἐπεπόνθει
1200 4280 1488 4347 φιλόσοφος
1517 4282 1611 4336 ὑπ’
1630 4284 1753 4349 ἐρω-

1933 4285 2054 4339 llzec
2092 4294 2277 4339 noster
2318 4283 2666 4353 philosophus
2716 4283 2785 4339 ob
2828 4284 3003 4339 zelum
3045 4286 3111 4341 ad
3154 4288 3435 4347 hominum

144 4389 237 4434 τος
266 4371 377 4440 μὲν
410 4370 509 4438 τῆς
536 4370 721 4439 napi.“
752 4375 820 4421 τὰ
848 4369 1162 4438 ἀνθρώπινα
1185 4371 1489 4439 πράγματα
1528 4374 1753 4444 διορθώ-

1860 4389 2039 4429 mores
2093 4376 2463 4444 corrigendos,
2518 4384 2573 4429 et
2628 4376 2698 4429 ob
2752 4376 3063 4431 inimicitias
3120 4381 3433 4450 odiumque.

145 4479 314 4527 σεως,
353 4460 560 4530 ἔχθρας
600 4460 655 4513 δέ
683 4460 777 4513 καὶ
806 4460 995 4529 μίσους
1023 4460 1391 4515 ἀδιαλλάκτου
1412 4462 1520 4517 τῶν
1555 4466 1753 4535 κακοή-

1860 4468 2053 4535 quibus
2094 4465 2294 4534 flagitia
2331 4466 2612 4521 hominum
2640 4468 3089 4536 prosequebatur.
3128 4468 3309 4525 Solers
3337 4472 3437 4526 fuit

143 4556 255 4608 θων
279 4553 760 4624 ἐπιτηδευμάτων.
802 4553 1079 4623 Ἀγχίνους
1091 4553 1147 4606 δὲ
1167 4552 1241 4605 ῶν
1258 4554 1304 4585 ⁸¹
1316 4555 1409 4607 καὶ
1426 4556 1753 4627 ἐπιστρεφὴς

1860 4567 1911 4610 et
1951 4558 2271 4624 industrius,
2312 4564 2367 4611 et
2411 4556 2626 4611 facilem
2676 4572 2733 4613 se
2775 4573 3093 4627 comemque
3138 4561 3432 4629 prabebat.

140 4648 299 4715 ὅμως
327 4664 389 4699 τι
436 4646 533 4698 καὶ⁵
594 4644 986 4715 εὐπαράγωγον
1044 4644 1407 4699 ἐπεδείκνυτο.
1470 4646 1590 4697 Τῶν
1647 4648 1746 4716 μὲν

1860 4650 2033 4703 Facile
2081 4648 2223 4703 enim
2267 4648 2711 4702 adnumeraverit
2758 4650 2879 4716 quis
2936 4664 3061 4703 eum
3112 4655 3429 4717 mansuetis,

140 4742 251 4807 γὰρ
297 4736 570 4789 ἐπιεικῶν
620 4731 759 4789 εἶναι
815 4735 1298 4805 προσποιουμένων
1322 4735 1371 4767 ⁸³
1430 4736 1629 4806 ῥᾳδίως
1683 4738 1748 4791 ἄν

135 4846 222 4891 τις
260 4828 445 4883 αὐτὸν
481 4827 829 4897 παρήγαγεν,
912 4826 1006 4878 ἅτε
1088 4826 1188 4878 οὐκ
1261 4825 1592 4894 ἐπιφέροντα
1654 4828 1747 4881 ἐπὶ

135 4922 301 4973 τούτο
334 4920 389 4952 ⁸⁸
421 4919 587 4990 ἀριδῆ
614 4919 864 4981 ἐξέτασιν
913 4916 999 4968 διὰ
1039 4914 1099 4968 τὸ
1151 4915 1253 4984 τῆς
1305 4917 1604 4977 ἐπιεικείας
1651 4918 1747 4969 ἀν-

135 5011 419 5064 ύποπτον·
492 5012 520 5062 ὁ
559 5010 614 5061 δὲ
637 5010 736 5076 τῆς
762 5006 1249 5076 προλαμὼνούσης
1275 5007 1507 5075 ὑποψίας
1537 5007 1684 5072 ἄξιος
1702 5008 1752 5048 ⁸⁸

132 5103 234 5152 οὐκ
266 5101 343 5154 ἂν
396 5099 562 5152 αὑτὸν
593 5098 779 5151 ἐλαθεν
825 5095 1128 5167 ἐνεδρεύων
1152 5097 1272 5149 οὐδὲ
1306 5096 1520 5148 πλέκων
1547 5097 1750 5159 δόλους.

133 5189 329 5259 Ἰριῶν
390 5192 451 5243 δέ
508 5190 675 5242 ὄντων
738 5187 923 5258 μερῶν
1002 5187 1035 5257 ἢ
1101 5184 1260 5239 εἰδῶν
1324 5185 1422 5257 τῆς
1453 5185 1499 5217 ⁸⁸
1530 5186 1746 5255 ψυχῆς,

1853 4740 2004 4804 quasi
2038 4753 2143 4791 non
2178 4748 2434 4793 accurate
2465 4739 2581 4793 hate
2612 4738 2986 4805 investigaret,
3030 4741 3170 4807 quod
3215 4757 3324 4807 prae
3359 4745 3432 4793 le-

1854 4828 2023 4884 nitate
2057 4831 2237 4884 minus
2264 4840 2409 4885 esset
2448 4831 2725 4898 suSpicax,
2756 4830 2799 4884 si
2841 4831 2968 4899 quid
3022 4839 3201 4886 tamen
3236 4848 3428 4898 snspe-

1854 4919 2036 4972 ctione
2072 4918 2250 4973 futura
2303 4930 2676 4974 antevertenle
2715 4922 2933 4990 dignum
2967 4920 3173 4985 fuisset,
3214 4924 3257 4976 si
3301 4924 3430 4990 quid

1856 5009 1961 5063 doli
1994 5021 2085 5064 aut
2113 5010 2429 5065 insidiarum
2460 5022 2624 5076 esset,
2655 5012 2874 5064 minime
2898 5028 3017 5065 eum
3050 5012 3258 5067 fefellit.
3288 5013 3426 5069 Cum

1856 5106 1964 5152 tres
1986 5099 2095 5152 sint
2118 5108 2301 5169 partes
2336 5100 2420 5153 vel
2445 5100 2653 5168 species
2684 5102 2898 5166 animae,
2934 5102 3011 5154 vel
3046 5103 3215 5155 ιιιουί
3253 5104 3429 5171 placet

1857 5189 2151 5258 appellare,
2184 5190 2447 5259 triplicem
2477 5190 2591 5246 fieri
2627 5192 2890 5245 rationem
2919 5192 3041 5246 vitae
3070 5192 3227 5259 dixit,
3261 5210 3422 5264 quam

1505 5282 1745 5337 νΑΒιΑΞ
1780 5282 2194 5343 LECTIONES.

202 5382 253 5414 "
285 5379 581 5497 ἑκατέρων
610 5376 674 5440 Α,
702 5374 969 5446 ἑκατέραν
998 5373 1059 5427 Β.
1132 5374 1178 5405 ⁷⁸
1206 5370 1356 5497 ᾗτειὲδ

202 5449 474 5497 δίζεσθαι
530 5446 601 5497 cf.
635 5447 807 5497 Toun.
840 5446 1112 5497 emendat.
1147 5458 1207 5497 tt.
1240 5460 1290 5497 ι).

203 5394 253 5414 "
285 5394 466 5435 ακατε
507 5394 581 5430 ων
610 5394 674 5440 lt,
702 5394 969 5446 εκατεραν
999 5394 1059 5427 D.
1136 5394 1178 5405 "
1206 5394 1290 5445 ῃτε

124 5394 504 5529 πορίζεσθαιῖ
530 5446 807 5529 ef._Toup.
829 5446 1112 5529 emendat.
1147 5458 1207 5497 tt.
1240 5460 1290 5529 ρ.

1412 5389 1492 5427 τοι
1526 5372 1585 5426 Β.
1663 5375 1709 5407 ⁷⁵
1740 5372 1857 5436 πῶς
1884 5376 1961 5428 A:
1997 5378 2100 5430 ποῦ
2124 5395 2185 5442 ς.

1364 5443 1447 5520 lii.
1514 5446 1558 5520 '_’
1587 5452 1707 5511 post
1741 5443 2029 5520 κολακείαν
2058 5450 2218 5520 vulgo
2241 5443 2443 5520 addunt
2473 5443 2585 5502 haec
2611 5448 2759 5520 δοκεῖ
2793 5443 2883 5519 μοι
2909 5450 3080 5520 ταῦτα
3098 5443 3419 5520 ἀξιόμομφα

2262 5378 2306 5449 ⁷⁷
2330 5376 2651 5449 εὐεργεσίαν
2679 5377 2752 5431 ΑΞ
2789 5378 3051 5449 ἐργασίαν
3087 5399 3146 5446 ς.
3225 5381 3270 5413 η
3292 5381 3423 5434 ὑπο.

126 5510 510 5603 tessera,
541 5518 632 5596 κει
666 5510 775 5603 πει
816 5514 1078 5603 Αεεέγεετιξ
1121 5510 1372 5603 eam
1394 5510 1461 5603 ἦν
1486 5510 1967 5603 τιςδεραέτοτεεπεευ
1997 5510 2308 5603 pauiu-,6.
2333 5518 2394 5603 δὲ
2423 5510 2907 5603 μεταγράψεςῖξαι
3152 5510 3314 5583 me
3336 5510 3423 5603 έέο

126 5592 309 5647 θιικε.
402 5589 451 5620 ⁸⁸
476 5587 703 5640 τοιαῦτα
731 5586 775 5639 Λ
798 5603 812 5640 ;
837 5584 1007 5637 ταῦτα
1041 5601 1099 5646 ς.
1178 5583 1222 5615 ⁸¹
1251 5585 1378 5652 περὶ

166 5666 221 5715 ni
274 5674 417 5714 mox
470 5673 579 5712 om.
628 5656 741 5709 καί.
813 5654 860 5686 ⁸³
888 5654 1226 5721 ποιουμένων
1256 5654 1321 5707 Α.
1396 5653 1441 5683 ⁸⁸
1474 5653 1663 5704 τοῦτον

124 5678 157 5785 2
186 5759 259 5771 -
282 5729 462 5785 ᾱεεον
494 5756 563 5773 —-
592 5724 868 5785 ἐνεδρεῦον
904 5754 963 5764 —
987 5723 1186 5775 πλέκον
1222 5740 1282 5785 ς.
1358 5724 1403 5757 ⁸⁸
1426 5723 1524 5785 τῆς
1565 5722 1663 5777 add

1412 5585 1494 5659 ᾼτ
1532 5584 1665 5659 πρὸς
1700 5600 1758 5659 ς.
1835 5584 1880 5659 ’ξ
1908 5584 2114 5659 arma
2149 5587 2253 5659 ὢν]
2288 5588 2315 5639 ὁ
2348 5584 2909 5659 δὲάγῃῶνθῃίιίοε
2941 5605 2989 5642 v.
3030 5590 3415 5659 Ἐπιστρεφής,

1692 5654 1757 5731 Α,
1789 5654 2085 5731 τούτων
2161 5659 2205 5690 ⁸⁸
2236 5654 2545 5731 qu—sgio'e
2574 5689 2641 5698 —
2671 5658 2960 5731 ἐνεδρεύων
2992 5689 3062 5699 -—
3090 5654 3374 5714 πλέκωνήΔ
3397 5674 3416 5713 :

186 5759 259 5771 —
282 5729 462 5794 άξεον
494 5756 563 5773 —-
592 5724 868 5795 ἐνεδρεῦον
904 5754 963 5764 -
987 5723 1186 5775 πλέκον
1222 5740 1282 5788 ς.
1358 5724 1403 5757 ⁸⁸
1426 5723 1524 5793 τῆς
1565 5722 1690 5777 add.
1722 5724 1791 5774 Α.
1822 5724 1895 5777 cf.
1929 5724 2127 5784 Suidas
2158 5745 2207 5783 v.
2238 5728 2423 5798 Ψυχή·

1693 5812 1924 5876 NOTAE.

198 5890 324 5963 (99)
363 5889 449 5944 Ex
478 5885 880 5944 Platonicorum
916 5885 1207 5943 sententia.
