4206 6436
803 414 938 478 1255

1976 414 2237 475 PIIOTII
2269 416 2774 477 PATRiARCIL‘E
2810 418 2920 479 (ΣΡ.

3925 410 4075 475 1256

791 525 1042 595 qualibet
1090 525 1251 578 trium
1300 526 1510 579 illarum
1573 527 2098 595 comprehenderet,
2154 530 2246 581 sed
2299 530 2366 581 ad

2478 530 2507 597 ἦ
2541 530 2584 559 ⁸⁷
2619 532 2767 591 ὅπως
2788 531 2853 583 ἄν
2876 543 2960 591 τις
2998 527 3168 581 ἐθέλοι
3198 527 3405 587 καλεῖν,
3440 523 3661 594 τριττήν
3704 521 3919 591 ἔφασκε
3978 524 4069 590 γε-

791 634 933 682 cant,
982 632 1100 686 qua!
1150 633 1251 669 una
1302 621 1481 671 omnia
1538 620 1783 673 vinceret
1830 634 1953 673 sese
2004 620 2367 682 conformare,

795 713 1042 777 illamque
1063 722 1288 763 caeteras
1315 711 1523 763 ratione
1553 712 1785 764 maxime
1811 712 2045 772 anteire.
2085 724 2245 778 quam
2271 712 2371 764 ali-

794 803 914 867 quis
954 801 1169 853 Saturni
1206 802 1367 853 vitam
1402 842 1416 863 ,
1452 801 1534 853 vel
1576 816 1791 853 auream
1827 808 2041 853 aetatem
2097 800 2179 852 vel
2209 814 2373 867 genus

794 894 1035 959 proxime
1068 893 1131 945 ad
1176 894 1306 945 deos
1353 892 1614 945 accedens
1678 891 1945 958 appellare
1992 892 2180 960 possit,
2211 907 2371 959 quam

795 986 985 1037 fabula:
1013 984 1290 1037 involucra
1322 994 1491 1050 poeta:
1518 984 1594 1051 (1)
1625 984 1677 1035 in
1710 982 1916 1051 tripode
1966 984 2239 1037 Musarum
2285 998 2372 1035 se-

792 1079 977 1128 dentes
1005 1074 1390 1141 deprtedieant.
1430 1072 1529 1127 ilic
1566 1088 1687 1126 cum
1735 1074 2088 1139 simplicitate
2128 1073 2207 1142 (‘2)
2246 1083 2371 1125 tan-

794 1175 901 1216 tum
937 1168 1215 1219 veritatem
1254 1166 1462 1227 dilexit.
1498 1174 1555 1216 ut
1583 1178 1745 1232 supra
1782 1166 1996 1217 modmn
2032 1180 2191 1217 verax
2228 1179 2368 1229 esse,

793 1269 891 1307 nec
923 1254 1103 1308 ﬁctum
1141 1254 1345 1323 aliquid
1380 1256 1431 1307 iu
1482 1270 1541 1308 se
1572 1257 1854 1308 continere
1879 1256 2177 1311 videretur.
2209 1254 2373 1309 Pecu-

792 1348 892 1399 nia:
918 1348 1262 1415 acquirendas
1300 1362 1404 1399 non
1442 1348 1719 1411 studebat,
1752 1349 1845 1400 sed
1876 1347 1951 1399 rei
1999 1348 2312 1401 domestica:
2340 1362 2371 1401 a

791 1446 986 1488 natura
1014 1437 1375 1501 gubernanda:
1400 1438 1607 1507 peritus
1634 1449 1770 1499 erat,
1799 1438 1925 1505 quin
1952 1438 2116 1491 etiam
2164 1439 2215 1492 in
2250 1440 2371 1493 aliis

788 1526 1037 1578 omnibus
1073 1541 1300 1594 guavus,
1333 1528 1525 1580 domus
1564 1543 1746 1580 curam
1788 1528 2049 1595 gerebat,
2096 1542 2371 1597 magnem-

788 1630 892 1681 que
913 1616 1015 1668 diei
1045 1624 1250 1682 partem
1282 1618 1333 1668 in
1374 1632 1440 1669 eo
1490 1619 1670 1671 studio
1704 1618 1969 1687 ponebat,
2015 1618 2208 1685 partim
2260 1618 2374 1687 ipse

787 1706 1022 1775 agendo,
1062 1710 1257 1775 partim
1300 1708 1617 1761 ordinando.

2476 619 2658 670 νεσθαι
2696 620 2991 679 πολιτείαν,
3038 618 3273 686 ἔχουσαν
3317 617 3415 684 μὲν
3471 617 3708 684 ἑκάστην
3737 617 3839 677 τάς
3892 620 4067 684 τρεῖς,

2474 710 2608 761 ἀλλά
2632 710 2709 779 τῷ
2731 709 3023 779 κρατοῦντι
3050 710 3129 761 ἑνὶ
3149 708 3209 761 τὸ
3238 710 3351 759 πᾶν
3394 707 3801 776 μορφουμένην,
3840 708 3938 759 καὶ
3970 707 4068 775 τὴν

2478 802 2574 870 μὲν
2604 802 2648 832 ⁸⁸
2671 806 2921 871 προϊέναι
2959 801 3193 871 μάλιστα
3219 802 3361 853 κατὰ
3392 800 3568 865 λόγον,
3601 799 3669 868 ήν
3696 800 3762 850 ἀν
3799 816 3885 859 τις
3914 795 4066 863 οἶμαι

2473 894 2563 943 τὸν
2594 894 2685 945 ἐπὶ
2746 894 2954 961 Κρόνου
3013 892 3126 960 βίον
3180 891 3633 959 ὲπονομάσειενῆ
3694 891 3797 957 τὴν
3854 889 4065 957 χρυσῆν

2474 984 2664 1052 γενεὰν
2694 983 2725 1051 ἢ
2766 983 2826 1033 τὸ
2848 982 2984 1033 θεῶν
3016 983 3350 1053 ἀγχίσπορον
3375 981 3552 1047 γένος,
3587 975 3673 1031 οἷα
3697 981 3756 1030 ἐν
3816 980 4063 1046 σχήματι

2478 1075 2649 1144 μύθου
2716 1074 3074 1141 σεμνύνουσιν
3102 1074 3159 1125 ἐν
3188 1074 3265 1142 τῷ
3300 1072 3510 1141 τρίποδι
3556 1071 3653 1139 τῆς
3706 1070 3938 1136 Μούσης
3966 1086 4061 1118 κιο

2483 1164 2707 1233 θήμενοι
2743 1165 2990 1233 ποιηταί.
3032 1164 3090 1215 Ὀ
3125 1162 3183 1214 δὲ
3210 1163 3344 1231 πρὸς
3367 1164 3431 1230 τῇ
3461 1160 3688 1227 ἀφελείᾳ
3713 1160 3759 1190 ⁸⁸
3797 1160 3948 1210 οὕτω
3979 1161 4063 1209 καὶ

2473 1256 2571 1325 τὴν
2599 1255 2890 1323 ἀψεύδειαν
2921 1256 3135 1324 ἠγάπα,
3186 1253 3325 1306 ὥστε
3369 1253 3460 1304 καὶ
3516 1250 3899 1317 εύθύγλωττος
3930 1246 4061 1301 εἶναι

2473 1346 2616 1413 πέρα
2634 1344 2970 1406 τοῦοδέοντος
2992 1342 3360 1407 ὲδοξάζετω,⁹⁶
3392 1343 3485 1394 καὶ
3508 1341 3615 1392 οὐδ’
3632 1340 3814 1392 ὁτιοῦν
3835 1340 3985 1407 ἔχειν
4012 1342 4061 1389 ἐν

2475 1433 2652 1502 ἑαυτῴ
2680 1434 3167 1503 προσποιούμενον.
3204 1432 3403 1485 Πολλοῦ
3431 1436 3504 1498 ’γε
3544 1433 3637 1483 καὶ
3673 1432 3871 1499 ἐδέησε
3913 1430 4062 1481 τοῦτο

2474 1525 2687 1576 παθεῖν.
2725 1525 2840 1576 Οὐκ
2893 1520 2961 1593 ἦν
3018 1526 3061 1556 ’⁸
3095 1524 3499 1592 φιλοχρήματος
3523 1564 3537 1585 ,
3573 1522 3688 1574 ἀλλ’
3717 1524 4060 1587 οίκονομικὸς

2472 1615 2613 1666 κατά
2642 1614 2804 1682 φύσιν
2825 1630 2841 1644 ·
2873 1611 2942 1685 ἦν
2972 1615 3075 1683 γὰρ
3110 1615 3205 1668 καὶ
3254 1614 3324 1665 τά
3356 1614 3490 1667 ἄλλα
3538 1614 3715 1665 πάντα
3752 1616 3801 1645 ’⁸
3834 1614 4057 1680 σοφὸς-⁸³

2474 1704 2621 1757 οἴκου
2643 1706 3033 1775 διαθέτης,καὶ
3088 1707 3223 1759 πολύ
3272 1724 3325 1757 τι
3370 1706 3469 1761 τῖπτ
3508 1705 3720 1775 ἡμέρας
3767 1707 3850 1767 εἰς
3892 1705 4058 1758 ταῦτα

2474 1796 2729 1866 ἀνήλισκε
2760 1798 2944 1867 μέρος.
2966 1798 3032 1850 τὰ
3053 1798 3152 1867 μὲν
3179 1797 3517 1867 αύτουργῶν,
3546 1799 3614 1849 τὰ
3642 1798 3701 1849 δὲ
3736 1796 4057 1849 διατάττων.

873 1882 1007 1937 Cum
1078 1897 1271 1937 aurora
1335 1893 1600 1952 surgeret,
1639 1885 1800 1937 etiam
1849 1886 2152 1951 surgebat,
2195 1887 2374 1942 animo

2553 1890 2710 1941 Καὶό
2746 1890 2843 1958 μὲν
2901 1889 3215 1953 διαναστὰς,
3256 1887 3448 1957 ἐπειδὴ
3507 1888 3611 1949 ἕως
3655 1890 3931 1955 ἐγεγόνει,
3989 1888 4058 1938 ἐτι

784 1970 957 2024 adhuc
971 1972 1203 2025 oraculis
1224 1972 1449 2036 intento,
1470 1983 1525 2025 et
1550 1974 1803 2025 narrabat
1829 1976 2121 2028 somnium.
2144 1974 2253 2045 Ego
2280 1992 2380 2029 au-

789 2072 893 2111 tem
912 2073 1016 2113 non
1039 2060 1361 2114 insomnium
1392 2060 1512 2114 loco
1534 2064 1755 2126 somnii,
1776 2062 1891 2115 loco
1914 2066 2161 2117 veritatis
2186 2068 2379 2121 verita.

786 2151 1261 2220 lem,vigilantem,
1281 2154 1395 2207 loco
1409 2154 1747 2219 dormientis,
1766 2170 2056 2226 exaggerat
2070 2156 2107 2222 i,
2128 2167 2184 2209 ut
2201 2159 2379 2212 audivi

786 2248 863 2300 sic
886 2248 1166 2303 scribens:
1201 2250 1333 2303 Cum
1369 2250 1649 2304 incidisset
1684 2252 1733 2303 in
1764 2266 1882 2304 eam
1926 2252 2291 2305 calamitatem
2322 2264 2379 2307 ut

784 2340 925 2390 bona
954 2339 1443 2405 proscriberentur,
1465 2340 1509 2393 is
1529 2339 1620 2408 qui
1644 2340 1794 2407 prius
1810 2342 2109 2410 depositum
2129 2340 2378 2397 fraudas-

786 2438 888 2492 set,
924 2429 1009 2483 ille
1034 2430 1357 2497 depositum,
1378 2432 1625 2501 bonaque
1662 2447 2129 2501 sua,quzecunque
2148 2444 2375 2501 poterat,

788 2519 1161 2587 antecapiens,
1193 2521 1332 2589 apud
1361 2522 1533 2575 civem
1567 2521 1671 2575 ﬁde
1695 2523 2068 2590 dignissimum
2110 2525 2375 2592 deposuit,

788 2626 905 2667 quae
943 2626 1064 2663 cum
1111 2612 1433 2679 Epidaurius
1479 2628 1601 2665 cum
1664 2614 1781 2667 aliis
1850 2614 2180 2676 admisisset,
2236 2617 2376 2684 quod

790 2700 1081 2765 framlavit,
1128 2702 1427 2770 depositum
1476 2704 1779 2767 intellexit,
1823 2715 1980 2758 erant
2018 2706 2236 2774 quidem
2281 2706 2373 2773 qui

790 2792 1089 2844 suadebant
1119 2807 1205 2846 res
1248 2792 1577 2848 domesticas
1613 2795 1913 2860 invaderet,
1947 2805 1997 2849 et
2052 2796 2188 2850 nihil
2224 2800 2377 2851 daret

790 2886 837 2935 ei
891 2883 1088 2953 337a
1129 2886 1217 2952 qui
1276 2884 1433 2937 initio
1476 2885 1781 2940 fraudasset
1834 2904 1847 2939 :
1909 2888 1997 2941 liic
2054 2903 2182 2942 vero
2218 2890 2268 2941 in
2310 2891 2376 2944 iis

792 2988 912 3037 qua:
942 2974 1011 3024 illi
1041 2973 1247 3043 credita
1282 2982 1463 3036 erant,
1502 2990 1605 3029 non
1639 2976 1848 3044 putavit
1878 2977 2072 3030 decere
2102 2978 2371 3033 inﬁdelem

792 3075 932 3123 esse,
971 3076 1065 3114 nec
1099 3062 1259 3115 ﬁdem
1294 3063 1537 3117 onmium
1574 3064 1832 3118 virtutum
1873 3066 2215 3119 utilissimam
2270 3069 2373 3120 hac

796 3150 1140 3214 infelicitate,
1191 3166 1311 3220 quae
1371 3155 1567 3206 rationi
1619 3166 1987 3210 consentanea
2054 3158 2364 3219 videretur,

794 3242 1186 3296 contaminare.
1215 3242 1443 3297 Nolebat
1472 3260 1600 3298 vero
1630 3246 1807 3311 justus
1841 3250 2034 3313 videri,
2068 3252 2161 3304 sed
2189 3251 2363 3318 reipsa

795 3346 934 3393 csse,
996 3333 1219 3387 veritate
1279 3334 1392 3402 ipsa
1450 3336 1731 3402 copiosum
1787 3341 2084 3404 prudentiae
2139 3341 2372 3395 fructum

796 3423 1074 3490 colligens,
1103 3434 1264 3492 atque
1292 3429 1558 3493 ostendet,
1587 3439 1846 3495 quantum
1888 3432 2109 3485 sciverit
2136 3433 2373 3502 singula-

801 3528 916 3564 rum
958 3528 1136 3567 rerutn
1172 3516 1483 3583 explicatio.

869 3599 1041 3655 Pauca
1076 3604 1289 3672 quidem
1342 3605 1552 3659 locutus
1579 3617 1682 3669 est,
1709 3608 1872 3661 multa
1906 3624 2081 3663 veroe
2110 3610 2374 3664 sermoni-

799 3697 899 3747 bus
947 3694 1218 3748 seniorum
1258 3698 1480 3753 audivit.
1519 3697 1741 3766 Magnus
1790 3701 1873 3753 vir
1907 3716 2009 3753 non
2035 3717 2255 3769 parvum
2287 3704 2369 3757 dio

800 3786 1032 3838 scrimen
1069 3788 1273 3849 adibat,
1317 3789 1443 3854 quin
1474 3790 1560 3842 ubi
1600 3790 1815 3857 ittgaces
1848 3792 1936 3845 alii
1974 3808 2070 3861 per
2098 3793 2368 3861 ignaviam

801 3874 1030 3942 fugiunt,
1076 3876 1182 3928 illic
1230 3877 1524 3943 periculum
1586 3882 1844 3945 subibat,
1882 3882 2037 3949 juxta
2082 3882 2302 3937 Poetam
2348 3899 2364 3937 :

813 3967 987 4022 Virtus
1020 3971 1107 4021 ubi
1137 3970 1284 4023 clara
1336 3970 1565 4025 virorum
1609 3976 1859 4025 cernitur.

874 4150 937 4202 Et
963 4164 1093 4203 sane
1120 4164 1244 4204 vere
1277 4148 1561 4203 videbatur
1585 4150 1983 4218 reprehendere
2002 4163 2252 4209 accurate
2276 4170 2371 4209 cx-

798 4242 1047 4310 pendenti
1100 4258 1113 4295 :
1160 4240 1538 4295 familiaritate
1571 4256 1699 4297 vero
1739 4254 1791 4297 et
1822 4243 2165 4300 humanitate
2216 4262 2375 4299 mun-

793 4334 918 4387 dum
961 4334 1227 4386 excedere
1276 4334 1425 4386 visus
1459 4341 1543 4386 est
1590 4352 1605 4386 :
1653 4344 1707 4387 et
1740 4344 2025 4403 propterea
2055 4352 2177 4391 eum
2215 4339 2373 4392 mira-

795 4426 987 4476 bantur
1034 4424 1298 4487 accusati,
1341 4432 1395 4476 et
1437 4438 1562 4491 erga
1604 4438 1726 4477 eum
1776 4436 1834 4477 ut
1883 4426 2055 4480 litium
2093 4438 2368 4483 amantem

2481 1981 2579 2049 τὴν
2611 1980 2789 2050 ψυχὴν
2813 1981 2918 2033 ὑπὸ
2950 1978 3049 2047 τῆς
3072 1981 3257 2050 ὀμφῆς
3288 1980 3655 2048 κατεχόμενος
3683 1981 3936 2046 διηγεῖτο
3980 1980 4059 2030 τὸν

2481 2071 2709 2140 ὄνειρον,
2762 2070 2904 2137 Ἐγὼ
2944 2071 3000 2122 δὲ
3034 2072 3132 2123 οὐκ
3190 2070 3323 2141 δναρ
3360 2069 3481 2123 ἀντὶ
3528 2070 3924 2139 ὕπνωττούσης
3975 2074 4062 2123 err-

2483 2162 2707 2224 εδίδουν,
2732 2161 2876 2231 ἅπερ
2911 2162 3121 2230 ἀκήκοα
3143 2161 3373 2239 διεξιών.
3408 2160 3732 2213 ’Υποπεσὼν
3760 2161 3819 2213 δὲ
3852 2162 3901 2191 ’⁸
3934 2178 4064 2229 συμ-

2481 2252 2622 2321 φορᾷ
2686 2252 2995 2321 δημευούσῃ
3056 2252 3127 2304 τὰ
3169 2251 3298 2303 δντα
3343 2253 3372 2304 6
3410 2252 3539 2321 πρὶν
3579 2251 3679 2319 τήν
3734 2252 4062 2320 παραθήκην

2481 2342 2883 2410 ἀποστερήσας,
2904 2340 3186 2410 κάκείνην,
3221 2340 3318 2392 καὶ
3341 2340 3449 2393 τῶν
3479 2340 3646 2393 αὑτοῦ
3679 2340 3781 2392 ὅσα
3810 2339 4062 2408 ⁴ίιδύννιιτο,

2482 2433 2769 2502 προλαϐὼν
2799 2433 2845 2464 ’⁸
2884 2432 3153 2500 παρέθετο
3185 2432 3264 2500 τῷ
3317 2432 3626 2500 πιστοτάτῳ
3666 2432 3774 2482 τῶν
3807 2431 4064 2483 πολιτῶν.

2492 2524 2657 2585 Ὠςδὲ
2703 2524 3036 2593 παρεδέξατο
3079 2526 3107 2576 ὁ
3148 2509 3492 2590 Ἐπιδαύᾷιος
3531 2522 3669 2591 μετά
3728 2522 3838 2574 τῶν
3892 2522 4070 2574 ἀλλων

2480 2617 2572 2667 καὶ
2604 2616 2669 2684 ἢν
2694 2616 3033 2684 ἀπεστέρητο
3081 2614 3429 2683 παραθήκην,
3459 2615 3551 2665 καὶ
3590 2615 3808 2679 ἐπέγνω
3838 2612 4071 2680 ταύτην⁹

2478 2702 2614 2775 ἦσαν
2645 2706 2743 2773 μὲν
2769 2706 2817 2757 οῖ
2858 2706 3245 2757 συνεϐούλευον
3282 2707 3531 2773 κατέχειν
3565 2705 3634 2755 τά
3668 2707 3845 2755 οίκεῖα
3868 2705 3967 2755 καὶ
3994 2706 4070 2771 μὴ

2478 2796 2768 2847 ἀποδοῦναι
2808 2794 2884 2864 τῷ
2939 2796 3062 2847 κατ’
3096 2793 3270 2863 ἀρχὰς
3300 2794 3723 2862 ἀπεστερηκότι,
3759 2795 3788 2845 ό
3812 2793 3867 2844 δὲ
3904 2795 3965 2844 ὲν
3986 2787 4071 2855 οἷς

2477 2887 2772 2955 ἐπιστεύθη
2801 2888 2900 2939 οὐκ
2929 2886 3064 2955 ᾤετο
3085 2886 3197 2938 δεῖν
3221 2886 3449 2947 ἄπιστος
3480 2884 3755 2951 γενέσθαι,
3802 2884 3927 2935 οὐδὲ
3969 2902 4071 2935 και

2479 2978 2879 3046 ταρῤυπαίνειν
2910 2978 3008 3044 τὴν
3045 2976 3241 3030 πασῶν
3272 2976 3482 3047 ἀρετῶν
3514 2974 3956 3042 ὠφελιμωτάτην
3986 2991 4074 3024 πι-

2477 3071 2706 3136 στότητα
2742 3067 2830 3119 διὰ
2874 3067 2971 3136 τῆς
3005 3067 3227 3133 εὐλόγου
3287 3065 3619 3132 φαινομένης
3683 3065 3965 3125 ἀπιστίας,
4010 3062 4071 3112 ού

2473 3156 2649 3208 δοκεῖν
2677 3156 2731 3207 δὲ
2753 3157 2957 3217 δίκαιος
2982 3156 3097 3207 ἀλλ’
3122 3150 3262 3207 εἶναι
3320 3154 3505 3223 ἡθελε,
3539 3154 3766 3223 βαθεῖαν
3821 3152 3897 3221 τῷ
3958 3153 4071 3204 ὄντι

2484 3251 2577 3299 καὶ
2610 3248 2771 3308 αὐτὸς
2810 3247 3022 3298 αῦλακα
3072 3246 3161 3297 διά
3215 3246 3428 3315 φρενῶν
3478 3244 3880 3312 καρπούμενος.
3925 3244 4073 3295 Ἐπι-

2481 3337 2644 3399 δείξει
2667 3338 2722 3388 δὲ
2750 3339 2795 3369 ⁸⁸
2822 3339 2945 3389 ὅσον
2969 3337 3069 3390 οὐκ
3102 3338 3205 3406 ήδη
3246 3338 3306 3389 τὸ
3335 3336 3575 3390 τοιοῦτον
3600 3337 3634 3405 ή
3664 3337 3773 3388 τῶν
3802 3336 3927 3388 καθ’
3945 3337 4073 3387 ἱκα-

2486 3447 2586 3481 στα
2621 3429 2714 3484 τοῦ
2746 3430 2905 3496 λόγου
2942 3428 3196 3492 διέξοδος.

2562 3607 2892 3675 Ἐφθέγγετο
2934 3608 3034 3676 μὲν
3078 3608 3357 3676 ἐλάχιστα,
3398 3607 3469 3659 τά
3510 3604 3685 3657 πολλά
3728 3604 3784 3656 δὲ
3832 3605 4073 3673 ἠκροᾶτο

2479 3699 2651 3765 λόγων
2701 3698 3090 3768 γεγηρακότων
3140 3699 3206 3752 ⁸⁷.
3246 3698 3306 3750 Ὀ
3334 3699 3506 3765 μέγας
3535 3698 3675 3765 ἀνὴρ
3729 3697 3925 3748 οὐδένα
3988 3714 4073 3763 μι-

2481 3792 2612 3861 κρὸν
2666 3791 2851 3855 ἀγῶνα
2905 3790 3191 3860 προσίεται
3248 3790 3318 3851 ⁸⁸,
3354 3788 3468 3841 ἀλλ’
3502 3789 3635 3840 ὅπου
3669 3787 3909 3855 φυγάδες
3947 3788 3992 3817 ’⁸
4024 3785 4073 3836 οι

2478 3882 2629 3933 ἄλλοι
2660 3881 2729 3933 δι’
2776 3882 3078 3950 ἀνανδρίαν
3135 3880 3644 3948 ἀποδιδράσκουσιν,
3687 3880 3928 3931 ἐνταῦθα
3974 3895 4071 3930 και

2479 3970 2724 4024 ⁸ταϐαίνει
2758 3975 2772 4002 ¹
2803 3972 3310 4041 παρασαλλόμενος.
3352 3970 3516 4039 [1055
3550 3969 3643 4039 8.]
3672 3972 3864 4023 Ἔνθα
3889 3970 4071 4037 ἀίετὴ

2478 4061 2794 4114 διαείδεται
2826 4064 2845 4092 ⁸
2868 4062 3103 4130 ἀνδρῶν
3134 4063 3274 4114 κατά
3301 4064 3392 4113 τὸν
3426 4062 3681 4130 Ποιητήν.

2553 4153 2664 4205 Καὶ
2697 4153 2760 4222 δὴ
2804 4153 2979 4204 ἐδόκει
3027 4152 3105 4221 τῷ
3147 4152 3259 4204 δντι
3307 4152 3493 4204 δίκαια
3538 4152 3855 4221 μέμφεσθαι
3897 4153 3977 4220 τῷ
4011 4168 4071 4219 γι

2478 4242 2697 4311 ἀκριϐεῖ
2727 4243 2993 4311 λογισμῷ.
3045 4242 3135 4310 Τῷ
3198 4243 3255 4293 δὲ
3310 4242 3529 4310 συνήθει
3592 4245 3687 4293 καὶ
3740 4242 4072 4311 ἀνθρωπίνῳ

2480 4333 2720 4403 πολλαχῇ
2762 4334 2822 4385 τὸ
2855 4333 2873 4363 ⁸
2928 4334 3150 4401 μέτριον
3199 4332 3379 4395 ἔδοξεν
3418 4332 3483 4384 άν
3522 4332 3901 4400 ὑπερϐαίνειν.
3966 4334 4072 4384 Καὶ

2478 4424 2788 4491 ἐθαύμαζον
2818 4425 2912 4475 ἐπὶ
2939 4425 3153 4485 πολλοῖς
3191 4425 3241 4475 oi.
3266 4423 3681 4492 ἐγκαλούμενοι,
3705 4426 3800 4476 καὶ
3829 4424 3909 4487 ὡς
3949 4425 4071 4492 φιλ-

795 4514 931 4567 tnale
975 4514 1148 4569 aiIecti
1195 4523 1369 4568 erant.
1408 4512 1603 4567 Verum
1640 4514 1730 4568 ille
1767 4516 2043 4586 exemplar
2072 4532 2209 4572 vene
2240 4534 2368 4573 cou-

2478 4515 2651 4569 αιτίου
2710 4516 2837 4585 περὶ
2865 4515 3028 4567 αὑτοῦ
3067 4516 3327 4567 διέκειντο
3361 4512 3504 4585 [549
3545 4513 3640 4585 IL]
3685 4516 3785 4577 τὰς
3819 4517 4070 4585 γνώμας.

791 4608 988 4661 cordia:
1014 4608 1063 4660 in
1090 4608 1269 4676 seipso
1292 4605 1705 4673 circumferens,
1729 4622 1795 4661 ex
1823 4608 1915 4663 illo
1953 4617 2182 4664 cmteros
2226 4613 2371 4665 aesti-

794 4699 997 4766 litabat.

862 4785 987 4839 Tria
1040 4800 1159 4840 esse
1199 4800 1390 4840 omnes
1451 4794 1704 4837 asserunt
1773 4786 2034 4855 principia
2093 4788 2262 4854 prima
2314 4800 2368 4845 et

793 4877 1027 4929 maxima
1054 4876 1171 4943 ejus
1203 4875 1548 4944 cognitionis,
1573 4889 1690 4943 quae
1721 4891 1803 4927 res
1828 4876 2183 4944 contemplari
2210 4877 2365 4941 solet,

2489 4606 2548 4658 Ὀ
2604 4606 2660 4658 δὲ
2708 4607 3059 4676 παράδειγμα
3103 4604 3357 4673 ἀληθινὸν
3406 4605 3658 4674 ὁμονοίας
3707 4606 3978 4675 ἀληθινῆς
4018 4610 4073 4657 ἐν

2484 4698 2660 4767 ἑαυτῷ
2697 4699 3006 4765 περιφέρων
3048 4697 3185 4767 πρὸς
3215 4697 3374 4751 τοῦτο
3403 4699 3527 4759 τοὺς
3559 4696 3756 4759 ἀλλους
3787 4698 3999 4766 ἔκρινε.

2551 4788 2692 4857 Τρία
2732 4788 2931 4848 πάντες
2956 4787 3283 4855 ὁμολογοῦσι
3316 4787 3511 4858 πρῶτα
3536 4790 3631 4840 καὶ
3667 4788 3910 4856 μέγιστα
3937 4806 4074 4841 στοι-

2478 4880 2599 4947 χεῖα
2652 4877 2750 4945 τῆς
2802 4876 2912 4929 τῶν
2944 4878 3113 4929 ὄντων
3162 4877 3553 4947 φιλοθεάμονος
3589 4878 3857 4947 ἱστορίας,
3904 4881 4073 4950 ἔρωτι

2066 4971 2294 5025 VARl/E
2364 4972 2775 5029 LECTIONES.

861 5066 966 5141 ιτλῆ
993 5083 1100 5141 qm.
1135 5064 1192 5118 Β,
1238 5135 1257 5141 _
1297 5064 1342 5141 3:
1380 5064 1479 5141 μέν
1511 5064 1729 5141 atld._A.
1764 5136 1773 5141 _
1833 5067 1877 5097 "
1906 5067 2171 5141 ἀσφαλείᾳ
2202 5072 2265 5123 Α..

816 5138 859 5169 ’⁸
884 5133 983 5189 οὐκ
1007 5133 1072 5205 ἦν
1108 5166 1175 5176 --
1200 5135 1269 5188 cf.
1308 5135 1508 5189 Suidas
1539 5136 2027 5205 νηΠαρῖστασθλι.

790 5220 916 5261 ante
960 5204 1038 5267 είς
1090 5209 1258 5275 ponit.
1360 5206 1407 5239 ⁸⁸
1437 5204 1623 5276 σοφὸς]
1676 5206 1861 5274 σαφῶς
1888 5210 1949 5258 Α.

788 5279 966 5331 Αετε
1002 5294 1060 5339 ς.

792 5416 965 5490 βαίνει
990 5418 1035 5490 Α
1060 5432 1182 5490 cum
1234 5413 1439 5470 Suida:
1474 5413 1880 5482 καταλαμϐάνει
1914 5413 2071 5480 ςκεί.
2098 5419 2275 5490 Toup.
2319 5438 2356 5487 ι,
2383 5413 2434 5490 ρ.
2474 5422 2595 5474 ﬁl.

792 5486 814 5516 ⁸
840 5488 903 5539 τὸ
936 5489 1059 5540 add.
1112 5488 1175 5538 Α.

2366 5074 2411 5105 ’°
2448 5072 2727 5137 ἐδοξάζετο
2754 5087 2864 5125 om.
2941 5072 3139 5126 Suidas
3196 5087 3251 5124 v.
3297 5070 3549 5137 Ἀφέλεια
3576 5078 3631 5122 et
3657 5069 4069 5135 Εὐθύγλωττοε.

2130 5138 2174 5173 σί
2206 5142 2275 5193 τά
2314 5143 2447 5197 ἀλλα
2478 5140 2679 5211 πάντα]
2705 5138 2874 5194 τᾶλλα
2936 5142 3133 5195 Suidas
3166 5156 3227 5211 v.7
3257 5141 3543 5208 διαθέτης,
3579 5141 3858 5211 _qui_mo_x
3918 5142 4071 5208 μέρος

2056 5209 2100 5245 ’⁸
2124 5212 2179 5265 δὲ
2203 5228 2313 5265 om.
2337 5214 2404 5273 A,
2430 5215 2497 5266 de
2550 5227 2607 5265 re
2638 5209 2710 5265 cf.
2746 5211 2919 5277 Toup.
2952 5228 2994 5273 ι,
3029 5228 3080 5277 p.
3127 5210 3252 5265 517.
3352 5215 3399 5251 θ’
3437 5209 3761 5277 προσλαϐὼν
3812 5209 3875 5262 Β,
3957 5213 3998 5240 ⁸⁵
4024 5212 4070 5260 δὲ

1164 5277 1208 5306 ’⁷
1241 5279 1628 5352 γεγηρακότων
1678 5279 1771 5327 καὶ
1807 5278 1967 5352 σοφίᾳ
2001 5284 2128 5352 τινίν
2158 5284 2523 5352 κεκραμένων
2554 5282 2751 5335 Suidas
2783 5299 2835 5334 v.
2880 5282 3200 5352 Ἀκροατής.

789 5362 842 5419 ν.
874 5349 1134 5419 ΪΑνατλκις
1166 5356 1219 5401 et
1238 5345 1401 5419 φῶτα
1422 5362 1435 5375 ·
1462 5345 1716 5419 προσίετο
1736 5360 1810 5419 Δς.
1888 5345 2170 5419 π’φύγαδε
2196 5345 2389 5406 δυ’ἡάείε
2421 5354 2600 5417 priore
2638 5352 2755 5405 loco
2782 5369 2793 5403 :
2826 5354 2915 5419 qui
2957 5345 3244 5404 articulum
3296 5353 3344 5403 οἱ
3370 5345 3601 5419 utroque
3632 5361 3746 5419 o_m_.

3352 5215 3399 5251 ⁸⁸
3437 5209 3761 5279 προσλαϐὼν
3812 5209 3875 5262 Β,
3923 5278 3933 5279 7
3957 5213 3998 5240 "
4024 5212 4071 5260 δὲ

3284 5281 3329 5312 ’⁸
3354 5278 3639 5351 προσίεται
3668 5280 3711 5330 Α
3748 5295 3876 5378 cun:
3914 5278 4069 5332 Surda

3297 5353 3342 5378 .ιί
3370 5361 3601 5378 ...ωλι-..Λ
3632 5361 3720 5378 Am
3909 5365 4068 5378 μ’.--

3909 5365 4071 5400 καταο

2692 5422 2712 5451 ³
2736 5412 3026 5473 διαείδεται
3060 5421 3102 5473 Α
3138 5429 3191 5475 et
3231 5420 3462 5475 Suidas:
3496 5412 3586 5473 8ιά
3631 5412 3739 5469 εἶδέ
3792 5433 3856 5469 τε
3893 5422 3987 5469 καὶ
4015 5434 4067 5481 ς.

2296 5579 2531 5634 NOTAE.

864 5672 944 5741 (1)
980 5671 1225 5741 Amplius
1266 5672 1391 5725 hinc
1436 5672 1631 5725 Suidas
1690 5672 1979 5741 descripsit
2032 5671 2082 5725 in
2134 5671 2373 5725 dictione

793 5742 1065 5812 ψυχή-ΠΜ
1090 5740 1237 5796 locus
1268 5743 1354 5797 ltic
1386 5742 1715 5812 ἀμαρτύρως
1758 5740 1985 5796 affertur
2006 5780 2019 5807 ,
2053 5756 2361 5810 quanquam

792 5820 847 5866 ot
873 5809 1019 5865 intra
1056 5811 1267 5879 legitur.

2544 5671 2619 5741 (2)
2675 5668 3150 5741 Suidasretltascr
3192 5670 3375 5741 laudat
3426 5670 3479 5723 in
3530 5670 3667 5741 dict,
3717 5673 3979 5740 ἀφέλεια,
4021 5685 4064 5726 et

2462 5739 2593 5878 tuo;
2625 5742 2867 5808 qua'dam
2914 5740 2965 5793 iu
3005 5740 3277 5808 διαθέτης.
3313 5739 3366 5795 Id
3396 5750 3499 5807 est,
3528 5740 3830 5811 διοικητὴς,
3874 5746 4059 5795 imas-

2463 5824 2559 5877 Αητ
2602 5826 2644 5871 ς.

2463 5824 2644 5877 Αητης.
