4206 6436
182 402 292 463 125⁸1

1204 384 1725 448 BIBLIOTHECA.
1754 406 1825 419 -
1861 381 2025 441 COD.
2065 380 2339 441 CCXLII.

3270 381 3405 446 1258

169 512 255 564 τῶν
281 507 463 561 καλῶν
493 506 586 559 καὶ
618 502 839 572 ἀγαθῶν
856 500 1157 555 δεινότατον
1174 498 1427 567 ἰχνευτήν
1452 514 1464 527 ο
1487 494 1664 558 ὀξεῖαν
1695 493 1717 523 ⁸

1834 504 2062 545 imorem
2090 488 2301 544 honesti
2333 498 2389 544 et
2416 489 2539 544 boni
2570 488 2961 561 peritissimum
2994 491 3398 561 indaga:orem,

170 602 242 653 καὶ
271 598 525 666 ἀγχίνουν
563 594 775 663 φύσεως
804 592 1049 660 δύναμιν.
1091 589 1185 641 ἐπὶ
1234 587 1402 639 πολλὰ
1436 586 1501 639 δι’
1544 583 1725 649 ὀλίγου

168 690 410 759 φέρεσθαι
435 686 756 756 δυναμένην,
788 680 1143 751 ἑτοιμοτάτην
1172 677 1409 731 συνιέναι
1467 674 1559 727 καὶ
1587 689 1728 740 γνω-

170 781 319 850 ρίζειν
343 780 410 831 τὰ
449 779 569 847 ῐχνη
605 775 714 828 τῶν
754 772 1111 842 θηραμάτων,
1148 769 1250 822 ὅσα
1281 783 1340 819 τε
1365 768 1386 799 ⁵
1425 764 1599 833 ἀληθῆ
1632 763 1727 817 καὶ

165 874 250 923 ὅσα
278 868 449 938 ψευδῆ
484 872 602 919 ἐστι
630 865 767 937 πρὸς
794 867 893 933 τὴν
935 863 1111 930 ἀγραν
1136 876 1151 892 ’
1184 861 1249 913 ἐκ
1278 859 1337 913 δέ
1372 854 1439 912 αὖ
1476 857 1675 927 τρίτων
1705 858 1727 890 ⁸

168 958 461 1028 φιλοπονίαν
500 956 761 1025 ἀτρυτον,
797 954 899 1006 οὐκ
939 952 1116 1005 ἐῶσαν
1152 949 1249 1019 τὴν
1293 948 1469 1017 ψυχὴν
1499 947 1728 1017 ἠρεμεῖν

165 1054 249 1114 ἕως
285 1050 352 1103 ἀν
384 1048 477 1101 ἐπὶ
502 1048 649 1109 τέλος
678 1045 807 1118 ἔλθη
844 1042 938 1098 τοῦ
989 1043 1309 1112 κυνηγεσίου
1333 1077 1348 1103 ,
1394 1040 1423 1093 ὅ
1458 1039 1575 1091 ἐστι
1628 1037 1728 1107 τῆς

166 1140 409 1211 ἀληθείας
434 1140 468 1207 ἠ
498 1138 735 1207 εὕρεσις.

227 1234 347 1285 Ὀτι
402 1229 681 1299 ἀγχίνοιαν
734 1226 827 1280 καὶ
871 1221 1105 1294 ὀξύτητα
1137 1222 1167 1274 ό
1221 1220 1509 1290 Ἰσίδωρος,
1541 1218 1726 1289 φησὶν,

164 1319 334 1383 ἔλεγεν
362 1318 424 1371 ού
456 1318 555 1388 τὴν
583 1314 867 1383 εὐκίνητον
912 1309 1211 1379 φαντασίαν
1236 1348 1251 1373 ,
1286 1308 1407 1361 οὐδὲ
1447 1306 1545 1375 τὴν
1574 1305 1730 1369 δοξα-

166 1412 347 1479 στικὴν
388 1409 639 1476 εύφυῖαν,
675 1405 794 1458 οὐδὲ
834 1404 1001 1474 μόνην
1034 1402 1131 1470 (ὡς
1160 1401 1225 1455 ἀν
1246 1417 1329 1461 τις
1352 1398 1585 1469 οίήθείη)
1611 1398 1729 1451 διά-

163 1518 298 1554 νοιαν
323 1499 577 1568 εὖτροχον
609 1498 703 1550 καλ⁵
743 1497 966 1563 γόνιμον
1007 1491 1266 1559 ἀληθείας
1288 1508 1301 1521 ·
1336 1490 1396 1543 ού
1427 1491 1536 1561 γὰρ
1588 1484 1728 1543 εἶναι

161 1594 354 1655 τιιύτας
382 1592 583 1654 αἰτίας,
626 1589 762 1643 ἀλλά
784 1591 850 1658 τῇ
896 1585 1043 1656 αἰτίᾳ
1071 1584 1343 1638 δουλεύειν
1385 1584 1463 1645 εἰς
1491 1584 1676 1652 νόησιν
1712 1596 1728 1612 ·

162 1687 250 1751 τὴν
292 1684 351 1736 δὲ
387 1680 525 1736 εἶναι
568 1681 719 1735 θείαν
762 1676 1088 1747 κατοκωχὴν
1134 1676 1176 1737 ⁷,
1212 1675 1395 1745 ὴρέμα
1432 1674 1732 1739 διανοίγου-

162 1794 251 1829 οαν
300 1777 399 1828 καὶ
435 1773 912 1842 ἀποκαθαίρουσαν
956 1769 979 1800 ⁸
1026 1768 1096 1820 τὰ
1142 1766 1241 1835 τῆς
1268 1766 1446 1835 ψυχῆς
1484 1765 1727 1835 δμματα,

162 1869 246 1920 καὶ
289 1867 371 1936 τῷ
411 1865 583 1935 νοερῷ
635 1864 774 1932 φωτὶ
818 1860 1297 1929 καταλάμπουσαν,
1330 1860 1409 1919 εἰς
1458 1856 1586 1910 θέαν
1634 1856 1729 1909 καὶ

162 1956 415 2026 γνώρισιν
452 1956 473 1987 ³
515 1952 610 2007 τοῦ
634 1950 866 2020 ἀληθοῦς
890 1950 983 2002 καὶ
1012 1947 1106 2000 τοῦ
1143 1946 1394 2015 ψεύδους.
1431 1944 1726 2015 Εὑμοιρίαν

160 2047 362 2115 ταύτην
410 2046 616 2106 ἐκεῖνος
667 2042 938 2111 ὠνόμαζε,
974 2040 1064 2092 καὶ
1094 2037 1170 2101 ὡς
1220 2037 1371 2089 οὐδὲν
1418 2038 1614 2103 γένοιτ’
1660 2036 1727 2090 ἀν

161 2136 343 2204 δφελος
378 2137 505 2190 ἀνευ
532 2134 838 2205 εὐμοιρίας,
864 2130 939 2193 ὡς
975 2130 1094 2183 οὐδὲ
1120 2128 1414 2198 ὀφθαλμῶν
1463 2127 1728 2195 ὑγιαινόν-

159 2247 261 2281 των
292 2228 488 2296 ϐφελος
525 2227 655 2282 ἀνευ
683 2224 778 2277 τοῦ
812 2223 1063 2293 οὐρανίου
1095 2222 1291 2290 φωτὸς,
1321 2219 1626 2273 διετείνετο.
1656 2220 1729 2272 Τὸ

161 2319 455 2387 ὑψηλόνουν
485 2316 525 2348 ¹⁹
553 2316 647 2369 καὶ
677 2313 1052 2383 τελεσιουργὸν
1074 2306 1241 2379 εἶχεν,
1260 2310 1321 2361 ού
1348 2326 1449 2380 περ
1465 2308 1557 2361 ὶτά
1579 2308 1729 2361 κάτω

162 2409 546 2478 στρεφόμενον,
592 2407 707 2459 ἀλλ’
749 2404 911 2465 εὐθὺς
970 2402 1322 2471 ἀναθρῶσκον
1372 2401 1480 2453 ἀπὸ
1528 2401 1727 2469 μικρᾶς

160 2500 410 2569 ἀφορμῆς
451 2499 543 2550 ἐπὶ
582 2498 650 2551 τά
682 2494 1029 2566 πρεσϐύτατα
1068 2492 1175 2546 τῶν
1203 2491 1508 2563 θεαμάτων,
1540 2492 1730 2554 αὑταῖς

157 2608 218 2658 γε
257 2594 381 2653 ταῖς
424 2590 711 2651 Πλάτωνος
763 2587 1061 2655 ἀκηράτοις
1094 2585 1321 2645 ἐννοίαις
1358 2585 1417 2636 ού
1464 2584 1603 2637 κατά
1633 2584 1729 2647 τάς

160 2681 410 2751 συνήθεις
448 2680 555 2732 τῶν
596 2678 807 2731 πολλῶν
836 2678 1139 2746 φιλοσόφων
1173 2674 1427 2737 ἐπιϐολάς
1455 2673 1727 2743 ἐνεφύετο,

158 2773 297 2840 μετά
326 2771 387 2824 δι
422 2787 485 2838 γε
514 2770 775 2822 Πλάτωνα
811 2768 906 2819 καὶ
938 2768 1055 2828 ταῖς
1107 2765 1444 2833 θαυμασταῖς
1500 2765 1732 2834 Ίαμϐλί-

157 2879 249 2930 χου
288 2859 611 2929 περινοίαις.
648 2858 769 2910 Ὀτι
796 2858 895 2910 οὐκ
926 2856 1137 2923 ὀλίγους
1160 2856 1268 2907 τῶν
1298 2856 1732 2923 φιλοσοφούντων

151 2954 376 3018 ὁρῶμεν
425 2950 518 3003 καὶ
563 2948 872 3017 ἀκούομεν,
901 2949 1027 3008 τοὺς
1060 2947 1158 3016 μὲν
1205 2946 1402 2999 ἀϐατον
1450 2942 1589 2998 εἶναι
1641 2946 1732 2998 τὸν

167 3040 476 3107 Ἰάμϐλιχον
516 3038 814 3107 οἰομένους,
852 3038 976 3098 τοὺς
1006 3035 1062 3089 δὲ
1105 3036 1326 3089 αὐθάδει
1360 3035 1732 3106 μεγαληγορίᾳ

1828 591 2043 637 acutam
2071 580 2440 649 solertemque
2481 581 2681 651 ingenii
2714 581 3049 649 facultatem,
3102 599 3222 653 quae
3254 585 3402 639 brevi

1828 670 1897 725 ad
1933 670 2097 723 multa
2130 668 2258 723 ferri
2314 670 2505 737 possit,
2559 671 3025 741 promptissimam
3081 674 3148 726 ad
3204 674 3407 728 intelli-

1828 760 2061 830 gendum
2109 768 2166 814 et
2214 762 2642 827 cognoscendum
2692 762 2913 832 vestigia
2946 778 3127 819 rerum
3156 778 3408 834 quaren-

1828 851 2036 913 darum,
2064 864 2185 919 quae
2218 864 2367 915 vera,
2398 866 2518 921 quae
2538 850 2669 905 Ialsa
2716 854 2784 908 ad
2811 854 3220 923 adipiscendum
3255 855 3403 909 sint:

1829 940 2066 996 etribus
2096 942 2182 996 his
2217 940 2423 995 laboris
2472 958 2628 998 amor
2680 944 2987 999 indefessus
3037 946 3236 1010 oritur,
3296 960 3404 999 non

1830 1033 2153 1100 permittens
2190 1032 2432 1087 animum
2493 1035 2804 1104 quiescere,
2846 1037 3019 1091 donec
3062 1037 3129 1089 ad
3183 1036 3407 1090 investi-

1832 1123 1993 1192 gandi
2031 1123 2195 1177 linem
2219 1126 2451 1188 venerit,
2489 1126 2580 1193 qui
2608 1136 2693 1180 est
2732 1126 2980 1181 veritatis
3024 1127 3267 1181 inventio
3296 1128 3401 1198 (5).

1906 1210 2197 1266 Solertiam
2218 1214 2639 1268 etacrimouiam
2661 1215 2900 1270 Isidorus
2916 1214 3053 1270 dixit
3072 1229 3192 1271 esse
3220 1217 3406 1284 imagi-

1831 1303 2101 1359 nationem
2139 1320 2245 1360 non
2271 1304 2429 1360 facile
2449 1306 2723 1372 mobilem,
2747 1322 2919 1375 neque
2947 1308 3219 1378 ingenium
3248 1302 3406 1363 facile

1832 1394 2113 1462 opiniones
2138 1396 2583 1461 comminiscens,
2640 1412 2816 1467 neque
2872 1398 3069 1463 solam,
3124 1409 3180 1452 ut
3212 1400 3407 1468 aliquis

1836 1484 2061 1553 putarit,
2130 1487 2547 1556 intelligentiam
2603 1488 2922 1557 volubilem,
2989 1498 3045 1545 et
3097 1490 3408 1560 gignentetn

1832 1578 2141 1632 veritatem.
2176 1576 2364 1647 Neque
2394 1578 2537 1632 enim
2568 1579 2665 1633 has
2709 1594 2828 1634 esse
2861 1597 3073 1648 causas,
3109 1586 3203 1637 sed
3226 1586 3292 1638 ad
3324 1586 3408 1639 in-

1836 1670 2181 1739 telligendum
2226 1684 2403 1724 causa:
2433 1670 2639 1725 servire
2677 1689 2691 1724 :
2730 1673 2969 1727 divinum
2998 1690 3125 1730 vero
3149 1690 3269 1731 esse
3325 1679 3409 1730 in-

1835 1764 2114 1824 stinctum,
2147 1760 2333 1815 sedate
2358 1762 2690 1829 aperientem
2724 1772 2779 1815 et
2803 1774 3181 1832 rcpnrgantem
3210 1766 3403 1819 anitnze

1832 1852 2039 1917 oculos,
2099 1861 2155 1906 et
2217 1851 2545 1921 intelligibili
2607 1853 2813 1907 lumine
2879 1854 3269 1920 illustrantem,
3340 1857 3409 1910 ad

1830 1958 2014 1998 verum
2057 1941 2357 2021 falsumque
2396 1954 2452 1997 et
2505 1942 2793 1997 videndum
2840 1955 2893 1997 et
2953 1948 3408 2017 cognoscendum.

1829 2036 2030 2091 Bonam
2074 2034 2516 2090 constitutionem
2570 2035 2682 2106 ipse
2725 2037 3045 2105 appellavit,
3096 2038 3411 2109 nullumque

1829 2127 1946 2180 sine
1986 2138 2050 2179 ea
2088 2137 2209 2180 esse
2252 2124 2699 2191 emolumentum,
2761 2140 2932 2189 neque
2982 2128 3262 2184 oculorum
3322 2146 3412 2185 sa-

1831 2232 2022 2271 norum
2050 2216 2395 2270 commodum
2455 2217 2573 2272 sine
2629 2218 2836 2271 cmlesti
2896 2218 3100 2273 lumine
3157 2221 3410 2275 asseruit.

1833 2308 2401 2379 Speculationiaptum
2426 2310 2668 2363 animum
2700 2310 2932 2365 habebat
2962 2312 3120 2365 simul
3155 2321 3209 2366 et
3250 2314 3411 2368 rebus

1833 2400 2083 2469 gerendis
2120 2440 2136 2463 ,
2171 2414 2275 2454 non
2302 2400 2499 2471 337D
2528 2401 2594 2455 ad
2633 2401 2748 2457 haec
2782 2402 3035 2457 inferiora
3074 2404 3409 2467 inciinatum.

1832 2492 1927 2545 sed
1960 2492 2146 2545 statim
2176 2506 2236 2545 se
2285 2492 2587 2547 elevantem
2623 2494 2788 2546 etiam
2818 2510 2981 2562 parva
3024 2496 3312 2550 occasione
3345 2497 3413 2551 ad

1832 2582 2306 2651 praestantissimos
2324 2582 2440 2637 illas
2458 2585 2956 2653 contemplatiooes.
2978 2585 3214 2655 ipsisque
3236 2586 3404 2641 Plato-

1834 2678 1918 2729 nis
1937 2673 2191 2743 perlectis
2209 2674 2519 2731 notionihus
2540 2690 2643 2730 non
2666 2680 2959 2731 secundum
2978 2687 3262 2735 consuetos
3282 2681 3414 2735 alio-

1835 2781 1953 2818 rum
1979 2764 2425 2834 philosophorum
2448 2776 2676 2821 conatus
2720 2766 2952 2822 inhaesit.
2977 2766 3100 2833 Post
3128 2766 3408 2823 Platonem

1836 2868 1965 2908 vero
1996 2855 2161 2908 etiam
2198 2854 2489 2909 Jamblichi
2517 2856 2858 2911 mirabilibus
2880 2859 3223 2913 commentis.
3260 2859 3415 2913 Vide-

1839 2960 1961 3000 mus
1996 2945 2202 3001 multos
2226 2946 2670 3016 phiI050pborum
2693 2949 3029 3013 etaudimus,
3055 2950 3154 3004 bos
3194 2949 3412 3019 quidem

1835 3047 2085 3107 putantes
2117 3036 2483 3093 Jamblichum
2515 3038 2791 3093 intellectu
2809 3038 3077 3094 dillicilem
3108 3057 3253 3106 esse,
3297 3042 3415 3096 illos

150 3132 330 3199 λόγων
370 3132 431 3183 τὸ
458 3130 618 3183 πλέον
651 3130 685 3201 ἢ
720 3129 946 3198 ἀληθείᾳ
982 3129 1321 3198 πραγμάτων
1351 3128 1729 3196 ἐπαιρόμενον.

1838 3143 1965 3182 vero
1997 3132 2143 3181 hunc
2161 3128 2393 3196 superba
2416 3128 2885 3198 grandiloqueutia
2918 3132 3203 3186 verborum
3242 3135 3416 3201 magis

159 3221 494 3291 Ῥητορικῆς
553 3221 649 3272 καὶ
708 3218 993 3288 ποιητικῆς
1060 3217 1398 3286 πολυμαθίας
1453 3219 1493 3247 ¹¹
1562 3216 1733 3285 μικρά

144 3312 354 3381 ἥψατο,
405 3314 483 3374 είς
533 3310 590 3363 δέ
634 3310 735 3380 τὴν
781 3310 1060 3379 θειοτέραν
1095 3308 1412 3376 φιλοσοφίαν
1446 3304 1735 3375 ἐξώρμησε

145 3403 249 3470 τὴν
280 3402 707 3473 Ἀριστοτέλους.
752 3398 926 3469 Ὁρῶν
975 3398 1031 3451 δέ
1076 3397 1281 3467 ταύτην
1330 3398 1409 3465 τῷ
1453 3397 1735 3465 ἀναγκαίῳ

147 3493 360 3559 μᾶλλον
404 3490 436 3559 ἢ
482 3489 558 3559 τῷ
599 3489 785 3557 οἰκείῳ
823 3487 897 3557 νῷ
936 3486 1321 3552 πιστεύουσαν,
1356 3489 1450 3539 καὶ
1479 3487 1736 3556 τεχνικὴν

149 3582 253 3650 μὲν
289 3581 492 3641 ἱκανῶς
522 3576 659 3632 εἶναι
694 3579 1125 3643 σπουδάζουσαν,
1156 3580 1215 3629 τὸ
1242 3578 1297 3629 δὲ
1336 3576 1517 3630 ἔνθεον
1556 3578 1589 3646 ἢ
1622 3594 1739 3629 νοε-

143 3674 244 3740 ρὸν
282 3672 347 3722 ού
386 3673 526 3723 πάνυ
579 3668 1043 3738 προϐαλλομένην,
1090 3666 1269 3733 ὀλίγον
1316 3667 1408 3718 καὶ
1454 3665 1657 3735 ταύτης
1707 3666 1737 3717 ό

154 3762 443 3829 Ἰσίδωρος
478 3760 773 3825 ἐποιήσατο
823 3757 1005 3823 λόγον.
1052 3757 1139 3820 Ὠς
1189 3757 1244 3811 δὲ
1295 3754 1402 3808 τῶν
1450 3756 1736 3816 Πλάτωνος

140 3851 427 3919 ἐγεύσατο
443 3851 751 3919 νοημάτων,
768 3848 954 3901 οὐκέτι
975 3846 1299 3901 παπταίνειν
1320 3845 1469 3913 ἠξίου
1493 3846 1736 3917 πόρσιον,

136 3943 217 4003 ὼς
252 3942 369 4007 ἔφη
402 3940 684 4009 Πίνδαρος,
716 3938 851 3990 ἀλλά
884 3937 1033 3999 τέλος
1075 3936 1220 4005 ἔχειν
1262 3937 1507 4006 ῆλπιζεν,
1550 3936 1598 3987 εί
1636 3934 1737 4003 τῆς

140 4033 448 4091 Πλάτωνος
480 4030 717 4093 διανοίας
762 4030 893 4083 εἴσω
922 4028 1031 4080 τῶν
1071 4027 1278 4079 ἀδύτων
1319 4025 1571 4095 δυνηθείη
1625 4026 1739 4078 δια-

134 4126 365 4185 ϐαλεῖν,
393 4124 485 4174 rei.
513 4121 647 4194 πρὸς
680 4121 836 4173 τοῦτο
862 4122 903 4152 ¹¹
929 4123 956 4173 ό
992 4120 1095 4181 πᾶς
1126 4117 1275 4188 αύτῷ
1296 4118 1494 4187 δρόμος
1518 4118 1738 4170 ἐτέτατο

133 4216 241 4279 τῆς
286 4210 551 4278 σπουδῆς.
602 4210 726 4261 Ὅτι
779 4210 886 4261 τῶν
945 4208 1043 4277 μέν
1092 4206 1397 4260 παλαίτατα
1447 4206 1737 4275 φιλοσοφη-

132 4307 375 4355 σάντων
412 4300 730 4370 Πυθαγόραν
763 4299 857 4352 καὶ
899 4299 1161 4352 Πλάτωνα
1210 4298 1437 4363 θειάζει,
1485 4299 1578 4351 καὶ
1626 4300 1735 4351 τῶν

130 4390 562 4459 ἐπτερωμένων
602 4390 645 4419 ⁸³
705 4389 931 4441 ἐκείνων
973 4388 1161 4457 ψυχῶν
1216 4384 1379 4450 εἶναι,
1421 4390 1476 4441 αἶ
1529 4391 1607 4451 είς
1642 4390 1734 4440 τὸν

1836 3234 1998 3285 quam
2050 3232 2231 3272 rerum
2301 3218 2536 3273 veritate
2590 3233 2651 3275 se
2706 3218 3035 3276 eilerentem.
3095 3220 3414 3277 Ithetoricas

1840 3308 2181 3377 poeticasque
2208 3317 2354 3363 artes
2388 3324 2581 3377 parum
2608 3310 2811 3379 attigit.
2843 3312 2937 3364 sed
2983 3313 3049 3365 ad
3088 3314 3413 3367 sanctiorem

1837 3400 2150 3454 Aristotelis
2193 3399 2592 3468 philosophiam
2649 3416 2710 3456 se
2765 3403 3058 3467 convertit,
3122 3404 3418 3472 vidensque

1839 3489 1986 3543 illam
2048 3490 2381 3544 necessariis
2450 3492 2962 3547 ratiocinationibus
3032 3495 3203 3563 magis
3251 3510 3416 3564 quam

1840 3580 2055 3648 proprio
2089 3582 2268 3636 sensui
2318 3584 2580 3648 credere,
2641 3593 2697 3638 et
2733 3593 2788 3636 ut
2818 3585 2903 3637 via
2958 3600 3023 3638 ac
3055 3586 3265 3640 ratione
3294 3602 3420 3655 pro-

1838 3670 2015 3733 cedat,
2049 3669 2246 3724 divinis
2270 3681 2453 3725 autem
2486 3672 2970 3741 imaginationibus
2998 3689 3102 3728 non
3152 3677 3285 3729 adeo
3316 3677 3415 3741 uti,

1838 3772 2025 3826 parum
2059 3760 2220 3813 etiam
2251 3758 2317 3813 de
2349 3760 2451 3813 hac
2479 3759 2742 3814 sollicitus
2767 3760 2867 3815 fuit
2894 3778 2909 3814 :
2957 3762 3046 3816 ubi
3078 3771 3255 3817 autem
3292 3762 3417 3817 Pla-

1839 3849 1977 3903 tonis
2006 3848 2307 3903 sententias
2347 3852 2615 3919 gustavit,
2649 3866 2753 3903 non
2792 3851 2904 3919 jam
2936 3853 3202 3921 aspicere,
3256 3864 3314 3907 ut
3342 3856 3418 3907 ait

1840 3935 2105 3990 Pindarus
2132 3937 2236 4005 (ι),
2274 3937 2536 4006 dignatus
2558 3948 2641 3991 est
2665 3940 2910 3994 ulterius.
2942 3940 3048 3995 Sed
3103 3942 3262 3996 linem
3292 3957 3423 3996 cnn-

1840 4036 2155 4083 sccuturum
2206 4029 2487 4095 speravit,
2528 4029 2573 4083 si
2624 4029 2677 4083 in
2736 4030 2975 4085 Platonis
3029 4034 3421 4087 sententiarum

1839 4123 1997 4188 adyta
2048 4127 2338 4186 penetrare
2366 4118 2651 4187 potuisset,
2687 4128 2740 4172 et
2784 4134 2849 4174 eo
2884 4136 3042 4175 omne
3089 4138 3247 4177 suum
3302 4134 3411 4177 stu.

1838 4212 1986 4264 dium
2014 4250 2029 4273 ,
2080 4210 2447 4279 impetumque
2477 4213 2765 4267 convertit.
2797 4215 3218 4283 Antiquissimos
3244 4216 3421 4286 philo-

1838 4301 2035 4369 sophos
2067 4298 2428 4369 Pythagoram
2462 4312 2517 4356 et
2552 4300 2828 4357 Platonem
2872 4314 2931 4358 ut
2958 4305 3090 4360 deos
3129 4308 3329 4370 coluit,
3364 4316 3420 4362 et

1839 4405 2024 4443 eorum
2082 4389 2291 4442 animas
2341 4389 2535 4455 alatas,
2594 4407 2729 4458 quas
2782 4392 2836 4445 in
2896 4393 3073 4447 locum
3138 4410 3415 4462 supercae-

126 4482 551 4551 ὑπερουράνιον
576 4481 762 4542 τόπον,
801 4481 881 4543 είς
922 4480 981 4531 τὸ
1026 4478 1206 4531 πεδίον
1235 4479 1333 4546 τῆς
1360 4478 1632 4548 ἀληθείας,
1663 4480 1736 4540 sl;

1850 4480 2061 4543 lestem,
2082 4478 2247 4547 inque
2268 4492 2516 4547 campum
2540 4481 2803 4545 veritatis,
2834 4492 2889 4535 et
2947 4492 3155 4551 pratum
3183 4486 3419 4541 elevatas

123 4577 227 4627 τὸν
259 4573 519 4641 λειμῶνα
549 4570 657 4624 τῶν
693 4571 853 4624 θείων
893 4571 1147 4639 νέμονται
1179 4568 1355 4633 εἰδῶν,
1392 4570 1500 4621 τῶν
1545 4574 1738 4625 νεωστὶ

119 4669 182 4719 δὲ.
234 4662 565 4733 Πορφύριον
593 4665 686 4715 καὶ
716 4660 1025 4730 Ἰάμϐλιχον
1056 4660 1153 4712 καὶ
1183 4660 1445 4727 Συριανὸν
1472 4660 1567 4712 καὶ
1596 4662 1737 4731 Πρό-

124 4758 269 4808 κλον
297 4772 318 4787 ο
370 4755 465 4805 καὶ
492 4752 684 4815 ἀλλους
716 4752 774 4804 δέ
815 4753 871 4803 ἐν
910 4749 1059 4819 μέσῳ
1090 4748 1183 4801 τοῦ
1220 4748 1411 4818 χρόνου
1450 4750 1613 4803 πολὺν
1641 4750 1737 4820 θη-

120 4847 362 4917 σαυρὸν
400 4844 647 4907 συλλέξαι
695 4841 825 4914 [550
864 4839 959 4912 Η.]
994 4839 1143 4906 λέγει
1172 4841 1480 4909 ἐπιστήμης
1511 4839 1738 4911 θεοπρε-

122 4940 309 5001 ποῦς.
354 4936 495 4999 Τοὺς
532 4936 713 5004 μέντοι
740 4933 909 5001 θνητά
948 4931 1043 4984 καὶ
1075 4930 1391 4999 ἀνθρώπινα
1421 4931 1739 4997 φιλοπονου-

116 5035 356 5103 μένους
410 5027 576 5100 [1056
628 5026 721 5098 3.]
768 5025 802 5095 ἢ
833 5024 1111 5087 συνιέντας
1151 5024 1315 5089 ὀξέως
1352 5024 1384 5093 ἢ
1424 5022 1739 5091 φιλομαθεῖς

1846 4570 2045 4622 divinis
2085 4568 2305 4636 putavit
2361 4568 2498 4623 ideis
2534 4571 2705 4639 pasci.
2735 4570 2808 4626 De
2850 4575 3245 4630 recentioribus
3288 4592 3418 4633 vero

1843 4658 2231 4729 Porphyrium,
2255 4658 2643 4728 Jamblichum,
2672 4661 2984 4732 Syrianum,
3041 4666 3317 4731 Proclum,
3362 4680 3418 4723 et

1846 4750 1985 4802 alios
2015 4749 2207 4802 media:
2246 4750 2446 4810 aetatis,
2487 4764 2739 4820 magnum
2776 4754 3086 4809 thesaurum
3128 4759 3417 4828 collegisse

1843 4842 2035 4894 divina:
2086 4839 2328 4894 scientia:
2363 4839 2518 4895 dicit.
2556 4841 2662 4897 Eos
2708 4856 2885 4899 autem
2937 4849 3028 4916 qui
3086 4848 3140 4903 in
3200 4854 3419 4907 caducis

1843 4940 1895 4984 et
1946 4930 2195 4983 humanis
2245 4929 2442 4983 studiis
2500 4930 2737 4988 libenter
2782 4947 3145 5006 occupantur,
3195 4941 3277 4995 vel
3327 4944 3417 5009 qui

1849 5019 2149 5087 intelligere
2178 5027 2339 5072 acute
2373 5032 2439 5073 ac
2458 5019 2600 5076 scire
2630 5025 2801 5079 multa
2823 5028 3039 5093 volunt,
3061 5044 3164 5083 non
3198 5046 3419 5101 magno.

1411 5138 1640 5194 νΑῑιιΑῖ
1678 5138 2087 5195 LECTIONES.

191 5246 220 5279 δ
244 5244 452 5309 ὀξεῖαν
475 5241 531 5295 δέ
568 5242 661 5294 καὶ
712 5239 909 5310 Suidas
940 5252 995 5310 γ.
1038 5232 1438 5310 Ἀγχίνοιατλοί.
1499 5234 1641 5288 idem
1669 5251 1722 5310 v_.
1758 5236 1937 5305 Ἔρως
1962 5242 2038 5310 τε
2049 5235 2301 5310 Στοιχεῖα
2314 5308 2327 5310 _
2348 5238 2539 5310 ἀρχαί.

546 5308 917 5389 ’.κατοκωχὴν
942 5307 1013 5389 AL
1046 5302 1388 5389 summa:
1425 5304 1753 5389 καΞακωχὴν
1783 5302 1977 5389 ccum
2004 5302 2636 5389 _Su‘ida"v.‘Ka_i-£ia‘uoxﬁ;
2754 5306 3057 5389 amis-amd
3081 5302 3417 5389 etgASiiidasj

110 5318 360 5371 τούτων
387 5310 446 5365 Β.

106 5382 396 5442 ὐτωκαθ.
434 5396 475 5445 ς
580 5373 913 5451 οτνὼριάω]
954 5373 1374 5451 γόηεινβυὶάη
1402 5389 1453 5427 ν·
1491 5373 1779 5451 Εὐμεξιρὲα·

105 5460 157 5492 sa
192 5455 410 5521 τούτῳ
444 5442 506 5515 ξ.
614 5442 659 5484 ’ί
680 5442 1098 5518 ὶπῖτεριυῖιᾶνών]
1126 5445 1199 5499 cl.
1234 5442 1408 5513 Toup.
1447 5458 1507 5507 11,
1538 5458 1591 5512 p.
1622 5442 1742 5497 H8.

2640 5238 2664 5271 ⁸
2685 5253 2744 5311 τε
2766 5237 2818 5311 *Δ
2848 5252 2861 5288 :
2894 5237 2986 5311 τοῦ
3013 5254 3071 5311 ς.
3147 5238 3415 5311 [τρίτων]

1876 5376 1920 5407 ⁸⁸
1954 5372 2283 5446 ὑψηλόνουν]
2353 5370 2673 5449 ύψηλὸῖοὗν
2696 5377 2762 5429 Δ.
2867 5375 2910 5408 ¹¹
2937 5370 3307 5445 πολυμαθείας
3356 5378 3417 5432 Β.

1632 5534 1861 5591 ΝυΤιΕ.

185 5641 284 5711 ('5)
317 5634 526 5711 suidas
553 5632 784 5711 dictione
818 5628 1089 5698 ἀγχίνως,
1114 5634 1169 5680 et
1193 5625 1358 5682 Henr.
1378 5625 1567 5697 Steph.
1598 5626 1743 5681 The-

100 5701 212 5768 Sati
225 5701 341 5763 riis
384 5706 434 5756 in
465 5701 817 5769 ἐπιστρεφὴς.

179 5779 280 5850 (δ)
319 5774 447 5831 Od:
491 5774 525 5824 δ
560 5764 765 5837 Oli/"3P;
801 5765 995 5835 μηκέτι
1040 5767 1308 5819 πάπταινε
1360 5766 1602 5837 πόρσιον.
1657 5764 1737 5820 Ne

474 5864 741 5925 Panos.
788 5862 901 5920 Gn.
949 5861 1100 5920 CIII.

1857 5628 2084 5693 amplius
2122 5629 2462 5694 circumspice
2476 5628 2698 5698 longius.
2731 5628 2913 5683 Utitur
2931 5627 3101 5682 etOda
3127 5627 3415 5698 Sextrema

1847 5708 1898 5749 et
1930 5699 1981 5749 in
2010 5699 2214 5767 Pythiis
2240 5699 2339 5751 oda
2368 5699 2418 5751 5.
2440 5696 2629 5761 Ὅστις
2655 5701 2926 5768 αίσχήνων
2953 5710 3047 5751 etc.
3074 5707 3129 5749 ut
3148 5696 3415 5765 proverbii

1845 5769 2075 5835 speciem
2091 5768 2335 5822 obtinere
2362 5768 2628 5821 videatur.

2947 5859 3022 5918 1ιο
