4206 6436
214 372 344 436 Ιεδῐ

204 500 291 537 σαι
359 480 586 547 ὤφελον.

1266 361 1785 423 BlBLIOTllECA.
1814 383 1839 392 -

668 477 728 530 ’0
791 474 849 528 δέ
914 472 1161 535 Λεόντιος
1248 472 1447 541 ἄριστα
1512 466 1792 537 βεδουλεῦ-

1902 468 2005 532 bat,
2036 482 2161 521 cum
2197 466 2407 522 dicendi
2450 465 2699 521 libertate
2753 462 2950 519 infelici
3002 476 3068 516 ac
3128 462 3460 516 inl’ortunata

1900 359 2063 420 COD.
2093 361 2367 421 CCXLII.
3314 342 3455 407 1262

203 573 326 625 σθαι
366 571 488 610 ³⁷-⁸³
537 565 770 636 νομίζων
820 564 1001 619 οἴκαδε
1050 561 1276 632 ἐπανῄει
1323 562 1459 632 μετά
1510 560 1632 631 [551
1684 555 1779 627 IL]

1902 556 2101 609 lomum
2138 556 2379 617 revertit,
2402 570 2576 622 neque
2606 556 2756 610 dives
2778 553 2976 618 lactus,
3028 565 3127 606 nec
3184 563 3457 616 servatus,

207 659 518 729 παρρησίας
582 653 816 724 ἀτυχοῦς
878 654 972 706 καὶ
1025 651 1447 719 κακοδαίμονος,
1504 651 1565 701 οὐ
1624 647 1781 699 πλου-

200 751 371 819 τήσας
422 748 541 799 οὐδὲ
592 743 808 807 σωθεὶς,
863 743 938 805 ώς
968 740 1128 811 ᾤετο,
1182 741 1319 793 ἀλλά
1350 740 1645 809 σημιωθεὶς
1683 737 1781 806 μὲν

202 840 483 901 εὐσεϐείας
522 834 821 904 θεοφιλοῦς,
873 831 1219 901 πανωλεθρίᾳ
1246 831 1303 884 δὲ
1330 831 1426 899 τὴν
1457 832 1635 898 ψυχὴν
1668 829 1781 879 δια-

204 930 453 1001 φθαρείς.
521 929 579 980 '0
634 928 735 997 μὲν
767 922 859 979 οὖν
888 925 933 956 ⁸⁵
964 923 1106 975 οὓτω
1132 921 1417 992 διήντλησε
1460 921 1637 973 πάντα
1692 918 1784 970 τὸν

207 1021 325 1091 βίον
356 1022 413 1072 ἐν
450 1019 775 1087 συμφοραῖς.
810 1014 995 1076 Οὐδεὶς
1024 1013 1068 1065 δ’
1102 1012 1273 1073 οῦτως
1303 1006 1371 1082 ἦν
1412 1011 1507 1079 τὴν
1536 1009 1712 1078 ψυχὴν
1738 1009 1782 1040 ³⁰

200 1111 494 1180 ἀτεράμων
521 1110 613 1160 καὶ
636 1107 929 1177 βάρδαρος,
965 1105 1024 1168 ὃς
1058 1104 1156 1157 οὐκ
1174 1102 1417 1156 ἐπείθετο
1448 1102 1490 1133 ³⁸
1521 1100 1616 1153 καὶ
1644 1117 1785 1151 κατα

204 1201 454 1269 εκηλείτο
479 1201 590 1260 τοῖς
626 1198 734 1251 ἀπὸ
763 1197 858 1249 τοῦ
894 1195 1039 1266 ίεροῦ
1071 1194 1335 1263 στόματος
1366 1192 1572 1245 ἐκείνου
1606 1192 1787 1261 ῥέουσι

204 1293 389 1359 λόγοις
420 1308 435 1323 θ
466 1290 641 1342 τοιάδε
662 1307 743 1352 τις
776 1287 1084 1355 ἐπεκάθητο
1122 1284 1294 1338 πειθὼ
1324 1282 1667 1363 τοῖςίχείλεσι
1693 1279 1786 1331 τοῦ

204 1385 422 1452 ἀνδρὸς,
453 1381 617 1453 [10⁵57
648 1377 741 1451 IL]
784 1381 881 1431 οὐκ
928 1376 1265 1446 ἀνθρώπειόν
1306 1392 1360 1427 τι
1410 1374 1622 1444 χρῆμα,
1654 1371 1789 1424 ἀλλὰ

206 1474 505 1541 θειότερον.
540 1470 707 1523 Φύσιν
738 1470 1086 1536 ἀξιάγαστος,
1133 1468 1304 1536 μέγας
1362 1466 1458 1534 μὲν
1509 1464 1573 1515 τὸ
1630 1462 1789 1529 σῶμα

202 1566 305 1619 καὶ
334 1565 587 1634 εὐμήκης
621 1563 772 1623 ίδεῖν,
806 1560 968 1622 καλὸς
1005 1559 1060 1611 δὲ
1093 1559 1185 1611 καὶ
1211 1554 1414 1624 ἀγαθὸς
1439 1553 1537 1624 τὴν
1570 1552 1612 1585 ³³
1643 1552 1786 1618 ὄψιν,

200 1657 307 1725 τῆς
362 1656 406 1709 δ’
456 1657 673 1726 ἡλικίας
710 1658 767 1708 ἐν
812 1654 889 1723 τῷ
930 1651 1325 1722 φρονιμωτάτῳ
1358 1649 1477 1701 τότε
1529 1642 1786 1714 γεγονὼς,

206 1746 467 1815 εὐόμιλός
493 1763 553 1798 τε
592 1744 685 1798 καὶ
711 1745 859 1814 ἡδὺς,
892 1742 1071 1803 ἱκανὸς
1097 1742 1189 1793 καὶ
1232 1737 1507 1806 ὠφέλιμος
1551 1736 1657 1796 τοῖς
1704 1732 1790 1783 ἐν-

1886 656 1941 699 ιιι
1976 646 2216 713 putabat,
2242 648 2338 701 sed
2365 647 2547 699 divina
2569 648 2811 715 privatus
2832 645 3051 713 pietate,
3076 642 3259 698 animo
3275 656 3464 696 corru-

1889 736 2133 802 ptissittto
2173 749 2237 788 ac
2268 732 2638 802 perditissimo
2666 730 2785 784 fuit.
2852 729 2950 783 Sic
2997 728 3215 798 quidem
3243 739 3461 781 omnem

1888 826 2049 878 vitam
2105 825 2157 878 in
2193 822 2505 877 infortuniis
2544 822 2823 889 transegit.
2856 819 3025 873 Nemo
3070 819 3207 873 adeo
3264 815 3461 870 immiti

1888 915 1986 968 fuit
2030 916 2208 968 animo
2262 923 2316 967 et
2355 914 2612 977 barbaro,
2653 912 2744 981 qui
2791 926 2948 965 sacro
3002 909 3190 963 lsitlori
3250 907 3319 961 ab
3367 921 3466 960 ore

1888 1004 2067 1058 verbis
2102 1004 2442 1057 manantibus
2471 1018 2574 1056 non
2608 1015 2895 1070 persuasus
2930 1000 3036 1053 fuit
3076 1008 3130 1053 et
3166 998 3464 1067 mitigatus,

1890 1096 2009 1149 talis
2042 1095 2093 1149 in
2125 1095 2288 1149 labris
2328 1095 2429 1147 viri
2462 1093 2729 1147 insidebat
2748 1090 2987 1154 suadela,
3022 1104 3129 1144 non
3162 1089 3463 1143 humanum

1888 1201 2041 1254 opus,
2080 1184 2173 1238 sed
2209 1184 2474 1248 divinum,
2498 1193 2691 1236 natura
2725 1196 2824 1236 sua
2852 1179 3217 1234 admiratione
3270 1178 3464 1246 dignus

1891 1284 2023 1326 erat.
2053 1272 2266 1343 Ingenti
2302 1272 2517 1339 quidem
2546 1284 2774 1336 corpore
2801 1276 2854 1322 et
2893 1266 3174 1335 spectabili
3225 1265 3468 1333 proceri-

1893 1371 2020 1425 tate,
2052 1365 2165 1415 visu
2184 1360 2409 1429 pulcher
2430 1369 2483 1414 et
2503 1359 2701 1422 facilis,
2730 1358 2795 1411 ad
2825 1367 3090 1411 maturam
3111 1364 3325 1409 {etatem
3344 1367 3467 1406 cum

1892 1453 2245 1520 pervenisset,
2298 1452 2472 1506 comis
2505 1461 2560 1505 et
2587 1450 2794 1513 suavis,
2823 1448 3165 1511 commodus,
3200 1457 3255 1501 et
3294 1444 3466 1499 collo-

1893 1544 2183 1610 quentibus
2237 1543 2438 1596 utilis:
2476 1540 2730 1595 mediocri
2789 1553 2888 1593 nec
2941 1538 3172 1593 delicato
3230 1551 3358 1591 usus
3384 1545 3469 1590 est

1891 1635 2031 1696 cibo,
2059 1648 2229 1702 neque
2251 1641 2469 1703 propter
2482 1640 2844 1701 paupertatem
2863 1630 3043 1693 noxio,
3066 1643 3241 1698 neque
3258 1638 3472 1697 propter

1893 1725 2106 1779 divitias
2128 1725 2383 1793 opiparo:
2421 1725 2514 1779 sed
2543 1733 2597 1778 et
2622 1723 2883 1777 musicam
2915 1721 3159 1775 adhibuit
3195 1730 3469 1787 tempera-

203 1810 561 1906 τυγγάνουσι.
596 1838 705 1889 Καὶ
854 1835 897 1866 ³³
931 1831 1133 1903 τροφὴν
1172 1828 1523 1900 ἐκληρώσατο
1556 1824 1783 1896 μετρίαν

1910 1815 2374 1885 am,etDoricot6)
2401 1817 2558 1871 modo
2584 1831 2767 1870 revera
2793 1814 3277 1869 accommodatam.
3314 1810 3475 1865 Solus

203 1929 331 1980 τινὰ
362 1929 455 1979 καὶ
483 1927 777 1995 ἄθρυπτον,
807 1924 928 1976 οὔτε
972 1918 1385 1991 κακουργοῦσαν
1429 1919 1515 1970 διὰ
1571 1915 1782 1979 πενίαν,

207 2019 340 2073 οὔτε
369 2020 459 2071 διά
490 2016 717 2070 πλοῦτον
748 2014 1136 2085 βλακεύουσαν,
1164 2011 1298 2064 ἀλλά
1335 2010 1507 2078 μέσην
1535 2007 1629 2059 καὶ
1657 2020 1787 2073 μου-

1888 1906 2001 1974 ipse
2031 1907 2172 1961 inter
2192 1907 2461 1972 homines,
2485 1921 2620 1975 quos
2641 1906 2945 1959 audivimus
2979 1945 2992 1965 .
3025 1904 3307 1971 antiquum
3341 1917 3473 1971 pro-

1900 1996 2148 2050 verbium
2187 1996 2265 2069 (7)
2299 2012 2355 2052 re
2387 1997 2505 2067 ipsa
2558 1996 2824 2066 coarguit,
2861 2009 2965 2049 non
3008 1994 3321 2064 juvenibus,
3380 1992 3477 2048 sed

207 2112 395 2180 σικὴν,
427 2110 517 2162 τὸν
568 2108 611 2139 ³³
658 2107 862 2175 Δώριον
889 2105 1088 2175 τρόπον
1118 2103 1164 2135 ⁸⁸
1200 2102 1304 2171 τῆς
1327 2101 1495 2170 τύχης
1536 2098 1579 2129 ³⁸
1629 2096 1703 2156 ώς
1754 2094 1796 2125 ³⁷

1906 2089 2125 2145 senibus
2155 2104 2218 2144 ac
2246 2106 2437 2145 senum
2466 2104 2759 2159 congressu
2789 2088 3182 2143 delectabatur.

205 2178 427 2273 ἀληθῶς
475 2203 849 2270 ἡρμοσμένην.
890 2198 1063 2260 Μόνος
1094 2197 1149 2249 δὲ
1184 2193 1512 2263 ἀνθρώπων,
1546 2183 1619 2243 ὧν
1648 2188 1784 2255 ἀκοῇ
1826 2183 2003 2273 ῐσμενᾼ.
2060 2181 2161 2252 τὴν
2224 2181 2458 2236 παλαιὰν
2503 2181 2803 2253 παροιμίαν
2855 2180 2901 2212 ⁸⁸
2950 2179 3100 2250 ἔργω
3165 2178 3478 2251 διήλεγξεν,

205 2271 314 2363 οὑν
333 2291 532 2363 ἧλιξιν,
570 2289 706 2343 ἀλλά
742 2287 1068 2359 πρεσϐύταις
1094 2287 1187 2338 καὶ
1208 2283 1586 2355 πρεσϐυτικοῖς
1612 2276 1789 2344 λόγοις
1826 2271 2179 2344 τερπόμενος.

283 2390 472 2450 Εῐποις
498 2387 541 2439 δ’
568 2386 633 2439 ἂν
662 2386 756 2439 καὶ
801 2386 959 2453 μόνος
990 2381 1290 2451 ἀνθρώπων
1316 2380 1412 2443 οὒς
1456 2377 1595 2448 ἀκοὴ
1640 2376 1798 2445 ἔσχεν

207 2482 241 2551 ἦ
277 2480 421 2548 ἔγνω
444 2496 457 2507 ’
487 2479 519 2547 ἢ
571 2477 665 2531 καὶ
707 2476 899 2538 οὕτως,
946 2475 993 2528 οἳ
1032 2475 1166 2545 πρὸς
1208 2473 1378 2542 ἀκοὴν
1419 2467 1585 2541 ἦλθον
1614 2510 1630 2535 ,
1659 2471 1693 2539 ἢ
1727 2466 1802 2524 ὧν

208 2578 296 2637 εἰς
328 2573 633 2641 κατάληψιν
687 2569 823 2640 ἀκοὴ
854 2565 1014 2640 ἧκεν,
1061 2568 1092 2634 ἢ
1123 2566 1216 2629 οὒς
1244 2566 1313 2617 δι’
1338 2566 1507 2634 ἀκοῆς
1549 2565 1730 2633 ἴσμεν,
1763 2564 1797 2632 ἧ

204 2664 315 2725 οὖς
360 2661 618 2723 διασώζει
673 2658 944 2729 μνήμη,ἢ
998 2656 1090 2719 οὓς
1120 2657 1218 2708 οὐκ
1272 2655 1464 2709 ἔσϐεσε
1516 2656 1677 2724 λήθη,
1711 2656 1803 2708 καὶ

208 2755 392 2809 πολλά
425 2751 670 2805 τοιαῦτα.

292 2824 419 2875 ’Ὁτι
448 2822 715 2890 φυλακεῖα
743 2817 792 2871 οἱ
848 2816 1213 2887 Ἀλεξανδρεῖς
1252 2816 1481 2870 ἐκάλουν
1513 2817 1582 2869 τὰ
1627 2816 1800 2884 ἐκμα-

211 2912 346 2978 γεῖα
386 2912 493 2961 τῶν
534 2907 861 2975 γυναικείων
893 2907 1206 2976 μολυσμῶν.
1240 2906 1353 2959 Οὐκ
1384 2901 1452 2975 ἦν
1491 2905 1547 2959 δὲ
1582 2906 1802 2975 γνήσιος

209 3006 241 3054 ό
276 3001 478 3069 γάμος,
512 3001 558 3051 εἰ
592 2998 720 3068 μὴὸ
748 2999 925 3068 ίερεὺς
956 2999 982 3049 ό
1027 2998 1124 3065 τῆς
1161 2996 1282 3049 θεοῦ
1316 2999 1372 3048 ἐν
1402 2999 1511 3055 τοῖς
1547 2997 1803 3063 γαμικοῖς

214 3088 578 3158 συμϐολαίοις
612 3088 1002 3157 ὑπεσημήναεο
1024 3087 1165 3155 χειρὶ
1196 3088 1260 3155 τῇ
1295 3084 1509 3138 ἐαυτοῦ.
1555 3086 1676 3137 Ὀτι
1707 3085 1802 3135 Ἰε-

2002 2365 2237 2435 Dixeris,
2265 2376 2320 2423 et
2377 2367 2523 2422 solus
2568 2367 2707 2422 inter
2763 2366 3008 2422 homines
3060 2380 3197 2437 quos
3250 2364 3479 2432 audivit,

1908 2458 1991 2513 vel
2019 2458 2293 2529 cognovit,
2322 2457 2405 2513 vel
2434 2458 2596 2514 etiam
2612 2459 2712 2523 sic,
2744 2458 2834 2527 qui
2865 2460 2931 2512 ad
2966 2457 3162 2511 famam
3192 2466 3481 2519 venerunt,

1908 2552 1992 2606 vel
2019 2568 2248 2621 quorum
2300 2553 2440 2605 fama
2482 2553 2737 2615 innotuit,
2798 2551 2902 2615 vel,
2934 2565 3070 2620 quos
3125 2549 3267 2604 fama
3326 2552 3484 2605 novi.

1910 2658 2050 2707 mus,
2090 2657 2225 2712 quos
2259 2642 2518 2697 memoria
2542 2643 2797 2707 servavit,
2833 2640 2917 2695 vel
2948 2655 3086 2709 quos
3122 2639 3325 2695 oblivio
3357 2654 3465 2693 non

1910 2732 2127 2797 delevit,
2156 2732 2370 2802 aliaque
2400 2733 2622 2787 similia.

1978 2822 2327 2874 Alexandrini
2370 2836 2578 2891 pannos
2610 2820 2852 2875 sordium
2899 2819 3244 2874 muliebrium
3300 2821 3480 2874 nomi-

1910 2910 2116 2963 nabant
2147 2906 2430 2978 Phylacea.
2483 2905 2600 2961 Non
2633 2918 2790 2961 erant
2828 2910 3081 2976 legitima:
3130 2910 3350 2978 nuptite,
3381 2909 3487 2963 nisi

1908 2998 2161 3052 sacerdos
2190 2996 2275 3051 dei
2305 2997 2646 3051 matrimonia
2682 3011 2841 3049 manu
2887 3012 2985 3051 sua
3044 3006 3305 3051 notasset.
3364 2996 3493 3051 Hie-

1909 3088 2100 3152 rocles,
2136 3088 2225 3155 qui
2259 3087 2473 3142 scholas
2499 3087 2838 3141 Alexandriae
2865 3086 3117 3152 instituit,
3148 3098 3403 3143 constans
3434 3097 3493 3143 et

215 3181 427 3251 ροκλῆς
476 3180 519 3213 ³⁹
567 3182 595 3233 ό
631 3180 729 3242 τὰς
766 3181 822 3231 ἐν
874 3177 1249 3247 Ἀλεξανδρεία
1277 3177 1559 3248 διατριϐὰς
1609 3175 1802 3247 ὑψηλοη

1920 3178 2234 3246 magniﬁcus
2258 3176 2545 3232 excellenti
2580 3178 2794 3247 ingenio
2831 3186 2883 3232 et
2912 3176 3165 3232 facundia
3194 3179 3489 3249 pulcherri-

210 3269 473 3340 φροσύνῃ
499 3270 591 3320 καὶ
628 3267 1006 3337 μεγαληγορίᾳ
1038 3268 1342 3336 κοσμήσας,
1396 3266 1536 3335 μετά
1582 3264 1674 3317 τοῦ
1718 3280 1810 3315 σε-

211 3359 363 3411 πτοῦ
390 3358 434 3389 ⁸⁸
457 3359 548 3409 καὶ
588 3356 1033 3426 μεγαλοπρεποῦς
1068 3355 1259 3426 εὔρους
1288 3357 1329 3387 ⁸⁸
1352 3372 1409 3407 τε
1447 3356 1542 3423 τὴν
1571 3355 1813 3406 διάνοιαν

210 3451 304 3510 είς
357 3446 669 3517 ὑπερϐολὴν
706 3440 774 3515 ἦν
825 3446 908 3509 δ’,
960 3446 1053 3497 καὶ
1101 3445 1368 3514 διαφέρων
1392 3444 1690 3514 εὐγλωττίᾳ
1718 3444 1811 3495 καὶ

209 3540 458 3609 εὐπορίᾳ
503 3537 608 3591 τῶν
639 3536 938 3590 καλλίστων
965 3536 1241 3605 ὀνομάτων
1276 3536 1367 3588 καὶ
1388 3534 1646 3605 ῥημάτων
1678 3550 1779 3586 κατ
1798 3562 1810 3568 -

208 3631 463 3697 ἐπληττε
513 3627 759 3696 πανταχῆ
808 3627 853 3657 ⁸³
902 3628 1025 3687 τοὺς
1076 3626 1483 3695 ἀκροωμένους,
1526 3626 1661 3694 πρὸς
1716 3624 1813 3692 τὴν

215 3720 524 3781 Πλάτωνος
585 3718 957 3788 ἁμιλλώμενος
1010 3716 1095 3768 ἀεὶ
1155 3714 1668 3786 καλλιρρημοσύνην
1719 3714 1813 3766 καὶ

213 3810 547 3862 πολύνοιαν.
602 3802 771 3870 Οὗτός
810 3824 939 3858 ποτε
988 3807 1078 3857 τὸν
1109 3806 1391 3869 Πλάτωνος
1424 3804 1653 3875 Γοργίαν
1701 3806 1812 3866 τοῖς

212 3900 474 3969 ἑταίροις
506 3897 756 3966 ἐξηγεῖτο
780 3912 794 3927 ⁶
828 3891 907 3956 εἷς
936 3897 993 3948 δέ
1022 3913 1105 3958 τις
1146 3896 1253 3948 τῶν
1287 3896 1589 3964 ἀκροατῶν,
1619 3894 1813 3948 Θεοσέ-

210 3992 372 4054 ὄιος,
432 3989 791 4057 ἀπεγράιξοατο
845 3988 889 4019 ⁸⁵
932 3987 1030 4055 τὴν
1079 3986 1356 4055 ἐξήγησιν.
1417 3986 1583 4038 Πάλιν
1630 3984 1690 4037 δ’
1730 3978 1815 4037 οἷα

210 4081 404 4143 είκὸς,
455 4081 518 4131 ἐκ
564 4079 816 4147 δευτέρου
845 4076 936 4129 τοῦ
972 4076 1297 4144 Ἱεροκλέους
1326 4077 1406 4138 είς
1433 4076 1525 4128 τὸν
1583 4074 1813 4145 Γοργίαν

216 4169 724 4237 καταϐαλλόμενοι)
780 4169 918 4236 μετά
960 4184 1082 4219 τινα
1124 4166 1315 4235 χρόνον
1345 4166 1442 4236 τὴν
1484 4166 1740 4235 ἐξήγησιν
1790 4168 1819 4218 ὁ

212 4262 411 4324 αὐτὸς
471 4261 674 4329 ταύτην
708 4258 1087 4329 ἀπεγράψατο,
1123 4259 1217 4311 καὶ
1268 4255 1721 4329 ἀντιπαραϐαλὼν
1772 4258 1817 4288 ⁸⁸

208 4354 299 4407 τὰ
360 4350 602 4419 πρότερα
649 4351 744 4403 καὶ
792 4349 861 4400 τὰ
892 4348 1091 4418 ὕστερα
1121 4341 1280 4417 εὗρεν
1318 4348 1469 4399 οὐδὲν
1502 4348 1611 4399 τῶν
1640 4346 1819 4400 αὐτῶν

210 4446 308 4505 ὡς
342 4440 471 4501 ἔπος
501 4441 692 4503 εἰπεῖν,
725 4438 961 4505 ἑκάτερα
990 4437 1047 4489 δὲ
1091 4438 1260 4505 ὅμως,
1304 4436 1332 4488 ὂ
1381 4438 1474 4489 καὶ
1508 4435 1818 4505 παράλογον

208 4530 496 4593 ἀκοῦσαι,
532 4529 629 4594 τῆς
672 4528 957 4588 Πλάτωνος
1004 4525 1239 4595 ἐχόμενα
1272 4525 1390 4578 καθ’
1427 4526 1548 4577 ὅσον
1595 4519 1707 4577 οἷόν
1761 4542 1818 4576 τε

210 4620 639 4694 προαιρέσεως.
690 4618 876 4686 Τούτῳ
914 4618 960 4649 ⁵⁸
1014 4618 1111 4686 μὲν
1168 4616 1262 4669 οῦν
1310 4617 1678 4671 ἐπιδείκνυται
1725 4618 1818 4671 τοῦ

203 4715 436 4781 ἀνδρὸς
467 4711 652 4781 ἡλίκον
675 4706 743 4781 ἦν
777 4710 886 4778 ἄρα
922 4709 982 4760 τὸ
1030 4708 1138 4760 τῶν
1182 4708 1397 4776 φρενῶν
1429 4709 1682 4775 πέλαγος,
1717 4710 1816 4763 Γυ-

204 4807 407 4857 vatus:
438 4800 752 4854 παιδοποιὸν
782 4800 994 4866 ἄγεται.
1044 4797 1131 4859 Ὠς
1154 4796 1198 4848 δ’
1223 4798 1323 4850 οὐκ
1361 4797 1608 4851 ἐπείθετο
1629 4800 1687 4851 τὸ
1708 4800 1819 4852 δαι-

208 4896 429 4967 μόνιον
480 4893 579 4960 τῆς
624 4892 881 4959 γυναικὸς
924 4888 1159 4955 ἐξελθεῖν
1209 4888 1386 4955 λόγοις
1418 4892 1814 4962 ἡμερωτέροις,

1918 3283 2125 3321 morum
2159 3269 2463 3333 nominum,
2488 3276 2543 3323 et
2589 3270 2878 3323 verborum
2908 3266 3168 3324 facilitate
3224 3278 3280 3325 et
3308 3270 3489 3337 copia,

1918 3361 1969 3412 in
2003 3361 2083 3411 sui
2118 3360 2539 3414 admirationem
2590 3359 2866 3413 auditores
2907 3358 3179 3428 rapiebat,
3209 3374 3331 3413 cum
3370 3359 3495 3414 Pla-

1919 3450 2061 3503 tonis
2089 3450 2335 3504 oratione
2358 3458 2585 3503 venusta
2612 3459 2669 3504 et
2696 3450 2851 3502 docta
2891 3464 3107 3516 semper
3133 3453 3489 3507 contendens.

1920 3538 2017 3593 llic
2046 3537 2333 3608 aliquando
2368 3537 2609 3592 Platonis
2640 3536 2891 3607 Gorgiam
2946 3538 3113 3591 sociis
3158 3538 3491 3607 explicabat.

1923 3630 2071 3685 Unus
2126 3644 2257 3684 vero
2305 3630 2613 3683 auditorum
2681 3626 3016 3683 Theosebius
3071 3629 3487 3697 explicationem

1918 3721 2224 3789 descripsit.
2258 3719 2459 3775 lterum
2479 3734 2626 3783 vero,
2659 3728 2715 3774 ut
2740 3719 3036 3773 verisimile
3059 3730 3162 3783 est,
3194 3723 3495 3775 secundam

1918 3812 2328 3881 explicationem
2382 3810 2648 3865 Hieroclis
2745 3808 3001 3880 Gorgiam
3060 3810 3260 3881 339a
3321 3814 3498 3882 expli-

1919 3903 2093 3957 cantis
2118 3910 2241 3972 post
2272 3902 2486 3971 aliquod
2523 3911 2735 3971 tempus
2783 3900 3037 3957 similiter
3084 3902 3398 3970 descripsit,
3434 3915 3492 3958 et

1922 3993 2131 4046 collatis
2175 3992 2446 4059 prioribus
2474 4005 2595 4044 cum
2631 3991 2904 4055 secundis,
2931 3990 3085 4053 nihil,
3114 4000 3171 4045 ut
3196 3994 3274 4046 sic
3296 3993 3495 4059 dicam,

1921 4082 2233 4135 earumdem
2309 4081 2533 4134 invenit.
2591 4078 2832 4149 Utraque
2891 4091 3094 4145 tamen,
3160 4082 3303 4150 quod
3362 4097 3494 4136 sane

1924 4172 2107 4225 auditu
2142 4186 2337 4224 novum
2361 4179 2465 4234 est,
2482 4170 2942 4239 Platonisﬁuoad
2965 4168 3082 4237 ejus
3112 4170 3229 4225 ﬁeri
3254 4182 3494 4241 poterat.

1924 4264 2227 4317 institutum
2262 4264 2589 4316 continebat.
2627 4261 2765 4316 llinc
2818 4261 3089 4330 colligitur
3143 4272 3347 4330 quanta
3396 4264 3498 4317 viri

1926 4354 2064 4407 illius
2094 4356 2144 4405 in
2178 4354 2465 4407 sententiis
2518 4354 2695 4421 copia.
2737 4350 2966 4409 Uxorem
3020 4366 3241 4422 quoque
3267 4369 3333 4407 ex
3389 4370 3499 4424 qua

1928 4446 2126 4499 liberos
2161 4445 2485 4513 susciperet,
2541 4446 2708 4507 ducit,
2768 4442 2921 4512 cujus
2973 4455 3262 4513 postquam
3291 4448 3497 4500 daemo-

1932 4536 2076 4587 nium
2110 4534 2570 4589 mansuetioribus
2593 4534 2774 4588 verbis
2802 4535 2985 4601 egredi
3013 4545 3315 4601 recusaret,
3338 4536 3500 4605 jura-

1932 4626 2128 4679 mcntis
2153 4626 2281 4679 illud
2310 4623 2666 4689 Theosebius,
2698 4626 2949 4693 quamvis
2996 4642 3097 4681 nec
3140 4628 3332 4697 magiae
3352 4640 3499 4685 esset

1943 4716 2171 4783 peritus,
2213 4728 2312 4768 nec
2358 4714 2618 4767 miracula
2653 4724 2946 4783 patrasset,
2999 4715 3153 4769 exire
3215 4718 3496 4786 compulit.

1930 4808 2140 4859 .Iuravit
2167 4805 2295 4859 solis
2339 4805 2518 4859 radios
2546 4805 2904 4873 praetendens,
2958 4820 3055 4874 per
3076 4807 3241 4861 Deum
3277 4807 3503 4865 Hebrae-

1928 4912 2081 4949 nrnin
2120 4896 2219 4966 (8).
2266 4894 2482 4951 Dzemon
2538 4909 2667 4950 vero
2694 4896 2952 4965 expulsus
2998 4906 3083 4952 est
3132 4898 3394 4965 clamans,
3441 4915 3504 4957 se

1504 4982 1735 5040 VARI/li
1771 4989 2169 5044 LECTIONES.

333 5076 459 5111 ΙΨ...
490 5077 517 5127 ὁ
638 5103 701 5114 .-

333 5076 459 5111 11.“
490 5077 517 5127 ὁ
543 5074 599 5128 δὲ
638 5103 701 5114 __
777 5094 780 5120 ε

205 5146 519 5224 βάρξαρος
545 5070 780 5224 29'1"

210 5211 447 5277 Susidas
473 5231 523 5271 ν.
547 5211 889 5281 ’”Δθρυπτος.

203 5306 355 5349 om.
392 5286 604 5339 Suidas.
668 5277 721 5314 "'
747 5281 821 5341 ὼς
850 5296 958 5334 om.
992 5279 1057 5333 Δ.
1140 5277 1298 5349 ³⁸01⁵.
1357 5278 1553 5349 Snidas
1583 5297 1633 5335 ν.
1667 5277 1796 5336 Ἦλι

204 5425 531 5499 εγρὰψατο
551 5422 614 5475 Δ.
691 5421 736 5453 ⁸⁸
766 5418 1244 5489 ἀντιπαραϐάλλων
1276 5418 1336 5473 Β.
1411 5419 1457 5450 ⁸⁸
1487 5419 1645 5475 τοῦτο
1674 5440 1733 5487 ς.

777 5069 1121 5124 εδουλεῦσθαι
1158 5069 1231 5122 A:
1284 5070 1405 5123 οὐδὲ
1461 5073 1873 5134 -βουλεύεσθαι

848 5141 891 5171 ³⁸
939 5137 1205 5222 ἐπείθετο]
1234 5139 1793 5222 ἐτέγγετοιιὶιιΙιιιΙεςιι.
1814 5137 1961 5222 Tim:
1985 5163 2036 5217 p.
2076 5148 2305 5222 Stilo.”
2330 5147 2373 5177 ³⁸
2433 5148 2532 5222 τῂν
2548 5145 2612 5222 _B
2654 5148 2875 5222 κείς-ς·
2932 5147 2998 5222 ,³⁸
3019 5137 3112 5222 xtl-1

984 5210 1027 5249 ³⁸
1061 5208 1300 5279 τὸνῖίκαὶ
1330 5210 1420 5261 τὸν
1455 5212 1613 5266 idem.
1690 5214 1734 5244 ³⁸
1767 5232 1797 5267 τ

992 5279 1067 5350 Α.
1140 5277 1298 5350 ³⁸-Οῇ
1357 5278 1553 5350 Sttjdas
1583 5297 1633 5335 ν.
1667 5218 1863 5350 Ἦλιέ

1934 5096 1992 5144 ς,
2070 5072 2237 5153 fodi:
2268 5085 2497 5153 et__rno_x
2529 5077 2753 5153 6‘_add._
2812 5078 2878 5131 Α.
2955 5078 3003 5153 ’ξ
3021 5076 3120 5153 τὴν
3165 5079 3344 5153 ψυχὴν
3382 5095 3503 5153 νοεῖ

3150 5151 3246 5225 ﬁt?
3278 5151 3408 5225 [εὴὶι
3443 5154 3501 5225 δὲ

1870 5235 1965 5303 ἷξον
1985 5214 2112 5287 post
2364 5214 2515 5303 ponit
2683 5216 2728 5249 ³⁸
2756 5217 2855 5303 τῇξ
3431 5224 3498 5303 ᾼ.

901 5296 958 5361 tt.
992 5286 1100 5361 A.“
1140 5286 1197 5361 ³⁸.
1357 5286 1553 5361 Sn'i‘das
1583 5297 1633 5335 ν.
1667 5286 1829 5361 Ὶ-Ιλιξ
1860 5286 2046 5361 ἥλικα.
2084 5288 2165 5361 _”
2198 5287 2279 5337 ὅτι
2302 5286 2331 5337 ὀ
2361 5286 2631 5361 ]εροκλῆς
2662 5304 2723 5361 ς.

205 5347 653 5429 ἐιιηιβυὶιιιεν.
692 5349 985 5429 ξεεροκλῆςο
1042 5348 1372 5429 ζξιξῦῥρευς
1523 5365 1647 5429 cyrn
1692 5347 1902 5412 eodem:
1981 5359 2027 5390 "
2083 5352 2151 5429 ἧν
2186 5369 2296 5409 om.
2358 5347 2575 5412 Suidas.

2798 5285 2843 5315 ’⁵⁸
2880 5284 3101 5359 σεπτοῦ]
3134 5284 3407 5359 ετριίεέσυ
3432 5284 3501 5349 Α.

2670 5359 2717 5397 ⁵³
2756 5354 3027 5423 πανταχοῦ
3084 5354 3256 5414 idem.
3306 5362 3357 5393 “
3397 5364 3502 5417 ἐπ-

1781 5511 2009 5573 ΝΟΤΑιΣ.

303 5605 402 5675 (6)
445 5603 641 5661 Suidas
665 5606 717 5660 in
762 5605 970 5675 Dorico.

310 5669 406 5748 (7)
440 5677 604 5748 Arist.
644 5676 737 5731 lib.
769 5674 1022 5731 ill/tctor.
1082 5687 1203 5743 cap.
1257 5670 1331 5725 De
1379 5671 1655 5739 raluptate,
1706 5669 1826 5744 ἧλιξ

205 5746 415 5815 ἥλικα
447 5746 653 5813 τέρπει.

2007 5606 2084 5675 (8)
2113 5606 2392 5661 Christum
2454 5605 2720 5672 intelligit.
2772 5604 2943 5660 Judaei
2989 5606 3133 5664 enim
3182 5620 3237 5667 et
3289 5612 3501 5671 Hebraei

1934 5679 2086 5732 initio
2112 5688 2238 5732 sum
2260 5677 2513 5747 appellati
2545 5676 2864 5733 Christiani.
