4206 6436
717 343 851 405 1247
1882 356 2141 414 ΡΗΟΤΙΙ
2182 357 2681 417 ΡΑΤΙὶΙΛιὶίῖΗίΕ
2716 362 2823 421 CP.
3840 370 3971 438 ms

713 472 877 511 nosse
904 456 1034 508 dicit
1062 456 1426 525 Apollonium,
1458 469 1513 515 et
1541 462 1709 517 maris
1740 478 2047 517 mensuram
2076 480 2284 518 omnem

2398 466 2607 528 ξύνεσιν
2631 471 2679 519 οί
2706 472 2898 522 τοιοίδε
2934 472 3229 541 ἄνθρωποι,
3266 475 3682 547 καθαρωτέραις
3720 483 3963 548 ὁμιλοῦν*

711 550 1205 615 comprehendisse.
1238 553 1414 605 Videri
1454 566 1507 609 et
1541 558 1718 625 aliqua
1748 560 1887 626 apud
1924 560 2157 627 reliquos
2192 562 2284 611 mi-

2391 574 2481 617 τες
2522 560 2754 625 ἀκτῖσιν,
2806 562 3157 631 ἀληθέστεροι
3205 565 3387 627 δὲτὰς
3434 571 3561 636 περὶ
3616 572 3833 636 φύσεως
3879 593 3958 630 και

713 641 921 701 rabilia,
960 642 1008 692 in
1046 642 1241 707 quibus
1282 644 1500 699 fortiter
1536 657 1592 700 et
1631 650 1907 718 eleganter
1946 652 2284 717 Apollonium

2392 650 2524 703 θεῶν
2564 654 2737 718 δόξας,
2777 656 2870 707 ἆτε
2904 657 3149 725 ἀγχίθεοι
3179 660 3269 710 καὶ
3304 661 3440 729 πρὸς
3469 664 3664 730 ἀρχαῖς
3698 666 3797 731 τῆς
3833 667 3957 727 ζωο-

714 743 1022 785 narrantetn
1059 734 1423 788 audiverunt:
1482 738 1737 806 mitigans
1782 754 1909 791 vero
1950 741 2097 793 illum
2154 740 2284 793 The-

2390 742 2544 805 γόνου
2612 746 2706 796 καὶ
2762 747 2969 815 θερμῆς
3030 748 3215 811 οὐσίας
3258 750 3553 813 οἰκοῦντες.
3619 754 3816 806 Ἀλλά⁸
3876 758 3959 823 τὴι.

710 826 946 889 spesion.
1005 823 1213 879 Dicitur
1263 837 1316 879 et
1359 829 1660 897 elegantias
1710 832 1999 884 verborum
2037 832 2284 885 Phraalze

2387 832 2611 901 ψάμμον
2650 836 2845 889 ειδέναι
2874 840 3035 906 φησὶν
3072 841 3099 889 ό
3143 840 3419 893 Ἀπόλλων
3440 844 3481 906 ⁸,
3524 843 3698 897 ὁπόσα
3732 847 3968 914 ἀριθμῆ-

710 915 778 967 ab
808 912 949 966 Indis
980 915 1244 969 attulisse.
1292 916 1404 970 Hoc
1438 920 1583 972 enim
1622 929 1833 988 tempus
1862 931 1916 975 et
1947 922 2056 974 Indi
2094 924 2159 973 ad
2193 937 2282 974 sa-

2395 941 2483 973 σαι
2515 925 2705 991 αὐτὴν,
2741 928 2835 977 καὶ
2865 929 2932 979 τὰ
2954 930 3050 996 τῆς
3077 929 3354 999 θαλάσσης
3388 932 3561 1004 μέτρα
3589 912 3967 1003 ξυνειληφέναι

711 1006 979 1059 cerdotes.
1014 1005 1231 1062 Videris
1272 1009 1405 1063 mihi
1436 1012 1571 1065 bene
1615 1027 1954 1081 concoquere
1985 1024 2039 1066 et
2070 1016 2284 1083 egregie

2394 1016 2590 1069 πάντα.
2626 1015 2790 1086 [1025
2818 1018 2909 1089 IL]
2933 1021 3221 1074 Φαίνεσθαι
3265 1024 3285 1053 ⁷
3336 1024 3393 1075 δέ
3417 1042 3539 1077 τινα
3574 1028 3818 1095 καὶπερὶ
3848 1029 3967 1090 τοὺς

708 1100 1108 1153 cometlere..Si
1158 1102 1301 1154 enim
1354 1104 1607 1171 antiquas
1655 1105 1798 1173 leges
1851 1115 1906 1159 et
1958 1108 2284 1162 vetustiores

2394 1107 2611 1169 λοιποὺς
2664 1108 2922 1178 ἔκπληξιν
2978 1111 3059 1180 ἐφ’
3094 1107 3175 1173 οἷς
3224 1114 3550 1183 ἐρρωμένως
3603 1133 3663 1169 τε
3722 1117 3818 1169 καὶ
3874 1119 3967 1169 σὺν

706 1202 1031 1255 cognoscere
1053 1190 1311 1257 licuisset,
1331 1202 1577 1260 poteram
1608 1197 1723 1249 illas
1745 1199 1990 1251 severius
2009 1208 2282 1251 excutere.

2393 1200 2581 1269 εὐροίᾳ
2636 1201 3019 1271 διαλεγομένου
3088 1204 3443 1257 Ἀπολλωνίου
3501 1207 3763 1275 ἤκουσαν.
3840 1214 3964 1261 Δια·

706 1276 855 1329 Multi
874 1289 926 1330 et
943 1280 1157 1334 absurdi
1178 1296 1461 1337 sermones
1482 1285 1620 1337 inter
1644 1288 1877 1355 aequales
1913 1298 2281 1342 renascentur.

2394 1292 2688 1357 πραΰνων⁸
2725 1293 2782 1344 δὲ
2830 1293 2992 1344 αὐτὸν
3031 1296 3058 1345 ὁ
3095 1294 3411 1348 Θεσπεσίων
3435 1298 3475 1349 ⁸.
3542 1298 3773 1363 Λέγεται
3800 1301 3840 1330 ¹⁰
3865 1301 3966 1367 γὰρ

704 1370 930 1421 καὶτῶν
958 1374 1202 1439 Φραάτου
1238 1374 1411 1439 λόγων
1440 1376 1730 1445 ἀγάλματα
1760 1380 1866 1431 ἀπὸ
1907 1379 2079 1431 Ἰνδῶν
2134 1380 2306 1448 ἄγειν.
2342 1383 2445 1433 Τὸν
2500 1382 2607 1454 γάρ
2687 1384 2879 1454 καιρὸν
2930 1384 3121 1437 τοῦτον
3169 1388 3263 1438 καὶ
3328 1388 3376 1439 ol
3415 1388 3566 1439 Ἰνδοὶ
3620 1390 3754 1457 πρὸς
3808 1391 3965 1457 ἱεροῖς

704 1460 1026 1529 γίνονταιίί.
1065 1465 1346 1525 Ἔοικας¹²
1387 1465 1600 1529 εὔσιτος
1650 1465 1789 1521 εἷναι
1850 1470 1946 1522 καὶ
2004 1470 2174 1533 δεινὸς
2236 1475 2453 1540 φαγεῖν.
2514 1474 2574 1525 Εί
2628 1473 2799 1543 γάρ¹³
2822 1474 2891 1527 τὰ
2942 1475 3146 1528 παλαιά
3198 1478 3427 1546 νόμιμα,
3487 1478 3580 1531 καὶ
3610 1479 3961 1550 πολιώτεραῆ

702 1552 994 1615 γινώσκειν
1050 1556 1210 1619 αὐτὰ,
1265 1558 1479 1626 πικρῶς
1547 1560 1892 1628 ἐξετάζωμεν
1919 1600 1933 1622 ,
1988 1563 2170 1613 πολλοὶ
2205 1564 2298 1615 καὶ
2330 1564 2519 1616 ἄτοποι
2558 1564 2705 1631 λόγοι
2746 1565 3266 1633 ἀναφύσονταιίδ·¹⁸.
3311 1568 3608 1638 Ἰσηλίκων.

770 1646 903 1697 Cum
966 1644 1118 1700 Titus
1191 1647 1561 1718 Hierosolyma
1612 1653 1927 1718 evertisset,
1984 1662 2039 1707 et
2102 1655 2282 1708 omnia

2478 1657 2627 1709 Ἐπεὶ
2660 1658 2702 1687 ¹⁶
2747 1658 2803 1711 δὲ
2850 1658 3008 1719 Τίτος
3069 1661 3269 1727 ᾑρήκει
3333 1660 3403 1712 τὰ
3469 1659 3815 1729 Ἰεροσόλυμα
3874 1664 3965 1717 καὶ

703 1736 1031 1791 circumloca
1076 1739 1431 1794 cadaveribus
1485 1743 1777 1810 opplesset,
1815 1761 2080 1801 coronare
2131 1747 2278 1801 illum

2389 1748 2595 1816 νεκρῶν
2623 1749 2758 1800 πλέα
2784 1744 2853 1818 ἦν
2891 1750 3067 1802 πάντα
3093 1751 3239 1814 ⁸⁷,τά
3267 1753 3443 1821 ὅμορα
3486 1752 3609 1822 ἔθνη
3641 1754 3966 1821 ἐστεφάνουν

704 1826 984 1892 voluere,
1038 1836 1131 1883 sed
1204 1831 1292 1884 ille
1371 1832 1609 1900 seipsum
1690 1838 1898 1903 putavit
1976 1839 2275 1907 indignum.

2388 1837 2573 1888 αὐτόν.
2621 1838 2678 1887 ὐ
2706 1837 2763 1888 δὲ
2831 1838 2930 1888 οὐκ
2992 1838 3145 1907 ἠξίου
3210 1841 3401 1891 ἑαυτὸν
3459 1840 3686 1892 τούτου·
3724 1844 3803 1910 μὴ
3859 1843 3964 1912 γὰρ

703 1917 820 1972 Non
874 1922 1016 1973 enim
1058 1937 1117 1975 se
1152 1936 1273 1976 esse
1329 1925 1513 1977 talium
1568 1940 1790 1992 operum
1839 1940 2136 1993 auctorem,
2191 1931 2283 1984 sed

2387 1926 2547 1987 αὐτὸς
2568 1925 2740 1980 ταῦτα
2763 1927 3049 1995 εἰργάσθαι
3067 1928 3128 1992 ⁸⁸,
3162 1928 3281 1999 Θεῷ
3303 1930 3359 1981 δὲ
3382 1930 3550 2000 ὀργὴν
3584 1908 3812 1999 φήναντι
3846 1908 3962 1983 ml

704 2009 815 2063 Deo
860 2011 1195 2065 iracundiam
1252 2023 1442 2068 contra
1492 2016 1711 2072 Iudaeos
1774 2023 2096 2075 monstranti
2157 2038 2283 2075 snas

704 2116 897 2153 manus
948 2102 1283 2170 praebuisse:
1336 2106 1433 2158 hos
1480 2106 1616 2161 tales
1646 2120 1995 2164 accusatores
2032 2112 2282 2177 irrident,

703 2193 757 2246 in
798 2194 916 2247 illos
958 2195 1204 2249 stimulos
1247 2197 1442 2263 lingtne
1492 2215 1605 2252 sua:
1641 2203 1939 2257 vibrantes.
1971 2204 2052 2257 Ad
2086 2221 2285 2273 praece-

700 2293 885 2353 ptores
937 2300 996 2339 se
1038 2287 1286 2350 contulit,
1336 2290 1425 2356 qui
1480 2299 1713 2345 mentem
1766 2293 1908 2347 illius
1945 2305 1997 2347 et
2045 2296 2282 2365 linguam

701 2375 1039 2427 erndierant.
1109 2375 1378 2446 Magnum,
1448 2380 1645 2447 inquit,
1705 2384 2033 2435 mensarium
2084 2386 2279 2437 video:

702 2466 969 2520 infelicem
1009 2466 1224 2534 quidam
1259 2469 1414 2531 dixit,
1452 2471 1537 2523 cui
1570 2472 1701 2524 nihil
1743 2484 1825 2525 est
1868 2482 2062 2541 praeter
2088 2489 2279 2541 pauca,

703 2575 823 2627 qua:
853 2574 955 2611 non
990 2558 1260 2612 sufﬁciunt
1296 2561 1359 2612 ad
1403 2561 1620 2613 domum
1657 2565 2006 2630 pascendam.
2041 2564 2278 2617 Persua-

701 2655 792 2707 det
826 2655 1025 2706 homini
1071 2663 1126 2706 ut
1158 2655 1313 2707 daret
1362 2656 1461 2710 sibi
1506 2657 1673 2711 vicies
1710 2657 1875 2721 mille,
1916 2659 2281 2725 repositorum

701 2764 760 2801 se
788 2746 1048 2815 quinque.
1102 2748 1192 2802 Ille
1227 2763 1354 2801 vero
1404 2750 1720 2803 thesaurum
1756 2763 1969 2815 amans,
2004 2764 2281 2817 nunquam

700 2840 903 2893 donare
936 2839 1159 2894 omnino
1206 2840 1500 2903 recusavit,
1546 2840 1640 2893 sed
1686 2841 1893 2909 putavit
1920 2842 2183 2909 aequalem
2223 2855 2281 2894 se

701 2931 903 2983 habere
960 2939 1191 2997 partem,
1232 2939 1383 2983 tanto
1420 2946 1548 2983 vero
1586 2931 1877 2994 minorem,
1910 2942 2114 2999 quanto
2150 2933 2281 2985 duas

700 3020 972 3091 myriades
1014 3022 1064 3073 in
1103 3021 1348 3075 manibus
1382 3023 1730 3084 exsistentes,
1758 3022 1809 3076 in
1847 3037 1943 3075 sua
1981 3036 2100 3076 esse
2130 3034 2282 3089 pote-

699 3122 879 3166 state:
918 3128 1105 3178 agrum
1124 3127 1253 3167 vero
1277 3129 1371 3181 pro
1398 3114 1504 3167 illis
1540 3113 1590 3166 in
1612 3114 1798 3182 pruina
1821 3114 2025 3179 jacere,
2043 3122 2096 3168 et
2119 3130 2280 3184 gran-

700 3204 824 3257 dine
855 3215 907 3256 et
944 3204 1064 3255 aliis
1102 3204 1479 3267 incommodis,
1518 3220 1637 3271 quae
1670 3206 1877 3259 fruetus
1904 3216 2276 3274 corrumpunt.
2310 3232 2351 3287 α

770 3293 965 3363 33ίιὸ
994 3293 1337 3361 ιἸιὶιοεοριιίιι
1366 3296 1443 3348 sic
1486 3296 1697 3362 aliquos
1726 3305 2048 3359 commovet,
2085 3307 2143 3349 ut
2184 3298 2281 3350 ha-

701 3384 872 3437 bitum
920 3384 1259 3448 rejicientes,
1304 3385 1377 3437 illi
1416 3385 1634 3453 quidem
1688 3390 2051 3453 occurrerint,
2084 3390 2282 3443 relictis

702 3476 813 3529 suis
848 3478 913 3530 ad
938 3476 1283 3530 Occidentem
1314 3478 1379 3529 ad
1412 3477 1611 3542 Celtas,
1661 3478 1733 3532 illi
1767 3481 1819 3533 in
1847 3480 2062 3534 deserta
2092 3481 2283 3534 Africa:

700 3580 754 3623 et
788 3570 1054 3639 Scythize,
1087 3569 1247 3636 aliqui
1286 3570 1339 3621 in
1371 3585 1463 3624 eos
1497 3586 1776 3625 sermones
1826 3571 2151 3637 inciderunt,
2194 3574 2281 3642 qui

700 3662 765 3715 ad
785 3661 983 3729 ﬂagitia
1014 3663 1333 3715 accendunt.
1357 3660 1679 3715 Sedentibus
1728 3662 1848 3717 aliis
1907 3666 2007 3718 sub
2036 3664 2281 3732 platano,

698 3754 897 3807 cicadae
932 3754 983 3806 in
1032 3764 1191 3807 cantu
1242 3765 1419 3815 erant,
1448 3769 1569 3807 cum
1597 3769 1694 3807 ver
1722 3770 1814 3808 eas
1852 3756 1917 3808 ad
1954 3756 2281 3809 cantandum

701 3847 979 3899 incitaret.
1018 3842 1129 3897 Hac
1159 3846 1405 3899 oratione
1435 3845 1687 3899 Demetrii
1739 3856 2025 3915 superatus
2064 3846 2281 3900 Darnis:

700 3938 777 3991 Tu
812 3941 1050 4006 quidem,
1076 3939 1269 4004 inquit,
1307 3954 1429 3990 cum
1456 3938 1545 3989 hic
1567 3939 1683 3991 viro
1707 3938 1853 3992 adsis
1880 3940 2106 4001 amicus,
2141 3954 2285 3993 nunc

698 4040 843 4085 certe
869 4044 1120 4097 magnum
1153 4029 1223 4081 illi
1246 4029 1442 4080 bonum
1480 4028 1679 4082 videris
1711 4027 1921 4083 afferre.
1977 4029 2106 4094 Qua:
2139 4030 2282 4083 enim

700 4139 861 4193 parva
893 4124 1027 4175 ratio
1050 4122 1361 4181 haberetur.
1386 4120 1428 4172 si
1460 4121 1741 4183 suadeam,
1771 4136 1835 4173 ne
1869 4120 1919 4172 in
1953 4120 2282 4188 gladiosjam

699 4217 928 4270 nudatos
959 4216 1278 4274 incurreret,
1330 4226 1465 4264 neve
1497 4211 1549 4264 in
1584 4214 1925 4280 tyrannidem
1961 4220 2283 4279 ruerel,qua

604 4335 615 4346 -
699 4307 831 4361 nihil
877 4305 1165 4357 crudelius.
1209 4302 1348 4367 Quid
1390 4302 1454 4355 de
1494 4310 1545 4354 te
1598 4302 1997 4355 decernendum
2048 4303 2281 4356 nescio:

697 4398 903 4466 (judex)
923 4394 1146 4449 affectus
1159 4403 1241 4447 est
1268 4404 1518 4462 tanquam
1556 4392 1589 4445 ii
1620 4394 1711 4461 qui
1736 4395 2027 4447 decernere
2042 4394 2283 4461 capiunt,

697 4489 863 4542 veriti'
917 4502 983 4541 ne
1040 4502 1142 4538 non
1210 4500 1395 4537 verum
1455 4484 1714 4553 judicent,
1786 4494 1840 4541 et
1907 4500 2055 4539 reum
2108 4486 2285 4553 perdi-

2386 2016 2673 2069 δεδωκέναι
2712 2016 2811 2080 τὰς
2856 2016 3047 2071 ἐαυτοῦ
3110 2021 3316 2089 χεῖρας.
3371 2020 3509 2082 Τοὺς
3532 2021 3575 2052 ¹⁹
3598 2021 3654 2073 δέ
3686 2021 3963 2084 τοιούτους

2387 2107 2798 2161 ὑποϐλίττουσιν
2853 2110 2901 2160 oi
2962 2110 3316 2176 συκοφάνται,
3371 2110 3573 2180 κέντρα
3621 2113 3706 2162 ἐπ’
3764 2113 3962 2174 αὐτοὺς

2386 2198 2612 2266 ἠρμένοι
2642 2199 2737 2268 τὴν
2769 2199 3032 2267 γλῶτταν.
3072 2201 3164 2263 Εἰς
3186 2201 3527 2254 διδασκάλων
3560 2202 3833 2267 ἐϐάδιζεν,
3874 2203 3962 2271 ὑφ’

2385 2280 2459 2339 ὧν
2479 2290 2571 2340 καὶ
2593 2292 2625 2359 ἠ
2661 2291 2852 2360 γνώμη
2886 2291 3033 2359 αὐτῷ
3057 2294 3151 2345 καὶ
3174 2294 3206 2361 η
3240 2292 3455 2359 γλῶττα
3484 2294 3693 2362 ἴσχυσε.
3719 2295 3962 2345 Δεινόν¹⁸

2386 2383 2530 2448 ys",
2558 2382 2683 2451 ἔφη,
2722 2383 3094 2453 χρηματιστὴν
3122 2384 3253 2453 ὁρῶ.
3289 2386 3673 2453 Κακοδαίμονα
3716 2388 3814 2455 μὲν
3847 2387 3959 2449 οὖν,

2387 2469 2559 2536 εἶπεν,
2592 2469 2634 2540 ᾧ
2667 2491 2730 2541 γε
2761 2475 2907 2527 ἐστιν
2961 2476 3110 2528 οὐδὲν
3156 2476 3295 2546 πλὴν
3324 2478 3540 2544 ὀλίγων,
3580 2478 3613 2529 ἃ
3645 2479 3716 2546 μὴ
3742 2481 3959 2548 ἀποχρῇ

2388 2566 2603 2633 βόσκειν
2660 2566 2751 2617 τὸν
2788 2563 2957 2619 οἶκον.
2989 2567 3172 2619 Πείθει
3206 2571 3299 2621 τὸν
3344 2568 3628 2638 ἄνθρωπον
3666 2570 3963 2622 ἀποδόσθαι

2386 2658 2435 2709 oi.
2458 2658 2757 2726 δισμυρίων
2808 2658 3001 2721 αὑτὸν,²
3029 2657 3249 2727 εὕρημα
3286 2658 3658 2728 ποιησάμενον
3702 2661 3799 2721 τὰς
3833 2678 3964 2712 πεν-

2385 2749 2744 2816 τακισχιλίας.
2793 2749 2849 2802 Ὀ
2894 2750 2993 2818 μὲν
3042 2750 3107 2816 δὴ
3154 2751 3246 2801 τοῦ
3299 2748 3575 2820 θησαυροῦ
3631 2751 3771 2819 ἐρῶν
3812 2750 3965 2803 οὔπω

2387 2840 2555 2903 ξυνίει
2601 2843 2692 2892 τοῦ
2732 2840 2925 2907 δώρου,
2972 2839 3087 2891 ἀλλ’
3143 2838 3279 2907 ᾤετο
3322 2842 3413 2891 (aa.
3463 2840 3607 2908 ἔχειν
3647 2842 3892 2910 τοσούτῳ
3921 2842 3966 2894 δ’

2385 2934 2609 2996 ἐλάττω,
2640 2934 2748 3001 ὅσῳ
2776 2934 2875 2994 τὰς
2919 2935 3015 3001 μὲν
3042 2932 3334 3002 δισμυρίας
3356 2935 3415 2985 ἐν
3436 2936 3555 2994 ταῖς
3586 2934 3774 3003 χερσὶν
3800 2934 3966 2998 οὔσας

2384 3026 2466 3092 ἐφ’
2502 3024 2679 3093 ἐαυτῷ
2730 3019 2871 3075 εἶναι
2932 3023 3019 3087 ἂν,
3069 3024 3160 3076 τὸν
3182 3024 3225 3075 δ’
3246 3024 3360 3077 ἀντ’
3418 3025 3599 3078 αὐτῶν
3643 3026 3814 3094 ἀγρὸν
3874 3028 3969 3078 ἐπὶ

2384 3114 2617 3183 πάχναις
2674 3113 2950 3183 κείσεσθρι
3008 3114 3102 3166 καὶ
3128 3115 3394 3183 χαλάζαις
3448 3117 3682 3177 καὶτοῖς
3728 3116 3971 3178 ἄλλοιςᾶ

2384 3207 2510 3267 τοὺς
2567 3207 2814 3273 καρποὺς
2866 3206 3099 3275 φθείρει.

2443 3298 2733 3367 Φιλοσοφία
2758 3300 2804 3329 ¹¹
2831 3298 2887 3349 δὲ
2918 3296 3061 3349 οὓτω
3094 3314 3145 3350 τι
3204 3298 3455 3368 ἔπτηξεν,
3479 3298 3555 3361 ὡς
3601 3298 3969 3361 ἀποῦαλόντες

2384 3391 2444 3442 τὸ
2484 3391 2670 3459 σχῆμα
2722 3391 2771 3441 οί
2820 3390 2919 3459 μὲν
2973 3390 3274 3458 ἀποδρᾶναι
3329 3388 3480 3457 σφῶν
3514 3391 3571 3451 ἐς
3618 3390 3716 3459 τὴν
3748 3390 3971 3443 Κελτῶν

2387 3482 2644 3551 ἑσπέραν,
2665 3481 2769 3533 οίδ’
2790 3484 2847 3543 ἐς
2868 3481 2935 3533 τὰ
2951 3480 3134 3551 ἔρημα
3154 3480 3354 3549 Λιϐύης
3372 3497 3429 3532 τε
3453 3482 3546 3533 καλ⁸
3566 3481 3820 3546 Σκυθίας,
3838 3481 3973 3534 ἔνιοι

2386 3575 2439 3626 δὲ
2461 3576 2539 3635 είς
2557 3575 2745 3641 λόγους
2766 3573 3129 3641 ἀπενεχθῆναι
3155 3572 3489 3641 συμϐούλους
3511 3572 3619 3625 τῶν
3633 3574 3857 3641 άμαρτη
3868 3575 3973 3641 μά-

2386 3686 2493 3718 των
2512 3668 2577 3719 ".
2599 3666 2917 3737 Ὶξησάντων
2936 3666 2983 3695 ⁸⁸
3011 3664 3065 3715 δέ
3088 3663 3193 3715 ὑπὸ
3223 3664 3478 3731 πλατάνῳ
3494 3665 3541 3715 oi
3572 3662 3669 3732 μέν
3687 3663 3971 3729 τέττιγγες

2389 3760 2445 3809 ἐν
2466 3758 2627 3829 ᾠδαῖς
2648 3753 2810 3825 ἦσαν,
2826 3754 3241 3823 ὑποψαλλούσης
3262 3754 3444 3814 αὐτοῖς
3464 3754 3561 3823 τῆς
3588 3754 3753 3824 ὧρας.
3772 3755 3972 3824 Ἠττη-

2388 3849 2498 3911 θεὶς
2516 3849 2560 3880 ’⁸
2590 3848 2645 3899 δέ
2670 3849 2698 3899 δ
2735 3847 2906 3914 Δάμις
2937 3845 3044 3897 τῶν
3073 3845 3165 3896 τοῦ
3186 3846 3499 3913 Δημητρίου
3528 3845 3721 3910 λόγων,
3742 3844 3884 3896 ἀλλὰ
3908 3844 3972 3897 σύ

2387 3958 2448 4006 γε
2464 3940 2588 4006 ἔφη,
2611 3939 2762 4006 φίλος
2778 3938 2932 4006 ἀνδρὶ
2950 3935 3136 4004 παρὼν
3152 3936 3281 4006 [545
3302 3935 3341 3988 ll
3410 3938 3585 4003 γένοιο
3607 3936 3673 3988 ἂν
3696 3935 3903 4002 ἀγαθόν
3920 3952 3973 3989 τι

2386 4030 2558 4099 τούτῳ
2611 4030 2751 4099 μέγα
2803 4027 2937 4096 ἐμοῦ
2970 4028 3078 4096 γὰρ
3104 4028 3335 4097 σμικρὸς
3360 4028 3534 4092 λόγος,
3556 4029 3603 4078 εί
3632 4026 3973 4094 συμϐουλεύ-

2387 4138 2502 4189 οιμι
2558 4120 2706 4189 αὑτῷ
2740 4119 2813 4189 μὴ
2862 4119 3124 4188 κυ6ιστᾷν
3178 4118 3264 4170 ἐπ’
3287 4118 3422 4187 όρθά
3479 4118 3605 4186 ξίφη
3637 4119 3760 4187 μηδ’
3796 4119 3972 4187 ἀναῤ-

2392 4213 2602 4281 ρίπτειν
2654 4210 2791 4278 πρὸς
2847 4208 3159 4277 τυραννίδα,
3201 4203 3271 4277 ἧς
3298 4207 3450 4260 οὔπω
3498 4208 3879 4277 χαλεπωτέρα.
3905 4210 3975 4261 '0

2387 4302 2498 4352 τι¹⁶
2527 4300 2750 4369 μὲνγὰρ
2790 4300 3073 4367 ψηφιεῖται
3098 4300 3190 4353 ἐπὶ
3249 4302 3355 4363 σοὶ,
3382 4301 3481 4353 οὐκ
3513 4297 3628 4353 οἶδα
3652 4317 3665 4330 ·
3700 4302 3975 4354 διάκειται

2387 4393 2443 4445 δὲ
2486 4394 2673 4461 ῶσπερ
2718 4393 2767 4443 οἱ
2829 4390 3320 4461 καταψηφίσασθαι
3388 4394 3487 4461 μὲν
3536 4392 3975 4461 ἐπιθυμοῦντες,

2390 4486 2767 4554 αίσχυνόμενοι
2821 4483 2877 4536 δὲ
2926 4485 2985 4535 τὸ
3024 4485 3097 4552 μὴ
3129 4484 3217 4536 ἐπ’
3237 4484 3481 4552 ἀληθέσι,
3544 4484 3638 4536 καὶ
3696 4484 3977 4551 πρόφασιν

698 4582 858 4634 tionis
889 4581 1127 4647 ipsorum
1162 4576 1287 4629 facit
1310 4584 1382 4629 te.
1414 4574 1540 4628 Vult
1578 4578 1720 4629 enim
1749 4592 1866 4645 quae
1896 4592 1999 4630 non
2057 4576 2283 4641 decent;

2392 4579 2665 4639 ἀπωλείας
2718 4577 2995 4630 ὑπάτων¹⁷
3025 4576 3231 4647 ἀνδρῶν
3292 4575 3525 4629 ποιεῖταί
3574 4592 3654 4628 σε.
3710 4576 3977 4629 Βούλεται

696 4672 937 4727 facienda
986 4686 1112 4723 vero
1142 4668 1378 4735 dirigens
1412 4669 1477 4721 ad
1505 4668 1643 4738 juris
1668 4670 2013 4722 sententiam.
2044 4667 2159 4722 Non
2198 4684 2289 4733 ευ,

694 4765 859 4819 dienti
882 4764 1077 4818 similis
1120 4762 1424 4817 disserebat
1454 4776 1574 4814 cum
1625 4760 1850 4815 Damide
1906 4776 2067 4829 supra
2101 4760 2242 4815 delta
2268 4803 2283 4827 ,

695 4856 786 4909 ubi
806 4854 979 4906 Nilum
1004 4856 1153 4907 aiunt
1178 4849 1773 4918 dividi.;Verumtamen
1795 4851 1880 4904 hic
1901 4850 2118 4919 quidem
2149 4851 2288 4903 divi-

695 4948 796 5000 tias
834 4945 1007 4999 valide
1039 4944 1365 5007 munientes,
1398 4951 1451 4997 et
1486 4951 1590 4995 tam
1614 4942 1900 5010 diligenter
1923 4942 2084 4996 veluti
2129 4957 2283 4996 muro

693 5038 989 5107 cingentes,
1036 5037 1101 5090 de
1125 5037 1230 5089 illis
1277 5050 1419 5088 nunc
1442 5033 1994 5102 periclitamurdomi,
2020 5033 2278 5102 placenta:

690 5136 857 5181 coctae
918 5137 1064 5181 sunt.
1104 5127 1225 5181 Istri
1252 5127 1396 5181 enim
1423 5126 1541 5180 illos
1566 5134 1622 5181 et
1675 5124 1946 5179 Danaides
1983 5126 2277 5179 terminant

690 5218 833 5273 ﬂuvii
866 5231 971 5273 non
996 5216 1183 5271 faciles
1222 5218 1289 5272 ad
1330 5216 1858 5284 transgrediendum.
1898 5216 2099 5271 Omnes
2118 5216 2282 5285 Apol—

2395 4667 2493 4736 μὲν
2520 4668 2629 4735 γὰρ
2648 4668 2681 4721 ἃ
2715 4668 2791 4737 μὴ
2810 4667 2908 4732 δεῖ,
2936 4668 3168 4737 πράττει
3185 4667 3230 4699 ’⁸
3252 4667 3309 4719 δέ
3342 4666 3481 4719 αὐτὸ.
3506 4667 3785 4735 καταρρυθ
3797 4666 3979 4734 μίζων

2390 4762 2469 4821 είς
2501 4760 2617 4828 ξτὴν
2646 4760 2740 4813 τοῦ
2788 4760 2997 4812 δικαίου
3034 4759 3211 4829 δόξαν.
3244 4759 3438 4826 Ἔλεγε
3460 4760 3503 4791 ⁸⁸
3531 4759 3575 4810 δ’
3597 4759 3736 4809 αὐτὰ
3782 4757 3978 4825 μασώ-

2394 4852 2551 4921 μενός
2570 4852 2615 4881 ”
2641 4868 2699 4903 τε
2721 4852 2815 4903 καὶ
2858 4850 3153 4919 ξυγγελῶν.
3196 4851 3257 4904 '0
3286 4850 3342 4903 δὲ
3366 4851 3465 4902 οὐκ
3495 4849 3753 4918 ἀκηκοότι
3790 4850 3980 4917 ὅμοιος

2388 4943 2655 5012 διελέγετο
2704 4944 2839 5013 πρὸς
2903 4944 2995 4997 τὸν
3038 4944 3212 5012 Δάμιν
3269 4942 3411 5015 ὑπὲρ
3443 4941 3537 4995 τοῦ
3566 4942 3760 5008 Δέλτα,
3790 4944 3924 5012 περὶ
3949 4944 3981 4998 ὅ

2389 5053 2523 5104 φασι
2565 5036 2656 5088 τὸν
2710 5036 2902 5088 Νεῖλον
2948 5034 3252 5105 σχίζεσθαι.
3294 5034 3437 5086 Ἀλλ’
3480 5035 3649 5103 ὅμως,
3690 5032 3840 5087 οὕτω
3876 5035 3983 5102 μὲν

2388 5129 2813 5197 χαρακώσαντες
2869 5126 2962 5179 τδν
3016 5124 3265 5189 πλοῦτον,
3330 5126 3473 5179 οὕτω
3524 5126 3581 5177 δέ
3610 5125 3653 5155 ’ί
3712 5126 3984 5193 ἀσφαλῶς

2389 5218 2789 5286 τειχισάμεσοι,
2844 5215 3225 5285 κινδυνεύομεν
3266 5217 3397 5285 περὶ
3455 5213 3662 5285 αὐτῷ³¹
3720 5214 3839 5268 νῦν.
3883 5218 3985 5267 0i-

2057 5306 2286 5361 VARUE
2321 5306 2724 5364 LECTIONES.

748 5399 769 5429 ⁸
795 5403 955 5473 ἀλλά]
988 5420 1039 5473 p.
1071 5402 1197 5458 2‘8.
1241 5410 1262 5441 ⁸
1302 5399 1657 5474 Ἀπολλώνιος
1682 5417 1827 5474 corr.
1857 5402 1920 5454 Α.
1973 5402 2000 5474 ’⁷
2032 5402 2340 5474 φαίνεσθαι]
2368 5420 2441 5465 vt,
2478 5404 2562 5456 ιε.
2618 5404 2640 5434 ⁸
2668 5402 2884 5472 διαπρ.Ι
2918 5418 2992 5461 vt.
3026 5402 3114 5474 Ιῒξ.
3193 5401 3213 5432 ⁹
3235 5399 3598 5474 νρεσπίωνίΑη
3648 5398 3692 5429 ⁸⁸
3719 5382 3980 5474 λέγεται]

698 5492 769 5537 vI,
804 5475 892 5528 H.
947 5469 1003 5505 ’ίί
1034 5476 1169 5543 πρὸς
1188 5476 1352 5543 ἱεροῖς
1376 5469 1637 5543 γίνονται]
1659 5472 1738 5543 ῶς
1770 5474 1905 5543 ίερον⁸
1927 5472 2295 5538 γίνονταιΑΒε
2323 5469 2464 5542 πρὸς
2496 5474 2661 5543 ἱερεῖς
2687 5490 2746 5535 ς.

2130 5544 2172 5573 ⁸⁸
2202 5544 2487 5611 εἴργασται
2516 5560 2575 5604 ς.

701 5548 923 5613 φύονται
955 5545 1019 5613 A._
1082 5540 1139 5577 ’⁸⁸
1167 5540 1311 5613 ἐπεὶ]
1342 5558 1417 5613 vt,
1450 5541 1538 5613 2E).
1573 5610 1583 5613 _
1622 5540 1677 5571 7”
1710 5542 1926 5613 πάντων
1958 5542 2023 5613 A.

702 5607 811 5681 γὰρ
860 5614 947 5666 ΑΒ
1010 5607 1066 5647 ἠ
1099 5607 1388 5680 φιλοσοφία

1488 5610 1535 5689 ’ξ
1562 5610 1975 5689 ἁμαρτημάτων
2003 5611 2125 5689 (vti,
2156 5613 2209 5680 ι)
2244 5610 2353 5689 om.
2384 5612 2459 5689 B._
2521 5613 2567 5645 "
2606 5611 2785 5689 ίζησνι
2817 5610 2909 5689 vti,
2941 5614 3033 5689 _f_l.
3097 5680 3112 5689 _
3140 5616 3185 5647 ”

2822 5469 3100 5543 η’ἐοικας]
3121 5488 3193 5533 vr,
3224 5471 3308 5525 15.
3388 5472 3431 5502 ¹³
3462 5473 3512 5523 ιι
3534 5469 3644 5537 γὰρ
3721 5470 3846 5507 ¹⁴-¹⁸
3875 5476 3981 5523 ἀνα

2822 5542 2887 5611 ig]
2917 5560 2985 5597 vr.
3016 5542 3104 5597 56.
3207 5542 3250 5573 ³⁸
3278 5539 3473 5611 δεινόν]
3503 5557 3577 5603 v1.
3604 5539 3691 5595 59.
3794 5540 3847 5611 ’ξ
3885 5537 3981 5611 γε]

3241 5610 3387 5679 hct.)
3416 5610 3512 5670 vit.
3551 5612 3639 5665 15.

3794 5540 3837 5569 II
3885 5556 3950 5605 γε

3794 5540 3837 5569 ιι
3885 5556 3950 5605 γε

3748 5612 3796 5645 ⁸⁸
3823 5608 3852 5660 ὃ
3898 5537 3981 5680 tt]

2674 5543 2715 5574 "
2740 5542 2887 5613 τοὺς]
2917 5560 2985 5597 vr.
3016 5542 3104 5597 36.

706 5665 816 5754 in,
840 5665 934 5754 18;
961 5752 968 5754 Α
1001 5685 1044 5717 ⁸⁷
1073 5665 1400 5754 ὑπάτων-’ὓς
1432 5677 1524 5754 ύπ⁹
1554 5665 1735 5734 αύτῶν
1906 5680 1950 5713 ⁸³
1980 5665 2209 5736 πράττεὶ
2241 5682 2285 5735 Δ
2306 5665 2326 5735 :7
2356 5665 2699 5754 πράττεσθαί
2724 5665 2785 5746 τί
2864 5665 2909 5715 ’ί
2938 5680 3113 5753 ἔλεγε]
3148 5665 3387 5749 τιι,’21.’
3446 5682 3490 5716 ³⁸
3524 5679 3886 5749 μασσώμενος
3912 5665 3982 5742 ςῖ

1179 5750 1224 5785 ³⁸
1247 5751 1409 5805 αὐτὸν
1446 5749 1505 5803 Β.

703 5754 748 5791 ³⁸
775 5752 832 5805 δὲ
868 5752 993 5808 add.
1019 5754 1086 5809 Α.
