4206 6436
804 363 936 427 1251

801 564 1023 626 bitrati;
1062 564 1198 616 hanc
1229 576 1355 614 vero
1398 563 1672 617 immensis
1707 567 1957 631 perennis
2006 572 2127 622 vitae
2180 571 2365 624 rivulis

803 655 939 705 illius
977 653 1230 704 fabricam
1282 652 1513 718 irrigare
1555 667 1616 705 ac
1654 656 1922 720 saginare.
1951 655 2127 709 Exhis
2157 668 2368 711 constat

800 743 1140 801 Theocrasia,
1176 745 1274 794 hoc
1321 752 1405 795 est
1438 743 1615 794 divina
1652 745 1992 812 temperatio,
2047 757 2141 799 aut
2193 748 2366 815 potius

799 835 1033 903 perfecta
1064 836 1188 885 nnio
1215 841 1315 893 est,
1359 832 1562 886 reditus
1605 835 1905 886 animarum
1949 847 2254 890 nostrarum
2298 839 2362 892 ad

800 927 961 982 Deum
990 939 1342 982 reversarum,
1377 933 1431 975 et
1458 939 1487 975 e
1533 925 1695 976 multa
1733 927 2082 979 distractione
2113 929 2163 980 in
2203 944 2363 982 unum

797 1020 1014 1071 collecta
1026 1033 1163 1072 I‘Iltll,
1181 1016 1384 1068 Etenim
1407 1031 1508 1069 non
1526 1017 1591 1068 de
1613 1017 1885 1070 avulsione
1907 1018 2203 1072 luculenter
2222 1022 2362 1082 dico,

796 1126 898 1176 qua
951 1110 1052 1161 huc
1080 1109 1323 1160 demissa:
1380 1117 1434 1159 et
1463 1115 1736 1159 terrenum
1771 1109 1967 1160 indum
1998 1123 2213 1176 corpus,
2251 1127 2279 1163 a
2311 1129 2366 1162 se

797 1201 1024 1252 invicem
1059 1199 1156 1250 ilbe
1209 1196 1427 1250 divulsa:
1473 1207 1619 1260 sunt,
1662 1206 1715 1250 et
1744 1212 1928 1250 revera
1962 1213 1992 1250 a
2034 1197 2280 1264 furiosis,
2313 1211 2365 1253 et

795 1289 986 1357 335i)
1007 1305 1036 1339 a
1058 1288 1286 1340 terrenis
1307 1285 1585 1339 aﬂ‘ectibns
1606 1301 1700 1353 per
1727 1287 1978 1338 mundum
1998 1302 2196 1355 sparsa:
2217 1300 2363 1353 sunt,

794 1387 882 1446 qui
918 1395 1016 1432 non
1040 1381 1193 1431 modo
1234 1394 1354 1431 cum
1392 1376 1652 1446 Typhone
1673 1380 2040 1445 comparandi,
2076 1382 2168 1432 sed
2192 1382 2365 1433 adhuc

797 1472 981 1532 multo,
1038 1482 1093 1521 ut
1137 1481 1286 1535 puto,
1332 1469 1755 1534 perturbatiores
1799 1482 1942 1525 sunt.
1981 1471 2176 1525 Verum
2211 1476 2364 1542 cujus

791 1563 960 1629 gratia
995 1566 1103 1613 lucc
1129 1562 1342 1613 omnia?
1364 1559 1481 1612 Jam
1515 1571 1724 1627 tempus
1744 1562 2053 1630 adjungere,
2086 1574 2138 1617 et
2171 1567 2360 1619 iterum

794 1652 1158 1703 narrationem
1199 1659 1347 1703 extra
1375 1662 1751 1712 argumentum
1783 1653 2172 1717 exspatiantem
2207 1666 2360 1704 revo-

791 1757 957 1794 care:
988 1754 1040 1793 et
1067 1741 1409 1808 conjungitur
1441 1741 1528 1792 illa
1555 1757 1586 1793 e
1616 1743 1860 1794 terrestri
1890 1742 1988 1793 hac
2020 1742 2125 1794 vita
2160 1744 2223 1793 ad
2252 1755 2361 1794 ca:-

792 1834 974 1886 lestem
995 1834 1139 1884 illum
1168 1832 1422 1884 fornicem
1449 1831 1799 1883 avolans.Sed
1829 1833 2006 1882 statim
2035 1832 2153 1898 quis
2171 1833 2363 1884 existi-

790 1933 959 1974 maret
989 1937 1048 1975 ea
1100 1937 1217 1989 qua:
1246 1922 1382 1972 dicta
1444 1932 1584 1981 sunt,
1617 1921 1993 1972 beatitudinem
2055 1935 2269 1974 sonare.
2308 1921 2363 1974 In

789 2025 1034 2080 promptu
1059 2024 1139 2063 est
1164 2015 1494 2077 interrogare
1518 2031 1529 2063 :
1555 2010 1726 2068 Unde.
1748 2025 1780 2062 o
1812 2013 2001 2074 amice,
2023 2012 2361 2065 manifestum

787 2115 890 2162 est.
950 2105 1093 2157 dicat
1121 2102 1333 2170 aliquis,
1407 2112 1552 2153 tuum
1646 2103 1793 2154 liillm
1849 2103 2224 2170 philosophum
2297 2106 2363 2156 ab

788 2196 886 2248 hac
933 2195 1084 2247 turba
1141 2195 1438 2246 animarum
1489 2203 1666 2245 ortum
1727 2194 1984 2245 duxisse?
2038 2194 2145 2261 Ego
2185 2205 2360 2247 autem

785 2286 852 2339 ad
913 2285 996 2336 illa
1067 2299 1170 2336 non
1220 2282 1567 2344 decertando,
1635 2297 1781 2334 more
1851 2282 2198 2349 judiciorum,
2268 2282 2358 2335 sed

787 2378 968 2429 mitius
1076 2376 1441 2442 reSpondebo,
1527 2389 1702 2440 neque
1795 2374 2206 2436 contendendo,
2301 2383 2359 2426 ut

786 2468 858 2520 sit
939 2468 988 2518 in
1079 2466 1468 2533 disputatione,
1565 2464 1651 2516 ubi
1735 2464 1999 2516 acerrime
2082 2472 2354 2530 certatur,

784 2559 877 2611 sed
911 2567 966 2609 ut
1002 2557 1144 2618 leges
1179 2567 1299 2609 sunt
1344 2570 1552 2616 eorum,
1587 2554 1674 2620 qui
1723 2553 1866 2606 Vitas
1905 2555 2252 2615 describunt,
2296 2570 2355 2608 ea

784 2651 895 2702 sola
940 2664 1058 2715 quae
1108 2662 1229 2699 vera
1275 2660 1398 2698 esse
1451 2647 1636 2708 credo,
1683 2647 2008 2712 producens,
2058 2660 2285 2712 qumque
2329 2660 2355 2697 a

784 2747 1114 2807 praeceptore
1162 2736 1364 2789 audivi.
1426 2736 1659 2788 Severus
1721 2737 2014 2802 imperator
2084 2737 2357 2790 Romanus

785 2830 905 2891 fuit,
939 2829 1414 2894 Romanorumque
1456 2838 1610 2892 pater
1641 2827 1774 2894 legis
1808 2827 2139 2894 prmscripto.
2174 2828 2272 2892 Qui
2305 2841 2356 2882 et

781 2920 1008 2984 lapidem
1064 2934 1120 2970 se
1174 2918 1250 2969 ait
1298 2919 1515 2980 vidisse,
1574 2917 1622 2968 in
1679 2932 1784 2984 quo
1828 2919 2137 2970 continetur
2186 2921 2354 2986 figura

782 3009 920 3060 lunre
945 3011 1094 3060 vario
1128 3008 1286 3060 modo
1312 3017 1532 3058 nmtatm
1555 3021 1619 3058 ex
1651 3009 1756 3060 alio
1788 3008 1840 3060 in
1876 3007 2042 3070 aliud,
2075 3017 2128 3062 et
2163 3018 2352 3064 contra

1896 368 2152 430 PIIO’I‘II
2192 374 2696 440 PATRIARCIIrE
2740 384 2846 444 CP.

801 479 949 536 dere.
976 483 1030 529 et
1060 474 1266 542 figuris,
1301 473 1644 542 numerisque
1675 478 1956 531 materiam
1990 483 2255 534 adornare
2285 500 2335 535 ar

2477 489 2708 553 μάλιστά
2763 510 2925 562 φησιν
2977 494 3020 526 ⁸⁸
3079 497 3293 565 Ὄσιρίν
3345 516 3405 550 τε
3447 500 3539 554 καὶ

3923 397 4056 463 1252

3587 497 3746 569 Ἶσιν,
3799 507 3902 558 τὸν
3964 512 4057 574 μὲν

2471 580 2679 632 ἅπαντα
2708 583 3058 653 δημιουργεῖν
3092 589 3404 656 νομίζοντες
3430 632 3442 650 .
3468 593 3631 645 εῖδεσί
3678 612 3737 646 τε
3798 597 3900 647 καὶ
3941 599 4056 664 ἀριο

2469 669 2622 738 θμοῖς
2671 675 2768 740 τὴν
2812 674 2945 744 ὓλην
2978 678 3399 747 διακοσμοῦντα,
3434 683 3532 751 τὴν
3557 685 3614 736 δὲ
3670 688 4054 754 κατάρδουσάν

2469 776 2526 810 τε
2582 763 2674 813 καὶ
2731 768 3050 820 πιαίνουσαν
3093 770 3189 837 τὴν
3243 772 3431 823 τούτου
3461 774 3818 842 δημιουργίαν
3856 781 4054 828 ἀενάου

2468 848 2614 916 ζωῆς
2659 851 2703 880 “
2736 853 2944 921 ὀχετοῖς
2989 857 3337 925 ἀμετρήτοις.
3406 860 3500 911 Ἐκ
3530 861 3730 928 τρίτων
3783 865 3912 913 ἀντὶ
3963 865 4052 912 τοῦ

2467 939 2927 1006 τρίτον.Καὶτοῦτ
2947 945 3040 997 ’ἂν
3066 947 3150 1015 εῐη
3183 946 3497 1017 θεοκρασία,
3534 950 3732 1018 μᾶλλον
3764 953 3819 1004 δὲ
3857 955 4051 1009 Emam:

2467 1031 2755 1098 παντελὴς,
2793 1035 3049 1097 ἐπάνοδος
3101 1038 3209 1088 τῶν
3246 1041 3527 1108 ἡμετέρων
3578 1042 3764 1108 ψυχῶν
3821 1046 3965 1110 προς
3995 1045 4051 1092 τὸ

2467 1120 2620 1170 (θεῖον
2674 1123 3150 1192 ἐπιστρεφομένων
3202 1130 3296 1180 καὶ
3371 1131 3878 1198 συναθροιζομένων
3945 1134 4048 1182 ἀπὸ

2469 1208 2571 1260 τοῦ
2602 1211 2798 1264 πολλοῦ
2825 1215 3092 1284 μερισμοῦ
3120 1218 3213 1270 καὶ
3250 1217 3300 1270 τί
3323 1219 3430 1288 γὰρ
3454 1221 3513 1271 οὐ
3541 1221 3686 1287 λέγω
3713 1221 4046 1290 σπαραγμοῦ

2465 1302 2778 1374 διαρρήδην,
2805 1307 2862 1359 ὃν
2893 1310 3126 1364 ἐνταῦθα
3160 1315 3373 1382 ρυεῖσαι
3403 1315 3496 1365 καὶ
3530 1315 3693 1381 σῶμα
3736 1318 3929 1384 γήϊνον
3959 1316 4049 1367 λα-

2467 1393 2659 1447 ῦοῦσαι
2682 1397 3085 1465 διεσπάσθησαν
3139 1402 3306 1454 αὐταί⁵
3353 1403 3446 1469 ἀφ’
3502 1401 3730 1470 ἑαυτῶν,
3767 1407 3865 1456 καὶ
3919 1407 4048 1454 πολι

2465 1481 2600 1552 λαχῇ
2629 1488 2993 1557 διῳκίσθησαν
3050 1490 3154 1542 ὑπὸ
3174 1492 3217 1522 ⁸⁸
3272 1493 3381 1544 τῶν
3423 1490 3746 1560 Τυφωνείων
3805 1494 3886 1562 τῷ
3936 1497 4045 1546 bim

2465 1575 2559 1625 καὶ
2584 1575 2754 1637 ἄλλως
2790 1580 3036 1646 γηγενῶν
3071 1581 3431 1649 παθημάτων,
3458 1584 3626 1634 ὀντων
3674 1601 3736 1649 γε
3781 1586 3844 1635 οὐ
3908 1588 4045 1636 κατά

2467 1666 2557 1714 τδν
2591 1666 2827 1734 Τυφῶνα
2861 1669 3040 1736 μόνον,
3069 1672 3180 1722 ἀλλ’
3210 1672 3291 1723 ἐτι
3318 1668 3471 1740 οἶμαι
3523 1674 3615 1724 καὶ
3646 1675 3840 1725 τούτου
3877 1676 4042 1726 πολυ-

2467 1755 2845 1825 πλοκωτέρων.
2877 1759 3015 1811 Ἀλλ’
3043 1753 3103 1812 οῦ
3127 1761 3189 1830 δὴ
3237 1761 3401 1814 ἕνεκα
3433 1763 3523 1814 τὸν
3555 1761 3712 1829 λόγον
3765 1765 4044 1820 arcana“

2466 1846 2652 1897 τοῦτον
2707 1849 3030 1918 ἠγείραμεν,
3080 1852 3266 1925 καιρὸς
3323 1853 3389 1906 ἂν
3444 1853 3526 1923 εῐη
3583 1856 4040 1922 προσαποδοῦναι,

2466 1939 2556 1987 καὶ
2587 1937 2700 2004 ἅμα
2725 1941 3164 1994 ἀνακαλέσασθαι
3212 1944 3309 2012 τὴν
3355 1945 3604 2013 διήγησιν
3634 1946 3738 2008 ἔξω
3803 1949 4042 2017 φερομέο

2465 2045 2562 2095 νην
2591 2029 2689 2096 τῆς
2717 2031 3039 2094 ὑποθέσεως.
3066 2033 3175 2085 Καὶ
3203 2034 3381 2102 ἔχεται
3425 2034 3560 2103 αῦτη
3592 2042 3919 2091 καταπτᾶσα
3948 2042 4042 2106 τῆς

2464 2117 2718 2183 οὐρανίας
2748 2119 2932 2186 ἁψῖδος
2962 2121 3054 2172 τοῦ
3070 2121 3281 2189 χθονίου
3315 2123 3431 2190 βίου
3450 2124 3492 2153 ³⁷
3522 2124 3679 2176 Ἀλλά
3706 2127 3845 2193 τάχα
3878 2130 3941 2179 ἄν
3962 2144 4042 2189 τις

2463 2211 2724 2263 ὑπολάϐοι
2781 2214 2842 2265 τὺ
2901 2214 3187 2284 λεγόμενον
3239 2217 3386 2286 ᾄδειν
3441 2218 3734 2287 μακαρίας,
3785 2221 4044 2290 Ἐτοιμον

2463 2302 2569 2370 γὰρ
2605 2306 2681 2364 είς
2721 2303 3016 2373 ἐρώτησιν·
3060 2308 3243 2369 πόθεν,
3275 2303 3319 2360 ὦ
3352 2313 3552 2380 ἑταῖρε,
3583 2312 3760 2379 δῆλον,
3797 2315 3941 2364 εἴποι
3961 2329 4042 2375 τις

2464 2393 2548 2454 ἂν,
2575 2394 2655 2445 ὅτι
2679 2395 2808 2456 ὁσὸς
2843 2397 3127 2463 φιλόσοφος
3158 2400 3265 2450 ἀπὸ
3295 2401 3446 2453 τοῦδε
3479 2403 3572 2453 τοῦ
3600 2401 3787 2464 ἔθνους
3817 2403 4044 2474 ὥρμητο

2459 2484 2567 2535 τῶν
2599 2486 2819 2553 ψυχώνς
2849 2489 2957 2554 ἐγὼ
2996 2489 3050 2541 δὲ
3092 2492 3226 2560 πρὸς
3279 2492 3448 2544 ταῦτα
3490 2495 3893 2564 ἀποκρινοῦμαι
3926 2495 4041 2549 οὔτι

2459 2593 2521 2641 γε
2559 2578 2878 2644 μαχητικῶς
2943 2579 3130 2647 ὥσπερ
3169 2584 3225 2632 ἐν
3255 2582 3606 2653 δικαστηρίῳ,
3642 2585 3776 2638 ἀλλὰ
3807 2588 4042 2656 πραότε-

2462 2684 2570 2732 ρον,
2609 2668 2726 2718 οὐδὲ
2761 2686 2822 2734 γε
2843 2669 2930 2721 διὰ
2969 2671 3200 2739 σπουδῆς
3231 2673 3348 2735 οἵας
3395 2677 3452 2726 ὲν
3493 2675 3754 2742 διαλέκτῳ
3805 2679 3944 2745 πρὸς
3983 2677 4042 2729 τὸ

2459 2757 2848 2824 ἀκριϐέστατον
2914 2761 3319 2827 ἀμιλλωμένης,
3357 2761 3611 2834 [1029Β.]
3657 2761 3900 2817 Ἀ>.λόἷα
3944 2769 4041 2835 μέ-

2458 2866 2560 2912 τρα
2591 2847 2934 2916 βιογραφίας,
2973 2852 3108 2903 αὐτὰ.
3144 2853 3296 2918 μόνα,
3334 2854 3477 2922 ἆπερ
3529 2855 3703 2922 ἀληθῆ
3773 2852 3917 2908 εἶναι
3950 2875 4040 2907 πι-

2462 2939 2631 2990 στεύω
2660 2940 2752 2990 καὶ
2779 2940 2870 2990 τοῦ
2902 2941 3032 3008 ἐμοῦ
3072 2944 3443 3010 καθηγεμόνος
3485 2945 3719 3012 ἀκήκοα,
3761 2948 4038 3015 προφέροι

2460 3046 2617 3095 μενος
2651 3031 2714 3082 ⁸⁸.
2767 3025 2873 3084 Ἦν
2893 3031 2937 3081 δ’
2962 3033 2988 3084 ὁ
3036 3033 3274 3103 Σεὸἧρος
3328 3035 3592 3103 Ῥωμαῖος
3622 3038 3716 3088 καὶ
3752 3036 4040 3105 Ῥωμαίων

779 3102 946 3153 solem
999 3110 1169 3152 aucta)
1228 3108 1281 3151 et
1336 3101 1576 3160 tninutzc,
1633 3107 1687 3151 el
1746 3097 1910 3166 lapidi
1968 3101 2127 3150 etiam
2184 3100 2335 3153 solen

2459 3116 2636 3182 πατὴρ
2669 3118 2807 3169 κατὰ
2838 3119 2933 3187 τὴν
2981 3119 3074 3170 τοῦ
3109 3120 3153 3150 ⁸⁵
3184 3121 3346 3189 νόμου
3381 3122 3637 3185 ἀξίωσινο
3669 3124 3726 3186 ὃς
3753 3125 3910 3190 ἔλεγε
3945 3129 4038 3178 καὶ

781 3194 976 3244 inesse.
1015 3191 1248 3242 Isidorus
1287 3189 1447 3255 igitur
1480 3190 1829 3253 qumstionem
1876 3189 2016 3241 scire
2046 3189 2347 3255 videbatur,

779 3285 956 3333 dicere
986 3297 1111 3332 vero
1157 3279 1344 3343 noluit,
1391 3290 1440 3330 et
1483 3280 1583 3330 hoc
1625 3294 1654 3330 e
1699 3293 1888 3331 somno
1924 3280 2155 3346 quodam
2190 3282 2350 3331 mira-

778 3375 870 3427 bili
917 3375 1127 3425 discere
1168 3387 1326 3438 quam
1366 3372 1774 3423 accuratissime
1809 3382 2036 3425 conatus
2074 3382 2173 3424 est.
2219 3371 2348 3424 Tam

776 3469 918 3518 enim
958 3472 1205 3532 prompto
1252 3462 1553 3516 somniandi
1590 3463 1806 3531 ingenio
1853 3473 1907 3516 et
1943 3473 2060 3514 arte
2095 3461 2189 3514 fuit
2239 3478 2349 3514 ma-

776 3570 910 3621 gnus
947 3555 1200 3614 Isidorus,
1244 3562 1298 3604 ut
1333 3555 1527 3620 smpius
1567 3569 1728 3620 opera
1774 3569 1893 3620 quae
1929 3555 2108 3620 fipsius
2146 3555 2345 3620 prmdi-

776 3647 940 3700 ctioni
996 3643 1344 3710 respondent,
1393 3643 1671 3710 explorata
1722 3645 1976 3696 demirer.
2029 3644 2163 3695 Sunt
2216 3659 2347 3697 sane

774 3738 936 3790 etiam
986 3749 1123 3802 pene
1163 3748 1350 3786 omnes
1401 3733 1752 3786 Alexandrini
1799 3734 1981 3787 felices
2028 3744 2082 3788 et
2127 3735 2235 3801 apti
2292 3735 2342 3786 in

774 3828 1109 3890 somniando,
1144 3834 1195 3877 et
1235 3824 1352 3876 ideo
1385 3825 1456 3875 illi
1487 3826 1648 3878 etiam
1692 3841 1830 3878 nunc
1878 3827 2082 3878 somnia
2128 3827 2343 3880 oracula

774 3921 1169 3987 capitoniinant.
1207 3915 1339 3968 Cum
1373 3931 1498 3968 vero
1529 3925 1882 3983 experrectus
1925 3926 2088 3979 esset,
2127 3931 2229 3967 non
2264 3917 2344 3968 vi-

771 4016 931 4066 debat
966 4010 1109 4062 illam
1155 4008 1588 4075 inexplicabilem
1649 4008 1930 4060 visionem.
1969 4004 2152 4074 Nequc
2198 4007 2340 4059 enim

771 4106 902 4156 adeo
947 4103 1150 4154 clarum
1207 4114 1379 4166 neque
1427 4098 1746 4166 profundum
1803 4098 2049 4149 vibrabat
2090 4099 2341 4164 splendo-

772 4211 906 4255 rem,
942 4201 997 4244 ut
1039 4202 1320 4246 contectus
1367 4207 1393 4241 a
1443 4191 1789 4242 sensibilibus
1826 4190 1929 4240 alio
1962 4190 2338 4242 reverberare-

773 4297 878 4350 tur,
928 4290 1070 4337 intus
1116 4294 1291 4335 tamen
1344 4281 1677 4334 accendatur
1731 4291 1782 4331 et
1826 4281 2015 4332 luceat.
2068 4281 2170 4334 Sed
2219 4295 2338 4332 cum

767 4389 916 4430 extra
948 4376 1059 4427 lucc
1093 4374 1336 4426 consistit
1370 4374 1570 4434 anima,
1614 4386 1774 4423 sensu
1810 4386 1913 4422 non
1958 4370 2184 4438 amplius
2214 4386 2339 4439 ope-

769 4478 922 4521 rante
967 4468 1013 4518 vi
1065 4467 1239 4518 somni
1296 4465 1625 4524 remissiore,
1678 4473 1801 4515 tunc
1847 4462 1943 4514 soli
1988 4462 2087 4514 sibi
2137 4463 2335 4515 relictae

768 4560 962 4610 animae
986 4560 1136 4609 adest
1163 4571 1377 4622 semper
1411 4554 1637 4606 interior
1674 4552 1765 4604 Dei
1809 4553 1918 4616 lux,
1950 4561 1998 4604 et
2047 4552 2335 4606 obstaculis

758 4650 868 4716 jam
905 4650 1093 4708 libera,
1127 4647 1294 4712 magis
1321 4646 1653 4708 accenditur,
1686 4651 1741 4695 et
1761 4643 2051 4708 saepissime
2087 4643 2150 4694 ad
2185 4652 2335 4694 exte-

765 4747 908 4797 riora
947 4740 1257 4799 effunditur,
1308 4738 1475 4789 donec
1525 4739 1737 4788 tandem
1788 4735 1955 4800 ipsam
1996 4734 2331 4800 imaginatio-

761 4851 884 4889 nem
916 4834 1213 4886 collnstret.
1244 4830 1517 4896 Duplicem
1549 4827 1711 4895 336
1742 4844 1770 4876 a
1804 4826 1926 4876 inde
1953 4825 2214 4877 rationem
2240 4826 2317 4878 di-

759 4925 1004 4977 vinarum
1038 4923 1300 4974 visionum
1350 4918 1485 4969 dixit
1530 4935 1542 4969 :
1592 4919 1728 4968 hanc
1772 4913 1985 4982 quidem
2016 4914 2322 4967 sensibilem

759 5016 1118 5086 vigilantium,
1175 5009 1546 5080 imaginariam
1603 5007 1825 5059 alteram
1882 5007 2258 5058 dormientium
2305 5024 2319 5058 :

759 5119 989 5173 utraque
1022 5115 1201 5156 autem
1247 5115 1428 5152 veram
1461 5098 1843 5152 continentiam
1876 5098 2126 5166 postulat.
2158 5096 2316 5150 Vide-

756 5197 914 5250 batur
964 5195 1178 5259 sapit-ns
1233 5201 1583 5257 maturusque
1635 5187 1904 5253 Isidorus,
1966 5190 2092 5255 quin
2149 5189 2311 5242 etiam

753 5287 937 5356 gravis
965 5298 1172 5337 mormn
1199 5282 1521 5343 constantia,
1548 5279 1713 5333 facies
1755 5296 1890 5349 pene
1925 5279 2311 5348 quadrangula,

754 5378 1054 5447 eloquentis
1095 5375 1339 5430 Mercurii
1373 5372 1638 5441 quoddam
1666 5387 1880 5426 sacrum
1919 5372 2267 5426 simulacrum
2300 5388 2312 5424 :

2455 3203 2599 3255 λίθον
2626 3206 2781 3266 ἰδεῖν,
2812 3208 2871 3258 ἐν
2975 3208 3203 3277 σελήνης
3228 3212 3438 3275 ἐγίνετο
3466 3212 3718 3278 σχήματα
3750 3231 4032 3284 μεταμορ-

2454 3297 2730 3366 φουμένης
2759 3301 2985 3351 παντοῖα
3023 3301 3140 3368 μὲν,
3180 3301 3364 3353 ἄλλοτε
3426 3303 3482 3353 δὲ
3530 3303 3684 3365 ἄλλα,
3712 3305 3851 3374 πρὸς
3886 3305 4036 3375 ἥλιον

2451 3385 2754 3455 αὐξομένης
2783 3389 2826 3418 ⁷⁸
2873 3390 2965 3440 καὶ
3023 3391 3367 3458 μειουμένης,
3405 3392 3590 3444 ἐνόντα
3644 3394 3722 3462 τῷ
3774 3394 3910 3465 λίθῳ
3949 3398 4036 3449 καὶ

2450 3476 2613 3526 αὐτὸν
2660 3478 2749 3528 τὸν
2805 3479 2976 3548 ἥλιον.
3023 3478 3082 3533 Ὀ
3129 3481 3258 3547 γοῦν
3319 3483 3584 3550 Ἰσίδωρος
3615 3484 3783 3551 ἐῴκει
3843 3489 3943 3555 μὲν
3977 3489 4034 3538 τὸ

2451 3563 2782 3633 ζητούμενον
2837 3568 3020 3631 εἰδότι,
3070 3567 3248 3634 λέγειν
3297 3569 3465 3621 δὀὐκ
3516 3572 3773 3638 ὴϐούλετο
3806 3575 3872 3626 ⁷¹.
3933 3577 4038 3629 Καὶ

2447 3653 2604 3705 τοῦτο
2625 3655 2680 3706 δὲ
2714 3656 2903 3723 μαθεῖν
2952 3658 3008 3722 ἐξ
3042 3658 3248 3726 ὀνείρου
3291 3652 3594 3727 Θαυμασίου
3625 3665 3766 3725 τινὸς
3814 3667 4037 3735 ἐναργέ-

2451 3761 2616 3794 στατα
2649 3745 2950 3799 διετείνετο.
2989 3749 3095 3800 Καὶ
3137 3750 3245 3818 γάρ
3282 3746 3348 3819 ἦν
3381 3752 3407 3802 6
3441 3752 3613 3820 μέγας
3653 3754 3928 3824 Ἰσίδωρος
3956 3761 4032 3822 είς

2446 3834 2698 3886 τοσοῦτον
2726 3831 2783 3888 εὖ
2808 3837 2955 3904 ἥκων
2997 3837 3210 3905 φύσεώς
3235 3856 3291 3891 τε
3325 3841 3416 3892 καὶ
3459 3843 3629 3911 τύχης
3674 3844 4030 3916 ὀνειρωττού-

2448 3943 2566 3995 σης,
2597 3928 2735 3980 ὥστε
2765 3928 2949 3998 ἔμοιγε
2986 3929 3286 3999 θαυμάζειν
3349 3932 3524 3985 ἔπεισι
3581 3935 3861 4003 πολλάκις,
3898 3942 4031 3993 ἀποι-

2446 4020 2773 4088 πειρωμένῳ
2800 4022 2906 4072 τῶν
2940 4022 3116 4092 ἐργων
3163 4023 3596 4086 ἀποϐαινόντων,
3631 4027 3731 4095 τῆς
3775 4033 4032 4102 τοιαύτης

2452 4107 2614 4160 αὐτοῦ
2673 4113 3048 4180 προρρήσεως.
3090 4113 3210 4164 Εἰσὶ
3265 4114 3361 4181 μὲν
3402 4116 3464 4184 δὴ
3521 4117 3617 4168 καὶ
3661 4117 4032 4189 Ἀλεξανδρεῖς

2444 4199 2623 4265 ὀλίγου
2656 4201 2853 4263 πάντες
2886 4204 3104 4267 εὐφυεῖς
3132 4221 3189 4255 τε
3248 4205 3341 4256 καὶ
3386 4207 3632 4276 εὐτυχεῖς
3666 4210 4030 4279 ὀνειροπολεῖ-

2447 4289 2592 4341 σθαι·
2623 4293 2715 4343 καὶ
2739 4293 2864 4354 τοὺς
2888 4293 3132 4361 ὀνείρους
3179 4296 3374 4348 ἐκεῖνοι
3428 4297 3513 4349 διά
3569 4298 3728 4352 τοῦτο
3781 4303 3880 4353 καὶ
3936 4304 4028 4356 νῦν

2445 4383 2729 4448 χρησμοὺς
2749 4383 3122 4450 ὀνομάζουσιν.
3158 4386 3510 4456 Ἐγρηγορότι
3533 4390 3630 4456 μὲν
3648 4390 3726 4459 τῷ
3772 4394 4030 4466 Ἰσιδώρῳ

2443 4469 2502 4520 οὐ
2540 4471 2720 4537 παρῆν
2750 4473 2779 4539 ἡ
2815 4475 3048 4541 ἄρῤητος
3103 4475 3365 4543 αὐτοψίω
3423 4477 3482 4527 οὐ
3547 4479 3655 4545 γὰρ
3691 4480 3836 4533 οὕτω
3886 4484 4029 4552 λαμ-

2437 4559 2578 4627 πράν
2607 4561 2726 4612 οὐδὲ
2753 4561 2970 4628 βαθεῖαν
2993 4566 3279 4634 παρείχετο
3317 4565 3413 4635 τὴν
3461 4572 3850 4641 μαρμαρυγὴν,
3883 4576 4028 4628 ὥστε

2436 4656 2530 4705 καὶ
2563 4654 2666 4704 ὐπὸ
2726 4653 2832 4705 τῶν
2883 4653 3158 4720 αίσθητῶν
3212 4655 3305 4706 ἐπὶ
3364 4656 3565 4726 θάτερα
3607 4660 4030 4726 ἁνταυγούντων

2433 4744 2916 4812 ἐπηλυγαζομένην
2944 4743 3068 4813 [547
3087 4742 3178 4813 IL]
3206 4746 3334 4797 είσω
3358 4746 3517 4813 ίὸμως
3567 4748 3905 4803 ἀνάπτεσθαι
3937 4759 4030 4804 καὶ

2431 4834 2776 4902 διαλάμπειν.
2819 4832 2955 4884 Ἀλλ’
2971 4835 3058 4885 ὅτε
3089 4833 3191 4896 ἐξω
3233 4834 3434 4885 τούτων
3463 4834 3758 4900 καθίστατο
3784 4839 3816 4905 ὴ
3857 4839 4028 4908 ψυχὴ,

2439 4925 2636 4992 μηκέτι
2663 4924 2761 4991 τῆς
2788 4925 3093 4992 αἰσθήσεως
3127 4925 3484 4994 ἐνεργούσης,
3509 4925 3606 4994 ἤδη
3657 4926 3714 4977 δὲ
3755 4933 4028 4998 παρειμέ-

2428 5034 2522 5083 νης
2557 5015 2661 5066 ὐπὸ
2693 5013 2785 5066 τοῦ
2811 5014 3002 5078 ὕπνου,
3035 5015 3157 5066 τότε
3192 5017 3494 5084 μονουμένη
3520 5015 3641 5067 καθ’
3668 5019 3872 5087 ἑαυτὴν
3919 5024 3951 5088 ἡ
3983 5024 4026 5052 ⁷·

2424 5106 2509 5157 ἀεὶ
2544 5105 2690 5157 ἔνδον
2721 5105 2932 5158 ἑστῶσα
2965 5107 3058 5157 τοῦ
3092 5107 3248 5158 Θείου
3298 5105 3573 5178 ἀστραπὴ,
3607 5109 3700 5159 καὶ
3734 5111 4024 5164 ἀπαλλατο

2421 5195 2620 5261 τομένη
2637 5194 2744 5244 τῶν
2769 5194 3058 5262 ἐμποδίων,
3079 5195 3171 5246 ἐπὶ
3190 5194 3387 5263 μᾶλλον
3412 5196 3820 5266 ἀνεζωπυρεῖτο
3841 5201 3911 5262 7³,
3935 5194 4025 5252 καί

2422 5274 2656 5350 ἐξεχεῖτο
2679 5282 2811 5351 πρὸς
2831 5285 2890 5335 τὸ
2911 5283 3065 5346 ἐκτὸς
3095 5273 3200 5335 tiri
3230 5286 3296 5338 ἂν
3311 5285 3577 5351 πλεῖστον,
3599 5287 3702 5350 ἕως
3735 5290 3832 5344 καὶ
3850 5291 4023 5360 αὐτὴν

2426 5373 2861 5443 καταστράψειεν
2888 5375 3205 5445 ἐπ’ἐσχάτῳ
3240 5375 3339 5446 τὴν
3370 5378 3820 5445 φαντασίαν.”υτι
3846 5382 4022 5434 διττὸν

2027 5480 2259 5536 VARIIE
2303 5479 2702 5538 LECTIONES.

854 5600 892 5630 ⁸³
923 5617 1088 5669 φησιν
1109 5615 1217 5654 om.
1250 5599 1311 5652 Β.
1379 5599 1457 5669 *⁸⁵
1483 5597 1660 5664 ζώσης
1689 5615 1748 5660 ς.

750 5667 1042 5736 φερόμενος
1078 5688 1135 5734 ς.
1243 5671 1287 5736 δέ
1313 5667 1405 5720 τοῦ
1435 5685 1541 5722 om.
1578 5673 1642 5719 A.

745 5735 870 5795 λετο
892 5735 953 5802 ς.
1030 5742 1070 5771 τ’
1103 5742 1132 5808 ἡ
1163 5739 1236 5794 A:
1272 5735 1337 5808 ἦν
1367 5756 1425 5800 ς.
1506 5739 1549 5768 ⁷³
1579 5736 1988 5805 ἀνεζωπυροῦῖο
2018 5755 2073 5799 ς.

1849 5598 1893 5630 ⁸⁸
1928 5599 2032 5649 ὑπὸ
2065 5600 2103 5650 Α
2140 5615 2154 5651 :
2192 5599 2298 5652 ἀπὸ
2330 5616 2389 5661 ς.

1741 5667 1787 5696 ὀ
1818 5667 2120 5745 αὐξομένης
2149 5671 2211 5732 Α,
2241 5668 2571 5738 αὐξουμένης
2605 5670 2676 5720 B-:
2711 5669 3076 5742 αὐξανομένης
3104 5689 3162 5737 ς.
3194 5667 3351 5742 (Εἰ).
3372 5671 3599 5741 [ιΑοοε.
3627 5673 3715 5727 ΑΗ.

3207 5604 3250 5676 ⁶Ϊ
3280 5602 3403 5676 βίοὲ
3439 5603 3652 5676 ("ﬁ-“A2
3676 5673 3689 5676 _
3772 5606 3817 5638 ⁸⁸
3852 5623 4016 5676 προς⁹

3798 5677 3841 5706 ⁷⁸
3871 5677 4018 5729 abod-

2513 5601 2558 5631 “
2588 5598 2774 5652 τοῦτον
2801 5601 3015 5654 ἅπαντα
3045 5621 3104 5666 ς.
