4206 6436
212 429 339 494 1253

1341 419 1853 483 RIBLIUTIIECA.
1896 442 1966 453 —
2005 421 2165 482 COD.
2208 424 2479 485 CCXLII.

3331 420 3465 487 1254

206 547 386 610 ἔλεγεν
412 543 477 595 ἐκ
504 542 695 595 τούτου
722 542 810 596 τὸν
839 542 1037 612 τρόπον
1061 539 1167 593 τῶν
1196 540 1355 593 θείων
1380 537 1673 607 αὐτοψιῶν,
1697 536 1785 588 τὸν

1890 539 2069 603 oculi,
2118 550 2179 595 ut
2226 543 2305 597 sic
2345 541 2558 612 loquar,
2598 554 2724 596 vere
2770 538 3063 611 gratiosam
3105 540 3159 594 in
3203 552 3263 596 se
3298 540 3463 596 sitam

207 636 299 705 μέν
348 634 687 703 αἰσθητικὸν,
740 633 849 688 τῶν
884 634 1288 703 ἐγρηγορότων,
1348 630 1694 699 φαντασιώδη
1728 628 1787 681 δὲ

203 726 306 777 τῶν
343 726 738 788 καθευδόντων,
766 724 942 795 ἀληθῆ
969 725 1014 775 δ’
1032 725 1291 793 ἑκάτερον
1322 723 1393 777 ⁷⁸.
1440 720 1786 788 Ἀπαλλαγὴν

203 817 313 885 ᾔτει
346 818 391 847 ⁷⁵
419 817 511 868 τοῦ
556 816 988 880 κατακλύζοντος
1022 817 1210 885 ὀχετοῦ
1242 820 1341 885 τῆς
1367 816 1651 883 γενέσεως.
1678 808 1787 865 Ἦν

201 908 251 957 δὲ
295 908 475 959 ἰδεῖνὸ
524 908 789 976 Ἰσίδωρος
845 908 1073 978 ἔμφρων
1133 910 1227 961 καλ¹
1280 907 1663 978 πρεσϐυτικδς,
1707 905 1786 956 ἐτι

202 995 533 1064 δ’ἐμϐριθὴς
599 999 692 1048 καὶ
750 997 1157 1066 βεϐαιότροπος.
1210 1000 1282 1051 Τὸ
1342 1001 1438 1067 μὲν
1497 999 1788 1068 πρόσωπον

200 1088 378 1153 ὀλίγου
405 1088 743 1156 τετράγωνον
775 1085 863 1159 ἦν,
900 1090 1098 1160 Ἐρμοῦ
1137 1091 1317 1159 λογίου
1338 1092 1503 1153 τύπος
1552 1090 1715 1158 ἰερός”
1740 1094 1787 1144 oi

199 1178 252 1228 δέ
276 1177 571 1247 ὀφθαλμοὶ,
629 1180 745 1240 πῶς
780 1180 878 1248 μὲν
925 1180 990 1232 ἂν
1045 1183 1317 1251 φράσαιμι
1352 1183 1451 1250 τὴν
1497 1182 1555 1233 ἐν
1606 1182 1788 1241 αὐτοῖς

202 1267 495 1337 ἱδρυμένην
554 1272 854 1339 χαρίεσσαν
905 1271 1118 1339 ἀληθῶς
1163 1272 1502 1342 Ἀφροδίτην,
1570 1271 1688 1334 πῶς
1742 1271 1787 1303 ⁷⁸

200 1359 241 1410 δ’
260 1360 663 1428 ἁπαγγείλαιμι
692 1362 793 1429 τὴν
823 1361 1049 1416 ἐνοῦσαν
1094 1364 1287 1426 αὑταῖς
1322 1363 1554 1435 Ἀθηνᾶν
1614 1379 1789 1430 σοφω-

198 1450 367 1518 τάτην
403 1467 417 1513 ;
450 1451 550 1502 οὐκ
591 1451 655 1505 ἂν
681 1452 736 1504 δὲ
773 1452 1033 1522 φθάνοιμι
1060 1454 1237 1521 λέγων
1286 1454 1482 1517 αὐτοὺς
1539 1453 1648 1507 ἀπὸ
1680 1452 1789 1505 τῶν

199 1541 457 1593 ἐναντίων
490 1543 569 1603 είς
606 1543 666 1593 τὸ
696 1543 826 1595 αὐτὸ
868 1544 1350 1613 συνηρμοσμένους
1390 1544 1447 1595 ἐν
1471 1540 1610 1607 εἰδος
1643 1543 1790 1612 ἁμή-

197 1649 380 1698 χανον,
420 1632 661 1695 ἑστῶτας
696 1633 812 1703 ἅμα
864 1633 1115 1703 βεϐαίους
1166 1636 1260 1688 καὶ
1296 1634 1559 1705 ἐπίτροχα
1613 1653 1790 1688 κινου-

201 1724 399 1790 μένους
441 1740 557 1784 πως
589 1725 755 1790 φάναι
781 1727 843 1776 τὸ
876 1727 984 1778 πᾶν
1005 1729 1062 1777 ἐν
1094 1726 1175 1793 τῷ
1225 1726 1374 1795 αὑτῷ
1404 1728 1499 1779 καὶ
1550 1727 1678 1797 ἰτερί⁵
1727 1726 1788 1779 τὸ

198 1814 329 1865 αὐτὸ
370 1813 718 1882 δινουμένους
747 1814 863 1882 ἃμα
897 1815 993 1884 μέν
1020 1815 1079 1866 τὺ
1111 1816 1305 1884 σεμνὸν
1344 1815 1459 1884 ἅμα
1488 1816 1545 1869 δέ
1594 1817 1654 1868 τὸ
1683 1817 1786 1885 χά-

199 1913 313 1965 ριεν
374 1899 785 1965 ἐπιφαίνοντας,
856 1900 1187 1971 βαθυτέρους
1254 1904 1381 1964 τοὺς
1430 1904 1626 1967 α’ὒτοὺς
1690 1874 1861 1958 καὶ.Β

193 1989 602 2060 ἁπλουστέρους
656 1988 793 2045 εἶναι
844 1993 1219 2064 βουλομένους.
1273 1995 1487 2061 ’Δπλῶς
1530 1997 1779 2065 δἐἰπεῖν,

193 2080 488 2149 ἀγάλματα
521 2077 660 2152 ἦσαν
686 2083 955 2154 ὀφθαλμοὶ
1000 2088 1195 2139 ἐκεῖνοι
1227 2088 1326 2154 τῆς
1352 2087 1529 2158 ψυχῆς
1560 2090 1780 2160 ἀκριϐῆ,

196 2171 257 2221 οὐ
296 2172 467 2241 μόνης
501 2190 586 2239 γε,
616 2173 753 2227 ἀλλά
792 2176 885 2227 καὶ
937 2177 1032 2245 τῆς
1074 2178 1389 2247 ἐνοικούσης
1438 2180 1575 2249 αὐτῇ
1634 2180 1782 2244 θείας

195 2260 499 2330 ἀπορροῆς.
541 2264 604 2315 Αἱ
624 2263 680 2316 δέ
704 2282 767 2332 γε
796 2266 1072 2334 αἰσθήσεις
1117 2269 1353 2338 μετρίως
1383 2268 1530 2339 αὐτῷ
1551 2270 1779 2323 διέκειν-

1892 628 2177 694 Venerem,
2225 640 2392 699 utque
2435 633 2515 687 sic
2555 630 2802 695 efferam,
2852 632 3074 685 inlisam
3107 630 3209 686 sibi
3239 632 3463 700 sapien-

1891 721 2157 775 tiSsimam
2188 720 2457 776 Palladem
2487 724 2857 777 continebant.
2891 721 3023 777 Illud
3050 737 3155 776 non
3183 722 3460 786 omittam,

1891 812 1988 880 ipsi
2065 814 2204 869 oculi
2242 830 2269 865 a
2316 815 2605 869 contrariis
2650 814 2705 868 in
2740 829 2900 867 uuam
2942 816 3298 882 eamdemque
3338 828 3465 881 spe-

1889 902 2026 955 ciem
2089 902 2523 970 inexplicabilem
2569 903 2730 956 simul
2790 903 3188 966 referebantur,
3249 904 3468 957 Stabant

1890 994 2051 1048 simul
2082 994 2328 1058 firmiter,
2369 1002 2424 1047 et
2455 994 2714 1048 velociter
2740 993 2813 1047 ita
2848 994 3221 1055 movebantur,
3258 1000 3316 1043 ut
3343 1005 3466 1043 vcr-

1889 1083 1998 1137 sari
2032 1083 2348 1138 viderentur
2395 1083 2541 1138 circa
2615 1083 2859 1137 eamdem
2906 1083 3164 1149 speciem,
3212 1089 3268 1134 et
3308 1080 3465 1145 quid-

1888 1174 1972 1229 vis
2003 1175 2057 1227 in
2078 1174 2266 1228 eadem
2293 1174 2778 1244 repraesentabatur
2809 1189 2822 1225 :
2856 1172 3014 1227 simul
3037 1182 3091 1226 et
3118 1171 3463 1240 gravitatem,

1888 1275 2338 1334 venustatemque
2370 1263 2750 1333 praeferebant,
2788 1271 2843 1315 et
2884 1262 3043 1315 iidem
3081 1275 3204 1314 cum
3240 1260 3462 1321 vellent,

1888 1354 2210 1423 profundius
2268 1354 2437 1408 abditi
2502 1361 2591 1407 aut
2644 1351 3004 1421 expeditiores
3041 1368 3055 1403 :
3089 1359 3256 1418 utque
3302 1347 3468 1400 verbo

1888 1446 2088 1512 dicam,
2132 1454 2288 1500 erant
2319 1444 2459 1498 oculi
2504 1445 2576 1497 illi
2621 1442 2856 1513 perfecta
2910 1442 3103 1494 anima:
3148 1438 3463 1501 simulacra,

1890 1552 1995 1592 non
2030 1537 2197 1592 solius
2230 1538 2421 1599 animi,
2472 1535 2567 1589 sed
2604 1544 2658 1588 et
2692 1532 3043 1587 inhabitantis
3074 1531 3125 1585 in
3169 1545 3232 1585 ea
3268 1529 3466 1583 divinae

1890 1628 2202 1683 ittlluentite.
2242 1627 2444 1682 Sensus
2495 1624 2773 1679 moderate
2819 1623 2873 1676 in
2922 1621 3013 1676 illo
3061 1620 3236 1675 affecti
3282 1627 3464 1680 erant,

1890 1728 1949 1772 ut
1992 1717 2090 1772 soli
2136 1718 2450 1772 necessitati
2500 1715 2827 1778 servientes,
2871 1727 2969 1767 nec
2995 1712 3093 1766 soli
3128 1724 3341 1775 sensus,
3371 1709 3465 1763 sed

1890 1809 2052 1863 etiam
2078 1808 2412 1877 imaginatio,
2448 1822 2567 1876 quae
2600 1813 2747 1861 certa
2776 1805 2953 1872 imago
2980 1812 3063 1856 est
3098 1815 3114 1856 :
3145 1815 3320 1869 neque
3352 1816 3466 1854 me-

1889 1899 2059 1953 moria
2090 1900 2375 1953 admodum
2426 1898 2615 1953 valens
2656 1912 2819 1964 supra
2858 1894 3046 1964 vulgus
3070 1933 3087 1958 ,
3126 1903 3180 1946 et
3229 1894 3298 1947 ab
3328 1892 3467 1945 obli-

1887 1992 2045 2045 vione
2064 2005 2170 2045 non
2192 1990 2412 2045 omnino
2444 1997 2670 2045 remota.
2695 1987 2927 2052 Etenim,
2961 1983 3327 2040 utverisimile
3357 1994 3459 2045 est,

1887 2082 2052 2137 voluit
2073 2083 2215 2136 illum
2236 2081 2373 2136 Deus
2398 2082 2636 2135 animum
2660 2080 2838 2151 potius
2854 2079 3128 2133 declarare
3147 2078 3280 2147 (99).
3300 2091 3462 2145 quam

1889 2184 2178 2241 utrumque
2218 2187 2340 2227 cum
2371 2186 2637 2241 corpore,
2682 2179 2735 2225 et
2783 2168 3180 2238 philosophiam
3217 2168 3268 2220 in
3311 2177 3464 2221 utro-

1888 2278 1994 2334 que
2024 2278 2127 2316 non
2161 2262 2486 2332 relinquere,
2517 2263 2609 2316 sed
2645 2261 2744 2315 soli
2779 2261 2959 2313 animo
2994 2261 3237 2327 infigere.
3270 2258 3339 2314 Ut
3364 2273 3465 2327 ego

193 2367 251 2401 το
279 2392 296 2416 ,
331 2354 466 2419 πρὸς
507 2354 675 2424 μόνην
706 2354 1073 2424 ύπηρετοῦσαι
1104 2359 1201 2428 τήν
1240 2360 1448 2427 χρείαν.
1504 2362 1613 2414 Καὶ
1660 2361 1782 2431 οὐχὶ

1889 2357 1995 2427 iam
2038 2355 2300 2425 quosdam
2342 2355 2543 2424 reperi,
2580 2354 2672 2423 qui
2722 2352 2963 2407 exterius
3012 2351 3465 2421 philosophantur

192 2441 249 2492 αἱ
277 2442 563 2511 αἰσθήσεις
592 2444 769 2511 μόναι,
803 2444 938 2497 ἀλλὰ
968 2447 1057 2498 καὶ
1084 2447 1143 2498 τὸ
1192 2448 1412 2515 κήρινον
1464 2447 1779 2515 ἐκμαγεῖον,

194 2533 225 2601 ἠ
261 2534 556 2599 φαντασία,
580 2534 703 2586 οὕτε
726 2538 865 2605 πρὸς
900 2539 1120 2606 μνήμην
1150 2555 1200 2589 τι
1233 2537 1341 2589 τῶν
1396 2538 1606 2591 πολλῶν
1660 2540 1778 2593 δια-

191 2625 460 2693 φέρουσα,
482 2627 573 2678 καὶ
598 2627 697 2694 τῆς
726 2627 894 2697 λήθης
913 2629 971 2680 οὐ
997 2628 1057 2680 τὸ
1078 2630 1341 2697 παράπαν
1358 2630 1777 2702 ἀπηλλαγμένη.

192 2715 306 2766 Καὶ
358 2717 468 2785 γὰρ
498 2717 768 2786 ἠϐουλήθη
817 2720 979 2771 αὐτὸν
1005 2722 1031 2771 ὁ
1082 2719 1234 2783 Θεὸς,
1268 2719 1342 2782 ὡς
1371 2720 1536 2788 ἔοικε,
1600 2724 1778 2792 ψυχὴν

196 2809 400 2875 μᾶλλον
428 2811 554 2861 ὄντα
587 2810 872 2873 ἐπιδεῖξαι.
904 2809 1019 2878 ἢτὸ
1054 2812 1461 2880 συναμφότερον
1512 2816 1651 2881 μετὰ
1684 2815 1777 2869 τοῦ

195 2900 475 2969 σώματος,
525 2900 619 2952 καὶ
678 2900 778 2970 τὴν
836 2898 1153 2967 φιλοσοφίαν
1199 2902 1260 2952 οὐ
1288 2902 1365 2970 τῷ
1385 2906 1778 2975 συναμφοτέρῳ

193 2991 567 3056 ἐναποθείθαι,
602 2990 735 3043 ἀλλά
772 2992 910 3059 αὐτῇ
962 2991 1099 3061 μόνῃ
1150 2995 1215 3060 τῇ
1281 2994 1425 3062 ψυχῇ
1478 2996 1773 3066 ἐνιδρῦσαι.

205 3084 295 3146 Ὠς
330 3084 504 3150 ἔγωγε
537 3083 699 3146 ἐνίοις
730 3083 830 3151 ἤδη
856 3083 1262 3152 περιτετύχηκα
1290 3085 1359 3137 τά
1394 3086 1495 3154 μέν
1540 3086 1644 3151 ἔξω
1686 3106 1777 3156 φι-

1890 2448 2214 2513 luculenter,
2268 2457 2323 2502 et
2369 2456 2590 2501 utuntur
2631 2444 2891 2499 memoria
2936 2444 3226 2497 multarum
3276 2443 3464 2509 capaci

1890 2542 2228 2609 opinionum,
2251 2549 2304 2594 et
2336 2538 2495 2592 facile
2528 2537 2707 2591 valent
2732 2536 3139 2605 inexplicabiles
3166 2542 3465 2589 contexere

1891 2634 2260 2704 syllogismos,
2332 2632 2608 2701 multaque
2668 2630 2719 2683 in
2753 2630 2818 2684 iis
2865 2629 3095 2683 facultas
3143 2637 3226 2683 est
3258 2630 3468 2682 divino-

1893 2742 2010 2780 rum
2049 2740 2335 2787 sensuum,
2378 2726 2522 2778 intus
2569 2737 2694 2776 vero
2736 2721 2909 2775 anima
2951 2731 3139 2788 egent,
3186 2729 3239 2772 et
3280 2720 3467 2786 inopes

1890 2825 2016 2869 sunt
2045 2830 2186 2869 vera:
2224 2814 2487 2869 scientias.
2539 2812 2634 2865 Sin
2676 2813 2997 2879 quandoque
3036 2812 3208 2865 iratus
3242 2810 3465 2863 videba-

1893 2914 2005 2967 tur,
2045 2903 2183 2956 ratio
2222 2903 2559 2970 imperabat,
2599 2912 2653 2956 et
2689 2902 2767 2954 ira
2811 2901 3059 2968 parebat.
3100 2898 3285 2968 Neque
3319 2901 3464 2952 enim

1887 3004 2097 3063 poterat
2132 3008 2530 3058 mansuescere,
2577 3008 2751 3062 neque
2794 2993 3122 3045 iracundiam
3191 2994 3242 3044 in
3292 2991 3467 3060 homi-

1888 3099 2017 3139 num
2056 3085 2205 3139 vitiis
2246 3084 2709 3152 reprehendendis
2747 3098 2965 3138 exuere.
3011 3082 3464 3153 i’rotnptissimus

191 3174 488 3242 λοσοφοῦσι
540 3174 814 3243 ,λαμπρῶς
849 3174 906 3225 ἐν
965 3192 1024 3226 τε
1082 3176 1271 3247 μνήμῃ
1326 3176 1518 3248 βαθείᾳ
1567 3179 1780 3233 πολλῶν

1891 3185 2010 3230 erat
2038 3176 2174 3230 bene
2198 3176 2263 3229 de
2295 3175 2414 3228 aliis
2441 3175 2716 3238 merendo,
2742 3189 2925 3227 verum
2961 3175 3137 3228 adhuc
3168 3175 3469 3241 promptior

191 3266 549 3334 δοξασμάτων
575 3267 668 3317 καὶ
703 3268 759 3317 ἐν
829 3268 1180 3337 ἀγχιστρόφῳ
1219 3270 1484 3339 δεινότητι
1547 3274 1791 3343 συλλογι-

1893 3267 1945 3321 in
1977 3266 2195 3336 ﬂagitiis
2246 3265 2532 3335 carpendis
2582 3281 2595 3317 :
2644 3265 2873 3332 ideoque
2922 3265 3211 3318 multorum
3255 3266 3483 3320 animos

193 3355 353 3424 σμῶν
380 3357 701 3425 ἀπεράντων
755 3358 847 3409 καὶ
908 3360 965 3409 ἐν
1017 3358 1244 3427 δυνάμει
1292 3363 1458 3430 συχνῇ
1505 3361 1785 3431 δαιμονίας

1892 3374 2034 3428 saepe
2071 3358 2333 3421 oﬂ'endit,
2367 3373 2552 3413 eorum
2593 3358 2798 3413 scelera
2845 3359 3051 3412 blandis
3094 3360 3273 3414 verbis
3315 3370 3468 3414 este—

192 3448 526 3517 αἰσθήσεως,
561 3446 690 3500 εἵσω
741 3448 796 3500 δέ
852 3448 920 3499 τὰ
973 3448 1072 3517 τῆς
1121 3449 1298 3518 ψυχῆς
1355 3452 1621 3520 ἀποροῦσι
1687 3456 1784 3508 καὶ

189 3540 517 3607 πενομένοις
541 3538 769 3605 ἀληθοῦς
798 3540 1124 3607 ἐπιστήμης.
1163 3541 1221 3591 Εἰ
1266 3540 1322 3593 δέ
1350 3558 1453 3595 που
1496 3541 1657 3612 [1032
1689 3544 1780 3615 8.]

192 3631 541 3701 θυμούμενος
594 3632 803 3698 ἐωροῑτο
844 3631 934 3681 καὶ
981 3630 1323 3696 ἀγανακτῶν,
1374 3632 1509 3684 ἀλλά
1569 3634 1661 3686 τοῦ
1699 3636 1783 3687 λο-

188 3720 400 3791 γισμοῦ
439 3722 741 3790 ἡγουμένου
778 3720 872 3771 καὶ
900 3721 928 3771 ό
976 3719 1143 3789 θυμὸς
1195 3719 1259 3789 δὴ
1309 3721 1538 3774 κατόπιν
1574 3725 1779 3778 είπετο.

189 3813 332 3867 esse
365 3814 473 3882 γὰρ
495 3807 605 3874 οἷός
631 3828 689 3864 τε
738 3807 806 3881 ἦν
850 3810 1095 3879 γίνεσθαι
1124 3813 1298 3882 πρᾶος
1328 3813 1447 3864 οὑδέ
1481 3813 1688 3883 ἄθυμος
1718 3822 1775 3869 ἐν

1890 3464 2060 3505 nuare
2100 3464 2203 3505 non
2236 3448 2534 3513 sustinens,
2571 3462 2673 3502 nec
2702 3448 2821 3502 loco
2853 3463 2992 3502 vera:
3028 3450 3281 3504 amicitia:
3314 3449 3469 3502 valde

1888 3538 2261 3594 detestandam
2288 3536 2650 3590 adulationem
2673 3536 2960 3590 adhibens.
2993 3535 3084 3590 Sic
3111 3552 3238 3606 erga
3276 3553 3467 3593 omnes

1888 3629 2114 3684 allectus
2139 3639 2279 3692 erat,
2313 3637 2372 3681 ut
2412 3641 2584 3696 neque
2628 3628 3004 3681 contentiones
3048 3628 3212 3698 336
3245 3629 3271 3680 b
3316 3643 3471 3681 anta-

1890 3732 1993 3787 ret,
2019 3736 2192 3789 neque
2219 3719 2527 3773 inimicitias
2553 3727 2745 3789 sponte
2775 3720 3096 3788 susciperet,
3126 3735 3246 3789 quas
3276 3721 3457 3773 omnia

1883 3816 2000 3884 ejus
2025 3814 2196 3867 forma
2233 3813 2392 3881 digna
2424 3821 2600 3866 erant.

186 3907 270 3977 τῷ
301 3908 511 3977 ἐλέγχῳ
535 3907 641 3958 τῶν
662 3906 1015 3975 ἀνθρωπίνων
1059 3907 1507 3975 πονηρευμάτων.
1543 3909 1638 3961 Ὧν
1661 3910 1767 3982 γὰρ
1806 3911 2157 3981 ἑτοιμότατος
2182 3907 2262 3968 εἰς
2310 3906 2633 3976 εὐεργεσίαν
2664 3907 2731 3969 τ’,
2765 3906 2845 3959 ἐτι
2899 3906 2994 3959 καὶ
3061 3904 3250 3959 τούτου
3334 3923 3468 3975 προ-

185 4000 503 4068 χειρότερος
534 3992 602 4067 ἦν
630 3998 709 4059 εἰς
734 3996 1049 4065 ἐπιτίμησιν
1115 3996 1216 4065 τῆς
1278 3996 1565 4065 πονηρίας.
1614 4001 1705 4053 Διὸ
1754 4002 1846 4055 καὶ
1888 4000 2038 4071 θαμά
2120 3999 2184 4068 δὴ
2240 3997 2457 4061 πολλοῖς
2532 3998 2923 4068 προσέκρουεν,
2976 3997 3076 4049 οὐκ
3143 3999 3467 4069 ἀνεχόμενος

185 4091 374 4146 αὐτῶν
416 4091 513 4161 τὴν
571 4090 772 4143 κακίαν
833 4090 1343 4160 ὑπονορίζεσταιη,
1399 4092 1520 4144 οὐδὲ
1570 4094 1811 4164 μελετῶν
1848 4098 1969 4149 ἀντὶ
2034 4098 2133 4165 τῆς
2188 4094 2448 4164 ἀληθινῆς
2502 4092 2685 4162 φιλίας
2743 4093 2841 4164 τὴν
2899 4092 3235 4165 πολυάρατον
3310 4096 3468 4149 κολα·

186 4188 349 4240 κείαν
382 4185 448 4237 ".
480 4183 615 4236 Οὔτε
648 4184 931 4251 φιλαιτίως
975 4183 1097 4237 οὔτε
1146 4184 1479 4255 ἐθελέχθρως
1522 4190 1658 4259 πρὸς
1686 4190 1874 4246 οὐδένα
1905 4188 2141 4263 [54811.]
2170 4189 2423 4243 διέκειτο.

261 4278 505 4332 Τοιαῦτα
518 4278 563 4309 ⁸⁰
586 4279 614 4329 ὁ
632 4279 897 4347 ἡμέτερος
921 4278 1208 4331 ἐπεπόνθει
1228 4279 1516 4348 φιλόσοφος
1546 4282 1639 4336 ὑπ’
1659 4283 1785 4349 ἔρω-

1961 4284 2082 4339 llaac
2121 4294 2304 4338 noster
2347 4282 2694 4353 philosophus
2744 4282 2813 4339 ob
2856 4283 3030 4339 zelum
3074 4287 3139 4340 ad
3181 4287 3463 4346 hominum

181 4390 282 4435 τος
308 4371 409 4441 μὲν
440 4371 539 4439 τῆς
565 4372 689 4440 περὶ
705 4369 749 4401 ⁸¹
780 4374 849 4421 τα
876 4369 1189 4438 ἀνθρώπινα
1214 4372 1517 4439 πράγματα
1556 4373 1785 4443 διορθώ-

1889 4389 2068 4429 mores
2122 4376 2491 4444 corrigendos,
2547 4384 2601 4428 et
2657 4375 2726 4429 ob
2780 4375 3091 4430 inimicitias
3148 4380 3461 4449 odiumque.

187 4479 353 4527 σεως,
388 4460 589 4530 ἔχθρας
628 4460 683 4513 δὲ
712 4460 806 4514 καὶ
834 4460 1024 4529 μίσους
1052 4460 1419 4515 ἀδιαλλάκτου
1440 4462 1548 4516 τῶν
1583 4466 1785 4535 κακοή-

1889 4468 2082 4535 quibus
2122 4465 2323 4534 ﬂagitia
2360 4465 2640 4521 hominum
2669 4467 3117 4535 prosequebatur.
3156 4468 3337 4524 Solers
3365 4471 3465 4526 fuit

184 4558 299 4610 θων
323 4553 788 4624 ἐπιτηδευμάτων.
830 4553 1176 4623 Ἀγχίνουςδέ
1195 4552 1269 4605 ὢν
1286 4554 1332 4585 ⁸¹
1344 4555 1437 4607 καὶ
1455 4556 1785 4627 ἐπιστρεφὴς

1889 4567 1939 4610 et
1979 4558 2299 4624 industrius,
2340 4564 2395 4611 et
2439 4556 2654 4611 facilem
2704 4572 2761 4612 se
2803 4572 3121 4626 comemque
3166 4560 3460 4629 prabebat.

184 4650 340 4716 ὅμως
367 4664 420 4698 τι
466 4647 562 4698 καὶ
622 4644 1015 4715 εὐπαράγωγον
1073 4644 1437 4699 ἐπεδείκνυτο.
1498 4646 1619 4698 Τῶν
1675 4648 1775 4717 μέν

1889 4649 2061 4703 Facile
2110 4648 2252 4703 enim
2296 4647 2739 4702 adnumeraverit
2786 4649 2908 4716 quis
2964 4663 3089 4703 eum
3141 4654 3458 4717 mansuetis,

184 4741 297 4807 γὰρ
340 4737 599 4789 ἐπιεικῶν
649 4731 787 4789 εῖναι
842 4735 1327 4805 προσποιουμένων
1350 4734 1399 4766 ⁸³
1458 4736 1657 4806 ῥᾳδίως
1712 4738 1777 4791 ἄν

1889 4740 2032 4804 quasi
2067 4754 2171 4791 non
2206 4748 2462 4793 accurate
2494 4739 2610 4793 ha‘c
2640 4738 3015 4805 investigaret,
3058 4741 3198 4806 quod
3244 4756 3352 4806 prae
3387 4744 3459 4792 le-

182 4847 270 4890 τις
306 4828 473 4882 αὑτὸν
510 4827 857 4896 παρήγαγεν,
940 4826 1035 4878 ἀτε
1116 4826 1216 4877 οὐκ
1290 4825 1620 4894 ἐπιφέροντα
1682 4828 1775 4881 ἐπὶ

1889 4829 2052 4884 nitate
2086 4831 2265 4885 minus
2292 4839 2437 4885 esset
2476 4830 2753 4897 suspicax,
2784 4830 2827 4883 si
2870 4831 2996 4899 quid
3050 4838 3230 4885 tamen
3265 4847 3457 4898 snspe-

184 4922 345 4973 τούτο
375 4920 421 4951 ³⁸
452 4919 615 4990 ἀριϐἧ
642 4919 893 4981 ἐξέτασιν
942 4916 1028 4968 διὰ
1067 4914 1127 4968 τὸ
1180 4915 1281 4984 τῆς
1333 4916 1633 4977 ἐπιεικείας
1680 4918 1776 4969 ἀν·-

1889 4919 2064 4972 ctione
2100 4918 2279 4973 futura
2331 4930 2704 4974 antevertente
2743 4921 2961 4989 dignum
2995 4920 3201 4985 fuisset,
3242 4924 3285 4976 si
3330 4923 3458 4989 quid

184 5011 450 5062 ύποπτον·
520 5012 548 5062 ό
587 5009 643 5062 δέ
666 5010 764 5076 τῆς
791 5006 1278 5077 προλαμϐανούσης
1303 5007 1536 5075 ὑποψίας
1566 5007 1713 5071 ἄξιος
1731 5008 1780 5047 ⁸⁸

1889 5009 1990 5063 doli
2022 5020 2115 5063 aut
2141 5010 2457 5065 insidiarum
2488 5022 2653 5075 esset,
2683 5012 2903 5063 minime
2926 5027 3045 5064 eum
3079 5011 3286 5066 fclellil.
3317 5012 3455 5067 Cum

183 5102 285 5152 οὐκ
314 5099 383 5153 ἀν
428 5099 590 5151 αὑτὸν
621 5098 808 5151 ἐλαθεν
854 5095 1157 5167 ἐνεδρεύων
1181 5097 1300 5149 ούδέ
1335 5096 1548 5148 πλέκων
1576 5097 1779 5159 δόλους.

184 5188 219 5240 Ἰ
237 5192 371 5257 ριῶν
423 5191 480 5242 δέ
537 5190 704 5242 ὄντων
768 5187 951 5258 μερῶν
1031 5187 1064 5257 ἢ
1130 5185 1288 5239 εἰδῶν
1353 5186 1451 5257 τῆς
1481 5185 1528 5217 ⁸⁸
1559 5186 1775 5254 ψυχῆς,

1885 5106 1992 5151 tres
2015 5099 2123 5152 sint
2146 5108 2329 5168 partes
2365 5100 2449 5153 vel
2473 5100 2681 5167 species
2712 5101 2926 5165 animae,
2962 5101 3040 5153 vel
3074 5102 3244 5155 ιιιουί
3282 5103 3456 5171 placet

1886 5189 2179 5257 appellare,
2212 5190 2475 5258 triplicem
2506 5190 2619 5245 lieri
2656 5191 2919 5244 rationem
2948 5191 3069 5246 vitae
3098 5192 3256 5258 dixit,
3290 5210 3450 5263 quant

1534 5282 1773 5337 VARUE
1809 5282 2223 5343 LECTIONES.

256 5379 304 5413 ’δ
332 5378 610 5447 ἑκατέρων
639 5376 703 5439 Α,
732 5374 997 5447 ἑκατέραν
1160 5373 1207 5405 ⁷⁵
1235 5372 1352 5444 ᾔτει

1440 5389 1521 5427 τοι
1555 5372 1613 5425 Β.
1692 5374 1738 5407 ⁷⁸
1769 5372 1885 5436 πῶς
1912 5375 1990 5427 A:
2026 5377 2128 5429 ποῦ
2153 5395 2214 5442 ς.

2291 5377 2335 5410 ’⁷
2359 5375 2679 5448 εὐεργεσίαν
2707 5376 2781 5430 A:
2817 5378 3079 5448 ἐργασίαν
3115 5398 3175 5445 ςι.
3254 5380 3298 5412 ⁷⁸
3319 5381 3451 5433 ὑπο⁴

256 5379 304 5413 "
332 5378 495 5432 ἐκατέ
534 5394 610 5430 ων
639 5376 703 5439 Α,
732 5374 997 5447 ἑκατέραν
1027 5373 1088 5427 Β.
1160 5373 1207 5405 ⁷⁵
1235 5370 1385 5498 ﬁrst;
1404 5374 1521 5496 ὅριοι
1555 5372 1613 5425 Β.
1692 5374 1738 5407 ⁷⁸
1769 5372 1885 5436 πῶς
1912 5375 1953 5427 Α
1978 5391 1990 5426 :
2026 5377 2128 5429 ποῦ
2153 5395 2214 5442 ς.
2291 5377 2335 5410 ’⁷
2359 5375 2679 5447 εὐεργεσίαν
2707 5376 2781 5430 A:
2817 5378 3079 5458 ἐργασίαν
3115 5398 3175 5445 ς’.
3254 5380 3298 5412 η
3319 5381 3448 5433 ὑπο.

183 5394 531 5530 πορίζεσθαιῖ
558 5447 629 5501 cf.
648 5447 836 5530 _Toup.
858 5446 1141 5530 emendat.
1176 5458 1237 5498 tt.
1268 5460 1319 5529 ρ.
1393 5446 1451 5530 ι,
1465 5483 1476 5498 .
1543 5446 1588 5524 ζ’
1616 5452 1736 5510 post
1770 5442 2058 5530 κολακείαν
2087 5448 2246 5530 vulgo
2270 5448 2471 5530 addunt
2502 5449 2614 5501 haec
2639 5447 2787 5530 δοκεῖ
2822 5466 3108 5530 μοι-ταυτα
3129 5449 3448 5530 ἀξιόμομφα

184 5516 539 5579 καθεστάναι,
570 5518 661 5571 sed
694 5531 804 5583 mg.
845 5516 887 5568 A
911 5532 923 5564 :
950 5516 1005 5567 ἐν
1030 5516 1107 5583 τῷ
1150 5516 1387 5583 μετώπῳ
1423 5516 1490 5582 ἦν
1518 5516 1618 5580 τῆς
1644 5516 1996 5582 πρωτοτύπου
2026 5516 2251 5585 βιϐλίου·
2286 5519 2315 5570 ὀ
2362 5518 2418 5569 δέ
2451 5516 2935 5601 μεταγράψαςήκαὶ
2988 5517 3142 5570 τοῦτο
3186 5516 3342 5582 ἐντὸς
3364 5516 3451 5573 τ’έ-

186 5590 335 5620 αρηρο
436 5588 481 5620 Ι.
506 5587 727 5620 paulurn-sv
766 5586 795 5620 Α
828 5603 839 5615 ι
866 5585 1033 5620 ἠδε-η
1070 5602 1109 5620 ρ-
1206 5583 1251 5615 ιι
1280 5585 1402 5620 «cui
1446 5585 1475 5620 Α
1510 5602 1522 5613 ·
1561 5583 1695 5620 *πῆλ’
1729 5600 1765 5620 ρ·
1864 5584 1909 5614 η
1937 5586 2042 5620 ἆνυ
2087 5587 2141 5620 XL
2179 5586 2281 5620 Χιυῖ
2316 5588 2342 5620 Α
2376 5587 2431 5620 εδ
2460 5589 2564 5620 Anu
2618 5605 2691 5620 ’.ιιι
2744 5587 2936 5620 QniJno
2968 5604 2999 5620 υ
3058 5589 3423 5620 Ῥη-κηρυκι.»-

186 5590 359 5643 θιικε.
436 5588 481 5620 ⁸⁸
506 5587 731 5640 τοιαῦτα
760 5586 804 5639 Δ
828 5603 841 5639 ;
866 5585 1037 5637 ταῦτα
1070 5602 1128 5647 ς.
1206 5583 1251 5615 ⁸¹
1280 5585 1407 5652 περ)⁴
1441 5585 1522 5637 A:
1561 5583 1695 5652 πρὸς
1729 5600 1787 5646 ς.
1864 5584 1909 5614 ⁸³
1937 5583 2061 5655 ἀγχ.
2087 5587 2143 5639 δὲ
2178 5586 2281 5658 ὧν]
2316 5588 2343 5639 ὁ
2376 5587 2432 5639 δέ
2454 5583 2691 5657 ἀγχῇῶν
2712 5583 2720 5586 ’
2744 5587 2938 5642 Sttidas
2968 5604 3018 5642 ν.
3058 5589 3444 5655 Ἐπιστρεφής,

186 5662 278 5724 qui
326 5671 449 5711 mox
500 5673 608 5712 om.
657 5656 769 5709 καί.
842 5655 889 5686 ⁸³
916 5654 1255 5724 ποιουμένων
1286 5654 1350 5706 Α.
1424 5653 1469 5683 ⁸⁸
1496 5653 1693 5724 ,τοῦτον
1720 5654 1786 5724 Α,
1818 5652 2021 5724 τούτων
2054 5657 2113 5710 Β.
2190 5658 2234 5689 ⁸⁸
2271 5660 2299 5710 ό
2327 5686 2395 5697 -
2426 5657 2573 5724 ἄξιος
2603 5688 2671 5697 —-
2699 5657 2989 5724 ἐνεδρεύων
3020 5688 3091 5698 —
3118 5655 3333 5713 πλέκων
3355 5661 3403 5713 Δ
3425 5673 3444 5711 z

226 5677 278 5713 ut
326 5674 449 5711 mox
500 5674 608 5712 om.
657 5674 769 5709 και.
842 5674 889 5686 υ-
916 5674 1255 5722 ποιουμενων
1286 5674 1350 5706 Α.
1424 5674 1469 5683 ην
1504 5674 1691 5704 τουτον
1720 5674 1786 5715 ιιι,
1818 5674 2021 5707 τουτων
2054 5674 2113 5710 υ.
2190 5674 2234 5689 ὐ
2271 5674 2299 5710 ο
2327 5686 2395 5697 -
2426 5674 2573 5724 αςιος
2603 5688 2671 5697 —-
2699 5674 2989 5730 ενεορευων
3020 5688 3091 5698 —
3118 5674 3333 5713 πλέκων
3355 5674 3403 5713 Α
3425 5674 3444 5711 z

186 5676 217 5782 2
245 5756 313 5768 —
334 5727 492 5792 ἀξεον
524 5756 593 5767 —-
621 5724 897 5795 ἐνεδρεῦον
932 5754 992 5764 —
1016 5723 1215 5775 πλέκον
1251 5740 1311 5787 ς.
1387 5724 1432 5757 ⁸⁸
1455 5723 1553 5793 τῆς
1594 5722 1719 5776 add.
1751 5723 1820 5773 Δ.
1851 5723 1923 5775 cf.
1958 5724 2155 5783 Suidas
2187 5744 2237 5783 ν.
2266 5727 2451 5797 Ψυχήσ

1722 5812 1953 5875 NOTAE.

258 5887 373 5959 (99)
406 5887 481 5942 Ex
508 5885 909 5943 Platonicorum
946 5885 1236 5942 sententia.
