  <div class='ocr_page' id='page_1' title='image "/cluster/home/n/w/nwhite01/storage/ocr_20150623/103/nnc1.0046979689/651.png"; bbox 0 0 4206 6436; ppageno 0'>
   <div class='ocr_carea' id='block_1_1' title="bbox 787 417 921 481">
    <p class='ocr_par' dir='ltr' id='par_1_1' title="bbox 787 417 921 481">
     <span class='ocr_line' id='line_1_1' title="bbox 787 417 921 481; baseline 0 0"><span class='ocrx_word' id='word_1_1' title='bbox 787 417 921 481; x_wconf 66' lang='grc' dir='ltr'><strong>1ἳ55</strong></span> 
     </span>
    </p>
   </div>
   <div class='ocr_carea' id='block_1_2' title="bbox 1959 417 2903 482">
    <p class='ocr_par' dir='ltr' id='par_1_2' title="bbox 1959 417 2903 482">
     <span class='ocr_line' id='line_1_2' title="bbox 1959 417 2903 482; baseline 0.004 -4"><span class='ocrx_word' id='word_1_2' title='bbox 1959 417 2219 478; x_wconf 76' lang='grc' dir='ltr'><strong>ΡΙΙΟΤΙΙ</strong></span> <span class='ocrx_word' id='word_1_3' title='bbox 2253 418 2757 480; x_wconf 71' lang='lat' dir='ltr'><strong>PATRIARCIL‘E</strong></span> <span class='ocrx_word' id='word_1_4' title='bbox 2793 422 2903 482; x_wconf 66' lang='grc' dir='ltr'><strong>(ΣΡ.</strong></span> 
     </span>
    </p>
   </div>
   <div class='ocr_carea' id='block_1_3' title="bbox 3907 415 4056 479">
    <p class='ocr_par' dir='ltr' id='par_1_3' title="bbox 3907 415 4056 479">
     <span class='ocr_line' id='line_1_3' title="bbox 3907 415 4056 479; baseline 0 0"><span class='ocrx_word' id='word_1_5' title='bbox 3907 415 4056 479; x_wconf 80' lang='grc'><strong>1256</strong></span> 
     </span>
    </p>
   </div>
   <div class='ocr_carea' id='block_1_4' title="bbox 776 524 2357 601">
    <p class='ocr_par' dir='ltr' id='par_1_4' title="bbox 776 527 2349 598">
     <span class='ocr_line' id='line_1_4' title="bbox 776 527 2349 598; baseline 0.003 -19"><span class='ocrx_word' id='word_1_6' title='bbox 776 528 1025 597; x_wconf 60' lang='lat' dir='ltr'><strong>qualibet</strong></span> <span class='ocrx_word' id='word_1_7' title='bbox 1074 527 1235 581; x_wconf 91' lang='lat' dir='ltr'><strong>trium</strong></span> <span class='ocrx_word' id='word_1_8' title='bbox 1284 528 1493 582; x_wconf 91' lang='lat' dir='ltr'><strong>illarum</strong></span> <span class='ocrx_word' id='word_1_9' title='bbox 1556 530 2082 598; x_wconf 86' lang='lat' dir='ltr'><strong>comprehenderet,</strong></span> <span class='ocrx_word' id='word_1_10' title='bbox 2137 533 2229 584; x_wconf 88' lang='lat' dir='ltr'><strong>sed</strong></span> <span class='ocrx_word' id='word_1_11' title='bbox 2282 533 2349 584; x_wconf 89' lang='lat' dir='ltr'><strong>ad</strong></span> 
     </span>
    </p>
   </div>
   <div class='ocr_carea' id='block_1_5' title="bbox 2460 524 4049 601">
    <p class='ocr_par' dir='ltr' id='par_1_5' title="bbox 2461 524 4049 601">
     <span class='ocr_line' id='line_1_5' title="bbox 2461 524 4049 601; baseline -0.005 -15"><span class='ocrx_word' id='word_1_12' title='bbox 2461 534 2490 601; x_wconf 82' lang='grc' dir='ltr'>ἢ</span> <span class='ocrx_word' id='word_1_13' title='bbox 2525 534 2567 563; x_wconf 81' lang='grc'><strong>⁸⁷</strong></span> <span class='ocrx_word' id='word_1_14' title='bbox 2603 535 2750 594; x_wconf 81' lang='grc' dir='ltr'>ὅπως</span> <span class='ocrx_word' id='word_1_15' title='bbox 2772 534 2836 587; x_wconf 86' lang='grc' dir='ltr'><strong>ἀν</strong></span> <span class='ocrx_word' id='word_1_16' title='bbox 2860 548 2942 595; x_wconf 86' lang='grc' dir='ltr'><strong>τις</strong></span> <span class='ocrx_word' id='word_1_17' title='bbox 2982 531 3151 584; x_wconf 74' lang='grc' dir='ltr'>ἐθέλοι</span> <span class='ocrx_word' id='word_1_18' title='bbox 3181 530 3388 591; x_wconf 72' lang='grc' dir='ltr'>καλεῖν,</span> <span class='ocrx_word' id='word_1_19' title='bbox 3423 526 3643 598; x_wconf 74' lang='grc' dir='ltr'>τριττὴν</span> <span class='ocrx_word' id='word_1_20' title='bbox 3687 524 3899 595; x_wconf 68' lang='grc' dir='ltr'>ἔφασκε</span> <span class='ocrx_word' id='word_1_21' title='bbox 3953 528 4049 595; x_wconf 89' lang='grc' dir='ltr'>γί-</span> 
     </span>
    </p>
   </div>
   <div class='ocr_carea' id='block_1_6' title="bbox 775 623 2350 689">
    <p class='ocr_par' dir='ltr' id='par_1_6' title="bbox 775 623 2350 689">
     <span class='ocr_line' id='line_1_6' title="bbox 775 623 2350 689; baseline 0 -14"><span class='ocrx_word' id='word_1_22' title='bbox 775 636 917 685; x_wconf 87' lang='lat' dir='ltr'><strong>eam,</strong></span> <span class='ocrx_word' id='word_1_23' title='bbox 966 635 1083 689; x_wconf 68' lang='lat' dir='ltr'><strong>qua!</strong></span> <span class='ocrx_word' id='word_1_24' title='bbox 1134 636 1235 673; x_wconf 85' lang='lat' dir='ltr'><strong>ttna</strong></span> <span class='ocrx_word' id='word_1_25' title='bbox 1286 624 1464 674; x_wconf 87' lang='lat' dir='ltr'><strong>omnia</strong></span> <span class='ocrx_word' id='word_1_26' title='bbox 1521 623 1766 676; x_wconf 78' lang='lat' dir='ltr'><strong>vinceret</strong></span> <span class='ocrx_word' id='word_1_27' title='bbox 1814 637 1937 676; x_wconf 88' lang='lat' dir='ltr'><strong>sese</strong></span> <span class='ocrx_word' id='word_1_28' title='bbox 1988 623 2350 685; x_wconf 72' lang='lat' dir='ltr'><strong>confortnare,</strong></span> 
     </span>
    </p>
   </div>
   <div class='ocr_carea' id='block_1_7' title="bbox 779 714 2354 781">
    <p class='ocr_par' dir='ltr' id='par_1_7' title="bbox 779 714 2354 781">
     <span class='ocr_line' id='line_1_7' title="bbox 779 714 2354 781; baseline 0.001 -15"><span class='ocrx_word' id='word_1_29' title='bbox 779 716 1025 781; x_wconf 86' lang='lat' dir='ltr'><strong>illamque</strong></span> <span class='ocrx_word' id='word_1_30' title='bbox 1047 724 1271 765; x_wconf 65' lang='lat' dir='ltr'><strong>caeteras</strong></span> <span class='ocrx_word' id='word_1_31' title='bbox 1298 714 1507 767; x_wconf 80' lang='lat' dir='ltr'><strong>ratione</strong></span> <span class='ocrx_word' id='word_1_32' title='bbox 1536 715 1768 767; x_wconf 87' lang='lat' dir='ltr'><strong>maxime</strong></span> <span class='ocrx_word' id='word_1_33' title='bbox 1794 715 2029 774; x_wconf 86' lang='lat' dir='ltr'><strong>anteire,</strong></span> <span class='ocrx_word' id='word_1_34' title='bbox 2069 728 2229 781; x_wconf 88' lang='lat' dir='ltr'><strong>quam</strong></span> <span class='ocrx_word' id='word_1_35' title='bbox 2254 715 2354 767; x_wconf 90' lang='lat' dir='ltr'><strong>ali-</strong></span> 
     </span>
    </p>
   </div>
   <div class='ocr_carea' id='block_1_8' title="bbox 778 803 2357 871">
    <p class='ocr_par' dir='ltr' id='par_1_8' title="bbox 778 803 2357 871">
     <span class='ocr_line' id='line_1_8' title="bbox 778 803 2357 871; baseline 0.002 -19"><span class='ocrx_word' id='word_1_36' title='bbox 778 806 898 869; x_wconf 76' lang='lat' dir='ltr'><strong>quis</strong></span> <span class='ocrx_word' id='word_1_37' title='bbox 938 804 1153 856; x_wconf 81' lang='lat' dir='ltr'><strong>Saturni</strong></span> <span class='ocrx_word' id='word_1_38' title='bbox 1190 805 1351 855; x_wconf 87' lang='lat' dir='ltr'><strong>vitam</strong></span> <span class='ocrx_word' id='word_1_39' title='bbox 1384 845 1399 866; x_wconf 96' lang='lat'><strong>,</strong></span> <span class='ocrx_word' id='word_1_40' title='bbox 1435 804 1517 856; x_wconf 80' lang='lat' dir='ltr'><strong>vel</strong></span> <span class='ocrx_word' id='word_1_41' title='bbox 1559 819 1774 857; x_wconf 86' lang='lat' dir='ltr'><strong>auream</strong></span> <span class='ocrx_word' id='word_1_42' title='bbox 1810 812 2025 856; x_wconf 72' lang='lat' dir='ltr'><strong>aetatem</strong></span> <span class='ocrx_word' id='word_1_43' title='bbox 2080 803 2162 856; x_wconf 91' lang='lat' dir='ltr'><strong>vel</strong></span> <span class='ocrx_word' id='word_1_44' title='bbox 2192 818 2357 871; x_wconf 82' lang='lat' dir='ltr'><strong>genus</strong></span> 
     </span>
    </p>
   </div>
   <div class='ocr_carea' id='block_1_9' title="bbox 777 895 2355 963">
    <p class='ocr_par' dir='ltr' id='par_1_9' title="bbox 777 895 2355 963">
     <span class='ocr_line' id='line_1_9' title="bbox 777 895 2355 963; baseline -0.001 -15"><span class='ocrx_word' id='word_1_45' title='bbox 777 897 1019 961; x_wconf 76' lang='lat' dir='ltr'><strong>proxime</strong></span> <span class='ocrx_word' id='word_1_46' title='bbox 1051 896 1115 948; x_wconf 83' lang='lat' dir='ltr'><strong>ad</strong></span> <span class='ocrx_word' id='word_1_47' title='bbox 1160 896 1289 948; x_wconf 84' lang='lat' dir='ltr'><strong>deos</strong></span> <span class='ocrx_word' id='word_1_48' title='bbox 1336 896 1598 948; x_wconf 77' lang='lat' dir='ltr'><strong>accedens</strong></span> <span class='ocrx_word' id='word_1_49' title='bbox 1661 895 1929 962; x_wconf 86' lang='lat' dir='ltr'><strong>appellare</strong></span> <span class='ocrx_word' id='word_1_50' title='bbox 1975 896 2163 963; x_wconf 86' lang='lat' dir='ltr'><strong>possit,</strong></span> <span class='ocrx_word' id='word_1_51' title='bbox 2194 910 2355 963; x_wconf 84' lang='lat' dir='ltr'><strong>quant</strong></span> 
     </span>
    </p>
   </div>
   <div class='ocr_carea' id='block_1_10' title="bbox 778 986 2355 1055">
    <p class='ocr_par' dir='ltr' id='par_1_10' title="bbox 778 986 2355 1055">
     <span class='ocr_line' id='line_1_10' title="bbox 778 986 2355 1055; baseline 0 -16"><span class='ocrx_word' id='word_1_52' title='bbox 778 988 968 1040; x_wconf 60' lang='lat' dir='ltr'><strong>fabula:</strong></span> <span class='ocrx_word' id='word_1_53' title='bbox 996 987 1273 1040; x_wconf 89' lang='lat' dir='ltr'><strong>involucro</strong></span> <span class='ocrx_word' id='word_1_54' title='bbox 1306 998 1474 1053; x_wconf 64' lang='lat' dir='ltr'><strong>poeta:</strong></span> <span class='ocrx_word' id='word_1_55' title='bbox 1502 987 1578 1055; x_wconf 80' lang='lat' dir='ltr'><strong>(i)</strong></span> <span class='ocrx_word' id='word_1_56' title='bbox 1609 988 1660 1038; x_wconf 92' lang='lat' dir='ltr'><strong>in</strong></span> <span class='ocrx_word' id='word_1_57' title='bbox 1692 986 1899 1055; x_wconf 90' lang='lat' dir='ltr'><strong>tripode</strong></span> <span class='ocrx_word' id='word_1_58' title='bbox 1950 988 2222 1040; x_wconf 84' lang='lat' dir='ltr'><strong>Musarum</strong></span> <span class='ocrx_word' id='word_1_59' title='bbox 2268 1001 2355 1039; x_wconf 89' lang='lat' dir='ltr'><strong>se-</strong></span> 
     </span>
    </p>
   </div>
   <div class='ocr_carea' id='block_1_11' title="bbox 776 1076 2354 1145">
    <p class='ocr_par' dir='ltr' id='par_1_11' title="bbox 776 1076 2354 1145">
     <span class='ocr_line' id='line_1_11' title="bbox 776 1076 2354 1145; baseline 0 -16"><span class='ocrx_word' id='word_1_60' title='bbox 776 1082 960 1131; x_wconf 86' lang='lat' dir='ltr'><strong>dentes</strong></span> <span class='ocrx_word' id='word_1_61' title='bbox 989 1078 1373 1144; x_wconf 67' lang='lat' dir='ltr'><strong>depraadicant.</strong></span> <span class='ocrx_word' id='word_1_62' title='bbox 1414 1076 1513 1129; x_wconf 84' lang='lat' dir='ltr'><strong>llic</strong></span> <span class='ocrx_word' id='word_1_63' title='bbox 1549 1091 1669 1129; x_wconf 86' lang='lat' dir='ltr'><strong>cum</strong></span> <span class='ocrx_word' id='word_1_64' title='bbox 1718 1078 2071 1143; x_wconf 80' lang='lat' dir='ltr'><strong>simplicitate</strong></span> <span class='ocrx_word' id='word_1_65' title='bbox 2111 1077 2190 1145; x_wconf 73' lang='lat'><strong>(2)</strong></span> <span class='ocrx_word' id='word_1_66' title='bbox 2230 1087 2354 1129; x_wconf 86' lang='lat' dir='ltr'><strong>tan-</strong></span> 
     </span>
    </p>
   </div>
   <div class='ocr_carea' id='block_1_12' title="bbox 777 1168 2352 1235">
    <p class='ocr_par' dir='ltr' id='par_1_12' title="bbox 777 1168 2352 1235">
     <span class='ocr_line' id='line_1_12' title="bbox 777 1168 2352 1235; baseline 0.001 -16"><span class='ocrx_word' id='word_1_67' title='bbox 777 1178 885 1219; x_wconf 92' lang='lat' dir='ltr'><strong>tum</strong></span> <span class='ocrx_word' id='word_1_68' title='bbox 920 1170 1198 1222; x_wconf 81' lang='lat' dir='ltr'><strong>veritatem</strong></span> <span class='ocrx_word' id='word_1_69' title='bbox 1237 1168 1445 1230; x_wconf 82' lang='lat' dir='ltr'><strong>dilexit,</strong></span> <span class='ocrx_word' id='word_1_70' title='bbox 1481 1177 1539 1219; x_wconf 89' lang='lat' dir='ltr'><strong>ut</strong></span> <span class='ocrx_word' id='word_1_71' title='bbox 1567 1182 1728 1235; x_wconf 84' lang='lat' dir='ltr'><strong>supra</strong></span> <span class='ocrx_word' id='word_1_72' title='bbox 1766 1169 1980 1220; x_wconf 89' lang='lat' dir='ltr'><strong>modum</strong></span> <span class='ocrx_word' id='word_1_73' title='bbox 2015 1183 2175 1221; x_wconf 80' lang='lat' dir='ltr'><strong>verax</strong></span> <span class='ocrx_word' id='word_1_74' title='bbox 2212 1182 2352 1232; x_wconf 90' lang='lat' dir='ltr'><strong>esse,</strong></span> 
     </span>
    </p>
   </div>
   <div class='ocr_carea' id='block_1_13' title="bbox 776 1258 2357 1325">
    <p class='ocr_par' dir='ltr' id='par_1_13' title="bbox 776 1258 2357 1325">
     <span class='ocr_line' id='line_1_13' title="bbox 776 1258 2357 1325; baseline 0.001 -16"><span class='ocrx_word' id='word_1_75' title='bbox 776 1272 875 1310; x_wconf 91' lang='lat' dir='ltr'><strong>nec</strong></span> <span class='ocrx_word' id='word_1_76' title='bbox 907 1258 1086 1311; x_wconf 85' lang='lat' dir='ltr'><strong>fictum</strong></span> <span class='ocrx_word' id='word_1_77' title='bbox 1124 1258 1328 1325; x_wconf 90' lang='lat' dir='ltr'><strong>aliquid</strong></span> <span class='ocrx_word' id='word_1_78' title='bbox 1364 1259 1414 1309; x_wconf 95' lang='lat' dir='ltr'><strong>in</strong></span> <span class='ocrx_word' id='word_1_79' title='bbox 1466 1274 1525 1311; x_wconf 86' lang='lat' dir='ltr'><strong>se</strong></span> <span class='ocrx_word' id='word_1_80' title='bbox 1555 1259 1838 1311; x_wconf 90' lang='lat' dir='ltr'><strong>continere</strong></span> <span class='ocrx_word' id='word_1_81' title='bbox 1863 1259 2160 1313; x_wconf 84' lang='lat' dir='ltr'><strong>videretur.</strong></span> <span class='ocrx_word' id='word_1_82' title='bbox 2192 1258 2357 1312; x_wconf 85' lang='lat' dir='ltr'><strong>Pecu-</strong></span> 
     </span>
    </p>
   </div>
   <div class='ocr_carea' id='block_1_14' title="bbox 775 1350 2355 1417">
    <p class='ocr_par' dir='ltr' id='par_1_14' title="bbox 775 1350 2355 1417">
     <span class='ocr_line' id='line_1_14' title="bbox 775 1350 2355 1417; baseline 0.003 -17"><span class='ocrx_word' id='word_1_83' title='bbox 775 1351 875 1401; x_wconf 70' lang='lat' dir='ltr'><strong>niae</strong></span> <span class='ocrx_word' id='word_1_84' title='bbox 902 1350 1245 1417; x_wconf 72' lang='lat' dir='ltr'><strong>acquirendae</strong></span> <span class='ocrx_word' id='word_1_85' title='bbox 1284 1366 1387 1402; x_wconf 92' lang='lat' dir='ltr'><strong>non</strong></span> <span class='ocrx_word' id='word_1_86' title='bbox 1426 1351 1702 1414; x_wconf 77' lang='lat' dir='ltr'><strong>studebat,</strong></span> <span class='ocrx_word' id='word_1_87' title='bbox 1735 1352 1828 1403; x_wconf 84' lang='lat' dir='ltr'><strong>sed</strong></span> <span class='ocrx_word' id='word_1_88' title='bbox 1860 1350 1935 1403; x_wconf 88' lang='lat' dir='ltr'><strong>rei</strong></span> <span class='ocrx_word' id='word_1_89' title='bbox 1982 1350 2295 1404; x_wconf 70' lang='lat' dir='ltr'><strong>domestica:</strong></span> <span class='ocrx_word' id='word_1_90' title='bbox 2323 1365 2355 1404; x_wconf 88' lang='lat' dir='ltr'><strong>a</strong></span> 
     </span>
    </p>
   </div>
   <div class='ocr_carea' id='block_1_15' title="bbox 774 1440 2354 1509">
    <p class='ocr_par' dir='ltr' id='par_1_15' title="bbox 774 1440 2354 1509">
     <span class='ocr_line' id='line_1_15' title="bbox 774 1440 2354 1509; baseline 0.004 -19"><span class='ocrx_word' id='word_1_91' title='bbox 774 1448 969 1491; x_wconf 85' lang='lat' dir='ltr'><strong>natura</strong></span> <span class='ocrx_word' id='word_1_92' title='bbox 998 1440 1358 1504; x_wconf 68' lang='lat' dir='ltr'><strong>gubernanda:</strong></span> <span class='ocrx_word' id='word_1_93' title='bbox 1384 1441 1591 1509; x_wconf 88' lang='lat' dir='ltr'><strong>peritus</strong></span> <span class='ocrx_word' id='word_1_94' title='bbox 1617 1452 1753 1502; x_wconf 91' lang='lat' dir='ltr'><strong>erat,</strong></span> <span class='ocrx_word' id='word_1_95' title='bbox 1783 1441 1908 1508; x_wconf 92' lang='lat' dir='ltr'><strong>quin</strong></span> <span class='ocrx_word' id='word_1_96' title='bbox 1934 1442 2099 1495; x_wconf 88' lang='lat' dir='ltr'><strong>etiam</strong></span> <span class='ocrx_word' id='word_1_97' title='bbox 2148 1442 2199 1495; x_wconf 94' lang='lat' dir='ltr'><strong>in</strong></span> <span class='ocrx_word' id='word_1_98' title='bbox 2234 1442 2354 1496; x_wconf 92' lang='lat' dir='ltr'><strong>aliis</strong></span> 
     </span>
    </p>
   </div>
   <div class='ocr_carea' id='block_1_16' title="bbox 772 1530 2354 1600">
    <p class='ocr_par' dir='ltr' id='par_1_16' title="bbox 772 1530 2354 1600">
     <span class='ocr_line' id='line_1_16' title="bbox 772 1530 2354 1600; baseline 0.004 -21"><span class='ocrx_word' id='word_1_99' title='bbox 772 1530 1020 1580; x_wconf 88' lang='lat' dir='ltr'><strong>omnibus</strong></span> <span class='ocrx_word' id='word_1_100' title='bbox 1056 1544 1283 1597; x_wconf 77' lang='lat' dir='ltr'><strong>gnavus,</strong></span> <span class='ocrx_word' id='word_1_101' title='bbox 1316 1531 1509 1583; x_wconf 82' lang='lat' dir='ltr'><strong>donius</strong></span> <span class='ocrx_word' id='word_1_102' title='bbox 1547 1546 1730 1583; x_wconf 79' lang='lat' dir='ltr'><strong>curant</strong></span> <span class='ocrx_word' id='word_1_103' title='bbox 1772 1532 2031 1598; x_wconf 81' lang='lat' dir='ltr'><strong>gerebat,</strong></span> <span class='ocrx_word' id='word_1_104' title='bbox 2078 1546 2354 1600; x_wconf 57' lang='lat' dir='ltr'><strong>magnam-</strong></span> 
     </span>
    </p>
   </div>
   <div class='ocr_carea' id='block_1_17' title="bbox 772 1619 2357 1691">
    <p class='ocr_par' dir='ltr' id='par_1_17' title="bbox 772 1619 2357 1691">
     <span class='ocr_line' id='line_1_17' title="bbox 772 1619 2357 1691; baseline 0.004 -22"><span class='ocrx_word' id='word_1_105' title='bbox 772 1632 875 1684; x_wconf 86' lang='lat' dir='ltr'><strong>que</strong></span> <span class='ocrx_word' id='word_1_106' title='bbox 896 1619 998 1671; x_wconf 90' lang='lat' dir='ltr'><strong>diei</strong></span> <span class='ocrx_word' id='word_1_107' title='bbox 1028 1628 1233 1685; x_wconf 89' lang='lat' dir='ltr'><strong>partem</strong></span> <span class='ocrx_word' id='word_1_108' title='bbox 1265 1622 1315 1671; x_wconf 90' lang='lat' dir='ltr'><strong>in</strong></span> <span class='ocrx_word' id='word_1_109' title='bbox 1357 1634 1423 1671; x_wconf 92' lang='lat' dir='ltr'><strong>eo</strong></span> <span class='ocrx_word' id='word_1_110' title='bbox 1472 1622 1653 1674; x_wconf 88' lang='lat' dir='ltr'><strong>studio</strong></span> <span class='ocrx_word' id='word_1_111' title='bbox 1687 1622 1953 1690; x_wconf 87' lang='lat' dir='ltr'><strong>ponebat,</strong></span> <span class='ocrx_word' id='word_1_112' title='bbox 1998 1622 2191 1689; x_wconf 89' lang='lat' dir='ltr'><strong>partim</strong></span> <span class='ocrx_word' id='word_1_113' title='bbox 2244 1622 2357 1691; x_wconf 90' lang='lat' dir='ltr'><strong>ipse</strong></span> 
     </span>
    </p>
   </div>
   <div class='ocr_carea' id='block_1_18' title="bbox 770 1709 1601 1779">
    <p class='ocr_par' dir='ltr' id='par_1_18' title="bbox 770 1709 1601 1779">
     <span class='ocr_line' id='line_1_18' title="bbox 770 1709 1601 1779; baseline 0.004 -20"><span class='ocrx_word' id='word_1_114' title='bbox 770 1709 975 1778; x_wconf 80' lang='lat' dir='ltr'><strong>agendo</strong></span> <span class='ocrx_word' id='word_1_115' title='bbox 991 1748 1006 1773; x_wconf 93' lang='lat'><strong>,</strong></span> <span class='ocrx_word' id='word_1_116' title='bbox 1046 1712 1240 1779; x_wconf 86' lang='lat' dir='ltr'><strong>partim</strong></span> <span class='ocrx_word' id='word_1_117' title='bbox 1283 1712 1601 1764; x_wconf 89' lang='lat' dir='ltr'><strong>ordinando.</strong></span> 
     </span>
    </p>
   </div>
   <div class='ocr_carea' id='block_1_19' title="bbox 2460 620 4047 689">
    <p class='ocr_par' dir='ltr' id='par_1_19' title="bbox 2460 620 4047 689">
     <span class='ocr_line' id='line_1_19' title="bbox 2460 620 4047 689; baseline -0.001 -17"><span class='ocrx_word' id='word_1_118' title='bbox 2460 622 2642 674; x_wconf 85' lang='grc' dir='ltr'>νεσθαι</span> <span class='ocrx_word' id='word_1_119' title='bbox 2680 624 2974 683; x_wconf 89' lang='grc' dir='ltr'>πολιτείαν,</span> <span class='ocrx_word' id='word_1_120' title='bbox 3022 621 3256 689; x_wconf 72' lang='grc' dir='ltr'>ἔχουσαν</span> <span class='ocrx_word' id='word_1_121' title='bbox 3300 620 3398 687; x_wconf 83' lang='grc' dir='ltr'>μὲν</span> <span class='ocrx_word' id='word_1_122' title='bbox 3454 620 3691 687; x_wconf 78' lang='grc' dir='ltr'>ἑκάστην</span> <span class='ocrx_word' id='word_1_123' title='bbox 3719 620 3821 681; x_wconf 78' lang='grc' dir='ltr'>τὰς</span> <span class='ocrx_word' id='word_1_124' title='bbox 3871 624 4047 688; x_wconf 79' lang='grc' dir='ltr'>τρεῖς,</span> 
     </span>
    </p>
   </div>
   <div class='ocr_carea' id='block_1_20' title="bbox 2457 710 4048 783">
    <p class='ocr_par' dir='ltr' id='par_1_20' title="bbox 2457 710 4048 783">
     <span class='ocr_line' id='line_1_20' title="bbox 2457 710 4048 783; baseline -0.004 -18"><span class='ocrx_word' id='word_1_125' title='bbox 2457 714 2592 765; x_wconf 87' lang='grc' dir='ltr'><strong>ἀλλά</strong></span> <span class='ocrx_word' id='word_1_126' title='bbox 2615 714 2692 782; x_wconf 78' lang='grc' dir='ltr'>τῷ</span> <span class='ocrx_word' id='word_1_127' title='bbox 2715 713 3007 783; x_wconf 80' lang='grc' dir='ltr'><strong>κρατοῦντι</strong></span> <span class='ocrx_word' id='word_1_128' title='bbox 3034 714 3113 765; x_wconf 72' lang='grc' dir='ltr'><strong>ἑνὶ</strong></span> <span class='ocrx_word' id='word_1_129' title='bbox 3132 712 3192 764; x_wconf 82' lang='grc' dir='ltr'><strong>τὸ</strong></span> <span class='ocrx_word' id='word_1_130' title='bbox 3221 712 3333 762; x_wconf 79' lang='grc' dir='ltr'>πᾶν</span> <span class='ocrx_word' id='word_1_131' title='bbox 3377 711 3783 779; x_wconf 80' lang='grc' dir='ltr'>μορφουμένην,</span> <span class='ocrx_word' id='word_1_132' title='bbox 3821 712 3917 762; x_wconf 81' lang='grc' dir='ltr'>καὶ</span> <span class='ocrx_word' id='word_1_133' title='bbox 3947 710 4048 779; x_wconf 81' lang='grc' dir='ltr'>τὴν</span> 
     </span>
    </p>
   </div>
   <div class='ocr_carea' id='block_1_21' title="bbox 2462 798 4048 875">
    <p class='ocr_par' dir='ltr' id='par_1_21' title="bbox 2462 798 4048 875">
     <span class='ocr_line' id='line_1_21' title="bbox 2462 798 4048 875; baseline -0.004 -18"><span class='ocrx_word' id='word_1_134' title='bbox 2462 806 2557 873; x_wconf 76' lang='grc' dir='ltr'>μὲν</span> <span class='ocrx_word' id='word_1_135' title='bbox 2587 806 2631 836; x_wconf 82' lang='grc'><strong>⁸⁸</strong></span> <span class='ocrx_word' id='word_1_136' title='bbox 2655 809 2904 875; x_wconf 79' lang='grc' dir='ltr'><strong>προϊέναι</strong></span> <span class='ocrx_word' id='word_1_137' title='bbox 2942 805 3176 874; x_wconf 83' lang='grc' dir='ltr'>μάλιστα</span> <span class='ocrx_word' id='word_1_138' title='bbox 3202 805 3343 857; x_wconf 86' lang='grc' dir='ltr'><strong>κατά</strong></span> <span class='ocrx_word' id='word_1_139' title='bbox 3374 803 3551 868; x_wconf 83' lang='grc' dir='ltr'>λόγον,</span> <span class='ocrx_word' id='word_1_140' title='bbox 3584 803 3652 871; x_wconf 79' lang='grc' dir='ltr'>ἦν</span> <span class='ocrx_word' id='word_1_141' title='bbox 3679 804 3743 853; x_wconf 84' lang='grc' dir='ltr'><strong>ἀν</strong></span> <span class='ocrx_word' id='word_1_142' title='bbox 3780 820 3864 862; x_wconf 82' lang='grc' dir='ltr'><strong>τις</strong></span> <span class='ocrx_word' id='word_1_143' title='bbox 3893 798 4048 866; x_wconf 73' lang='grc' dir='ltr'>οἶμαι</span> 
     </span>
    </p>
   </div>
   <div class='ocr_carea' id='block_1_22' title="bbox 2456 892 4046 964">
    <p class='ocr_par' dir='ltr' id='par_1_22' title="bbox 2456 892 4046 964">
     <span class='ocr_line' id='line_1_22' title="bbox 2456 892 4046 964; baseline -0.004 -17"><span class='ocrx_word' id='word_1_144' title='bbox 2456 897 2546 947; x_wconf 71' lang='grc' dir='ltr'>τὸν</span> <span class='ocrx_word' id='word_1_145' title='bbox 2577 897 2668 948; x_wconf 70' lang='grc' dir='ltr'><strong>ἐπὶ</strong></span> <span class='ocrx_word' id='word_1_146' title='bbox 2730 897 2937 964; x_wconf 79' lang='grc' dir='ltr'><strong>Κρόνου</strong></span> <span class='ocrx_word' id='word_1_147' title='bbox 2996 895 3108 963; x_wconf 88' lang='grc' dir='ltr'>βίον</span> <span class='ocrx_word' id='word_1_148' title='bbox 3163 893 3617 963; x_wconf 80' lang='grc' dir='ltr'>ὲπονομάσειενῆ</span> <span class='ocrx_word' id='word_1_149' title='bbox 3677 894 3777 960; x_wconf 79' lang='grc' dir='ltr'>τὴν</span> <span class='ocrx_word' id='word_1_150' title='bbox 3834 892 4046 961; x_wconf 67' lang='grc' dir='ltr'>χρυσῆν</span> 
     </span>
    </p>
   </div>
   <div class='ocr_carea' id='block_1_23' title="bbox 2458 978 4043 1055">
    <p class='ocr_par' dir='ltr' id='par_1_23' title="bbox 2458 978 4043 1055">
     <span class='ocr_line' id='line_1_23' title="bbox 2458 978 4043 1055; baseline -0.005 -16"><span class='ocrx_word' id='word_1_151' title='bbox 2458 988 2647 1055; x_wconf 83' lang='grc' dir='ltr'>γενεὰν</span> <span class='ocrx_word' id='word_1_152' title='bbox 2678 986 2708 1055; x_wconf 78' lang='grc' dir='ltr'>ἢ</span> <span class='ocrx_word' id='word_1_153' title='bbox 2750 986 2809 1037; x_wconf 80' lang='grc' dir='ltr'>τὸ</span> <span class='ocrx_word' id='word_1_154' title='bbox 2831 986 2967 1037; x_wconf 82' lang='grc' dir='ltr'>θεῶν</span> <span class='ocrx_word' id='word_1_155' title='bbox 3000 986 3332 1055; x_wconf 83' lang='grc' dir='ltr'>ἀγχίσπορον</span> <span class='ocrx_word' id='word_1_156' title='bbox 3358 985 3535 1050; x_wconf 83' lang='grc' dir='ltr'>γένος,</span> <span class='ocrx_word' id='word_1_157' title='bbox 3570 978 3657 1035; x_wconf 69' lang='grc' dir='ltr'>οἷα</span> <span class='ocrx_word' id='word_1_158' title='bbox 3680 985 3738 1034; x_wconf 83' lang='grc' dir='ltr'>ἐν</span> <span class='ocrx_word' id='word_1_159' title='bbox 3798 983 4043 1050; x_wconf 79' lang='grc' dir='ltr'>σχήματι</span> 
     </span>
    </p>
   </div>
   <div class='ocr_carea' id='block_1_24' title="bbox 2461 1074 4042 1148">
    <p class='ocr_par' dir='ltr' id='par_1_24' title="bbox 2461 1074 4042 1148">
     <span class='ocr_line' id='line_1_24' title="bbox 2461 1074 4042 1148; baseline -0.006 -17"><span class='ocrx_word' id='word_1_160' title='bbox 2461 1078 2632 1148; x_wconf 83' lang='grc' dir='ltr'>μύθου</span> <span class='ocrx_word' id='word_1_161' title='bbox 2699 1078 3057 1145; x_wconf 75' lang='grc' dir='ltr'><strong>σεμνύνουσιν</strong></span> <span class='ocrx_word' id='word_1_162' title='bbox 3085 1078 3142 1129; x_wconf 77' lang='grc' dir='ltr'>ὲν</span> <span class='ocrx_word' id='word_1_163' title='bbox 3170 1077 3248 1146; x_wconf 84' lang='grc' dir='ltr'>τῷ</span> <span class='ocrx_word' id='word_1_164' title='bbox 3282 1075 3493 1145; x_wconf 84' lang='grc' dir='ltr'>τρίποδι</span> <span class='ocrx_word' id='word_1_165' title='bbox 3538 1075 3637 1143; x_wconf 69' lang='grc' dir='ltr'>τῆς</span> <span class='ocrx_word' id='word_1_166' title='bbox 3689 1074 3916 1139; x_wconf 78' lang='grc' dir='ltr'>Μούσης</span> <span class='ocrx_word' id='word_1_167' title='bbox 3943 1089 4042 1121; x_wconf 74' lang='grc' dir='ltr'>κα-</span> 
     </span>
    </p>
   </div>
   <div class='ocr_carea' id='block_1_25' title="bbox 2466 1164 4045 1237">
    <p class='ocr_par' dir='ltr' id='par_1_25' title="bbox 2466 1164 4045 1237">
     <span class='ocr_line' id='line_1_25' title="bbox 2466 1164 4045 1237; baseline -0.004 -18"><span class='ocrx_word' id='word_1_168' title='bbox 2466 1168 2690 1237; x_wconf 84' lang='grc' dir='ltr'>θήμενοι</span> <span class='ocrx_word' id='word_1_169' title='bbox 2726 1169 2973 1237; x_wconf 89' lang='grc' dir='ltr'>ποιηταί.</span> <span class='ocrx_word' id='word_1_170' title='bbox 3014 1167 3073 1219; x_wconf 86' lang='grc' dir='ltr'>Ὀ</span> <span class='ocrx_word' id='word_1_171' title='bbox 3107 1166 3165 1218; x_wconf 65' lang='grc' dir='ltr'>δὲ</span> <span class='ocrx_word' id='word_1_172' title='bbox 3193 1166 3327 1235; x_wconf 80' lang='grc' dir='ltr'>πρὸς</span> <span class='ocrx_word' id='word_1_173' title='bbox 3350 1168 3414 1234; x_wconf 75' lang='grc' dir='ltr'>τῇ</span> <span class='ocrx_word' id='word_1_174' title='bbox 3444 1164 3671 1232; x_wconf 77' lang='grc' dir='ltr'>ἀφελείᾳ</span> <span class='ocrx_word' id='word_1_175' title='bbox 3696 1164 3741 1194; x_wconf 78' lang='grc'><strong><em>⁸⁸</em></strong></span> <span class='ocrx_word' id='word_1_176' title='bbox 3778 1164 3925 1214; x_wconf 74' lang='grc' dir='ltr'>οὕτω</span> <span class='ocrx_word' id='word_1_177' title='bbox 3956 1164 4045 1213; x_wconf 77' lang='grc' dir='ltr'><strong>καὶ</strong></span> 
     </span>
    </p>
   </div>
   <div class='ocr_carea' id='block_1_26' title="bbox 2456 1249 4043 1329">
    <p class='ocr_par' dir='ltr' id='par_1_26' title="bbox 2456 1249 4043 1329">
     <span class='ocr_line' id='line_1_26' title="bbox 2456 1249 4043 1329; baseline -0.004 -18"><span class='ocrx_word' id='word_1_178' title='bbox 2456 1260 2554 1329; x_wconf 82' lang='grc' dir='ltr'><strong>τὴν</strong></span> <span class='ocrx_word' id='word_1_179' title='bbox 2582 1259 2873 1327; x_wconf 79' lang='grc' dir='ltr'>ἀψεύδειαν</span> <span class='ocrx_word' id='word_1_180' title='bbox 2904 1260 3118 1327; x_wconf 78' lang='grc' dir='ltr'>ἠγάπα,</span> <span class='ocrx_word' id='word_1_181' title='bbox 3169 1256 3309 1309; x_wconf 84' lang='grc' dir='ltr'>ὥστε</span> <span class='ocrx_word' id='word_1_182' title='bbox 3352 1257 3443 1308; x_wconf 77' lang='grc' dir='ltr'>καὶ</span> <span class='ocrx_word' id='word_1_183' title='bbox 3498 1254 3875 1321; x_wconf 83' lang='grc' dir='ltr'>εὐθύγλωττος</span> <span class='ocrx_word' id='word_1_184' title='bbox 3906 1249 4043 1305; x_wconf 75' lang='grc' dir='ltr'>εἶναι</span> 
     </span>
    </p>
   </div>
   <div class='ocr_carea' id='block_1_27' title="bbox 2457 1344 4043 1417">
    <p class='ocr_par' dir='ltr' id='par_1_27' title="bbox 2457 1344 4043 1417">
     <span class='ocr_line' id='line_1_27' title="bbox 2457 1344 4043 1417; baseline -0.006 -16"><span class='ocrx_word' id='word_1_185' title='bbox 2457 1349 2599 1417; x_wconf 88' lang='grc' dir='ltr'>πέρα</span> <span class='ocrx_word' id='word_1_186' title='bbox 2616 1350 2709 1400; x_wconf 89' lang='grc' dir='ltr'><strong>τοῦ</strong></span> <span class='ocrx_word' id='word_1_187' title='bbox 2722 1348 2952 1410; x_wconf 78' lang='grc' dir='ltr'>οδέοντος</span> <span class='ocrx_word' id='word_1_188' title='bbox 2975 1346 3343 1410; x_wconf 77' lang='grc' dir='ltr'>έδοξάζετω,⁹⁶</span> <span class='ocrx_word' id='word_1_189' title='bbox 3376 1347 3468 1397; x_wconf 77' lang='grc' dir='ltr'>καὶ</span> <span class='ocrx_word' id='word_1_190' title='bbox 3490 1344 3599 1396; x_wconf 80' lang='grc' dir='ltr'>οὐδ’</span> <span class='ocrx_word' id='word_1_191' title='bbox 3616 1344 3794 1395; x_wconf 79' lang='grc' dir='ltr'>ὁτιοῦν</span> <span class='ocrx_word' id='word_1_192' title='bbox 3815 1344 3962 1411; x_wconf 71' lang='grc' dir='ltr'>ἔχειν</span> <span class='ocrx_word' id='word_1_193' title='bbox 3992 1345 4043 1393; x_wconf 81' lang='grc' dir='ltr'>ὲν</span> 
     </span>
    </p>
   </div>
   <div class='ocr_carea' id='block_1_28' title="bbox 2458 1433 4043 1507">
    <p class='ocr_par' dir='ltr' id='par_1_28' title="bbox 2458 1433 4043 1507">
     <span class='ocr_line' id='line_1_28' title="bbox 2458 1433 4043 1507; baseline -0.003 -18"><span class='ocrx_word' id='word_1_194' title='bbox 2458 1436 2635 1505; x_wconf 80' lang='grc' dir='ltr'>ἑαυτῷ</span> <span class='ocrx_word' id='word_1_195' title='bbox 2663 1438 3149 1507; x_wconf 84' lang='grc' dir='ltr'>προσποιούμενον.</span> <span class='ocrx_word' id='word_1_196' title='bbox 3186 1436 3386 1489; x_wconf 85' lang='grc' dir='ltr'>Πολλοῦ</span> <span class='ocrx_word' id='word_1_197' title='bbox 3414 1440 3486 1502; x_wconf 79' lang='grc' dir='ltr'>’γε</span> <span class='ocrx_word' id='word_1_198' title='bbox 3528 1437 3621 1486; x_wconf 76' lang='grc' dir='ltr'><strong>καὶ</strong></span> <span class='ocrx_word' id='word_1_199' title='bbox 3656 1435 3849 1503; x_wconf 76' lang='grc' dir='ltr'>ἐδέησε</span> <span class='ocrx_word' id='word_1_200' title='bbox 3888 1433 4043 1485; x_wconf 80' lang='grc' dir='ltr'>τοῦτο</span> 
     </span>
    </p>
   </div>
   <div class='ocr_carea' id='block_1_29' title="bbox 2457 1524 4041 1597">
    <p class='ocr_par' dir='ltr' id='par_1_29' title="bbox 2457 1524 4041 1597">
     <span class='ocr_line' id='line_1_29' title="bbox 2457 1524 4041 1597; baseline -0.004 -18"><span class='ocrx_word' id='word_1_201' title='bbox 2457 1528 2670 1580; x_wconf 88' lang='grc' dir='ltr'>παθεῖν.</span> <span class='ocrx_word' id='word_1_202' title='bbox 2708 1528 2823 1579; x_wconf 83' lang='grc' dir='ltr'>Οὐκ</span> <span class='ocrx_word' id='word_1_203' title='bbox 2876 1524 2943 1597; x_wconf 83' lang='grc' dir='ltr'>ἦν</span> <span class='ocrx_word' id='word_1_204' title='bbox 3001 1530 3044 1560; x_wconf 77' lang='grc'><strong>⁸⁸</strong></span> <span class='ocrx_word' id='word_1_205' title='bbox 3078 1527 3482 1595; x_wconf 79' lang='grc' dir='ltr'>φιλοχρήματος</span> <span class='ocrx_word' id='word_1_206' title='bbox 3505 1568 3518 1588; x_wconf 93' lang='grc'><strong>,</strong></span> <span class='ocrx_word' id='word_1_207' title='bbox 3556 1526 3671 1578; x_wconf 78' lang='grc' dir='ltr'>ἀλλ’</span> <span class='ocrx_word' id='word_1_208' title='bbox 3700 1526 4041 1591; x_wconf 67' lang='grc' dir='ltr'>οίκονομικὸς</span> 
     </span>
    </p>
   </div>
   <div class='ocr_carea' id='block_1_30' title="bbox 2455 1614 4038 1688">
    <p class='ocr_par' dir='ltr' id='par_1_30' title="bbox 2455 1614 4038 1688">
     <span class='ocr_line' id='line_1_30' title="bbox 2455 1614 4038 1688; baseline -0.004 -15"><span class='ocrx_word' id='word_1_209' title='bbox 2455 1618 2596 1670; x_wconf 81' lang='grc' dir='ltr'><strong>κατά</strong></span> <span class='ocrx_word' id='word_1_210' title='bbox 2624 1618 2786 1686; x_wconf 77' lang='grc' dir='ltr'>φύσιν</span> <span class='ocrx_word' id='word_1_211' title='bbox 2808 1634 2824 1648; x_wconf 79' lang='grc'><strong><em>⁸</em></strong></span> <span class='ocrx_word' id='word_1_212' title='bbox 2856 1614 2925 1688; x_wconf 76' lang='grc' dir='ltr'>ἦν</span> <span class='ocrx_word' id='word_1_213' title='bbox 2954 1619 3058 1687; x_wconf 77' lang='grc' dir='ltr'>γὰρ</span> <span class='ocrx_word' id='word_1_214' title='bbox 3094 1618 3188 1671; x_wconf 78' lang='grc' dir='ltr'>καὶ</span> <span class='ocrx_word' id='word_1_215' title='bbox 3237 1618 3307 1669; x_wconf 90' lang='grc' dir='ltr'><strong>τά</strong></span> <span class='ocrx_word' id='word_1_216' title='bbox 3338 1618 3472 1671; x_wconf 81' lang='grc' dir='ltr'>ἀλλα</span> <span class='ocrx_word' id='word_1_217' title='bbox 3520 1618 3697 1669; x_wconf 74' lang='grc' dir='ltr'>πάντα</span> <span class='ocrx_word' id='word_1_218' title='bbox 3734 1620 3779 1648; x_wconf 84' lang='grc'><strong>⁹¹</strong></span> <span class='ocrx_word' id='word_1_219' title='bbox 3815 1619 3980 1683; x_wconf 70' lang='grc' dir='ltr'>σοφὸς</span> <span class='ocrx_word' id='word_1_220' title='bbox 4000 1618 4038 1647; x_wconf 83' lang='grc'><em>’³</em></span> 
     </span>
    </p>
   </div>
   <div class='ocr_carea' id='block_1_31' title="bbox 2456 1707 4038 1779">
    <p class='ocr_par' dir='ltr' id='par_1_31' title="bbox 2456 1707 4038 1779">
     <span class='ocr_line' id='line_1_31' title="bbox 2456 1707 4038 1779; baseline 0.001 -20"><span class='ocrx_word' id='word_1_221' title='bbox 2456 1707 2603 1760; x_wconf 83' lang='grc' dir='ltr'>οἴκου</span> <span class='ocrx_word' id='word_1_222' title='bbox 2626 1710 2897 1779; x_wconf 83' lang='grc' dir='ltr'>διαθέτης,</span> <span class='ocrx_word' id='word_1_223' title='bbox 2922 1712 3017 1763; x_wconf 73' lang='grc' dir='ltr'>καὶ</span> <span class='ocrx_word' id='word_1_224' title='bbox 3071 1710 3206 1762; x_wconf 86' lang='grc' dir='ltr'>πολύ</span> <span class='ocrx_word' id='word_1_225' title='bbox 3254 1727 3308 1761; x_wconf 91' lang='grc' dir='ltr'><strong>τι</strong></span> <span class='ocrx_word' id='word_1_226' title='bbox 3353 1710 3451 1764; x_wconf 64' lang='lat' dir='ltr'><strong>cii:</strong></span> <span class='ocrx_word' id='word_1_227' title='bbox 3480 1709 3702 1779; x_wconf 58' lang='grc' dir='ltr'><strong>⁶ἡμέρας</strong></span> <span class='ocrx_word' id='word_1_228' title='bbox 3748 1711 3829 1771; x_wconf 84' lang='grc' dir='ltr'>εἰς</span> <span class='ocrx_word' id='word_1_229' title='bbox 3870 1709 4038 1761; x_wconf 83' lang='grc' dir='ltr'>ταῦτα</span> 
     </span>
    </p>
   </div>
   <div class='ocr_carea' id='block_1_32' title="bbox 2457 1799 4036 1871">
    <p class='ocr_par' dir='ltr' id='par_1_32' title="bbox 2457 1799 4036 1871">
     <span class='ocr_line' id='line_1_32' title="bbox 2457 1799 4036 1871; baseline 0.001 -19"><span class='ocrx_word' id='word_1_230' title='bbox 2457 1799 2712 1869; x_wconf 79' lang='grc' dir='ltr'>ἀνήλισκε</span> <span class='ocrx_word' id='word_1_231' title='bbox 2743 1801 2927 1871; x_wconf 83' lang='grc' dir='ltr'>μέρος,</span> <span class='ocrx_word' id='word_1_232' title='bbox 2950 1802 3015 1854; x_wconf 71' lang='grc' dir='ltr'>τὰ</span> <span class='ocrx_word' id='word_1_233' title='bbox 3036 1801 3135 1870; x_wconf 77' lang='grc' dir='ltr'>μὲν</span> <span class='ocrx_word' id='word_1_234' title='bbox 3162 1800 3499 1871; x_wconf 82' lang='grc' dir='ltr'>αύτουργῶν,</span> <span class='ocrx_word' id='word_1_235' title='bbox 3528 1802 3596 1853; x_wconf 78' lang='grc' dir='ltr'>τὰ</span> <span class='ocrx_word' id='word_1_236' title='bbox 3624 1801 3682 1853; x_wconf 86' lang='grc' dir='ltr'>δὲ</span> <span class='ocrx_word' id='word_1_237' title='bbox 3718 1800 4036 1853; x_wconf 74' lang='grc' dir='ltr'>διατςῖττων.</span> 
     </span>
    </p>
   </div>
   <div class='ocr_carea' id='block_1_33' title="bbox 856 1878 2357 1961">
    <p class='ocr_par' dir='ltr' id='par_1_33' title="bbox 856 1884 2357 1955">
     <span class='ocr_line' id='line_1_33' title="bbox 856 1884 2357 1955; baseline 0.005 -17"><span class='ocrx_word' id='word_1_238' title='bbox 856 1884 991 1939; x_wconf 90' lang='lat' dir='ltr'><strong>Cum</strong></span> <span class='ocrx_word' id='word_1_239' title='bbox 1061 1900 1254 1939; x_wconf 89' lang='lat' dir='ltr'><strong>aurora</strong></span> <span class='ocrx_word' id='word_1_240' title='bbox 1318 1897 1583 1955; x_wconf 75' lang='lat' dir='ltr'><strong>surgeret,</strong></span> <span class='ocrx_word' id='word_1_241' title='bbox 1622 1888 1783 1940; x_wconf 87' lang='lat' dir='ltr'><strong>etiam</strong></span> <span class='ocrx_word' id='word_1_242' title='bbox 1832 1889 2135 1955; x_wconf 69' lang='lat' dir='ltr'><strong>surgebat,</strong></span> <span class='ocrx_word' id='word_1_243' title='bbox 2178 1890 2357 1946; x_wconf 92' lang='lat' dir='ltr'><strong>animo</strong></span> 
     </span>
    </p>
   </div>
   <div class='ocr_carea' id='block_1_34' title="bbox 2460 1878 4037 1961">
    <p class='ocr_par' dir='ltr' id='par_1_34' title="bbox 2536 1890 4037 1961">
     <span class='ocr_line' id='line_1_34' title="bbox 2536 1890 4037 1961; baseline -0.002 -18"><span class='ocrx_word' id='word_1_244' title='bbox 2536 1894 2693 1944; x_wconf 69' lang='grc' dir='ltr'>Καὶό</span> <span class='ocrx_word' id='word_1_245' title='bbox 2728 1894 2827 1961; x_wconf 83' lang='grc' dir='ltr'>μὲν</span> <span class='ocrx_word' id='word_1_246' title='bbox 2884 1892 3197 1957; x_wconf 77' lang='grc' dir='ltr'>διαναστὰς,</span> <span class='ocrx_word' id='word_1_247' title='bbox 3240 1892 3430 1960; x_wconf 73' lang='grc' dir='ltr'>ἐπειδὴ</span> <span class='ocrx_word' id='word_1_248' title='bbox 3490 1892 3593 1954; x_wconf 73' lang='grc' dir='ltr'>ἕως</span> <span class='ocrx_word' id='word_1_249' title='bbox 3638 1893 3905 1959; x_wconf 67' lang='grc' dir='ltr'>ἐγεγόνει,</span> <span class='ocrx_word' id='word_1_250' title='bbox 3962 1890 4037 1942; x_wconf 70' lang='grc' dir='ltr'>ἔτι</span> 
     </span>
    </p>
   </div>
   <div class='ocr_carea' id='block_1_35' title="bbox 767 1973 2363 2048">
    <p class='ocr_par' dir='ltr' id='par_1_35' title="bbox 767 1973 2363 2048">
     <span class='ocr_line' id='line_1_35' title="bbox 767 1973 2363 2048; baseline 0.005 -23"><span class='ocrx_word' id='word_1_251' title='bbox 767 1973 941 2026; x_wconf 86' lang='lat' dir='ltr'><strong>adhuc</strong></span> <span class='ocrx_word' id='word_1_252' title='bbox 954 1974 1187 2028; x_wconf 86' lang='lat' dir='ltr'><strong>oraculis</strong></span> <span class='ocrx_word' id='word_1_253' title='bbox 1207 1975 1432 2039; x_wconf 88' lang='lat' dir='ltr'><strong>intento,</strong></span> <span class='ocrx_word' id='word_1_254' title='bbox 1454 1986 1508 2028; x_wconf 91' lang='lat' dir='ltr'><strong>et</strong></span> <span class='ocrx_word' id='word_1_255' title='bbox 1532 1977 1785 2027; x_wconf 84' lang='lat' dir='ltr'><strong>narrabat</strong></span> <span class='ocrx_word' id='word_1_256' title='bbox 1812 1980 2103 2031; x_wconf 85' lang='lat' dir='ltr'><strong>somnium.</strong></span> <span class='ocrx_word' id='word_1_257' title='bbox 2128 1977 2237 2048; x_wconf 76' lang='lat' dir='ltr'><strong>Ego</strong></span> <span class='ocrx_word' id='word_1_258' title='bbox 2263 1995 2363 2032; x_wconf 90' lang='lat' dir='ltr'><strong>au—</strong></span> 
     </span>
    </p>
   </div>
   <div class='ocr_carea' id='block_1_36' title="bbox 772 2063 2361 2129">
    <p class='ocr_par' dir='ltr' id='par_1_36' title="bbox 772 2063 2361 2129">
     <span class='ocr_line' id='line_1_36' title="bbox 772 2063 2361 2129; baseline 0.006 -15"><span class='ocrx_word' id='word_1_259' title='bbox 772 2075 877 2114; x_wconf 85' lang='lat' dir='ltr'><strong>tent</strong></span> <span class='ocrx_word' id='word_1_260' title='bbox 896 2076 999 2115; x_wconf 92' lang='lat' dir='ltr'><strong>non</strong></span> <span class='ocrx_word' id='word_1_261' title='bbox 1022 2063 1343 2117; x_wconf 88' lang='lat' dir='ltr'><strong>insomnium</strong></span> <span class='ocrx_word' id='word_1_262' title='bbox 1375 2064 1495 2117; x_wconf 93' lang='lat' dir='ltr'><strong>loco</strong></span> <span class='ocrx_word' id='word_1_263' title='bbox 1518 2067 1739 2129; x_wconf 83' lang='lat' dir='ltr'><strong>somnii,</strong></span> <span class='ocrx_word' id='word_1_264' title='bbox 1760 2066 1873 2118; x_wconf 91' lang='lat' dir='ltr'><strong>loco</strong></span> <span class='ocrx_word' id='word_1_265' title='bbox 1898 2069 2144 2121; x_wconf 80' lang='lat' dir='ltr'><strong>veritatis</strong></span> <span class='ocrx_word' id='word_1_266' title='bbox 2169 2071 2361 2124; x_wconf 86' lang='lat' dir='ltr'><strong>verita.</strong></span> 
     </span>
    </p>
   </div>
   <div class='ocr_carea' id='block_1_37' title="bbox 769 2154 2361 2229">
    <p class='ocr_par' dir='ltr' id='par_1_37' title="bbox 769 2154 2361 2229">
     <span class='ocr_line' id='line_1_37' title="bbox 769 2154 2361 2229; baseline 0.004 -20"><span class='ocrx_word' id='word_1_267' title='bbox 769 2154 1244 2223; x_wconf 65' lang='lat' dir='ltr'><strong>lem,vigilantem,</strong></span> <span class='ocrx_word' id='word_1_268' title='bbox 1264 2157 1378 2211; x_wconf 91' lang='lat' dir='ltr'><strong>loco</strong></span> <span class='ocrx_word' id='word_1_269' title='bbox 1392 2157 1729 2222; x_wconf 88' lang='lat' dir='ltr'><strong>dormientis,</strong></span> <span class='ocrx_word' id='word_1_270' title='bbox 1749 2174 2039 2229; x_wconf 72' lang='lat' dir='ltr'><strong>exaggerat</strong></span> <span class='ocrx_word' id='word_1_271' title='bbox 2054 2160 2090 2225; x_wconf 91' lang='lat' dir='ltr'><strong>i,</strong></span> <span class='ocrx_word' id='word_1_272' title='bbox 2111 2170 2167 2213; x_wconf 93' lang='lat' dir='ltr'><strong>ut</strong></span> <span class='ocrx_word' id='word_1_273' title='bbox 2184 2162 2361 2216; x_wconf 84' lang='lat' dir='ltr'><strong>audivi</strong></span> 
     </span>
    </p>
   </div>
   <div class='ocr_carea' id='block_1_38' title="bbox 769 2251 2362 2311">
    <p class='ocr_par' dir='ltr' id='par_1_38' title="bbox 769 2251 2362 2311">
     <span class='ocr_line' id='line_1_38' title="bbox 769 2251 2362 2311; baseline 0.007 -11"><span class='ocrx_word' id='word_1_274' title='bbox 769 2251 846 2303; x_wconf 74' lang='lat' dir='ltr'><strong>sic</strong></span> <span class='ocrx_word' id='word_1_275' title='bbox 869 2251 1149 2306; x_wconf 88' lang='lat' dir='ltr'><strong>scribens:</strong></span> <span class='ocrx_word' id='word_1_276' title='bbox 1183 2252 1315 2306; x_wconf 88' lang='lat' dir='ltr'><strong>Cum</strong></span> <span class='ocrx_word' id='word_1_277' title='bbox 1352 2253 1633 2307; x_wconf 85' lang='lat' dir='ltr'><strong>incidisset</strong></span> <span class='ocrx_word' id='word_1_278' title='bbox 1667 2256 1717 2306; x_wconf 91' lang='lat' dir='ltr'><strong>in</strong></span> <span class='ocrx_word' id='word_1_279' title='bbox 1747 2269 1865 2307; x_wconf 88' lang='lat' dir='ltr'><strong>eam</strong></span> <span class='ocrx_word' id='word_1_280' title='bbox 1909 2255 2274 2309; x_wconf 83' lang='lat' dir='ltr'><strong>calamitatem</strong></span> <span class='ocrx_word' id='word_1_281' title='bbox 2305 2266 2362 2311; x_wconf 91' lang='lat' dir='ltr'><strong>ut</strong></span> 
     </span>
    </p>
   </div>
   <div class='ocr_carea' id='block_1_39' title="bbox 767 2342 2361 2414">
    <p class='ocr_par' dir='ltr' id='par_1_39' title="bbox 767 2342 2361 2414">
     <span class='ocr_line' id='line_1_39' title="bbox 767 2342 2361 2414; baseline 0.006 -22"><span class='ocrx_word' id='word_1_282' title='bbox 767 2342 908 2393; x_wconf 82' lang='lat' dir='ltr'><strong>bona</strong></span> <span class='ocrx_word' id='word_1_283' title='bbox 937 2342 1425 2408; x_wconf 87' lang='lat' dir='ltr'><strong>proscriberentur,</strong></span> <span class='ocrx_word' id='word_1_284' title='bbox 1448 2342 1493 2396; x_wconf 85' lang='lat' dir='ltr'><strong>is</strong></span> <span class='ocrx_word' id='word_1_285' title='bbox 1512 2342 1603 2411; x_wconf 87' lang='lat' dir='ltr'><strong>qui</strong></span> <span class='ocrx_word' id='word_1_286' title='bbox 1627 2344 1777 2410; x_wconf 82' lang='lat' dir='ltr'><strong>prius</strong></span> <span class='ocrx_word' id='word_1_287' title='bbox 1793 2345 2092 2414; x_wconf 88' lang='lat' dir='ltr'><strong>depositum</strong></span> <span class='ocrx_word' id='word_1_288' title='bbox 2112 2344 2361 2401; x_wconf 90' lang='lat' dir='ltr'><strong>fraudas-</strong></span> 
     </span>
    </p>
   </div>
   <div class='ocr_carea' id='block_1_40' title="bbox 770 2432 2357 2504">
    <p class='ocr_par' dir='ltr' id='par_1_40' title="bbox 770 2432 2357 2504">
     <span class='ocr_line' id='line_1_40' title="bbox 770 2432 2357 2504; baseline 0.005 -22"><span class='ocrx_word' id='word_1_289' title='bbox 770 2442 871 2495; x_wconf 87' lang='lat' dir='ltr'><strong>set,</strong></span> <span class='ocrx_word' id='word_1_290' title='bbox 907 2432 992 2486; x_wconf 89' lang='lat' dir='ltr'><strong>ille</strong></span> <span class='ocrx_word' id='word_1_291' title='bbox 1016 2433 1340 2501; x_wconf 89' lang='lat' dir='ltr'><strong>depositum,</strong></span> <span class='ocrx_word' id='word_1_292' title='bbox 1362 2435 1607 2504; x_wconf 90' lang='lat' dir='ltr'><strong>bonaque</strong></span> <span class='ocrx_word' id='word_1_293' title='bbox 1645 2450 2112 2504; x_wconf 76' lang='lat' dir='ltr'><strong>sua,qu:ecunque</strong></span> <span class='ocrx_word' id='word_1_294' title='bbox 2131 2447 2357 2504; x_wconf 89' lang='lat' dir='ltr'><strong>poterat,</strong></span> 
     </span>
    </p>
   </div>
   <div class='ocr_carea' id='block_1_41' title="bbox 771 2522 2358 2595">
    <p class='ocr_par' dir='ltr' id='par_1_41' title="bbox 771 2522 2358 2595">
     <span class='ocr_line' id='line_1_41' title="bbox 771 2522 2358 2595; baseline 0.006 -24"><span class='ocrx_word' id='word_1_295' title='bbox 771 2522 1144 2590; x_wconf 85' lang='lat' dir='ltr'><strong>antecapiens,</strong></span> <span class='ocrx_word' id='word_1_296' title='bbox 1175 2524 1315 2592; x_wconf 91' lang='lat' dir='ltr'><strong>apud</strong></span> <span class='ocrx_word' id='word_1_297' title='bbox 1344 2525 1516 2577; x_wconf 90' lang='lat' dir='ltr'><strong>civem</strong></span> <span class='ocrx_word' id='word_1_298' title='bbox 1550 2524 1655 2578; x_wconf 84' lang='lat' dir='ltr'><strong>fide</strong></span> <span class='ocrx_word' id='word_1_299' title='bbox 1678 2526 2051 2593; x_wconf 78' lang='lat' dir='ltr'><strong>dignissimum</strong></span> <span class='ocrx_word' id='word_1_300' title='bbox 2093 2528 2358 2595; x_wconf 90' lang='lat' dir='ltr'><strong>deposuit,</strong></span> 
     </span>
    </p>
   </div>
   <div class='ocr_carea' id='block_1_42' title="bbox 771 2614 2359 2687">
    <p class='ocr_par' dir='ltr' id='par_1_42' title="bbox 771 2614 2359 2687">
     <span class='ocr_line' id='line_1_42' title="bbox 771 2614 2359 2687; baseline 0.007 -26"><span class='ocrx_word' id='word_1_301' title='bbox 771 2629 888 2669; x_wconf 77' lang='lat' dir='ltr'><strong>uiue</strong></span> <span class='ocrx_word' id='word_1_302' title='bbox 926 2629 1046 2666; x_wconf 87' lang='lat' dir='ltr'><strong>cum</strong></span> <span class='ocrx_word' id='word_1_303' title='bbox 1093 2614 1416 2682; x_wconf 80' lang='lat' dir='ltr'><strong>Epidaurius</strong></span> <span class='ocrx_word' id='word_1_304' title='bbox 1463 2632 1584 2669; x_wconf 90' lang='lat' dir='ltr'><strong>cum</strong></span> <span class='ocrx_word' id='word_1_305' title='bbox 1647 2617 1765 2670; x_wconf 85' lang='lat' dir='ltr'><strong>aliis</strong></span> <span class='ocrx_word' id='word_1_306' title='bbox 1833 2617 2163 2679; x_wconf 79' lang='lat' dir='ltr'><strong>admisisset,</strong></span> <span class='ocrx_word' id='word_1_307' title='bbox 2219 2620 2359 2687; x_wconf 87' lang='lat' dir='ltr'><strong>quod</strong></span> 
     </span>
    </p>
   </div>
   <div class='ocr_carea' id='block_1_43' title="bbox 773 2703 2355 2777">
    <p class='ocr_par' dir='ltr' id='par_1_43' title="bbox 773 2703 2355 2777">
     <span class='ocr_line' id='line_1_43' title="bbox 773 2703 2355 2777; baseline 0.006 -24"><span class='ocrx_word' id='word_1_308' title='bbox 773 2703 1063 2769; x_wconf 80' lang='lat' dir='ltr'><strong>fraudavit,</strong></span> <span class='ocrx_word' id='word_1_309' title='bbox 1111 2706 1410 2773; x_wconf 89' lang='lat' dir='ltr'><strong>depositum</strong></span> <span class='ocrx_word' id='word_1_310' title='bbox 1459 2707 1761 2769; x_wconf 80' lang='lat' dir='ltr'><strong>intellexit,</strong></span> <span class='ocrx_word' id='word_1_311' title='bbox 1806 2719 1963 2761; x_wconf 90' lang='lat' dir='ltr'><strong>erant</strong></span> <span class='ocrx_word' id='word_1_312' title='bbox 2001 2710 2219 2777; x_wconf 88' lang='lat' dir='ltr'><strong>quidem</strong></span> <span class='ocrx_word' id='word_1_313' title='bbox 2264 2710 2355 2777; x_wconf 91' lang='lat' dir='ltr'><strong>qui</strong></span> 
     </span>
    </p>
   </div>
   <div class='ocr_carea' id='block_1_44' title="bbox 773 2794 2360 2863">
    <p class='ocr_par' dir='ltr' id='par_1_44' title="bbox 773 2794 2360 2863">
     <span class='ocr_line' id='line_1_44' title="bbox 773 2794 2360 2863; baseline 0.005 -18"><span class='ocrx_word' id='word_1_314' title='bbox 773 2794 1072 2847; x_wconf 76' lang='lat' dir='ltr'><strong>suadebant</strong></span> <span class='ocrx_word' id='word_1_315' title='bbox 1101 2810 1189 2849; x_wconf 89' lang='lat' dir='ltr'><strong>res</strong></span> <span class='ocrx_word' id='word_1_316' title='bbox 1230 2795 1561 2851; x_wconf 87' lang='lat' dir='ltr'><strong>domesticas</strong></span> <span class='ocrx_word' id='word_1_317' title='bbox 1596 2798 1896 2863; x_wconf 86' lang='lat' dir='ltr'><strong>invaderet,</strong></span> <span class='ocrx_word' id='word_1_318' title='bbox 1930 2808 1979 2853; x_wconf 93' lang='lat' dir='ltr'><strong>et</strong></span> <span class='ocrx_word' id='word_1_319' title='bbox 2036 2799 2171 2853; x_wconf 86' lang='lat' dir='ltr'><strong>nihil</strong></span> <span class='ocrx_word' id='word_1_320' title='bbox 2206 2804 2360 2853; x_wconf 88' lang='lat' dir='ltr'><strong>daret</strong></span> 
     </span>
    </p>
   </div>
   <div class='ocr_carea' id='block_1_45' title="bbox 773 2885 2358 2955">
    <p class='ocr_par' dir='ltr' id='par_1_45' title="bbox 773 2885 2358 2955">
     <span class='ocr_line' id='line_1_45' title="bbox 773 2885 2358 2955; baseline 0.006 -18"><span class='ocrx_word' id='word_1_321' title='bbox 773 2889 819 2938; x_wconf 75' lang='lat' dir='ltr'><strong>ei</strong></span> <span class='ocrx_word' id='word_1_322' title='bbox 874 2885 1071 2955; x_wconf 80' lang='lat' dir='ltr'><strong>337a</strong></span> <span class='ocrx_word' id='word_1_323' title='bbox 1112 2889 1199 2955; x_wconf 93' lang='lat' dir='ltr'><strong>qui</strong></span> <span class='ocrx_word' id='word_1_324' title='bbox 1258 2888 1417 2940; x_wconf 92' lang='lat' dir='ltr'><strong>initio</strong></span> <span class='ocrx_word' id='word_1_325' title='bbox 1459 2888 1765 2943; x_wconf 82' lang='lat' dir='ltr'><strong>fraudasset</strong></span> <span class='ocrx_word' id='word_1_326' title='bbox 1817 2907 1830 2943; x_wconf 94' lang='lat'>:</span> <span class='ocrx_word' id='word_1_327' title='bbox 1892 2891 1980 2943; x_wconf 90' lang='lat' dir='ltr'><strong>bic</strong></span> <span class='ocrx_word' id='word_1_328' title='bbox 2036 2906 2165 2946; x_wconf 85' lang='lat' dir='ltr'><strong>vero</strong></span> <span class='ocrx_word' id='word_1_329' title='bbox 2201 2893 2250 2945; x_wconf 92' lang='lat' dir='ltr'><strong>in</strong></span> <span class='ocrx_word' id='word_1_330' title='bbox 2294 2894 2358 2947; x_wconf 91' lang='lat' dir='ltr'><strong>iis</strong></span> 
     </span>
    </p>
   </div>
   <div class='ocr_carea' id='block_1_46' title="bbox 775 2976 2354 3047">
    <p class='ocr_par' dir='ltr' id='par_1_46' title="bbox 775 2976 2354 3047">
     <span class='ocr_line' id='line_1_46' title="bbox 775 2976 2354 3047; baseline 0.008 -24"><span class='ocrx_word' id='word_1_331' title='bbox 775 2992 895 3040; x_wconf 69' lang='lat' dir='ltr'><strong>qua:</strong></span> <span class='ocrx_word' id='word_1_332' title='bbox 924 2977 994 3027; x_wconf 90' lang='lat' dir='ltr'><strong>illi</strong></span> <span class='ocrx_word' id='word_1_333' title='bbox 1024 2976 1230 3047; x_wconf 80' lang='lat' dir='ltr'><strong>credita</strong></span> <span class='ocrx_word' id='word_1_334' title='bbox 1265 2985 1446 3039; x_wconf 89' lang='lat' dir='ltr'><strong>erant,</strong></span> <span class='ocrx_word' id='word_1_335' title='bbox 1484 2994 1587 3033; x_wconf 93' lang='lat' dir='ltr'><strong>non</strong></span> <span class='ocrx_word' id='word_1_336' title='bbox 1622 2979 1831 3047; x_wconf 77' lang='lat' dir='ltr'><strong>putavit</strong></span> <span class='ocrx_word' id='word_1_337' title='bbox 1861 2980 2055 3034; x_wconf 88' lang='lat' dir='ltr'><strong>decere</strong></span> <span class='ocrx_word' id='word_1_338' title='bbox 2084 2982 2354 3036; x_wconf 84' lang='lat' dir='ltr'><strong>infidelem</strong></span> 
     </span>
    </p>
   </div>
   <div class='ocr_carea' id='block_1_47' title="bbox 775 3065 2355 3126">
    <p class='ocr_par' dir='ltr' id='par_1_47' title="bbox 775 3065 2355 3126">
     <span class='ocr_line' id='line_1_47' title="bbox 775 3065 2355 3126; baseline 0.004 -10"><span class='ocrx_word' id='word_1_339' title='bbox 775 3078 915 3126; x_wconf 78' lang='lat' dir='ltr'><strong>esse,</strong></span> <span class='ocrx_word' id='word_1_340' title='bbox 954 3079 1049 3117; x_wconf 90' lang='lat' dir='ltr'><strong>nec</strong></span> <span class='ocrx_word' id='word_1_341' title='bbox 1082 3065 1242 3118; x_wconf 84' lang='lat' dir='ltr'><strong>fidem</strong></span> <span class='ocrx_word' id='word_1_342' title='bbox 1277 3066 1519 3120; x_wconf 90' lang='lat' dir='ltr'><strong>omnium</strong></span> <span class='ocrx_word' id='word_1_343' title='bbox 1557 3068 1815 3121; x_wconf 90' lang='lat' dir='ltr'><strong>virtutum</strong></span> <span class='ocrx_word' id='word_1_344' title='bbox 1856 3069 2198 3123; x_wconf 88' lang='lat' dir='ltr'><strong>utilissimam</strong></span> <span class='ocrx_word' id='word_1_345' title='bbox 2253 3072 2355 3123; x_wconf 86' lang='lat' dir='ltr'><strong>hac</strong></span> 
     </span>
    </p>
   </div>
   <div class='ocr_carea' id='block_1_48' title="bbox 778 3152 2347 3223">
    <p class='ocr_par' dir='ltr' id='par_1_48' title="bbox 778 3152 2347 3223">
     <span class='ocr_line' id='line_1_48' title="bbox 778 3152 2347 3223; baseline 0.003 -17"><span class='ocrx_word' id='word_1_346' title='bbox 778 3152 1123 3217; x_wconf 80' lang='lat' dir='ltr'><strong>infelicitate,</strong></span> <span class='ocrx_word' id='word_1_347' title='bbox 1174 3169 1294 3223; x_wconf 70' lang='lat' dir='ltr'><strong>quae</strong></span> <span class='ocrx_word' id='word_1_348' title='bbox 1354 3158 1551 3209; x_wconf 89' lang='lat' dir='ltr'><strong>rationi</strong></span> <span class='ocrx_word' id='word_1_349' title='bbox 1602 3169 1969 3213; x_wconf 88' lang='lat' dir='ltr'><strong>consentanea</strong></span> <span class='ocrx_word' id='word_1_350' title='bbox 2036 3161 2347 3222; x_wconf 88' lang='lat' dir='ltr'><strong>videretur,</strong></span> 
     </span>
    </p>
   </div>
   <div class='ocr_carea' id='block_1_49' title="bbox 778 3244 2345 3321">
    <p class='ocr_par' dir='ltr' id='par_1_49' title="bbox 778 3244 2345 3321">
     <span class='ocr_line' id='line_1_49' title="bbox 778 3244 2345 3321; baseline 0.006 -25"><span class='ocrx_word' id='word_1_351' title='bbox 778 3245 1169 3299; x_wconf 84' lang='lat' dir='ltr'><strong>contaminare.</strong></span> <span class='ocrx_word' id='word_1_352' title='bbox 1198 3244 1426 3301; x_wconf 72' lang='lat' dir='ltr'><strong>Nolebat</strong></span> <span class='ocrx_word' id='word_1_353' title='bbox 1455 3263 1583 3301; x_wconf 88' lang='lat' dir='ltr'><strong>vero</strong></span> <span class='ocrx_word' id='word_1_354' title='bbox 1614 3249 1790 3315; x_wconf 85' lang='lat' dir='ltr'><strong>justus</strong></span> <span class='ocrx_word' id='word_1_355' title='bbox 1823 3254 2017 3317; x_wconf 89' lang='lat' dir='ltr'><strong>videri,</strong></span> <span class='ocrx_word' id='word_1_356' title='bbox 2050 3255 2143 3307; x_wconf 90' lang='lat' dir='ltr'><strong>sed</strong></span> <span class='ocrx_word' id='word_1_357' title='bbox 2172 3254 2345 3321; x_wconf 84' lang='lat' dir='ltr'><strong>reipsa</strong></span> 
     </span>
    </p>
   </div>
   <div class='ocr_carea' id='block_1_50' title="bbox 778 3336 2355 3407">
    <p class='ocr_par' dir='ltr' id='par_1_50' title="bbox 778 3336 2355 3407">
     <span class='ocr_line' id='line_1_50' title="bbox 778 3336 2355 3407; baseline 0.008 -22"><span class='ocrx_word' id='word_1_358' title='bbox 778 3348 917 3397; x_wconf 92' lang='lat' dir='ltr'><strong>csse,</strong></span> <span class='ocrx_word' id='word_1_359' title='bbox 978 3336 1203 3390; x_wconf 88' lang='lat' dir='ltr'><strong>veritate</strong></span> <span class='ocrx_word' id='word_1_360' title='bbox 1262 3337 1375 3405; x_wconf 90' lang='lat' dir='ltr'><strong>ipsa</strong></span> <span class='ocrx_word' id='word_1_361' title='bbox 1434 3339 1713 3405; x_wconf 89' lang='lat' dir='ltr'><strong>copiosum</strong></span> <span class='ocrx_word' id='word_1_362' title='bbox 1770 3344 2067 3407; x_wconf 66' lang='lat' dir='ltr'><strong>prudentiae</strong></span> <span class='ocrx_word' id='word_1_363' title='bbox 2122 3345 2355 3398; x_wconf 85' lang='lat' dir='ltr'><strong>fructum</strong></span> 
     </span>
    </p>
   </div>
   <div class='ocr_carea' id='block_1_51' title="bbox 779 3425 2356 3505">
    <p class='ocr_par' dir='ltr' id='par_1_51' title="bbox 779 3425 2356 3505">
     <span class='ocr_line' id='line_1_51' title="bbox 779 3425 2356 3505; baseline 0.008 -30"><span class='ocrx_word' id='word_1_364' title='bbox 779 3425 1057 3493; x_wconf 78' lang='lat' dir='ltr'><strong>colligens,</strong></span> <span class='ocrx_word' id='word_1_365' title='bbox 1085 3437 1246 3495; x_wconf 87' lang='lat' dir='ltr'><strong>atque</strong></span> <span class='ocrx_word' id='word_1_366' title='bbox 1274 3432 1541 3495; x_wconf 89' lang='lat' dir='ltr'><strong>ostendet,</strong></span> <span class='ocrx_word' id='word_1_367' title='bbox 1570 3443 1829 3499; x_wconf 90' lang='lat' dir='ltr'><strong>quantum</strong></span> <span class='ocrx_word' id='word_1_368' title='bbox 1871 3435 2091 3489; x_wconf 83' lang='lat' dir='ltr'><strong>sciverit</strong></span> <span class='ocrx_word' id='word_1_369' title='bbox 2119 3436 2356 3505; x_wconf 76' lang='lat' dir='ltr'><strong>singula-</strong></span> 
     </span>
    </p>
   </div>
   <div class='ocr_carea' id='block_1_52' title="bbox 784 3518 1466 3586">
    <p class='ocr_par' dir='ltr' id='par_1_52' title="bbox 784 3518 1466 3586">
     <span class='ocr_line' id='line_1_52' title="bbox 784 3518 1466 3586; baseline 0.012 -21"><span class='ocrx_word' id='word_1_370' title='bbox 784 3530 898 3567; x_wconf 90' lang='lat' dir='ltr'><strong>rum</strong></span> <span class='ocrx_word' id='word_1_371' title='bbox 941 3530 1119 3570; x_wconf 86' lang='lat' dir='ltr'><strong>rerutn</strong></span> <span class='ocrx_word' id='word_1_372' title='bbox 1155 3518 1466 3586; x_wconf 83' lang='lat' dir='ltr'><strong>explicatio.</strong></span> 
     </span>
    </p>
   </div>
   <div class='ocr_carea' id='block_1_53' title="bbox 852 3602 2357 3675">
    <p class='ocr_par' dir='ltr' id='par_1_53' title="bbox 852 3602 2357 3675">
     <span class='ocr_line' id='line_1_53' title="bbox 852 3602 2357 3675; baseline 0.009 -20"><span class='ocrx_word' id='word_1_373' title='bbox 852 3602 1023 3658; x_wconf 88' lang='lat' dir='ltr'><strong>Pauca</strong></span> <span class='ocrx_word' id='word_1_374' title='bbox 1058 3607 1272 3675; x_wconf 87' lang='lat' dir='ltr'><strong>quidem</strong></span> <span class='ocrx_word' id='word_1_375' title='bbox 1325 3608 1535 3663; x_wconf 87' lang='lat' dir='ltr'><strong>locutus</strong></span> <span class='ocrx_word' id='word_1_376' title='bbox 1562 3620 1665 3672; x_wconf 88' lang='lat' dir='ltr'><strong>est,</strong></span> <span class='ocrx_word' id='word_1_377' title='bbox 1692 3611 1855 3665; x_wconf 85' lang='lat' dir='ltr'><strong>multa</strong></span> <span class='ocrx_word' id='word_1_378' title='bbox 1888 3627 2064 3666; x_wconf 86' lang='lat' dir='ltr'><strong>veroe</strong></span> <span class='ocrx_word' id='word_1_379' title='bbox 2093 3614 2357 3667; x_wconf 80' lang='lat' dir='ltr'><strong>sermoni-</strong></span> 
     </span>
    </p>
   </div>
   <div class='ocr_carea' id='block_1_54' title="bbox 783 3698 2351 3772">
    <p class='ocr_par' dir='ltr' id='par_1_54' title="bbox 783 3698 2351 3772">
     <span class='ocr_line' id='line_1_54' title="bbox 783 3698 2351 3772; baseline 0.006 -24"><span class='ocrx_word' id='word_1_380' title='bbox 783 3700 883 3750; x_wconf 88' lang='lat' dir='ltr'><strong>bus</strong></span> <span class='ocrx_word' id='word_1_381' title='bbox 930 3698 1201 3751; x_wconf 86' lang='lat' dir='ltr'><strong>seniorum</strong></span> <span class='ocrx_word' id='word_1_382' title='bbox 1241 3701 1463 3756; x_wconf 86' lang='lat' dir='ltr'><strong>audivit.</strong></span> <span class='ocrx_word' id='word_1_383' title='bbox 1502 3700 1724 3769; x_wconf 77' lang='lat' dir='ltr'><strong>Magnus</strong></span> <span class='ocrx_word' id='word_1_384' title='bbox 1774 3704 1855 3755; x_wconf 90' lang='lat' dir='ltr'><strong>vir</strong></span> <span class='ocrx_word' id='word_1_385' title='bbox 1890 3718 1991 3756; x_wconf 92' lang='lat' dir='ltr'><strong>non</strong></span> <span class='ocrx_word' id='word_1_386' title='bbox 2017 3720 2237 3772; x_wconf 89' lang='lat' dir='ltr'><strong>parvum</strong></span> <span class='ocrx_word' id='word_1_387' title='bbox 2270 3707 2351 3760; x_wconf 87' lang='lat' dir='ltr'><strong>di-</strong></span> 
     </span>
    </p>
   </div>
   <div class='ocr_carea' id='block_1_55' title="bbox 782 3789 2351 3865">
    <p class='ocr_par' dir='ltr' id='par_1_55' title="bbox 782 3789 2351 3865">
     <span class='ocr_line' id='line_1_55' title="bbox 782 3789 2351 3865; baseline 0.007 -26"><span class='ocrx_word' id='word_1_388' title='bbox 782 3789 1015 3841; x_wconf 85' lang='lat' dir='ltr'><strong>scrimen</strong></span> <span class='ocrx_word' id='word_1_389' title='bbox 1052 3790 1256 3852; x_wconf 89' lang='lat' dir='ltr'><strong>adibat,</strong></span> <span class='ocrx_word' id='word_1_390' title='bbox 1300 3792 1426 3857; x_wconf 86' lang='lat' dir='ltr'><strong>quin</strong></span> <span class='ocrx_word' id='word_1_391' title='bbox 1457 3793 1543 3845; x_wconf 88' lang='lat' dir='ltr'><strong>ubi</strong></span> <span class='ocrx_word' id='word_1_392' title='bbox 1582 3793 1797 3860; x_wconf 78' lang='lat' dir='ltr'><strong>fugaces</strong></span> <span class='ocrx_word' id='word_1_393' title='bbox 1830 3795 1919 3847; x_wconf 90' lang='lat' dir='ltr'><strong>alii</strong></span> <span class='ocrx_word' id='word_1_394' title='bbox 1957 3811 2053 3864; x_wconf 90' lang='lat' dir='ltr'><strong>per</strong></span> <span class='ocrx_word' id='word_1_395' title='bbox 2081 3797 2351 3865; x_wconf 82' lang='lat' dir='ltr'><strong>ignaviam</strong></span> 
     </span>
    </p>
   </div>
   <div class='ocr_carea' id='block_1_56' title="bbox 784 3877 2347 3953">
    <p class='ocr_par' dir='ltr' id='par_1_56' title="bbox 784 3877 2347 3953">
     <span class='ocr_line' id='line_1_56' title="bbox 784 3877 2347 3953; baseline 0.009 -26"><span class='ocrx_word' id='word_1_396' title='bbox 784 3877 1012 3945; x_wconf 76' lang='lat' dir='ltr'><strong>fugiunt,</strong></span> <span class='ocrx_word' id='word_1_397' title='bbox 1059 3878 1165 3931; x_wconf 91' lang='lat' dir='ltr'><strong>illic</strong></span> <span class='ocrx_word' id='word_1_398' title='bbox 1212 3880 1507 3945; x_wconf 90' lang='lat' dir='ltr'><strong>periculum</strong></span> <span class='ocrx_word' id='word_1_399' title='bbox 1569 3885 1827 3948; x_wconf 90' lang='lat' dir='ltr'><strong>subibat,</strong></span> <span class='ocrx_word' id='word_1_400' title='bbox 1865 3886 2019 3953; x_wconf 84' lang='lat' dir='ltr'><strong>juxta</strong></span> <span class='ocrx_word' id='word_1_401' title='bbox 2065 3886 2285 3940; x_wconf 88' lang='lat' dir='ltr'><strong>Poetam</strong></span> <span class='ocrx_word' id='word_1_402' title='bbox 2330 3903 2347 3941; x_wconf 88' lang='lat'><strong>:</strong></span> 
     </span>
    </p>
   </div>
   <div class='ocr_carea' id='block_1_57' title="bbox 796 3970 1842 4029">
    <p class='ocr_par' dir='ltr' id='par_1_57' title="bbox 796 3970 1842 4029">
     <span class='ocr_line' id='line_1_57' title="bbox 796 3970 1842 4029; baseline 0.008 -8"><span class='ocrx_word' id='word_1_403' title='bbox 796 3970 969 4025; x_wconf 77' lang='lat' dir='ltr'><strong>Virtus</strong></span> <span class='ocrx_word' id='word_1_404' title='bbox 1003 3974 1089 4025; x_wconf 80' lang='lat' dir='ltr'><strong>ubi</strong></span> <span class='ocrx_word' id='word_1_405' title='bbox 1119 3973 1266 4025; x_wconf 80' lang='lat' dir='ltr'><strong>clara</strong></span> <span class='ocrx_word' id='word_1_406' title='bbox 1319 3973 1548 4027; x_wconf 78' lang='lat' dir='ltr'><strong>virorum</strong></span> <span class='ocrx_word' id='word_1_407' title='bbox 1591 3979 1842 4029; x_wconf 79' lang='lat' dir='ltr'><strong>cernitur.</strong></span> 
     </span>
    </p>
   </div>
   <div class='ocr_carea' id='block_1_58' title="bbox 857 4151 2354 4221">
    <p class='ocr_par' dir='ltr' id='par_1_58' title="bbox 857 4151 2354 4221">
     <span class='ocr_line' id='line_1_58' title="bbox 857 4151 2354 4221; baseline 0.005 -16"><span class='ocrx_word' id='word_1_408' title='bbox 857 4153 920 4205; x_wconf 87' lang='lat' dir='ltr'><strong>Et</strong></span> <span class='ocrx_word' id='word_1_409' title='bbox 946 4167 1076 4206; x_wconf 84' lang='lat' dir='ltr'><strong>sane</strong></span> <span class='ocrx_word' id='word_1_410' title='bbox 1103 4166 1227 4207; x_wconf 87' lang='lat' dir='ltr'><strong>vere</strong></span> <span class='ocrx_word' id='word_1_411' title='bbox 1260 4151 1543 4206; x_wconf 86' lang='lat' dir='ltr'><strong>videbatur</strong></span> <span class='ocrx_word' id='word_1_412' title='bbox 1567 4154 1966 4221; x_wconf 83' lang='lat' dir='ltr'><strong>reprehendere</strong></span> <span class='ocrx_word' id='word_1_413' title='bbox 1984 4167 2235 4212; x_wconf 87' lang='lat' dir='ltr'><strong>accurate</strong></span> <span class='ocrx_word' id='word_1_414' title='bbox 2259 4173 2354 4212; x_wconf 83' lang='lat' dir='ltr'><strong>ex-</strong></span> 
     </span>
    </p>
   </div>
   <div class='ocr_carea' id='block_1_59' title="bbox 781 4244 2357 4313">
    <p class='ocr_par' dir='ltr' id='par_1_59' title="bbox 781 4244 2357 4313">
     <span class='ocr_line' id='line_1_59' title="bbox 781 4244 2357 4313; baseline 0.004 -17"><span class='ocrx_word' id='word_1_415' title='bbox 781 4245 1030 4313; x_wconf 79' lang='lat' dir='ltr'><strong>pendenti</strong></span> <span class='ocrx_word' id='word_1_416' title='bbox 1082 4261 1095 4298; x_wconf 91' lang='lat'>:</span> <span class='ocrx_word' id='word_1_417' title='bbox 1142 4244 1520 4297; x_wconf 80' lang='lat' dir='ltr'><strong>familiaritate</strong></span> <span class='ocrx_word' id='word_1_418' title='bbox 1553 4260 1681 4300; x_wconf 90' lang='lat' dir='ltr'><strong>vero</strong></span> <span class='ocrx_word' id='word_1_419' title='bbox 1722 4257 1774 4300; x_wconf 86' lang='lat' dir='ltr'><strong>et</strong></span> <span class='ocrx_word' id='word_1_420' title='bbox 1805 4246 2148 4303; x_wconf 89' lang='lat' dir='ltr'><strong>humanitate</strong></span> <span class='ocrx_word' id='word_1_421' title='bbox 2198 4266 2357 4303; x_wconf 85' lang='lat' dir='ltr'><strong>mun-</strong></span> 
     </span>
    </p>
   </div>
   <div class='ocr_carea' id='block_1_60' title="bbox 776 4336 2356 4405">
    <p class='ocr_par' dir='ltr' id='par_1_60' title="bbox 776 4336 2356 4405">
     <span class='ocr_line' id='line_1_60' title="bbox 776 4336 2356 4405; baseline 0.004 -16"><span class='ocrx_word' id='word_1_422' title='bbox 776 4337 901 4389; x_wconf 91' lang='lat' dir='ltr'><strong>dum</strong></span> <span class='ocrx_word' id='word_1_423' title='bbox 944 4336 1209 4390; x_wconf 78' lang='lat' dir='ltr'><strong>excedere</strong></span> <span class='ocrx_word' id='word_1_424' title='bbox 1259 4336 1407 4389; x_wconf 91' lang='lat' dir='ltr'><strong>visus</strong></span> <span class='ocrx_word' id='word_1_425' title='bbox 1441 4344 1525 4389; x_wconf 87' lang='lat' dir='ltr'><strong>est</strong></span> <span class='ocrx_word' id='word_1_426' title='bbox 1574 4355 1588 4390; x_wconf 91' lang='lat'>:</span> <span class='ocrx_word' id='word_1_427' title='bbox 1635 4347 1689 4390; x_wconf 90' lang='lat' dir='ltr'><strong>et</strong></span> <span class='ocrx_word' id='word_1_428' title='bbox 1723 4347 2007 4405; x_wconf 86' lang='lat' dir='ltr'><strong>propterea</strong></span> <span class='ocrx_word' id='word_1_429' title='bbox 2038 4355 2159 4395; x_wconf 89' lang='lat' dir='ltr'><strong>eum</strong></span> <span class='ocrx_word' id='word_1_430' title='bbox 2198 4342 2356 4395; x_wconf 89' lang='lat' dir='ltr'><strong>mira-</strong></span> 
     </span>
    </p>
   </div>
   <div class='ocr_carea' id='block_1_61' title="bbox 778 4426 2351 4494">
    <p class='ocr_par' dir='ltr' id='par_1_61' title="bbox 778 4426 2351 4494">
     <span class='ocr_line' id='line_1_61' title="bbox 778 4426 2351 4494; baseline 0.005 -16"><span class='ocrx_word' id='word_1_431' title='bbox 778 4430 970 4479; x_wconf 89' lang='lat' dir='ltr'><strong>bantur</strong></span> <span class='ocrx_word' id='word_1_432' title='bbox 1016 4426 1281 4489; x_wconf 89' lang='lat' dir='ltr'><strong>accusati,</strong></span> <span class='ocrx_word' id='word_1_433' title='bbox 1324 4434 1377 4479; x_wconf 88' lang='lat' dir='ltr'><strong>et</strong></span> <span class='ocrx_word' id='word_1_434' title='bbox 1419 4440 1545 4494; x_wconf 76' lang='lat' dir='ltr'><strong>erga</strong></span> <span class='ocrx_word' id='word_1_435' title='bbox 1586 4442 1709 4480; x_wconf 90' lang='lat' dir='ltr'><strong>eum</strong></span> <span class='ocrx_word' id='word_1_436' title='bbox 1759 4439 1817 4481; x_wconf 93' lang='lat' dir='ltr'><strong>ut</strong></span> <span class='ocrx_word' id='word_1_437' title='bbox 1865 4429 2038 4483; x_wconf 91' lang='lat' dir='ltr'><strong>litium</strong></span> <span class='ocrx_word' id='word_1_438' title='bbox 2075 4442 2351 4486; x_wconf 89' lang='lat' dir='ltr'><strong>amantem</strong></span> 
     </span>
    </p>
   </div>
   <div class='ocr_carea' id='block_1_62' title="bbox 2464 1982 4039 2053">
    <p class='ocr_par' dir='ltr' id='par_1_62' title="bbox 2464 1982 4039 2053">
     <span class='ocr_line' id='line_1_62' title="bbox 2464 1982 4039 2053; baseline -0.002 -18"><span class='ocrx_word' id='word_1_439' title='bbox 2464 1984 2563 2052; x_wconf 80' lang='grc' dir='ltr'>τὴν</span> <span class='ocrx_word' id='word_1_440' title='bbox 2594 1983 2771 2053; x_wconf 72' lang='grc' dir='ltr'>ψυχὴν</span> <span class='ocrx_word' id='word_1_441' title='bbox 2796 1984 2901 2035; x_wconf 84' lang='grc' dir='ltr'><strong>ὑπὸ</strong></span> <span class='ocrx_word' id='word_1_442' title='bbox 2934 1982 3033 2051; x_wconf 79' lang='grc' dir='ltr'>τῆς</span> <span class='ocrx_word' id='word_1_443' title='bbox 3055 1984 3240 2053; x_wconf 79' lang='grc' dir='ltr'>ὀμφῆς</span> <span class='ocrx_word' id='word_1_444' title='bbox 3270 1983 3637 2052; x_wconf 81' lang='grc' dir='ltr'>κατεχόμενος</span> <span class='ocrx_word' id='word_1_445' title='bbox 3665 1985 3909 2049; x_wconf 71' lang='grc' dir='ltr'>διηγεῖτο</span> <span class='ocrx_word' id='word_1_446' title='bbox 3952 1983 4039 2033; x_wconf 69' lang='grc' dir='ltr'><strong>τὸν</strong></span> 
     </span>
    </p>
   </div>
   <div class='ocr_carea' id='block_1_63' title="bbox 2463 2073 4043 2144">
    <p class='ocr_par' dir='ltr' id='par_1_63' title="bbox 2463 2073 4043 2144">
     <span class='ocr_line' id='line_1_63' title="bbox 2463 2073 4043 2144; baseline -0.001 -18"><span class='ocrx_word' id='word_1_447' title='bbox 2463 2075 2691 2143; x_wconf 74' lang='grc' dir='ltr'>ὄνειρον.</span> <span class='ocrx_word' id='word_1_448' title='bbox 2746 2074 2887 2141; x_wconf 84' lang='grc' dir='ltr'>Ἐγὼ</span> <span class='ocrx_word' id='word_1_449' title='bbox 2927 2074 2983 2126; x_wconf 77' lang='grc' dir='ltr'>δὲ</span> <span class='ocrx_word' id='word_1_450' title='bbox 3017 2075 3115 2126; x_wconf 83' lang='grc' dir='ltr'><strong>ούκ</strong></span> <span class='ocrx_word' id='word_1_451' title='bbox 3173 2074 3305 2144; x_wconf 79' lang='grc' dir='ltr'>ὄναρ</span> <span class='ocrx_word' id='word_1_452' title='bbox 3343 2073 3463 2126; x_wconf 71' lang='grc' dir='ltr'>ἀντὶ</span> <span class='ocrx_word' id='word_1_453' title='bbox 3510 2074 3899 2142; x_wconf 78' lang='grc' dir='ltr'>ὑπνωττούσης</span> <span class='ocrx_word' id='word_1_454' title='bbox 3949 2078 4043 2127; x_wconf 80' lang='grc' dir='ltr'><strong>ὲπ-</strong></span> 
     </span>
    </p>
   </div>
   <div class='ocr_carea' id='block_1_64' title="bbox 2466 2163 4044 2242">
    <p class='ocr_par' dir='ltr' id='par_1_64' title="bbox 2466 2163 4044 2242">
     <span class='ocr_line' id='line_1_64' title="bbox 2466 2163 4044 2242; baseline -0.001 -27"><span class='ocrx_word' id='word_1_455' title='bbox 2466 2165 2690 2227; x_wconf 84' lang='grc' dir='ltr'>εδίδουν,</span> <span class='ocrx_word' id='word_1_456' title='bbox 2714 2165 2859 2234; x_wconf 78' lang='grc' dir='ltr'>ἅπερ</span> <span class='ocrx_word' id='word_1_457' title='bbox 2894 2166 3104 2234; x_wconf 82' lang='grc' dir='ltr'>ἀκήκοα</span> <span class='ocrx_word' id='word_1_458' title='bbox 3125 2164 3357 2242; x_wconf 54' lang='grc' dir='ltr'>διεξιών.</span> <span class='ocrx_word' id='word_1_459' title='bbox 3390 2163 3713 2215; x_wconf 79' lang='grc' dir='ltr'>’Υποπεσὼν</span> <span class='ocrx_word' id='word_1_460' title='bbox 3742 2164 3797 2216; x_wconf 86' lang='grc' dir='ltr'>δὲ</span> <span class='ocrx_word' id='word_1_461' title='bbox 3831 2165 3879 2194; x_wconf 76' lang='grc'><strong>’⁸</strong></span> <span class='ocrx_word' id='word_1_462' title='bbox 3911 2182 4044 2233; x_wconf 78' lang='grc' dir='ltr'>συμ·</span> 
     </span>
    </p>
   </div>
   <div class='ocr_carea' id='block_1_65' title="bbox 2464 2254 4043 2325">
    <p class='ocr_par' dir='ltr' id='par_1_65' title="bbox 2464 2254 4043 2325">
     <span class='ocr_line' id='line_1_65' title="bbox 2464 2254 4043 2325; baseline -0.001 -20"><span class='ocrx_word' id='word_1_463' title='bbox 2464 2256 2605 2324; x_wconf 82' lang='grc' dir='ltr'><strong>φορᾷ</strong></span> <span class='ocrx_word' id='word_1_464' title='bbox 2669 2255 2978 2325; x_wconf 78' lang='grc' dir='ltr'>δημευούσῃ</span> <span class='ocrx_word' id='word_1_465' title='bbox 3038 2255 3110 2308; x_wconf 83' lang='grc' dir='ltr'><strong>τὰ</strong></span> <span class='ocrx_word' id='word_1_466' title='bbox 3152 2254 3281 2307; x_wconf 79' lang='grc' dir='ltr'>ὅντα</span> <span class='ocrx_word' id='word_1_467' title='bbox 3326 2256 3355 2307; x_wconf 89' lang='grc' dir='ltr'><strong>ό</strong></span> <span class='ocrx_word' id='word_1_468' title='bbox 3393 2254 3521 2324; x_wconf 79' lang='grc' dir='ltr'>πρὶν</span> <span class='ocrx_word' id='word_1_469' title='bbox 3561 2254 3661 2322; x_wconf 81' lang='grc' dir='ltr'>τὴν</span> <span class='ocrx_word' id='word_1_470' title='bbox 3715 2255 4043 2323; x_wconf 79' lang='grc' dir='ltr'>παραθήκην</span> 
     </span>
    </p>
   </div>
   <div class='ocr_carea' id='block_1_66' title="bbox 2464 2342 4043 2414">
    <p class='ocr_par' dir='ltr' id='par_1_66' title="bbox 2464 2342 4043 2414">
     <span class='ocr_line' id='line_1_66' title="bbox 2464 2342 4043 2414; baseline -0.001 -18"><span class='ocrx_word' id='word_1_471' title='bbox 2464 2346 2865 2412; x_wconf 80' lang='grc' dir='ltr'>ἀποστερήσας,</span> <span class='ocrx_word' id='word_1_472' title='bbox 2886 2344 3169 2414; x_wconf 86' lang='grc' dir='ltr'>κακείνην,</span> <span class='ocrx_word' id='word_1_473' title='bbox 3204 2343 3432 2396; x_wconf 78' lang='grc' dir='ltr'>καὶτῶν</span> <span class='ocrx_word' id='word_1_474' title='bbox 3462 2343 3628 2397; x_wconf 86' lang='grc' dir='ltr'>αὑτοῦ</span> <span class='ocrx_word' id='word_1_475' title='bbox 3661 2344 3761 2395; x_wconf 84' lang='grc' dir='ltr'><strong>ὅσα</strong></span> <span class='ocrx_word' id='word_1_476' title='bbox 3788 2342 4043 2411; x_wconf 69' lang='grc' dir='ltr'>ἠδύνατο,</span> 
     </span>
    </p>
   </div>
   <div class='ocr_carea' id='block_1_67' title="bbox 2465 2433 4045 2505">
    <p class='ocr_par' dir='ltr' id='par_1_67' title="bbox 2465 2433 4045 2505">
     <span class='ocr_line' id='line_1_67' title="bbox 2465 2433 4045 2505; baseline 0 -19"><span class='ocrx_word' id='word_1_477' title='bbox 2465 2436 2752 2505; x_wconf 82' lang='grc' dir='ltr'>προλαὸὼν</span> <span class='ocrx_word' id='word_1_478' title='bbox 2782 2436 2827 2467; x_wconf 79' lang='grc'><strong>’⁵</strong></span> <span class='ocrx_word' id='word_1_479' title='bbox 2866 2436 3135 2503; x_wconf 76' lang='grc' dir='ltr'>παρέθετο</span> <span class='ocrx_word' id='word_1_480' title='bbox 3167 2435 3246 2503; x_wconf 88' lang='grc' dir='ltr'>τῷ</span> <span class='ocrx_word' id='word_1_481' title='bbox 3300 2435 3608 2503; x_wconf 82' lang='grc' dir='ltr'>πιστοτάτῳ</span> <span class='ocrx_word' id='word_1_482' title='bbox 3647 2435 3755 2485; x_wconf 90' lang='grc' dir='ltr'><strong>τῶν</strong></span> <span class='ocrx_word' id='word_1_483' title='bbox 3786 2433 4045 2486; x_wconf 84' lang='grc' dir='ltr'>πολιτῶν.</span> 
     </span>
    </p>
   </div>
   <div class='ocr_carea' id='block_1_68' title="bbox 2475 2512 4050 2596">
    <p class='ocr_par' dir='ltr' id='par_1_68' title="bbox 2475 2512 4050 2596">
     <span class='ocr_line' id='line_1_68' title="bbox 2475 2512 4050 2596; baseline 0 -19"><span class='ocrx_word' id='word_1_484' title='bbox 2475 2528 2561 2588; x_wconf 84' lang='grc' dir='ltr'>Ὠς</span> <span class='ocrx_word' id='word_1_485' title='bbox 2583 2527 2639 2579; x_wconf 79' lang='grc' dir='ltr'>δὲ</span> <span class='ocrx_word' id='word_1_486' title='bbox 2686 2527 3018 2596; x_wconf 80' lang='grc' dir='ltr'>παρεδέξατο</span> <span class='ocrx_word' id='word_1_487' title='bbox 3062 2529 3089 2579; x_wconf 86' lang='grc' dir='ltr'>ὁ</span> <span class='ocrx_word' id='word_1_488' title='bbox 3131 2512 3473 2593; x_wconf 71' lang='grc' dir='ltr'>Ἐπιδαύᾷιος</span> <span class='ocrx_word' id='word_1_489' title='bbox 3513 2525 3651 2594; x_wconf 87' lang='grc' dir='ltr'><strong>μετά</strong></span> <span class='ocrx_word' id='word_1_490' title='bbox 3709 2524 3818 2577; x_wconf 87' lang='grc' dir='ltr'><strong>τῶν</strong></span> <span class='ocrx_word' id='word_1_491' title='bbox 3873 2525 4050 2577; x_wconf 79' lang='grc' dir='ltr'>ἄλλων</span> 
     </span>
    </p>
   </div>
   <div class='ocr_carea' id='block_1_69' title="bbox 2463 2615 4051 2687">
    <p class='ocr_par' dir='ltr' id='par_1_69' title="bbox 2463 2615 4051 2687">
     <span class='ocr_line' id='line_1_69' title="bbox 2463 2615 4051 2687; baseline -0.003 -18"><span class='ocrx_word' id='word_1_492' title='bbox 2463 2620 2555 2670; x_wconf 75' lang='grc' dir='ltr'>καὶ</span> <span class='ocrx_word' id='word_1_493' title='bbox 2588 2620 2653 2687; x_wconf 74' lang='grc' dir='ltr'>ἢν</span> <span class='ocrx_word' id='word_1_494' title='bbox 2677 2619 3015 2687; x_wconf 85' lang='grc' dir='ltr'>ἀπεστέρητο</span> <span class='ocrx_word' id='word_1_495' title='bbox 3063 2616 3411 2686; x_wconf 75' lang='grc' dir='ltr'>παραθήκην,</span> <span class='ocrx_word' id='word_1_496' title='bbox 3441 2618 3532 2669; x_wconf 80' lang='grc' dir='ltr'>καὶ</span> <span class='ocrx_word' id='word_1_497' title='bbox 3572 2618 3788 2683; x_wconf 83' lang='grc' dir='ltr'>έπέγνω</span> <span class='ocrx_word' id='word_1_498' title='bbox 3819 2615 4051 2683; x_wconf 77' lang='grc' dir='ltr'>ταύτην,</span> 
     </span>
    </p>
   </div>
   <div class='ocr_carea' id='block_1_70' title="bbox 2461 2705 4050 2779">
    <p class='ocr_par' dir='ltr' id='par_1_70' title="bbox 2461 2705 4050 2779">
     <span class='ocr_line' id='line_1_70' title="bbox 2461 2705 4050 2779; baseline -0.001 -20"><span class='ocrx_word' id='word_1_499' title='bbox 2461 2705 2597 2779; x_wconf 77' lang='grc' dir='ltr'>ἦσαν</span> <span class='ocrx_word' id='word_1_500' title='bbox 2628 2709 2726 2776; x_wconf 81' lang='grc' dir='ltr'><strong>μὲν</strong></span> <span class='ocrx_word' id='word_1_501' title='bbox 2752 2709 2800 2760; x_wconf 82' lang='grc' dir='ltr'>οἳ</span> <span class='ocrx_word' id='word_1_502' title='bbox 2841 2708 3227 2759; x_wconf 76' lang='grc' dir='ltr'>συνεϐούλευον</span> <span class='ocrx_word' id='word_1_503' title='bbox 3264 2710 3513 2776; x_wconf 81' lang='grc' dir='ltr'>κατέχειν</span> <span class='ocrx_word' id='word_1_504' title='bbox 3547 2707 3616 2758; x_wconf 86' lang='grc' dir='ltr'><strong>τά</strong></span> <span class='ocrx_word' id='word_1_505' title='bbox 3650 2710 3827 2759; x_wconf 84' lang='grc' dir='ltr'>οίκεῖα</span> <span class='ocrx_word' id='word_1_506' title='bbox 3851 2708 3946 2758; x_wconf 73' lang='grc' dir='ltr'><strong>καὶ</strong></span> <span class='ocrx_word' id='word_1_507' title='bbox 3974 2708 4050 2774; x_wconf 73' lang='grc' dir='ltr'>μὴ</span> 
     </span>
    </p>
   </div>
   <div class='ocr_carea' id='block_1_71' title="bbox 2460 2790 4052 2867">
    <p class='ocr_par' dir='ltr' id='par_1_71' title="bbox 2460 2790 4052 2867">
     <span class='ocr_line' id='line_1_71' title="bbox 2460 2790 4052 2867; baseline -0.003 -17"><span class='ocrx_word' id='word_1_508' title='bbox 2460 2799 2750 2851; x_wconf 72' lang='grc' dir='ltr'>ἀποδοῦναι</span> <span class='ocrx_word' id='word_1_509' title='bbox 2790 2798 2867 2867; x_wconf 82' lang='grc' dir='ltr'>τῷ</span> <span class='ocrx_word' id='word_1_510' title='bbox 2921 2798 3044 2850; x_wconf 78' lang='grc' dir='ltr'>κατ’</span> <span class='ocrx_word' id='word_1_511' title='bbox 3078 2797 3251 2867; x_wconf 80' lang='grc' dir='ltr'>ἀρχὰς</span> <span class='ocrx_word' id='word_1_512' title='bbox 3282 2797 3704 2866; x_wconf 85' lang='grc' dir='ltr'>ἀπεστερηκότι,</span> <span class='ocrx_word' id='word_1_513' title='bbox 3742 2798 3769 2848; x_wconf 84' lang='grc' dir='ltr'>ὁ</span> <span class='ocrx_word' id='word_1_514' title='bbox 3793 2796 3850 2848; x_wconf 79' lang='grc' dir='ltr'>δὲ</span> <span class='ocrx_word' id='word_1_515' title='bbox 3886 2798 3945 2847; x_wconf 85' lang='grc' dir='ltr'><strong>έν</strong></span> <span class='ocrx_word' id='word_1_516' title='bbox 3966 2790 4052 2858; x_wconf 79' lang='grc' dir='ltr'>οἷς</span> 
     </span>
    </p>
   </div>
   <div class='ocr_carea' id='block_1_72' title="bbox 2460 2886 4051 2959">
    <p class='ocr_par' dir='ltr' id='par_1_72' title="bbox 2460 2886 4051 2959">
     <span class='ocr_line' id='line_1_72' title="bbox 2460 2886 4051 2959; baseline -0.003 -17"><span class='ocrx_word' id='word_1_517' title='bbox 2460 2891 2754 2958; x_wconf 76' lang='grc' dir='ltr'>ἐπιστεύθη</span> <span class='ocrx_word' id='word_1_518' title='bbox 2784 2891 2883 2942; x_wconf 80' lang='grc' dir='ltr'><strong>οὐκ</strong></span> <span class='ocrx_word' id='word_1_519' title='bbox 2912 2890 3047 2959; x_wconf 75' lang='grc' dir='ltr'>ᾤετο</span> <span class='ocrx_word' id='word_1_520' title='bbox 3067 2890 3178 2941; x_wconf 85' lang='grc' dir='ltr'>δεῖν</span> <span class='ocrx_word' id='word_1_521' title='bbox 3203 2890 3431 2950; x_wconf 84' lang='grc' dir='ltr'>ἀπιστος</span> <span class='ocrx_word' id='word_1_522' title='bbox 3462 2888 3737 2955; x_wconf 82' lang='grc' dir='ltr'>γενέσθαι,</span> <span class='ocrx_word' id='word_1_523' title='bbox 3784 2886 3907 2938; x_wconf 79' lang='grc' dir='ltr'>οὐδὲ</span> <span class='ocrx_word' id='word_1_524' title='bbox 3948 2904 4051 2938; x_wconf 78' lang='grc' dir='ltr'>κα·</span> 
     </span>
    </p>
   </div>
   <div class='ocr_carea' id='block_1_73' title="bbox 2462 2978 4056 3051">
    <p class='ocr_par' dir='ltr' id='par_1_73' title="bbox 2462 2978 4056 3051">
     <span class='ocr_line' id='line_1_73' title="bbox 2462 2978 4056 3051; baseline -0.004 -18"><span class='ocrx_word' id='word_1_525' title='bbox 2462 2981 2862 3051; x_wconf 71' lang='grc' dir='ltr'>ταρῤυπαίνειν</span> <span class='ocrx_word' id='word_1_526' title='bbox 2892 2982 2990 3049; x_wconf 80' lang='grc' dir='ltr'>τὴν</span> <span class='ocrx_word' id='word_1_527' title='bbox 3028 2980 3223 3033; x_wconf 82' lang='grc' dir='ltr'>πασῶν</span> <span class='ocrx_word' id='word_1_528' title='bbox 3253 2980 3463 3051; x_wconf 84' lang='grc' dir='ltr'>ἀρετῶν</span> <span class='ocrx_word' id='word_1_529' title='bbox 3495 2978 3935 3046; x_wconf 79' lang='grc' dir='ltr'>ὠφελιμωτάτην</span> <span class='ocrx_word' id='word_1_530' title='bbox 3964 2994 4056 3027; x_wconf 89' lang='grc' dir='ltr'>πι-</span> 
     </span>
    </p>
   </div>
   <div class='ocr_carea' id='block_1_74' title="bbox 2460 3065 4051 3140">
    <p class='ocr_par' dir='ltr' id='par_1_74' title="bbox 2460 3065 4051 3140">
     <span class='ocr_line' id='line_1_74' title="bbox 2460 3065 4051 3140; baseline -0.004 -17"><span class='ocrx_word' id='word_1_531' title='bbox 2460 3075 2689 3140; x_wconf 86' lang='grc' dir='ltr'>στότητα</span> <span class='ocrx_word' id='word_1_532' title='bbox 2724 3070 2812 3123; x_wconf 76' lang='grc' dir='ltr'>διὰ</span> <span class='ocrx_word' id='word_1_533' title='bbox 2856 3071 2954 3139; x_wconf 81' lang='grc' dir='ltr'>τῆς</span> <span class='ocrx_word' id='word_1_534' title='bbox 2987 3070 3209 3137; x_wconf 83' lang='grc' dir='ltr'>εὐλόγου</span> <span class='ocrx_word' id='word_1_535' title='bbox 3269 3069 3601 3136; x_wconf 84' lang='grc' dir='ltr'>φαινομένης</span> <span class='ocrx_word' id='word_1_536' title='bbox 3664 3068 3943 3128; x_wconf 75' lang='grc' dir='ltr'>ἀπιστίας,</span> <span class='ocrx_word' id='word_1_537' title='bbox 3987 3065 4051 3116; x_wconf 82' lang='grc' dir='ltr'><strong>οὐ</strong></span> 
     </span>
    </p>
   </div>
   <div class='ocr_carea' id='block_1_75' title="bbox 2456 3154 4051 3227">
    <p class='ocr_par' dir='ltr' id='par_1_75' title="bbox 2456 3154 4051 3227">
     <span class='ocr_line' id='line_1_75' title="bbox 2456 3154 4051 3227; baseline -0.002 -15"><span class='ocrx_word' id='word_1_538' title='bbox 2456 3160 2631 3212; x_wconf 83' lang='grc' dir='ltr'>δοκεῖν</span> <span class='ocrx_word' id='word_1_539' title='bbox 2660 3161 2714 3211; x_wconf 82' lang='grc' dir='ltr'>δὲ</span> <span class='ocrx_word' id='word_1_540' title='bbox 2735 3161 2940 3220; x_wconf 81' lang='grc' dir='ltr'>δίκαιος</span> <span class='ocrx_word' id='word_1_541' title='bbox 2964 3159 3079 3211; x_wconf 87' lang='grc' dir='ltr'>ἀλλ’</span> <span class='ocrx_word' id='word_1_542' title='bbox 3104 3154 3245 3211; x_wconf 87' lang='grc' dir='ltr'>εἶναι</span> <span class='ocrx_word' id='word_1_543' title='bbox 3303 3159 3487 3227; x_wconf 75' lang='grc' dir='ltr'>ἦθελε,</span> <span class='ocrx_word' id='word_1_544' title='bbox 3520 3158 3748 3226; x_wconf 80' lang='grc' dir='ltr'>βαθεῖαν</span> <span class='ocrx_word' id='word_1_545' title='bbox 3801 3157 3880 3225; x_wconf 81' lang='grc' dir='ltr'>τῷ</span> <span class='ocrx_word' id='word_1_546' title='bbox 3936 3157 4051 3209; x_wconf 81' lang='grc' dir='ltr'>δντι</span> 
     </span>
    </p>
   </div>
   <div class='ocr_carea' id='block_1_76' title="bbox 2466 3248 4053 3319">
    <p class='ocr_par' dir='ltr' id='par_1_76' title="bbox 2466 3248 4053 3319">
     <span class='ocr_line' id='line_1_76' title="bbox 2466 3248 4053 3319; baseline -0.003 -16"><span class='ocrx_word' id='word_1_547' title='bbox 2466 3255 2559 3303; x_wconf 77' lang='grc' dir='ltr'>καὶ</span> <span class='ocrx_word' id='word_1_548' title='bbox 2592 3251 2753 3311; x_wconf 79' lang='grc' dir='ltr'>αὐτὸς</span> <span class='ocrx_word' id='word_1_549' title='bbox 2792 3251 3004 3302; x_wconf 80' lang='grc' dir='ltr'>αῠλακα</span> <span class='ocrx_word' id='word_1_550' title='bbox 3054 3250 3143 3301; x_wconf 84' lang='grc' dir='ltr'>διὰ</span> <span class='ocrx_word' id='word_1_551' title='bbox 3196 3250 3409 3319; x_wconf 82' lang='grc' dir='ltr'>φρενῶν</span> <span class='ocrx_word' id='word_1_552' title='bbox 3459 3248 3862 3316; x_wconf 83' lang='grc' dir='ltr'>καρπούμενος.</span> <span class='ocrx_word' id='word_1_553' title='bbox 3905 3248 4053 3299; x_wconf 79' lang='grc' dir='ltr'>Ἐπι-</span> 
     </span>
    </p>
   </div>
   <div class='ocr_carea' id='block_1_77' title="bbox 2464 3340 4053 3410">
    <p class='ocr_par' dir='ltr' id='par_1_77' title="bbox 2464 3340 4053 3410">
     <span class='ocr_line' id='line_1_77' title="bbox 2464 3340 4053 3410; baseline -0.003 -17"><span class='ocrx_word' id='word_1_554' title='bbox 2464 3340 2627 3403; x_wconf 84' lang='grc' dir='ltr'>δείξει</span> <span class='ocrx_word' id='word_1_555' title='bbox 2650 3341 2705 3392; x_wconf 85' lang='grc' dir='ltr'>δὲ</span> <span class='ocrx_word' id='word_1_556' title='bbox 2733 3342 2778 3373; x_wconf 78' lang='grc'><strong>⁸⁸</strong></span> <span class='ocrx_word' id='word_1_557' title='bbox 2804 3343 2926 3393; x_wconf 86' lang='grc' dir='ltr'>ὅσον</span> <span class='ocrx_word' id='word_1_558' title='bbox 2952 3341 3051 3394; x_wconf 83' lang='grc' dir='ltr'><strong>οὐκ</strong></span> <span class='ocrx_word' id='word_1_559' title='bbox 3084 3341 3187 3410; x_wconf 77' lang='grc' dir='ltr'>ἥδη</span> <span class='ocrx_word' id='word_1_560' title='bbox 3229 3341 3289 3393; x_wconf 83' lang='grc' dir='ltr'><strong>τὸ</strong></span> <span class='ocrx_word' id='word_1_561' title='bbox 3316 3340 3557 3394; x_wconf 83' lang='grc' dir='ltr'>τοιούτον</span> <span class='ocrx_word' id='word_1_562' title='bbox 3582 3341 3615 3408; x_wconf 79' lang='grc' dir='ltr'>ἡ</span> <span class='ocrx_word' id='word_1_563' title='bbox 3645 3340 3754 3392; x_wconf 86' lang='grc' dir='ltr'><strong>τῶν</strong></span> <span class='ocrx_word' id='word_1_564' title='bbox 3783 3340 4053 3391; x_wconf 78' lang='grc' dir='ltr'>καθ’ἒκαο</span> 
     </span>
    </p>
   </div>
   <div class='ocr_carea' id='block_1_78' title="bbox 2468 3432 3177 3499">
    <p class='ocr_par' dir='ltr' id='par_1_78' title="bbox 2468 3432 3177 3499">
     <span class='ocr_line' id='line_1_78' title="bbox 2468 3432 3177 3499; baseline -0.001 -14"><span class='ocrx_word' id='word_1_565' title='bbox 2468 3450 2569 3485; x_wconf 92' lang='grc' dir='ltr'><strong>στα</strong></span> <span class='ocrx_word' id='word_1_566' title='bbox 2604 3432 2697 3487; x_wconf 81' lang='grc' dir='ltr'><strong>τοῦ</strong></span> <span class='ocrx_word' id='word_1_567' title='bbox 2729 3433 2887 3499; x_wconf 84' lang='grc' dir='ltr'>λόγου</span> <span class='ocrx_word' id='word_1_568' title='bbox 2924 3432 3177 3496; x_wconf 77' lang='grc' dir='ltr'>διέξοδος.</span> 
     </span>
    </p>
   </div>
   <div class='ocr_carea' id='block_1_79' title="bbox 2545 3607 4052 3679">
    <p class='ocr_par' dir='ltr' id='par_1_79' title="bbox 2545 3607 4052 3679">
     <span class='ocr_line' id='line_1_79' title="bbox 2545 3607 4052 3679; baseline -0.005 -15"><span class='ocrx_word' id='word_1_569' title='bbox 2545 3611 2874 3679; x_wconf 83' lang='grc' dir='ltr'>Ἐφθέγγετο</span> <span class='ocrx_word' id='word_1_570' title='bbox 2916 3612 3016 3679; x_wconf 79' lang='grc' dir='ltr'>μὲν</span> <span class='ocrx_word' id='word_1_571' title='bbox 3060 3612 3339 3679; x_wconf 76' lang='grc' dir='ltr'>ἐλάχιστα,</span> <span class='ocrx_word' id='word_1_572' title='bbox 3380 3611 3450 3663; x_wconf 86' lang='grc' dir='ltr'><strong>τά</strong></span> <span class='ocrx_word' id='word_1_573' title='bbox 3490 3609 3666 3661; x_wconf 85' lang='grc' dir='ltr'>πολλά</span> <span class='ocrx_word' id='word_1_574' title='bbox 3708 3607 3765 3660; x_wconf 83' lang='grc' dir='ltr'>δὲ</span> <span class='ocrx_word' id='word_1_575' title='bbox 3811 3609 4052 3677; x_wconf 64' lang='grc' dir='ltr'>ἠκροᾶτο</span> 
     </span>
    </p>
   </div>
   <div class='ocr_carea' id='block_1_80' title="bbox 2461 3700 4051 3771">
    <p class='ocr_par' dir='ltr' id='par_1_80' title="bbox 2461 3700 4051 3771">
     <span class='ocr_line' id='line_1_80' title="bbox 2461 3700 4051 3771; baseline -0.004 -16"><span class='ocrx_word' id='word_1_576' title='bbox 2461 3702 2634 3769; x_wconf 86' lang='grc' dir='ltr'>λόγων</span> <span class='ocrx_word' id='word_1_577' title='bbox 2684 3702 3072 3771; x_wconf 80' lang='grc' dir='ltr'>γεγηρακότων</span> <span class='ocrx_word' id='word_1_578' title='bbox 3122 3703 3189 3755; x_wconf 79' lang='grc'><strong>’⁷.</strong></span> <span class='ocrx_word' id='word_1_579' title='bbox 3229 3702 3288 3754; x_wconf 89' lang='lat'><strong>&#39;0</strong></span> <span class='ocrx_word' id='word_1_580' title='bbox 3316 3703 3487 3770; x_wconf 87' lang='grc' dir='ltr'>μέγας</span> <span class='ocrx_word' id='word_1_581' title='bbox 3516 3702 3657 3769; x_wconf 85' lang='grc' dir='ltr'>ἀνὴρ</span> <span class='ocrx_word' id='word_1_582' title='bbox 3709 3700 3903 3751; x_wconf 63' lang='grc' dir='ltr'>οὐδένα</span> <span class='ocrx_word' id='word_1_583' title='bbox 3964 3716 4051 3766; x_wconf 85' lang='grc' dir='ltr'>μι-</span> 
     </span>
    </p>
   </div>
   <div class='ocr_carea' id='block_1_81' title="bbox 2464 3788 4052 3865">
    <p class='ocr_par' dir='ltr' id='par_1_81' title="bbox 2464 3788 4052 3865">
     <span class='ocr_line' id='line_1_81' title="bbox 2464 3788 4052 3865; baseline -0.004 -19"><span class='ocrx_word' id='word_1_584' title='bbox 2464 3796 2595 3865; x_wconf 82' lang='grc' dir='ltr'>κρὸν</span> <span class='ocrx_word' id='word_1_585' title='bbox 2648 3794 2833 3860; x_wconf 88' lang='grc' dir='ltr'>ἀγῶνα</span> <span class='ocrx_word' id='word_1_586' title='bbox 2887 3794 3173 3863; x_wconf 85' lang='grc' dir='ltr'>προσίεται</span> <span class='ocrx_word' id='word_1_587' title='bbox 3231 3794 3301 3854; x_wconf 77' lang='grc'><strong>⁸⁸,</strong></span> <span class='ocrx_word' id='word_1_588' title='bbox 3336 3792 3449 3845; x_wconf 78' lang='grc' dir='ltr'>ἀλλ’</span> <span class='ocrx_word' id='word_1_589' title='bbox 3482 3793 3616 3844; x_wconf 82' lang='grc' dir='ltr'>ὅπου</span> <span class='ocrx_word' id='word_1_590' title='bbox 3650 3791 3889 3859; x_wconf 69' lang='grc' dir='ltr'>φυγάδες</span> <span class='ocrx_word' id='word_1_591' title='bbox 3924 3790 3968 3820; x_wconf 83' lang='lat'><strong>&quot;</strong></span> <span class='ocrx_word' id='word_1_592' title='bbox 4000 3788 4052 3840; x_wconf 78' lang='grc' dir='ltr'>οι</span> 
     </span>
    </p>
   </div>
   <div class='ocr_carea' id='block_1_82' title="bbox 2461 3883 4051 3954">
    <p class='ocr_par' dir='ltr' id='par_1_82' title="bbox 2461 3883 4051 3954">
     <span class='ocr_line' id='line_1_82' title="bbox 2461 3883 4051 3954; baseline -0.003 -17"><span class='ocrx_word' id='word_1_593' title='bbox 2461 3886 2611 3937; x_wconf 78' lang='grc' dir='ltr'>ἄλλοι</span> <span class='ocrx_word' id='word_1_594' title='bbox 2643 3884 2712 3937; x_wconf 86' lang='grc' dir='ltr'>δι’</span> <span class='ocrx_word' id='word_1_595' title='bbox 2758 3885 3061 3954; x_wconf 78' lang='grc' dir='ltr'>ἀνανδρίαν</span> <span class='ocrx_word' id='word_1_596' title='bbox 3118 3883 3625 3952; x_wconf 81' lang='grc' dir='ltr'>ἀποδιδράσκουσιν,</span> <span class='ocrx_word' id='word_1_597' title='bbox 3668 3883 3905 3934; x_wconf 79' lang='grc' dir='ltr'>ἐνταῦθα</span> <span class='ocrx_word' id='word_1_598' title='bbox 3949 3898 4051 3933; x_wconf 83' lang='grc' dir='ltr'>κα-</span> 
     </span>
    </p>
   </div>
   <div class='ocr_carea' id='block_1_83' title="bbox 2462 3972 4049 4045">
    <p class='ocr_par' dir='ltr' id='par_1_83' title="bbox 2462 3972 4049 4045">
     <span class='ocr_line' id='line_1_83' title="bbox 2462 3972 4049 4045; baseline -0.001 -18"><span class='ocrx_word' id='word_1_599' title='bbox 2462 3974 2707 4027; x_wconf 75' lang='grc' dir='ltr'>ταϐαίνει</span> <span class='ocrx_word' id='word_1_600' title='bbox 2741 3978 2755 4006; x_wconf 88' lang='grc'>¹</span> <span class='ocrx_word' id='word_1_601' title='bbox 2785 3992 2858 4027; x_wconf 86' lang='grc' dir='ltr'><strong>πα</strong></span> <span class='ocrx_word' id='word_1_602' title='bbox 2870 3976 3291 4045; x_wconf 78' lang='grc' dir='ltr'>ρασαλλόμενος.</span> <span class='ocrx_word' id='word_1_603' title='bbox 3334 3974 3496 4042; x_wconf 74' lang='lat'><strong>[1033</strong></span> <span class='ocrx_word' id='word_1_604' title='bbox 3531 3972 3623 4042; x_wconf 68' lang='lat'><strong>8.]</strong></span> <span class='ocrx_word' id='word_1_605' title='bbox 3653 3976 3841 4027; x_wconf 79' lang='grc' dir='ltr'>Ἔνθα</span> <span class='ocrx_word' id='word_1_606' title='bbox 3866 3972 4049 4039; x_wconf 65' lang='grc' dir='ltr'>ἀίετὴ</span> 
     </span>
    </p>
   </div>
   <div class='ocr_carea' id='block_1_84' title="bbox 2460 4065 3663 4134">
    <p class='ocr_par' dir='ltr' id='par_1_84' title="bbox 2460 4065 3663 4134">
     <span class='ocr_line' id='line_1_84' title="bbox 2460 4065 3663 4134; baseline -0.001 -18"><span class='ocrx_word' id='word_1_607' title='bbox 2460 4065 2777 4118; x_wconf 81' lang='grc' dir='ltr'>διαείδεται</span> <span class='ocrx_word' id='word_1_608' title='bbox 2808 4067 2827 4096; x_wconf 79' lang='grc'><strong>⁸</strong></span> <span class='ocrx_word' id='word_1_609' title='bbox 2850 4065 3085 4134; x_wconf 73' lang='grc' dir='ltr'>ἀνδρῶν</span> <span class='ocrx_word' id='word_1_610' title='bbox 3116 4067 3256 4117; x_wconf 73' lang='grc' dir='ltr'>κατὰ</span> <span class='ocrx_word' id='word_1_611' title='bbox 3283 4067 3373 4116; x_wconf 87' lang='grc' dir='ltr'><strong>τὸν</strong></span> <span class='ocrx_word' id='word_1_612' title='bbox 3407 4065 3663 4133; x_wconf 79' lang='grc' dir='ltr'>Ποιητήν.</span> 
     </span>
    </p>
   </div>
   <div class='ocr_carea' id='block_1_85' title="bbox 2536 4154 4050 4226">
    <p class='ocr_par' dir='ltr' id='par_1_85' title="bbox 2536 4154 4050 4226">
     <span class='ocr_line' id='line_1_85' title="bbox 2536 4154 4050 4226; baseline -0.002 -17"><span class='ocrx_word' id='word_1_613' title='bbox 2536 4157 2646 4209; x_wconf 83' lang='grc' dir='ltr'><strong>Καὶ</strong></span> <span class='ocrx_word' id='word_1_614' title='bbox 2679 4157 2742 4226; x_wconf 83' lang='grc' dir='ltr'>δὴ</span> <span class='ocrx_word' id='word_1_615' title='bbox 2785 4156 2961 4208; x_wconf 84' lang='grc' dir='ltr'>ὲδόκει</span> <span class='ocrx_word' id='word_1_616' title='bbox 3009 4155 3087 4225; x_wconf 85' lang='grc' dir='ltr'>τῷ</span> <span class='ocrx_word' id='word_1_617' title='bbox 3128 4155 3241 4207; x_wconf 75' lang='grc' dir='ltr'>ὄντι</span> <span class='ocrx_word' id='word_1_618' title='bbox 3288 4155 3475 4207; x_wconf 79' lang='grc' dir='ltr'>δίκαια</span> <span class='ocrx_word' id='word_1_619' title='bbox 3519 4154 3832 4223; x_wconf 73' lang='grc' dir='ltr'>μέμφεσθαι</span> <span class='ocrx_word' id='word_1_620' title='bbox 3875 4155 3953 4223; x_wconf 70' lang='grc' dir='ltr'>τῷ</span> <span class='ocrx_word' id='word_1_621' title='bbox 3987 4170 4050 4222; x_wconf 78' lang='grc' dir='ltr'><strong>γε</strong></span> 
     </span>
    </p>
   </div>
   <div class='ocr_carea' id='block_1_86' title="bbox 2461 4244 4051 4314">
    <p class='ocr_par' dir='ltr' id='par_1_86' title="bbox 2461 4244 4051 4314">
     <span class='ocr_line' id='line_1_86' title="bbox 2461 4244 4051 4314; baseline -0.003 -15"><span class='ocrx_word' id='word_1_622' title='bbox 2461 4246 2679 4314; x_wconf 80' lang='grc' dir='ltr'>ἀκριϐεῖ</span> <span class='ocrx_word' id='word_1_623' title='bbox 2709 4246 2975 4314; x_wconf 78' lang='grc' dir='ltr'>λογισμῷ.</span> <span class='ocrx_word' id='word_1_624' title='bbox 3027 4246 3116 4313; x_wconf 88' lang='grc' dir='ltr'>Τῷ</span> <span class='ocrx_word' id='word_1_625' title='bbox 3180 4246 3236 4296; x_wconf 85' lang='grc' dir='ltr'>δὲ</span> <span class='ocrx_word' id='word_1_626' title='bbox 3292 4244 3511 4312; x_wconf 80' lang='grc' dir='ltr'>συνήθει</span> <span class='ocrx_word' id='word_1_627' title='bbox 3574 4248 3667 4297; x_wconf 74' lang='grc' dir='ltr'>καὶ</span> <span class='ocrx_word' id='word_1_628' title='bbox 3720 4245 4051 4314; x_wconf 77' lang='grc' dir='ltr'>ἀνθρωπίνῳ</span> 
     </span>
    </p>
   </div>
   <div class='ocr_carea' id='block_1_87' title="bbox 2462 4335 4051 4406">
    <p class='ocr_par' dir='ltr' id='par_1_87' title="bbox 2462 4335 4051 4406">
     <span class='ocr_line' id='line_1_87' title="bbox 2462 4335 4051 4406; baseline -0.003 -17"><span class='ocrx_word' id='word_1_629' title='bbox 2462 4336 2703 4406; x_wconf 79' lang='grc' dir='ltr'>πολλαχῇ</span> <span class='ocrx_word' id='word_1_630' title='bbox 2744 4337 2803 4388; x_wconf 78' lang='grc' dir='ltr'>τὸ</span> <span class='ocrx_word' id='word_1_631' title='bbox 2838 4337 2856 4366; x_wconf 87' lang='grc'>⁸</span> <span class='ocrx_word' id='word_1_632' title='bbox 2910 4338 3132 4405; x_wconf 86' lang='grc' dir='ltr'>μέτριον</span> <span class='ocrx_word' id='word_1_633' title='bbox 3181 4335 3360 4398; x_wconf 78' lang='grc' dir='ltr'>ἔδοξεν</span> <span class='ocrx_word' id='word_1_634' title='bbox 3399 4336 3464 4387; x_wconf 86' lang='grc' dir='ltr'><strong>ἀν</strong></span> <span class='ocrx_word' id='word_1_635' title='bbox 3504 4335 3877 4403; x_wconf 75' lang='grc' dir='ltr'>ὑπερϐαίνειν.</span> <span class='ocrx_word' id='word_1_636' title='bbox 3942 4336 4051 4387; x_wconf 80' lang='grc' dir='ltr'><strong>Καὶ</strong></span> 
     </span>
    </p>
   </div>
   <div class='ocr_carea' id='block_1_88' title="bbox 2461 4426 4049 4495">
    <p class='ocr_par' dir='ltr' id='par_1_88' title="bbox 2461 4426 4049 4495">
     <span class='ocr_line' id='line_1_88' title="bbox 2461 4426 4049 4495; baseline -0.001 -16"><span class='ocrx_word' id='word_1_637' title='bbox 2461 4427 2770 4495; x_wconf 76' lang='grc' dir='ltr'>ἐθαύμαζον</span> <span class='ocrx_word' id='word_1_638' title='bbox 2800 4429 2893 4479; x_wconf 70' lang='grc' dir='ltr'><strong>ἐπὶ</strong></span> <span class='ocrx_word' id='word_1_639' title='bbox 2920 4428 3134 4489; x_wconf 79' lang='grc' dir='ltr'>πολλοῖς</span> <span class='ocrx_word' id='word_1_640' title='bbox 3172 4428 3222 4479; x_wconf 91' lang='grc' dir='ltr'><strong>οί</strong></span> <span class='ocrx_word' id='word_1_641' title='bbox 3248 4426 3661 4495; x_wconf 75' lang='grc' dir='ltr'>ἐγκαλούμενοι,</span> <span class='ocrx_word' id='word_1_642' title='bbox 3686 4428 3779 4478; x_wconf 57' lang='grc' dir='ltr'><strong>καὶ⁸</strong></span> <span class='ocrx_word' id='word_1_643' title='bbox 3807 4427 3885 4491; x_wconf 84' lang='grc' dir='ltr'><strong>ὡς</strong></span> <span class='ocrx_word' id='word_1_644' title='bbox 3924 4427 4049 4494; x_wconf 83' lang='grc' dir='ltr'>φιλ-</span> 
     </span>
    </p>
   </div>
   <div class='ocr_carea' id='block_1_89' title="bbox 777 4515 2357 4597">
    <p class='ocr_par' dir='ltr' id='par_1_89' title="bbox 777 4516 2350 4589">
     <span class='ocr_line' id='line_1_89' title="bbox 777 4516 2350 4589; baseline 0.004 -20"><span class='ocrx_word' id='word_1_645' title='bbox 777 4518 913 4570; x_wconf 88' lang='lat' dir='ltr'><strong>male</strong></span> <span class='ocrx_word' id='word_1_646' title='bbox 957 4517 1130 4571; x_wconf 73' lang='lat' dir='ltr'><strong>affecti</strong></span> <span class='ocrx_word' id='word_1_647' title='bbox 1177 4526 1352 4571; x_wconf 89' lang='lat' dir='ltr'><strong>erant.</strong></span> <span class='ocrx_word' id='word_1_648' title='bbox 1390 4516 1586 4570; x_wconf 82' lang='lat' dir='ltr'><strong>Verum</strong></span> <span class='ocrx_word' id='word_1_649' title='bbox 1622 4518 1713 4571; x_wconf 91' lang='lat' dir='ltr'><strong>ille</strong></span> <span class='ocrx_word' id='word_1_650' title='bbox 1749 4520 2025 4589; x_wconf 86' lang='lat' dir='ltr'><strong>exemplar</strong></span> <span class='ocrx_word' id='word_1_651' title='bbox 2054 4535 2191 4575; x_wconf 64' lang='lat' dir='ltr'><strong>verte</strong></span> <span class='ocrx_word' id='word_1_652' title='bbox 2224 4538 2350 4577; x_wconf 90' lang='lat' dir='ltr'><strong>con-</strong></span> 
     </span>
    </p>
   </div>
   <div class='ocr_carea' id='block_1_90' title="bbox 2460 4515 4049 4597">
    <p class='ocr_par' dir='ltr' id='par_1_90' title="bbox 2461 4515 4049 4588">
     <span class='ocr_line' id='line_1_90' title="bbox 2461 4515 4049 4588; baseline 0.001 -16"><span class='ocrx_word' id='word_1_653' title='bbox 2461 4519 2634 4572; x_wconf 86' lang='grc' dir='ltr'>αιτίου</span> <span class='ocrx_word' id='word_1_654' title='bbox 2693 4520 2819 4587; x_wconf 74' lang='grc' dir='ltr'>περὶ</span> <span class='ocrx_word' id='word_1_655' title='bbox 2847 4518 3009 4571; x_wconf 78' lang='grc' dir='ltr'>αὑτοῦ</span> <span class='ocrx_word' id='word_1_656' title='bbox 3048 4519 3308 4570; x_wconf 84' lang='grc' dir='ltr'>διέκειντο</span> <span class='ocrx_word' id='word_1_657' title='bbox 3342 4515 3485 4588; x_wconf 76' lang='grc'><strong>[549</strong></span> <span class='ocrx_word' id='word_1_658' title='bbox 3526 4516 3621 4588; x_wconf 83' lang='lat' dir='ltr'><strong>H.]</strong></span> <span class='ocrx_word' id='word_1_659' title='bbox 3666 4520 3765 4580; x_wconf 81' lang='grc' dir='ltr'>τὰς</span> <span class='ocrx_word' id='word_1_660' title='bbox 3798 4520 4049 4587; x_wconf 81' lang='grc' dir='ltr'>γνώμας.</span> 
     </span>
    </p>
   </div>
   <div class='ocr_carea' id='block_1_91' title="bbox 774 4608 2353 4679">
    <p class='ocr_par' dir='ltr' id='par_1_91' title="bbox 774 4608 2353 4679">
     <span class='ocr_line' id='line_1_91' title="bbox 774 4608 2353 4679; baseline 0.004 -16"><span class='ocrx_word' id='word_1_661' title='bbox 774 4610 970 4664; x_wconf 67' lang='lat' dir='ltr'><strong>cordia:</strong></span> <span class='ocrx_word' id='word_1_662' title='bbox 996 4612 1046 4664; x_wconf 92' lang='lat' dir='ltr'><strong>in</strong></span> <span class='ocrx_word' id='word_1_663' title='bbox 1072 4610 1251 4679; x_wconf 90' lang='lat' dir='ltr'><strong>seipso</strong></span> <span class='ocrx_word' id='word_1_664' title='bbox 1275 4608 1687 4676; x_wconf 87' lang='lat' dir='ltr'><strong>circumferens,</strong></span> <span class='ocrx_word' id='word_1_665' title='bbox 1712 4624 1778 4664; x_wconf 82' lang='lat' dir='ltr'><strong>ex</strong></span> <span class='ocrx_word' id='word_1_666' title='bbox 1806 4612 1898 4666; x_wconf 89' lang='lat' dir='ltr'><strong>illo</strong></span> <span class='ocrx_word' id='word_1_667' title='bbox 1936 4621 2165 4669; x_wconf 65' lang='lat' dir='ltr'><strong>caeteros</strong></span> <span class='ocrx_word' id='word_1_668' title='bbox 2208 4616 2353 4669; x_wconf 68' lang='lat' dir='ltr'><strong>aesti-</strong></span> 
     </span>
    </p>
   </div>
   <div class='ocr_carea' id='block_1_92' title="bbox 775 4703 978 4769">
    <p class='ocr_par' dir='ltr' id='par_1_92' title="bbox 775 4703 978 4769">
     <span class='ocr_line' id='line_1_92' title="bbox 775 4703 978 4769; baseline 0.005 -16"><span class='ocrx_word' id='word_1_669' title='bbox 775 4703 978 4769; x_wconf 78' lang='lat' dir='ltr'><strong>litabat.</strong></span> 
     </span>
    </p>
   </div>
   <div class='ocr_carea' id='block_1_93' title="bbox 844 4788 2351 4858">
    <p class='ocr_par' dir='ltr' id='par_1_93' title="bbox 844 4788 2351 4858">
     <span class='ocr_line' id='line_1_93' title="bbox 844 4788 2351 4858; baseline 0.003 -16"><span class='ocrx_word' id='word_1_670' title='bbox 844 4788 969 4842; x_wconf 88' lang='lat' dir='ltr'><strong>Tria</strong></span> <span class='ocrx_word' id='word_1_671' title='bbox 1022 4804 1141 4843; x_wconf 85' lang='lat' dir='ltr'><strong>esse</strong></span> <span class='ocrx_word' id='word_1_672' title='bbox 1181 4804 1372 4843; x_wconf 90' lang='lat' dir='ltr'><strong>omnes</strong></span> <span class='ocrx_word' id='word_1_673' title='bbox 1433 4797 1686 4841; x_wconf 80' lang='lat' dir='ltr'><strong>asserunt</strong></span> <span class='ocrx_word' id='word_1_674' title='bbox 1756 4790 2017 4858; x_wconf 89' lang='lat' dir='ltr'><strong>principia</strong></span> <span class='ocrx_word' id='word_1_675' title='bbox 2075 4792 2245 4858; x_wconf 89' lang='lat' dir='ltr'><strong>prima</strong></span> <span class='ocrx_word' id='word_1_676' title='bbox 2297 4804 2351 4847; x_wconf 91' lang='lat' dir='ltr'><strong>et</strong></span> 
     </span>
    </p>
   </div>
   <div class='ocr_carea' id='block_1_94' title="bbox 776 4878 2347 4947">
    <p class='ocr_par' dir='ltr' id='par_1_94' title="bbox 776 4878 2347 4947">
     <span class='ocr_line' id='line_1_94' title="bbox 776 4878 2347 4947; baseline -0.001 -15"><span class='ocrx_word' id='word_1_677' title='bbox 776 4880 1009 4933; x_wconf 73' lang='lat' dir='ltr'><strong>maxima</strong></span> <span class='ocrx_word' id='word_1_678' title='bbox 1035 4880 1153 4946; x_wconf 83' lang='lat' dir='ltr'><strong>ejus</strong></span> <span class='ocrx_word' id='word_1_679' title='bbox 1184 4878 1530 4947; x_wconf 83' lang='lat' dir='ltr'><strong>cognitionis,</strong></span> <span class='ocrx_word' id='word_1_680' title='bbox 1555 4892 1673 4945; x_wconf 73' lang='lat' dir='ltr'><strong>quae</strong></span> <span class='ocrx_word' id='word_1_681' title='bbox 1703 4894 1785 4930; x_wconf 90' lang='lat' dir='ltr'><strong>res</strong></span> <span class='ocrx_word' id='word_1_682' title='bbox 1810 4880 2166 4947; x_wconf 83' lang='lat' dir='ltr'><strong>contemplari</strong></span> <span class='ocrx_word' id='word_1_683' title='bbox 2192 4880 2347 4945; x_wconf 83' lang='lat' dir='ltr'><strong>solet,</strong></span> 
     </span>
    </p>
   </div>
   <div class='ocr_carea' id='block_1_95' title="bbox 2471 4608 4051 4679">
    <p class='ocr_par' dir='ltr' id='par_1_95' title="bbox 2471 4608 4051 4679">
     <span class='ocr_line' id='line_1_95' title="bbox 2471 4608 4051 4679; baseline -0.001 -18"><span class='ocrx_word' id='word_1_684' title='bbox 2471 4610 2531 4661; x_wconf 85' lang='grc' dir='ltr'>Ὀ</span> <span class='ocrx_word' id='word_1_685' title='bbox 2586 4609 2643 4661; x_wconf 83' lang='grc' dir='ltr'>δὲ</span> <span class='ocrx_word' id='word_1_686' title='bbox 2690 4610 3040 4679; x_wconf 83' lang='grc' dir='ltr'>παράδειγμα</span> <span class='ocrx_word' id='word_1_687' title='bbox 3084 4608 3338 4675; x_wconf 82' lang='grc' dir='ltr'>ἀληθινὸν</span> <span class='ocrx_word' id='word_1_688' title='bbox 3387 4608 3639 4677; x_wconf 76' lang='grc' dir='ltr'>ὁμονοίας</span> <span class='ocrx_word' id='word_1_689' title='bbox 3688 4610 3950 4677; x_wconf 81' lang='grc' dir='ltr'>ἀληθινῆς</span> <span class='ocrx_word' id='word_1_690' title='bbox 3994 4612 4051 4661; x_wconf 77' lang='grc' dir='ltr'>ἐν</span> 
     </span>
    </p>
   </div>
   <div class='ocr_carea' id='block_1_96' title="bbox 2466 4699 3973 4770">
    <p class='ocr_par' dir='ltr' id='par_1_96' title="bbox 2466 4699 3973 4770">
     <span class='ocr_line' id='line_1_96' title="bbox 2466 4699 3973 4770; baseline -0.001 -17"><span class='ocrx_word' id='word_1_691' title='bbox 2466 4701 2642 4770; x_wconf 76' lang='grc' dir='ltr'>ἑαυτῷ</span> <span class='ocrx_word' id='word_1_692' title='bbox 2679 4702 2987 4769; x_wconf 73' lang='grc' dir='ltr'>περιφέρων</span> <span class='ocrx_word' id='word_1_693' title='bbox 3028 4700 3167 4770; x_wconf 81' lang='grc' dir='ltr'>πρὸς</span> <span class='ocrx_word' id='word_1_694' title='bbox 3196 4700 3355 4754; x_wconf 89' lang='grc' dir='ltr'>τοῦτο</span> <span class='ocrx_word' id='word_1_695' title='bbox 3384 4702 3510 4762; x_wconf 80' lang='grc' dir='ltr'>τοὺς</span> <span class='ocrx_word' id='word_1_696' title='bbox 3540 4699 3733 4762; x_wconf 77' lang='grc' dir='ltr'>ἄλλους</span> <span class='ocrx_word' id='word_1_697' title='bbox 3765 4700 3973 4769; x_wconf 68' lang='grc' dir='ltr'>ἔκρινε.</span> 
     </span>
    </p>
   </div>
   <div class='ocr_carea' id='block_1_97' title="bbox 2533 4791 4052 4862">
    <p class='ocr_par' dir='ltr' id='par_1_97' title="bbox 2533 4791 4052 4862">
     <span class='ocr_line' id='line_1_97' title="bbox 2533 4791 4052 4862; baseline -0.001 -19"><span class='ocrx_word' id='word_1_698' title='bbox 2533 4791 2675 4861; x_wconf 85' lang='grc' dir='ltr'>Τρία</span> <span class='ocrx_word' id='word_1_699' title='bbox 2714 4792 2913 4852; x_wconf 83' lang='grc' dir='ltr'>πάντες</span> <span class='ocrx_word' id='word_1_700' title='bbox 2938 4791 3264 4859; x_wconf 81' lang='grc' dir='ltr'>ὁμολογοῦσι</span> <span class='ocrx_word' id='word_1_701' title='bbox 3298 4791 3491 4862; x_wconf 84' lang='grc' dir='ltr'>πρῶτα</span> <span class='ocrx_word' id='word_1_702' title='bbox 3516 4794 3612 4843; x_wconf 73' lang='grc' dir='ltr'><strong>καὶ</strong></span> <span class='ocrx_word' id='word_1_703' title='bbox 3648 4791 3882 4859; x_wconf 83' lang='grc' dir='ltr'>μέγιστα</span> <span class='ocrx_word' id='word_1_704' title='bbox 3909 4807 4052 4842; x_wconf 84' lang='grc' dir='ltr'>στοι-</span> 
     </span>
    </p>
   </div>
   <div class='ocr_carea' id='block_1_98' title="bbox 2460 4880 4052 4951">
    <p class='ocr_par' dir='ltr' id='par_1_98' title="bbox 2460 4880 4052 4951">
     <span class='ocr_line' id='line_1_98' title="bbox 2460 4880 4052 4951; baseline -0.001 -18"><span class='ocrx_word' id='word_1_705' title='bbox 2460 4883 2581 4950; x_wconf 82' lang='grc' dir='ltr'>χεῖα</span> <span class='ocrx_word' id='word_1_706' title='bbox 2634 4880 2733 4949; x_wconf 83' lang='grc' dir='ltr'>τῆς</span> <span class='ocrx_word' id='word_1_707' title='bbox 2785 4880 2893 4932; x_wconf 91' lang='grc' dir='ltr'><strong>τῶν</strong></span> <span class='ocrx_word' id='word_1_708' title='bbox 2926 4881 3094 4933; x_wconf 77' lang='grc' dir='ltr'>ὄντων</span> <span class='ocrx_word' id='word_1_709' title='bbox 3143 4880 3534 4950; x_wconf 79' lang='grc' dir='ltr'>φιλοθεάμονος</span> <span class='ocrx_word' id='word_1_710' title='bbox 3570 4881 3832 4950; x_wconf 83' lang='grc' dir='ltr'>ίστορίας,</span> <span class='ocrx_word' id='word_1_711' title='bbox 3875 4882 4052 4951; x_wconf 69' lang='grc' dir='ltr'>ἔρωτα</span> 
     </span>
    </p>
   </div>
   <div class='ocr_carea' id='block_1_99' title="bbox 2048 4974 2756 5031">
    <p class='ocr_par' dir='ltr' id='par_1_99' title="bbox 2048 4974 2756 5031">
     <span class='ocr_line' id='line_1_99' title="bbox 2048 4974 2756 5031; baseline 0.007 -5"><span class='ocrx_word' id='word_1_712' title='bbox 2048 4974 2277 5028; x_wconf 75' lang='grc' dir='ltr'><strong>νΑΒΙᾹΞ</strong></span> <span class='ocrx_word' id='word_1_713' title='bbox 2347 4976 2756 5031; x_wconf 79' lang='lat' dir='ltr'><strong>LECTIONES.</strong></span> 
     </span>
    </p>
   </div>
   <div class='ocr_carea' id='block_1_100' title="bbox 843 5068 2247 5145">
    <p class='ocr_par' dir='ltr' id='par_1_100' title="bbox 843 5068 2247 5145">
     <span class='ocr_line' id='line_1_100' title="bbox 843 5068 2247 5145; baseline 0.021 -48"><span class='ocrx_word' id='word_1_714' title='bbox 843 5070 947 5145; x_wconf 32' lang='grc' dir='ltr'>ιιι-ἢ</span> <span class='ocrx_word' id='word_1_715' title='bbox 975 5086 1082 5145; x_wconf 54' lang='grc' dir='ltr'>φη,</span> <span class='ocrx_word' id='word_1_716' title='bbox 1117 5068 1174 5121; x_wconf 69' lang='grc' dir='ltr'>Β,</span> <span class='ocrx_word' id='word_1_717' title='bbox 1220 5138 1239 5145; x_wconf 67' lang='lat'>_</span> <span class='ocrx_word' id='word_1_718' title='bbox 1279 5068 1324 5145; x_wconf 59' lang='lat'><strong>9:</strong></span> <span class='ocrx_word' id='word_1_719' title='bbox 1362 5068 1461 5145; x_wconf 61' lang='grc' dir='ltr'><strong>μέν</strong></span> <span class='ocrx_word' id='word_1_720' title='bbox 1493 5068 1711 5145; x_wconf 82' lang='lat' dir='ltr'><strong>adtl._A.</strong></span> <span class='ocrx_word' id='word_1_721' title='bbox 1745 5139 1755 5145; x_wconf 30' lang='grc' dir='ltr'><strong><em>Δ</em></strong></span> <span class='ocrx_word' id='word_1_722' title='bbox 1815 5070 1859 5099; x_wconf 75' lang='grc'><strong>³⁸</strong></span> <span class='ocrx_word' id='word_1_723' title='bbox 1888 5070 2153 5145; x_wconf 72' lang='grc' dir='ltr'>ἀσφαλείᾳ</span> <span class='ocrx_word' id='word_1_724' title='bbox 2184 5076 2247 5127; x_wconf 84' lang='grc' dir='ltr'>Α..</span> 
     </span>
    </p>
   </div>
   <div class='ocr_carea' id='block_1_101' title="bbox 799 5136 2009 5208">
    <p class='ocr_par' dir='ltr' id='par_1_101' title="bbox 799 5136 2009 5208">
     <span class='ocr_line' id='line_1_101' title="bbox 799 5136 2009 5208; baseline 0.002 -16"><span class='ocrx_word' id='word_1_725' title='bbox 799 5141 841 5172; x_wconf 81' lang='grc'><strong>⁹¹</strong></span> <span class='ocrx_word' id='word_1_726' title='bbox 866 5136 965 5192; x_wconf 73' lang='grc' dir='ltr'><strong>οὐκ</strong></span> <span class='ocrx_word' id='word_1_727' title='bbox 988 5136 1054 5208; x_wconf 74' lang='grc' dir='ltr'>ἦν</span> <span class='ocrx_word' id='word_1_728' title='bbox 1089 5169 1157 5179; x_wconf 87' lang='lat'><strong>-—</strong></span> <span class='ocrx_word' id='word_1_729' title='bbox 1182 5138 1251 5190; x_wconf 73' lang='lat' dir='ltr'><strong>cf.</strong></span> <span class='ocrx_word' id='word_1_730' title='bbox 1290 5136 1490 5193; x_wconf 84' lang='lat' dir='ltr'><strong>Suidas</strong></span> <span class='ocrx_word' id='word_1_731' title='bbox 1522 5156 1573 5192; x_wconf 74' lang='grc' dir='ltr'><strong>ν.</strong></span> <span class='ocrx_word' id='word_1_732' title='bbox 1593 5136 2009 5208; x_wconf 15' lang='grc' dir='ltr'>ῨΠαρῖστασθλι.</span> 
     </span>
    </p>
   </div>
   <div class='ocr_carea' id='block_1_102' title="bbox 772 5207 1931 5280">
    <p class='ocr_par' dir='ltr' id='par_1_102' title="bbox 772 5207 1931 5280">
     <span class='ocr_line' id='line_1_102' title="bbox 772 5207 1931 5280; baseline 0 -18"><span class='ocrx_word' id='word_1_733' title='bbox 772 5222 898 5263; x_wconf 82' lang='lat' dir='ltr'><strong>ante</strong></span> <span class='ocrx_word' id='word_1_734' title='bbox 943 5207 1020 5270; x_wconf 72' lang='grc' dir='ltr'><strong>είς</strong></span> <span class='ocrx_word' id='word_1_735' title='bbox 1072 5211 1239 5278; x_wconf 87' lang='lat' dir='ltr'><strong>ponit.</strong></span> <span class='ocrx_word' id='word_1_736' title='bbox 1342 5209 1390 5241; x_wconf 83' lang='lat'><strong>&quot;</strong></span> <span class='ocrx_word' id='word_1_737' title='bbox 1419 5207 1605 5280; x_wconf 74' lang='grc' dir='ltr'>σοφὸς]</span> <span class='ocrx_word' id='word_1_738' title='bbox 1658 5210 1843 5277; x_wconf 81' lang='grc' dir='ltr'>σαφῶς</span> <span class='ocrx_word' id='word_1_739' title='bbox 1870 5214 1931 5262; x_wconf 82' lang='grc' dir='ltr'>Α.</span> 
     </span>
    </p>
   </div>
   <div class='ocr_carea' id='block_1_103' title="bbox 771 5282 1042 5342">
    <p class='ocr_par' dir='ltr' id='par_1_103' title="bbox 771 5282 1042 5342">
     <span class='ocr_line' id='line_1_103' title="bbox 771 5282 1042 5342; baseline -0.004 -9"><span class='ocrx_word' id='word_1_740' title='bbox 771 5282 948 5333; x_wconf 77' lang='grc' dir='ltr'>Αετε</span> <span class='ocrx_word' id='word_1_741' title='bbox 984 5296 1042 5342; x_wconf 81' lang='grc' dir='ltr'>ς.</span> 
     </span>
    </p>
   </div>
   <div class='ocr_carea' id='block_1_104' title="bbox 774 5416 2577 5493">
    <p class='ocr_par' dir='ltr' id='par_1_104' title="bbox 774 5416 2577 5493">
     <span class='ocr_line' id='line_1_104' title="bbox 774 5416 2577 5493; baseline 0.004 -24"><span class='ocrx_word' id='word_1_742' title='bbox 774 5418 947 5493; x_wconf 60' lang='grc' dir='ltr'>βαίνει</span> <span class='ocrx_word' id='word_1_743' title='bbox 1042 5434 1163 5493; x_wconf 86' lang='lat' dir='ltr'><strong>cum</strong></span> <span class='ocrx_word' id='word_1_744' title='bbox 1216 5416 1379 5473; x_wconf 89' lang='lat' dir='ltr'><strong>Suida</strong></span> <span class='ocrx_word' id='word_1_745' title='bbox 1407 5434 1421 5469; x_wconf 89' lang='lat'><strong>:</strong></span> <span class='ocrx_word' id='word_1_746' title='bbox 1456 5416 1862 5485; x_wconf 77' lang='grc' dir='ltr'>καταλαμϐάνει</span> <span class='ocrx_word' id='word_1_747' title='bbox 1896 5416 2053 5483; x_wconf 72' lang='grc' dir='ltr'>ς.ςῖ.</span> <span class='ocrx_word' id='word_1_748' title='bbox 2080 5422 2257 5493; x_wconf 84' lang='lat' dir='ltr'><strong>Toup.</strong></span> <span class='ocrx_word' id='word_1_749' title='bbox 2301 5442 2338 5490; x_wconf 89' lang='grc' dir='ltr'><strong>ι,</strong></span> <span class='ocrx_word' id='word_1_750' title='bbox 2366 5416 2417 5493; x_wconf 65' lang='lat' dir='ltr'><strong>p.</strong></span> <span class='ocrx_word' id='word_1_751' title='bbox 2456 5425 2577 5477; x_wconf 73' lang='grc'>121.</span> 
     </span>
    </p>
   </div>
   <div class='ocr_carea' id='block_1_105' title="bbox 775 5488 1157 5542">
    <p class='ocr_par' dir='ltr' id='par_1_105' title="bbox 775 5488 1157 5542">
     <span class='ocr_line' id='line_1_105' title="bbox 775 5488 1157 5542; baseline 0 -1"><span class='ocrx_word' id='word_1_752' title='bbox 775 5488 796 5519; x_wconf 87' lang='grc'>³</span> <span class='ocrx_word' id='word_1_753' title='bbox 822 5489 886 5541; x_wconf 83' lang='grc' dir='ltr'>τὸ</span> <span class='ocrx_word' id='word_1_754' title='bbox 918 5491 1041 5542; x_wconf 88' lang='lat' dir='ltr'><strong>add.</strong></span> <span class='ocrx_word' id='word_1_755' title='bbox 1094 5490 1157 5541; x_wconf 84' lang='lat' dir='ltr'><strong>A.</strong></span> 
     </span>
    </p>
   </div>
   <div class='ocr_carea' id='block_1_106' title="bbox 2038 5212 3233 5281">
    <p class='ocr_par' dir='ltr' id='par_1_106' title="bbox 2038 5212 3233 5281">
     <span class='ocr_line' id='line_1_106' title="bbox 2038 5212 3233 5281; baseline -0.003 -13"><span class='ocrx_word' id='word_1_756' title='bbox 2038 5212 2082 5249; x_wconf 71' lang='grc' dir='ltr'><strong>’δ</strong></span> <span class='ocrx_word' id='word_1_757' title='bbox 2106 5215 2161 5268; x_wconf 77' lang='grc' dir='ltr'><strong>δὲ</strong></span> <span class='ocrx_word' id='word_1_758' title='bbox 2185 5231 2295 5269; x_wconf 90' lang='lat' dir='ltr'><strong>om.</strong></span> <span class='ocrx_word' id='word_1_759' title='bbox 2320 5218 2386 5277; x_wconf 88' lang='lat' dir='ltr'><strong>A,</strong></span> <span class='ocrx_word' id='word_1_760' title='bbox 2413 5219 2479 5270; x_wconf 92' lang='lat' dir='ltr'><strong>de</strong></span> <span class='ocrx_word' id='word_1_761' title='bbox 2532 5231 2589 5268; x_wconf 92' lang='lat' dir='ltr'><strong>re</strong></span> <span class='ocrx_word' id='word_1_762' title='bbox 2620 5212 2691 5268; x_wconf 72' lang='lat' dir='ltr'><strong>cf.</strong></span> <span class='ocrx_word' id='word_1_763' title='bbox 2729 5214 2900 5281; x_wconf 91' lang='lat' dir='ltr'><strong>Toup.</strong></span> <span class='ocrx_word' id='word_1_764' title='bbox 2934 5230 2975 5275; x_wconf 75' lang='grc' dir='ltr'><strong>ι,</strong></span> <span class='ocrx_word' id='word_1_765' title='bbox 3010 5230 3061 5281; x_wconf 89' lang='lat' dir='ltr'><strong>p.</strong></span> <span class='ocrx_word' id='word_1_766' title='bbox 3108 5212 3233 5267; x_wconf 78' lang='lat' dir='ltr'><strong>3H.</strong></span> 
     </span>
    </p>
   </div>
   <div class='ocr_carea' id='block_1_107' title="bbox 1146 5280 3181 5355">
    <p class='ocr_par' dir='ltr' id='par_1_107' title="bbox 1146 5280 3181 5355">
     <span class='ocr_line' id='line_1_107' title="bbox 1146 5280 3181 5355; baseline 0.002 -25"><span class='ocrx_word' id='word_1_767' title='bbox 1146 5280 1190 5309; x_wconf 88' lang='grc'><strong>⁹⁷</strong></span> <span class='ocrx_word' id='word_1_768' title='bbox 1222 5283 1610 5355; x_wconf 64' lang='grc' dir='ltr'>γεγηρακότων</span> <span class='ocrx_word' id='word_1_769' title='bbox 1660 5282 1753 5330; x_wconf 75' lang='grc' dir='ltr'>καὶ</span> <span class='ocrx_word' id='word_1_770' title='bbox 1789 5281 1949 5355; x_wconf 68' lang='grc' dir='ltr'>σοφίᾳ</span> <span class='ocrx_word' id='word_1_771' title='bbox 1983 5288 2111 5355; x_wconf 4' lang='grc' dir='ltr'>τινὶ,</span> <span class='ocrx_word' id='word_1_772' title='bbox 2141 5288 2505 5355; x_wconf 83' lang='grc' dir='ltr'>κεκραμένων</span> <span class='ocrx_word' id='word_1_773' title='bbox 2535 5285 2732 5338; x_wconf 90' lang='lat' dir='ltr'><strong>Suidas</strong></span> <span class='ocrx_word' id='word_1_774' title='bbox 2764 5302 2817 5337; x_wconf 89' lang='lat' dir='ltr'><strong>v.</strong></span> <span class='ocrx_word' id='word_1_775' title='bbox 2862 5280 3181 5355; x_wconf 83' lang='grc' dir='ltr'>Ἀκροατής.</span> 
     </span>
    </p>
   </div>
   <div class='ocr_carea' id='block_1_108' title="bbox 771 5348 3724 5422">
    <p class='ocr_par' dir='ltr' id='par_1_108' title="bbox 771 5348 3724 5422">
     <span class='ocr_line' id='line_1_108' title="bbox 771 5348 3724 5422; baseline -0 -20"><span class='ocrx_word' id='word_1_776' title='bbox 771 5365 825 5422; x_wconf 74' lang='lat' dir='ltr'><strong>v.</strong></span> <span class='ocrx_word' id='word_1_777' title='bbox 855 5352 1115 5422; x_wconf 54' lang='lat' dir='ltr'><strong>_&#39;Ava.l7.t;</strong></span> <span class='ocrx_word' id='word_1_778' title='bbox 1148 5359 1201 5404; x_wconf 90' lang='lat' dir='ltr'><strong>et</strong></span> <span class='ocrx_word' id='word_1_779' title='bbox 1220 5348 1383 5422; x_wconf 47' lang='grc' dir='ltr'>φῶτα</span> <span class='ocrx_word' id='word_1_780' title='bbox 1404 5364 1417 5379; x_wconf 85' lang='grc'><em>’</em></span> <span class='ocrx_word' id='word_1_781' title='bbox 1444 5348 1697 5422; x_wconf 55' lang='grc' dir='ltr'>προσίετο</span> <span class='ocrx_word' id='word_1_782' title='bbox 1718 5364 1791 5422; x_wconf 64' lang='grc' dir='ltr'><strong>Δς.</strong></span> <span class='ocrx_word' id='word_1_783' title='bbox 1870 5348 2152 5422; x_wconf 50' lang='lat' dir='ltr'><strong>&quot;eomas</strong></span> <span class='ocrx_word' id='word_1_784' title='bbox 2178 5348 2371 5409; x_wconf 67' lang='lat' dir='ltr'><strong>Suidas</strong></span> <span class='ocrx_word' id='word_1_785' title='bbox 2403 5357 2582 5420; x_wconf 89' lang='lat' dir='ltr'><strong>priore</strong></span> <span class='ocrx_word' id='word_1_786' title='bbox 2619 5355 2737 5407; x_wconf 91' lang='lat' dir='ltr'><strong>loco</strong></span> <span class='ocrx_word' id='word_1_787' title='bbox 2763 5372 2775 5406; x_wconf 93' lang='lat'>:</span> <span class='ocrx_word' id='word_1_788' title='bbox 2807 5358 2897 5422; x_wconf 87' lang='lat' dir='ltr'><strong>qui</strong></span> <span class='ocrx_word' id='word_1_789' title='bbox 2938 5348 3225 5407; x_wconf 74' lang='lat' dir='ltr'><strong>articulum</strong></span> <span class='ocrx_word' id='word_1_790' title='bbox 3277 5356 3325 5406; x_wconf 85' lang='lat' dir='ltr'><strong>oi</strong></span> <span class='ocrx_word' id='word_1_791' title='bbox 3350 5348 3582 5422; x_wconf 82' lang='lat' dir='ltr'><strong>utroque</strong></span> <span class='ocrx_word' id='word_1_792' title='bbox 3612 5364 3724 5422; x_wconf 62' lang='lat' dir='ltr'><strong>om.</strong></span> 
     </span>
    </p>
   </div>
   <div class='ocr_carea' id='block_1_109' title="bbox 2348 5071 4049 5141">
    <p class='ocr_par' dir='ltr' id='par_1_109' title="bbox 2348 5071 4049 5141">
     <span class='ocr_line' id='line_1_109' title="bbox 2348 5071 4049 5141; baseline -0.002 -13"><span class='ocrx_word' id='word_1_793' title='bbox 2348 5078 2394 5107; x_wconf 81' lang='grc'><strong>⁹⁰</strong></span> <span class='ocrx_word' id='word_1_794' title='bbox 2430 5076 2709 5141; x_wconf 76' lang='grc' dir='ltr'>ἐδοξάζετο</span> <span class='ocrx_word' id='word_1_795' title='bbox 2736 5090 2845 5128; x_wconf 92' lang='lat' dir='ltr'><strong>om.</strong></span> <span class='ocrx_word' id='word_1_796' title='bbox 2922 5074 3119 5128; x_wconf 84' lang='lat' dir='ltr'><strong>Suidas</strong></span> <span class='ocrx_word' id='word_1_797' title='bbox 3178 5090 3232 5126; x_wconf 81' lang='grc' dir='ltr'><strong>ν.</strong></span> <span class='ocrx_word' id='word_1_798' title='bbox 3278 5073 3530 5139; x_wconf 79' lang='grc' dir='ltr'>Ἀφέλεια</span> <span class='ocrx_word' id='word_1_799' title='bbox 3556 5080 3611 5125; x_wconf 89' lang='lat' dir='ltr'><strong>et</strong></span> <span class='ocrx_word' id='word_1_800' title='bbox 3636 5071 4049 5137; x_wconf 70' lang='grc' dir='ltr'>Εὑθύγλωττος.</span> 
     </span>
    </p>
   </div>
   <div class='ocr_carea' id='block_1_110' title="bbox 2113 5142 4053 5214">
    <p class='ocr_par' dir='ltr' id='par_1_110' title="bbox 2113 5142 4053 5214">
     <span class='ocr_line' id='line_1_110' title="bbox 2113 5142 4053 5214; baseline -0.002 -19"><span class='ocrx_word' id='word_1_801' title='bbox 2113 5142 2156 5176; x_wconf 54' lang='grc'><strong>⁸⁷⁸</strong></span> <span class='ocrx_word' id='word_1_802' title='bbox 2189 5145 2257 5196; x_wconf 85' lang='grc' dir='ltr'><strong>τά</strong></span> <span class='ocrx_word' id='word_1_803' title='bbox 2295 5146 2430 5200; x_wconf 83' lang='grc' dir='ltr'>ἄλλα</span> <span class='ocrx_word' id='word_1_804' title='bbox 2461 5144 2661 5214; x_wconf 86' lang='grc' dir='ltr'>πάντα]</span> <span class='ocrx_word' id='word_1_805' title='bbox 2688 5142 2856 5197; x_wconf 81' lang='grc' dir='ltr'>τᾶλλα</span> <span class='ocrx_word' id='word_1_806' title='bbox 2919 5145 3113 5197; x_wconf 89' lang='lat' dir='ltr'><strong>Suidas</strong></span> <span class='ocrx_word' id='word_1_807' title='bbox 3147 5158 3208 5214; x_wconf 24' lang='lat' dir='ltr'><strong>v.4</strong></span> <span class='ocrx_word' id='word_1_808' title='bbox 3238 5143 3524 5211; x_wconf 84' lang='grc' dir='ltr'>διαθέτης,</span> <span class='ocrx_word' id='word_1_809' title='bbox 3560 5143 3831 5214; x_wconf 48' lang='grc' dir='ltr'><strong>Δ(μιῇ-1110)</strong></span> <span class='ocrx_word' id='word_1_810' title='bbox 3889 5142 4053 5214; x_wconf 70' lang='grc' dir='ltr'>μέρος</span> 
     </span>
    </p>
   </div>
   <div class='ocr_carea' id='block_1_111' title="bbox 3333 5211 4051 5281">
    <p class='ocr_par' dir='ltr' id='par_1_111' title="bbox 3333 5211 4051 5281">
     <span class='ocr_line' id='line_1_111' title="bbox 3333 5211 4051 5281; baseline -0.001 -18"><span class='ocrx_word' id='word_1_811' title='bbox 3333 5217 3379 5254; x_wconf 69' lang='lat'><strong>9&#39;</strong></span> <span class='ocrx_word' id='word_1_812' title='bbox 3418 5211 3737 5281; x_wconf 73' lang='grc' dir='ltr'>προσλαῦῶν</span> <span class='ocrx_word' id='word_1_813' title='bbox 3789 5211 3847 5262; x_wconf 89' lang='grc' dir='ltr'>Β.</span> <span class='ocrx_word' id='word_1_814' title='bbox 3892 5213 3971 5281; x_wconf 79' lang='lat'><strong>_&quot;</strong></span> <span class='ocrx_word' id='word_1_815' title='bbox 3999 5212 4051 5262; x_wconf 79' lang='grc' dir='ltr'>δὲ</span> 
     </span>
    </p>
   </div>
   <div class='ocr_carea' id='block_1_112' title="bbox 3264 5279 4051 5379">
    <p class='ocr_par' dir='ltr' id='par_1_112' title="bbox 3264 5279 4051 5379">
     <span class='ocr_line' id='line_1_112' title="bbox 3264 5279 4051 5379; baseline -0.005 -44"><span class='ocrx_word' id='word_1_816' title='bbox 3264 5279 3619 5379; x_wconf 48' lang='grc' dir='ltr'>⁹⁸¹προσίεται</span> <span class='ocrx_word' id='word_1_817' title='bbox 3648 5283 3693 5333; x_wconf 80' lang='grc' dir='ltr'><strong>Α</strong></span> <span class='ocrx_word' id='word_1_818' title='bbox 3726 5297 3849 5379; x_wconf 60' lang='lat' dir='ltr'><strong>cun:</strong></span> <span class='ocrx_word' id='word_1_819' title='bbox 3885 5279 4051 5333; x_wconf 81' lang='lat' dir='ltr'><strong>Surda</strong></span> 
     </span>
    </p>
   </div>
   <div class='ocr_carea' id='block_1_113' title="bbox 3882 5366 4052 5401">
    <p class='ocr_par' dir='ltr' id='par_1_113' title="bbox 3882 5366 4052 5401">
     <span class='ocr_line' id='line_1_113' title="bbox 3882 5366 4052 5401; baseline 0 0"><span class='ocrx_word' id='word_1_820' title='bbox 3882 5366 4052 5401; x_wconf 86' lang='grc' dir='ltr'>κατα-</span> 
     </span>
    </p>
   </div>
   <div class='ocr_carea' id='block_1_114' title="bbox 2674 5414 4048 5483">
    <p class='ocr_par' dir='ltr' id='par_1_114' title="bbox 2674 5414 4048 5483">
     <span class='ocr_line' id='line_1_114' title="bbox 2674 5414 4048 5483; baseline -0.004 -8"><span class='ocrx_word' id='word_1_821' title='bbox 2674 5426 2693 5455; x_wconf 84' lang='grc'>¹</span> <span class='ocrx_word' id='word_1_822' title='bbox 2718 5414 3007 5476; x_wconf 71' lang='grc' dir='ltr'>διαείδεται</span> <span class='ocrx_word' id='word_1_823' title='bbox 3041 5424 3083 5476; x_wconf 80' lang='grc' dir='ltr'>Α</span> <span class='ocrx_word' id='word_1_824' title='bbox 3119 5432 3173 5478; x_wconf 90' lang='lat' dir='ltr'><strong>et</strong></span> <span class='ocrx_word' id='word_1_825' title='bbox 3212 5422 3443 5478; x_wconf 85' lang='lat' dir='ltr'><strong>Suidas:</strong></span> <span class='ocrx_word' id='word_1_826' title='bbox 3476 5414 3567 5477; x_wconf 71' lang='grc' dir='ltr'>8ιά</span> <span class='ocrx_word' id='word_1_827' title='bbox 3612 5414 3717 5472; x_wconf 81' lang='grc' dir='ltr'>είδέ</span> <span class='ocrx_word' id='word_1_828' title='bbox 3768 5435 3830 5471; x_wconf 84' lang='grc' dir='ltr'><strong>τε</strong></span> <span class='ocrx_word' id='word_1_829' title='bbox 3865 5422 3961 5471; x_wconf 77' lang='grc' dir='ltr'>καὶ</span> <span class='ocrx_word' id='word_1_830' title='bbox 3990 5436 4048 5483; x_wconf 83' lang='grc' dir='ltr'><strong>ς.</strong></span> 
     </span>
    </p>
   </div>
   <div class='ocr_carea' id='block_1_115' title="bbox 2278 5583 2513 5637">
    <p class='ocr_par' dir='ltr' id='par_1_115' title="bbox 2278 5583 2513 5637">
     <span class='ocr_line' id='line_1_115' title="bbox 2278 5583 2513 5637; baseline 0.004 -3"><span class='ocrx_word' id='word_1_831' title='bbox 2278 5583 2513 5637; x_wconf 67' lang='lat' dir='ltr'><strong>NOTAE.</strong></span> 
     </span>
    </p>
   </div>
   <div class='ocr_carea' id='block_1_116' title="bbox 847 5673 2354 5744">
    <p class='ocr_par' dir='ltr' id='par_1_116' title="bbox 847 5673 2354 5744">
     <span class='ocr_line' id='line_1_116' title="bbox 847 5673 2354 5744; baseline 0 -16"><span class='ocrx_word' id='word_1_832' title='bbox 847 5674 926 5743; x_wconf 81' lang='grc'><strong>(1)</strong></span> <span class='ocrx_word' id='word_1_833' title='bbox 963 5673 1206 5744; x_wconf 74' lang='lat' dir='ltr'><strong>Amplius</strong></span> <span class='ocrx_word' id='word_1_834' title='bbox 1247 5674 1373 5728; x_wconf 89' lang='lat' dir='ltr'><strong>hinc</strong></span> <span class='ocrx_word' id='word_1_835' title='bbox 1418 5674 1612 5727; x_wconf 90' lang='lat' dir='ltr'><strong>Suidas</strong></span> <span class='ocrx_word' id='word_1_836' title='bbox 1672 5676 1961 5744; x_wconf 77' lang='lat' dir='ltr'><strong>descripsit</strong></span> <span class='ocrx_word' id='word_1_837' title='bbox 2014 5674 2064 5727; x_wconf 90' lang='lat' dir='ltr'><strong>in</strong></span> <span class='ocrx_word' id='word_1_838' title='bbox 2116 5674 2354 5728; x_wconf 85' lang='lat' dir='ltr'><strong>dictione</strong></span> 
     </span>
    </p>
   </div>
   <div class='ocr_carea' id='block_1_117' title="bbox 775 5743 2342 5815">
    <p class='ocr_par' dir='ltr' id='par_1_117' title="bbox 775 5743 2342 5815">
     <span class='ocr_line' id='line_1_117' title="bbox 775 5743 2342 5815; baseline 0.002 -21"><span class='ocrx_word' id='word_1_839' title='bbox 775 5744 1048 5815; x_wconf 47' lang='lat' dir='ltr'><strong>tpuxqubi</strong></span> <span class='ocrx_word' id='word_1_840' title='bbox 1072 5743 1219 5798; x_wconf 88' lang='lat' dir='ltr'><strong>locus</strong></span> <span class='ocrx_word' id='word_1_841' title='bbox 1251 5745 1336 5799; x_wconf 87' lang='lat' dir='ltr'><strong>ltic</strong></span> <span class='ocrx_word' id='word_1_842' title='bbox 1368 5744 1697 5815; x_wconf 81' lang='grc' dir='ltr'>ἀμαρτύρως</span> <span class='ocrx_word' id='word_1_843' title='bbox 1741 5743 1967 5799; x_wconf 70' lang='lat' dir='ltr'><strong>affertur</strong></span> <span class='ocrx_word' id='word_1_844' title='bbox 1988 5784 2001 5809; x_wconf 90' lang='lat'><strong>,</strong></span> <span class='ocrx_word' id='word_1_845' title='bbox 2035 5759 2342 5813; x_wconf 79' lang='lat' dir='ltr'><strong>quanquam</strong></span> 
     </span>
    </p>
   </div>
   <div class='ocr_carea' id='block_1_118' title="bbox 774 5811 1248 5881">
    <p class='ocr_par' dir='ltr' id='par_1_118' title="bbox 774 5811 1248 5881">
     <span class='ocr_line' id='line_1_118' title="bbox 774 5811 1248 5881; baseline -0.002 -13"><span class='ocrx_word' id='word_1_846' title='bbox 774 5822 830 5868; x_wconf 72' lang='grc' dir='ltr'><strong>οι</strong></span> <span class='ocrx_word' id='word_1_847' title='bbox 856 5811 1001 5867; x_wconf 62' lang='lat' dir='ltr'><strong>intra</strong></span> <span class='ocrx_word' id='word_1_848' title='bbox 1038 5813 1248 5881; x_wconf 70' lang='lat' dir='ltr'><strong>legitur.</strong></span> 
     </span>
    </p>
   </div>
   <div class='ocr_carea' id='block_1_119' title="bbox 2525 5671 4046 5744">
    <p class='ocr_par' dir='ltr' id='par_1_119' title="bbox 2525 5671 4046 5744">
     <span class='ocr_line' id='line_1_119' title="bbox 2525 5671 4046 5744; baseline 0.001 -19"><span class='ocrx_word' id='word_1_849' title='bbox 2525 5674 2601 5744; x_wconf 73' lang='grc' dir='ltr'><strong>(ἓ)</strong></span> <span class='ocrx_word' id='word_1_850' title='bbox 2657 5671 2870 5727; x_wconf 89' lang='lat' dir='ltr'><strong>Suidas</strong></span> <span class='ocrx_word' id='word_1_851' title='bbox 2920 5674 3131 5744; x_wconf 66' lang='lat' dir='ltr'><strong>etltaac</strong></span> <span class='ocrx_word' id='word_1_852' title='bbox 3174 5674 3356 5744; x_wconf 73' lang='lat' dir='ltr'><strong>laudat</strong></span> <span class='ocrx_word' id='word_1_853' title='bbox 3407 5674 3460 5727; x_wconf 92' lang='lat' dir='ltr'><strong>in</strong></span> <span class='ocrx_word' id='word_1_854' title='bbox 3511 5673 3646 5738; x_wconf 89' lang='lat' dir='ltr'><strong>dict,</strong></span> <span class='ocrx_word' id='word_1_855' title='bbox 3697 5676 3953 5743; x_wconf 80' lang='grc' dir='ltr'>ἀφέλεια,</span> <span class='ocrx_word' id='word_1_856' title='bbox 3997 5686 4046 5727; x_wconf 77' lang='lat' dir='ltr'><strong>et</strong></span> 
     </span>
    </p>
   </div>
   <div class='ocr_carea' id='block_1_120' title="bbox 2444 5742 4038 5881">
    <p class='ocr_par' dir='ltr' id='par_1_120' title="bbox 2444 5742 4038 5881">
     <span class='ocr_line' id='line_1_120' title="bbox 2444 5742 4038 5881; baseline 0.003 -89"><span class='ocrx_word' id='word_1_857' title='bbox 2444 5742 2574 5881; x_wconf 47' lang='lat' dir='ltr'><strong>tuo;</strong></span> <span class='ocrx_word' id='word_1_858' title='bbox 2606 5745 2849 5811; x_wconf 75' lang='lat' dir='ltr'><strong>qna&#39;dam</strong></span> <span class='ocrx_word' id='word_1_859' title='bbox 2895 5744 2947 5796; x_wconf 90' lang='lat' dir='ltr'><strong>in</strong></span> <span class='ocrx_word' id='word_1_860' title='bbox 2987 5742 3258 5812; x_wconf 79' lang='grc' dir='ltr'>διαθέτης.</span> <span class='ocrx_word' id='word_1_861' title='bbox 3294 5743 3347 5799; x_wconf 88' lang='lat' dir='ltr'><strong>Id</strong></span> <span class='ocrx_word' id='word_1_862' title='bbox 3378 5754 3480 5811; x_wconf 87' lang='lat' dir='ltr'><strong>est,</strong></span> <span class='ocrx_word' id='word_1_863' title='bbox 3509 5744 3810 5814; x_wconf 78' lang='grc' dir='ltr'>διοικητὴς,</span> <span class='ocrx_word' id='word_1_864' title='bbox 3848 5747 4038 5797; x_wconf 63' lang='lat' dir='ltr'><strong>imus-</strong></span> 
     </span>
     <span class='ocr_line' id='line_1_121' title="bbox 2444 5827 2626 5880; baseline 0.011 -19"><span class='ocrx_word' id='word_1_865' title='bbox 2444 5827 2540 5880; x_wconf 83' lang='grc' dir='ltr'>Αητ</span> <span class='ocrx_word' id='word_1_866' title='bbox 2584 5829 2626 5874; x_wconf 80' lang='grc' dir='ltr'><strong>ς.</strong></span> 
     </span>
    </p>
   </div>
   <div class='ocr_carea' id='block_1_121' title="bbox 2444 5827 2626 5880">
    <p class='ocr_par' dir='ltr' id='par_1_121' title="bbox 2444 5827 2626 5880">
     <span class='ocr_line' id='line_1_122' title="bbox 2444 5827 2626 5880; baseline 0.011 -19"><span class='ocrx_word' id='word_1_867' title='bbox 2444 5827 2626 5880; x_wconf 79' lang='grc' dir='ltr'>Αητης.</span> 
     </span>
    </p>
   </div>
  </div>
