4206 6436
199 383 219 442 1
229 381 334 443 25⁵7

1248 364 1769 427 BIBLIOTHECA.
1799 385 1869 398 -
1905 360 2069 421 COD.
2109 360 2383 421 CCXLII.

3312 359 3448 425 1258

185 492 296 544 τῶν
323 487 507 541 καλῶν
536 486 630 540 καὶ
662 482 883 552 ἀγαθῶν
900 480 1201 535 δεινότατον
1218 477 1471 547 ἰχνευτήν
1496 493 1508 507 ο
1531 474 1709 537 ὀξεῖαν
1739 472 1762 503 ⁸

1880 483 2106 525 umorem
2134 468 2344 524 honesti
2377 478 2432 522 et
2459 468 2582 523 boni
2614 468 3005 540 peritissimum
3038 470 3441 539 indagatorem,

186 582 283 633 καὶ
312 578 569 646 ἀγχίνουν
606 574 819 643 φύσεως
848 572 1092 640 δύναμιν.
1135 568 1228 621 ἐπὶ
1277 566 1447 619 πολλά
1480 566 1545 619 δι’
1588 562 1769 629 ὀλίγου

187 671 453 738 φέρεσθαι
478 666 801 737 δυναμένην,
832 660 1186 731 ἑτοιμοτάτην
1216 656 1453 711 συνιέναι
1510 654 1604 707 καὶ
1631 669 1773 720 γνω-

190 760 362 829 ρίζειν
386 760 454 812 τὰ
493 759 612 827 ῐχνη
648 754 758 808 τῶν
798 752 1155 823 θηραμάτων,
1191 749 1294 802 δσα
1324 762 1384 799 τε
1409 748 1430 779 ⁸
1468 744 1643 813 ἀληθῆ
1676 743 1771 796 καὶ

185 853 293 903 ὅσα
322 849 493 918 ψευδῆ
528 852 645 900 ἐστι
673 845 811 916 πρὸς
838 847 937 913 τὴν
979 843 1155 910 ἀγραν
1180 856 1195 872 ο
1227 841 1293 893 ἐκ
1322 839 1381 893 δὲ
1416 834 1483 892 αὖ
1520 837 1719 907 τρίτων
1749 838 1771 869 ⁸

188 938 505 1009 φιλοπονίαν
543 937 806 1004 ἄτρυτον,
841 934 943 986 οὐκ
982 932 1160 986 ἐῶσαν
1196 929 1294 999 τὴν
1337 928 1514 998 ψυχὴν
1543 928 1772 997 ἠρεμεῖν

187 1032 293 1094 ἕως
328 1030 397 1083 ἀν
428 1028 521 1081 ἐπὶ
546 1028 693 1089 τέλος
723 1026 852 1097 ἐλθῃ
888 1022 982 1077 τοῦ
1033 1022 1354 1091 κυνηγεσίου
1376 1057 1392 1084 ,
1437 1020 1467 1073 ὅ
1503 1019 1620 1071 ἐστι
1672 1016 1772 1087 τῆς

188 1120 452 1191 ἀληθείας
478 1120 512 1187 ἠ
542 1118 779 1187 εὕρεσις.

265 1214 391 1265 ὐτι
446 1209 726 1280 ἀγχίνοιαν
778 1207 872 1260 καὶ
916 1201 1150 1274 ὀξύτητα
1181 1201 1211 1255 ό
1265 1200 1553 1270 Ἰσίδωρος,
1585 1198 1770 1269 φησὶν,

188 1299 377 1363 ἔλεγεν
406 1298 468 1351 οὐ
501 1298 599 1368 τὴν
626 1294 911 1363 εὐκίνητον
956 1289 1255 1359 φαντασίαν
1280 1328 1295 1353 ,
1330 1288 1451 1341 ούδέ
1491 1286 1590 1356 τὴν
1618 1285 1775 1349 δοξα-

194 1392 392 1460 στικὴν
432 1389 683 1456 εὐφυίαν,
719 1385 839 1439 οὐδὲ
879 1384 1045 1454 μόνην
1078 1382 1176 1450 (ὡς
1205 1381 1270 1435 ἀν
1290 1397 1373 1442 τις
1396 1379 1629 1449 οίηοείη)
1655 1378 1774 1431 διά-

189 1498 343 1535 νοιαν
367 1479 621 1548 εὐτροχον
653 1478 747 1530 καὶ
788 1477 1010 1543 γόνιμον
1051 1471 1310 1540 ἀληθείας
1332 1488 1345 1501 ·
1380 1470 1440 1523 οὐ
1472 1471 1580 1540 γὰρ
1632 1464 1773 1523 εἶναι

188 1574 399 1636 ταύτας
426 1571 627 1635 αίτίας,
670 1569 807 1623 ἀλλά
828 1570 894 1638 τῇ
941 1565 1088 1636 αἰτίᾳ
1116 1563 1388 1618 δουλεύειν
1430 1564 1508 1625 εἰς
1536 1563 1721 1633 νόησιν
1756 1575 1773 1592 '

188 1667 293 1732 τὴν
337 1664 396 1717 δὲ
432 1660 569 1716 εἶναι
613 1661 763 1714 θείαν
806 1656 1133 1727 κατοκωχὴν
1178 1657 1221 1717 τ,
1256 1655 1440 1725 ἡρέμα
1477 1653 1776 1720 διανοίγου-

192 1774 294 1809 οαν
346 1757 443 1809 καὶ
478 1753 957 1822 ἀποκαθαίρουσαν
1001 1749 1023 1780 ⁸
1070 1748 1141 1799 τὰ
1187 1747 1285 1815 τῆς
1312 1747 1492 1816 ψυχῆς
1529 1745 1772 1815 ὄμματα,

192 1850 289 1902 καὶ
335 1847 415 1917 τῷ
454 1845 627 1916 νοερῷ
679 1845 819 1912 φωτὶ
862 1840 1342 1909 καταλάμπουσαν,
1375 1840 1455 1899 εἰς
1502 1837 1631 1889 θέαν
1679 1835 1773 1889 καὶ

190 1936 459 2007 γνώρισιν
496 1936 518 1967 ⁸
559 1932 654 1987 τοῦ
678 1930 911 2001 ἀληθοῦς
935 1930 1028 1982 καὶ
1057 1926 1151 1980 τοῦ
1188 1926 1439 1995 ψεύδους.
1475 1924 1772 1995 Εὐμοιρίαν

191 2027 406 2095 ταύτην
455 2026 661 2086 ἐκεῖνος
712 2021 983 2090 ὠνόμαζε,
1018 2019 1110 2072 καὶ
1139 2017 1215 2080 ὡς
1265 2016 1416 2069 οὐδὲν
1462 2017 1659 2083 γένοιτ’
1706 2016 1773 2070 ἂν

193 2117 388 2184 ὄφελος
422 2117 549 2170 ἀνευ
577 2112 883 2184 εὐμοιρίας,
909 2110 984 2173 ὡς
1019 2110 1139 2163 οὐδὲ
1165 2108 1459 2178 ὀφθαλμῶν
1508 2107 1774 2174 ὑγιαινόν-

192 2227 307 2263 των
339 2207 533 2277 ὄφελος
570 2207 700 2262 ἄνευ
728 2204 823 2257 τοῦ
857 2202 1108 2273 οὐρανίου
1140 2201 1336 2270 φωτὸς,
1366 2198 1672 2252 διετείνετο.
1701 2199 1774 2251 Τὸ

194 2299 500 2368 ὑψηλόνουν
530 2296 571 2328 ⁸⁸
598 2295 692 2349 καὶ
722 2292 1097 2363 τελεσιουργὸν
1119 2286 1286 2360 εἶχεν,
1306 2290 1367 2341 οὐ
1394 2306 1495 2361 περ
1511 2288 1602 2341 ὶτά
1624 2288 1774 2342 κάτω

197 2390 591 2459 στρεφόμενον,
637 2387 752 2439 ἀλλ’
794 2383 956 2446 εὐθὺς
1015 2381 1367 2451 ἀναθρῶσκον
1418 2381 1526 2433 ἀπὸ
1574 2381 1773 2450 μικρᾶς

194 2480 455 2549 ἀφορμῆς
496 2479 588 2531 ἐπὶ
627 2478 695 2531 τὰ
726 2474 1075 2546 πρεσϐύτατα
1112 2472 1221 2526 τῶν
1248 2471 1555 2543 θεαμάτων,
1586 2472 1775 2535 αὐταῖς

195 2589 263 2640 γε
303 2574 426 2635 ταῖς
469 2571 756 2631 Πλάτωνος
809 2567 1107 2636 ἀκηράτοις
1139 2565 1366 2625 ἐννοίαις
1404 2566 1463 2616 οὐ
1510 2564 1650 2617 κατά
1679 2565 1775 2627 τὰς

198 2662 455 2732 συνήθεις
493 2661 601 2712 τῶν
641 2658 852 2711 πολλῶν
882 2658 1184 2726 φιλοσόφων
1218 2654 1473 2717 ἐπιϐολὰς
1501 2653 1772 2723 ἐνεφύετο,

200 2754 345 2823 μετὰ
373 2752 431 2805 δέ
467 2768 531 2819 γε
560 2750 819 2802 Πλάτωνα
856 2748 952 2800 καὶ
984 2748 1101 2809 ταῖς
1152 2745 1490 2814 θαυμασταῖς
1547 2745 1777 2814 Ἰαμϐλί-

197 2860 297 2912 χου
336 2840 657 2911 περινοίαις.
693 2839 815 2891 Ὀτι
842 2838 941 2891 οὐκ
972 2836 1183 2904 ὀλίγους
1206 2837 1314 2888 τῶν
1344 2836 1778 2903 φιλοσοφούντων

1872 570 2087 616 acutam
2115 560 2484 628 solertemque
2524 560 2724 631 ingenii
2758 560 3092 627 facultatem,
3145 578 3266 632 quae
3298 563 3446 617 brevi

1872 650 1940 704 ad
1977 649 2141 702 multa
2174 648 2302 702 ferri
2358 649 2548 716 possit,
2603 649 3068 720 promptissimam
3124 653 3192 705 ad
3247 652 3450 707 intelli-

1872 740 2106 809 gendum
2153 747 2209 793 et
2257 742 2686 806 cegnoscendnm
2735 741 2957 811 vestigia
2990 756 3170 797 rerum
3199 757 3451 813 quaren-

1872 831 2080 892 darum,
2108 844 2229 898 quae
2262 844 2411 893 vera,
2442 844 2562 899 qua
2581 829 2713 885 falsa
2760 833 2828 887 ad
2855 832 3263 902 adipiscendum
3298 834 3407 888 sint
3432 850 3447 886 :

1873 935 1904 974 e
1933 920 2110 975 tribus
2141 921 2226 975 his
2261 920 2467 975 laboris
2515 937 2671 977 amor
2724 922 3031 978 indefessus
3080 925 3279 988 oritur,
3340 938 3448 978 non

1874 1012 2197 1080 permittens
2234 1011 2475 1065 animum
2536 1013 2849 1083 quiescere,
2890 1016 3063 1069 donec
3106 1015 3172 1068 ad
3226 1014 3451 1069 investi-

1876 1102 2037 1171 gandi
2076 1102 2239 1157 linem
2263 1105 2494 1167 venerit,
2533 1104 2624 1172 qui
2652 1115 2737 1158 est
2776 1104 3023 1159 veritatis
3068 1106 3310 1160 inventio
3340 1107 3444 1176 (5).

1950 1190 2241 1246 Solertiam
2262 1191 2684 1247 etacrimoniam
2706 1194 2944 1248 lsidorus
2960 1193 3096 1249 dixit
3115 1208 3235 1249 esse
3263 1194 3451 1263 imagi-

1875 1282 2146 1338 nationem
2183 1299 2289 1339 non
2315 1283 2473 1339 facile
2492 1285 2767 1351 mobilem,
2791 1300 2963 1354 neque
2990 1286 3263 1356 ingenium
3292 1281 3451 1342 facile

1876 1374 2157 1442 opiniones
2182 1375 2627 1440 comminiscens,
2685 1391 2860 1445 neque
2916 1376 3113 1441 solam,
3168 1386 3225 1431 ut
3255 1378 3453 1447 aliquis

1880 1464 2105 1533 putarit,
2174 1466 2592 1535 intelligentiam
2647 1467 2965 1536 volubilem,
3033 1476 3089 1523 et
3141 1470 3453 1539 gignentem

1877 1558 2186 1612 veritatem.
2219 1556 2409 1626 Neque
2438 1557 2582 1612 enim
2612 1558 2710 1613 has
2753 1574 2872 1613 esse
2904 1575 3117 1627 causas,
3153 1564 3248 1617 sed
3270 1564 3337 1617 ad
3368 1564 3452 1618 in-

1880 1650 2225 1719 telligendum
2270 1664 2448 1704 causa:
2478 1650 2683 1704 servire
2721 1668 2735 1703 :
2774 1652 3012 1705 divinum
3042 1669 3170 1709 vero
3194 1669 3314 1709 esse
3369 1658 3454 1709 in-

1879 1744 2158 1803 stinctum,
2191 1740 2378 1795 sedate
2403 1741 2735 1809 aperientem
2768 1751 2823 1794 et
2848 1752 3226 1811 rcpurgantem
3256 1744 3448 1798 animae

1876 1831 2083 1897 oculos,
2143 1840 2199 1885 et
2262 1830 2589 1901 intelligibili
2651 1832 2856 1885 lumine
2923 1833 3313 1898 illustrantem,
3385 1835 3453 1888 ad

1875 1937 2059 1977 verum
2102 1920 2402 2001 falsumque
2441 1933 2496 1977 et
2549 1921 2837 1977 videndum
2884 1933 2938 1976 et
2998 1926 3453 1995 cognoscendum.

1874 2016 2075 2071 Bonam
2119 2014 2561 2070 constitutionem
2614 2015 2727 2085 ipse
2769 2016 3090 2085 appellavit,
3140 2017 3455 2087 nulluman

1874 2106 1991 2179 sine
2031 2118 2095 2158 ea
2132 2117 2254 2159 esse
2296 2103 2743 2170 emolumentum,
2805 2118 2976 2169 neque
3028 2106 3307 2162 oculorum
3368 2124 3456 2163 sa-

1876 2211 2067 2250 norum
2096 2195 2439 2250 commodum
2499 2196 2617 2251 sine
2672 2197 2880 2251 caelesti
2940 2196 3145 2251 lumine
3202 2199 3455 2253 asseruit.

1878 2287 2245 2357 Speculationi
2265 2296 2447 2357 aptum
2470 2290 2711 2342 animum
2744 2288 2976 2343 habebat
3007 2289 3165 2344 simul
3200 2299 3254 2344 et
3295 2292 3455 2346 rebus

1878 2379 2128 2449 gerendis
2165 2419 2181 2442 ,
2216 2394 2320 2434 non
2347 2379 2543 2450 3370
2572 2380 2638 2434 ad
2677 2379 2791 2435 haec
2825 2380 3080 2436 inferiora
3118 2382 3454 2445 inclinatum.

1877 2471 1971 2525 sed
2005 2471 2191 2525 statim
2221 2485 2282 2525 se
2330 2471 2631 2526 elevantem
2666 2472 2832 2525 etiam
2862 2488 3026 2541 parva
3069 2474 3357 2529 occasione
3390 2476 3458 2529 ad

1877 2561 2351 2631 praestantissimos
2369 2561 2484 2616 illas
2502 2562 3000 2631 contemplationes.
3023 2564 3260 2633 ipsisque
3282 2565 3449 2619 Plato-

1879 2657 1963 2709 nis
1982 2652 2236 2722 perfectis
2254 2654 2564 2709 notionihus
2583 2669 2687 2708 non
2710 2658 3004 2710 secundum
3024 2666 3308 2713 consuetos
3327 2660 3459 2713 alio-

1880 2760 1998 2797 rum
2024 2743 2469 2814 philosotthorum
2492 2754 2720 2799 conatus
2764 2745 2997 2800 inhaesit.
3022 2745 3146 2813 Post
3173 2744 3453 2801 Platonem

1881 2848 2010 2888 vero
2041 2835 2205 2887 etiam
2242 2833 2533 2888 Jamblichi
2560 2834 2903 2889 mirabilibus
2925 2838 3269 2891 commentis.
3305 2838 3460 2891 Vide-

196 2934 422 2999 ὁρῶμεν
470 2931 563 2984 καὶ
608 2929 918 2997 ἀκούομεν,
946 2929 1072 2989 τοὺς
1106 2928 1204 2997 μὲν
1251 2926 1449 2980 ἄϐατον
1496 2921 1634 2978 εἷναι
1687 2926 1777 2978 τὸν

1884 2940 2006 2979 mus
2041 2924 2247 2981 multos
2272 2924 2714 2995 philos0phorum
2737 2935 2792 2981 et
2809 2927 3076 2992 audimus,
3101 2929 3199 2983 bos
3239 2928 3458 2998 quidem

214 3020 521 3089 Ἰάμϐλιχον
562 3018 860 3088 οἰομένους,
898 3018 1022 3079 τοὺς
1053 3016 1108 3069 δὲ
1152 3016 1372 3069 αὐθάδει
1405 3014 1777 3086 μεγαληγορίᾳ

1880 3026 2131 3086 putantes
2163 3014 2527 3071 Jamblichum
2559 3017 2835 3072 intellectu
2854 3017 3122 3073 dilliciletn
3154 3036 3297 3085 esse,
3342 3020 3461 3074 illos

196 3114 377 3181 λόγων
415 3112 475 3164 τὸ
504 3111 664 3164 πλέον
696 3111 731 3181 ἢ
764 3109 991 3179 ἀληθείᾳ
1028 3109 1366 3179 πραγμάτων
1396 3108 1775 3176 ἐπαιρόμενον.

1884 3122 2009 3161 vero
2042 3111 2189 3161 hunc
2206 3106 2437 3175 superba
2460 3107 2930 3177 grandiloquentia
2964 3110 3249 3165 verborum
3286 3113 3460 3180 magis

208 3202 540 3272 Ῥητορικῆς
598 3202 694 3253 καὶ
754 3199 1040 3268 ποιητικῆς
1106 3197 1445 3265 πολυμαθίας
1499 3198 1539 3227 ¹¹
1608 3196 1779 3265 μικρὰ

195 3294 400 3362 ἥψατο,
450 3295 528 3355 είς
578 3291 636 3344 δέ
680 3291 780 3361 τὴν
827 3290 1107 3359 θειοτέραν
1141 3288 1459 3356 φιλοσοφίαν
1492 3284 1780 3355 ἐξώρμησε

196 3384 303 3452 τὴν
332 3382 753 3455 Ἀριστοτέλους.
798 3379 971 3450 Ὁρῶν
1021 3379 1076 3431 δέ
1122 3376 1327 3447 ταύτην
1376 3377 1455 3445 τῷ
1499 3376 1782 3444 ἀναγκαίῳ

202 3474 406 3542 μᾶλλον
448 3471 481 3541 ἦ
526 3470 604 3540 τῷ
644 3469 831 3539 οἰκείῳ
868 3467 943 3537 νῷ
982 3466 1367 3531 πιστεύουσαν,
1402 3468 1497 3519 καὶ
1525 3466 1782 3535 τεχνικὴν

204 3564 307 3632 μὲν
341 3562 537 3622 ἱκανῶς
566 3556 703 3613 είναι
739 3559 1171 3623 σπουδάζουσαν,
1202 3560 1260 3609 τὸ
1287 3557 1343 3610 δὲ
1382 3556 1564 3609 ἔνθεον
1602 3557 1636 3626 ἢ
1668 3573 1785 3609 vos-

200 3655 299 3721 ρον
336 3652 394 3703 οὐ
432 3653 572 3703 πάνυ
624 3648 1089 3719 προϐαλλομένην,
1136 3646 1315 3713 ὀλίγον
1362 3646 1454 3697 καὶ
1500 3645 1704 3714 ταύτης
1753 3645 1783 3696 6

214 3743 489 3810 Ἰσίδωρος
522 3741 819 3806 ἐποιήσατο
870 3738 1050 3804 λόγον.
1097 3737 1185 3800 Ὦς
1235 3736 1289 3791 δὲ
1341 3734 1447 3788 τῶν
1497 3735 1782 3795 Πλάτωνος

198 3832 473 3900 ἐγεύσατο
488 3831 796 3899 νοημάτων,
814 3828 1000 3881 οὐκέτι
1021 3826 1345 3881 παπταίνειν
1365 3825 1515 3892 ἠξίου
1538 3826 1782 3896 πόρσιον,

197 3924 277 3983 ὼς
310 3922 415 3989 ἔφη
449 3920 730 3989 Πίνδαρος,
762 3919 897 3971 ἀλλά
930 3916 1080 3980 τέλος
1121 3916 1267 3985 ἔχειν
1307 3916 1553 3985 ἧλπιζεν,
1596 3916 1644 3966 εί
1682 3912 1783 3982 τῆς

202 4014 493 4073 Πλάτωνος
526 4011 763 4074 διανοίας
808 4011 939 4063 εἴσω
969 4008 1077 4061 τῶν
1117 4006 1324 4059 ἀδύτων
1365 4004 1618 4075 δυνηθείη
1672 4005 1786 4057 δια-

200 4106 411 4166 ϐαλεῖν,
440 4104 531 4155 καὶ
559 4102 693 4175 πρὸς
726 4102 882 4154 τοῦτο
908 4103 949 4132 ¹¹
975 4104 1002 4153 ὁ
1038 4100 1142 4161 πᾶς
1172 4097 1322 4169 αὐτῷ
1342 4097 1540 4167 δρόμος
1564 4097 1784 4150 ἐτέτατο

199 4197 302 4260 τῆς
342 4192 597 4259 σπουδῆς.
649 4191 772 4241 ὐτι
825 4190 932 4242 τῶν
992 4188 1089 4258 μὲν
1139 4186 1443 4240 παλαίτατα
1492 4185 1783 4254 φιλοσοφη-

202 4287 422 4335 σάντων
458 4280 776 4350 Πυθαγόραν
810 4280 903 4332 καὶ
945 4279 1206 4332 Πλάτωνα
1256 4278 1483 4343 θειὰζει,
1531 4279 1624 4331 καὶ
1673 4279 1781 4330 τῶν

201 4370 608 4438 ἐπτερωμένων
648 4371 692 4400 ³⁸
751 4369 977 4422 ἐκείνων
1019 4368 1207 4437 ψυχῶν
1262 4364 1426 4429 εἶναι,
1467 4370 1522 4421 αἳ
1575 4370 1653 4431 είς
1688 4369 1780 4420 τὸν

1882 3212 2043 3265 quam
2095 3211 2277 3251 rerum
2346 3197 2581 3252 veritate
2635 3212 2696 3253 se
2750 3197 3081 3254 ellerentem.
3141 3198 3459 3255 Bhetoricas

1884 3287 2227 3356 poeticasque
2253 3296 2399 3342 artes
2433 3303 2626 3357 parum
2652 3288 2857 3358 attigit,
2888 3290 2983 3343 sed
3028 3291 3095 3344 ad
3133 3292 3458 3345 sanctiorem

1882 3379 2195 3433 Aristotelis
2238 3378 2636 3447 philosophiam
2694 3394 2754 3435 se
2810 3382 3104 3446 convertit,
3168 3383 3463 3451 vidensque

1884 3468 2031 3522 illam
2092 3470 2426 3523 necessariis
2494 3470 3008 3526 ratiocinationibus
3077 3473 3249 3542 magis
3297 3488 3462 3543 quam

1885 3560 2101 3628 proprio
2134 3561 2313 3615 sensui
2362 3563 2624 3627 credere,
2685 3572 2742 3617 et
2778 3571 2834 3615 ut
2864 3564 2950 3616 via
3004 3579 3069 3618 ac
3101 3564 3311 3619 ratione
3340 3581 3465 3633 pro-

1883 3650 2061 3712 cedat,
2094 3648 2292 3703 divinis
2316 3660 2498 3704 autem
2530 3651 3016 3720 imaginationibus
3044 3668 3148 3707 non
3198 3655 3330 3708 adeo
3362 3655 3461 3719 uti,

1885 3751 2071 3805 parum
2105 3739 2266 3792 etiam
2296 3738 2362 3792 de
2394 3740 2495 3792 hac
2524 3739 2787 3794 sollicitus
2812 3739 2913 3793 fuit
2941 3757 2955 3793 :
3003 3740 3092 3795 ubi
3124 3750 3300 3796 autem
3338 3740 3463 3795 Pla-

1884 3828 2023 3883 tonis
2051 3828 2352 3883 sententias
2393 3831 2659 3897 gustavit,
2694 3845 2798 3883 non
2838 3830 2950 3898 jam
2982 3832 3248 3900 aspicere,
3302 3842 3361 3885 ut
3387 3834 3464 3885 ait

1886 3914 2151 3969 Pindarus
2178 3916 2282 3985 (4),
2320 3916 2580 3984 dignatus
2602 3928 2687 3970 est
2710 3918 2957 3973 ulterius.
2989 3918 3094 3973 Sed
3148 3920 3308 3974 tinem
3337 3936 3469 3975 euu—

1886 4015 2201 4061 sccnturum
2252 4007 2532 4074 speravit,
2573 4008 2618 4061 si
2670 4008 2723 4061 in
2781 4008 3022 4063 Platonis
3075 4012 3467 4065 sententiarum

1886 4101 2043 4167 adyta
2094 4106 2384 4165 penetrare
2412 4096 2697 4165 potuisset,
2732 4106 2785 4151 et
2829 4112 2895 4153 eo
2929 4114 3089 4154 omne
3135 4117 3294 4155 suum
3348 4113 3467 4155 stu-7

1885 4191 2033 4243 dium
2060 4229 2075 4252 ,
2126 4189 2492 4258 impetumque
2522 4192 2811 4246 convertit.
2842 4193 3265 4261 Antiquissimos
3291 4194 3467 4264 philo-

1884 4279 2081 4348 sophos
2113 4276 2473 4348 Pythagoram
2508 4290 2563 4334 et
2597 4279 2874 4336 Platonem
2918 4293 2977 4336 ut
3004 4283 3137 4339 deos
3175 4286 3376 4348 coluit,
3411 4294 3467 4340 et

1884 4384 2070 4422 eorum
2127 4368 2338 4420 animas
2387 4368 2580 4433 alatos,
2640 4385 2774 4436 quas
2828 4371 2882 4424 in
2942 4371 3118 4425 locum
3184 4388 3463 4441 superetn-

200 4462 598 4531 ὐπερουράνιον
623 4461 808 4523 τόπον,
848 4462 927 4523 είς
968 4460 1028 4512 τὸ
1072 4459 1253 4511 πεδίον
1281 4459 1379 4526 τῆς
1406 4458 1679 4528 ἀληθείας,
1709 4458 1777 4519 είς

1895 4459 2107 4521 lcstem,
2128 4458 2293 4525 inque
2313 4470 2561 4526 campum
2585 4459 2849 4523 veritatis,
2880 4470 2936 4513 et
2993 4471 3202 4529 pratum
3230 4465 3466 4519 elevatas

198 4557 294 4607 τὸν
322 4553 567 4622 λειμῶνα
596 4551 703 4605 τῶν
739 4552 899 4605 θείων
940 4551 1194 4619 νέμονται
1226 4549 1401 4613 εἰδῶν,
1439 4550 1546 4601 τῶν
1590 4553 1784 4603 νεωστὶ⁵

197 4648 259 4699 δὲ
301 4643 612 4714 Πορφύριον
640 4646 733 4695 καὶ
763 4640 1072 4711 Ἰάμϐλιχον
1103 4640 1199 4693 καὶ
1230 4640 1492 4707 Συριανὸν
1518 4640 1613 4691 καὶ
1642 4640 1784 4710 Πρός

202 4737 332 4788 κλον
356 4752 372 4767 ο
418 4735 511 4785 καὶ
538 4733 731 4795 ἀλλους
763 4732 821 4784 δὲ
862 4733 918 4783 ἐν
956 4729 1105 4799 μέσῳ
1137 4728 1229 4781 τοῦ
1266 4728 1457 4798 χρόνου
1496 4728 1660 4783 πολὺν
1687 4730 1783 4799 θη-

202 4826 409 4896 σαυρὸν
447 4824 695 4888 συλλέξαι
743 4821 872 4894 [550
911 4820 1006 4893 H.]
1041 4819 1189 4887 λέγει
1219 4820 1527 4889 ἐπιστήμης
1557 4819 1785 4890 θεοπρε-

205 4919 368 4980 ποῦς.
403 4917 543 4980 Τοὺς
578 4916 762 4985 μέντοι
787 4913 957 4982 θνητὰ
994 4912 1091 4965 καὶ
1122 4909 1437 4979 ἀνθρώπινα
1468 4910 1785 4977 φιλοπονου-

203 5014 404 5082 μένους
458 5008 624 5081 [1056
676 5005 769 5078 IL]
815 5006 849 5075 ἢ
880 5004 1158 5067 συνιέντας
1197 5004 1362 5069 ὀξέως
1398 5004 1431 5073 ἢ
1470 5002 1786 5071 φιλομαθεῖς

1891 4548 2091 4601 divinis
2131 4548 2351 4615 putavit
2406 4546 2543 4602 ideis
2580 4550 2751 4617 pasci.
2781 4549 2855 4605 De
2897 4553 3292 4609 recentioribus
3335 4571 3465 4611 vero

1889 4637 2277 4707 Porphyrium,
2301 4636 2689 4707 Jamblicltum,
2718 4639 3030 4711 Syrianum,
3087 4644 3364 4711 Proclum,
3410 4659 3465 4702 et

1893 4728 2031 4780 alios
2061 4727 2252 4781 mediae
2292 4728 2492 4790 astatis,
2533 4743 2786 4799 magnum
2822 4733 3133 4789 thesaurum
3174 4737 3465 4807 collegisse

1889 4821 2081 4873 divina:
2132 4818 2374 4873 scientia:
2409 4818 2564 4873 dicit.
2602 4820 2708 4875 Eos
2754 4834 2931 4878 autem
2984 4827 3075 4895 qui
3132 4827 3187 4881 in
3246 4832 3466 4885 caducis

1889 4919 1941 4963 et
1992 4909 2242 4962 humanis
2292 4908 2488 4962 studiis
2546 4909 2783 4967 libenter
2829 4926 3191 4985 occupantur,
3241 4920 3324 4974 vel
3374 4922 3465 4988 qui

1896 4998 2196 5067 intelligere
2225 5006 2386 5051 acute
2419 5012 2485 5053 ac
2504 4998 2647 5055 scire
2676 5004 2847 5058 multa
2869 5006 3086 5071 volunt,
3107 5023 3211 5062 non
3245 5024 3466 5079 magno-

1457 5118 1686 5174 VARle
1724 5117 2134 5175 LECTIONES.

273 5223 298 5257 ⁸
318 5223 497 5288 ὀξεῖαν
521 5222 577 5275 δὲ
614 5222 709 5275 καὶ
760 5219 957 5274 Suidas
987 5232 1042 5288 γ.
1086 5215 1221 5285 Ἀγχ

204 5296 409 5348 τούτων
434 5291 492 5346 Β.

200 5363 443 5418 ὑποκαθ.
481 5377 522 5425 ς
627 5360 650 5393 ⁹
679 5356 961 5430 γνώρισιν]
1002 5356 1189 5430 νόησιν

202 5436 248 5469 ⁸⁸
278 5433 458 5501 τούτῳ
490 5421 553 5495 ς’.
662 5421 707 5464 ’⁵
728 5421 1146 5498 smmum]
1173 5424 1246 5479 cl.
1282 5421 1456 5492 Toup.
1494 5438 1554 5486 ιι,
1585 5438 1637 5492 p.
1668 5421 1789 5478 “8.

1226 5215 1397 5289 ivpv.a._
1415 5212 1486 5267 cf.
1546 5214 1687 5268 idem
1715 5231 1769 5289 v_.
1805 5215 1984 5285 Ἔρως
2009 5214 2374 5289 ει-ΣτοιχείαΔ
2395 5217 2585 5289 ἀρχαί.

592 5298 613 5330 ν
647 5289 965 5358 κατοκωχὴν
990 5287 1053 5341 Λ.
1093 5282 1332 5407 κατοέὴν
1362 5284 1435 5336 B:
1472 5284 1799 5370 κατακωχην
1830 5282 2023 5349 {cum
2052 5282 2309 5341 Suidanv.
2334 5282 2678 5369 Κατακωχή.
2750 5286 2772 5317 ⁸
2800 5284 3104 5369 ἀποκαθκΑ
3128 5282 3408 5354 etStiidas
3444 5282 3464 5342 Ξ

627 5360 650 5393 ο
679 5356 961 5407 ννώοισινὶ
1004 5356 1189 5407 νόησιν
1264 5353 1421 5407 ntdas
1450 5370 1501 5407 ν.
1538 5353 1825 5407 Eunomia.
1923 5356 1967 5387 ⁸⁸
2000 5352 2328 5407 ὑψηλόνουν]
2400 5358 2603 5407 ὑψηλὸν
2627 5354 2720 5407 οὖν
2743 5356 2809 5407 Δ.
2914 5354 2957 5387 ⁸⁸
2984 5354 3352 5407 πολυμαθείας
3402 5356 3464 5407 Β.

1264 5370 1421 5424 u_tuas
1450 5370 1501 5407 v.
1538 5370 1825 5424 ειυμοιρια.

2686 5217 2711 5249 ⁸
2731 5232 2791 5291 τε
2813 5216 2865 5291 ,Α
2894 5230 2908 5267 :
2940 5215 3033 5291 τοῦ
3059 5232 3119 5291 ς.
3195 5216 3462 5291 [τρίτων]

1923 5356 1967 5387 ⁸⁸
2000 5352 2329 5425 ὑψηλόνουν]
2400 5350 2720 5428 sanabilem
2743 5356 2809 5409 Α.
2914 5354 2957 5387 ⁸⁸
2984 5350 3352 5423 πολυμαθείας
3402 5356 3464 5411 Β.

1678 5514 1908 5571 ΝΟΤΕ.

276 5618 354 5687 (3)
379 5614 573 5671 Suidas
599 5612 832 5687 dictione
865 5608 1137 5677 ἀγχίνοος,
1161 5614 1217 5660 et
1240 5605 1405 5661 Henr.
1426 5604 1614 5676 Steph.
1646 5605 1789 5660 The-

204 5681 397 5745 saurits
430 5687 481 5737 iu
512 5681 865 5749 ἐπιστρεφὴς.

273 5757 352 5826 (ι)
381 5755 493 5811 Oda
538 5754 572 5805 Δ
606 5744 813 5817 οιξιηίρζ
849 5746 1043 5815 μηκέτι
1088 5746 1355 5798 πάπταινε
1408 5744 1649 5815 πόρσιον.
1704 5744 1785 5799 Ne

521 5844 789 5905 Panos.
836 5841 950 5900 Gn.
997 5840 1147 5899 Clll.

1904 5608 2131 5672 amplius
2169 5608 2508 5673 circumspice
2522 5608 2745 5677 longius.
2778 5607 2960 5662 Utitur
2978 5606 3149 5661 etOda
3175 5606 3462 5677 3extrema

1894 5687 1945 5729 et
1977 5678 2028 5729 in
2057 5678 2260 5746 Pythiis
2287 5678 2386 5730 oda
2415 5678 2465 5731 ὅ.
2487 5675 2675 5740 Ὅστις
2701 5680 2974 5747 αίσχήνων
3000 5689 3094 5729 etc.
3122 5685 3177 5727 ut
3195 5675 3461 5743 proverbii

1892 5748 2122 5813 speciem
2138 5746 2382 5802 obtinere
2408 5748 2673 5801 videatur.

2994 5838 3069 5897 40
