4206 6436
810 317 944 379 1⁴Ξ59

1975 326 2233 387 PIIOTll
2272 328 2780 393 PATRIARCILE
2820 336 2929 395 ΟΡ.

3924 346 4056 411 1260

803 444 929 495 pure
968 429 1213 484 conferre
1252 433 1317 485 ad
1352 433 1634 489 sublimem
1671 452 1734 492 ac
1760 438 1997 496 divinam
2026 445 2340 514 sapientiam

2446 442 2617 504 ,εἶναι
2676 452 3033 519 βουλομένους
3086 453 3240 506 οὐδὲν
3290 456 3435 525 μέγα
3478 456 3697 511 ἀνύτειν
3740 458 3789 491 ⁵⁸
3832 460 3910 524 εις
3966 464 4062 531 τὴν

806 521 1163 590 Antiquorum
1204 524 1347 576 enim
1383 525 1735 582 Arist0telem
1788 541 1843 587 et
1894 532 2260 606 Chrysippum
2292 539 2375 592 in-

797 613 1201 680 geniosissimos
1245 623 1299 668 et
1339 616 1579 672 discendi
1612 622 2010 690 cupidissimos,
2044 629 2171 696 quin
2207 630 2372 684 etiam

803 702 1120 766 laboriosos,
1154 719 1251 759 nec
1282 715 1461 759 tamen
1505 710 1727 763 omnino
1763 714 1827 767 ad
1866 729 2138 772 summum
2171 733 2367 773 ascen-

797 794 958 847 disse.
996 795 1309 849 lteccntium
1339 812 1468 853 vero
1491 799 1819 867 Hieroclem,
1853 813 1907 858 et
1931 806 2157 873 similes,
2190 811 2370 865 scien-

798 884 885 937 tiis
918 885 1169 940 lnunanis
1198 888 1324 940 nulli
1355 889 1573 957 quidem
1614 892 1787 948 fuisse
1842 896 2151 963 inferiores,
2187 904 2279 956 sed
2316 904 2368 957 in

814 975 1012 1029 divinis
1067 980 1375 1035 notionibus
1408 997 1512 1036 non
1571 985 1858 1041 admodum
1905 989 2074 1046 fuisse
2124 1006 2369 1051 versatos

798 1066 979 1120 tradit.
1008 1066 1294 1123 Librorum
1326 1072 1539 1141 copiam
1578 1079 1944 1145 reprehendit,
2006 1097 2124 1151 qua:
2178 1088 2361 1155 potius

794 1158 1082 1212 multarum
1134 1162 1471 1229 Opinionum,
1529 1181 1689 1234 quam
1744 1170 2118 1238 cognitionum
2199 1192 2366 1233 causa

793 1258 895 1302 est.
950 1248 1066 1305 Uno
1121 1268 1249 1307 vero
1302 1255 1418 1311 solo
1468 1270 1797 1328 praeceptore
1860 1266 2242 1335 acquiescens,
2300 1271 2364 1324 ad

787 1339 927 1393 hunc
952 1357 1114 1395 unum
1140 1344 1335 1415 338a
1363 1349 1598 1418 seipsum
1625 1352 1932 1424 elIingebat,
1974 1357 2119 1413 illius
2162 1360 2363 1414 dictata

783 1436 1159 1493 cxscribendo.
1192 1436 1504 1507 Praesentia,
1526 1454 1583 1497 ιιι
1612 1457 1854 1515 apparet,
1873 1448 1985 1505 haec
2010 1466 2114 1505 non
2140 1454 2361 1518 amavit,

787 1541 883 1580 nec
926 1538 1132 1582 statuas
1188 1532 1415 1586 adorare
1474 1533 1725 1590 volebat:
1776 1542 1869 1593 sed
1921 1539 2033 1608 jam
2080 1543 2146 1596 ad
2212 1545 2361 1611 ipsus

782 1621 1015 1673 accessit
1051 1626 1177 1674 deos
1226 1625 1371 1677 intus
1397 1625 1647 1692 latentes,
1697 1645 1803 1684 non
1847 1632 1897 1684 in
1931 1634 2115 1704 adyto,
2166 1637 2259 1689 sed
2298 1637 2348 1688 in

779 1724 976 1764 arcano
1009 1712 1115 1775 sui,
1152 1714 1293 1781 quod
1331 1715 1619 1785 aliquando
1648 1734 1873 1775 summa:
1903 1723 2351 1793 estignorantiaa.

2480 537 2760 609 θεοπρεπῆ
2795 542 2887 593 καὶ
2934 543 3178 613 μεγάλην
3218 548 3433 613 σοφίαν.
3484 548 3605 601 Τῶν
3656 548 3766 619 γὰρ
3816 551 4061 605 παλαιῶν

2489 626 2842 698 Ἀριστοτέλη
2885 632 2977 682 καὶ
3020 631 3345 699 Χρύσιππον
3395 635 3794 703 εὐφυεστάτους
3834 642 4060 708 γενομέ-

2476 729 2620 776 νους,
2665 714 2798 767 ἀλλά
2841 719 2933 769 καὶ
2974 719 3474 787 φιλομαθεστάτους
3516 726 3843 789 γεγονότας,
3891 727 3970 778 ἔτι
4009 727 4063 779 δὲ

2475 804 2569 854 καὶ
2614 805 2958 872 φιλοπόνους,
2995 809 3093 861 οὐκ
3126 810 3394 881 ἀναϐῆναι
3428 814 3577 881 ὅμως
3616 815 3717 883 τὴν
3758 814 3891 885 ὅλην
3931 818 4062 869 ἀνά-

2473 893 2653 949 ϐασιν.
2710 897 2832 948 Τῶν
2880 898 2935 951 δὲ
2969 900 3250 971 νεωτέρων
3302 903 3576 972 Ἱεροκλέα
3626 922 3684 957 τε
3731 907 3827 958 καὶ
3878 908 3932 959 ετ
3981 926 4061 971 τις

2473 986 2679 1053 ὅμοιος,
2708 989 2861 1040 οὐδὲν
2904 990 3003 1058 μὲν
3039 991 3387 1057 ἐλλείποντας
3434 996 3514 1059 είς
3554 996 3654 1065 τὴν
3709 998 4061 1069 ἀνθρωπίνην

2473 1080 2851 1150 παρασκευὴν,
2890 1084 2998 1136 τῶν
3028 1083 3083 1135 δὲ
3136 1087 3426 1156 μακαρίων
3477 1076 3766 1157 νοημάτων
3809 1090 4058 1161 πολλαχῆ

2470 1167 2681 1219 πολλῶν
2710 1170 2909 1232 ἐνδεεῖς
2949 1173 3273 1241 γενομένους
3314 1176 3501 1243 φησίν.
3544 1177 3667 1229 ⁸Ὀτι
3717 1179 3813 1231 καὶ
3864 1180 3908 1212 ¹⁸
3951 1182 4059 1232 τῶν

2471 1254 2690 1322 βιὸλίων
2720 1260 2811 1311 τὸν
2862 1262 3063 1330 ὀμαδδν
3114 1267 3432 1334 παρῃτεῖτο,
3484 1265 3803 1333 πολυδοξίας
3855 1270 4056 1338 μᾶλλον

2468 1348 2640 1401 αἴτιον
2665 1349 2796 1403 ὄντα
2826 1351 2855 1419 ἦ
2888 1352 3195 1416 πολυνοίας.
3240 1355 3352 1407 Ἑνὶ
3373 1356 3439 1408 δὲ·
3462 1358 3607 1427 μόνῳ
3638 1359 3715 1428 τῷ
3744 1360 4053 1431 διδασκάλῳ

2467 1439 2959 1509 ἐπαναπαυόμενος
2990 1444 3125 1512 πρὸς
3162 1445 3325 1512 μόνον
3364 1448 3571 1499 ἐκεῖνον
3604 1450 3890 1504 ἀπετύπου
3924 1456 4053 1506 ἐαυ-

2463 1526 2576 1592 τὸν,
2604 1526 2671 1578 τά
2702 1530 2833 1596 παρ’
2860 1528 3026 1581 αὑτοῦ
3056 1530 3326 1600 λεγόμενα
3358 1535 3403 1564 ’⁸
3434 1534 3912 1606 ἀπογραφόμενος.
3954 1543 4050 1610 Δῆ-

2463 1615 2551 1678 λος
2589 1617 2633 1667 δ’
2662 1612 2730 1686 ἦν
2768 1619 2866 1669 οὐκ
2890 1619 3116 1686 ἀγαπῶν
3136 1622 3205 1674 τά
3230 1622 3477 1691 παρόντα
3512 1622 3635 1677 οὔτε
3667 1626 3734 1678 τά
3756 1630 4054 1699 ἀγάλματα

2462 1710 2789 1777 προσκυνεῖν
2824 1708 3043 1775 ἐθέλων,
3092 1712 3226 1766 ἀλλὰ
3266 1714 3365 1784 ήδη
3398 1715 3485 1767 ἐπ’
3518 1716 3714 1779 αὐτοὺς
3740 1720 3865 1781 τοὺς
3897 1721 4053 1785 θεοὺς

779 1800 890 1864 Qua
930 1804 1139 1857 ratione
1200 1805 1363 1873 igitur
1394 1808 1457 1860 ad
1485 1824 1599 1875 eos,
1641 1826 1763 1865 cum
1812 1813 1891 1866 sic
1934 1827 2131 1882 essent,
2178 1819 2340 1871 adiit‘:

2466 1798 2678 1867 ἱέμενος
2712 1800 2844 1851 είσω
2874 1801 3303 1871 κρυπτομένους,
3335 1803 3433 1856 οὐκ
3481 1806 3537 1859 ἐν
3582 1806 3819 1871 ἀδύτοις,
3844 1810 3960 1862 ἀλλ’
3996 1814 4053 1864 ἑν

777 1894 1081 1949 vehementi
1108 1911 1311 1959 amore,
1339 1913 1511 1968 eoque
1536 1901 1761 1959 latente.
1794 1904 1861 1960 Et
1892 1908 2160 1973 quisalius
2192 1924 2346 1963 amor

776 1986 878 2040 nisi
929 1987 1216 2041 occultus?
1250 1998 1302 2043 et
1338 2005 1627 2059 quemnam
1682 1996 1824 2050 hunc
1864 1997 2112 2065 dicimus,
2173 2000 2353 2055 sciunt

775 2079 865 2146 qui
893 2081 1100 2147 experti
1135 2091 1295 2134 sunt:
1332 2084 1514 2137 dicere
1542 2094 1719 2139 autem
1772 2102 1875 2142 non
1925 2104 2232 2157 possumus,
2288 2109 2351 2149 ac

772 2186 841 2226 ne
882 2174 1121 2242 cogitare
1160 2176 1401 2244 quidem.
1462 2177 1666 2233 Dixerit
1722 2181 1991 2251 quispiam
2043 2184 2191 2238 illum
2244 2201 2348 2240 non

770 2261 958 2327 verba,
988 2265 1081 2318 sed
1108 2280 1290 2319 rerum
1323 2268 1503 2321 dicere
1539 2269 1892 2323 substantias.
1929 2270 2339 2341 Promptissime

769 2352 1076 2407 inveniebat
1109 2355 1172 2408 de
1204 2356 1400 2423 quibus
1430 2357 1543 2425 ipse
1571 2358 1852 2413 dubitabat
1897 2362 2050 2429 apud
2104 2362 2259 2427 alios,
2294 2374 2350 2419 et

768 2442 833 2496 de
868 2444 1062 2511 quibus
1095 2444 1183 2497 alii
1216 2447 1356 2514 apud
1398 2446 1569 2514 ipsum
1607 2448 2007 2517 disceptabant,
2043 2466 2149 2506 non
2210 2452 2349 2506 mul-

771 2544 943 2587 tarum
972 2536 1189 2603 quidem
1223 2552 1402 2591 rerum
1429 2540 1755 2607 cognitione,
1800 2548 1855 2593 et
1909 2540 2211 2598 alienarum
2248 2546 2345 2599 do-

766 2626 1063 2679 ctrinarum
1098 2628 1321 2681 scientia
1350 2629 1629 2683 obruendo
1665 2633 1972 2698 veritatem,
2021 2635 2335 2693 dubitantes

764 2724 944 2769 autem
992 2714 1342 2781 conl‘utando,
1392 2719 1487 2772 sed
1544 2722 1863 2776 excellentis
1890 2724 2089 2794 ingenii
2148 2728 2222 2792 vi,
2280 2743 2345 2784 ac

765 2808 923 2876 plane
950 2809 1170 2872 divina;
1222 2818 1276 2864 et
1311 2810 1583 2867 immenso
1635 2814 1909 2871 desiderio
1967 2818 2149 2873 divina
2208 2835 2337 2889 per-

762 2894 1058 2964 vestigandi
1094 2897 1380 2950 veritatem
1408 2910 1763 2969 compertam,
1794 2906 2106 2961 vaticinanti
2148 2908 2342 2964 similis

758 2992 897 3037 erat.
949 2984 1169 3039 Poterat
1226 2989 1534 3056 perspicere
1579 2991 1706 3060 quid
1739 2996 2077 3049 reconditum
2129 3007 2336 3068 tegeret

757 3078 952 3140 oratio,
1000 3078 1196 3146 quidve
1230 3093 1420 3133 sanum
1469 3080 1691 3137 inesset.
1732 3084 1994 3155 Marinus,
2030 3090 2121 3156 qui
2147 3088 2325 3144 Procli

757 3177 1042 3217 successor
1064 3165 1163 3234 (5),
1192 3174 1246 3219 et
1278 3164 1468 3221 lsidori
1500 3185 1620 3223 cum
1648 3174 1863 3227 caeteris
1892 3176 1943 3228 in
1984 3177 2334 3235 Aristoteleis

758 3256 965 3321 doctor,
992 3273 1112 3311 cum
1145 3258 1339 3311 librum
1386 3260 1679 3315 multorum
1708 3278 1963 3319 versuum
2010 3270 2331 3339 scripsisset

757 3347 809 3399 in
855 3347 1135 3401 Philebum
1166 3348 1425 3413 Platonis,
1470 3365 1707 3421 euntque
1750 3354 1929 3421 legere
1968 3356 2185 3423 juberet
2218 3361 2321 3414 lsi-

755 3444 969 3507 dorum,
1004 3454 1058 3497 et
1102 3444 1367 3513 judicium
1405 3444 1547 3500 ferre
1593 3463 1663 3501 an
1702 3450 1941 3519 evulgari
1976 3463 2179 3519 posset,
2238 3456 2327 3509 ille

753 3536 892 3589 libro
916 3536 1076 3603 lecto,
1112 3538 1435 3591 sententiam
1460 3554 1613 3593 suam
1646 3540 1810 3595 libere
1834 3544 2107 3610 patefecit,
2132 3545 2331 3600 nullam

752 3640 928 3681 tamen
978 3629 1358 3682 inconcinnam
1416 3645 1603 3685 vocem
1656 3632 1857 3695 emisit,
1893 3633 2032 3688 hanc
2080 3645 2324 3690 tantum:

746 3720 915 3772 videri
979 3719 1238 3788 magistro
1297 3720 1480 3789 digna.
1541 3718 1783 3776 Marinus
1849 3722 1953 3778 hoc
2000 3724 2324 3794 intelligens,

743 3809 938 3862 librum
978 3810 1085 3879 igni
1124 3810 1365 3865 tradidit.

2460 1891 2610 1961 αύτῷ
2648 1891 2726 1961 τῷ
2772 1894 3089 1963 ἀπορρήτῳ,
3136 1894 3353 1948 ὁτιποτέ
3406 1897 3542 1963 ἐστι,
3592 1900 3692 1967 τῆς
3740 1896 4047 1967 παντελοῦς

2457 1984 2752 2049 ἀγνωσίας.
2785 1984 2909 2047 Πῶς
2938 1981 3034 2038 οὖν
3064 1987 3149 2038 ἐπ’
3177 1987 3378 2051 αὐτοὺς
3414 1988 3521 2041 ἵετο
3544 1990 3817 2054 τοιούτους
3849 1994 4050 2060 δνταςς

2459 2076 2663 2145 Ἔρωτι
2688 2075 2866 2145 δεινῷ,
2892 2077 3185 2150 ἀπορρήτῳ
3209 2079 3304 2131 καὶ
3329 2079 3523 2149 τούτῳ.
3551 2082 3661 2135 Καὶ
3688 2082 3774 2148 τίς
3791 2084 3850 2136 δὲ
3883 2086 4050 2150 ἄλλος

2452 2165 2484 2233 ἢ
2522 2166 2801 2233 ἄγνωστος
2835 2168 2929 2219 καί
2963 2170 2990 2220 ὁ
3020 2168 3202 2239 ἕρως;
3252 2171 3360 2222 Καὶ
3413 2171 3535 2224 τίνα
3582 2166 3771 2227 τορτὸν
3830 2192 4043 2246 φαμεν,

2454 2256 2629 2307 ἴσασιν
2675 2258 2724 2308 οἱ
2771 2258 3140 2327 πειραθέντες,
3170 2261 3343 2313 εἰπεῖν
3382 2261 3438 2312 δὲ
3469 2262 3752 2329 ἀδύνατον,
3786 2268 3883 2319 καὶ
3920 2268 4050 2339 νοῆ-

2453 2348 2541 2399 σαί
2577 2365 2641 2416 γε
2679 2350 2831 2402 οὐδὲν
2865 2351 3064 2420 μᾶλλον
3104 2352 3305 2423 ῥᾴδιον.
3342 2350 3511 2407 Εἶπεν
3537 2355 3602 2409 ἄν
3633 2375 3715 2421 τις
3741 2360 3801 2411 οὐ
3851 2360 4049 2429 λόγους

2451 2442 2642 2505 αὑτὸν,
2678 2442 2814 2495 ἀλλὰ
2844 2445 3186 2514 πραγμάτων
3216 2444 3548 2514 φθέγγεσθαι
3583 2449 3790 2513 οὐσίας.
3828 2448 3939 2506 Ἶίν
3987 2454 4047 2506 δὲ

2451 2535 2545 2587 καὶ
2589 2536 2816 2605 εὑρετὴς
2856 2537 3204 2605 ἑτοιμότατος
3249 2531 3322 2591 ὧν
3363 2556 3422 2591 τε
3457 2539 3617 2604 αὐτὸς
3656 2542 3854 2613 ἠπόρει
3903 2546 4047 2615 πρὸς

2447 2626 2689 2695 ἐτέρους,
2720 2628 2812 2679 καὶ
2828 2623 2902 2681 ὧν
2924 2628 3099 2697 ἕτεροι
3125 2628 3261 2697 πρὸς
3291 2630 3473 2695 αὐτὸν,
3501 2632 3563 2683 οὑ
3598 2632 3911 2705 πολυμαθία
3941 2637 4043 2687 καὶ

2446 2721 2738 2793 ἀλλοτρίων
2774 2723 3129 2793 δοξασμάτων
3171 2724 3211 2754 ¹⁷
3265 2724 3476 2795 ἰατορίᾳ
3529 2727 3879 2796 καταχωννὺς
3932 2728 4039 2796 μὲν

2443 2814 2540 2883 τὴν
2570 2814 2831 2884 ἀλήθειαν
2872 2816 2916 2847 ¹⁸
2939 2856 2952 2880 ,
2986 2813 3351 2885 ἐπιστομίζων
3391 2816 3446 2867 δὲ
3476 2818 3603 2879 τοὺς
3643 2819 3991 2888 ἀποροῦντας
4021 2836 4035 2848 '

2444 2906 2578 2959 ἀλλά
2597 2906 2757 2977 ῥώμῃ
2775 2908 3027 2975 γενναίας
3062 2908 3275 2976 φύσεως
3308 2910 3403 2961 καὶ
3426 2908 3562 2960 θεῶν
3587 2909 3927 2979 ἀγχισπόρου
3966 2911 4033 2973 ⁸⁵,

2444 2994 2595 3063 πόθῳ
2636 3011 2694 3045 τε
2721 2994 2989 3063 ἀμηχάνῳ
3019 2995 3117 3062 τῆς
3148 2995 3278 3063 περὶ
3321 2996 3383 3047 τὸ
3418 2995 3558 3048 θεῖον
3598 2994 3884 3064 βακχείας,
3919 2990 4037 3048 οἷον

2443 3087 2943 3155 ἀπομαντευομένῳ
2995 3087 3156 3157 ἐῴκει
3203 3087 3303 3156 τὴν
3335 3088 3435 3157 τῆς
3470 3087 3728 3155 ἀληθείας
3787 3087 4035 3158 εὕρεσιν.

2440 3173 2546 3229 Ἦν
2592 3179 2637 3230 δ’
2672 3178 2858 3239 ἱκανὸς
2891 3178 3074 3229 διιδεῖν
3105 3179 3150 3209 ²⁰
3177 3178 3285 3247 ὅπη
3318 3194 3379 3231 τε
3413 3177 3611 3246 σαθρὸν
3647 3179 3691 3209 ’ί
3722 3179 4034 3246 φθέγγεται

2439 3272 2466 3321 ὸ
2504 3269 2680 3332 λόγος,
2713 3268 2808 3320 καὶ
2832 3269 2939 3337 ὅπη
2974 3268 3144 3336 ὑγιές.
3187 3269 3427 3339 Μαρῖνος
3465 3268 3521 3320 δὲ
3561 3270 3589 3319 ὁ
3631 3268 3883 3335 Πρόκλου
3909 3269 4032 3323 διά-

2438 3362 2609 3429 δοχος,
2660 3363 2688 3412 ό
2726 3361 2769 3391 ²¹
2819 3362 2914 3413 καὶ
2962 3359 3234 3431 Ἰσιδώρου
3291 3361 3457 3428 (μετά
3513 3360 3608 3412 καὶ
3653 3359 3853 3429 ἄλλων)
3917 3362 4029 3413 τῶν

2454 3452 2858 3521 Ἀριστοτέλους
2911 3450 3085 3517 λόγων
3141 3450 3481 3515 διδάσκαλος,
3527 3451 3827 3521 ὑπόμνημα
3868 3452 4030 3505 πολύ-

2439 3560 2617 3611 στιχον
2644 3545 2722 3605 είς
2751 3542 2981 3612 Φίληὸον
3015 3542 3280 3607 συντάξας
3308 3540 3400 3593 τοῦ
3429 3542 3736 3605 Πλάτωνος,
3766 3536 3923 3605 οὗτος
3946 3543 4028 3612 τῷ

2452 3634 2706 3705 Ἰσιδώρῳ
2740 3637 2983 3703 ἐντυχεῖν
3027 3651 3085 3686 τε
3118 3633 3198 3704 τῷ
3245 3634 3596 3703 ὑπομνήματι
3639 3633 3877 3693 κελεύει,
3925 3635 4025 3687 καὶ

2435 3730 2712 3795 ἐπικρῖναι
2755 3730 2801 3779 εί
2844 3726 3133 3790 ἐξοιστέον.
3194 3724 3252 3778 '0
3294 3725 3351 3777 δὲ
3393 3723 3657 3790 ἀναγνοὺς
3696 3725 3853 3778 οὐδὲν
3915 3726 4025 3779 ἀπ-

2437 3819 2713 3889 εκρύψατο
2746 3819 2854 3871 τῶν
2878 3817 3027 3887 αύτῷ
3057 3815 3374 3880 δοκούντων,
3392 3817 3452 3868 οὐ
3482 3815 3662 3884 μέντοι
3688 3815 3811 3867 οὐδὲ
3840 3816 4021 3884 ἀμου-

742 3923 833 3959 σον
876 3905 1055 3975 ἀφῆκε
1117 3904 1321 3975 φωνὴν,
1353 3906 1607 3959 τοσοῦτον
1632 3907 1687 3960 δὲ
1720 3906 1881 3977 μόνον
1916 3908 2041 3978 ἔφη,
2076 3910 2236 3965 ἱκανά
2267 3908 2406 3967 εἶναι
2462 3914 2529 3969 τὰ
2575 3914 2669 3967 τοῦ
2707 3912 3046 3997 διδασκάλου.
3091 3911 3148 3965 '0
3202 3909 3258 3963 δὲ
3321 3910 3562 3980 Μαρῖνος
3630 3909 3812 3971 συνεὶς
3882 3910 4021 3979 πυρὶ

738 3998 1012 4067 διέφθειρε
1038 3999 1099 4051 τὸ
1139 3998 1364 4069 βιϐλίον.

809 4088 924 4143 Hoc
953 4090 1115 4143 etiam
1143 4106 1171 4142 a
1190 4090 1401 4143 ceteris
1432 4088 1765 4159 philosophis
1799 4090 2027 4145 distabat
2062 4091 2318 4159 Isidorus,

2508 4092 2817 4162 Ἐξαίρετον
2843 4089 2887 4142 δ’
2914 4085 2982 4157 ἦν
3011 4086 3159 4157 αὑτῷ
3180 4087 3330 4156 παρά
3360 4086 3485 4149 τοὺς
3513 4085 3705 4149 ἀλλους
3730 4088 3828 4139 καί
3854 4088 4020 4141 τοῦτο

737 4182 879 4249 quod
912 4195 1019 4234 non
1048 4182 1162 4235 sola
1197 4181 1647 4250 syllogismorum
1682 4182 1732 4236 vi
1760 4197 1818 4236 se
1849 4192 1942 4236 aut
2004 4199 2132 4240 suos
2160 4185 2320 4241 vellet

2446 4183 2744 4251 ›ιλοσόφους
2769 4199 2779 4210 ⁸
2804 4183 2903 4233 οὐκ
2944 4178 3201 4250 ἠϐούλετο
3233 4178 3607 4246 συλλογισμοῖς
3664 4178 4016 4246 ἀναγκάζειν

736 4271 1013 4326 ειιιιιωιειε
1053 4272 1267 4325 veritati
1299 4289 1314 4327 :
1349 4287 1583 4341 cumque
1624 4273 1822 4326 veritas
1852 4289 1957 4326 non
1996 4290 2101 4328 una
2126 4276 2313 4332 videa-

736 4377 821 4417 tur
864 4365 969 4425 via,
1004 4363 1217 4418 nolebat
1250 4377 1344 4417 eos
1380 4364 1610 4428 ratione,
1647 4363 1812 4419 veluti
1846 4380 1987 4418 eruca
2015 4367 2068 4419 in
2106 4376 2309 4421 rectam

732 4458 873 4509 viam
904 4456 1165 4516 ductrice,
1193 4454 1415 4523 impelli.
1445 4453 1551 4508 Sed
1584 4457 1908 4525 persuadere
1944 4469 2161 4525 semper
2214 4456 2308 4555 ad:
2334 4497 2387 4555 D

733 4551 884 4603 nisus
928 4559 1030 4614 est,
1067 4558 1121 4602 et
1162 4548 1349 4601 oculos
1396 4549 1460 4600 ad
1517 4549 1753 4601 animam
1804 4548 2011 4602 referre
2048 4568 2060 4603 :
2119 4558 2213 4602 aut
2257 4549 2303 4603 si

728 4641 991 4701 inessent,
1030 4652 1342 4710 repurgare.
1380 4638 1515 4693 Cum
1553 4641 1941 4706 imperatorum
1980 4653 2064 4692 res
2121 4646 2304 4707 gestas

725 4732 962 4788 scribere
983 4733 1188 4802 jussus,
1231 4733 1520 4786 obsecutus
1546 4740 1630 4785 est
1654 4747 1667 4785 :
1700 4734 1767 4784 de
1794 4746 1901 4799 quo
1918 4744 2081 4797 opere
2101 4730 2300 4793 dicam,

723 4824 864 4892 quod
915 4826 1050 4884 scio,
1077 4839 1199 4877 cum
1238 4838 1302 4877 eo
1338 4823 1596 4891 perducta
1629 4824 1734 4876 erit
1762 4823 1979 4876 oratio:
2040 4836 2143 4876 non
2178 4821 2300 4876 dico

723 4918 902 4980 modo,
936 4916 1086 4984 quasi
1143 4930 1209 4969 ne
1260 4915 1446 4968 audire
1480 4915 1695 4980 quidem
1746 4913 2049 4968 debuerim.
2102 4913 2295 4982 Neque

721 5001 1000 5067 Leontius,
1035 5004 1123 5073 qui
1155 5005 1355 5073 optime
1384 5003 1550 5074 338
1575 5004 1601 5056 b
1633 5004 1735 5058 sibi
1788 5002 2090 5058 consultum
2123 5014 2277 5070 puta-

2420 4274 2578 4343 μόνον
2607 4271 2729 4324 οὗτε
2766 4271 2955 4323 ἐαυτὸν
2992 4269 3116 4323 οὔτε
3149 4269 3273 4330 τοὺς
3308 4267 3563 4330 συνόντας
3615 4268 4017 4321 ἐπακολουθεῖν

2412 4366 2480 4433 τῇ
2514 4362 2742 4432 ἀληθείᾳ
2777 4362 2850 4431 μὴ
2892 4361 3145 4431 ὁρωμένη
3182 4360 3247 4423 ’³,
3281 4356 3423 4410 κατά
3456 4357 3586 4427 μίαν
3619 4357 3739 4409 ὁδὸν
3774 4360 4016 4427 πορεύε-

2417 4455 2539 4507 σθαι
2584 4453 3075 4521 συνελαυνομένους
3103 4451 3205 4504 ὑπὸ
3234 4450 3329 4502 τοῦ
3351 4449 3532 4517 λόγου,
3554 4443 3666 4500 οἷον
3693 4450 3937 4519 τυφλοὺς
3966 4452 4015 4482 ⁸⁸

2415 4546 2512 4617 τὴν
2546 4545 2712 4616 ὀρθὴν
2738 4545 3039 4615 ἀγομένους
3083 4541 3346 4612 πορείαν·
3386 4540 3519 4593 ἀλλά
3563 4539 3775 4593 πείθειν
3805 4543 4016 4595 ἐσπού-

2415 4639 2572 4702 δαζεν
2623 4640 2711 4690 ἀεὶ
2747 4637 2838 4689 καὶ
2878 4635 3000 4705 ὄψιν
3055 4633 3319 4687 ἐντιθέναι
3367 4635 3435 4701 τῇ
3475 4632 3645 4701 ψυχῇ,
3691 4634 3901 4702 μᾶλλον
3950 4636 4014 4688 δὲ

2412 4728 2637 4780 ἐνοῦσαν
2697 4724 3089 4794 διακαθαίρειν.
3145 4721 3481 4792 ’Υπηρεσίαν
3542 4718 3812 4795 ἐτέλει,ᾖ
3865 4724 4016 4791 πρὸς

2409 4820 2573 4888 τάχος
2623 4819 2952 4870 ἐπετέτακτο
2984 4816 3029 4846 ³⁸
3092 4814 3322 4884 γράφειν
3368 4815 3437 4867 τά
3482 4814 3587 4866 ὑπὸ
3637 4814 3746 4868 τῶν
3796 4817 4011 4885 ἀρχόν-

2407 4930 2514 4965 των
2579 4908 3025 4981 προσταττόμενα
3068 4907 3114 4937 ²⁶
3213 4906 3347 4975 Περὶ
3408 4898 3468 4958 οὗ
3540 4906 3651 4976 ἐρῶ
3706 4910 3853 4959 κατὰ
3909 4909 4012 4960 τὸν

2388 4997 2703 5066 ἱκνούμενον
2727 4994 2903 5061 λόγον.
2934 4994 2998 5045 ’0
3024 4991 3179 5055 εἰδὼς
3201 4993 3262 5045 οὐ
3290 4993 3449 5061 λέγω,
3507 4993 3582 5056 ῶς
3629 4993 3768 5065 μηδὲ
3830 4996 4011 5048 dato-3-

1946 5142 1953 5149 ο
2020 5118 2249 5173 VARIZE
2288 5112 2690 5171 LECTIONES.

788 5238 830 5267 “
853 5235 1069 5290 ἀνύτειν
1103 5238 1173 5291 B:
1201 5237 1450 5291 ἀνύττειν
1483 5255 1543 5301 ς.
1652 5237 1694 5268 ⁸⁸
1723 5238 1817 5290 καὶ
1868 5238 1992 5295 add.
2021 5240 2084 5290 Α.

2190 5237 2231 5266 ¹⁶
2256 5235 2339 5290 Cf.
2382 5234 2578 5288 Suidas
2611 5248 2665 5285 v.
2700 5232 2942 5297 Μαρῖνος
2971 5221 3145 5291 οὗτος.

3257 5228 3300 5262 ¹⁷
3332 5225 3711 5297 δοξασμάτων]
3732 5297 3740 5298 7
3768 5225 3876 5296 δρα
3884 5228 4003 5298 μά-

711 5322 816 5359 των
850 5306 1043 5360 Suidas
1070 5326 1121 5361 v.
1156 5309 1416 5377 Εὑρετής.
1492 5297 1537 5379 ξι
1560 5305 1837 5379 ἀλήθειαν]
1862 5310 2118 5379 ἀλήθειαν
2145 5307 2240 5379 καὶ
2274 5304 2646 5379 ἀποκρύπτων
2673 5302 2787 5379 id.“
2819 5301 2972 5379 γα·
2995 5300 3192 5379 βυίιιίιε
3208 5314 3267 5379 y-
3313 5298 3693 5367 Ἀγχίσποροςν
3730 5297 4004 5379 ’δμήκίμ

711 5395 819 5439 νον,
849 5378 1174 5447 Ηολυῄκοος,
1251 5379 1300 5448 ιον
1333 5380 1459 5430 ἰδεῖν
1486 5378 1677 5432 Suidas
1710 5395 1758 5430 v.
1796 5378 2077 5448 Ιιρύσοιτο.

717 5444 1161 5501 lli-insterhusius
1188 5450 1252 5501 ad
1285 5447 1488 5501 Pollnc.
1516 5462 1631 5512 vm,
1664 5448 1788 5510 104,
1824 5444 1877 5501 et
1916 5447 2191 5509 Leichius,
2220 5462 2270 5513 p.
2302 5444 2409 5497 Vll.

1715 5518 1759 5556 ³⁸
1783 5518 2120 5570 ἀπετέτακτο
2150 5512 2233 5570 Α(
2283 5520 2327 5552 ³⁸
2355 5512 2700 5582 πραττόμενα
2748 5528 2808 5573 ς.

714 5517 846 5581 uio-3
874 5535 1015 5580 τινος
1042 5518 1205 5589 ὀρθὴν
1232 5520 1499 5588 ἀγομένου
1554 5536 1612 5581 ς.

2186 5378 2229 5407 ἰ
2258 5367 2456 5443 σαθρὸν
2486 5377 2526 5424 Α
2576 5388 2700 5425 cum
2756 5370 2956 5443 Suida:
2989 5367 3279 5443 θησαυρὸνΔ
3307 5385 3345 5443 ςς
3400 5377 3762 5443 correxerunt
3804 5371 4003 5443 etiam

2511 5452 2555 5482 η
2598 5443 2826 5494 alterum
2857 5442 2883 5491 ὁ
2922 5436 3128 5493 υιιιζΒ.
3178 5436 3181 5437 ⁷
3235 5436 3281 5469 ’³
3320 5438 3605 5507 ὁρωμένην
3648 5453 3710 5500 ς.
3799 5438 3847 5469 ³⁸
3898 5454 4003 5490 τυ.

778 5678 854 5742 (5)
888 5679 1056 5749 Cujus
1091 5691 1144 5736 et
1196 5681 1362 5735 vitam
1391 5678 1628 5734 Marinus
1658 5677 1990 5748 Neapolites,
2027 5694 2146 5749 qua:
2186 5605 2755 5742 υὲηῼαιιίιῖυιιεειηνδίι
2780 5688 2896 5741 sup.
2936 5672 3053 5727 cod.
3092 5670 3211 5725 181.
3240 5668 3373 5726 Vide
3408 5669 3627 5725 Suidam
3656 5668 3709 5723 in
3742 5666 3999 5725 Marino.
