4206 6436
240 373 378 438 ιῖϐῐ

231 502 324 539 σαι
392 483 619 550 ὢφελον.
701 481 761 534 ’0
824 480 883 533 δὲ
947 478 1195 542 Λεόντιος

230 575 359 627 σθαι
400 575 521 613 ”-"
571 569 803 641 νομίζων
853 570 1034 625 οἴκαδε
1083 568 1308 639 ὲπανῄει
1355 570 1492 641 μετά
1543 569 1665 640 [551
1717 566 1812 638 IL]

233 661 550 732 παρρησίας
614 658 849 728 ἀτυχοῦς
911 660 1005 711 καὶ
1058 658 1479 727 κακοδαίμονος,
1536 660 1596 710 οὺ
1655 657 1812 709 πλου-

228 754 404 821 τήσας
455 752 573 803 οὐδὲ
624 747 840 813 σωθεὶς,
895 749 970 811 ὼς
1000 746 1160 817 ᾤετο,
1214 748 1350 801 ἀλλά
1382 749 1677 818 σημιωθεὶς
1714 747 1813 817 μὲν

229 842 514 905 εὐσεϐείας
553 839 853 908 θεοφιλοῦς,
904 838 1251 908 πανωλεθρίᾳ
1278 840 1335 891 δὲ
1362 838 1458 908 τὴν
1488 840 1666 908 ψυχὴν
1699 839 1813 889 δια-

232 934 485 1003 φθαρείς.
552 933 609 984 Ὀ
664 932 766 1002 μὲν
798 927 890 984 οὖν
919 931 964 962 ³³
994 929 1137 982 οὕτω
1163 929 1447 999 διήντλησε
1491 931 1667 982 πάντα
1723 929 1815 980 τὸν

234 1022 355 1092 βίον
386 1024 444 1075 ὲν
480 1024 806 1091 συμφοραῖς.
840 1020 1025 1082 Οὐδεὶς
1055 1020 1099 1071 δ’
1132 1019 1303 1081 οὕτως
1333 1014 1401 1089 ἦν
1442 1019 1538 1089 τὴν
1566 1019 1743 1088 ψυχὴν
1769 1020 1812 1050 ³ο

228 1114 523 1183 ἀτεράμων
551 1114 642 1164 καὶ
665 1112 958 1183 βάρϐαρος,
995 1112 1054 1175 ὃς
1088 1111 1186 1164 οὐκ
1204 1110 1447 1163 ἐπείθετο
1478 1111 1520 1142 ³¹
1550 1110 1645 1163 καὶ⁵
1674 1128 1814 1162 κατ-

232 1204 484 1271 εκηλείτο
509 1205 619 1263 τοῖς
655 1202 763 1256 ἀπὸ
792 1202 888 1255 τοῦ
924 1201 1068 1273 ίεροῦ
1100 1202 1365 1270 πόματος
1396 1201 1601 1253 ἐκείνου
1634 1202 1816 1271 ῥέουσι

232 1295 417 1361 λόγοις
448 1311 465 1325 ο
495 1294 669 1347 τοιάδε
690 1312 772 1358 τις
805 1294 1113 1361 ἐπεκάθητο
1151 1292 1322 1345 πειθὼ
1353 1292 1695 1373 τοῖςιχείλεσι
1722 1290 1815 1342 τοῦ

231 1386 451 1455 ἀνδρὸς,
481 1384 645 1457 [ΙΟῊ
676 1382 769 1456 IL]
811 1386 910 1437 οὐκ
956 1384 1293 1453 ἀνθρώπειόν
1334 1401 1388 1436 τι
1438 1383 1650 1453 χρῆμα,
1682 1382 1817 1434 ἀλλὰ

235 1476 534 1545 θειότερον.
568 1475 734 1528 Φύσιν
765 1476 1113 1543 ἀξιάγαστος,
1161 1475 1331 1544 μέγας
1389 1476 1485 1542 μὲν
1537 1473 1600 1525 τὸ
1657 1472 1816 1540 σῶμα

231 1568 332 1620 καὶ
361 1569 614 1637 εὐμήκης
648 1567 799 1629 ἰδεῖν,
833 1567 995 1628 καλὸς
1032 1566 1087 1618 δὲ
1120 1566 1213 1618 καὶ
1238 1563 1442 1632 ἀγαθὸς
1466 1562 1565 1633 τὴν
1596 1563 1639 1595 ³⁸
1670 1562 1812 1629 ὄψιν,

228 1660 334 1727 τῆς
389 1660 433 1712 δ’
483 1660 699 1730 ἡλικίας
737 1663 793 1713 ὲν
838 1659 915 1729 τῷ
956 1658 1353 1728 φρονιμωτάτῳ
1384 1658 1503 1709 τότε
1556 1653 1812 1723 γεγονὼς,

233 1749 493 1818 εύόμιλός
518 1767 580 1802 τε
618 1749 712 1802 καὶ
737 1750 885 1819 ἡδὺς,
918 1749 1098 1810 ἱκανὸς
1123 1748 1215 1800 καὶ
1258 1746 1533 1814 ὠφέλιμος
1577 1746 1683 1806 τοῖς
1730 1744 1816 1794 ὲν-

1300 372 1818 432 BlBLIl‘lTIiECA.
1848 394 1873 404 ο

1281 479 1481 549 ἄριστα
1546 476 1821 547 βεϐουλεῦ-

1930 479 2038 544 hat,
2070 494 2194 533 cum
2230 480 2440 536 dicendi
2482 480 2733 536 libertate
2786 479 2982 535 infelici
3036 495 3101 535 ac
3161 481 3492 536 inl‘ortunata

1933 371 2097 432 COD.
2127 374 2401 434 CCXLII.
3348 362 3488 428 1262

1918 568 2133 621 domum
2171 569 2412 631 revertit,
2435 585 2609 637 neque
2639 571 2788 626 dives
2811 570 3008 636 factus,
3060 584 3159 624 nec
3217 583 3490 637 serVatus,

1918 668 1973 710 ut
2008 658 2249 725 putabat,
2274 662 2371 715 sed
2398 661 2579 715 divina
2601 664 2843 730 privatus
2863 662 3082 729 pietate,
3107 661 3291 717 animo
3307 677 3496 716 corru-

1921 748 2165 813 ptissimo
2204 762 2269 801 ac
2299 747 2669 815 perditissimo
2698 747 2816 799 fuit.
2883 747 2982 800 Sic
3027 747 3246 815 quidem
3275 760 3491 800 omnem

1919 838 2081 890 vitam
2136 838 2188 891 in
2225 836 2537 892 infortuniis
2575 839 2855 905 transegit.
2888 837 3056 891 Nemo
3102 838 3238 892 adeo
3295 836 3491 889 immiti

1919 926 2017 980 fuit
2060 928 2239 981 animo
2293 937 2346 981 et
2386 928 2642 993 barbaro,
2683 929 2774 997 qui
2822 943 2979 982 sacro
3033 927 3220 982 lsidori
3279 927 3349 981 ab
3397 942 3495 980 ore

1918 1016 2097 1070 verbis
2132 1018 2473 1071 manantibus
2500 1032 2604 1071 non
2638 1032 2925 1086 persuasus
2960 1018 3066 1072 fuit
3106 1027 3160 1071 et
3196 1017 3494 1087 mitigatus,

1920 1108 2039 1161 talis
2072 1108 2123 1161 in
2155 1108 2317 1163 labris
2358 1108 2458 1162 viri
2491 1108 2759 1163 insidebat
2778 1108 3017 1172 suadela,
3053 1122 3159 1163 non
3191 1108 3492 1161 humanum

1918 1213 2070 1265 opus,
2110 1197 2201 1251 sed
2238 1198 2502 1263 divinum,
2528 1208 2720 1251 natura
2754 1212 2852 1252 sua
2881 1198 3245 1251 admiratione
3298 1197 3492 1266 dignus

1920 1296 2052 1339 erat.
2082 1284 2294 1355 Ingenti
2330 1286 2545 1353 quidem
2574 1300 2802 1351 corpore
2829 1293 2883 1339 et
2921 1285 3202 1354 spectabili
3252 1286 3496 1353 proceri-

1921 1384 2048 1437 tate,
2080 1376 2193 1427 visu
2212 1374 2437 1442 pulcher
2457 1384 2511 1429 et
2530 1374 2729 1438 facilis,
2758 1374 2823 1428 ad
2852 1384 3118 1428 maturam
3140 1383 3352 1429 mtatem
3372 1388 3493 1426 cum

1919 1466 2273 1532 pervenisset,
2326 1466 2499 1520 comis
2532 1476 2587 1520 et
2614 1466 2821 1529 suavis,
2851 1467 3191 1531 commodus,
3227 1476 3281 1520 et
3321 1464 3493 1519 collo-

1920 1557 2210 1622 quentibus
2264 1557 2464 1611 utilis:
2503 1557 2757 1612 mediocri
2816 1571 2915 1610 nec
2968 1555 3199 1611 delicato
3257 1572 3385 1610 usus
3411 1566 3496 1611 est

1917 1647 2057 1709 cibo,
2086 1661 2256 1716 neque
2277 1656 2496 1717 prepter
2508 1657 2870 1717 paupertatem
2890 1649 3069 1711 noxio,
3092 1663 3267 1716 neque
3284 1658 3499 1717 propter

1919 1738 2132 1791 divitias
2154 1739 2409 1807 opiparo:
2447 1740 2541 1793 sed
2569 1748 2623 1793 et
2648 1740 2909 1793 musicam
2941 1739 3185 1793 adhibuit
3221 1749 3494 1808 tempera-

230 1840 587 1908 τυγχάνουσι.
621 1842 730 1894 Καὶ
756 1839 852 1909 τὴν
880 1840 922 1871 ³⁸
956 1838 1159 1909 τροφὴν
1197 1837 1549 1908 ἐκληρώσατο
1581 1835 1808 1905 μετρίαν

1922 1828 2400 1900 ωηι,ει[)οι·ἱσο(ϐ)
2426 1832 2584 1886 modo
2610 1846 2793 1885 revera
2818 1833 3302 1885 accommodatam.
3340 1830 3501 1886 Solus

229 1931 356 1981 τινα
387 1932 480 1982 καὶ
508 1931 801 1999 ἄθρυπτον,
831 1929 953 1981 οὕτε
997 1926 1411 1999 κακουργοῢσαν
1454 1928 1540 1980 διὰ
1596 1925 1807 1990 πενίαν,

234 2022 365 2075 οὔτε
395 2023 483 2075 διὰ
514 2020 742 2073 πλοῦτον
773 2020 1161 2089 βλακεύουσαν,
1188 2019 1323 2072 ἀλλὰ
1360 2018 1531 2087 μέσην
1560 2017 1653 2069 καὶ
1682 2031 1811 2083 μου·

233 2114 420 2183 σικὴν,
452 2112 542 2165 τδν
592 2112 635 2143 ⁸³
683 2112 886 2181 Δώριον
914 2112 1113 2181 τρόπον
1142 2111 1188 2142 ³⁵
1225 2110 1327 2179 τῆς
1351 2110 1518 2179 τύχης
1560 2108 1603 2139 ³⁸
1652 2107 1727 2167 ὼς
1778 2104 1821 2136 "

1914 1918 2027 1986 ipse
2056 1920 2486 1986 interhomines,
2510 1936 2645 1990 quos
2666 1922 2970 1975 audivimus
3004 1962 3017 1983 ,
3050 1922 3331 1990 antiquum
3366 1938 3498 1992 pro-

1925 2009 2172 2063 verbium
2211 2009 2289 2082 (7)
2323 2026 2380 2066 re
2411 2011 2529 2081 ipsa
2582 2013 2848 2083 coarguit,
2885 2027 2989 2066 non
3032 2012 3345 2082 juvenibus,
3405 2013 3501 2067 sed

1929 2101 2148 2157 senibus
2178 2118 2242 2158 ac
2270 2119 2461 2159 senum
2490 2120 2782 2175 congressu
2812 2105 3206 2160 delectabatur.

231 2205 450 2275 ἀληθῶς
498 2207 873 2275 ἡρμοσμένην.
914 2205 1086 2267 Μόνος
1117 2204 1173 2256 δὲ
1208 2202 1535 2271 ἀνθρώπων,
1569 2193 1642 2253 ὧν
1671 2199 1807 2267 ἀκοῇ
1849 2194 2026 2263 ίσμεν.
2084 2194 2183 2265 τὴν
2247 2196 2481 2251 παλαιὰν
2526 2198 2826 2269 παροιμίαν
2879 2197 2924 2229 ³⁸
2974 2196 3123 2268 ἔργω
3188 2197 3501 2269 διήλεγξεν,

230 2298 332 2365 οὐχ
356 2294 556 2365 ἥλιξι-Ι,
594 2294 729 2347 ἀλλὰ
764 2294 1091 2364 πρεσϐύταις
1118 2295 1210 2345 καὶ
1232 2292 1610 2363 πρεσϐυτικοῖς
1635 2287 1812 2354 λόγοις
1849 2283 2202 2355 τερπόμενος.

306 2393 495 2454 Είποις
521 2390 564 2443 δ’
592 2390 657 2443 ἂν
685 2391 779 2443 καὶ
823 2392 982 2458 μόνος
1012 2388 1313 2457 ἀνθρώπων
1338 2388 1434 2451 οὓς
1478 2387 1618 2458 ἀκοὴ
1662 2386 1821 2455 ἔσχεν

232 2484 266 2553 ἢ
300 2482 443 2551 ἔγνω
466 2499 479 2511 ⁸
508 2482 541 2550 ἢ
594 2481 687 2535 καὶ
730 2481 921 2544 οὕτως,
967 2480 1015 2534 οἳ
1054 2482 1188 2551 πρὸς
1230 2481 1401 2550 ἀκοὴν
1441 2475 1607 2551 ἦλθον
1636 2521 1652 2544 ,
1681 2481 1714 2550 ἢ
1748 2477 1824 2534 ὧν

234 2579 317 2639 εἰς
349 2577 655 2645 κατάληψιν
709 2574 844 2645 ἀκοὴ
875 2570 1035 2645 ἧκεν,
1082 2574 1114 2642 ἢ
1144 2573 1237 2637 οὓς
1266 2574 1335 2625 δι’
1360 2575 1528 2643 ἀκοῆς
1573 2575 1751 2642 ἴσμεν,
1784 2575 1818 2643 ἦ

230 2665 335 2728 οὒς
380 2664 639 2726 διασώζει
694 2663 965 2735 μνήμη,ἢ
1020 2662 1112 2725 οὓς
1142 2664 1239 2715 οὐκ
1293 2663 1485 2717 ἔσϐεσε
1537 2665 1697 2734 λήθη,
1732 2666 1824 2718 καὶ

235 2758 413 2810 πολλά
446 2754 691 2809 τοιαῦτα.

312 2826 439 2877 Ὀτι
468 2825 735 2893 φυλακεῖα
763 2823 812 2875 οί
868 2822 1233 2894 Ἀλεξανδρεῖς
1272 2824 1501 2878 ἐκάλουν
1533 2826 1601 2879 τὰ
1646 2825 1820 2895 ἐκμα-

237 2914 365 2979 γεῖα
406 2914 512 2964 τῶν
554 2912 880 2978 γυναικείων
912 2914 1225 2982 μολυσμῶν.
1260 2915 1372 2966 Οὐκ
1404 2910 1472 2983 ἦν
1510 2914 1567 2967 δὲ
1602 2917 1822 2985 γνήσιος

236 3006 265 3055 ὀ
298 3004 498 3071 γάμος,
530 3005 577 3055 εί
611 3002 686 3073 μὴ
711 3006 739 3055 ό
767 3004 943 3073 ἱερεὺς
974 3005 1001 3055 ὁ
1046 3005 1143 3071 τῆς
1180 3004 1301 3057 θεοῦ
1336 3006 1391 3057 ὲν
1421 3008 1529 3064 τοῖς
1566 3008 1823 3074 γαμικοῖς

240 3092 597 3161 συμϐολαίοις
631 3092 1020 3163 ὑπεσημήνατο
1042 3094 1184 3163 χειρὶ
1214 3096 1279 3163 τῇ
1314 3093 1527 3147 ἑαυτοῦ.
1573 3096 1694 3148 Ὅτι
1726 3095 1821 3147 Ἱε-

2024 2378 2259 2448 Dixeris,
2288 2390 2341 2437 et
2399 2383 2545 2437 solus
2591 2383 2729 2438 inter
2785 2383 3031 2439 homines
3082 2398 3220 2454 quos
3272 2384 3501 2452 audivit,

1930 2470 2012 2525 vel
2041 2472 2314 2542 cognovit,
2344 2472 2426 2527 vel
2456 2474 2618 2529 etiam
2633 2474 2733 2539 sic,
2766 2475 2856 2544 qui
2886 2478 2952 2529 ad
2988 2474 3183 2529 famam
3214 2486 3503 2539 venerunt,

1930 2564 2013 2618 vel
2040 2580 2269 2633 quorum
2321 2567 2461 2620 fama
2503 2568 2757 2631 innotuit,
2819 2568 2924 2633 vel,
2955 2583 3090 2637 quos
3146 2568 3287 2623 fama
3346 2572 3506 2624 novi-

1931 2670 2071 2720 mus,
2111 2670 2247 2725 quos
2280 2657 2538 2711 memoria
2562 2660 2817 2724 servavit,
2853 2658 2938 2713 vel
2968 2673 3106 2727 quos
3142 2658 3345 2715 oblivio
3378 2674 3487 2715 non

1931 2745 2148 2810 delevit,
2177 2746 2390 2816 aliaque
2420 2748 2642 2802 similia.

1998 2836 2347 2888 Alexandrini
2389 2850 2597 2905 pannos
2630 2836 2870 2891 sordium
2918 2837 3263 2893 muliebrium
3319 2842 3500 2895 nomi-

1930 2922 2135 2975 nabant
2166 2919 2449 2992 Phylacea.
2501 2920 2618 2976 Non
2652 2934 2809 2977 erant
2846 2927 3100 2993 legitima:
3148 2930 3369 2998 nuptiae,
3401 2930 3506 2984 nisi

1927 3010 2180 3065 sacerdos
2210 3010 2293 3064 dei
2324 3012 2664 3066 matrimonia
2700 3027 2859 3066 manu
2905 3029 3003 3068 sua
3062 3025 3325 3071 notasset.
3382 3016 3511 3071 Hie-

1928 3100 2119 3165 rocles,
2155 3101 2243 3169 qui
2278 3101 2491 3156 scholas
2517 3102 2855 3158 Alexandria:
2882 3104 3135 3170 instituit,
3166 3118 3421 3164 constans
3453 3118 3511 3164 et

243 3184 446 3252 ροκλῆς
494 3184 537 3216 ³⁹
585 3185 613 3236 ὁ
650 3184 748 3247 τὰς
784 3187 840 3236 ὲν
893 3184 1267 3255 Ἀλεξανδρείᾳ
1295 3186 1577 3256 διατριϐάς
1627 3186 1821 3258 ὑψηλο

1937 3190 2252 3259 magniﬁcus
2276 3191 2563 3247 excellenti
2598 3193 2811 3263 ingenio
2848 3203 2901 3249 et
2929 3194 3182 3251 facundia
3212 3199 3506 3268 pulcherri-

238 3272 490 3343 φροσύνῃ
517 3274 609 3324 καί⁸
645 3273 1023 3344 μεγαληγορίᾳ
1056 3276 1360 3343 κοσμήσας,
1413 3276 1553 3344 μετὰ
1599 3274 1692 3327 τοῦ
1735 3291 1827 3326 σε·

240 3361 379 3413 τττοῦ
406 3360 451 3391 ⁸⁸
474 3362 565 3412 καὶ
605 3362 1051 3431 μεγαλοπρεποῦς
1084 3361 1277 3433 εύρους
1306 3364 1347 3394 δί
1369 3380 1425 3415 τε
1464 3365 1559 3433 τὴν
1588 3364 1829 3417 διάνοιαν

239 3452 322 3512 εἰς
374 3450 686 3521 ὑπερϐολὴν
722 3446 790 3519 ἦν
841 3450 923 3515 ⁵⁸,
976 3452 1069 3503 καὶ
1118 3452 1385 3522 διαφέρων
1408 3453 1706 3523 εὐγλωττίᾳ
1735 3455 1827 3505 καὶ

240 3542 473 3611 εὐπορίᾳ
518 3541 624 3594 τῶν
655 3542 953 3593 καλλίστων
981 3542 1257 3611 ὀνομάτων
1292 3544 1383 3595 καὶ
1405 3543 1662 3614 ῥημάτων
1694 3560 1795 3596 κατ
1814 3572 1826 3579 -

240 3632 478 3699 ἐπληττε
528 3631 775 3700 πανταχῆ
824 3632 869 3663 ’⁵³
917 3634 1041 3694 τοὺς
1090 3634 1498 3702 ἀκροωμένους,
1541 3635 1677 3702 πρὸς
1731 3634 1828 3703 τὴν

246 3722 539 3784 Πλάτωνος
600 3722 972 3791 ἁμιλλώμενος
1024 3723 1110 3774 ἀεὶ⁴
1170 3722 1682 3795 καλλιρρημοσύνην
1734 3725 1828 3776 καὶ

246 3812 561 3864 πολύνοιαν.
616 3805 785 3875 Οὗτός
825 3829 953 3863 ποτε
1002 3813 1092 3864 τδν
1124 3813 1405 3877 Πλάτωνος
1438 3814 1667 3883 Γοργίαν
1716 3817 1827 3876 τοῖς

246 3902 488 3971 ἑταίροις
520 3901 770 3969 ἐξηγεῖτο
794 3918 808 3932 ·
842 3896 921 3961 εἷς
950 3904 1007 3954 δὲ
1036 3919 1119 3965 τις
1160 3903 1267 3956 τῶν
1301 3905 1603 3973 ἀκροατῶν,
1633 3904 1828 3959 Θεοσέ-

244 3993 385 4056 ϐιος,
446 3994 804 4061 ἀπεγράψατο
858 3993 903 4023 ⁸⁸
946 3994 1044 4061 τὴν
1092 3993 1369 4062 ἐξήγησιν.
1430 3994 1597 4047 Πάλιν
1644 3995 1703 4047 δ’
1743 3989 1828 4047 οἷα

246 4083 417 4145 είκὸς,
468 4083 530 4134 ἐκ
577 4082 829 4151 δευτέρου
858 4082 949 4135 τοῦ
986 4084 1310 4150 Ἱεροκλέους
1339 4086 1418 4146 είς
1446 4085 1538 4137 τὸν
1596 4084 1826 4155 Γοργίαν

250 4173 737 4241 καταϐαλλομένου
791 4174 930 4241 μετά
972 4191 1094 4225 τινα
1136 4174 1327 4243 χρόνον
1356 4175 1454 4245 τὴν
1496 4175 1752 4245 ἐξήγησιν
1802 4178 1831 4229 ὁ

248 4264 422 4327 αὐτὸς
482 4265 686 4333 ταύτην
720 4264 1098 4334 ἀπεγράψατο,
1134 4267 1229 4317 καὶ.
1279 4264 1733 4337 ἀντιπαραϐαλὼν
1783 4268 1829 4299 ⁸⁸

246 4355 319 4407 τὰ
370 4354 613 4423 πρότερα
660 4356 755 4407 καὶ
802 4354 872 4405 τὰ
904 4354 1103 4425 ὕστερα
1132 4348 1290 4424 εὗρεν
1328 4356 1481 4408 οὐδὲν
1513 4357 1623 4408 τών
1652 4357 1830 4410 αὐτῶν

248 4446 327 4506 ὡς
353 4444 482 4505 ἔπος
512 4446 701 4506 εἰπεῖν,
735 4443 973 4511 ἑκάτερα
1001 4444 1058 4495 δὲ
1101 4444 1271 4512 ὅμως,
1314 4444 1343 4497 ὃ
1391 4446 1486 4497 καὶ
1519 4446 1829 4514 παράλογον

249 4532 507 4597 ἀκοῦσαι,
542 4533 639 4598 τῆς
682 4532 967 4594 Πλάτωνος
1014 4533 1249 4601 ἐχόμενα
1281 4533 1401 4586 καθ’
1437 4535 1559 4586 ὅσον
1606 4529 1718 4588 οἷόν
1771 4553 1828 4587 τε

249 4623 649 4694 προαιρέσεως.
699 4623 885 4691 Τούτῳ
924 4623 970 4655 ⁸⁸
1024 4624 1121 4692 μὲν
1178 4624 1271 4677 οὖν
1320 4626 1688 4681 ἐπιδείκνυται
1735 4629 1827 4682 τοῦ

246 4716 445 4784 ἀνδρὸς
476 4714 661 4783 ήλίκον
684 4710 752 4784 ἦν
786 4715 895 4783 ἄρα
931 4715 992 4766 τὸ
1039 4715 1147 4767 τῶν
1191 4716 1406 4784 φρενῶν
1438 4718 1691 4785 πέλαγος.
1726 4720 1825 4773 Γυ-

247 4807 414 4857 ναῖκα
447 4804 761 4857 παιδοποιὸν
790 4806 1003 4872 ἄγεται.
1053 4804 1139 4866 Ὠς
1162 4804 1207 4855 δ’
1232 4806 1332 4858 οὐκ
1370 4807 1617 4861 ἐπείθετο
1638 4810 1695 4861 τὸ
1716 4810 1827 4862 δαι-

251 4896 437 4965 μόνιον
488 4896 587 4963 τῆς
633 4896 889 4962 γυναικὸς
933 4894 1167 4960 ἐξελθεῖν
1217 4895 1395 4963 λόγοις
1426 4901 1821 4973 ἡμερωτέροις,

1936 3296 2142 3333 morum
2177 3283 2480 3347 nominum,
2505 3292 2560 3337 et
2606 3286 2895 3339 verborum
2924 3284 3185 3343 facilitate
3242 3298 3297 3344 et
3326 3292 3506 3358 copia,

1935 3372 1986 3423 in
2019 3374 2100 3423 sui
2136 3373 2555 3428 admirationem
2607 3375 2882 3429 auditores
2924 3376 3195 3446 rapiebat,
3226 3393 3348 3433 cum
3386 3379 3510 3434 Pla-

1936 3462 2077 3515 tonis
2105 3464 2351 3518 oratione
2375 3473 2600 3519 venusta
2628 3475 2685 3519 et
2712 3466 2866 3519 docta
2907 3481 3123 3534 semper
3148 3473 3505 3527 contendens.

1936 3550 2033 3604 llic
2061 3550 2349 3621 aliquando
2383 3551 2624 3607 Platonis
2656 3552 2907 3623 Gorgiam
2961 3556 3128 3609 sociis
3174 3558 3507 3626 explicabat.

1938 3642 2085 3697 Unus
2142 3657 2272 3697 vero
2320 3645 2628 3697 auditorum
2697 3642 3031 3700 Theosebius
3086 3648 3503 3715 explicationem

1933 3733 2239 3801 descripsit.
2273 3733 2474 3789 lterum
2494 3749 2640 3799 vero,
2673 3744 2730 3789 ut
2754 3736 3050 3790 verisimile
3073 3749 3176 3801 est,
3208 3743 3509 3795 secundam

1932 3825 2342 3893 explicationem
2396 3824 2663 3881 Hieroclis
2759 3825 3015 3897 Gorgiam
3074 3828 3274 3900 339a
3335 3835 3511 3903 expli-

1933 3916 2107 3970 cantis
2131 3924 2254 3984 post
2285 3916 2499 3985 aliquod
2537 3926 2748 3987 tempus
2797 3918 3050 3975 similiter
3098 3920 3411 3989 descripsit,
3447 3936 3504 3979 et

1934 4004 2145 4058 collatis
2189 4006 2459 4072 prioribus
2488 4020 2608 4060 cum
2644 4008 2917 4071 secundis,
2944 4008 3097 4071 nihil,
3127 4019 3184 4064 ut
3209 4013 3287 4065 sic
3309 4012 3507 4079 dicam,

1934 4095 2245 4148 earumdem
2322 4095 2545 4148 invenit.
2604 4094 2844 4166 Utraque
2903 4108 3106 4164 tamen,
3172 4101 3315 4169 quod
3374 4116 3506 4157 sane

1936 4184 2119 4237 auditu
2155 4200 2349 4237 novum
2373 4194 2477 4249 est,
2495 4185 2954 4255 Platonis,quoad
2977 4186 3093 4254 eius
3124 4189 3241 4244 fieri
3264 4202 3504 4260 poterat.

1936 4276 2239 4329 institutum
2273 4278 2601 4331 continebat.
2638 4277 2775 4332 llinc
2830 4278 3100 4348 colligitur
3155 4292 3357 4349 quanta
3408 4284 3509 4338 viri

1938 4366 2075 4418 illius
2105 4368 2156 4417 in
2189 4368 2476 4421 sententiis
2529 4369 2705 4436 copia.
2747 4366 2977 4426 Uxorem
3031 4384 3252 4441 quoque
3277 4388 3343 4427 ex
3399 4390 3510 4443 qua

1938 4458 2137 4511 liberos
2172 4459 2495 4527 susciperet,
2551 4462 2718 4524 ducit,
2778 4459 2931 4529 cujus
2983 4473 3272 4532 postquam
3300 4468 3507 4521 dmmo-

1942 4547 2086 4599 nium
2120 4549 2580 4604 mansuetioribus
2603 4550 2783 4604 verbis
2812 4552 2994 4619 egredi
3024 4564 3325 4620 recusaret,
3347 4556 3509 4626 jura-

1942 4639 2138 4691 mentis
2162 4638 2290 4691 illud
2320 4637 2675 4705 Theosebius,
2707 4644 2958 4710 quamvis
3006 4660 3105 4699 nec
3149 4648 3341 4717 magia:
3360 4660 3508 4705 esset

1951 4728 2179 4795 peritus,
2222 4741 2321 4782 nec
2366 4728 2626 4783 miracula
2662 4742 2955 4799 patrasset,
3007 4732 3161 4788 exire
3224 4738 3503 4806 compulit.

1938 4820 2148 4872 Iuravit
2175 4818 2303 4873 solis
2346 4820 2526 4874 radios
2554 4822 2912 4889 praetendens,
2966 4839 3063 4891 per
3084 4825 3249 4880 Deum
3284 4827 3511 4885 llebrte-

1936 4924 2088 4960 nrnm
2129 4908 2226 4978 (8).
2273 4908 2489 4964 Daemon
2545 4924 2674 4965 vero
2701 4913 2959 4981 expulsus
3005 4925 3091 4970 est
3139 4916 3401 4985 clamans,
3448 4936 3511 4977 se

1512 4990 1742 5050 νΑιιιΑε
1778 5000 2176 5055 LECTIONES.

347 5079 467 5113 ναι
496 5080 523 5130 ὁ
645 5107 709 5117 _

249 5148 525 5220 βάρϐαρος
550 5161 619 5220 P9

253 5214 453 5275 Su'idas
479 5234 530 5274 ν.
552 5214 896 5285 ⁷”Δθρυπτος.
990 5215 1034 5253 ιδ
1068 5214 1307 5285 τὸνὶέκαὶ
1337 5218 1426 5269 τὸν
1461 5220 1619 5275 idem.
1696 5225 1740 5255 ⁸⁸
1773 5242 1803 5278 τ

784 5074 1129 5128 εϐουλεῦσθαι
1165 5076 1239 5128 A:
1292 5078 1412 5130 οὐδὲ
1468 5082 1880 5143 -βουλεύεσοαι

624 5145 702 5217 nit
728 5144 787 5199 Β.
855 5145 897 5175 ³¹
946 5144 1212 5217 ἐπείθετο]
1241 5146 1490 5217 ὲτέγγετο
1517 5150 1799 5210 Ruhnken.
1820 5144 1959 5213 Tim.

1941 5108 1999 5155 ς.
2077 5085 2243 5173 ῗχλῦν
2275 5098 2505 5173 etnmos
2536 5092 2759 5173 B‘nadd.
2819 5095 2885 5148 Α.
3028 5094 3127 5173 τὴν
3171 5098 3350 5173 ψυχὴν
3388 5116 3509 5173 past

1991 5175 2043 5228 Ρ·
2083 5160 2380 5244 2⁴.εέ⁰λ-³’
2438 5161 2617 5244 τῂγηθ
2660 5164 2881 5244 A945-
2938 5160 3413 5244 ."xéks'iifl'sii‘v
3448 5174 3507 5227 δὲ

1807 5229 1971 5317 ξάξον
1994 5227 2350 5317 hortata???
2370 5227 2521 5317 ιοιιῖι
2541 5230 2613 5315 ,ιξο
2689 5232 2734 5265 ³⁸
2761 5234 2860 5317 τῇς
2890 5231 3184 5317 «mea:
3206 5227 3384 5317 ειγῑιῆέ
3436 5244 3478 5317 Α

248 5306 363 5345 Ulli.
398 5288 637 5379 Somn-as.-
686 5284 969 5379 diiungi:
999 5285 1107 5379 A.n
1147 5287 1203 5379 ξ’.
1363 5287 1559 5379 Suidas
1590 5307 1639 5345 v.
1672 5284 1835 5379 *Ηλιξ
1866 5284 2052 5379 ﬁlix}.
2090 5300 2171 5379 οη
2203 5284 2284 5350 δ’τι
2308 5284 2636 5379 όξρεροκλῆς
2667 5319 2727 5379 ς.
2778 5284 2857 5332 7"“-
2885 5284 3411 5379 “ES-3']:

250 5357 659 5440 Cllm'ISlIldl‘V.
698 5353 991 5440 ξίεροκλῆςο
1046 5354 1377 5440 ξῦῤῥξυς
1529 5375 1652 5439 ctuti
1697 5353 1908 5423 eudém'.
1986 5370 2032 5402 ⁵⁸
2088 5364 2157 5440 ἦν
2192 5383 2301 5422 om.
2363 5353 2579 5427 suidas.

251 5427 536 5498 ιγράψατο
556 5426 619 5479 Δ.
696 5425 742 5457 ⁵⁸
772 5424 1250 5495 ἀντιπαραϐάλλων
1281 5426 1341 5480 Β.
1416 5428 1462 5458 ⁸⁸
1492 5428 1650 5484 τοῦτο
1679 5450 1737 5497 ς.

2674 5374 2722 5412 ⁸³
2761 5372 3031 5441 πανταχοῦ
3087 5372 3261 5433 idem.
3311 5381 3361 5413 “
3402 5384 3505 5437 έπ-

1785 5522 2013 5584 NOTAE.

327 5608 406 5675 (6)
449 5606 645 5664 Suidas
670 5610 722 5664 in
766 5610 975 5663 Dorico.

332 5681 410 5747 (7)
444 5680 607 5755 Arist.
648 5680 741 5735 lib.
773 5679 1026 5735 tlihctor.
1086 5694 1207 5749 cap.
1260 5677 1335 5733 De
1382 5680 1659 5748 raluptale,
1709 5679 1829 5755 ἧλιξ

253 5748 417 5811 ἥλικα
451 5749 657 5816 τέρπει.

2011 5619 2087 5687 (8)
2117 5618 2396 5675 Christum
2458 5621 2723 5687 intelligit.
2775 5620 2947 5678 ,ιιιδεί
2992 5625 3136 5683 enim
3186 5639 3239 5686 et
3292 5631 3504 5691 Hebraei

1937 5691 2089 5744 initio
2115 5701 2241 5745 sunt
2264 5691 2517 5761 appellati
2548 5692 2867 5750 Christiani.
