4206 6436
202 407 342 474 1Ξ65
1296 418 1819 481 BIBLIOTIIECA.
1837 446 1903 457 —
1928 420 2091 485 COD.
2128 425 2400 493 CCXL".

206 522 465 590 γὼτατον,
490 523 571 576 δτι
606 523 793 591 φασὶν,
825 524 1012 595 ἐπειδὴ
1048 526 1404 581 πεπτώκασιν
1438 531 1485 581 οἱ
1532 529 1775 599 μαχόμε-
1805 535 1852 592 Α

1805 535 1852 592 Α
1882 532 2119 602 integras
2156 549 2341 593 noctes
2375 548 2428 595 et
2456 541 2594 604 dies,
2659 542 2797 595 nihil
2832 543 3136 596 viventibus
3164 544 3446 610 pugnando

196 629 297 675 νοι,
323 613 438 674 τοῖς
458 611 703 680 σώμασιν
718 614 1066 678 ἀπειπόντες,
1080 616 1159 668 ἔτι
1183 620 1323 680 ταῖς,
1345 619 1545 688 ψυχαῖς
1566 620 1784 672 ἵσταντο

1887 618 2195 683 inferiores,
2253 640 2432 693 neque
2498 629 2766 692 manilius,
2823 644 2997 697 neque
3059 630 3261 683 animo.
3308 627 3445 682 Visae

197 701 567 769 πολεμοῦντες
621 704 714 755 ἐπὶ
758 706 907 773 τρεῖς
960 706 1173 776 ἡμέρας
1227 707 1355 768 ὅλας
1415 710 1509 759 καὶ
1556 707 1780 776 νύκτας,

1886 706 2049 776 igitur
2094 720 2145 763 et
2186 712 2383 768 audita;
2428 715 2730 769 animarum
2786 716 2971 773 forma:
3015 727 3336 787 pugnantes,
3390 726 3443 772 et

196 793 350 843 οὐδὲν
379 794 488 845 τῶν
534 793 752 855 ζώντων
805 796 883 855 εἰς
926 796 1115 861 ἀγῶνα
1163 796 1624 866 ἀπολειπόμενοι,
1657 796 1781 852 οὔτε

1780 840 1781 843 η
1886 800 2056 854 armis
2084 811 2408 870 strepentes,
2440 814 2495 859 et
2524 807 2793 875 antiquas,
2826 809 3141 877 similesque
3179 809 3441 862 bellorum

197 882 343 935 κατὰ
396 885 584 951 χεῖρας
636 881 761 935 οὔτε
810 884 951 936 κατὰ
985 884 1176 953 θυμόν.
1220 885 1463 955 Ἐωρᾶτο
1508 886 1640 954 γοῦν
1686 888 1782 940 καὶ

1883 886 2048 943 facies
2068 889 2118 942 in
2141 892 2280 945 hunc
2307 901 2479 961 usque
2493 894 2639 947 diem
2652 896 2816 951 videri
2842 898 3015 963 aiunt,
3037 898 3138 950 nisi
3160 898 3301 963 quod
3326 904 3444 949 om-

197 973 437 1042 ἠκούετο
465 974 533 1027 τά
552 973 750 1027 εἴδωλα
782 975 889 1027 τῶν
916 974 1103 1045 ψυχῶν
1128 976 1526 1046 άντιφερόμενα
1544 978 1639 1030 καὶ
1667 980 1783 1040 τοῖς

194 1063 388 1125 ὅπλοις
431 1064 901 1132 ἀπιπαταγοῠντα
926 1066 995 1118 ⁸³.
1026 1066 1136 1118 Καὶ
1167 1068 1371 1136 ἀρχαῖα
1419 1067 1476 1120 δὲ
1507 1066 1643 1121 ἀλλα
1673 1085 1783 1121 τοι-

196 1152 338 1207 αὔτα
397 1157 657 1223 φάσματα
716 1156 762 1187 ⁸⁸
816 1156 1067 1225 πολέμων
1128 1157 1289 1226 μέχρι
1350 1156 1444 1210 νῦν
1491 1159 1780 1227 φαίνεσθαί

196 1264 333 1314 φησι
352 1246 425 1309 ⁸⁸,
457 1246 597 1317 πλὴν
626 1248 709 1300 ὅτι
750 1246 923 1301 ταῦτα
951 1247 1023 1300 τά
1060 1249 1105 1279 ⁸⁸
1132 1249 1230 1318 μὶν
1258 1248 1415 1313 ἀλλα,
1447 1251 1546 1303 ὅσα
1580 1250 1782 1315 ζῶντες

194 1338 479 1407 ἂνθρωποι
528 1339 674 1392 κατά
725 1337 962 1407 πόλεμον
1010 1338 1248 1410 δρῶσιν,
1300 1340 1455 1395 οὐδὲν
1508 1342 1778 1412 ὑστερεῖν,

194 1428 538 1497 φθέγγεσθαι
555 1430 612 1482 6t
645 1429 765 1482 οὐδὲ
792 1429 836 1461 ⁸⁷
863 1430 955 1482 ἰπὶ
978 1430 1192 1501 μικρόν.
1219 1431 1330 1485 Καὶ
1353 1432 1410 1484 ἓν
1443 1432 1540 1502 μὲν
1564 1433 1783 1501 ὶπιφαί-

194 1522 389 1574 νεσθαι
430 1522 490 1573 tv
510 1520 556 1553 ⁸⁸
584 1520 664 1591 τῷ
707 1522 837 1590 περὶ
875 1522 1080 1589 Σόγδαν
1102 1522 1149 1555 ⁸⁸
1198 1524 1329 1577 ποτὲ
1372 1522 1571 1593 λίμνην
1614 1523 1781 1578 οὖσαν

192 1610 391 1679 πεδίῳ,
418 1612 703 1677 φαίνεσθαι
751 1612 795 1665 δ’
825 1613 930 1666 ὑπὸ
956 1614 1055 1681 τὴν
1086 1614 1162 1666 ἕω
1195 1614 1258 1666 τὸ
1278 1615 1324 1646 ⁷⁸
1352 1616 1562 1684 φάσμα,
1604 1616 1781 1684 φωτὸς

1885 980 1971 1033 nia
2008 981 2093 1034 llla
2124 980 2392 1048 faciendo,
2414 999 2534 1053 qua
2560 985 2664 1039 vivi
2690 986 2937 1040 homines
2958 987 3206 1039 bellando
3240 986 3440 1048 solent,

1883 1082 1953 1121 ne
1982 1083 2207 1137 parvam
2237 1072 2457 1139 quidem
2484 1074 2644 1126 edere
2690 1088 2874 1129 vocem
2910 1073 3143 1143 possint,
3199 1082 3254 1127 et
3282 1087 3449 1125 unum

1883 1167 2155 1223 spectrum
2184 1160 2398 1227 quidem
2426 1161 2595 1215 videri
2645 1162 2696 1215 in
2715 1176 2906 1230 campo
2929 1162 3082 1230 juxta
3115 1162 3319 1217 Sudam
3352 1159 3449 1231 [αι.

1884 1247 2135 1322 Soedam]
2164 1288 2179 1313 ,
2209 1251 2299 1319 qui
2318 1251 2445 1305 olim
2482 1253 2633 1322 palus
2659 1252 2801 1308 fuit:
2838 1254 3004 1309 videri
3055 1262 3234 1307 autem
3291 1266 3452 1306 mane

1884 1340 2173 1405 visionem,
2202 1356 2398 1395 aurora
2444 1342 2558 1409 jam
2596 1352 2795 1398 terram
2822 1346 3149 1401 illustrante.
3199 1342 3451 1398 Secundo

1884 1427 1936 1481 in
1960 1428 2127 1483 Cubis
2156 1443 2348 1499 campo
2383 1428 2576 1487 Cariae.
2611 1433 2688 1488 lbi
2739 1435 2884 1488 enim
2919 1448 3024 1489 non
3054 1434 3316 1501 quotidie,
3358 1433 3450 1487 sed

1884 1518 2152 1572 interdum
2202 1520 2477 1589 aliquibus
2518 1521 2728 1587 diebus,
2791 1538 2890 1580 nec
2921 1524 3027 1582 illis
3050 1524 3239 1589 certis,
3306 1522 3453 1577 circa

1882 1610 2260 1677 crepusculum
2307 1611 2635 1666 matutinum
2694 1627 2886 1667 aurora
2938 1613 3170 1675 oriente,
3206 1612 3259 1665 in
3326 1623 3454 1665 aere

193 1701 298 1770 ἠδη
334 1702 470 1773 [555
504 1702 595 1775 H.]
628 1704 727 1774 τὴν
760 1706 863 1774 γῆν
897 1705 1326 1773 ὑπαυγάζοντος.
1357 1707 1609 1778 δεύτερον
1640 1709 1684 1761 δ’
1720 1711 1780 1762 tv

1881 1696 2184 1766 frequentia
2208 1700 2513 1755 animarum
2544 1709 2759 1771 spectra
2788 1703 3098 1756 umbrarum
3124 1702 3295 1772 ligura
3314 1700 3454 1753 inter

195 1790 471 1859 Κούρϐοις
518 1793 561 1823 τί
606 1793 789 1863 χωρίῳ
817 1796 865 1826 ⁷³
915 1795 1016 1863 τῆς
1067 1796 1311 1865 Καρίας·
1353 1798 1411 1848 tv
1450 1795 1624 1867 τούτῳ
1671 1797 1779 1866 γὰρ
1813 1853 1852 1867 ᾗ

1813 1853 1852 1867 __
1882 1804 1942 1844 se
1962 1792 2259 1861 pugnantia
2290 1792 2480 1847 videri.
2505 1794 2568 1848 Et
2592 1803 2778 1848 nostra
2804 1802 3123 1864 tempestate
3151 1793 3303 1847 multi
3330 1806 3455 1845 nar-

196 1853 491 1948 φαίνεσθαι
519 1882 578 1934 οὐ
608 1853 736 1935 ’καθ’
763 1853 1011 1953 εκάστην
1055 1853 1294 1954 ἡμέραν,
1320 1886 1434 1938 ἀλλ’
1464 1853 1635 1939 ἐνίοτε
1662 1853 1780 1941 διαζ
1812 1853 1854 1913 Β

1812 1853 1854 1913 Β
1884 1891 2069 1935 rarunt
2105 1882 2350 1937 homines
2375 1885 2527 1937 bonae
2560 1884 2703 1949 lldei,
2728 1884 2878 1951 juxta
2904 1853 3147 1939 éiciliam
3184 1883 3236 1936 in
3255 1895 3446 1949 campo

194 1972 463 2027 λείποντα
490 1973 679 2039 ὀλίγας
710 1976 881 2040 τινάς,
906 1976 1026 2029 οὐδὲ
1055 1976 1365 2046 ὡρισμένας
1387 1978 1434 2010 ⁷³
1464 1994 1527 2045 γε
1553 1978 1778 2045 ταύτας,

1882 1974 2156 2027 nominato
2177 1971 2387 2045 350a
2418 1972 2796 2045 Tetrapyrgio,
2826 1985 2878 2028 et
2909 1978 2959 2029 in
2987 1975 3108 2028 aliis
3132 1990 3237 2029 non
3264 1970 3456 2042 paucis

196 2061 329 2129 περὶ
369 2062 569 2132 api)va
626 2065 731 2128 ἕως
762 2066 911 2135 ἡλίου
950 2066 1208 2136 λαμπρᾶς
1241 2069 1507 2137 ἀνατολῆς
1548 2070 1606 2121 tv
1659 2070 1781 2138 ἀέρι

1882 2064 2014 2120 locis
2049 2065 2216 2119 videri
2258 2068 2497 2133 equitum
2547 2066 2905 2135 pugnantium
2939 2065 3254 2129 simulacra,
3285 2063 3446 2133 idque

193 2154 560 2221 δωφοιτῶντα
614 2156 803 2225 ψυχῶν
859 2158 994 2210 ἄττα
1055 2160 1292 2227 σκιοειδῆ
1350 2160 1713 2227 φαντάσματα
1738 2160 1784 2192 ’⁸

1882 2157 2118 2211 maxime
2147 2158 2353 2211 aestatis
2408 2166 2666 2227 tempore,
2715 2172 2840 2212 cum
2902 2156 3326 2212 ardentissimus
3366 2165 3452 2209 est

196 2243 545 2311 πολεμοῦντα
580 2244 850 2316 ἀλλήλοις.
884 2249 992 2301 Καὶ
1023 2250 1080 2300 tv
1107 2250 1219 2309 τοῖς
1249 2248 1370 2301 καθ’
1393 2250 1545 2323 ἡμᾶς
1575 2250 1631 2302 δὲ
1660 2251 1785 2320 χρό-
1886 2249 2158 2303 meridies.

195 2351 307 2399 νοις
337 2336 525 2390 πολλοὶ
552 2338 904 2408 διηγήσαντο,
939 2338 1036 2408 οὐχ
1057 2334 1159 2391 οἶοί
1189 2356 1248 2392 τε
1278 2338 1427 2403 ὄντες
1457 2340 1769 2408 ψεύδεσθαι,
1812 2343 1952 2397 κατά
1986 2342 2233 2396 Σικελίαν
2275 2343 2333 2394 tv
2397 2339 2475 2410 τῷ
2511 2339 2789 2410 λεγομένῳ
2824 2339 2990 2408 πεδίῳ
3070 2335 3459 2407 τετραπυργίῳ

196 2427 293 2481 καὶ
328 2429 390 2481 tv
418 2429 598 2491 ἄλλοις
626 2430 724 2481 οὑκ
759 2429 960 2494 ὀλίγοις
1009 2430 1178 2498 αὐτῆς
1199 2429 1244 2460 ⁷⁸
1277 2430 1502 2499 μέρεσιν
1548 2432 1776 2501 ὁρᾶσθαι
1818 2432 2061 2485 ίπποτῶν
2091 2431 2365 2502 πολεμίων
2397 2428 2802 2484 ἐπελαυνόντων
2833 2430 3116 2498 φάσματα,
3158 2426 3301 2479 κατά
3360 2427 3454 2478 τὸν

194 2519 288 2573 τοῦ
326 2519 523 2590 θέρους
556 2522 789 2590 μάλιστα
823 2525 1037 2588 καιρὸν,
1071 2523 1414 2594 μεσημϐρίας
1448 2525 1721 2595 σταοηρᾶς
1736 2526 1781 2558 ⁷⁸
1819 2528 2131 2597 ἱσταμένης.

268 2610 398 2664 Ὀτι
441 2612 535 2662 τὸν
564 2611 803 2681 Σεὸήρου
835 2612 879 2642 "'
921 2612 1084 2664 ἵππον
1122 2612 1258 2682 φησὶ
1286 2612 1593 2682 (Ῥωμαῖος
1635 2613 1681 2666 δ’
1706 2610 1776 2683 ἦν

194 2694 396 2767 οὗτος,
445 2704 542 2755 καὶ
595 2702 880 2771 ’Δνθεμὶου
932 2704 1305 2773 παρασχόντος
1352 2704 1573 2765 ἐλπίδας
1617 2705 1693 2767 ὡς
1743 2706 1776 2774 ἡ

206 2792 404 2861 Ῥώμη
454 2792 695 2845 πεσοῦσα
755 2793 915 2845 πάλιν
957 2792 1025 2844 δι’
1056 2790 1221 2845 αὑτοῦ
1269 2794 1655 2861 ἀναστήσεται,
1686 2793 1778 2845 ἐπὶ

209 2882 459 2952 Ῥώμην,
482 2882 684 2949 ταύτης
705 2885 1199 2953 προαναχωρήσας,
1225 2884 1466 2953 ἐπανῆκε
1497 2884 1591 2937 καὶ
1610 2883 1777 2953 τιμῆς

195 2973 479 3043 ὑπατικῆς
501 2973 701 3042 ἔτυχε),
743 2976 933 3026 τούτου
962 2974 1141 3027 τοίνυν
1162 2976 1190 3026 6
1220 2975 1403 3039 ἵππος,
1432 2968 1477 3041 ᾧ
1502 2974 1569 3026 τά
1608 2974 1781 3027 πολλὰ

197 3066 443 3135 εχρῆτο,
506 3064 813 3133 ψηχόμενος
866 3065 1172 3135 σπινεῆρας
1220 3066 1330 3118 ἀπὸ
1375 3065 1470 3118 τοῦ
1530 3064 1782 3135 σώματος

197 3156 432 3216 πολλοὺς
448 3172 508 3207 τε
529 3156 621 3207 καὶ
653 3156 918 3225 μεγάλους
939 3156 1110 3222 ἠφίει,
1132 3156 1236 3219 ἕως
1258 3154 1405 3225 αὑτῷ
1433 3155 1493 3207 τὸ
1513 3158 1678 3225 τέρας
1701 3156 1782 3218 εἰς

1954 2615 2138 2672 Severi
2167 2630 2338 2685 equus
2372 2615 2483 2687 (qui
2512 2614 2791 2671 Romanus
2827 2622 2965 2678 erat,
3013 2627 3163 2681 spem
3222 2611 3457 2668 faciente

1882 2702 2193 2766 Anthemio,
2224 2702 2448 2757 Romam
2478 2716 2724 2756 eversam
2768 2702 2962 2754 iterum
2997 2714 3091 2767 per
3140 2700 3312 2767 ipsum
3337 2699 3449 2753 eri-

1886 2795 2113 2862 gendant
2149 2793 2403 2856 Romam,
2438 2792 2543 2845 hac
2589 2805 2684 2858 spe
2712 2804 2835 2844 cum
2886 2790 3036 2857 prius
3090 2788 3454 2851 discessisset,

1887 2902 2135 2942 reversus
2158 2887 2495 2941 consulatum
2528 2884 2774 2953 adeptus)
2809 2901 2822 2938 :
2856 2884 3016 2951 hujus
3044 2883 3211 2952 igitur
3262 2897 3455 2950 equus,

1888 2992 1993 3048 quo
2019 2978 2242 3031 multum
2276 2991 2403 3030 usus
2434 2986 2538 3040 est,
2564 2985 2824 3029 tractatus
2865 2974 3131 3029 scintillas
3162 2989 3193 3029 e
3222 2988 3451 3041 corpore

1888 3068 2104 3130 multas,
2132 3075 2188 3121 et
2214 3080 2441 3133 magnas
2472 3064 2657 3133 cjecit,
2696 3066 2863 3118 donec
2891 3064 2965 3118 illi
3021 3072 3330 3132 portentum
3361 3064 3463 3117 hoc

1889 3158 1954 3211 ad
1980 3157 2325 3212 consularem
2354 3155 2675 3223 dignitatem
2712 3153 2894 3208 Romae
2935 3154 3085 3207 illum
3116 3153 3296 3208 evexit
3321 3153 3459 3223 (ll).

195 3247 297 3317 τὴν
319 3246 595 3317 ὑπατικὴν
625 3248 799 3316 ἀρχὴν
818 3248 874 3297 ὲν
893 3249 958 3316 τῇ
987 3245 1173 3317 Ῥώμῃ
1203 3245 1512 3316 κατηνύσοη
1534 3247 1599 3300 ⁷⁸.
1628 3245 1783 3299 Ἀλλά
1811 3232 1854 3287 C

1811 3232 1854 3287 (ἶ
1889 3247 1995 3302 Sed
2021 3258 2077 3301 et
2103 3245 2320 3301 Tiberio
2346 3247 2560 3309 asinus,
2590 3255 2651 3299 ut
2681 3245 2845 3299 refert
2880 3242 3206 3298 Plutarchus
3237 3242 3459 3297 Chaero-

195 3337 300 3389 καὶ
323 3335 563 3406 Τιϐερίῳ
587 3336 727 3401 δνος,
746 3337 821 3398 ὼς
845 3335 1191 3404 Πλούταρχος
1209 3338 1237 3389 6
1255 3335 1569 3405 Χαιρωνεύς
1596 3352 1782 3405 φησιν,

196 3426 281 3478 ἔτι
317 3426 585 3495 μειρακίῳ
614 3428 729 3479 ὄντι
758 3429 848 3479 καὶ
902 3430 959 3478 tv
994 3425 1177 3494 Ῥώδῳ
1207 3427 1299 3479 ὲπὶ
1340 3426 1519 3492 λόγοις
1565 3429 1785 3495 ῥητορι-

197 3520 323 3579 κοῖς
376 3517 705 3586 διατρίϐοντι
738 3517 897 3588 [1041
931 3517 1047 3588 IL],
1087 3517 1185 3588 τὴν
1240 3516 1518 3587 βασιλείαν
1553 3517 1642 3571 διά
1692 3516 1784 3570 τοῦ

199 3606 376 3660 αὐτοῦ
402 3608 448 3638 ’⁸
491 3608 813 3677 παθήματος
845 3610 1247 3677 προεμήνυσεν.
1289 3608 1452 3661 Ἀλλά
1484 3608 1582 3661 καὶ
1605 3608 1712 3660 τῶν
1740 3609 1785 3640 ⁸⁸

201 3698 343 3767 περὶ
396 3698 643 3751 Ἀττίλαν
677 3697 773 3751 ἕνα
815 3698 943 3750 ὅντα
992 3699 1085 3751 τὸν
1123 3698 1418 3768 Βαλίμεριν
1460 3699 1503 3731 ⁸¹
1541 3700 1648 3752 ἀπὸ
1692 3700 1785 3751 τοῦ

199 3791 409 3842 οἰκείου
441 3789 692 3856 σώματος
737 3789 1068 3842 ἀποπάλλειν
1127 3791 1460 3861 σπινθῆρας⁹
1492 3793 1521 3843 6
1561 3791 1617 3843 δὲ
1661 3787 1730 3861 ἦν
1759 3791 1788 3842 6

204 3878 504 3950 υαλίμερις
553 3880 880 3949 Θευδερίχου
915 3880 1137 3950 πατὴρ,
1190 3880 1249 3943 ὃς
1301 3880 1395 3932 νῦν
1424 3881 1483 3932 τὺ
1529 3881 1788 3950 μέγιστον

201 3969 325 4039 ἔχει
361 3970 561 4040 κράτος
599 3970 828 4032 Ἰταλίας
875 3974 1057 4040 πάσης
1083 3971 1150 4024 ⁸⁸.
1204 3970 1369 4037 Λέγει
1413 3971 1470 4024 δὲ
1527 3972 1620 4021 καὶ
1661 3971 1790 4041 περὶ

203 4058 406 4111 ἑαυτοῦ
440 4060 468 4111 6
511 4060 857 4127 συγγραφεὺς
910 4060 986 4122 ὡς
1023 4060 1133 4113 Καὶ
1170 4059 1302 4127 ἐμοὶ
1341 4059 1685 4127 ἐνδυομένῳ
1727 4076 1789 4112 τε

202 4148 309 4201 καὶ
330 4148 687 4217 ἐκδυομένῳ,
715 4152 770 4202 εὶ
803 4150 901 4203 καὶ
944 4149 1207 4203 σπάνιον
1238 4150 1415 4203 τοῦτο
1440 4150 1782 4217 συμϐαίνει,

201 4240 529 4307 συμϐαίνει
550 4240 601 4292 δ’
625 4236 740 4295 οὖν
759 4240 1097 4308 σπινθῆρας
1114 4238 1435 4307 ἀποπηδᾷν
1456 4240 1787 4305 ἐξαισίους,

203 4330 339 4384 ἐσθ’
374 4330 474 4384 ὅτε
504 4333 602 4386 καὶ
633 4334 864 4386 κτύπον
885 4332 1279 4401 παρέχοντας,
1312 4333 1504 4385 ἐνίοτε
1532 4331 1599 4384 δὲ
1620 4332 1667 4363 ⁸³
1690 4330 1790 4384 καί

203 4423 444 4491 φλόγας
475 4423 624 4490 ὅλας
654 4425 1065 4493 καταλάμπειν
1097 4425 1163 4478 τὸ
1193 4423 1447 4493 ἱμάτιον,
1478 4423 1558 4491 μὴ
1582 4422 1790 4492 μέντοι

205 4517 527 4581 καιούσας.
559 4518 668 4570 Καὶ
698 4519 759 4571 τὸ
790 4517 954 4588 τέρας
1007 4519 1221 4585 ἀγνοεῖν
1266 4517 1347 4578 εἰς
1392 4516 1421 4569 δ
1450 4516 1787 4585 τελευτήσει,

208 4607 345 4660 ίδεῖν
398 4609 457 4661 δὲ
510 4608 657 4677 λέγει
717 4611 813 4661 xal.
859 4608 1146 4677 ἄνθρωπόν
1201 4624 1323 4661 τινα
1386 4605 1494 4659 ἀπὸ
1547 4606 1649 4674 τῆς
1699 4622 1792 4658 κε-

1888 3340 2090 3405 nensis,
2132 3339 2309 3394 adhuc
2358 3339 2587 3408 juveni,
2616 3347 2671 3393 et
2712 3337 2765 3391 in
2817 3334 3009 3390 Rhodo
3034 3349 3254 3405 cperam
3313 3335 3461 3389 danti

1886 3430 2229 3497 eloquentiae,
2255 3429 2539 3497 imperium
2561 3429 2749 3482 eodem
2778 3434 2971 3481 eventu
2997 3425 3457 3494 pmsignilicarit.

1891 3516 1999 3571 Sed
2034 3526 2089 3571 et
2118 3517 2424 3571 Balemerin
2472 3532 2636 3570 unum
2664 3530 2733 3568 ex
2786 3516 2966 3569 Attila:
3014 3513 3207 3568 aulicis
3243 3512 3311 3567 de
3360 3526 3461 3568 suo

1889 3620 2119 3675 corpore
2145 3607 2347 3675 jecisse
2373 3606 2667 3661 scintillas.
2700 3604 2796 3659 llic
2831 3603 3129 3660 Balemeris
3180 3613 3332 3671 pater
3363 3602 3461 3656 fuit

1890 3700 2212 3754 Theodorici
2247 3701 2386 3768 ejus,
2430 3700 2520 3767 qui
2572 3712 2715 3753 nunc
2760 3713 3028 3752 summum
3091 3697 3254 3752 totius
3298 3694 3462 3750 Italia

1890 3790 2172 3859 imperium
2212 3800 2377 3845 tenet.
2411 3788 2549 3844 Dicit
2578 3801 2754 3843 autem
2774 3790 2937 3843 etiam
2965 3791 3030 3843 de
3047 3790 3228 3858 scipso
3246 3799 3457 3843 auctor:

1892 3883 2063 3936 Etiam
2115 3883 2242 3935 mihi
2292 3898 2413 3935 cum
2448 3889 2504 3936 et
2532 3882 2750 3947 induor,
2783 3890 2838 3935 et
2866 3895 3034 3936 exuor
3061 3921 3076 3945 ,
3106 3880 3207 3934 etsi
3254 3879 3305 3932 id
3338 3894 3461 3933 raro

1890 3971 2177 4025 admodum
2224 3970 2447 4034 accidit,
2502 3971 2703 4025 accidit
2747 3980 2951 4035 tamen,
2981 3978 3037 4021 ut
3098 3969 3348 4023 scintillae
3377 3970 3461 4023 in-

1890 4072 2077 4129 gentes
2106 4061 2380 4125 exsiliant,
2414 4061 2708 4130 aliquando
2766 4076 2887 4116 cum
2942 4060 3142 4126 sonitu,
3189 4060 3459 4114 interdum

1891 4149 2054 4203 etiam
2080 4146 2309 4202 ﬂamma:
2327 4148 2551 4217 integra:
2579 4158 2783 4203 vestem
2806 4150 3100 4216 illustrem,
3122 4150 3255 4203 nihil
3279 4159 3460 4203 tamen

1890 4249 2142 4299 exurant.
2176 4249 2231 4293 et
2281 4254 2342 4293 se
2383 4241 2632 4307 ignorare
2675 4256 2782 4309 quo
2825 4242 2926 4295 hoc
2973 4250 3285 4308 portentum
3341 4248 3460 4292 teu-

1891 4329 2062 4381 deret.
2096 4325 2307 4381 Vidisse
2331 4342 2389 4381 se
2411 4328 2484 4381 ait
2518 4336 2573 4381 et
2601 4330 2871 4383 hominem
2907 4330 3194 4397 quemdam
3224 4342 3255 4382 e
3290 4330 3465 4395 capite

1891 4416 2150 4471 scintillas
2195 4418 2554 4483 evihrantem,
2611 4428 2664 4472 et
2698 4418 2991 4484 llanuuam,
3052 4433 3174 4471 cum
3222 4416 3403 4480 vellet,
3433 4431 3466 4468 c

1896 4510 2073 4579 capite
2101 4516 2251 4565 veste
2300 4511 2575 4578 asperiore
2602 4511 2792 4561 attrito
2834 4510 3185 4561 excitantem.
3248 4506 3467 4575 Impulit

1901 4616 2095 4669 equum
2144 4615 2305 4667 quam
2344 4602 2518 4668 potuit
2584 4600 2886 4660 celerrime,
2948 4600 3178 4668 iudiguit
3239 4607 3294 4651 et
3343 4597 3466 4649 aliis

207 4698 391 4766 φαλῆς
446 4700 674 4767 ἀφιέντα
741 4698 1045 4766 σπινθῆρας
1075 4738 1089 4761 ,
1148 4697 1283 4750 ἀλλά
1330 4696 1425 4749 καὶ
1486 4696 1658 4763 φλόγα
1701 4698 1795 4747 άν-

1902 4692 2080 4744 rebus.
2125 4689 2455 4757 Reipublicae
2527 4689 2998 4742 administratione
3058 4687 3343 4747 excidens,
3399 4686 3463 4736 ad

208 4789 483 4855 ἀπτοντα,
513 4791 602 4843 ὅτε
637 4789 897 4859 βούλοιτο,
931 4791 1129 4859 ἱματίῳ
1155 4790 1261 4841 τινὶ
1293 4789 1482 4857 τραχεῖ
1520 4803 1791 4855 παρατρι-

208 4882 472 4951 ϐομένης.
507 4882 742 4935 Ἤλαυνε
772 4884 863 4934 τὸν
895 4882 1079 4944 ἵππον,
1112 4882 1233 4934 ὅσον
1265 4877 1376 4949 εἶχε
1403 4881 1643 4948 τάχουςτ
1679 4874 1793 4946 εἶχε

210 4975 268 5026 δὲ
298 4974 410 5026 τῶν
438 4973 614 5027 ἀλλων
644 4974 1005 5043 ἐνδεέστερον.
1046 4972 1167 5025 Τῶν
1204 4971 1495 5025 πολιτικῶν
1530 4970 1793 5038 πραγμά-

215 5084 329 5120 των
353 5065 665 5137 ἀποτυχὼν,
694 5066 787 5118 ἐπὶ
822 5065 913 5119 τὸν
948 5064 1178 5135 ἡσύχιον.
1194 5066 1289 5117 καὶ
1312 5064 1648 5134 ἀπράγμονα
1679 5061 1792 5131 βίον

1899 4782 2139 4847 quietam
2168 4779 2508 4846 otiosamque
2535 4779 2699 4831 vitam
2748 4791 2805 4831 se
2836 4776 3088 4841 contulit,
3128 4776 3254 4828 odio
3281 4788 3465 4828 eorum

1897 4870 1986 4938 qui
2017 4870 2070 4921 in
2093 4867 2366 4937 republica
2391 4866 2601 4921 molesti
2622 4875 2793 4918 erant.
2823 4864 3102 4918 Venerunt
3119 4864 3186 4917 ad
3205 4862 3465 4917 Severum

1900 4958 2263 5012 Bracltmanni
2292 4956 2445 5027 juxta
2474 4955 2878 5018 Alexandriam,
2912 4965 2965 5006 ct
2988 4953 3207 5022 proprio
3231 4951 3469 5017 hospitio

1904 5052 2020 5105 illos
2041 5056 2097 5103 et
2146 5047 2329 5103 debito
2366 5046 2513 5101 cultu
2566 5046 2824 5115 suscepit.
2873 5042 2939 5097 lli
2985 5045 3051 5099 de
3099 5041 3277 5113 gentis
3318 5055 3467 5095 inore

1492 5190 1722 5248 νΑιιιΛς
1760 5183 2160 5243 LECTIONES.

324 5309 369 5340 ⁸³
390 5307 576 5369 ὅπλοις
602 5308 697 5361 καὶ
720 5308 841 5361 ἀντ.
869 5308 936 5360 Α.
1041 5306 1085 5337 ⁸⁵
1112 5306 1476 5374 φαντάσματα
1539 5320 1600 5367 ς.

1672 5301 1719 5334 ⁸⁵
1750 5316 1879 5367 φασι
1910 5316 1969 5362 ς.

2048 5293 2096 5325 ⁸⁸
2120 5293 2189 5346 τά
2211 5293 2333 5346 add.
2354 5290 2420 5345 Α.
2494 5290 2538 5321 ⁸⁷
2561 5290 2683 5343 οὐδέ
2729 5286 2805 5339 A:
2838 5286 2938 5338 οὐκ
2960 5302 3019 5349 ς’.
3095 5283 3140 5315 ⁸⁸
3166 5285 3223 5336 tv
3244 5283 3367 5337 add.
3394 5281 3460 5333 Λ.

218 5388 266 5422 ιο
1040 5377 1088 5407 ⁷ο
1112 5354 1473 5429 νὴ
1497 5354 1784 5432 ἰ’κούῦοις
1808 5385 1868 5432 ς.
1920 5354 1989 5399 ⁷⁷⁸
2018 5366 2214 5435 χωρίον
2234 5364 2298 5417 Α.
2368 5361 2414 5392 ⁷³
2444 5361 2504 5413 οὐ
2532 5358 2891 5440 διωρισμένας
2914 5373 2971 5421 ς.
3020 5356 3093 5435 ’⁷⁸
3114 5354 3376 5474 φάσματα
3400 5367 3459 5412 ς,

218 5454 268 5474 η
330 5446 499 5474 ...ο.-;-
538 5448 562 5474 Α
640 5462 653 5474 .
702 5448 882 5474 -.ι-λγ-
912 5464 948 5474 ..
1047 5446 1092 5474 τι
1123 5444 1290 5474 ..-ιλ-
1305 5446 1399 5474 -3-
1429 5459 1514 5474 Α...
1594 5445 1622 5474 Δ
1728 5441 1771 5472 Π
1809 5433 2073 5474 νεεεηιιςΛ
2100 5431 2352 5474 Tulit-nimi
2377 5442 2430 5474 pl
2460 5445 2580 5474 mox
2613 5426 2758 5474 ὑωίει
2788 5425 3103 5474 Ευδιιιιιιιιιί
3127 5423 3194 5474 ad
3257 5423 3290 5474 Ι.
3322 5438 3371 5474 ν.
3411 5438 3459 5474 ll.

216 5454 268 5489 ’⁸
327 5446 571 5514 αὑτῆςΛ
640 5462 653 5499 :

221 5524 386 5575 Itum.
414 5508 539 5582 5l3,
565 5517 631 5571 ὃς
656 5517 808 5582 cujus
832 5508 1070 5570 errorem
1101 5508 1312 5568 notavit
1339 5514 1607 5575 l.e'tchius,
1634 5528 1685 5581 p.
1710 5508 1826 5563 XV.
1901 5508 1947 5536 "'
1971 5508 2029 5558 ὲν

222 5591 261 5633 Λ
289 5606 303 5633 :
335 5588 427 5633 τὸν
450 5604 509 5633 ς-
609 5587 653 5618 ⁸¹
682 5586 981 5633 Βαλιαεων
1015 5602 1076 5633 ς.
1167 5585 1215 5617 ⁸⁸
1247 5583 1464 5633 ἁπάσης
1508 5599 1570 5633 ι’.
1676 5581 1723 5613 ⁸³
1744 5579 1801 5632 δὶ
1830 5593 1940 5633 om.
1973 5577 2039 5629 Α.

219 5591 303 5642 A:
335 5588 427 5639 τὸν
450 5604 509 5651 ς.
609 5587 653 5618 ⁸¹
682 5586 981 5659 Βαλέμεριν
1015 5602 1076 5649 ς.
1167 5585 1215 5617 ⁸³
1247 5583 1464 5653 ἀπάσης
1508 5599 1570 5646 ς.

699 5423 882 5511 Mt
910 5423 970 5510 ξῑ
1047 5446 1092 5477 τι
1122 5423 1537 5514 ἀποίσω.
1587 5423 1656 5496 λς
1686 5423 2352 5514 ἐνζὲεθῂροῧὶῗξδερίου
2377 5442 2430 5485 ει
2459 5445 2581 5514 snex
2613 5423 3194 5514 elataaelataat

3275 5458 3290 5474 ο
3322 5438 3371 5483 ν,
3411 5438 3462 5484 ν.

1901 5490 2029 5558 ἐ’ὲν
2056 5490 2252 5574 Ἶνώμιξ
2274 5500 2607 5571 κατηνύσθαι
2768 5496 2813 5528 "
2834 5494 2998 5547 αὑτοῦ
3027 5510 3137 5547 om.
3167 5492 3233 5545 Α.
3284 5492 3329 5523 ⁸⁸
3359 5490 3469 5543 τιὶν

1732 5687 1962 5745 ΝΟΤι-Ε.

300 5792 418 5861 (ll)
451 5792 620 5860 Qucm
657 5789 857 5847 Tiberii
896 5789 1025 5857 imp.
1068 5788 1263 5853 Vitam,
1301 5787 1396 5843 sed
1431 5800 1549 5857 qua:
1605 5784 1899 5846 intercidit,
1932 5775 2313 5849 conscripsisse
2354 5774 2519 5830 rcfcrt
2545 5773 2594 5827 iu
2622 5770 2876 5839 Catalogo
2900 5764 3173 5835 Laniprid.
