4206 6436
782 403 914 466 ηδτ

1930 404 2126 464 ΡΠοΤ
2136 405 2189 462 ll
2226 405 2724 465 ΡΛΤῘΚΙΛΠΟΗᾸΞ
2754 405 2862 463 CP.

3868 400 4007 466 1268

778 515 919 573 domi
985 511 1273 566 admodum
1307 513 1544 584 graviter
1596 513 1868 580 vixerunt,
1918 530 2093 584 neque
2146 517 2331 571 balnea
2373 518 2455 577 Αέ

2374 526 2408 577 Α
2441 518 2725 584 ὲτράπετο,
2784 513 2932 582 μίσει
2987 513 3094 564 τῶν
3125 515 3180 565 ὲν
3222 516 3284 581 τῇ
3331 512 3575 580 πολιτείᾳ
3625 513 4008 581 δυσχερασμά-

776 605 1009 673 publ’ca,
1051 619 1220 673 neque
1262 615 1609 671 conspectum
1661 604 1826 657 ullum
1869 606 2137 659 urbanum
2187 622 2333 674 qure-

776 709 818 747 ri
841 702 979 757 nlec,
1011 696 1103 746 sed
1133 702 1414 747 externum
1458 709 1616 748 omne
1652 694 1920 764 fugerunt.
1972 696 2336 749 Comedebant

784 784 992 850 palmas
1019 791 1072 833 et
1098 796 1343 851 oryzam,
1370 798 1562 851 aquam
1606 784 1882 837 bibebant.
1922 784 2092 837 Erant
2119 785 2195 837 illi
2232 801 2335 838 non

776 888 805 924 e
845 872 1257 938 Brachmannis,
1285 874 1375 941 qui
1410 874 1461 926 in
1507 877 1779 928 montibus
1807 877 2025 943 degunt,
2070 890 2243 943 neque
2271 893 2335 929 ex

774 963 943 1025 lndis,
973 967 1062 1031 qui
1095 964 1254 1016 urbes
1304 963 1584 1017 incolunt:
1629 966 1721 1019 sed
1752 974 2101 1033 utrorumque
2168 968 2334 1018 vitam

776 1067 996 1118 prorsus
1022 1054 1394 1119 sectabantur,
1428 1054 1919 1107 Brachmannorum
1950 1054 2143 1126 “ab
2200 1055 2336 1123 apud

779 1142 1030 1207 populum
1064 1144 1299 1211 negotia,
1334 1144 1375 1197 si
1436 1144 1627 1209 quibus
1681 1144 2005 1208 indigerent,
2066 1156 2121 1198 et
2160 1142 2337 1212 p0puli

777 1232 915 1298 apud
977 1232 1380 1288 Brachmaunos
1430 1244 1777 1302 peragentes.
1838 1234 2097 1287 Dixerunt
2143 1236 2216 1287 illi
2273 1238 2340 1287 de

776 1318 1171 1377 Brachmannis
1194 1323 1486 1386 montanis,
1509 1340 1839 1392 qumcunque
1870 1326 1933 1377 de
1960 1326 2022 1377 iis
2045 1327 2339 1393 scriptores

778 1409 1057 1477 divulgant
1092 1428 1104 1463 ε
1145 1411 1344 1465 imbres
1383 1415 1631 1480 precibus
1678 1414 1796 1465 illos
1829 1424 2028 1480 petere.
2075 1425 2128 1466 et
2176 1415 2340 1467 etiam

776 1500 991 1552 eosdem
1014 1510 1281 1565 avertere,
1309 1503 1528 1566 famem,
1570 1514 1904 1571 pestemque.
1943 1506 2152 1572 aliaque
2182 1506 2339 1567 mala,

777 1602 897 1654 qua:
928 1592 1105 1642 curarl
1143 1606 1245 1643 non
1298 1603 1541 1658 possunt,
1575 1593 1820 1659 precibus
1849 1608 2003 1659 posse
2047 1594 2338 1660 depellere.

779 1675 1037 1729 Dixerunt
1060 1678 1218 1730 iidem
1246 1680 1501 1745 unipedes
1543 1682 1791 1733 homines
1819 1683 1957 1748 apud
1994 1696 2053 1733 se
2085 1697 2237 1744 esse,
2292 1694 2347 1735 et

776 1766 1043 1820 dracones
1073 1770 1309 1836 ingentis
1346 1772 1729 1836 magnitudinis
1752 1770 2107 1839 septicipites,
2137 1781 2189 1824 et
2241 1771 2343 1825 alia

776 1856 931 1909 valde
956 1858 1231 1911 inusitata.

2436 624 2541 659 των
2564 608 2630 659 ⁸⁵.
2658 600 2829 657 Ἧκον
2849 604 2904 655 δὲ
2941 605 3075 673 προς
3108 606 3197 656 τὸν
3229 604 3464 673 Σεὸἦρον
3496 604 3589 655 καὶ
3622 604 3940 671 Βραχμᾶνες
3964 600 4007 631 ⁸⁸

2442 697 2581 749 κατὰ
2634 696 2732 765 τὴν
2786 694 3212 763 Ἂλεξάνδρειαν,
3265 696 3358 746 καὶ
3406 694 3621 758 ἐδέξατο
3678 695 3819 759 σφᾶς
3879 695 4010 759 οἴκῳ

2445 789 2560 856 ἰδίῳ
2591 790 2685 839 καὶ
2733 788 2998 855 θεραπείᾳ
3048 790 3113 854 τῇ
3146 786 3497 855 προσηκούσῃ
3519 802 3532 814 ο
3566 784 3614 835 οἳ
3653 785 3793 835 κατά
3830 784 4011 850 χώραν

2438 879 2524 927 ἐπ’
2551 879 2703 929 οἴκου
2743 876 2885 945 μάλα
2926 875 3134 943 σεμνῶς
3166 875 3377 944 έμενον,
3407 874 3529 925 οὒτε
3560 873 3801 942 λουτρῶν
3828 874 4012 938 δεόμε-

2439 967 2824 1035 νοιδημοσίων,
2851 966 2975 1019 οὔτε
2997 968 3160 1036 ἄλλης
3181 967 3428 1033 ἐπόψεως
3455 965 3716 1032 οὐδεμιᾶς
3739 964 3847 1014 τῶν
3874 963 4011 1012 κατὰ

2440 1060 2574 1110 ἄστυ
2602 1058 2921 1125 γινομένων,
2968 1058 3105 1110 ἀλλὰ
3150 1058 3255 1108 πᾶν
3283 1057 3328 1085 ⁸⁸
3356 1055 3415 1106 τὸ
3463 1053 3681 1124 θυραῖον
3710 1052 3754 1083 ⁸⁷
3804 1050 4013 1117 ἐξετρέ-

2442 1164 2625 1198 ποντο.
2667 1146 2971 1198 Ἐσιτοῦντο
3008 1147 3062 1198 δὲ
3104 1147 3352 1213 φοίνικας
3406 1145 3498 1195 καὶ
3545 1143 3775 1211 ὄρυζαν,
3820 1142 3912 1193 κατ.
3949 1135 4013 1205 ἦν

2441 1238 2620 1297 αὐτοῖς
2646 1237 2797 1305 πόμα
2847 1237 2907 1287 τὸ
2939 1236 3112 1304 ὕδωρ.
3144 1233 3327 1288 Ἦσαν
3356 1236 3410 1287 δὲ
3458 1229 3601 1287 οὗτοι
3632 1234 3754 1285 οὔτε
3802 1232 3911 1282 τῶν
3960 1233 4015 1281 ὲν

2442 1326 2591 1395 ὄρεσι
2608 1328 2652 1357 ⁸⁸
2674 1327 3050 1395 διατριϐόντων
3074 1326 3426 1394 Βραχμάνων,
3461 1324 3585 1375 οὔτε
3617 1324 3724 1373 τῶν
3748 1324 3803 1372 ἐν
3829 1320 4012 1371 πόλεσι

2446 1417 2851 1485 κατῳκημένων
2894 1417 3091 1480 Ἰνδῶν,
3131 1416 3244 1468 ἀλλ’
3296 1414 3533 1481 ἀτεχνῶς
3586 1411 3863 1479 ἀμφίϐιοι,
3907 1413 4014 1469 τοῖς

2448 1506 2796 1573 Βραχμάνοις
2838 1505 3272 1574 ὑπηρετούμενοι
3306 1504 3373 1555 τὰ
3406 1504 3540 1570 πρὸς
3580 1504 3678 1561 τάς
3718 1501 3927 1561 πόλεις,
3971 1500 4017 1547 εἰ

2450 1613 2551 1648 που
2581 1596 2849 1663 δεήσειεν,
2889 1597 2984 1647 καὶ
3034 1598 3155 1656 ταῖς
3194 1596 3411 1646 πόλεσιν
3434 1592 3499 1645 αὖ
3522 1595 3566 1625 ⁸⁸
3597 1592 3666 1644 τὰ
3707 1591 3846 1658 πρὸς
3894 1591 4016 1649 τοὺς

2452 1684 2783 1752 Βραχμᾶνας
2798 1683 2865 1735 ’⁸.
2900 1684 3125 1749 Ἔλεγον
3163 1684 3219 1735 δὲ
3240 1685 3334 1735 καὶ
3355 1678 3496 1734 οὗτοι
3532 1681 3660 1751 περὶ
3686 1680 3794 1731 τῶν
3821 1678 4017 1745 ὀρείων

2447 1774 2783 1843 Βραχμάνων
2822 1776 2919 1827 ὅσα
2953 1776 3001 1825 οἱ
3055 1777 3390 1841 συγγραφεῖς
3433 1773 3557 1840 περὶ
3583 1771 3761 1823 αὐτῶν
3802 1767 4020 1837 θρυλοῦ-

2374 1852 2415 1907 η
2447 1880 2551 1926 σιν,
2583 1864 2822 1932 ὄμόρους
2859 1882 2915 1915 τε
2954 1866 3047 1916 καὶ
3074 1864 3370 1932 ἀνομϐρίας
3399 1864 3579 1930 εὐχαῖς
3618 1862 4019 1928 καταπράττειν

776 1946 873 1996 καὶ
901 1946 1074 2015 λιμῶν
1102 1950 1193 2001 καὶ
1232 1950 1435 2019 λοιμῶν
1474 1949 1716 2023 [55411]
1745 1953 2061 2019 ἀποδιώξεις
2090 1952 2264 2007 ἄλλων
2290 1970 2348 2004 τε
2391 1954 2574 2005 κακῶν
2599 1956 2937 2022 ἀποτροπὰς,
2970 1956 3068 2005 ὅσα
3107 1954 3180 2023 μὴ
3225 1954 3439 2005 ἀνίατον
3512 1951 3623 2019 ἔχει
3691 1952 3790 2017 τὴν
3829 1949 4018 2014 εἱμαρ-

780 2037 969 2105 μένην.
1004 2040 1225 2106 Ἔλεγον
1264 2042 1319 2093 δὲ
1359 2035 1501 2095 οὗτοι
1552 2045 1645 2096 καὶ
1696 2045 1990 2113 μονόποδας
2062 2045 2380 2115 ἀνθρώπους
2457 2044 2608 2113 παρά
2664 2046 2843 2112 σφίσιν
2894 2044 3208 2113 ἱστορῆσαι,
3253 2044 3347 2095 καὶ
3406 2043 3701 2112 δράκοντας
3754 2040 4017 2104 ἐξαισίους

778 2130 918 2184 κατά
962 2131 1187 2198 μέγεθος
1216 2134 1648 2199 έπτακεφάλους,
1678 2137 1771 2187 καὶ
1792 2136 1926 2187 ἄλλα
1963 2137 2097 2190 ἄττα
2124 2137 2257 2189 πολὺ
2287 2136 2345 2187 τὸ
2380 2136 2684 2205 παράλογον
2712 2135 2901 2204 ἔχοντα
2931 2137 2994 2187 ".

849 2223 993 2275 Dixit
1036 2223 1267 2275 Severus
1298 2224 1466 2277 videri
1499 2224 1895 2289 Gorgoniadem
1926 2229 2171 2290 herbam,
2201 2229 2344 2295 ejus-

778 2326 884 2378 que
930 2313 1165 2365 radicem
1206 2312 1425 2365 omnino
1472 2314 1699 2366 similem
1751 2330 1870 2367 esse
1918 2315 2125 2381 puellae.
2187 2325 2347 2383 caput

780 2404 1021 2458 crinibus
1055 2413 1254 2457 teetum
1289 2405 1614 2468 serpentinis
1666 2404 1905 2457 habenti.
1951 2403 2341 2457 Divinationetn

779 2508 811 2545 e
842 2494 1092 2554 nubibus,
1125 2494 1361 2560 antiquis
1386 2508 1449 2545 ne
1478 2495 1659 2546 auditu
1685 2493 1900 2562 quidem
1929 2505 2132 2557 notam,
2160 2510 2345 2563 quam-

781 2585 905 2637 dam
939 2586 1218 2637 mulierem
1258 2585 1555 2636 Anthusam
1594 2585 1923 2651 temporibus
1956 2582 2149 2637 Leonis
2181 2586 2347 2650 impe-

781 2676 980 2729 ratoris
1008 2674 1235 2729 Remani
1287 2678 1451 2729 reb-rt
1487 2677 1780 2730 invenisse.
1815 2674 1944 2740 Quae
1973 2677 2023 2729 in
2067 2675 2219 2743 Aigis
2257 2676 2349 2728 Ci-

782 2766 921 2818 liciis
959 2776 1084 2818 nata
1117 2766 1419 2829 dicebatur,
1454 2767 1713 2834 originem
1749 2767 1976 2835 primam
2009 2782 2037 2818 a
2072 2766 2348 2834 Cappado-

780 2856 933 2909 cibtts
952 2856 1321 2910 habitantibus
1347 2858 1411 2908 ad
1431 2855 1722 2909 Comanum
1753 2867 1985 2909 montem
2008 2855 2346 2908 Orestiadum

783 2948 1026 3010 trahens,
1060 2946 1297 3001 referens
1319 2962 1483 3015 genus
1503 2963 1655 2999 sumn
1687 2949 1750 2999 ad
1786 2947 2056 3015 Pelopem.
2093 2947 2216 3000 llzec
2243 2951 2348 3001 sol-

780 3036 926 3089 licita
971 3038 1036 3091 de
1069 3038 1205 3101 viro,
1239 3039 1322 3090 cui
1371 3038 1601 3090 militare
1638 3038 1850 3106 aliquod
1893 3053 2089 3091 munus
2121 3040 2345 3091 deman-

783 3126 988 3189 datum,
1017 3130 1215 3195 quique
1255 3128 1319 3180 ad
1362 3128 1555 3180 bellum
1591 3126 1828 3180 Siculum
1861 3143 1981 3179 cum
2005 3128 2125 3181 aliis
2157 3130 2351 3180 missus

2524 2226 2643 2275 Ὀτι
2676 2224 2859 2289 ἔλεγεν
2898 2225 2926 2275 ὁ
2957 2223 3191 2291 Σεδῆρος
3236 2221 3527 2274 τεθεᾶσθαι
3561 2220 3897 2289 Γοργονιάδα
3938 2219 4017 2285 βο’

2450 2314 2635 2381 τάνην,
2669 2310 2736 2383 ἦς
2765 2308 2906 2364 εἶναι
2940 2315 3038 2382 τὴν
3066 2316 3218 2383 ῥίζαν
3252 2314 3505 2381 ἄντικρυς
3531 2311 3721 2378 ὁμοίαν
3770 2309 4017 2375 παρθένῳ

2454 2406 2552 2474 τὴν
2576 2405 2817 2475 κεφαλὴν
2843 2404 3036 2473 ἐχούσῃ
3060 2405 3343 2473 κατηρεφῆ
3366 2404 3413 2435 ’⁸
3433 2402 3793 2471 δρακοντείοις
3817 2398 4015 2447 πλοκά-

2453 2512 2591 2566 μοις.
2620 2495 2745 2547 Ὀτι
2769 2495 2868 2564 τὴν
2893 2496 2938 2527 ⁸³
2970 2496 3057 2547 διὰ
3087 2496 3195 2546 τῶν
3227 2494 3407 2561 νεφῶν
3464 2492 3729 2560 μαντικὴν
3772 2488 4017 2555 οὐδαμῶς

2450 2588 2561 2648 τοῖς
2589 2587 2840 2648 παλαιοῖς
2866 2586 2975 2638 οὐδ’
3009 2587 3146 2653 ἀκοῇ
3194 2583 3540 2652 ἐγνωσμένην
3572 2581 3873 2632 Ἀνθουσάν
3904 2594 4018 2629 τινα

2451 2680 2683 2742 γυναῖκα
2750 2678 2991 2745 ἐξευρεῖν
3048 2679 3105 2728 ὲν
3153 2678 3275 2736 ταῖς
3348 2675 3581 2743 ἡμέραις
3637 2674 3862 2732 Λέοντος
3930 2669 4018 2721 τοῦ

2467 2768 2753 2835 Ῥωμαίων
2807 2768 3104 2835 βασιλέως·
3142 2766 3199 2830 ἐξ
3248 2765 3426 2830 Αἰγῶν
3492 2764 3547 2815 δὲ
3598 2765 3868 2831 κατήγετο
3918 2762 4019 2812 τῶν

2458 2859 2721 2911 Κιλικίων
2747 2861 2779 2927 ἡ
2798 2860 2955 2925 γυνὴ,
2987 2859 3046 2909 τὸ
3074 2858 3131 2908 δὲ
3152 2858 3412 2908 ἀνέκαθεν
3442 2857 3548 2909 ἀπὸ
3574 2856 3681 2906 τῶν
3709 2856 3766 2905 ὲν
3792 2856 4021 2905 Καππα-

2457 2948 2612 3016 δοκία
2647 2948 3098 3001 κατοικισθέντων
3124 2949 3216 2998 ἐπὶ
3244 2949 3334 2998 τὸν
3357 2948 3606 3016 Κομανὺν
3636 2948 3695 2997 τὸ
3720 2948 3845 3015 ὄρος
3884 2950 4023 3013 Ὀρεο

2460 3038 2689 3089 στιαδῶν
2714 3054 2728 3068 ·
2778 3040 2872 3090 καὶ
2922 3039 3141 3104 ἀνάγειν
3180 3038 3240 3090 τὸ
3274 3040 3428 3105 γένος
3478 3040 3556 3099 εἰς
3596 3039 3831 3089 Πέλοπα.
3874 3036 4020 3099 Αὕτη

2459 3130 2822 3197 φροντίζουσα
2848 3130 2976 3197 περὶ
3014 3130 3235 3198 τάνδρὸς
3265 3130 3312 3161 ⁸⁵
3345 3129 3813 3198 ὲπιτετραμμένου
3856 3145 4017 3196 στρα-

782 3225 922 3281 erat,
966 3218 1137 3270 oravit
1180 3220 1231 3270 in
1279 3233 1491 3279 somno,
1544 3230 1601 3269 ut
1650 3216 1829 3270 futura
1886 3228 2255 3285 cognosceret,
2299 3228 2352 3271 et
2380 3241 2420 3296 ρ

2380 3241 2420 3296 C
2457 3218 2712 3287 τιωτικήν
2734 3236 2852 3269 τινα
2879 3220 3050 3287 ἀρχὴν
3084 3220 3177 3271 καὶ
3210 3220 3301 3271 ἐπὶ
3334 3220 3425 3271 τὸν
3460 3219 3601 3271 κατά
3640 3220 3893 3271 Σικελίαν
3922 3220 4023 3270 ἀπ-

783 3310 959 3360 oravit
991 3310 1054 3361 ad
1077 3309 1241 3362 solem
1271 3310 1534 3361 orientem
1568 3323 1755 3374 versa;
1796 3314 1947 3375 pater
1988 3322 2117 3360 vero
2152 3307 2264 3374 ejus
2301 3311 2350 3360 in

785 3400 991 3453 somnis
1037 3401 1200 3468 jussit
1255 3402 1397 3453 illam
1455 3402 1520 3453 ad
1572 3400 1738 3453 solem
1796 3400 1956 3452 etiam
2014 3400 2351 3453 occidentem

783 3504 961 3553 orare,
1013 3500 1066 3543 et
1119 3491 1205 3542 illa
1261 3502 1473 3555 orante,
1526 3507 1619 3558 per
1652 3506 1905 3545 serenum
1954 3491 2131 3545 subito
2187 3494 2354 3545 nubes

784 3579 931 3633 circa
958 3581 1123 3633 solem
1159 3592 1275 3634 orta
1323 3591 1427 3643 est,
1473 3594 1527 3634 et
1566 3582 1757 3635 deinde
1800 3589 1961 3635 aucta
1998 3582 2051 3635 in
2084 3582 2351 3635 hominem

784 3673 1014 3725 formata
1048 3683 1171 3739 est;
1207 3673 1308 3725 alia
1352 3688 1480 3725 vero
1524 3673 1693 3727 nubes
1735 3683 1880 3739 orta,
1908 3682 1962 3728 et
2006 3674 2058 3728 in
2092 3675 2352 3741 aequalem

785 3775 1038 3817 crescens
1080 3763 1527 3832 magnitudinem,
1576 3764 1627 3816 in
1671 3763 1876 3818 leonem
1925 3764 2099 3817 ferum
2147 3770 2353 3816 mutata

785 3862 889 3906 est.
920 3853 1027 3907 Leo
1052 3870 1182 3908 vero
1214 3855 1413 3921 ingenti
1445 3857 1589 3908 hiatu
1626 3855 1737 3909 oris
1784 3854 1926 3908 facto
1954 3856 2221 3908 hominem
2259 3858 2353 3908 de-

786 3941 963 4011 glutit.
999 3940 1218 4009 Species
1254 3942 1338 3994 illa
1372 3943 1607 3997 hominis
1640 3958 1670 3997 e
1704 3942 1843 3997 nube
1875 3943 2015 3996 facta
2051 3943 2226 3997 Gotho
2253 3943 2355 3997 fuit

786 4031 1006 4085 similis.
1034 4032 1169 4085 Nam
1204 4042 1321 4099 post
1358 4034 1513 4100 paulo
1548 4033 1655 4087 Leo
1702 4049 1795 4087 rex
1824 4034 2015 4087 ducem
2056 4034 2352 4089 Gothorum

784 4124 1065 4189 Asperem,
1097 4132 1148 4175 et
1182 4123 1315 4176 ﬁlios
1346 4123 1718 4177 fraudulenter
1738 4124 1967 4177 necavit.
1992 4122 2069 4176 Ex
2101 4124 2190 4176 illo
2222 4134 2355 4177 tem-

788 4226 917 4281 pore
953 4214 1004 4265 in
1034 4213 1172 4267 hunc
1207 4228 1378 4281 usque
1423 4215 1563 4267 diem
1618 4216 1861 4267 Anthusa
1913 4213 2127 4267 assidue
2186 4215 2355 4267 rnedi-

790 4310 897 4351 tata
930 4310 1030 4363 est,
1066 4316 1170 4368 qua
1199 4302 1405 4355 rati0ne
1433 4316 1461 4354 e
1493 4302 1719 4356 mihibus
1751 4303 2041 4369 praedicere
2069 4303 2356 4356 divinando

786 4400 987 4456 posset.
1041 4390 1273 4459 Egyptii
1337 4391 1525 4444 Sothiu
1585 4391 1688 4445 Isin
1733 4392 1845 4459 (l2)
1896 4408 2014 4445 esse
2080 4402 2354 4455 asserunt,

786 4480 957 4533 Graeci
1002 4481 1139 4534 hanc
1171 4482 1236 4535 ad
1285 4480 1484 4535 Sirium
1518 4482 1727 4535 stellam
1776 4482 2037 4546 referunt,
2070 4494 2123 4535 et
2152 4483 2354 4536 Sirium

2453 3310 2781 3378 εσταλμένου
2810 3312 2945 3379 μετὰ
2979 3312 3070 3362 καὶ
3128 3310 3302 3363 ἄλλων
3338 3311 3572 3379 πόλεμον
3594 3350 3611 3374 ,
3642 3310 3834 3372 εὔξατο
3892 3328 4023 3378 πρε-

2455 3403 2586 3454 ῖδείν
2642 3402 2836 3469 ὀνείρῳ
2886 3402 2955 3452 τὰ
3006 3401 3416 3469 συμϐησόμενα,
3468 3401 3659 3465 εὔξατο
3705 3404 3749 3433 ⁸⁵
3787 3402 3844 3452 δὲ
3894 3406 4024 3469 πρῖε

2454 3491 2602 3560 ἥλιον
2635 3491 2941 3559 ἀνίσχοντα.
2984 3492 3041 3541 '0
3077 3492 3132 3542 δὲ
3166 3491 3346 3559 πατὴρ
3379 3492 3511 3559 ὄναρ
3551 3493 3687 3559 αὐτῇ
3728 3492 3956 3551 ἐπιστὰς
3982 3492 4026 3521 ⁹⁶

2455 3581 2671 3632 ἐκέλευε
2708 3582 2799 3632 καὶ
2833 3580 2967 3649 προς
2995 3580 3252 3647 δυόμενον
3283 3579 3561 3644 εὔξασθαι.
3598 3582 3704 3630 Καὶ
3727 3581 4026 3647 εὐχομένης

2454 3672 2511 3734 ἐξ
2540 3672 2754 3740 αἰθρίας
2779 3672 2921 3731 τινὸς
2949 3671 3107 3736 νέφος
3132 3672 3391 3737 συστῆναι
3422 3674 3547 3739 περὶ
3569 3672 3658 3723 τὸν
3686 3672 3860 3739 ἣλιον,
3890 3674 4027 3722 ἐκεῖ·

2455 3763 2545 3814 θεν
2578 3761 2620 3813 δ’
2660 3760 2960 3830 αὐξηθῆναι
2990 3762 3084 3814 καὶ⁵
3119 3762 3197 3823 εἰς
3240 3761 3525 3830 ἄνθρωπον
3570 3761 4025 3828 ὃιατυττωθῆναιο

2456 3854 2644 3920 ἕτερον
2674 3854 2718 3905 δ’
2745 3850 2909 3903 αὐτοῦ
2942 3852 3099 3919 νέφος
3131 3852 3482 3905 ἀποσπασθὲν
3510 3853 3552 3882 ’⁷
3586 3852 3828 3904 ἐπεδίδου
3860 3870 3916 3903 τε
3952 3856 4026 3916 εἰς

2461 3941 2689 4009 μέγεθος
2722 3942 2853 4001 ἴσον,
2898 3941 2992 3991 καὶ
3024 3942 3102 4002 εἰς
3136 3940 3326 3993 λέοντα
3363 3941 3814 4008 διεσχηματὶζετο
3852 3944 3897 3972 ⁵⁸
3938 3941 4027 4008 θη-

2462 4033 2574 4100 ρίον
2603 4049 2615 4060 ·
2648 4033 2676 4081 ὁ
2708 4030 2763 4082 δὲ
2814 4030 3088 4098 ἠγρίαινε,
3122 4031 3215 4082 καὶ
3258 4030 3398 4098 μέγα
3444 4032 3628 4097 χάσμα
3663 4031 4028 4098 πεποιημένος

2460 4125 2488 4175 ὁ
2522 4125 2657 4174 λέων
2710 4121 2999 4173 καταπίνει
3043 4122 3133 4173 τὸν
3186 4120 3501 4189 ἄνθρωπον·
3534 4122 3571 4171 Γ
3574 4122 3712 4187 ὀτοῳ
3771 4121 3931 4189 ὲῲκει
3975 4125 4028 4172 τὸ

2458 4212 2797 4280 ἀνθρώπειον
2840 4210 2934 4261 καὶ
2968 4209 3319 4277 νεφοποξητον
3346 4208 3582 4261 εἴδωλον.
3642 4206 3765 4259 Ἐπὶ
3815 4209 3871 4259 δὲ
3923 4210 4026 4268 τοῖς

2462 4304 2743 4371 φάσμασιν
2773 4299 3197 4366 ὀλίγον·.επειτα
3252 4299 3340 4349 τὸν
3386 4300 3625 4367 ἡγεμόνα
3672 4300 3781 4351 τῶν
3823 4300 3860 4350 Γ
3864 4299 4028 4350 ὁτθων

2464 4395 2714 4461 ’Λσπερα
2738 4395 2782 4424 ⁹⁹
2829 4393 3081 4459 βασιλεὺς
3121 4394 3272 4445 Λέων
3320 4393 3698 4459 ἐδολοφόνησεν
3742 4392 3906 4442 αὑτὸν
3942 4390 4029 4441 καὶ

2460 4482 2670 4544 παῖδας.
2698 4480 2857 4553 [1044
2882 4480 2969 4551 IL]
2989 4481 3075 4545 Ἐξ
3100 4483 3304 4533 ἐκείνου
3318 4477 3409 4533 οὖν
3430 4482 3523 4533 τοῦ
3547 4483 3738 4551 χρόνου
3767 4482 4029 4549 διέμεινεν

787 4580 1041 4637 tanquam
1088 4587 1277 4623 canem
1338 4572 1554 4627 Orionis
1611 4577 1886 4628 venatoris
1942 4574 2195 4627 comitem
2236 4574 2358 4639 pin-
2389 4564 2437 4619 Ι)

2389 4564 2437 4619 D
2466 4575 2499 4640 ἡ
2535 4572 2804 4621 Ἀνθουσα
2833 4570 2960 4637 ἄχρι
2987 4570 3143 4639 δεῦρο
3172 4570 3258 4621 ἀεὶ
3283 4570 3674 4638 ἐπιτηδεύουσα
3712 4571 3804 4621 τὸν
3835 4572 4030 4638 τρόπον

785 4672 959 4727 gunt:
1020 4662 1147 4728 quin
1208 4663 1383 4731 potius
1438 4664 1489 4715 in
1528 4664 1665 4717 cmlo
1714 4664 1981 4731 depictum
2042 4666 2353 4717 ostendunt.

784 4751 981 4821 341a
1001 4752 1174 4819 Aliqui
1222 4768 1317 4820 per
1366 4754 1751 4820 impudentiam
1790 4763 1993 4807 statuas
2018 4756 2358 4823 l'regeruntet

786 4840 1160 4904 perdiderunt,
1185 4852 1237 4892 et
1259 4855 1413 4894 sacro
1437 4842 1636 4895 auxilio
1661 4842 1900 4895 destituti
1935 4844 2102 4904 cives,
2124 4844 2354 4897 luunana

786 4943 948 4995 opera
989 4938 1043 4981 et
1091 4940 1207 4984 arte
1239 4940 1449 4999 portum
1480 4934 1565 4984 vix
1599 4934 1699 4985 sibi
1739 4942 1952 4986 servant
1996 4930 2253 5001 IEgyptii.
2293 4934 2354 4986 lli

786 5019 1267 5086 persequebantur,
1316 5022 1519 5084 uxoris,
1562 5022 1801 5090 inquam,
1856 5023 2108 5084 ministri,
2168 5039 2355 5075 canent

787 5123 851 5159 ex
898 5108 1078 5163 Africa
1124 5110 1415 5180 fugientem
1458 5113 1778 5166 struthionis
1831 5112 2173 5180 diripieutcnt
2234 5128 2358 5166 car-

2462 4662 2563 4728 τῆς
2594 4661 2679 4711 διὰ
2704 4660 2807 4710 τῶν
2849 4659 3022 4724 νεφῶν
3064 4660 3329 4727 μαντικῆς
3380 4661 3759 4726 προγνώσεως.
3786 4662 3909 4711 “Uti
3940 4662 4030 4723 τὴν

2463 4752 2635 4803 Σῶθιν
2678 4753 2966 4817 Αἰγύπτιοι
3005 4752 3104 4819 τὴν
3142 4745 3281 4801 Ἶσιν
3320 4747 3456 4801 εἶναι
3491 4751 3855 4816 θεολογοῦσιν,
3898 4754 3945 4801 οἱ
3978 4752 4029 4801 ὗε

2464 4842 2723 4907 Ἕλληνες
2756 4843 2835 4902 εἰς
2862 4842 2953 4891 τὸν
2986 4841 3197 4909 Σείριον
3237 4842 3498 4905 ἀνάγουσι
3542 4841 3699 4893 τοῦτο
3729 4841 3790 4892 τὸ
3817 4843 4029 4910 ἄστρον,

2464 4934 2557 4985 καὶ
2590 4934 2665 4994 ὼς
2702 4934 2837 4985 κύνα
2870 4933 2960 4985 τὸν
3000 4933 3226 5001 Σείριον,
3261 4934 3457 4985 ὀπαδὸν
3494 4934 3585 4985 τοῦ
3623 4936 3877 5002 Ὠρίωνος
3908 4938 4029 4986 εντα

2470 5025 2923 5093 κυνηγετοῦντος,
2979 5024 3121 5076 οὕτω
3178 5026 3657 5093 διαζωγραφοῦσι,
3717 5029 3919 5095 μᾶλλον
3980 5027 4029 5077 Et

2470 5115 2910 5183 ἐντετυπωμένον
2984 5114 3059 5184 τῷ
3096 5115 3311 5185 οὐρανῷ
3348 5117 3668 5169 δεικνύουσι.
3726 5119 3888 5181 Τινὲς
3935 5117 3987 5168 δὲ
4013 5119 4026 5146 ί

2059 5262 2292 5317 VARI!!!
2334 5263 2735 5317 LECTIilNES.

942 5374 1383 5443 δυσχερανάντων
1411 5395 1469 5440 ς’.

790 5447 1058 5519 corr._A.
1134 5446 1178 5476 ⁸³
1228 5448 1376 5515 ὄρεσι
1415 5450 1451 5497 ll
1505 5465 1515 5498 :
1583 5446 1697 5519 ὄρει
1880 5456 1923 5483 ⁸³
1959 5451 2022 5505 αὖ
2058 5458 2094 5505 Λ
2146 5446 2365 5507 εσξὸτῶν
2398 5474 2455 5518 ς.

796 5528 857 5573 ς,
931 5514 975 5592 3‘
1011 5515 1105 5581 τὴν
1138 5514 1272 5567 milia
1298 5518 1359 5568 A.
1436 5518 1481 5547 ⁰⁸
1514 5514 1699 5589 ἀνδρὸς
1868 5524 1912 5554 ⁹⁵
1942 5524 2138 5592 τιῧξατο
2166 5545 2225 5589 ς.

798 5596 853 5642 ς.
931 5582 974 5615 "
1012 5586 1267 5654 ’Λσπαρα
1287 5584 1345 5637 Β.
1424 5590 1438 5618 ¹
1464 5582 1643 5643 (Itoni.
1678 5582 1741 5645 Α.

1544 5383 1605 5455 εἴ,
1639 5383 1959 5450 Βραχμά-,ες
1998 5386 2057 5455 -Β
2100 5404 2111 5437 ;
2171 5386 2488 5455 Πραχμάναι
2532 5403 2592 5448 ς.

2301 5528 2345 5555 9³
2376 5527 2598 5586 ἐπιστὰς
2621 5514 2826 5577 υίΙιΙίἏ.

2668 5385 2714 5423 ⁸⁸
2778 5387 2885 5436 πᾶν
2937 5401 3047 5456 orn.
3084 5384 3158 5456 B.
3220 5385 3264 5417 ⁸⁷
3312 5384 3553 5456 θυραῖον]

2532 5457 2576 5485 ¹⁵⁰
2610 5456 2962 5523 Βραχμάνους
2990 5455 3045 5507 Β.
3118 5455 3162 5485 ⁹¹
3204 5456 3319 5506 lihri
3352 5455 3590 5523 ἔχοντας.

2903 5527 2945 5556 ⁹⁷
2972 5525 3320 5576 ὑποσπασθὲν
3345 5542 3406 5586 ς.

3612 5387 3844 5454 θεωρεῖν
3902 5386 3939 5439 Β
3983 5397 4030 5437 οι

3682 5460 3727 5494 ⁹²
3756 5460 4027 5525 κατερεςῇ

3481 5526 3527 5555 ³⁸
3553 5528 3721 5594 διεσχ.
3752 5528 3816 5579 τὸ
3849 5528 4028 5597 θηρίον

2304 5688 2529 5744 ΝΟΤιΈ.

872 5768 978 5830 (2‘2)
1024 5770 1119 5824 Isis
1161 5772 1277 5828 dea.
1320 5771 1607 5840 Canicula,
1662 5776 1932 5831 Plutarch.
1976 5779 2062 5831 lih.
2108 5780 2177 5834 Dc
2215 5781 2356 5836 Iside
2392 5795 2439 5836 ct
2473 5785 2697 5837 ()siridc.
2736 5783 3036 5853 llorapollo,
3071 5785 3161 5837 lib.
3199 5799 3237 5850 ι,
3280 5782 3620 5853 llicroglyph.
3648 5799 3773 5854 Cap.
3815 5786 3869 5839 ὖ.
