4206 6436
236 409 373 474 1269

1294 411 1823 472 BlBLIOTIIECA.
1862 437 1930 447 —
1967 412 2133 472 COD.
2172 412 2445 473 CCXLII.

3366 406 3505 469 1270

226 521 418 572 ἔλαθον
444 519 501 572 τὸ
535 520 747 588 ίέρωμα
776 520 1106 583 κατάξαντες
1136 522 1229 574 καὶ
1250 522 1683 593 διαφθείραντες,
1711 521 1807 575 καὶ

1920 536 2008 576 nes
2046 540 2061 576 :
2098 522 2427 576 fodientibus
2473 534 2599 575 vero
2634 527 2881 589 apparet,
2914 518 3289 587 pmtniuetque
3361 516 3501 569 anti-

221 611 592 680 ἀπορούμενοι
624 610 942 680 τελεστικῆς
986 611 1237 681 βοηθείας
1283 616 1332 666 οί
1380 613 1666 684 ἐπιχώριοι
1710 614 1805 665 ἀν-

1915 614 2163 683 quissitni
2194 613 2378 682 templi
2412 611 2784 682 piunaculum.

222 704 471 773 θρωπίνῃ
497 702 702 771 σπουδῇ
730 703 825 754 καὶ
854 705 1018 773 τέχνῃ
1049 704 1142 756 τὸν
1174 705 1369 773 λιμένα
1401 707 1554 774 μόλις
1586 707 1801 768 ἑαυτοῖς
1841 704 2239 775 περισώζουσιν
2280 706 2331 757 οί
2371 703 2682 770 Αἰγύπτιοι.
2735 704 2798 755 Οί
2867 702 2924 755 δὲ
2980 701 3225 759 ἐδίωκον.
3277 701 3326 752 οἱ
3398 704 3498 771 τῆς

222 794 482 859 γυναικὸς
512 784 864 869 θεράποντες,
903 792 994 845 τὸν
1022 793 1161 846 κύνα
1193 794 1488 869 φεύγοντα,
1548 796 1649 863 τῆς
1717 795 1964 867 Λιδυκῆς
2004 794 2267 867 στρουθοῦ
2340 794 2410 848 τὰ
2459 794 2595 864 κρέα
2652 793 2997 862 ἁρπάσαντα.
3038 790 3407 861 Ὀρυττόντων
3437 796 3496 847 δὲ

222 885 528 938 ἀνακύπτει
561 884 656 937 καὶ
690 883 1006 951 ικφαίνεται
1051 886 1386 940 παλαιτάτου
1423 887 1527 940 νεὼ
1558 888 1809 957 ἀέτωμα.

294 980 421 1032 Ὅτι
450 980 480 1030 ὀ
515 978 811 1047 Ἑρμείας·
850 980 1005 1046 γένος
1036 979 1137 1047 μὲν
1163 974 1231 1048 ἦν
1265 979 1671 1050 Ἀλεξανδρεὺς,
1698 999 1806 1034 πα-

221 1070 329 1137 τὴρ
358 1069 403 1121 δ’
420 1070 735 1137 ’Δμμωνίου
763 1070 857 1121 καὶ
891 1068 1240 1138 Ἡλιοδώρου.
1272 1064 1441 1134 Οὗτος
1470 1073 1720 1141 επιεικὴς
1739 1069 1809 1143 ἦν

223 1160 325 1227 τὴν
351 1158 514 1227 φύσιν
543 1160 635 1211 καὶ⁵
661 1158 863 1220 ἀπλοῦς
894 1158 956 1211 τὸ
985 1155 1140 1229 ἦθος,
1164 1161 1471 1230 ἠκροάσατο
1498 1163 1554 1215 δὲ
1582 1164 1679 1215 καὶ
1702 1164 1810 1215 Συ-

226 1247 419 1319 ριανοῦ
467 1250 565 1302 σὺν
591 1248 839 1321 Πρόκλῳ.
869 1250 1162 1321 Φιλοπονίᾳ.
1196 1251 1293 1319 μὲν
1317 1246 1472 1315 οὗτος
1500 1253 1716 1317 οὐδενὸς
1741 1248 1811 1324 ἦν

223 1340 501 1410 δεύτερος,
550 1344 805 1409 ἀγχίνους
854 1340 911 1394 δὲ
947 1340 1098 1394 οῠτι³
1125 1341 1331 1412 σφόδρα
1370 1338 1605 1413 ἦνκούδὲ
1636 1342 1811 1411 λόγων

224 1432 461 1501 εὑρετὴς
511 1432 940 1494 ἀποδεικτικῶν,
986 1434 1105 1485 οὐδὲ
1139 1434 1387 1501 γενναῖος
1422 1433 1529 1501 ἄρα
1576 1433 1818 1505 ζητητὴς

224 1522 521 1592 ἀληθείας·
572 1523 768 1575 οὔκουν
819 1524 928 1576 οὐδ’
963 1519 1073 1587 οἷός
1123 1542 1183 1578 τε
1229 1526 1471 1592 ἐγεγόνει
1500 1526 1639 1596 πρὸς
1679 1529 1815 1580 ἀπο-

226 1614 459 1682 ροῦντας
482 1615 619 1667 κατά
641 1615 703 1667 τὸ
727 1617 994 1685 καρτερὸν
1014 1616 1693 1683 ἀνταγωνίζεσθαι,καίτοι
1710 1620 1813 1686 ὲμ-

224 1703 526 1771 ἐμνητοώς
556 1708 729 1757 είπεῖν
760 1707 976 1759 πάντων
1003 1701 1079 1760 ὧν
1110 1724 1170 1759 τε
1184 1707 1412 1776 ἀκηκόει
1439 1707 1535 1760 τοῦ
1563 1705 1692 1779 [555
1719 1708 1810 1779 Η.]

221 1797 551 1852 διδασκάλου
599 1800 964 1868 ἐξηγουμένου
1024 1805 1118 1853 καὶ
1179 1800 1289 1853 τῶν
1319 1804 1377 1855 ὲν
1434 1801 1660 1871 βιϐλίοις
1682 1804 1813 1856 ἀνα-

1985 977 2233 1032 Herutias
2255 974 2474 1029 natione
2499 972 2927 1037 Alexandrinus,
2962 984 3112 1043 pater
3142 975 3416 1029 Ammonii
3445 987 3501 1029 et

1914 1068 2210 1126 llelindori.
2245 1067 2343 1122 llic
2367 1066 2468 1120 fuit
2500 1074 2693 1119 natura
2726 1064 2905 1120 bonus
2924 1076 2979 1119 et
3003 1066 3255 1133 simplex,
3283 1068 3499 1125 auditor

1914 1160 2127 1233 Syriani
2160 1159 2273 1229 (l3)
2310 1174 2433 1213 cum
2465 1155 2681 1211 Proclo.
2715 1155 2942 1210 Laboris
2982 1157 3161 1211 studio
3196 1156 3326 1210 nulli
3361 1156 3501 1211 inle-

1913 1255 2064 1307 rior:
2103 1250 2275 1305 solers
2311 1256 2491 1302 tamen
2518 1261 2622 1301 non
2652 1246 2940 1300 admodum
2967 1244 3088 1310 fuit,
3124 1261 3225 1301 nec
3249 1245 3403 1300 lirma
3433 1247 3498 1300 ad

1916 1358 2028 1399 rem
2053 1350 2374 1411 argumenta
2399 1339 2642 1392 invenire
2662 1347 2898 1405 poterat,
2935 1353 3111 1407 neque
3140 1353 3369 1407 magnus
3400 1354 3498 1393 ve-

1913 1432 2090 1489 ritatis
2120 1431 2493 1501 investigator.
2530 1428 2710 1495 Quare
2740 1443 2846 1482 non
2880 1437 3092 1497 poterat
3122 1439 3313 1484 contra
3340 1429 3502 1483 dubi-

1915 1530 2089 1577 tantes
2111 1518 2327 1575 fortiter
2361 1519 2644 1583 dimicare,
2678 1519 2929 1586 quamvis
2962 1534 3026 1573 ea
3057 1520 3319 1574 memoria
3356 1520 3504 1575 vale-

1914 1621 2016 1675 ret,
2048 1625 2108 1669 ιιι
2148 1612 2403 1667 recitaret
2453 1624 2790 1680 qumcunqne
2832 1626 2861 1663 a
2903 1622 3231 1681 pra‘ceptore
3272 1612 3505 1667 docente

1912 1706 2244 1768 audivisset.
2300 1719 2528 1774 quaeque
2575 1704 2795 1770 scriptis
2857 1704 3107 1758 mandata
3139 1714 3343 1759 essent.
3394 1704 3502 1760 Sed

1918 1798 2115 1851 mentis
2160 1798 2412 1852 celeritas
2459 1811 2582 1850 cum
2611 1793 2859 1849 discendi
2892 1790 3072 1849 studio
3108 1810 3214 1851 non
3258 1796 3498 1866 vigebat.

222 1890 653 1958 γεγραμμένων.
674 1891 834 1943 Ἃ).λά
863 1892 923 1943 τὺ
958 1891 1313 1961 αὐτοκίνητον
1336 1892 1397 1945 οὺ
1427 1868 1721 1963 προσήνθει
1742 1898 1808 1963 τῇ

1924 1888 2121 1943 Virtuti
2169 1890 2440 1957 egregiam
2494 1901 2715 1954 Operam
2771 1887 3008 1949 navavit,
3067 1895 3126 1940 ut
3172 1886 3305 1941 nihil
3348 1887 3401 1941 in
3434 1902 3502 1942 eo

222 1980 542 2049 πολυμαθία
560 1980 600 2034 ⁸.
640 1982 721 2034 Τά
769 1981 825 2034 δὲ
870 1981 1004 2049 πρὸς
1057 1984 1257 2053 ἀρετὴν
1302 1980 1360 2037 εὖ
1410 1983 1638 2054 ἤσκητο,
1669 1984 1811 2039 ὥστε

226 2071 355 2140 μηδ’
386 2071 450 2125 ἂν
482 2071 574 2125 τὸν
616 2072 807 2142 μιῖιμον
850 2072 1014 2124 αὑτὸν
1046 2074 1507 2145 ὲπιμωμήσασοαι
1544 2077 1679 2145 μηδὲ
1725 2095 1814 2147 μι⁴

223 2166 394 2233 σῆσαι
441 2162 533 2215 τὸν
584 2162 798 2231 φθόνον.
847 2156 1016 2227 Οὗτος
1069 2165 1279 2217 ἰδιώτου
1330 2168 1457 2219 ποτὲ
1508 2169 1813 2233 πωλοῦντος

221 2254 378 2323 αὐτῷ
404 2255 629 2324 βιϐλίον,
664 2256 755 2309 καὶ
782 2256 1003 2309 ἔλαττον
1032 2257 1177 2327 ἥπερ
1220 2252 1287 2327 ἦν
1334 2258 1483 2323 ἀξιον
1508 2260 1810 2327 αίτοῦντος,

223 2345 596 2416 ἑπηνώρθωσέ
640 2365 699 2400 τε
746 2349 842 2418 τὴν
887 2348 1095 2418 πλάνην
1139 2350 1233 2401 καὶ
1267 2349 1511 2413 πλείονος
1543 2351 1811 2422 ὠνήσατο.

224 2440 336 2492 Καὶ
371 2442 469 2507 οὐχ
503 2439 649 2503 ἅπαξ
682 2440 777 2508 τὴν
807 2440 1155 2509 δικαιοσύνην
1192 2441 1394 2510 ταύτην
1418 2483 1433 2506 ,
1460 2437 1527 2513 ἧς
1566 2447 1676 2508 τοῖς
1720 2447 1815 2500 άλ-

222 2528 337 2591 λοις
362 2529 484 2582 οὑδὲ
515 2547 597 2592 τις
625 2525 729 2599 ἦν’
762 2531 1087 2599 ἐπιστροφὴ,
1111 2531 1246 2583 ἀλλά
1274 2532 1533 2597 πολλάκις
1557 2535 1598 2598 ⁸,
1626 2536 1815 2600 ὁσάκις

225 2620 547 2673 συνέϐαινεν
581 2623 797 2687 ἀγνοεῖν
843 2622 934 2674 τὸν
979 2623 1363 2692 πιπράσκοντα
1391 2624 1452 2676 τὸ
1478 2625 1688 2679 δίκαιον
1730 2628 1814 2681 τί-

226 2726 419 2778 μημα,
455 2710 821 2770 ἐπεδείκνυτο,
852 2711 913 2762 οὐ
948 2711 1085 2762 κατά
1110 2711 1236 2773 τοὺς
1264 2710 1457 2776 ἄλλους
1499 2714 1729 2781 ἀγαπῶν
1757 2717 1817 2769 τὸ

223 2800 481 2870 ἕρμαιον,
504 2801 621 2853 οὐδὲ
648 2801 880 2869 οἰηθεῖςτ
901 2801 1009 2869 ἄρα
1027 2802 1193 2869 μηδὲν
1217 2803 1443 2868 ἀδικεῖν,
1464 2807 1509 2855 εἰ
1524 2804 1665 2858 ἑκὼν
1680 2824 1790 2876 παρ
1805 2810 1819 2825 “

225 2892 449 2952 ἑκόντος
490 2892 668 2943 ὁτιοῦν
707 2894 985 2961 ἐωνήσατο
1010 2909 1022 2921 ·
1058 2895 1288 2963 καὶγὰρ
1327 2894 1549 2963 ἑνεδράν
1584 2914 1705 2948 τινα
1738 2894 1818 2949 εἷ-

226 2982 360 3034 ναι⁸
397 2982 473 3051 τῷ
504 2983 789 3052 πράγματι
818 2986 912 3036 καὶ
942 2984 1184 3054 ἀπάτην,
1215 2986 1276 3037 οὐ
1306 2985 1569 3053 λέγουσαν
1600 2990 1660 3040 τὸ
1686 2988 1819 3057 ψεῦ-

224 3072 345 3134 δος.
382 3073 517 3127 ἀλλά
549 3074 839 3127 σιωπῶσαν
868 3075 965 3143 τὴν
991 3074 1270 3144 ἀλήθειαν,
1305 3078 1627 3144 καὶζάδικίαν
1652 3075 1819 3133 οὖσαν

1918 1984 2125 2038 llomus
2152 1980 2267 2049 ipse
2294 1978 2714 2048 reprehendere,
2757 1992 2858 2031 nec
2897 1977 3034 2034 livor
3073 1978 3256 2034 odisse
3295 1990 3499 2048 posset.

1914 2078 2047 2133 Cum
2079 2076 2358 2145 imperitus
2385 2074 2433 2128 ei
2464 2074 2658 2127 librtnu
2684 2074 2958 2140 venderet,
2981 2084 3033 2127 et
3060 2074 3294 2143 pretium
3323 2074 3501 2128 minus

1914 2185 2074 2238 quam
2108 2168 2313 2223 valeret
2366 2168 2630 2237 exigeret,
2665 2167 2901 2221 hominis
2950 2181 3194 2221 errorem
3238 2166 3497 2228 correxit,

1916 2272 1970 2317 et
1999 2261 2168 2330 pluris
2216 2258 2367 2314 emit.
2430 2258 2536 2314 Nec
2587 2260 2757 2314 semel
2816 2258 2958 2312 hanc
3000 2257 3289 2326 justitiam,
3345 2256 3501 2327 cujus

1917 2351 2115 2405 nullam
2159 2350 2249 2404 alii
2294 2350 2556 2404 rationem
2608 2349 2829 2413 habent,
2856 2364 3041 2402 verum
3068 2349 3233 2401 etiam
3267 2346 3493 2417 smpins,

1917 2443 2126 2513 quoties
2151 2442 2484 2496 venditorem
2529 2440 2771 2495 debitum
2809 2441 3043 2508 pretium
3074 2440 3326 2509 ignorare
3364 2453 3499 2493 con-

1918 2529 2149 2602 tigisset,
2179 2532 2419 2586 ostendit
2455 2548 2468 2585 :
2499 2545 2607 2585 non
2636 2531 2864 2585 aliorum
2906 2546 3056 2585 more
3083 2530 3310 2584 fortuito
3348 2529 3503 2585 luero

1917 2626 2149 2689 deditus,
2185 2634 2335 2677 ratus
2362 2625 2599 2690 aliquant
2626 2636 2686 2677 se
2716 2623 2968 2691 injuriam
2999 2622 3293 2687 facturum,
3324 2622 3372 2677 si
3403 2636 3498 2675 vo-

1920 2720 2032 2773 lens
2061 2732 2089 2771 a
2124 2718 2335 2771 volente
2371 2716 2536 2769 etiam
2566 2715 2762 2786 quovis
2794 2716 2953 2769 modo
2984 2725 3209 2768 emeret.
3243 2712 3376 2766 Nam
3407 2713 3502 2766 do-

1920 2812 2027 2863 lum
2067 2809 2355 2878 quemdam
2388 2822 2508 2862 esse
2556 2808 2607 2860 in
2657 2816 2938 2862 contractu
2991 2817 3046 2860 et
3086 2806 3356 2870 fraudem,
3392 2820 3500 2859 non

1919 2901 2161 2953 indicare
2188 2914 2457 2963 errorem,
2502 2899 2596 2952 sed
2627 2898 2909 2952 veritatem
2941 2897 3243 2961 occultare,
3290 2906 3345 2951 et
3377 2912 3500 2949 cum

1921 2991 1994 3045 sit
2028 2988 2223 3058 injuria
2269 3005 2372 3043 non
2406 2990 2640 3042 violenta
2685 2990 2779 3042 sed
2822 2986 3063 3053 fortuita,
3102 2988 3389 3057 plerosque
3420 2986 3504 3039 la-

1920 3092 2058 3145 tere,
2086 3097 2186 3137 nec
2212 3083 2379 3136 furari
2417 3080 2643 3150 aliquid,
2680 3081 2851 3133 instar
2881 3079 3173 3136 latronum.
3203 3094 3325 3133 cum
3358 3078 3507 3146 peri-

227 3165 516 3218 λανθάνειν
546 3166 670 3227 τοὺς
700 3167 945 3231 πολλοὺς,
970 3169 1031 3220 οὐ
1058 3169 1251 3238 βίαιον,
1278 3170 1412 3223 ἀλλά
1424 3171 1756 3240 κλοπιμαίαν
1773 3174 1816 3239 ⁸,

270 3255 282 3268 1
306 3254 342 3271 5|
369 3255 410 3271 In
458 3254 470 3271 9
592 3255 602 3265 ⁸
642 3254 663 3271 θ
744 3256 757 3271 1
1003 3258 1019 3271 ι
1174 3260 1195 3268 -ν
1258 3259 1301 3271 -ο
1496 3258 1509 3270 ι
1540 3258 1551 3271 ι
1590 3253 1597 3260 ⁸

1925 3172 2065 3236 culo,
2106 3174 2201 3228 sed
2255 3186 2285 3225 a
2336 3172 2453 3240 lege
2498 3170 2717 3240 quidem
2759 3169 2987 3233 absolvi,
3019 3169 3286 3238 justitiam
3320 3177 3502 3222 autem

227 3254 342 3306 οὐδ’
369 3255 410 3283 ³⁸
455 3254 790 3307 ἐπικίνδυνόν
836 3273 957 3309 τινα
1003 3258 1198 3327 λῃστοῦ
1252 3259 1409 3327 δίκην
1460 3253 1817 3325 κλέπτουσαν,

230 3345 351 3396 ἀλλ’
373 3344 478 3396 ὑπὸ
510 3345 607 3413 μὲν
638 3345 729 3397 τοῦ
758 3346 922 3415 νόμου
959 3348 1286 3419 ἀφειμένην,
1306 3350 1366 3402 τὸ
1389 3349 1442 3402 δὲ
1466 3349 1668 3402 δίκαιον
1693 3350 1822 3401 ἀνα-

229 3434 562 3504 τρέπουσαν.
628 3436 752 3488 Ὀτι
800 3441 828 3489 ὁ
865 3439 904 3468 ¹¹
959 3440 1185 3507 ἀδελφος
1230 3439 1489 3509 Ἑρμείου
1522 3440 1823 3510 Γρηγόριος

232 3526 384 3578 ἅπαν
409 3522 480 3595 ἦν
512 3527 842 3589 τούναντίον,
874 3530 1130 3597 ὀξύτατος
1164 3531 1263 3601 μὲν
1285 3533 1363 3594 είς
1395 3531 1700 3600 ὑπερϐολὴν
1728 3531 1825 3583 καὶ

232 3617 523 3685 εὐκίνητος
556 3619 647 3669 ἐπὶ
668 3619 709 3647 ¹¹
746 3622 840 3682 τὰς
872 3620 1127 3689 ζητήσεις
1160 3623 1253 3675 καὶ
1277 3622 1376 3685 τὰς
1404 3622 1700 3692 μαθήσεις,
1732 3621 1827 3675 άλ-

233 3709 347 3771 λως
366 3708 422 3761 δὲ
443 3712 539 3779 οὐχ
569 3711 790 3779 ἡσύχιος
814 3714 933 3765 οὐδὲ
965 3716 1208 3786 γαλήνην
1234 3718 1293 3768 ὲν
1321 3719 1432 3779 τοῖς
1456 3718 1615 3788 ἤθεσι
1642 3717 1825 3787 φέρων

232 3798 379 3863 τινὰ,
410 3800 546 3852 ἀλλά
570 3818 621 3852 τι
649 3804 739 3853 καὶ
762 3807 1219 3876 παρακεκινηκὼς
1238 3808 1283 3839 ¹³
1300 3825 1313 3839 ο
1337 3807 1565 3878 ὕστερον
1586 3808 1628 3839 ιθ
1652 3807 1707 3859 δὲ
1732 3806 1827 3858 καὶ

232 3892 305 3959 τῇ
334 3890 473 3960 νόσῳ
497 3892 638 3945 ἑάλω
660 3894 751 3945 ἐπὶ
782 3895 960 3958 πλέον,
984 3897 1125 3949 ὥστε
1146 3897 1481 3969 δύσχρηστον
1510 3897 1676 3951 αὐτοῦ
1714 3898 1823 3959 τοῖς

233 3983 522 4051 λογισμοῖς
545 3985 637 4036 καὶ
661 3986 793 4037 πολὺ
820 3987 1191 4055 παραλλάττον
1212 3989 1465 4055 γενέσθαι
1486 3990 1545 4041 τὸ
1567 3990 1819 4058 ὄργανον.

238 4074 363 4127 Ὀτι
409 4073 484 4143 τῷ
516 4074 742 4145 Ἑρμεία
788 4078 851 4128 ἐκ
896 4078 993 4147 τῆς
1027 4079 1275 4140 Αίόεσίας
1310 4078 1682 4149 πρεσΰύτερον
1716 4080 1825 4132 τὼν

237 4164 550 4233 φιλοσόφων
584 4165 747 4216 υἱέων
776 4166 1015 4219 τίκτεται
1051 4167 1285 4230 παιδίον,
1319 4167 1412 4220 καὶ
1438 4170 1471 4236 ή
1502 4168 1719 4220 Λίδεσία
1748 4169 1826 4238 τῷ

236 4257 349 4307 υἱεῖ
378 4256 517 4308 ἐπτά
541 4256 717 4325 μῆνας
747 4258 854 4311 ἀπὸ
885 4259 1151 4324 γενέσεως
1180 4258 1369 4326 ἄγοντι
1401 4259 1735 4329 προσέπαιζε
1766 4277 1823 4312 τε

234 4340 328 4397 οἷα
354 4346 522 4409 εἰκὸς,
553 4348 645 4398 καὶ
674 4346 860 4416 βάϐιον
896 4348 989 4401 καὶ
1021 4350 1231 4403 παιδίον
1254 4350 1505 4404 ἀνεκάλει
1530 4351 1593 4413 ¹⁸,
1626 4352 1828 4403 ὑποκομ

236 4436 466 4506 ρίζουσα
494 4436 593 4508 τὴν
622 4439 904 4507 φωνήν.’0
948 4439 1004 4491 δὲ
1053 4440 1291 4503 ἀκούσας
1340 4440 1687 4511 ἠγανάκτησε
1734 4443 1827 4493 καὶ

1923 3277 2289 3331 corrumpere.
2354 3260 2553 3314 Habuit
2614 3260 2839 3313 fratrem
2897 3258 3222 3328 Gregorium
3276 3259 3504 3312 omnino

1924 3358 2266 3419 dissimilem,
2315 3356 2436 3426 plus
2483 3356 2651 3408 nimio
2692 3365 2936 3419 acutum,
2966 3366 3021 3407 et
3066 3354 3131 3407 ad
3176 3354 3507 3423 quastiones

1923 3460 1978 3504 et
2025 3448 2342 3517 disciplinas
2386 3448 2737 3516 expeditum;
2796 3446 3129 3512 cmteroquin
3176 3446 3505 3515 inquietum.

1926 3555 2025 3595 nec
2052 3539 2278 3609 placidis
2321 3538 2582 3601 moribus,
2629 3537 2722 3591 sed
2756 3536 2999 3590 nonnihil
3047 3546 3241 3590 emota:
3287 3536 3506 3591 mentis.

1926 3632 2051 3686 Post
2075 3641 2256 3686 autem
2288 3629 2481 3685 crebro
2517 3630 2706 3681 morbo
2736 3638 3021 3696 correptus
3047 3637 3153 3687 est.
3184 3637 3244 3680 ut
3279 3627 3509 3682 rationis

1926 3738 2023 3776 usu
2056 3736 2245 3790 parum
2274 3721 2497 3781 valeret,
2522 3718 2718 3788 3511i
2756 3728 2812 3772 et
2849 3733 3109 3788 organum
3142 3717 3297 3772 valde
3326 3726 3507 3771 mnta-

1927 3822 2095 3867 retur.
2128 3812 2297 3867 Natus
2329 3818 2412 3865 est
2440 3810 2673 3864 Hermia:
2702 3826 2769 3864 ex
2826 3808 3047 3866 Edesia
3082 3811 3247 3876 illius,
3281 3820 3509 3866 exteros

1927 3902 2369 3969 philosophorum
2400 3900 2537 3955 lilios
2566 3914 2868 3968 superans:
2895 3910 2950 3954 et
2985 3899 3203 3955 Edesia
3238 3916 3360 3956 cum
3396 3900 3510 3954 ﬁlio

1921 3993 2033 4060 jam
2064 4001 2273 4058 septem
2309 3999 2436 4043 nato
2466 4002 2701 4054 menses,
2734 3998 2794 4043 ut
2838 3988 2955 4043 fieri
3001 4000 3169 4055 amat,
3196 3990 3506 4058 iocabatur,

1926 4092 1979 4134 et
2021 4080 2243 4134 Dubium
2287 4087 2345 4133 et
2375 4078 2610 4147 puellum
2654 4091 2785 4132 voce
2826 4077 3147 4132 diminutiva
3181 4078 3506 4148 appellabat.

1928 4174 2087 4227 Pater
2133 4171 2357 4224 audiens
2421 4179 2757 4238 conquestus
2800 4177 2904 4234 est,
2946 4182 3002 4223 et
3047 4169 3318 4237 increpuit
3366 4170 3510 4224 hanc

1929 4262 2189 4331 puerilem
2232 4262 2671 4324 diminutionem,
2712 4270 2767 4314 et
2801 4260 3143 4313 articulatam
3180 4260 3509 4328 increpando

1929 4370 2111 4410 vocem
2149 4352 2418 4422 protulit:
2466 4352 2680 4420 aliaque
2722 4352 2888 4403 multa
2918 4352 2987 4405 de
3034 4351 3125 4405 illo
3169 4364 3339 4419 puero
3368 4349 3505 4404 mira

1928 4450 2201 4510 dicuntur,
2248 4458 2371 4498 eum
2421 4441 2632 4498 scilicet
2684 4443 2847 4495 vitam
2894 4442 2945 4494 in
2980 4456 3209 4511 corpore
3233 4455 3341 4496 non
3368 4441 3505 4495 tole-

234 4531 541 4598 ἐπετίμησε
581 4530 671 4581 τὸν
718 4530 966 4583 παιδικὸν
992 4534 1179 4584 τοῦτον
1211 4532 1580 4603 ύποκορισμὸν
1606 4572 1623 4592 ,
1662 4535 1757 4585 καὶ
1784 4533 1817 4563 “

1934 4548 2101 4600 rasse,
2149 4534 2245 4588 sed
2280 4533 2509 4601 septimo
2547 4546 2692 4586 anno
2735 4532 2918 4585 vivere
2963 4532 3213 4596 desiisse,
3252 4547 3352 4587 nec
3388 4533 3511 4599 eius

232 4619 653 4689 διηρθρωμένην
692 4621 789 4691 τὴν
825 4623 1140 4693 ἐπιτίμησιν
1174 4624 1495 4690 ἐξενεγκὼν.
1534 4625 1645 4677 Kal.
1688 4624 1824 4678 ἄλλα

232 4711 294 4763 δὲ
324 4710 494 4761 πολλά
522 4711 651 4780 περὶ
680 4712 773 4763 τοῦ
798 4712 987 4775 παιδος
1015 4713 1206 4766 τούτου
1228 4714 1593 4782 τερατο).ογεῖ,
1620 4716 1714 4766 καὶ
1741 4715 1824 4766 ὅτι

233 4802 337 4853 οὐκ
369 4802 691 4871 ἀνεχόμενος
720 4803 819 4873 τὴν
864 4805 923 4855 ἐν
971 4806 1183 4875 σώματι
1214 4805 1359 4875 ζωὴν
1389 4807 1525 4859 ἑπτὰ
1554 4806 1693 4860 ὲτῶν
1727 4806 1821 4860 τοῦ

236 4893 356 4962 βίον
385 4893 596 4965 ἀπέστη
616 4910 631 4923 ο
658 4895 719 4946 ού
743 4896 853 4964 γὰρ
883 4895 1078 4965 ἐχώρει
1112 4896 1277 4948 αὑτοῦ
1308 4898 1407 4965 τὴν
1431 4897 1609 4966 ψυχὴν
1635 4900 1664 4950 ὁ
1692 4899 1821 4968 περὶ

233 4984 343 5051 γῆν
374 4984 458 5036 ὅδε
488 4983 667 5047 τόπος.
700 4984 870 5038 Βάόια
901 4986 958 5038 δὲ
988 4988 1036 5038 oi
1065 4986 1225 5056 Σύροι
1247 5028 1262 5049 ,
1292 4988 1384 5039 καὶ
1416 4988 1652 5056 μάλιστα
1676 4990 1726 5041 οί
1759 4990 1819 5041 ὲν

238 5076 536 5146 Δαμασκῷ,
565 5080 631 5131 τά
662 5079 852 5146 νεογνὰ
898 5078 1121 5132 καλούσι
1155 5080 1359 5148 παιδία,
1392 5081 1489 5152 ἤδη
1520 5081 1577 5134 δὲ
1614 5083 1710 5133 καὶ
1751 5082 1820 5135 τὰ

1926 4626 2164 4678 animant
2197 4631 2510 4676 terrestrem
2541 4621 2774 4691 aliquem
2828 4622 3005 4675 locum
3038 4623 3337 4690 excepisse.
3383 4621 3504 4691 Syri

1927 4726 1982 4771 et
2010 4717 2244 4768 maxime
2268 4715 2359 4783 qui
2393 4714 2446 4767 in
2484 4713 2747 4767 Damasco
2781 4712 3049 4775 habitant,
3095 4728 3291 4782 pueros
3318 4728 3506 4768 recens

1927 4817 2084 4861 natos
2130 4804 2295 4860 Babia
2348 4814 2560 4859 vocant.
2608 4802 2727 4859 Jam
2783 4819 2911 4858 vero
2955 4814 3009 4859 et
3061 4804 3432 4860 adolescentes
3474 4821 3504 4857 a

1925 4899 2025 4950 dea
2059 4896 2243 4960 Babia,
2279 4910 2404 4964 qnte
2430 4894 2571 4962 apud
2603 4896 2723 4950 illos
2753 4904 2973 4964 putatur
2997 4908 3140 4958 esse,
3178 4894 3260 4948 sic
3286 4903 3503 4949 vocant.

1925 4986 2044 5041 Jam
2079 4988 2224 5041 enim
2256 4984 2495 5039 nonnulli
2516 5001 2728 5048 eorum,
2758 4986 2849 5054 qui
2870 4999 3031 5039 aures
3052 4982 3257 5038 fractas
3280 4984 3503 5047 habent,

1926 5090 1979 5134 et
2020 5093 2243 5132 sensum
2276 5078 2647 5145 depravatum,
2691 5077 2744 5130 in
2777 5078 3102 5130 comtediam
3144 5085 3202 5130 et
3246 5076 3297 5127 in
3336 5076 3503 5129 risum

1516 5191 1745 5249 νΑιιιΑῑ
1780 5188 2184 5247 LECTIONES.

359 5281 381 5311 '
421 5278 710 5355 Ἑρμείας]
837 5278 1037 5355 Sttiilas
1058 5282 1143 5355 _h.
1199 5297 1252 5337 v.
1344 5354 1360 5355 ί
1385 5281 1542 5355 ’,οὔτι
1562 5313 1632 5323 -
1653 5278 2028 5355 οὐδένας-οὗτε
2052 5308 2130 5355 Δ-ὶ-
2155 5275 2277 5355 οὔτε
2303 5294 2366 5342 ς.
2401 5347 2424 5355 _
2560 5273 2856 5355 φιλομαθίᾳ
2888 5291 2949 5339 ς’.
2976 5274 3083 5355 τη
3104 5275 3167 5327 τὸ
3317 5346 3337 5355 Δ
3382 5271 3503 5355 ’.ἦν

237 5350 365 5405 athl.
434 5345 498 5405 Δξ
524 5345 536 5349 “
604 5352 625 5382 ⁸
659 5345 795 5404 ἀλλά
823 5354 917 5404 καὶ
955 5352 1107 5407 πολλ.
1165 5369 1222 5415 ς’.
1343 5354 1361 5383 ⁷
1389 5352 1497 5415 ἄρα
1526 5355 1564 5405 Δ
1591 5366 1715 5404 cum
1771 5351 1933 5404 Suida
1964 5366 2014 5403 v.
2052 5348 2309 5415 Ἑρμαῖον
2350 5364 2364 5399 :
2398 5347 2479 5400 ὅτι
2508 5363 2570 5410 ς.
2712 5347 2733 5377 ⁸
2767 5359 2945 5400 nonne
2972 5345 3213 5398 ἐνεῖναιῖ
3317 5346 3337 5377 ⁹
3370 5345 3497 5399 κλο-

236 5422 465 5489 πιμαῖον
491 5419 552 5475 Α.
631 5421 676 5453 ⁸⁸
707 5420 820 5475 οὔθ’
850 5438 910 5485 ς.
989 5424 1030 5453 ¹¹
1062 5424 1091 5474 ὁ
1114 5439 1222 5475 οιιι.
1264 5423 1328 5477 Α.
1408 5419 1450 5452 ¹¹
1482 5420 1593 5522 ἐπὶ]
1624 5420 1716 5472 ἐπί
1745 5438 1806 5473 τε
1832 5420 2028 5473 Suidas
2050 5420 2125 5486 (ν.

237 5506 268 5523 ..
306 5490 570 5523 ιιι-..ιιιαμὶι
601 5490 822 5523 ιιςειηι-ςσ.
864 5491 1225 5523 ηιιιιη....ιι.;η..
1256 5492 1473 5523 ΔιιιὶΛηῖΙ
1599 5492 1618 5523 ι
1645 5489 2085 5523 ηηηηνρνιυηνιςο
2121 5487 2125 5523 l

236 5506 268 5542 e
306 5487 571 5543 llantascii
601 5490 823 5543 historia
864 5491 1227 5560 philosophica
1254 5492 1496 5561 apponit.
1576 5487 1618 5523 ε’
1645 5489 2085 5559 παρακεκινηκὸς
2121 5487 2179 5541 ιι.

236 5562 317 5632 εἰς
336 5559 748 5632 Ἀλεξάνδρειαν
784 5560 1011 5632 ὕστερον
1047 5563 1241 5617 Snidas
1268 5577 1282 5614 :
1315 5565 1453 5617 idem
1477 5577 1600 5617 mox
1632 5577 1740 5615 ont.
1766 5561 1877 5621 τοῖς
1898 5558 2202 5629 λογισμοῖς.

236 5506 268 5542 e
306 5490 571 5561 υαιιιεισοὶἰ
601 5490 823 5561 historia
864 5491 1227 5560 philosophica
1254 5492 1496 5561 apponit.

240 5630 403 5683 ὑποκ.
438 5630 595 5699 τορόν
624 5629 686 5683 Β.

1343 5354 1361 5383 ⁷
1389 5352 1497 5420 ἄρα
1526 5355 1564 5405 Δ
1591 5366 1715 5404 cum
1771 5351 1933 5404 Suida
1964 5366 2014 5403 v.
2052 5348 2309 5468 Ἑρμαῖον
2350 5364 2364 5399 :
2398 5347 2479 5400 ὅτι
2508 5363 2570 5410 ς.

1408 5422 1450 5452 ⁸⁸
1482 5420 1593 5468 ἐπὶ]
1624 5420 1716 5468 ἐπί
1745 5438 1806 5468 τε
1832 5420 2028 5468 Suitlas
2050 5420 2125 5468 (ν.
2179 5416 2463 5468 ὀηγόοιος
2493 5418 2570 5468 ἀδε

2202 5417 2463 5538 ρηγξρὲος
2493 5415 2771 5539 deﬁgi”,
2826 5415 2916 5481 qui
2964 5418 3065 5503 hoc
3130 5415 3498 5485 fragmentum

2412 5502 2600 5539 στιοον
2659 5484 2706 5539 .l
2749 5488 2871 5537 ἐπεὶ
2919 5486 2975 5537 δὲ
3051 5483 3333 5539 Αθήνηθεν
3363 5478 3498 5539 ἧκεν

2288 5478 2600 5569 ³⁸’.ύστερον
2627 5478 2871 5571 δὲ[ὲπε1
2919 5486 2975 5537 δὲ
3034 5478 3333 5553 Ἀθήνῆθεν
3363 5478 3500 5564 ἧκεν

2280 5556 2325 5588 ⁸⁸
2355 5554 2631 5628 ανικάλει]
2655 5574 2723 5610 αυ
2752 5553 2935 5608 ἐκάλει
2966 5555 3026 5607 Β.
3107 5556 3149 5585 ¹⁶
3180 5554 3344 5607 ὑποκ.
3384 5554 3501 5624 καὶ,

1749 5693 1981 5750 ΝΟΤᾸΞ.

310 5793 425 5861 (15)
464 5792 656 5847 Suidas
699 5794 750 5849 in
786 5791 1001 5846 Hermia
1035 5789 1311 5859 legendus.
