4206 6436
277 420 413 483 12Ἷ3
1348 418 1704 481 BIBLIOTII
1716 416 1848 477 ECA

1955 440 1970 451 -
1993 413 2154 475 COD.
2191 412 2466 475 CCXLII.
3399 417 3537 483 1274

279 528 574 598 ἐπορεύετο
618 528 717 599 ⁸ι’ῆς
765 531 1100 598 φιλοσοφίας,
1131 530 1268 585 ἀλλά
1297 531 1395 601 τὴν
1442 531 1853 601 κεχαραγμένη

1971 527 2113 581 viam
2152 527 2345 590 tenuit,
2383 524 2475 579 sed
2508 536 2627 591 qum
2675 521 2938 577 adversus
2998 522 3440 590 reprehensiones
3488 538 3546 587 et

274 621 414 687 πρὸς
466 620 685 688 ἐλεγχόν
730 637 790 670 τε
839 622 933 673 καὶ
979 622 1246 690 λοιδορίαν
1278 622 1373 673 καὶ
1406 622 1489 673 τὸν
1521 621 1759 689 μάλιστα
1790 620 1853 689 δὴ

1963 620 2192 673 risiones
2248 627 2360 671 tuta
2402 626 2484 670 est
2519 616 2807 683 ﬁrmaque.
2841 624 2896 669 et
2925 615 2989 667 ad
3024 614 3264 671 laborem
3301 634 3398 687 pro
3430 624 3541 675 vir-

272 711 439 762 πόνον
473 709 613 778 ὑπὲρ
642 710 863 779 ἀρετῆς.
884 711 1197 764 ’Υπεδέδετο
1225 713 1269 764 δ’
1296 707 1449 774 οὗτος
1476 714 1791 777 σπανιάκις,
1818 711 1850 781 ἢ

1966 718 2078 766 tute
2096 710 2516 779 suspiciendmn.
2536 707 2734 762 Rarius
2761 706 3034 774 induebat,
3053 709 3137 763 vel
3165 710 3541 779 iphicratidas,

279 800 645 862 τὰςἈττικὰς
691 803 1029 870 ίφικρατίδας
1076 802 1108 871 ἦ
1162 803 1230 855 τὰ
1279 804 1481 873 συνήθη
1533 804 1787 857 σανδάλια
1810 803 1853 836 ³⁸

1963 801 2046 856 vel
2087 801 2281 855 usitata
2317 799 2553 854 sandalia
2589 799 2723 868 (Η).
2743 794 2903 854 Visus
2922 810 3004 855 est
3024 815 3541 871 corporenunqunm

274 909 340 941 πε
354 892 706 959 ριδεδεμένος.
736 891 896 963 [1048
922 892 1012 965 8.]
1039 893 1318 961 Ἐφαίνετο
1336 895 1379 926 ³⁸
1399 896 1454 948 δὲ
1482 896 1736 947 οὐδέποτε
1762 894 1852 946 ἐπὶ

1968 894 2056 946 diu
2089 892 2357 957 inllrmus,
2416 908 2515 946 nec
2554 893 2737 947 animo
2775 905 2937 962 aeger.
2983 891 3111 957 Sed,
3155 902 3211 944 ut
3239 894 3341 945 dici
3378 895 3537 960 solet,

277 984 529 1034 πλεῖστον
551 982 739 1051 χρόνον
766 982 890 1035 οὔτε
924 986 1221 1054 ἀρρωστῶν
1247 986 1309 1037 τὸ
1338 985 1496 1056 σῶμα
1521 986 1643 1039 οὗτε
1674 986 1853 1039 ταλαιε

1964 995 2142 1038 erecta
2190 986 2402 1039 cervice
2454 985 2691 1039 laborem
2742 986 2980 1045 subibat.
3031 986 3253 1037 honesta
3305 984 3433 1037 item
3488 997 3542 1038 et

275 1074 631 1140 πωρούμενος
660 1073 758 1141 τὴν
786 1073 985 1143 ψυχὴν.
1016 1075 1150 1127 ἀλλὰ
1181 1075 1275 1141 (τὸ
1297 1077 1609 1145 λεγόμενον)
1648 1075 1853 1142 εὺλόφῳ

1968 1074 2253 1130 laudabilia
2283 1080 2479 1140 studia,
2505 1089 2556 1131 et
2588 1077 2639 1131 id
2674 1092 2844 1147 genus
2870 1076 2970 1129 alia
3006 1077 3224 1129 ltomine
3258 1077 3435 1144 digna.

274 1164 465 1233 αύχένι
521 1163 618 1233 τὴν
650 1164 880 1233 ἄσκησιν
931 1166 1184 1233 ὑπέμενε.
1238 1167 1395 1219 Καλὰ
1454 1169 1549 1220 καὶ¹
1605 1167 1894 1231 ἀξιέπαινα
1925 1167 2317 1239 πολιτεύματα,
2384 1171 2477 1223 καὶ
2533 1170 2633 1222 ὃσα
2695 1168 2918 1222 τοιαῦτα
2980 1168 3538 1237 φιλανθρωπεύματα·

351 1256 476 1328 [557
539 1256 630 1329 IL]
684 1259 743 1309 Ὀ
795 1260 1178 1329 Καρχηδονίων
1209 1260 1461 1329 βασιλεὺς
1501 1260 1853 1330 Γεζέριχοςπι

2040 1262 2536 1334 Cartltaginensium
2591 1278 2679 1316 rex
2715 1260 3066 1321 Gezerichus,
3099 1259 3286 1312 audito
3342 1258 3544 1310 liomn-

274 1350 518 1410 ἀκούσας
554 1349 628 1411 ὡς
679 1350 728 1401 οί
768 1349 1025 1417 Ῥωμαῖοι
1065 1350 1155 1402 τὸν
1204 1351 1488 1421 σύμμαχον
1514 1354 1700 1414 αὐτοῖς
1733 1368 1836 1404 κατ

1973 1366 2071 1405 nos
2118 1354 2237 1408 dolo
2277 1364 2330 1408 et
2363 1354 2555 1424 3&2b
2598 1364 2792 1421 praeter
2822 1352 3187 1420 juramentum
3222 1387 3236 1412 ,
3310 1348 3541 1401 Marcel-

277 1440 445 1492 αὐτοῦ
476 1439 846 1509 Μαρκελλῖνον
865 1441 909 1472 ³⁸
940 1440 1073 1509 δόλῳ
1102 1443 1195 1494 καὶ
1222 1444 1371 1511 παρᾶ
1394 1443 1519 1504 τοὺς
1545 1444 1741 1512 ὅρκους
1768 1445 1853 1495 ἀν·

1982 1440 2177 1504 linnm,
2199 1442 2293 1510 qui
2326 1452 2511 1495 contra
2543 1457 2601 1496 se
2635 1458 2755 1495 cum
2794 1443 2873 1495 eis
2919 1442 3265 1509 belligeraret
3338 1440 3545 1493 intere-

275 1533 443 1596 εἷλον,
476 1530 617 1600 ἥσθη
649 1547 708 1582 τε
744 1530 884 1598 ἄγαν
914 1533 1005 1583 ἐπὶ
1039 1534 1158 1593 ταῖς
1204 1533 1385 1584 ἐλπίσι
1426 1536 1525 1603 τῆς
1554 1534 1729 1604 νίκης,
1766 1535 1853 1586 καὶ

1980 1531 2163 1593 misse,
2209 1546 2404 1600 magno
2445 1532 2638 1601 gaudio
2663 1532 2835 1586 elatus
2882 1540 2981 1597 est,
3042 1545 3138 1596 spe
3188 1532 3449 1593 victorim,
3491 1540 3547 1583 et

276 1620 459 1686 ἔδοξεν
490 1618 767 1690 εἰρηκέναι
811 1620 969 1685 λόγον
1008 1621 1069 1671 ού
1118 1621 1469 1691 Καρχηδονίῳ
1512 1624 1853 1692 προσήκοντα

1970 1618 2183 1673 locutus
2229 1632 2312 1674 est
2350 1624 2512 1675 verba
2553 1637 2656 1674 non
2674 1620 3181 1689 Cartltaginensem,
3216 1620 3309 1672 sed
3338 1619 3544 1671 Roma-

274 1711 416 1763 ἀλλὰ
448 1713 702 1780 Ῥωμαίῳ
724 1711 959 1780 βασιλεῖ’
987 1712 1110 1774 τοὺς
1131 1714 1239 1782 γάρ
1261 1730 1340 1765 τοι
1373 1714 1672 1782 Ῥωμαίους
1696 1714 1853 1781 ἔφατε

1969 1726 2094 1762 ιιιιιη
2128 1711 2505 1780 imperatorem
2539 1713 2783 1766 decentia
2829 1728 2843 1764 :
2880 1709 3136 1776 Romani,
3172 1712 3369 1779 inquit,
3404 1712 3544 1763 sini-

272 1807 339 1872 τῇ
380 1804 641 1872 ἀριστερᾷ
674 1803 818 1871 χειρὶ
848 1804 1118 1871 ἀποκόψαι
1165 1804 1263 1874 τὴν
1313 1804 1590 1868 δεξιάν.Ὀ
1614 1805 1668 1857 δὲ
1696 1807 1859 1876 Μαρ-

1965 1809 2073 1853 atra
2102 1817 2265 1853 manu
2294 1805 2557 1855 dexteram
2590 1811 2949 1867 antputnrunt.
3020 1800 3360 1855 Marcellinus
3410 1816 3544 1856 vero

273 1892 519 1953 κελλίνος
572 1891 669 1959 τῆς
717 1892 1013 1961 Δαλμάτων
1032 1894 1075 1925 ³⁹
1126 1887 1194 1964 ἦν
1238 1893 1419 1963 χώρας
1472 1892 1853 1957 αὐτοδέσποτος

1970 1888 2265 1956 Dalmatiae,
2283 1893 2365 1944 cui
2386 1906 2507 1944 cum
2530 1893 2753 1959 imperio
2772 1893 3134 1959 pra-erat,dux
3153 1893 3393 1955 erat,sed
3414 1908 3546 1962 geu-

272 1984 524 2052 ἡγεμὼν,
550 1982 749 2052 Ἕλλην
778 1959 874 2052 την
888 1982 934 2014 ⁸⁸
977 1959 1159 2048 δόξαν..
1193 1959 1376 2037 ’ότι-ό
1405 1984 1727 2047 Σαλούστιος
1772 1986 1852 2048 είς

1967 1981 2095 2035 tilis.
2123 1980 2388 2035 Salustius
2408 1982 2696 2048 inspiciens
2720 1982 3002 2033 obviorum
3044 1981 3251 2043 oculos,
3284 1982 3547 2049 [praedixit

270 2073 404 2134 τοὺς
425 2072 533 2124 τῶν
560 2074 993 2143 ἐντυγχανόντων
1024 2074 1336 2143 ὀφθαλμοὺς
1366 2076 1584 2145 ἀφορῶν
1626 2074 1853 2147 προέλε-

272 2179 373 2230 γεν
407 2164 660 2215 ἑκάστοτε
694 2164 792 2234 τὴν
841 2164 986 2235 βίιιιδι
1018 2166 1386 2235 γενησομένην
1413 2167 1627 2235 ἑκάστῳ
1659 2166 1851 2219 τελευ-

270 2258 399 2323 τήν.
442 2255 553 2324 Τὴν
590 2254 635 2306 δ’
667 2256 845 2308 αἰτίαν
888 2256 985 2321 τῆς
1029 2255 1387 2323 προγνώσεως
1413 2256 1522 2309 οὐδ’
1553 2256 1713 2318 αὐτὸς
1740 2252 1852 2325 εἶχε

272 2346 506 2415 φράζειν
526 2360 539 2375 ·
577 2345 755 2399 καίτοι
782 2348 1038 2417 ἐπειρᾶτο
1058 2347 1102 2379 δ’
1123 2347 1471 2418 ἐρωτώμενος
1491 2348 1551 2401 τὸ
1577 2348 1851 2401 σκοτεινὸν

270 2437 385 2488 τῶν
410 2435 701 2504 ὀφθαλμῶν
736 2438 1010 2490 αἰτιᾶσθαι
1038 2438 1130 2491 καὶ
1159 2438 1427 2507 ἀχλυώδες
1460 2439 1553 2490 καὶ
1591 2437 1848 2508 νοτισμοῦ

274 2530 499 2598 μεστὸν,
527 2524 637 2582 οἷον
670 2530 763 2582 ἐπὶ
790 2529 1005 2582 πένθεσι
1035 2532 1150 2593 ταῖς
1177 2532 1363 2601 κόραις
1393 2532 1579 2595 αὑταῖς
1610 2532 1848 2602 ἐμφερό-

275 2639 464 2692 μενον.
491 2622 598 2674 Kal.
629 2622 891 2691 Οὐράνιόν
920 2639 1039 2674 τινα.
1067 2622 1256 2691 ὄνομα,
1274 2623 1577 2690 Ἀπαμείας
1594 2622 1642 2654 ⁸³
1670 2624 1768 2693 τῆς
1793 2626 1850 2675 ὲν

272 2714 450 2784 Συρία
484 2713 708 2783 πολίτην
739 2715 830 2767 καὶ
871 2715 1109 2783 ἄρξαντα
1144 2714 1478 2783 Καισαρείας
1518 2715 1615 2783 τῆς
1655 2715 1712 2767 ὲν
1744 2715 1852 2767 Πα-

270 2805 546 2876 λαιστίνῃ,
578 2807 685 2858 ἀπὸ
729 2807 835 2859 τῶν
884 2806 1176 2876 ὀφθαλμῶν
1199 2806 1484 2877 γνωρίζειν
1524 2806 1616 2859 τὸν
1664 2809 1850 2876 ὅμοιον

268 2897 477 2967 τρόπον
506 2898 629 2960 τοὺς
660 2898 1027 2967 πολυαράτους
1050 2899 1250 2966 γόητάς
1274 2914 1426 2966 φησι.
1456 2897 1565 2951 Kal.
1593 2898 1775 2966 Νόμον
1794 2898 1850 2950 δέ

271 3006 400 3042 τινα
444 2988 714 3058 τοῦνομα,
750 2990 974 3059 πολίτην
1002 2989 1152 3052 ῖδιον,
1180 2991 1208 3042 6
1243 2989 1589 3058 συγγραφεὺς
1636 2988 1852 3055 λέγειδδ

269 3080 387 3135 ἀπὸ
436 3082 535 3150 τῆς
583 3081 724 3133 κατὰ
764 3082 833 3133 τὰ
860 3081 1081 3150 ὄμματα
1118 3080 1225 3133 τῶν
1254 3081 1691 3149 ἐντυγχανόντων
1725 3081 1851 3143 θέας

269 3173 404 3232 τοὺς
458 3171 820 3233 λανθάνοντας
868 3171 1247 3237 ἐπιγινώσκειν
1290 3170 1504 3239 φονέας.
1556 3170 1613 3224 '0
1658 3171 1713 3224 δὲ
1762 3172 1852 3223 τὸν

270 3264 498 3328 Αἰγαῖον
545 3260 982 3331 διαπεραιωθεὶς,
1033 3264 1060 3313 6
1096 3260 1383 3329 Ἰσίδωρος,
1432 3262 1526 3313 καὶ
1577 3260 1739 3324 αὐτὸς
1796 3262 1851 3314 δὲ

1969 2072 2282 2140 frequenter
2300 2072 2523 2139 singulis
2554 2071 3101 2125 tnortemviolenlam.
3138 2071 3365 2125 Causam
3386 2088 3544 2134 vero,

1952 2179 2058 2234 qua
2108 2174 2233 2217 ante
2275 2173 2637 2233 praenosceret
2671 2205 2685 2229 ,
2718 2180 2784 2218 ne
2836 2165 2947 2234 ipse
2978 2166 3193 2232 quidem
3234 2167 3413 2219 dicere
3454 2180 3550 2233 po-

1965 2266 2126 2319 terat,
2159 2271 2467 2326 quanquam
2494 2258 2857 2326 interrogatus
2880 2261 3235 2327 pra-tenderet
3267 2258 3546 2311 oculorum

1951 2347 2337 2401 obscuritatem
2392 2358 2446 2401 et
2486 2348 2755 2413 tenebras,
2795 2358 2847 2401 et
2912 2347 3136 2402 humore
3176 2348 3360 2415 plenos
3402 2362 3546 2401 esset

1954 2438 2130 2505 qualis
2161 2438 2212 2490 in
2239 2439 2382 2491 luctu
2426 2438 2640 2506 pupillis
2676 2439 2805 2505 ipsis
2834 2439 3112 2492 oculorum
3147 2442 3539 2492 contineretur.

1953 2530 2020 2584 Et
2047 2529 2425 2598 aitquemdam
2462 2527 2716 2583 Uranium
2751 2530 2988 2590 nomine,
3013 2531 3347 2598 Apamennm
3371 2532 3545 2583 civem

1952 2624 2004 2677 in
2022 2621 2634 2693 Syria,etdominantem
2654 2622 2911 2675 Caesarea:
2928 2623 2977 2673 iu
2999 2620 3304 2685 Palaestina,
3323 2638 3387 2675 ex
3412 2637 3548 2676 ocu-

1952 2716 2018 2770 lis
2052 2729 2212 2769 nosse
2233 2715 2418 2767 eodem
2457 2714 2615 2766 modo
2634 2714 2893 2781 plurimos
2913 2714 3328 2782 praestigiatores
3355 2715 3549 2768 admo‘

1952 2804 2078 2859 dum
2101 2806 2462 2859 exsecrandos
2484 2821 2498 2870 ;
2520 2812 2573 2858 et
2598 2806 2885 2871 quemdam
2918 2804 3145 2857 Nomum
3176 2806 3372 2869 civem,
3410 2806 3541 2861 Sum

1955 2907 2167 2959 auctur,
2219 2896 2316 2960 ait,
2353 2911 2417 2949 ex
2447 2897 2562 2949 visu
2591 2893 2871 2949 oculorum
2918 2899 3338 2961 occurrentimu,
3374 2900 3545 2951 laten-

1957 2999 2036 3040 tes
2058 2987 2354 3041 homicidas
2375 2988 2675 3055 agnovisse.
2698 2987 2931 3041 lsidorus
2954 2999 3005 3040 et
3027 2990 3139 3057 ipse
3170 2989 3539 3058 Asclepiades,

1960 3093 2081 3131 cum
2118 3079 2457 3147 traiecissent
2488 3094 2637 3132 mare
2652 3077 2892 3148 Eg'eum
2925 3118 2940 3143 ,
2975 3082 3122 3133 aiunt
3169 3096 3228 3135 se
3254 3082 3449 3136 vidisse
3489 3083 3543 3136 iu

1973 3166 2194 3220 ﬂumine
2221 3166 2337 3220 Nilo
2360 3168 2659 3231 cmsarietn,
2683 3168 2815 3219 mira
2838 3170 3214 3237 magnitudine
3239 3178 3295 3222 et
3334 3170 3532 3226 forma.

1971 3262 2166 3313 Statim
2190 3273 2317 3313 vero
2344 3261 2659 3313 comedente
2682 3270 2908 3329 utroque
2923 3263 3075 3327 juxta
3112 3260 3288 3313 Nilum
3330 3264 3541 3331 (aderat

288 3350 716 3420 Ἀσκληπιάδης,
752 3349 990 3418 ἔφασκεν
1029 3350 1331 3420 ἑωρακέναι
1361 3349 1641 3417 πλόκαμον
1690 3353 1749 3403 ὲν
1788 3352 1853 3421 τᾷ

1969 3362 2024 3405 et
2043 3354 2230 3404 tertius
2242 3361 2430 3405 noster
2446 3352 2815 3422 philosophus)
2832 3368 2959 3406 accu
2969 3354 3106 3406 rrita
3131 3353 3252 3407 Nilo
3266 3358 3541 3419 caesaries,

274 3440 457 3512 Νείλῳ
488 3438 717 3510 ποταμῷ
737 3442 780 3474 ⁸⁸
809 3441 1084 3509 δαιμόνιον
1109 3440 1168 3491 τὸ
1195 3439 1424 3509 μέγεθος
1445 3440 1535 3492 καὶ
1559 3440 1619 3493 τὸ
1645 3440 1859 3503 κάλλος.

275 3532 445 3595 Αὖθις
488 3532 545 3583 δέ
590 3548 717 3584 ποτε
751 3532 901 3600 παρά
929 3531 1004 3599 τῷ
1032 3531 1208 3600 Νείλῳ
1227 3531 1269 3562 ⁸⁸
1299 3532 1648 3599 ἑστιωμένοις
1683 3534 1863 3601 ἀμφο-

274 3625 457 3696 τέροις
480 3624 685 3695 (παρῆν
705 3624 761 3677 δὲ
787 3626 850 3676 ὲκ
879 3623 1079 3694 τρίτων
1111 3624 1204 3676 καὶ
1227 3622 1271 3653 ⁸⁷
1302 3626 1329 3675 6
1356 3624 1623 3691 ἡμέτερος
1648 3625 1861 3692 φιλόσο⁹

1971 3451 2030 3493 ιιι
2078 3442 2382 3505 videbatur,
2412 3442 2649 3509 quinque
2694 3442 2994 3496 cubitorum
3028 3453 3124 3497 :et
3173 3446 3273 3497 alia
3298 3459 3536 3500 monstra

1970 3530 2351 3587 narratJuxta
2371 3532 2885 3604 Heliopolinb‘yrite,
2920 3536 2994 3588 ait
3054 3537 3428 3604 Asclepiadem
3476 3538 3531 3591 in

1968 3636 2201 3679 montem
2233 3622 2421 3677 Libani
2463 3627 2790 3691 ascendisse,
2823 3637 2876 3680 et
2904 3628 3101 3680 vidisse
3133 3630 3299 3681 multa
3345 3627 3543 3682 betulia

274 3717 397 3787 φος)
429 3716 728 3785 ἀνέδραμεν
759 3714 867 3767 ἀπὸ
911 3714 1004 3766 τοῦ
1034 3714 1277 3783 ποταμοῦ
1313 3713 1592 3783 πλόκαμος
1628 3716 1704 3777 ώς
1735 3716 1853 3768 ἰδεῖν

1964 3717 2046 3769 vel
2078 3715 2291 3776 battula,
2338 3713 2405 3767 de
2435 3715 2631 3781 quibus
2662 3716 2825 3769 multa
2885 3719 3225 3786 prodigiose.
3273 3720 3543 3788 dignaque

273 3808 647 3877 πεντάπηχυς.
694 3808 800 3861 Καὶ
868 3804 1037 3857 πολλὰ
1094 3804 1317 3856 τοιαῦτα
1375 3804 1635 3874 φάσματα
1690 3806 1853 3874 λέγει.

1968 3806 2240 3875 itupioore
2269 3809 2631 3874 prosequitur,
2671 3810 2907 3877 dicitque
2933 3824 2989 3862 se
3023 3821 3077 3862 et
3120 3808 3379 3863 lsidorum
3430 3812 3545 3863 lucc

277 3901 399 3956 Ὀτι
425 3900 564 3954 κατὰ
589 3900 684 3969 τὴν
715 3897 1054 3952 Ἡλιούπολιν
1080 3896 1177 3962 τῆς
1204 3896 1401 3966 Συρίας
1423 3897 1502 3959 είς
1534 3897 1657 3967 ὅρος
1682 3897 1743 3948 τὸ
1766 3898 1853 3950 τοῦ

1967 3906 2151 3967 postea
2175 3898 2392 3950 vidisse.
2413 3894 2579 3949 Sacra
2607 3900 2887 3967 progenies
2901 3914 2996 3967 pcr
3016 3913 3075 3953 se
3094 3899 3229 3953 vixit
3242 3902 3401 3953 vitam
3420 3899 3541 3955 feli-

276 3990 509 4045 Λιϐάνου
545 3989 635 4041 τὸν
663 3986 1065 4057 ’Δσκληπιάδην
1098 3984 1337 4037 ἀνελθεῖν
1383 4000 1550 4052 φησι,
1582 3985 1677 4037 καὶ
1732 3986 1853 4039 ἰδεῖν

1966 4004 2082 4043 cem
2117 3997 2166 4039 et
2218 3987 2379 4055 piam,
2408 3988 2831 4057 pltilosoplticam
2854 4028 2870 4054 ,
2918 3990 3328 4057 divinarumque
3363 4005 3541 4045 rerum

275 4080 452 4133 πολλὰ
476 4079 587 4130 τῶν
621 4076 929 4145 λεγομένων
964 4074 1304 4143 βαιτυλίων⁸⁸
1336 4073 1367 4142 ἢ
1405 4073 1699 4141 βαιτύλων,
1735 4082 1853 4148 περῒ

1974 4078 2449 4145 investigatricem,
2487 4091 2676 4132 sancto
2709 4080 2833 4147 igne
2868 4093 2992 4132 aras
3024 4081 3405 4134 accenderunt.

275 4171 352 4231 ὧν
386 4176 555 4244 μυρία
585 4175 930 4245 τερατολογιῐ
955 4175 1078 4239 ἄξια
1107 4176 1356 4246 γλώσσης
1388 4175 1711 4245 άσεὸούσης.
1742 4180 1903 4248 Λέγει
1958 4182 2014 4235 δὲ
2066 4180 2159 4231 καὶ
2211 4177 2399 4230 ἑαυτὸν
2470 4176 2563 4229 καὶ
2647 4175 2739 4227 τὸν
2804 4178 3069 4247 Ἰσίδωρον
3146 4181 3317 4234 ταῦτα
3365 4182 3543 4253 χρόνῳ

274 4266 503 4335 ὕστερον
520 4262 914 4318 θεάσασθαι.Ἦ
936 4262 991 4315 δὲ
1017 4264 1137 4332 ἱερὰ
1162 4265 1323 4331 γενεά
1343 4264 1463 4317 καθ’
1481 4266 1676 4336 ἑαυτὴν
1699 4266 1845 4340 διέςη
1889 4271 2002 4339 βίον
2034 4268 2255 4337 θεοφιλῆ
2288 4267 2380 4321 καὶ
2403 4267 2718 4337 εὐδαίμονα,
2752 4267 2844 4320 τόν
2908 4286 2966 4321 τε
3000 4269 3394 4340 φιλοσοφοῦντα
3448 4268 3544 4327 καὶ

272 4361 366 4413 τὸν
389 4359 457 4410 τὰ
480 4358 598 4409 θεῖα
627 4354 1016 4423 θεραπεύοντα.
1059 4356 1334 4409 Ἀνέκαιον
1364 4356 1494 4427 ὁσίῳ
1521 4359 1655 4426 πυρὶ
1679 4361 1803 4423 τοὺς
1845 4362 2078 4433 βωμούς.

350 4454 472 4505 Ὀτι
501 4451 600 4519 ἡδ’
631 4448 892 4519 πάρδαλις
924 4450 1031 4513 ἀεὶ,
1056 4450 1208 4518 φησι,
1245 4449 1371 4519 διψῇ
1392 4451 1459 4513 ⁸⁸,
1500 4452 1527 4502 6
1561 4450 1712 4520 ἱέραξ
1758 4454 1847 4506 οὐ-

2030 4453 2273 4507 Pardalis
2290 4467 2502 4519 semper
2528 4453 2663 4515 sitit,
2689 4452 2949 4520 accipiter
2966 4469 3238 4523 nunquam
3264 4498 3279 4521 ,
3308 4457 3539 4527 ideoque

271 4545 463 4597 δέποτε
487 4560 500 4572 ·
536 4542 615 4595 διδ
664 4542 954 4603 σπανιάκις
1002 4542 1189 4610 ὁρᾶται
1221 4542 1411 4595 πίνων.
1456 4541 1515 4593 Ὀ
1546 4543 1850 4596 ίπποπότα--

1955 4544 2130 4599 rarius
2147 4543 2358 4597 videtur
2376 4540 2578 4605 bibere,
2611 4542 3031 4610 Hippopotamus
3054 4543 3165 4613 (15)
3202 4546 3398 4611 injusta
3424 4548 3538 4601 bel-

275 4654 374 4706 μος
426 4636 606 4688 ἄδικον
654 4633 825 4698 ζῶον,
868 4631 991 4686 ὅθεν
1040 4634 1134 4685 καὶ
1181 4635 1237 4684 έν
1289 4635 1403 4695 τοῖς
1454 4634 1853 4702 ίερογλυφικοῖς

1963 4634 2074 4698 lua,
2112 4634 2252 4686 unde
2284 4644 2339 4687 et
2391 4634 2442 4685 in
2495 4633 2923 4703 hieroglyplticis
2954 4636 3065 4703 (l6)
3099 4634 3293 4691 litteris
3340 4642 3536 4692 crude-

273 4728 598 4797 γράμμασιν
640 4723 852 4777 ἀδικίαν
879 4722 1031 4792 δηλοῖ
1052 4738 1066 4752 ο
1099 4723 1190 4776 τὸν
1218 4722 1325 4793 γὰρ
1359 4723 1569 4794 πατέρα
1596 4726 1853 4777 ἀποκτεί-

1972 4725 2176 4777 litatem
2224 4722 2516 4790 siguillcat,
2578 4734 2787 4791 patrem
2841 4733 3017 4787 necat,
3072 4736 3299 4779 matrem
3349 4728 3535 4781 violat.

273 4838 371 4881 νας
403 4818 645 4887 βιάζεται
687 4817 783 4886 τὴν
830 4818 1058 4886 μητέρα.
1103 4816 1159 4868 '0
1197 4814 1388 4885 σοῦχσς
1414 4815 1651 4879 δίκαιος·
1686 4818 1853 4886 ὄνομα

1964 4815 2178 4868 Suebus
2202 4812 2526 4880 verojustns
2543 4823 2648 4879 est,
2681 4815 2821 4882 quod
2847 4828 3037 4869 nomen
3052 4815 3247 4887 353a
3277 4819 3540 4873 crocodili

272 4912 328 4964 δὲ
352 4910 693 4982 κροκοδείλου
720 4911 813 4963 καὶ
842 4905 978 4972 εἶδος
999 4911 1026 4961 6
1049 4908 1236 4978 σοῦχος
1253 4925 1267 4938 θ
1293 4910 1351 4961 ού
1378 4909 1485 4980 γὰρ
1514 4910 1691 4962 ἀδικεῖ
1717 4910 1853 4973 ζῶον

1962 4914 2017 4957 et
2045 4904 2255 4969 species
2289 4912 2401 4956 est:
2444 4902 2645 4957 nullum
2684 4905 2828 4957 enim
2866 4905 3064 4957 animal
3102 4906 3267 4961 ltedit.
3315 4907 3525 4963 Duode-

1592 5018 1825 5073 VARIIE
1864 5015 2269 5072 LECTIONES.

344 5141 389 5172 "
418 5137 673 5191 σανδάλια
698 5134 735 5187 Β
759 5154 771 5188 :
800 5134 1034 5188 σάνδαλα
1056 5135 1129 5197 Ac
1151 5148 1271 5188 cum
1302 5133 1465 5186 Suida
1493 5150 1541 5186 ν.
1575 5133 1953 5201 Ἰφικρατίδες.
2020 5132 2074 5203 ξ·
2098 5131 2187 5203 cf.
2214 5132 2408 5203 Sttidas
2434 5146 2485 5185 ν.
2513 5131 2785 5199 Εύλόφως.
2864 5134 2907 5165 ³⁷
2939 5134 3220 5203 Γιζέριχος
3245 5136 3309 5189 Α.
3390 5136 3437 5168 ³⁸
3472 5137 3537 5203 de

274 5210 592 5264 Marcellino
622 5210 696 5259 cl'.
733 5204 929 5258 Snidas
959 5208 1013 5258 lt.
1045 5220 1095 5257 v.
1201 5204 1242 5235 ”
1263 5203 1543 5269 δελμάτων
1568 5200 1637 5256 Αζ
1711 5204 1755 5234 ⁵ο
1782 5203 1903 5272 τὴν]
1928 5218 1985 5253 τε
2016 5201 2075 5257 Β.
2116 5271 2127 5272 7
2151 5202 2193 5232 “
2221 5200 2332 5272 pia]
2355 5201 2532 5272 βιαίαν
2555 5203 2620 5254 Α.
2697 5202 2741 5232 ⁸⁸
2778 5200 3101 5272 ὲπεπείρατό
3126 5200 3185 5267 ςλ.
3265 5206 3310 5237 ⁸³
3356 5200 3535 5258 Ἀπαζ

278 5284 432 5346 μείαε
458 5279 555 5344 τῆς
580 5276 637 5338 Β,
658 5278 908 5345 ’Λπάμας
935 5276 1033 5346 τῆς
1069 5276 1111 5326 Α
1139 5268 1483 5346 εἈπανάστη
1513 5290 1573 5346 ς,
1601 5343 1609 5346 _
1650 5272 1695 5346 δέ
1723 5268 1904 5346 λέγειῖ
1931 5271 2173 5346 φησιν-Β.
2222 5268 2294 5302 ἠδ’
2316 5268 2397 5346 ἓν,
2410 5271 2488 5346 τῷ
2504 5273 2661 5346 νείλῳ
2677 5268 2982 5346 ἑωρακέναι
3000 5273 3231 5346 ποταμῷ
3256 5276 3539 5346 πλόκαμον

276 5341 337 5404 Β.
412 5349 457 5381 ⁸⁸
491 5341 581 5400 τὸν
602 5341 889 5409 Νεῖλονς.
968 5343 1011 5374 ’⁵⁷
1046 5345 1138 5396 καὶ
1156 5353 1211 5397 et
1232 5358 1355 5397 mox
1382 5341 1481 5412 τῆς
1511 5343 1635 5397 add.
1663 5344 1728 5395 Α.
1804 5344 1848 5373 ’⁸⁸
1882 5341 2196 5409 βαιτουλίων
2220 5357 2281 5405 ς.
2354 5341 2398 5372 ⁴⁹
2428 5344 2460 5411 ἡ
2487 5345 2610 5396 add.
2637 5345 2700 5398 A.
2756 5341 2825 5374 7"
2849 5346 2979 5414 φησι
3016 5344 3143 5415 διψῇ
3184 5341 3265 5397 Ᾱε
3314 5341 3534 5415 διψᾷς,

1802 5457 2035 5513 NOTAE.

346 5580 458 5648 (l6)
526 5579 599 5632 De
650 5580 749 5633 hoc
788 5577 1134 5631 calceamenti
1200 5592 1414 5646 genere.
1447 5592 1568 5648 gnos
1616 5590 1683 5629 ex
1706 5572 1850 5628 Julio
1960 5574 2255 5648 tarcltusiu
2306 5573 2447 5648 (side
2495 5577 2771 5648 etOsiride
2814 5575 3081 5647 Egyptiis
3142 5580 3531 5648 impudentiam

274 5645 513 5706 Polluce.
544 5650 771 5715 aliisque
808 5650 869 5700 ad
907 5647 1076 5700 l’rncli
1099 5645 1609 5703 Cbrcstomathiatn.
1747 5714 1753 5715 γ
1957 5645 2264 5715 signiﬁcare
2286 5646 2378 5705 ait,
2413 5656 2463 5715 et
2502 5645 2764 5715 Clemens
2794 5645 2948 5699 lib—ir
2983 5645 3243 5702 Str-omni.

346 5720 457 5788 (t5)
500 5712 944 5786 llippnpotamns.
974 5717 1048 5771 De
1076 5719 1176 5772 boc
1213 5716 1455 5788 ﬂuviatili
1492 5730 1632 5782 equo
1659 5714 1846 5788 eadem
2027 5712 2141 5788 ('6)
2184 5712 2468 5788 llorapollo
2497 5714 2590 5788 lib.
2626 5732 2661 5775 ι,
2693 5732 2815 5781 cap.
2845 5716 2934 5782 56,
2958 5735 3116 5788 quem
3171 5721 3331 5773 etiam
3398 5735 3543 5774 cono

276 5782 503 5855 Plinius,
545 5782 780 5853 selinus,
812 5798 863 5841 et
886 5790 1201 5843 Ammianus
1223 5785 1582 5851 Marcellinus,
1629 5792 1685 5839 et
1718 5782 1841 5838 Plu-
1957 5784 2073 5839 sule
2089 5786 2153 5839 de
2175 5785 2466 5849 crocodlo,
2491 5785 2676 5851 acluro,
2701 5798 2807 5841 etc.
