  <div class='ocr_page' id='page_1' title='image "/cluster/home/n/w/nwhite01/storage/ocr_20150623/103/nnc1.0046979689/663.png"; bbox 0 0 4206 6436; ppageno 0'>
   <div class='ocr_carea' id='block_1_1' title="bbox 727 380 863 444">
    <p class='ocr_par' dir='ltr' id='par_1_1' title="bbox 727 380 863 444">
     <span class='ocr_line' id='line_1_1' title="bbox 727 380 863 444; baseline 0.007 -1"><span class='ocrx_word' id='word_1_1' title='bbox 727 380 863 444; x_wconf 74' lang='grc'><strong>1279</strong></span> 
     </span>
    </p>
   </div>
   <div class='ocr_carea' id='block_1_2' title="bbox 1854 377 2808 438">
    <p class='ocr_par' dir='ltr' id='par_1_2' title="bbox 1854 377 2808 438">
     <span class='ocr_line' id='line_1_2' title="bbox 1854 377 2808 438; baseline -0.001 0"><span class='ocrx_word' id='word_1_2' title='bbox 1854 377 2112 438; x_wconf 81' lang='lat' dir='ltr'><strong>PlIOTIl</strong></span> <span class='ocrx_word' id='word_1_3' title='bbox 2154 377 2589 437; x_wconf 78' lang='lat' dir='ltr'><strong>PATRIARCH</strong></span> <span class='ocrx_word' id='word_1_4' title='bbox 2601 378 2661 437; x_wconf 58' lang='lat' dir='ltr'><strong>1E</strong></span> <span class='ocrx_word' id='word_1_5' title='bbox 2701 379 2808 438; x_wconf 80' lang='lat' dir='ltr'><strong>CP.</strong></span> 
     </span>
    </p>
   </div>
   <div class='ocr_carea' id='block_1_3' title="bbox 3827 382 3967 450">
    <p class='ocr_par' dir='ltr' id='par_1_3' title="bbox 3827 382 3967 450">
     <span class='ocr_line' id='line_1_3' title="bbox 3827 382 3967 450; baseline 0.029 -4"><span class='ocrx_word' id='word_1_6' title='bbox 3827 382 3967 450; x_wconf 78' lang='grc'><strong>1280</strong></span> 
     </span>
    </p>
   </div>
   <div class='ocr_carea' id='block_1_4' title="bbox 722 484 2311 563">
    <p class='ocr_par' dir='ltr' id='par_1_4' title="bbox 722 489 2286 563">
     <span class='ocr_line' id='line_1_4' title="bbox 722 489 2286 563; baseline -0.003 -19"><span class='ocrx_word' id='word_1_7' title='bbox 722 495 952 563; x_wconf 62' lang='grc' dir='ltr'>ιμεεςίιιιε</span> <span class='ocrx_word' id='word_1_8' title='bbox 1000 489 1179 544; x_wconf 85' lang='lat' dir='ltr'><strong>iilccra</strong></span> <span class='ocrx_word' id='word_1_9' title='bbox 1208 490 1361 544; x_wconf 71' lang='lat' dir='ltr'><strong>dircta</strong></span> <span class='ocrx_word' id='word_1_10' title='bbox 1393 489 1687 555; x_wconf 66' lang='lat' dir='ltr'><strong>pellebant,</strong></span> <span class='ocrx_word' id='word_1_11' title='bbox 1714 503 1969 542; x_wconf 89' lang='lat' dir='ltr'><strong>venarum</strong></span> <span class='ocrx_word' id='word_1_12' title='bbox 2016 490 2286 542; x_wconf 81' lang='lat' dir='ltr'><strong>sectiones</strong></span> 
     </span>
    </p>
   </div>
   <div class='ocr_carea' id='block_1_5' title="bbox 2413 484 3980 563">
    <p class='ocr_par' dir='ltr' id='par_1_5' title="bbox 2413 484 3980 559">
     <span class='ocr_line' id='line_1_5' title="bbox 2413 484 3980 559; baseline 0.008 -22"><span class='ocrx_word' id='word_1_13' title='bbox 2413 488 2449 539; x_wconf 75' lang='grc' dir='ltr'><strong>ἱὲ</strong></span> <span class='ocrx_word' id='word_1_14' title='bbox 2496 490 2697 557; x_wconf 82' lang='grc' dir='ltr'>σιδήρῳ</span> <span class='ocrx_word' id='word_1_15' title='bbox 2727 490 2819 540; x_wconf 70' lang='grc' dir='ltr'>καὶ</span> <span class='ocrx_word' id='word_1_16' title='bbox 2847 488 2983 557; x_wconf 70' lang='grc' dir='ltr'>πυρὶ</span> <span class='ocrx_word' id='word_1_17' title='bbox 3011 487 3073 539; x_wconf 82' lang='grc' dir='ltr'><strong>οὑ</strong></span> <span class='ocrx_word' id='word_1_18' title='bbox 3127 487 3246 540; x_wconf 87' lang='grc' dir='ltr'>λίαν</span> <span class='ocrx_word' id='word_1_19' title='bbox 3276 484 3418 558; x_wconf 78' lang='grc' dir='ltr'>ἦσαν</span> <span class='ocrx_word' id='word_1_20' title='bbox 3464 490 3691 559; x_wconf 74' lang='grc' dir='ltr'>ῑτοιμοι,</span> <span class='ocrx_word' id='word_1_21' title='bbox 3720 492 3857 545; x_wconf 75' lang='grc' dir='ltr'>ἀλλὰ</span> <span class='ocrx_word' id='word_1_22' title='bbox 3885 492 3980 549; x_wconf 71' lang='grc' dir='ltr'>καὶ</span> 
     </span>
    </p>
   </div>
   <div class='ocr_carea' id='block_1_6' title="bbox 723 580 2293 651">
    <p class='ocr_par' dir='ltr' id='par_1_6' title="bbox 723 580 2293 651">
     <span class='ocr_line' id='line_1_6' title="bbox 723 580 2293 651; baseline -0.006 -12"><span class='ocrx_word' id='word_1_23' title='bbox 723 583 1091 651; x_wconf 93' lang='lat' dir='ltr'><strong>repudiabant.</strong></span> <span class='ocrx_word' id='word_1_24' title='bbox 1151 582 1353 634; x_wconf 87' lang='lat' dir='ltr'><strong>Divites</strong></span> <span class='ocrx_word' id='word_1_25' title='bbox 1408 594 1607 635; x_wconf 84' lang='lat' dir='ltr'><strong>sanans</strong></span> <span class='ocrx_word' id='word_1_26' title='bbox 1664 580 1907 633; x_wconf 73' lang='lat' dir='ltr'><strong>hortatus</strong></span> <span class='ocrx_word' id='word_1_27' title='bbox 1938 591 2044 641; x_wconf 89' lang='lat' dir='ltr'><strong>est,</strong></span> <span class='ocrx_word' id='word_1_28' title='bbox 2078 589 2129 631; x_wconf 91' lang='lat' dir='ltr'><strong>ut</strong></span> <span class='ocrx_word' id='word_1_29' title='bbox 2158 594 2293 645; x_wconf 88' lang='lat' dir='ltr'><strong>pau-</strong></span> 
     </span>
    </p>
   </div>
   <div class='ocr_carea' id='block_1_7' title="bbox 722 669 2289 745">
    <p class='ocr_par' dir='ltr' id='par_1_7' title="bbox 722 669 2289 745">
     <span class='ocr_line' id='line_1_7' title="bbox 722 669 2289 745; baseline -0.003 -19"><span class='ocrx_word' id='word_1_30' title='bbox 722 678 939 745; x_wconf 79' lang='lat' dir='ltr'><strong>peribus</strong></span> <span class='ocrx_word' id='word_1_31' title='bbox 979 674 1364 742; x_wconf 77' lang='lat' dir='ltr'><strong>:cgromntibus</strong></span> <span class='ocrx_word' id='word_1_32' title='bbox 1410 687 1566 741; x_wconf 83' lang='lat' dir='ltr'><strong>Opem</strong></span> <span class='ocrx_word' id='word_1_33' title='bbox 1621 671 1845 735; x_wconf 82' lang='lat' dir='ltr'><strong>ferrent,</strong></span> <span class='ocrx_word' id='word_1_34' title='bbox 1898 679 1954 723; x_wconf 93' lang='lat' dir='ltr'><strong>et</strong></span> <span class='ocrx_word' id='word_1_35' title='bbox 1996 670 2083 724; x_wconf 93' lang='lat' dir='ltr'><strong>ille</strong></span> <span class='ocrx_word' id='word_1_36' title='bbox 2146 669 2289 722; x_wconf 85' lang='lat' dir='ltr'><strong>nulla</strong></span> 
     </span>
    </p>
   </div>
   <div class='ocr_carea' id='block_1_8' title="bbox 728 760 2292 830">
    <p class='ocr_par' dir='ltr' id='par_1_8' title="bbox 728 760 2292 830">
     <span class='ocr_line' id='line_1_8' title="bbox 728 760 2292 830; baseline -0.005 -11"><span class='ocrx_word' id='word_1_37' title='bbox 728 768 971 819; x_wconf 67' lang='lat' dir='ltr'><strong>mercede</strong></span> <span class='ocrx_word' id='word_1_38' title='bbox 1011 765 1242 824; x_wconf 88' lang='lat' dir='ltr'><strong>sanavit,</strong></span> <span class='ocrx_word' id='word_1_39' title='bbox 1288 764 1503 830; x_wconf 90' lang='lat' dir='ltr'><strong>publico</strong></span> <span class='ocrx_word' id='word_1_40' title='bbox 1532 774 1819 816; x_wconf 85' lang='lat' dir='ltr'><strong>contentus</strong></span> <span class='ocrx_word' id='word_1_41' title='bbox 1876 762 2170 814; x_wconf 85' lang='lat' dir='ltr'><strong>lrumento.</strong></span> <span class='ocrx_word' id='word_1_42' title='bbox 2203 760 2292 811; x_wconf 90' lang='lat' dir='ltr'><strong>Ait</strong></span> 
     </span>
    </p>
   </div>
   <div class='ocr_carea' id='block_1_9' title="bbox 724 848 2289 914">
    <p class='ocr_par' dir='ltr' id='par_1_9' title="bbox 724 848 2289 914">
     <span class='ocr_line' id='line_1_9' title="bbox 724 848 2289 914; baseline -0.004 -7"><span class='ocrx_word' id='word_1_43' title='bbox 724 866 932 914; x_wconf 70' lang='lat' dir='ltr'><strong>aurior,</strong></span> <span class='ocrx_word' id='word_1_44' title='bbox 989 855 1184 905; x_wconf 88' lang='lat' dir='ltr'><strong>vidisse</strong></span> <span class='ocrx_word' id='word_1_45' title='bbox 1221 868 1279 906; x_wconf 83' lang='lat' dir='ltr'><strong>se</strong></span> <span class='ocrx_word' id='word_1_46' title='bbox 1318 854 1547 905; x_wconf 86' lang='lat' dir='ltr'><strong>Athenis</strong></span> <span class='ocrx_word' id='word_1_47' title='bbox 1583 863 1822 905; x_wconf 89' lang='lat' dir='ltr'><strong>statuam</strong></span> <span class='ocrx_word' id='word_1_48' title='bbox 1870 848 2057 903; x_wconf 80' lang='lat' dir='ltr'><strong>Jacobi</strong></span> <span class='ocrx_word' id='word_1_49' title='bbox 2110 856 2165 901; x_wconf 90' lang='lat' dir='ltr'><strong>et</strong></span> <span class='ocrx_word' id='word_1_50' title='bbox 2210 848 2289 901; x_wconf 51' lang='lat' dir='ltr'><strong>vi-</strong></span> 
     </span>
    </p>
   </div>
   <div class='ocr_carea' id='block_1_10' title="bbox 725 940 2295 1008">
    <p class='ocr_par' dir='ltr' id='par_1_10' title="bbox 725 940 2295 1008">
     <span class='ocr_line' id='line_1_10' title="bbox 725 940 2295 1008; baseline -0.003 -13"><span class='ocrx_word' id='word_1_51' title='bbox 725 959 835 995; x_wconf 77' lang='lat' dir='ltr'><strong>sim</strong></span> <span class='ocrx_word' id='word_1_52' title='bbox 871 941 1035 994; x_wconf 82' lang='lat' dir='ltr'><strong>fuisse</strong></span> <span class='ocrx_word' id='word_1_53' title='bbox 1089 943 1189 994; x_wconf 82' lang='lat' dir='ltr'><strong>sibi</strong></span> <span class='ocrx_word' id='word_1_54' title='bbox 1237 944 1525 994; x_wconf 77' lang='lat' dir='ltr'><strong>admodum</strong></span> <span class='ocrx_word' id='word_1_55' title='bbox 1589 940 1854 1008; x_wconf 77' lang='lat' dir='ltr'><strong>ingeniosi</strong></span> <span class='ocrx_word' id='word_1_56' title='bbox 1907 941 2160 1001; x_wconf 88' lang='lat' dir='ltr'><strong>hominis,</strong></span> <span class='ocrx_word' id='word_1_57' title='bbox 2207 953 2295 991; x_wconf 85' lang='lat' dir='ltr'><strong>se-</strong></span> 
     </span>
    </p>
   </div>
   <div class='ocr_carea' id='block_1_11' title="bbox 724 1029 2295 1098">
    <p class='ocr_par' dir='ltr' id='par_1_11' title="bbox 724 1029 2295 1098">
     <span class='ocr_line' id='line_1_11' title="bbox 724 1029 2295 1098; baseline -0.001 -15"><span class='ocrx_word' id='word_1_58' title='bbox 724 1036 860 1092; x_wconf 84' lang='lat' dir='ltr'><strong>veri,</strong></span> <span class='ocrx_word' id='word_1_59' title='bbox 922 1044 975 1085; x_wconf 90' lang='lat' dir='ltr'><strong>et</strong></span> <span class='ocrx_word' id='word_1_60' title='bbox 1028 1034 1227 1098; x_wconf 81' lang='lat' dir='ltr'><strong>gravis.</strong></span> <span class='ocrx_word' id='word_1_61' title='bbox 1294 1030 1393 1085; x_wconf 91' lang='lat' dir='ltr'><strong>llic</strong></span> <span class='ocrx_word' id='word_1_62' title='bbox 1452 1030 1691 1086; x_wconf 80' lang='lat' dir='ltr'><strong>Jacobus</strong></span> <span class='ocrx_word' id='word_1_63' title='bbox 1754 1031 1988 1084; x_wconf 85' lang='lat' dir='ltr'><strong>celebris</strong></span> <span class='ocrx_word' id='word_1_64' title='bbox 2046 1029 2295 1082; x_wconf 89' lang='lat' dir='ltr'><strong>Proclum</strong></span> 
     </span>
    </p>
   </div>
   <div class='ocr_carea' id='block_1_12' title="bbox 724 1120 2297 1190">
    <p class='ocr_par' dir='ltr' id='par_1_12' title="bbox 724 1120 2297 1190">
     <span class='ocr_line' id='line_1_12' title="bbox 724 1120 2297 1190; baseline -0.001 -16"><span class='ocrx_word' id='word_1_65' title='bbox 724 1123 947 1175; x_wconf 81' lang='lat' dir='ltr'><strong>Athenis</strong></span> <span class='ocrx_word' id='word_1_66' title='bbox 1000 1133 1257 1190; x_wconf 62' lang='lat' dir='ltr'><strong>aegrotum</strong></span> <span class='ocrx_word' id='word_1_67' title='bbox 1313 1137 1533 1187; x_wconf 81' lang='lat' dir='ltr'><strong>curans,</strong></span> <span class='ocrx_word' id='word_1_68' title='bbox 1571 1122 1732 1190; x_wconf 85' lang='lat' dir='ltr'><strong>jussit.</strong></span> <span class='ocrx_word' id='word_1_69' title='bbox 1783 1121 1931 1173; x_wconf 93' lang='lat' dir='ltr'><strong>illum</strong></span> <span class='ocrx_word' id='word_1_70' title='bbox 1988 1135 2019 1173; x_wconf 89' lang='lat' dir='ltr'><strong>a</strong></span> <span class='ocrx_word' id='word_1_71' title='bbox 2073 1120 2297 1172; x_wconf 85' lang='lat' dir='ltr'><strong>crambe</strong></span> 
     </span>
    </p>
   </div>
   <div class='ocr_carea' id='block_1_13' title="bbox 722 1208 2299 1280">
    <p class='ocr_par' dir='ltr' id='par_1_13' title="bbox 722 1208 2299 1280">
     <span class='ocr_line' id='line_1_13' title="bbox 722 1208 2299 1280; baseline -0.003 -15"><span class='ocrx_word' id='word_1_72' title='bbox 722 1214 1018 1276; x_wconf 78' lang='lat' dir='ltr'><strong>abstinere,</strong></span> <span class='ocrx_word' id='word_1_73' title='bbox 1050 1214 1201 1264; x_wconf 84' lang='lat' dir='ltr'><strong>olera</strong></span> <span class='ocrx_word' id='word_1_74' title='bbox 1227 1213 1453 1280; x_wconf 88' lang='lat' dir='ltr'><strong>plurima</strong></span> <span class='ocrx_word' id='word_1_75' title='bbox 1482 1212 1785 1266; x_wconf 87' lang='lat' dir='ltr'><strong>comedere.</strong></span> <span class='ocrx_word' id='word_1_76' title='bbox 1855 1211 1973 1276; x_wconf 82' lang='lat' dir='ltr'><strong>llic,</strong></span> <span class='ocrx_word' id='word_1_77' title='bbox 2024 1225 2174 1265; x_wconf 90' lang='lat' dir='ltr'><strong>more</strong></span> <span class='ocrx_word' id='word_1_78' title='bbox 2197 1208 2299 1280; x_wconf 84' lang='lat' dir='ltr'><strong>Py-</strong></span> 
     </span>
    </p>
   </div>
   <div class='ocr_carea' id='block_1_14' title="bbox 724 1303 1860 1372">
    <p class='ocr_par' dir='ltr' id='par_1_14' title="bbox 724 1303 1860 1372">
     <span class='ocr_line' id='line_1_14' title="bbox 724 1303 1860 1372; baseline 0.003 -18"><span class='ocrx_word' id='word_1_79' title='bbox 724 1304 983 1372; x_wconf 66' lang='lat' dir='ltr'><strong>thagora,</strong></span> <span class='ocrx_word' id='word_1_80' title='bbox 1045 1303 1270 1357; x_wconf 86' lang='lat' dir='ltr'><strong>malvain</strong></span> <span class='ocrx_word' id='word_1_81' title='bbox 1330 1306 1616 1358; x_wconf 75' lang='lat' dir='ltr'><strong>comedere</strong></span> <span class='ocrx_word' id='word_1_82' title='bbox 1670 1303 1860 1357; x_wconf 90' lang='lat' dir='ltr'><strong>nuluit.</strong></span> 
     </span>
    </p>
   </div>
   <div class='ocr_carea' id='block_1_15' title="bbox 2400 578 3975 651">
    <p class='ocr_par' dir='ltr' id='par_1_15' title="bbox 2400 578 3975 651">
     <span class='ocr_line' id='line_1_15' title="bbox 2400 578 3975 651; baseline 0.004 -20"><span class='ocrx_word' id='word_1_83' title='bbox 2400 578 2469 631; x_wconf 76' lang='grc' dir='ltr'>τὰ</span> <span class='ocrx_word' id='word_1_84' title='bbox 2498 578 2871 649; x_wconf 77' lang='grc' dir='ltr'>μοχθηρότερά</span> <span class='ocrx_word' id='word_1_85' title='bbox 2910 578 3017 631; x_wconf 87' lang='grc' dir='ltr'><strong>τῶν</strong></span> <span class='ocrx_word' id='word_1_86' title='bbox 3049 579 3221 631; x_wconf 81' lang='grc' dir='ltr'>ἑλκῶν</span> <span class='ocrx_word' id='word_1_87' title='bbox 3274 580 3456 650; x_wconf 83' lang='grc' dir='ltr'>διαίτῃ</span> <span class='ocrx_word' id='word_1_88' title='bbox 3502 584 3939 651; x_wconf 78' lang='grc' dir='ltr'>κατηγωνίςοντο</span> <span class='ocrx_word' id='word_1_89' title='bbox 3960 603 3975 615; x_wconf 87' lang='grc'><strong>·</strong></span> 
     </span>
    </p>
   </div>
   <div class='ocr_carea' id='block_1_16' title="bbox 2400 669 3984 739">
    <p class='ocr_par' dir='ltr' id='par_1_16' title="bbox 2400 669 3984 739">
     <span class='ocr_line' id='line_1_16' title="bbox 2400 669 3984 739; baseline 0.005 -19"><span class='ocrx_word' id='word_1_90' title='bbox 2400 669 2763 736; x_wconf 84' lang='grc' dir='ltr'>φλεϐοτομίαν</span> <span class='ocrx_word' id='word_1_91' title='bbox 2806 670 2851 720; x_wconf 83' lang='grc' dir='ltr'>δ’</span> <span class='ocrx_word' id='word_1_92' title='bbox 2899 670 2959 722; x_wconf 90' lang='grc' dir='ltr'><strong>οὑ</strong></span> <span class='ocrx_word' id='word_1_93' title='bbox 3011 670 3282 736; x_wconf 86' lang='grc' dir='ltr'>προσίετο.</span> <span class='ocrx_word' id='word_1_94' title='bbox 3344 669 3600 724; x_wconf 85' lang='grc' dir='ltr'>Ἐπειθεν</span> <span class='ocrx_word' id='word_1_95' title='bbox 3652 675 3683 724; x_wconf 92' lang='lat'><strong>6</strong></span> <span class='ocrx_word' id='word_1_96' title='bbox 3726 674 3984 739; x_wconf 87' lang='grc' dir='ltr'>Ἰάκωϐος</span> 
     </span>
    </p>
   </div>
   <div class='ocr_carea' id='block_1_17' title="bbox 2398 760 3981 837">
    <p class='ocr_par' dir='ltr' id='par_1_17' title="bbox 2398 760 3981 837">
     <span class='ocr_line' id='line_1_17' title="bbox 2398 760 3981 837; baseline 0.004 -25"><span class='ocrx_word' id='word_1_97' title='bbox 2398 760 2523 821; x_wconf 77' lang='grc' dir='ltr'>τοὺς</span> <span class='ocrx_word' id='word_1_98' title='bbox 2554 760 2840 822; x_wconf 78' lang='grc' dir='ltr'>πλουσίους</span> <span class='ocrx_word' id='word_1_99' title='bbox 2870 761 3136 830; x_wconf 79' lang='grc' dir='ltr'><strong>ἰατρεύων</strong></span> <span class='ocrx_word' id='word_1_100' title='bbox 3155 762 3367 831; x_wconf 83' lang='grc' dir='ltr'><strong>βοηθεῖν</strong></span> <span class='ocrx_word' id='word_1_101' title='bbox 3483 763 3713 837; x_wconf 78' lang='grc' dir='ltr'>νοσούσῃ</span> <span class='ocrx_word' id='word_1_102' title='bbox 3737 764 3866 835; x_wconf 65' lang='grc' dir='ltr'><strong>ξόϐθ</strong></span> <span class='ocrx_word' id='word_1_103' title='bbox 3890 766 3981 837; x_wconf 68' lang='grc'><strong>[1.]</strong></span> 
     </span>
    </p>
   </div>
   <div class='ocr_carea' id='block_1_18' title="bbox 2400 852 3985 926">
    <p class='ocr_par' dir='ltr' id='par_1_18' title="bbox 2400 852 3985 926">
     <span class='ocr_line' id='line_1_18' title="bbox 2400 852 3985 926; baseline 0.003 -23"><span class='ocrx_word' id='word_1_104' title='bbox 2400 854 2578 921; x_wconf 76' lang='grc' dir='ltr'>πενίᾳ,</span> <span class='ocrx_word' id='word_1_105' title='bbox 2610 852 2702 903; x_wconf 78' lang='grc' dir='ltr'><strong>καὶ</strong></span> <span class='ocrx_word' id='word_1_106' title='bbox 2737 854 2897 915; x_wconf 80' lang='grc' dir='ltr'>αὑτὸς</span> <span class='ocrx_word' id='word_1_107' title='bbox 2927 855 3124 922; x_wconf 82' lang='grc' dir='ltr'>προῖκα</span> <span class='ocrx_word' id='word_1_108' title='bbox 3160 854 3397 922; x_wconf 90' lang='grc' dir='ltr'>ίάτρευε,</span> <span class='ocrx_word' id='word_1_109' title='bbox 3437 854 3515 923; x_wconf 81' lang='grc' dir='ltr'>τῷ</span> <span class='ocrx_word' id='word_1_110' title='bbox 3541 855 3785 926; x_wconf 78' lang='grc' dir='ltr'><strong>δημοσίῳ</strong></span> <span class='ocrx_word' id='word_1_111' title='bbox 3842 858 3985 925; x_wconf 82' lang='grc' dir='ltr'>μόνῳ</span> 
     </span>
    </p>
   </div>
   <div class='ocr_carea' id='block_1_19' title="bbox 2398 944 3981 1022">
    <p class='ocr_par' dir='ltr' id='par_1_19' title="bbox 2398 944 3981 1022">
     <span class='ocr_line' id='line_1_19' title="bbox 2398 944 3981 1022; baseline 0.004 -28"><span class='ocrx_word' id='word_1_112' title='bbox 2398 944 2734 1012; x_wconf 80' lang='grc' dir='ltr'><strong>ἀρκούμενος</strong></span> <span class='ocrx_word' id='word_1_113' title='bbox 2765 946 3076 1013; x_wconf 81' lang='grc' dir='ltr'><strong>σιτηρεσίῳ.</strong></span> <span class='ocrx_word' id='word_1_114' title='bbox 3125 946 3247 997; x_wconf 85' lang='grc' dir='ltr'><strong>Ὀτι</strong></span> <span class='ocrx_word' id='word_1_115' title='bbox 3291 946 3477 1022; x_wconf 39' lang='grc' dir='ltr'>,φησὶν</span> <span class='ocrx_word' id='word_1_116' title='bbox 3519 949 3548 999; x_wconf 96' lang='lat'><strong>6</strong></span> <span class='ocrx_word' id='word_1_117' title='bbox 3610 949 3981 1015; x_wconf 76' lang='grc' dir='ltr'>συγγραφεὺς,</span> 
     </span>
    </p>
   </div>
   <div class='ocr_carea' id='block_1_20' title="bbox 2405 1030 3983 1106">
    <p class='ocr_par' dir='ltr' id='par_1_20' title="bbox 2405 1030 3983 1106">
     <span class='ocr_line' id='line_1_20' title="bbox 2405 1030 3983 1106; baseline 0.003 -22"><span class='ocrx_word' id='word_1_118' title='bbox 2405 1030 2558 1085; x_wconf 77' lang='grc' dir='ltr'>Εἶδον</span> <span class='ocrx_word' id='word_1_119' title='bbox 2590 1036 2775 1087; x_wconf 83' lang='grc' dir='ltr'>είκόνα</span> <span class='ocrx_word' id='word_1_120' title='bbox 2808 1035 2902 1086; x_wconf 81' lang='grc' dir='ltr'><strong>τοῦ</strong></span> <span class='ocrx_word' id='word_1_121' title='bbox 2943 1033 3204 1087; x_wconf 82' lang='grc' dir='ltr'>Ἰακώϐου</span> <span class='ocrx_word' id='word_1_122' title='bbox 3236 1037 3519 1106; x_wconf 79' lang='grc' dir='ltr'>Ἀθήνῃσι,</span> <span class='ocrx_word' id='word_1_123' title='bbox 3548 1038 3643 1089; x_wconf 91' lang='grc' dir='ltr'><strong>καί</strong></span> <span class='ocrx_word' id='word_1_124' title='bbox 3684 1056 3775 1105; x_wconf 89' lang='grc' dir='ltr'><strong>μοι</strong></span> <span class='ocrx_word' id='word_1_125' title='bbox 3805 1038 3983 1102; x_wconf 76' lang='grc' dir='ltr'>ἔδοξεν</span> 
     </span>
    </p>
   </div>
   <div class='ocr_carea' id='block_1_21' title="bbox 2401 1122 3985 1194">
    <p class='ocr_par' dir='ltr' id='par_1_21' title="bbox 2401 1122 3985 1194">
     <span class='ocr_line' id='line_1_21' title="bbox 2401 1122 3985 1194; baseline 0.003 -19"><span class='ocrx_word' id='word_1_126' title='bbox 2401 1126 2430 1175; x_wconf 98' lang='lat'><strong>6</strong></span> <span class='ocrx_word' id='word_1_127' title='bbox 2460 1125 2601 1193; x_wconf 84' lang='grc' dir='ltr'>ἀνὴρ</span> <span class='ocrx_word' id='word_1_128' title='bbox 2630 1126 2834 1193; x_wconf 82' lang='grc' dir='ltr'>εὐφυὴς</span> <span class='ocrx_word' id='word_1_129' title='bbox 2868 1125 2963 1194; x_wconf 80' lang='grc' dir='ltr'>μὲν</span> <span class='ocrx_word' id='word_1_130' title='bbox 2998 1126 3059 1177; x_wconf 87' lang='grc' dir='ltr'><strong>οὑ</strong></span> <span class='ocrx_word' id='word_1_131' title='bbox 3110 1127 3255 1179; x_wconf 80' lang='grc' dir='ltr'>πάνυ</span> <span class='ocrx_word' id='word_1_132' title='bbox 3286 1122 3447 1191; x_wconf 83' lang='grc' dir='ltr'>εἶναι,</span> <span class='ocrx_word' id='word_1_133' title='bbox 3484 1129 3679 1194; x_wconf 76' lang='grc' dir='ltr'>σεμνὸς</span> <span class='ocrx_word' id='word_1_134' title='bbox 3721 1128 3780 1179; x_wconf 71' lang='grc' dir='ltr'>δὲ</span> <span class='ocrx_word' id='word_1_135' title='bbox 3813 1129 3855 1159; x_wconf 76' lang='grc'><strong>⁸³</strong></span> <span class='ocrx_word' id='word_1_136' title='bbox 3890 1132 3985 1181; x_wconf 74' lang='grc' dir='ltr'>καὶ</span> 
     </span>
    </p>
   </div>
   <div class='ocr_carea' id='block_1_22' title="bbox 2401 1208 3985 1285">
    <p class='ocr_par' dir='ltr' id='par_1_22' title="bbox 2401 1208 3985 1285">
     <span class='ocr_line' id='line_1_22' title="bbox 2401 1208 3985 1285; baseline 0.003 -20"><span class='ocrx_word' id='word_1_137' title='bbox 2401 1215 2689 1284; x_wconf 74' lang='grc' dir='ltr'>ἐμϐριθὴς.</span> <span class='ocrx_word' id='word_1_138' title='bbox 2746 1208 2914 1276; x_wconf 76' lang='grc' dir='ltr'>Οὗτος</span> <span class='ocrx_word' id='word_1_139' title='bbox 2964 1216 3020 1268; x_wconf 77' lang='grc' dir='ltr'><strong>δὲ</strong></span> <span class='ocrx_word' id='word_1_140' title='bbox 3052 1218 3081 1268; x_wconf 92' lang='lat'><strong>6</strong></span> <span class='ocrx_word' id='word_1_141' title='bbox 3131 1216 3383 1279; x_wconf 85' lang='grc' dir='ltr'>Ἰάκωϐος</span> <span class='ocrx_word' id='word_1_142' title='bbox 3453 1217 3679 1285; x_wconf 82' lang='grc' dir='ltr'><strong>Πρόκλῳ</strong></span> <span class='ocrx_word' id='word_1_143' title='bbox 3721 1216 3985 1281; x_wconf 80' lang='grc' dir='ltr'><strong>νοσοῦντι,</strong></span> 
     </span>
    </p>
   </div>
   <div class='ocr_carea' id='block_1_23' title="bbox 2402 1306 3987 1376">
    <p class='ocr_par' dir='ltr' id='par_1_23' title="bbox 2402 1306 3987 1376">
     <span class='ocr_line' id='line_1_23' title="bbox 2402 1306 3987 1376; baseline 0.002 -19"><span class='ocrx_word' id='word_1_144' title='bbox 2402 1307 2459 1357; x_wconf 82' lang='grc' dir='ltr'>ὲν</span> <span class='ocrx_word' id='word_1_145' title='bbox 2509 1306 2760 1376; x_wconf 81' lang='grc' dir='ltr'>Ἀθήναις</span> <span class='ocrx_word' id='word_1_146' title='bbox 2786 1309 2829 1339; x_wconf 76' lang='grc'><strong>⁸¹</strong></span> <span class='ocrx_word' id='word_1_147' title='bbox 2870 1307 3159 1376; x_wconf 87' lang='grc' dir='ltr'>διατρίϐων</span> <span class='ocrx_word' id='word_1_148' title='bbox 3186 1309 3279 1360; x_wconf 65' lang='grc' dir='ltr'><strong>καλ⁹</strong></span> <span class='ocrx_word' id='word_1_149' title='bbox 3323 1308 3778 1375; x_wconf 79' lang='grc' dir='ltr'>θαυμαζόμενος,</span> <span class='ocrx_word' id='word_1_150' title='bbox 3820 1325 3987 1369; x_wconf 78' lang='grc' dir='ltr'>προσ-</span> 
     </span>
    </p>
   </div>
   <div class='ocr_carea' id='block_1_24' title="bbox 724 1391 3990 1468">
    <p class='ocr_par' dir='ltr' id='par_1_24' title="bbox 724 1391 3990 1468">
     <span class='ocr_line' id='line_1_24' title="bbox 724 1391 3990 1468; baseline 0.002 -22"><span class='ocrx_word' id='word_1_151' title='bbox 724 1394 915 1459; x_wconf 80' lang='grc' dir='ltr'>έταξεν</span> <span class='ocrx_word' id='word_1_152' title='bbox 946 1396 1244 1464; x_wconf 83' lang='grc' dir='ltr'>ἀπέχεσθαι</span> <span class='ocrx_word' id='word_1_153' title='bbox 1288 1395 1386 1464; x_wconf 79' lang='grc' dir='ltr'><strong>μὲν</strong></span> <span class='ocrx_word' id='word_1_154' title='bbox 1434 1395 1719 1465; x_wconf 81' lang='grc' dir='ltr'>κράμϐης,</span> <span class='ocrx_word' id='word_1_155' title='bbox 1756 1391 2116 1463; x_wconf 75' lang='grc' dir='ltr'><strong>ἐμφορεῖσθαι</strong></span> <span class='ocrx_word' id='word_1_156' title='bbox 2168 1392 2226 1445; x_wconf 78' lang='grc' dir='ltr'>δὲ</span> <span class='ocrx_word' id='word_1_157' title='bbox 2253 1392 2361 1445; x_wconf 80' lang='grc' dir='ltr'>τῶν</span> <span class='ocrx_word' id='word_1_158' title='bbox 2391 1396 2674 1468; x_wconf 69' lang='grc' dir='ltr'>λαχάνων*</span> <span class='ocrx_word' id='word_1_159' title='bbox 2707 1401 2735 1451; x_wconf 93' lang='lat'><strong>6</strong></span> <span class='ocrx_word' id='word_1_160' title='bbox 2770 1398 2829 1451; x_wconf 80' lang='grc' dir='ltr'>δὲ</span> <span class='ocrx_word' id='word_1_161' title='bbox 2865 1400 3006 1452; x_wconf 87' lang='grc' dir='ltr'>κατά</span> <span class='ocrx_word' id='word_1_162' title='bbox 3032 1400 3123 1451; x_wconf 82' lang='grc' dir='ltr'><strong>τὸν</strong></span> <span class='ocrx_word' id='word_1_163' title='bbox 3155 1397 3519 1468; x_wconf 80' lang='grc' dir='ltr'><strong>Πυθαγόρειον</strong></span> <span class='ocrx_word' id='word_1_164' title='bbox 3582 1399 3745 1467; x_wconf 84' lang='grc' dir='ltr'>νόμον</span> <span class='ocrx_word' id='word_1_165' title='bbox 3785 1398 3832 1430; x_wconf 87' lang='grc'><strong>⁸³</strong></span> <span class='ocrx_word' id='word_1_166' title='bbox 3893 1400 3990 1452; x_wconf 80' lang='grc' dir='ltr'><strong>οὐκ</strong></span> 
     </span>
    </p>
   </div>
   <div class='ocr_carea' id='block_1_25' title="bbox 722 1485 1587 1557">
    <p class='ocr_par' dir='ltr' id='par_1_25' title="bbox 722 1485 1587 1557">
     <span class='ocr_line' id='line_1_25' title="bbox 722 1485 1587 1557; baseline 0.008 -22"><span class='ocrx_word' id='word_1_167' title='bbox 722 1485 983 1553; x_wconf 80' lang='grc' dir='ltr'>ἠνέσχετο</span> <span class='ocrx_word' id='word_1_168' title='bbox 1015 1487 1261 1557; x_wconf 82' lang='grc' dir='ltr'>μαλάχην</span> <span class='ocrx_word' id='word_1_169' title='bbox 1287 1488 1335 1519; x_wconf 72' lang='grc'><strong>⁸⁵</strong></span> <span class='ocrx_word' id='word_1_170' title='bbox 1365 1488 1587 1542; x_wconf 74' lang='grc' dir='ltr'>ἐσθίειν.</span> 
     </span>
    </p>
   </div>
   <div class='ocr_carea' id='block_1_26' title="bbox 800 1571 2311 1649">
    <p class='ocr_par' dir='ltr' id='par_1_26' title="bbox 800 1578 2301 1646">
     <span class='ocr_line' id='line_1_26' title="bbox 800 1578 2301 1646; baseline 0.003 -19"><span class='ocrx_word' id='word_1_171' title='bbox 800 1578 1216 1644; x_wconf 72' lang='lat' dir='ltr'><strong>Asclepiodotus</strong></span> <span class='ocrx_word' id='word_1_172' title='bbox 1263 1594 1366 1631; x_wconf 80' lang='lat' dir='ltr'><strong>non</strong></span> <span class='ocrx_word' id='word_1_173' title='bbox 1408 1579 1633 1632; x_wconf 91' lang='lat' dir='ltr'><strong>omnino</strong></span> <span class='ocrx_word' id='word_1_174' title='bbox 1666 1578 2000 1646; x_wconf 76' lang='lat' dir='ltr'><strong>ingeniosus,</strong></span> <span class='ocrx_word' id='word_1_175' title='bbox 2029 1585 2087 1630; x_wconf 93' lang='lat' dir='ltr'><strong>ut</strong></span> <span class='ocrx_word' id='word_1_176' title='bbox 2114 1578 2301 1631; x_wconf 83' lang='lat' dir='ltr'><strong>multis</strong></span> 
     </span>
    </p>
   </div>
   <div class='ocr_carea' id='block_1_27' title="bbox 2413 1571 3962 1649">
    <p class='ocr_par' dir='ltr' id='par_1_27' title="bbox 2488 1571 3962 1649">
     <span class='ocr_line' id='line_1_27' title="bbox 2488 1571 3962 1649; baseline 0.001 -22"><span class='ocrx_word' id='word_1_177' title='bbox 2488 1571 2599 1627; x_wconf 85' lang='grc' dir='ltr'>Ἦν</span> <span class='ocrx_word' id='word_1_178' title='bbox 2622 1573 2680 1625; x_wconf 80' lang='grc' dir='ltr'>δὲ</span> <span class='ocrx_word' id='word_1_179' title='bbox 2732 1574 2762 1625; x_wconf 92' lang='lat'><strong>6</strong></span> <span class='ocrx_word' id='word_1_180' title='bbox 2828 1573 3275 1641; x_wconf 83' lang='grc' dir='ltr'>’Δσκληπιόδοτος</span> <span class='ocrx_word' id='word_1_181' title='bbox 3320 1576 3419 1644; x_wconf 79' lang='grc' dir='ltr'>οὐχ</span> <span class='ocrx_word' id='word_1_182' title='bbox 3458 1575 3751 1645; x_wconf 80' lang='grc' dir='ltr'>ὁλόκληρος</span> <span class='ocrx_word' id='word_1_183' title='bbox 3778 1578 3879 1649; x_wconf 80' lang='grc' dir='ltr'>τὴν</span> <span class='ocrx_word' id='word_1_184' title='bbox 3905 1578 3962 1629; x_wconf 83' lang='grc' dir='ltr'><strong>εὑ</strong></span> 
     </span>
    </p>
   </div>
   <div class='ocr_carea' id='block_1_28' title="bbox 725 1665 2311 1737">
    <p class='ocr_par' dir='ltr' id='par_1_28' title="bbox 725 1665 2303 1733">
     <span class='ocr_line' id='line_1_28' title="bbox 725 1665 2303 1733; baseline 0.002 -15"><span class='ocrx_word' id='word_1_185' title='bbox 725 1665 1034 1721; x_wconf 84' lang='lat' dir='ltr'><strong>hominibus</strong></span> <span class='ocrx_word' id='word_1_186' title='bbox 1089 1672 1261 1722; x_wconf 89' lang='lat' dir='ltr'><strong>visum</strong></span> <span class='ocrx_word' id='word_1_187' title='bbox 1293 1680 1397 1733; x_wconf 91' lang='lat' dir='ltr'><strong>est,</strong></span> <span class='ocrx_word' id='word_1_188' title='bbox 1437 1673 1530 1723; x_wconf 90' lang='lat' dir='ltr'><strong>sed</strong></span> <span class='ocrx_word' id='word_1_189' title='bbox 1582 1670 1635 1721; x_wconf 91' lang='lat' dir='ltr'><strong>in</strong></span> <span class='ocrx_word' id='word_1_190' title='bbox 1694 1669 2121 1723; x_wconf 85' lang='lat' dir='ltr'><strong>dubitationibus</strong></span> <span class='ocrx_word' id='word_1_191' title='bbox 2169 1684 2303 1721; x_wconf 85' lang='lat' dir='ltr'><strong>acu-</strong></span> 
     </span>
    </p>
   </div>
   <div class='ocr_carea' id='block_1_29' title="bbox 2413 1665 3989 1737">
    <p class='ocr_par' dir='ltr' id='par_1_29' title="bbox 2413 1665 3989 1737">
     <span class='ocr_line' id='line_1_29' title="bbox 2413 1665 3989 1737; baseline 0.001 -19"><span class='ocrx_word' id='word_1_192' title='bbox 2413 1667 2587 1733; x_wconf 70' lang='grc' dir='ltr'>φυΐαν,</span> <span class='ocrx_word' id='word_1_193' title='bbox 2614 1668 2690 1729; x_wconf 87' lang='grc' dir='ltr'>ὼς</span> <span class='ocrx_word' id='word_1_194' title='bbox 2714 1668 2826 1726; x_wconf 86' lang='grc' dir='ltr'>τοῖς</span> <span class='ocrx_word' id='word_1_195' title='bbox 2857 1665 3130 1726; x_wconf 78' lang='grc' dir='ltr'>πλείστοις</span> <span class='ocrx_word' id='word_1_196' title='bbox 3175 1666 3321 1731; x_wconf 74' lang='grc' dir='ltr'>εδοξε</span> <span class='ocrx_word' id='word_1_197' title='bbox 3352 1667 3459 1718; x_wconf 85' lang='grc' dir='ltr'>τῶν</span> <span class='ocrx_word' id='word_1_198' title='bbox 3514 1668 3840 1737; x_wconf 78' lang='grc' dir='ltr'>ἀνθρώπων,</span> <span class='ocrx_word' id='word_1_199' title='bbox 3876 1667 3989 1719; x_wconf 84' lang='grc' dir='ltr'>ἀλλ’</span> 
     </span>
    </p>
   </div>
   <div class='ocr_carea' id='block_1_30' title="bbox 728 1753 2311 1828">
    <p class='ocr_par' dir='ltr' id='par_1_30' title="bbox 728 1758 2305 1828">
     <span class='ocr_line' id='line_1_30' title="bbox 728 1758 2305 1828; baseline 0.003 -20"><span class='ocrx_word' id='word_1_200' title='bbox 728 1758 989 1822; x_wconf 84' lang='lat' dir='ltr'><strong>tissimus,</strong></span> <span class='ocrx_word' id='word_1_201' title='bbox 1022 1762 1088 1811; x_wconf 91' lang='lat' dir='ltr'><strong>ad</strong></span> <span class='ocrx_word' id='word_1_202' title='bbox 1123 1761 1529 1828; x_wconf 84' lang='lat' dir='ltr'><strong>intelligendum</strong></span> <span class='ocrx_word' id='word_1_203' title='bbox 1581 1775 1685 1813; x_wconf 90' lang='lat' dir='ltr'><strong>non</strong></span> <span class='ocrx_word' id='word_1_204' title='bbox 1722 1762 1859 1814; x_wconf 89' lang='lat' dir='ltr'><strong>adeo</strong></span> <span class='ocrx_word' id='word_1_205' title='bbox 1889 1760 2084 1823; x_wconf 82' lang='lat' dir='ltr'><strong>solers,</strong></span> <span class='ocrx_word' id='word_1_206' title='bbox 2132 1775 2305 1826; x_wconf 84' lang='lat' dir='ltr'><strong>neque</strong></span> 
     </span>
    </p>
   </div>
   <div class='ocr_carea' id='block_1_31' title="bbox 2413 1753 3987 1828">
    <p class='ocr_par' dir='ltr' id='par_1_31' title="bbox 2413 1753 3987 1825">
     <span class='ocr_line' id='line_1_31' title="bbox 2413 1753 3987 1825; baseline -0.001 -16"><span class='ocrx_word' id='word_1_207' title='bbox 2413 1757 2635 1824; x_wconf 79' lang='grc' dir='ltr'>ἀπορεῖν</span> <span class='ocrx_word' id='word_1_208' title='bbox 2670 1755 2771 1823; x_wconf 82' lang='grc' dir='ltr'><strong>μὲν</strong></span> <span class='ocrx_word' id='word_1_209' title='bbox 2803 1753 3081 1819; x_wconf 73' lang='grc' dir='ltr'>ὀξύτατος,</span> <span class='ocrx_word' id='word_1_210' title='bbox 3120 1757 3357 1807; x_wconf 78' lang='grc' dir='ltr'>συνεῖναι</span> <span class='ocrx_word' id='word_1_211' title='bbox 3382 1756 3437 1806; x_wconf 77' lang='grc' dir='ltr'>δὲ</span> <span class='ocrx_word' id='word_1_212' title='bbox 3470 1758 3531 1809; x_wconf 84' lang='grc' dir='ltr'><strong>οὐ</strong></span> <span class='ocrx_word' id='word_1_213' title='bbox 3572 1757 3693 1809; x_wconf 90' lang='grc' dir='ltr'>λίαν</span> <span class='ocrx_word' id='word_1_214' title='bbox 3729 1757 3987 1825; x_wconf 73' lang='grc' dir='ltr'>ἀγχίνους</span> 
     </span>
    </p>
   </div>
   <div class='ocr_carea' id='block_1_32' title="bbox 730 1844 2311 1937">
    <p class='ocr_par' dir='ltr' id='par_1_32' title="bbox 730 1849 2305 1921">
     <span class='ocr_line' id='line_1_32' title="bbox 730 1849 2305 1921; baseline 0.001 -19"><span class='ocrx_word' id='word_1_215' title='bbox 730 1849 843 1917; x_wconf 87' lang='lat' dir='ltr'><strong>ipse</strong></span> <span class='ocrx_word' id='word_1_216' title='bbox 875 1852 955 1903; x_wconf 88' lang='lat' dir='ltr'><strong>sui</strong></span> <span class='ocrx_word' id='word_1_217' title='bbox 1008 1852 1221 1916; x_wconf 90' lang='lat' dir='ltr'><strong>similis,</strong></span> <span class='ocrx_word' id='word_1_218' title='bbox 1267 1853 1504 1921; x_wconf 80' lang='lat' dir='ltr'><strong>alioquin</strong></span> <span class='ocrx_word' id='word_1_219' title='bbox 1534 1864 1589 1907; x_wconf 90' lang='lat' dir='ltr'><strong>et</strong></span> <span class='ocrx_word' id='word_1_220' title='bbox 1622 1867 1709 1907; x_wconf 87' lang='lat' dir='ltr'><strong>res</strong></span> <span class='ocrx_word' id='word_1_221' title='bbox 1742 1852 1989 1915; x_wconf 90' lang='lat' dir='ltr'><strong>divinas,</strong></span> <span class='ocrx_word' id='word_1_222' title='bbox 2020 1854 2305 1913; x_wconf 84' lang='lat' dir='ltr'><strong>obscuras,</strong></span> 
     </span>
    </p>
   </div>
   <div class='ocr_carea' id='block_1_33' title="bbox 2413 1844 3992 1937">
    <p class='ocr_par' dir='ltr' id='par_1_33' title="bbox 2413 1844 3992 1915">
     <span class='ocr_line' id='line_1_33' title="bbox 2413 1844 3992 1915; baseline 0.001 -17"><span class='ocrx_word' id='word_1_223' title='bbox 2413 1847 2530 1898; x_wconf 74' lang='grc' dir='ltr'>οὐδὲ</span> <span class='ocrx_word' id='word_1_224' title='bbox 2558 1844 2719 1906; x_wconf 75' lang='grc' dir='ltr'>αὐτὸς</span> <span class='ocrx_word' id='word_1_225' title='bbox 2749 1845 2928 1915; x_wconf 77' lang='grc' dir='ltr'>ἐαυτῷ</span> <span class='ocrx_word' id='word_1_226' title='bbox 2972 1846 3177 1911; x_wconf 86' lang='grc' dir='ltr'>ὅμοιος,</span> <span class='ocrx_word' id='word_1_227' title='bbox 3232 1845 3471 1898; x_wconf 80' lang='grc' dir='ltr'><strong>ἄλλωστε</strong></span> <span class='ocrx_word' id='word_1_228' title='bbox 3501 1850 3596 1900; x_wconf 73' lang='grc' dir='ltr'><strong>καὶ</strong></span> <span class='ocrx_word' id='word_1_229' title='bbox 3625 1848 3696 1901; x_wconf 78' lang='grc' dir='ltr'><strong>τά</strong></span> <span class='ocrx_word' id='word_1_230' title='bbox 3745 1848 3992 1915; x_wconf 82' lang='grc' dir='ltr'>θειότερα</span> 
     </span>
    </p>
   </div>
   <div class='ocr_carea' id='block_1_34' title="bbox 728 1942 2309 2013">
    <p class='ocr_par' dir='ltr' id='par_1_34' title="bbox 728 1942 2309 2013">
     <span class='ocr_line' id='line_1_34' title="bbox 728 1942 2309 2013; baseline 0.001 -19"><span class='ocrx_word' id='word_1_231' title='bbox 728 1954 782 1995; x_wconf 87' lang='lat' dir='ltr'><strong>et</strong></span> <span class='ocrx_word' id='word_1_232' title='bbox 820 1942 1013 2013; x_wconf 63' lang='lat' dir='ltr'><strong>3Mb</strong></span> <span class='ocrx_word' id='word_1_233' title='bbox 1069 1944 1168 1996; x_wconf 87' lang='lat' dir='ltr'><strong>sub</strong></span> <span class='ocrx_word' id='word_1_234' title='bbox 1218 1943 1627 2011; x_wconf 78' lang='lat' dir='ltr'><strong>intelligentiam</strong></span> <span class='ocrx_word' id='word_1_235' title='bbox 1662 1943 1941 2006; x_wconf 87' lang='lat' dir='ltr'><strong>cadentes,</strong></span> <span class='ocrx_word' id='word_1_236' title='bbox 1986 1953 2042 1997; x_wconf 88' lang='lat' dir='ltr'><strong>ct</strong></span> <span class='ocrx_word' id='word_1_237' title='bbox 2081 1943 2309 1996; x_wconf 78' lang='lat' dir='ltr'><strong>eximios</strong></span> 
     </span>
    </p>
   </div>
   <div class='ocr_carea' id='block_1_35' title="bbox 730 2033 2306 2103">
    <p class='ocr_par' dir='ltr' id='par_1_35' title="bbox 730 2033 2306 2103">
     <span class='ocr_line' id='line_1_35' title="bbox 730 2033 2306 2103; baseline 0.001 -18"><span class='ocrx_word' id='word_1_238' title='bbox 730 2033 849 2086; x_wconf 80' lang='lat' dir='ltr'><strong>illus</strong></span> <span class='ocrx_word' id='word_1_239' title='bbox 903 2049 1098 2087; x_wconf 84' lang='lat' dir='ltr'><strong>sensus</strong></span> <span class='ocrx_word' id='word_1_240' title='bbox 1142 2033 1385 2087; x_wconf 84' lang='lat' dir='ltr'><strong>Platonis</strong></span> <span class='ocrx_word' id='word_1_241' title='bbox 1438 2035 1773 2102; x_wconf 83' lang='lat' dir='ltr'><strong>intelligehat</strong></span> <span class='ocrx_word' id='word_1_242' title='bbox 1825 2051 1838 2086; x_wconf 92' lang='lat'><strong>:</strong></span> <span class='ocrx_word' id='word_1_243' title='bbox 1890 2036 1955 2087; x_wconf 86' lang='lat' dir='ltr'><strong>ad</strong></span> <span class='ocrx_word' id='word_1_244' title='bbox 2014 2033 2306 2103; x_wconf 88' lang='lat' dir='ltr'><strong>Orpliicam</strong></span> 
     </span>
    </p>
   </div>
   <div class='ocr_carea' id='block_1_36' title="bbox 730 2119 2306 2189">
    <p class='ocr_par' dir='ltr' id='par_1_36' title="bbox 730 2119 2306 2189">
     <span class='ocr_line' id='line_1_36' title="bbox 730 2119 2306 2189; baseline 0.004 -21"><span class='ocrx_word' id='word_1_245' title='bbox 730 2119 1189 2187; x_wconf 71' lang='lat' dir='ltr'><strong>tihaldaicamque</strong></span> <span class='ocrx_word' id='word_1_246' title='bbox 1252 2122 1499 2173; x_wconf 89' lang='lat' dir='ltr'><strong>altiorem</strong></span> <span class='ocrx_word' id='word_1_247' title='bbox 1553 2124 1945 2189; x_wconf 76' lang='lat' dir='ltr'><strong>cognitionem,</strong></span> <span class='ocrx_word' id='word_1_248' title='bbox 1984 2136 2104 2189; x_wconf 73' lang='lat' dir='ltr'><strong>qua:</strong></span> <span class='ocrx_word' id='word_1_249' title='bbox 2156 2136 2306 2175; x_wconf 91' lang='lat' dir='ltr'><strong>com-</strong></span> 
     </span>
    </p>
   </div>
   <div class='ocr_carea' id='block_1_37' title="bbox 729 2210 2311 2282">
    <p class='ocr_par' dir='ltr' id='par_1_37' title="bbox 729 2210 2311 2282">
     <span class='ocr_line' id='line_1_37' title="bbox 729 2210 2311 2282; baseline 0.003 -21"><span class='ocrx_word' id='word_1_250' title='bbox 729 2223 946 2262; x_wconf 88' lang='lat' dir='ltr'><strong>munem</strong></span> <span class='ocrx_word' id='word_1_251' title='bbox 1007 2210 1442 2278; x_wconf 86' lang='lat' dir='ltr'><strong>philosophorum</strong></span> <span class='ocrx_word' id='word_1_252' title='bbox 1514 2221 1731 2279; x_wconf 88' lang='lat' dir='ltr'><strong>captum</strong></span> <span class='ocrx_word' id='word_1_253' title='bbox 1795 2214 2103 2277; x_wconf 81' lang='lat' dir='ltr'><strong>excederet,</strong></span> <span class='ocrx_word' id='word_1_254' title='bbox 2156 2213 2311 2282; x_wconf 85' lang='lat' dir='ltr'><strong>longe</strong></span> 
     </span>
    </p>
   </div>
   <div class='ocr_carea' id='block_1_38' title="bbox 730 2301 2311 2372">
    <p class='ocr_par' dir='ltr' id='par_1_38' title="bbox 730 2301 2311 2372">
     <span class='ocr_line' id='line_1_38' title="bbox 730 2301 2311 2372; baseline 0.003 -18"><span class='ocrx_word' id='word_1_255' title='bbox 730 2315 851 2354; x_wconf 88' lang='lat' dir='ltr'><strong>erat</strong></span> <span class='ocrx_word' id='word_1_256' title='bbox 900 2301 1144 2354; x_wconf 82' lang='lat' dir='ltr'><strong>inferior.</strong></span> <span class='ocrx_word' id='word_1_257' title='bbox 1170 2301 1231 2356; x_wconf 91' lang='lat' dir='ltr'><strong>In</strong></span> <span class='ocrx_word' id='word_1_258' title='bbox 1267 2305 1513 2372; x_wconf 79' lang='lat' dir='ltr'><strong>physicis</strong></span> <span class='ocrx_word' id='word_1_259' title='bbox 1556 2307 1799 2359; x_wconf 91' lang='lat' dir='ltr'><strong>omnium</strong></span> <span class='ocrx_word' id='word_1_260' title='bbox 1852 2308 1934 2360; x_wconf 89' lang='lat' dir='ltr'><strong>sui</strong></span> <span class='ocrx_word' id='word_1_261' title='bbox 1965 2306 2146 2359; x_wconf 63' lang='lat' dir='ltr'><strong>saeculi</strong></span> <span class='ocrx_word' id='word_1_262' title='bbox 2194 2315 2311 2359; x_wconf 87' lang='lat' dir='ltr'><strong>erat</strong></span> 
     </span>
    </p>
   </div>
   <div class='ocr_carea' id='block_1_39' title="bbox 730 2394 2310 2466">
    <p class='ocr_par' dir='ltr' id='par_1_39' title="bbox 730 2394 2310 2466">
     <span class='ocr_line' id='line_1_39' title="bbox 730 2394 2310 2466; baseline 0.004 -19"><span class='ocrx_word' id='word_1_263' title='bbox 730 2394 1110 2450; x_wconf 88' lang='lat' dir='ltr'><strong>doctissimus:</strong></span> <span class='ocrx_word' id='word_1_264' title='bbox 1162 2396 1412 2450; x_wconf 86' lang='lat' dir='ltr'><strong>similiter</strong></span> <span class='ocrx_word' id='word_1_265' title='bbox 1439 2408 1495 2451; x_wconf 90' lang='lat' dir='ltr'><strong>et</strong></span> <span class='ocrx_word' id='word_1_266' title='bbox 1523 2399 1575 2452; x_wconf 90' lang='lat' dir='ltr'><strong>in</strong></span> <span class='ocrx_word' id='word_1_267' title='bbox 1609 2400 1862 2461; x_wconf 86' lang='lat' dir='ltr'><strong>mathesi,</strong></span> <span class='ocrx_word' id='word_1_268' title='bbox 1902 2400 2041 2453; x_wconf 89' lang='lat' dir='ltr'><strong>unde</strong></span> <span class='ocrx_word' id='word_1_269' title='bbox 2085 2408 2141 2452; x_wconf 91' lang='lat' dir='ltr'><strong>et</strong></span> <span class='ocrx_word' id='word_1_270' title='bbox 2173 2414 2310 2466; x_wconf 59' lang='lat' dir='ltr'><strong>prae-</strong></span> 
     </span>
    </p>
   </div>
   <div class='ocr_carea' id='block_1_40' title="bbox 732 2487 2301 2559">
    <p class='ocr_par' dir='ltr' id='par_1_40' title="bbox 732 2487 2301 2559">
     <span class='ocr_line' id='line_1_40' title="bbox 732 2487 2301 2559; baseline 0.003 -22"><span class='ocrx_word' id='word_1_271' title='bbox 732 2494 813 2538; x_wconf 88' lang='lat' dir='ltr'><strong>ter</strong></span> <span class='ocrx_word' id='word_1_272' title='bbox 856 2487 960 2538; x_wconf 89' lang='lat' dir='ltr'><strong>alia</strong></span> <span class='ocrx_word' id='word_1_273' title='bbox 1023 2502 1270 2555; x_wconf 87' lang='lat' dir='ltr'><strong>magnam</strong></span> <span class='ocrx_word' id='word_1_274' title='bbox 1326 2489 1522 2555; x_wconf 81' lang='lat' dir='ltr'><strong>ingenii</strong></span> <span class='ocrx_word' id='word_1_275' title='bbox 1552 2490 1777 2559; x_wconf 78' lang='lat' dir='ltr'><strong>gloriam</strong></span> <span class='ocrx_word' id='word_1_276' title='bbox 1819 2498 2145 2544; x_wconf 87' lang='lat' dir='ltr'><strong>consecutus</strong></span> <span class='ocrx_word' id='word_1_277' title='bbox 2194 2498 2301 2543; x_wconf 88' lang='lat' dir='ltr'><strong>est.</strong></span> 
     </span>
    </p>
   </div>
   <div class='ocr_carea' id='block_1_41' title="bbox 731 2577 2306 2649">
    <p class='ocr_par' dir='ltr' id='par_1_41' title="bbox 731 2577 2306 2649">
     <span class='ocr_line' id='line_1_41' title="bbox 731 2577 2306 2649; baseline 0.001 -18"><span class='ocrx_word' id='word_1_278' title='bbox 731 2577 789 2631; x_wconf 91' lang='lat' dir='ltr'><strong>lu</strong></span> <span class='ocrx_word' id='word_1_279' title='bbox 836 2578 1024 2632; x_wconf 88' lang='lat' dir='ltr'><strong>morali</strong></span> <span class='ocrx_word' id='word_1_280' title='bbox 1075 2580 1436 2648; x_wconf 80' lang='lat' dir='ltr'><strong>philosophia,</strong></span> <span class='ocrx_word' id='word_1_281' title='bbox 1473 2591 1528 2635; x_wconf 91' lang='lat' dir='ltr'><strong>et</strong></span> <span class='ocrx_word' id='word_1_282' title='bbox 1556 2598 1675 2649; x_wconf 63' lang='lat' dir='ltr'><strong>quin</strong></span> <span class='ocrx_word' id='word_1_283' title='bbox 1726 2583 1791 2636; x_wconf 90' lang='lat' dir='ltr'><strong>de</strong></span> <span class='ocrx_word' id='word_1_284' title='bbox 1850 2583 2143 2635; x_wconf 85' lang='lat' dir='ltr'><strong>virtutibus</strong></span> <span class='ocrx_word' id='word_1_285' title='bbox 2203 2591 2306 2644; x_wconf 89' lang='lat' dir='ltr'><strong>est,</strong></span> 
     </span>
    </p>
   </div>
   <div class='ocr_carea' id='block_1_42' title="bbox 731 2671 2309 2740">
    <p class='ocr_par' dir='ltr' id='par_1_42' title="bbox 731 2671 2309 2740">
     <span class='ocr_line' id='line_1_42' title="bbox 731 2671 2309 2740; baseline 0 -17"><span class='ocrx_word' id='word_1_286' title='bbox 731 2684 948 2733; x_wconf 79' lang='lat' dir='ltr'><strong>semper</strong></span> <span class='ocrx_word' id='word_1_287' title='bbox 990 2684 1186 2722; x_wconf 90' lang='lat' dir='ltr'><strong>novum</strong></span> <span class='ocrx_word' id='word_1_288' title='bbox 1238 2671 1369 2738; x_wconf 88' lang='lat' dir='ltr'><strong>quid</strong></span> <span class='ocrx_word' id='word_1_289' title='bbox 1411 2672 1675 2733; x_wconf 82' lang='lat' dir='ltr'><strong>invenire,</strong></span> <span class='ocrx_word' id='word_1_290' title='bbox 1704 2681 1758 2725; x_wconf 91' lang='lat' dir='ltr'><strong>et</strong></span> <span class='ocrx_word' id='word_1_291' title='bbox 1802 2671 2309 2740; x_wconf 88' lang='lat' dir='ltr'><strong>contemplationem</strong></span> 
     </span>
    </p>
   </div>
   <div class='ocr_carea' id='block_1_43' title="bbox 731 2760 2311 2831">
    <p class='ocr_par' dir='ltr' id='par_1_43' title="bbox 731 2760 2311 2831">
     <span class='ocr_line' id='line_1_43' title="bbox 731 2760 2311 2831; baseline 0.003 -21"><span class='ocrx_word' id='word_1_292' title='bbox 731 2761 798 2813; x_wconf 89' lang='lat' dir='ltr'><strong>ad</strong></span> <span class='ocrx_word' id='word_1_293' title='bbox 834 2760 1086 2813; x_wconf 81' lang='lat' dir='ltr'><strong>inferiora</strong></span> <span class='ocrx_word' id='word_1_294' title='bbox 1138 2762 1473 2831; x_wconf 84' lang='lat' dir='ltr'><strong>visibiliaque</strong></span> <span class='ocrx_word' id='word_1_295' title='bbox 1529 2766 1746 2819; x_wconf 89' lang='lat' dir='ltr'><strong>trahere</strong></span> <span class='ocrx_word' id='word_1_296' title='bbox 1790 2764 2085 2818; x_wconf 86' lang='lat' dir='ltr'><strong>conabatur</strong></span> <span class='ocrx_word' id='word_1_297' title='bbox 2130 2764 2311 2817; x_wconf 88' lang='lat' dir='ltr'><strong>:nihil</strong></span> 
     </span>
    </p>
   </div>
   <div class='ocr_carea' id='block_1_44' title="bbox 731 2852 2311 2923">
    <p class='ocr_par' dir='ltr' id='par_1_44' title="bbox 731 2852 2311 2923">
     <span class='ocr_line' id='line_1_44' title="bbox 731 2852 2311 2923; baseline 0.002 -20"><span class='ocrx_word' id='word_1_298' title='bbox 731 2852 973 2916; x_wconf 85' lang='lat' dir='ltr'><strong>quidem,</strong></span> <span class='ocrx_word' id='word_1_299' title='bbox 1016 2862 1075 2904; x_wconf 92' lang='lat' dir='ltr'><strong>ut</strong></span> <span class='ocrx_word' id='word_1_300' title='bbox 1124 2853 1196 2905; x_wconf 87' lang='lat' dir='ltr'><strong>ita</strong></span> <span class='ocrx_word' id='word_1_301' title='bbox 1252 2857 1463 2921; x_wconf 86' lang='lat' dir='ltr'><strong>loquar,</strong></span> <span class='ocrx_word' id='word_1_302' title='bbox 1512 2870 1578 2909; x_wconf 81' lang='lat' dir='ltr'><strong>ex</strong></span> <span class='ocrx_word' id='word_1_303' title='bbox 1630 2856 1865 2923; x_wconf 82' lang='lat' dir='ltr'><strong>antiquis</strong></span> <span class='ocrx_word' id='word_1_304' title='bbox 1934 2855 2311 2922; x_wconf 85' lang='lat' dir='ltr'><strong>iiitelligeiitiis</strong></span> 
     </span>
    </p>
   </div>
   <div class='ocr_carea' id='block_1_45' title="bbox 730 2941 2311 3011">
    <p class='ocr_par' dir='ltr' id='par_1_45' title="bbox 730 2941 2311 3011">
     <span class='ocr_line' id='line_1_45' title="bbox 730 2941 2311 3011; baseline 0.001 -20"><span class='ocrx_word' id='word_1_305' title='bbox 730 2953 976 3002; x_wconf 75' lang='lat' dir='ltr'><strong>servans,</strong></span> <span class='ocrx_word' id='word_1_306' title='bbox 1033 2941 1213 2992; x_wconf 88' lang='lat' dir='ltr'><strong>omnia</strong></span> <span class='ocrx_word' id='word_1_307' title='bbox 1272 2944 1617 2996; x_wconf 87' lang='lat' dir='ltr'><strong>condensans</strong></span> <span class='ocrx_word' id='word_1_308' title='bbox 1655 2954 1709 2997; x_wconf 88' lang='lat' dir='ltr'><strong>et</strong></span> <span class='ocrx_word' id='word_1_309' title='bbox 1755 2944 2015 3011; x_wconf 89' lang='lat' dir='ltr'><strong>colligens</strong></span> <span class='ocrx_word' id='word_1_310' title='bbox 2047 2944 2100 2995; x_wconf 92' lang='lat' dir='ltr'><strong>in</strong></span> <span class='ocrx_word' id='word_1_311' title='bbox 2152 2953 2311 2995; x_wconf 86' lang='lat' dir='ltr'><strong>natu-</strong></span> 
     </span>
    </p>
   </div>
   <div class='ocr_carea' id='block_1_46' title="bbox 730 3031 2307 3101">
    <p class='ocr_par' dir='ltr' id='par_1_46' title="bbox 730 3031 2307 3101">
     <span class='ocr_line' id='line_1_46' title="bbox 730 3031 2307 3101; baseline 0.003 -18"><span class='ocrx_word' id='word_1_312' title='bbox 730 3044 846 3083; x_wconf 84' lang='lat' dir='ltr'><strong>ram</strong></span> <span class='ocrx_word' id='word_1_313' title='bbox 907 3032 1112 3084; x_wconf 88' lang='lat' dir='ltr'><strong>mundi.</strong></span> <span class='ocrx_word' id='word_1_314' title='bbox 1184 3031 1355 3085; x_wconf 84' lang='lat' dir='ltr'><strong>Natus</strong></span> <span class='ocrx_word' id='word_1_315' title='bbox 1399 3038 1465 3085; x_wconf 88' lang='lat' dir='ltr'><strong>ad</strong></span> <span class='ocrx_word' id='word_1_316' title='bbox 1529 3036 1789 3087; x_wconf 88' lang='lat' dir='ltr'><strong>musicam</strong></span> <span class='ocrx_word' id='word_1_317' title='bbox 1852 3034 2307 3101; x_wconf 81' lang='lat' dir='ltr'><strong>Asclepiodotus,</strong></span> 
     </span>
    </p>
   </div>
   <div class='ocr_carea' id='block_1_47' title="bbox 735 3118 2313 3191">
    <p class='ocr_par' dir='ltr' id='par_1_47' title="bbox 735 3118 2313 3191">
     <span class='ocr_line' id='line_1_47' title="bbox 735 3118 2313 3191; baseline 0.001 -21"><span class='ocrx_word' id='word_1_318' title='bbox 735 3118 1069 3186; x_wconf 82' lang='lat' dir='ltr'><strong>deperditum</strong></span> <span class='ocrx_word' id='word_1_319' title='bbox 1108 3130 1283 3172; x_wconf 84' lang='lat' dir='ltr'><strong>tamen</strong></span> <span class='ocrx_word' id='word_1_320' title='bbox 1332 3123 1727 3174; x_wconf 78' lang='lat' dir='ltr'><strong>enarmonicum</strong></span> <span class='ocrx_word' id='word_1_321' title='bbox 1784 3138 1892 3176; x_wconf 93' lang='lat' dir='ltr'><strong>non</strong></span> <span class='ocrx_word' id='word_1_322' title='bbox 1933 3125 2106 3191; x_wconf 84' lang='lat' dir='ltr'><strong>potuit</strong></span> <span class='ocrx_word' id='word_1_323' title='bbox 2165 3138 2313 3176; x_wconf 79' lang='lat' dir='ltr'><strong>revn-</strong></span> 
     </span>
    </p>
   </div>
   <div class='ocr_carea' id='block_1_48' title="bbox 2410 1936 3990 2006">
    <p class='ocr_par' dir='ltr' id='par_1_48' title="bbox 2410 1936 3990 2006">
     <span class='ocr_line' id='line_1_48' title="bbox 2410 1936 3990 2006; baseline 0.001 -18"><span class='ocrx_word' id='word_1_324' title='bbox 2410 1938 2520 1989; x_wconf 85' lang='grc' dir='ltr'>τῶν</span> <span class='ocrx_word' id='word_1_325' title='bbox 2550 1936 2912 2005; x_wconf 74' lang='grc' dir='ltr'>πραγμάτων,</span> <span class='ocrx_word' id='word_1_326' title='bbox 2936 1936 3035 1987; x_wconf 85' lang='grc' dir='ltr'>ὅσα</span> <span class='ocrx_word' id='word_1_327' title='bbox 3068 1936 3251 2004; x_wconf 66' lang='grc' dir='ltr'>ἀφανῆ</span> <span class='ocrx_word' id='word_1_328' title='bbox 3276 1937 3369 1988; x_wconf 76' lang='grc' dir='ltr'>καὶ</span> <span class='ocrx_word' id='word_1_329' title='bbox 3390 1939 3557 2006; x_wconf 74' lang='grc' dir='ltr'>νοητά</span> <span class='ocrx_word' id='word_1_330' title='bbox 3580 1939 3672 1991; x_wconf 89' lang='grc' dir='ltr'><strong>καί</strong></span> <span class='ocrx_word' id='word_1_331' title='bbox 3700 1939 3804 2005; x_wconf 81' lang='grc' dir='ltr'><strong>τῆς</strong></span> <span class='ocrx_word' id='word_1_332' title='bbox 3846 1939 3990 1991; x_wconf 85' lang='grc' dir='ltr'>Πλά-</span> 
     </span>
    </p>
   </div>
   <div class='ocr_carea' id='block_1_49' title="bbox 2409 2024 3993 2095">
    <p class='ocr_par' dir='ltr' id='par_1_49' title="bbox 2409 2024 3993 2095">
     <span class='ocr_line' id='line_1_49' title="bbox 2409 2024 3993 2095; baseline 0 -16"><span class='ocrx_word' id='word_1_333' title='bbox 2409 2042 2577 2086; x_wconf 86' lang='grc' dir='ltr'>τωνος</span> <span class='ocrx_word' id='word_1_334' title='bbox 2599 2024 2852 2093; x_wconf 76' lang='grc' dir='ltr'>ἐξαίρετα</span> <span class='ocrx_word' id='word_1_335' title='bbox 2888 2024 3165 2085; x_wconf 85' lang='grc' dir='ltr'>Ιδιανοίας.</span> <span class='ocrx_word' id='word_1_336' title='bbox 3204 2024 3346 2093; x_wconf 73' lang='grc' dir='ltr'>Πρὸς</span> <span class='ocrx_word' id='word_1_337' title='bbox 3399 2025 3456 2077; x_wconf 81' lang='grc' dir='ltr'>δὲ</span> <span class='ocrx_word' id='word_1_338' title='bbox 3496 2026 3592 2095; x_wconf 82' lang='grc' dir='ltr'>τὴν</span> <span class='ocrx_word' id='word_1_339' title='bbox 3633 2029 3897 2095; x_wconf 76' lang='grc' dir='ltr'>Ὀρφικήν</span> <span class='ocrx_word' id='word_1_340' title='bbox 3934 2043 3993 2079; x_wconf 84' lang='grc' dir='ltr'><strong>τε</strong></span> 
     </span>
    </p>
   </div>
   <div class='ocr_carea' id='block_1_50' title="bbox 2411 2114 3995 2185">
    <p class='ocr_par' dir='ltr' id='par_1_50' title="bbox 2411 2114 3995 2185">
     <span class='ocr_line' id='line_1_50' title="bbox 2411 2114 3995 2185; baseline 0 -16"><span class='ocrx_word' id='word_1_341' title='bbox 2411 2118 2504 2170; x_wconf 80' lang='grc' dir='ltr'>καὶ</span> <span class='ocrx_word' id='word_1_342' title='bbox 2530 2116 2840 2185; x_wconf 84' lang='grc' dir='ltr'>Χαλδαῐκὴν</span> <span class='ocrx_word' id='word_1_343' title='bbox 2887 2115 2984 2185; x_wconf 82' lang='grc' dir='ltr'>τὴν</span> <span class='ocrx_word' id='word_1_344' title='bbox 3037 2115 3083 2145; x_wconf 79' lang='grc'><strong>⁸⁸</strong></span> <span class='ocrx_word' id='word_1_345' title='bbox 3141 2114 3481 2184; x_wconf 79' lang='grc' dir='ltr'>ὑψηλοτέραν</span> <span class='ocrx_word' id='word_1_346' title='bbox 3528 2117 3738 2184; x_wconf 70' lang='grc' dir='ltr'>σοφίαν,</span> <span class='ocrx_word' id='word_1_347' title='bbox 3781 2118 3995 2171; x_wconf 74' lang='grc' dir='ltr'>καὶτὸν</span> 
     </span>
    </p>
   </div>
   <div class='ocr_carea' id='block_1_51' title="bbox 2412 2202 3993 2274">
    <p class='ocr_par' dir='ltr' id='par_1_51' title="bbox 2412 2202 3993 2274">
     <span class='ocr_line' id='line_1_51' title="bbox 2412 2202 3993 2274; baseline -0.001 -14"><span class='ocrx_word' id='word_1_348' title='bbox 2412 2208 2590 2260; x_wconf 86' lang='grc' dir='ltr'>κοινὸν</span> <span class='ocrx_word' id='word_1_349' title='bbox 2643 2206 2960 2273; x_wconf 48' lang='grc' dir='ltr'>φιλοποσίας</span> <span class='ocrx_word' id='word_1_350' title='bbox 3001 2202 3125 2255; x_wconf 75' lang='grc' dir='ltr'><strong>νοῦν</strong></span> <span class='ocrx_word' id='word_1_351' title='bbox 3169 2204 3597 2273; x_wconf 79' lang='grc' dir='ltr'>ὑπεραίρουσαν,</span> <span class='ocrx_word' id='word_1_352' title='bbox 3661 2206 3740 2258; x_wconf 76' lang='grc' dir='ltr'>ἔτι</span> <span class='ocrx_word' id='word_1_353' title='bbox 3794 2207 3993 2274; x_wconf 74' lang='grc' dir='ltr'>μᾶλλον</span> 
     </span>
    </p>
   </div>
   <div class='ocr_carea' id='block_1_52' title="bbox 2415 2296 3993 2368">
    <p class='ocr_par' dir='ltr' id='par_1_52' title="bbox 2415 2296 3993 2368">
     <span class='ocr_line' id='line_1_52' title="bbox 2415 2296 3993 2368; baseline -0.002 -16"><span class='ocrx_word' id='word_1_354' title='bbox 2415 2300 2679 2352; x_wconf 73' lang='grc' dir='ltr'>ὲνλείπετο.</span> <span class='ocrx_word' id='word_1_355' title='bbox 2710 2298 2851 2368; x_wconf 82' lang='grc' dir='ltr'>Πρὸς</span> <span class='ocrx_word' id='word_1_356' title='bbox 2880 2298 2937 2350; x_wconf 83' lang='grc' dir='ltr'>δὲ</span> <span class='ocrx_word' id='word_1_357' title='bbox 2970 2296 3322 2365; x_wconf 84' lang='grc' dir='ltr'>φυσιολογίαν</span> <span class='ocrx_word' id='word_1_358' title='bbox 3349 2297 3457 2349; x_wconf 84' lang='grc' dir='ltr'><strong>τῶν</strong></span> <span class='ocrx_word' id='word_1_359' title='bbox 3486 2297 3608 2349; x_wconf 76' lang='grc' dir='ltr'>καθ’</span> <span class='ocrx_word' id='word_1_360' title='bbox 3638 2299 3831 2349; x_wconf 77' lang='grc' dir='ltr'>ἑαυτὸν</span> <span class='ocrx_word' id='word_1_361' title='bbox 3859 2299 3993 2352; x_wconf 84' lang='grc' dir='ltr'>πάν-</span> 
     </span>
    </p>
   </div>
   <div class='ocr_carea' id='block_1_53' title="bbox 2411 2387 3997 2459">
    <p class='ocr_par' dir='ltr' id='par_1_53' title="bbox 2411 2387 3997 2459">
     <span class='ocr_line' id='line_1_53' title="bbox 2411 2387 3997 2459; baseline -0.003 -16"><span class='ocrx_word' id='word_1_362' title='bbox 2411 2408 2522 2443; x_wconf 89' lang='grc' dir='ltr'><strong>των</strong></span> <span class='ocrx_word' id='word_1_363' title='bbox 2556 2387 2624 2458; x_wconf 82' lang='grc' dir='ltr'>ἦν</span> <span class='ocrx_word' id='word_1_364' title='bbox 2658 2389 3165 2459; x_wconf 57' lang='grc' dir='ltr'><strong>ὲρριιημενέστατος⁸</strong></span> <span class='ocrx_word' id='word_1_365' title='bbox 3192 2387 3453 2450; x_wconf 85' lang='grc' dir='ltr'>ὡσαύτως</span> <span class='ocrx_word' id='word_1_366' title='bbox 3481 2388 3575 2439; x_wconf 77' lang='grc' dir='ltr'>καὶ</span> <span class='ocrx_word' id='word_1_367' title='bbox 3598 2389 3653 2439; x_wconf 75' lang='grc' dir='ltr'>ἑν</span> <span class='ocrx_word' id='word_1_368' title='bbox 3675 2389 3785 2449; x_wconf 84' lang='grc' dir='ltr'>τοῖς</span> <span class='ocrx_word' id='word_1_369' title='bbox 3824 2388 3997 2457; x_wconf 82' lang='grc' dir='ltr'>μαθή-</span> 
     </span>
    </p>
   </div>
   <div class='ocr_carea' id='block_1_54' title="bbox 2416 2474 3996 2551">
    <p class='ocr_par' dir='ltr' id='par_1_54' title="bbox 2416 2474 3996 2551">
     <span class='ocr_line' id='line_1_54' title="bbox 2416 2474 3996 2551; baseline -0.003 -17"><span class='ocrx_word' id='word_1_370' title='bbox 2416 2499 2602 2551; x_wconf 87' lang='grc' dir='ltr'>μασιν,</span> <span class='ocrx_word' id='word_1_371' title='bbox 2640 2482 2733 2547; x_wconf 82' lang='grc' dir='ltr'><strong>ἀφ’</strong></span> <span class='ocrx_word' id='word_1_372' title='bbox 2770 2474 2844 2533; x_wconf 82' lang='grc' dir='ltr'>ὦν</span> <span class='ocrx_word' id='word_1_373' title='bbox 2876 2482 2967 2531; x_wconf 75' lang='grc' dir='ltr'>καὶ</span> <span class='ocrx_word' id='word_1_374' title='bbox 2999 2480 3092 2531; x_wconf 76' lang='grc' dir='ltr'>ἐπὶ</span> <span class='ocrx_word' id='word_1_375' title='bbox 3127 2480 3197 2532; x_wconf 88' lang='grc' dir='ltr'><strong>τά</strong></span> <span class='ocrx_word' id='word_1_376' title='bbox 3230 2479 3365 2532; x_wconf 75' lang='grc' dir='ltr'>ἄλλα</span> <span class='ocrx_word' id='word_1_377' title='bbox 3394 2478 3455 2530; x_wconf 78' lang='grc' dir='ltr'>τὸ</span> <span class='ocrx_word' id='word_1_378' title='bbox 3476 2478 3619 2545; x_wconf 87' lang='grc' dir='ltr'>μέγα</span> <span class='ocrx_word' id='word_1_379' title='bbox 3651 2478 3750 2547; x_wconf 83' lang='grc' dir='ltr'><strong>τῆς</strong></span> <span class='ocrx_word' id='word_1_380' title='bbox 3784 2479 3996 2546; x_wconf 78' lang='grc' dir='ltr'>φύσεως</span> 
     </span>
    </p>
   </div>
   <div class='ocr_carea' id='block_1_55' title="bbox 2413 2569 3997 2640">
    <p class='ocr_par' dir='ltr' id='par_1_55' title="bbox 2413 2569 3997 2640">
     <span class='ocr_line' id='line_1_55' title="bbox 2413 2569 3997 2640; baseline -0.003 -14"><span class='ocrx_word' id='word_1_381' title='bbox 2413 2574 2763 2640; x_wconf 79' lang='grc' dir='ltr'>ἀπηνέγκατο</span> <span class='ocrx_word' id='word_1_382' title='bbox 2794 2572 2968 2633; x_wconf 80' lang='grc' dir='ltr'>κλέος.</span> <span class='ocrx_word' id='word_1_383' title='bbox 3008 2573 3095 2624; x_wconf 84' lang='grc' dir='ltr'>Ἐν</span> <span class='ocrx_word' id='word_1_384' title='bbox 3119 2573 3229 2633; x_wconf 83' lang='grc' dir='ltr'>τοῖς</span> <span class='ocrx_word' id='word_1_385' title='bbox 3261 2573 3390 2640; x_wconf 82' lang='grc' dir='ltr'>περὶ</span> <span class='ocrx_word' id='word_1_386' title='bbox 3408 2570 3555 2639; x_wconf 75' lang='grc' dir='ltr'>ἠθῶν</span> <span class='ocrx_word' id='word_1_387' title='bbox 3575 2569 3631 2622; x_wconf 83' lang='grc' dir='ltr'>δὲ</span> <span class='ocrx_word' id='word_1_388' title='bbox 3654 2572 3749 2622; x_wconf 77' lang='grc' dir='ltr'>καὶ</span> <span class='ocrx_word' id='word_1_389' title='bbox 3783 2570 3997 2637; x_wconf 81' lang='grc' dir='ltr'>ἀρετῶν</span> 
     </span>
    </p>
   </div>
   <div class='ocr_carea' id='block_1_56' title="bbox 2412 2661 3996 2732">
    <p class='ocr_par' dir='ltr' id='par_1_56' title="bbox 2412 2661 3996 2732">
     <span class='ocr_line' id='line_1_56' title="bbox 2412 2661 3996 2732; baseline -0.004 -15"><span class='ocrx_word' id='word_1_390' title='bbox 2412 2665 2569 2717; x_wconf 91' lang='grc' dir='ltr'>ἀείτι</span> <span class='ocrx_word' id='word_1_391' title='bbox 2601 2665 2950 2732; x_wconf 81' lang='grc' dir='ltr'>καινουργεῖν</span> <span class='ocrx_word' id='word_1_392' title='bbox 2973 2662 3269 2731; x_wconf 77' lang='grc' dir='ltr'>ἐπεχείρει,</span> <span class='ocrx_word' id='word_1_393' title='bbox 3308 2664 3401 2714; x_wconf 72' lang='grc' dir='ltr'><strong>καὶ</strong></span> <span class='ocrx_word' id='word_1_394' title='bbox 3440 2663 3574 2731; x_wconf 69' lang='grc' dir='ltr'>πρὶις</span> <span class='ocrx_word' id='word_1_395' title='bbox 3606 2662 3671 2714; x_wconf 77' lang='grc' dir='ltr'><strong>τά</strong></span> <span class='ocrx_word' id='word_1_396' title='bbox 3718 2662 3874 2713; x_wconf 88' lang='grc' dir='ltr'>κάτω</span> <span class='ocrx_word' id='word_1_397' title='bbox 3905 2661 3996 2712; x_wconf 78' lang='grc' dir='ltr'><strong>καὶ</strong></span> 
     </span>
    </p>
   </div>
   <div class='ocr_carea' id='block_1_57' title="bbox 2413 2751 3995 2821">
    <p class='ocr_par' dir='ltr' id='par_1_57' title="bbox 2413 2751 3995 2821">
     <span class='ocr_line' id='line_1_57' title="bbox 2413 2751 3995 2821; baseline -0.003 -15"><span class='ocrx_word' id='word_1_398' title='bbox 2413 2756 2481 2806; x_wconf 90' lang='grc' dir='ltr'><strong>τά</strong></span> <span class='ocrx_word' id='word_1_399' title='bbox 2515 2754 2559 2785; x_wconf 76' lang='grc'><strong>⁸⁸</strong></span> <span class='ocrx_word' id='word_1_400' title='bbox 2581 2754 2884 2821; x_wconf 80' lang='grc' dir='ltr'>φαινόμενα</span> <span class='ocrx_word' id='word_1_401' title='bbox 2916 2753 3225 2805; x_wconf 87' lang='grc' dir='ltr'>συστέλλειν</span> <span class='ocrx_word' id='word_1_402' title='bbox 3251 2753 3349 2821; x_wconf 79' lang='grc' dir='ltr'><strong>τὴν</strong></span> <span class='ocrx_word' id='word_1_403' title='bbox 3382 2752 3641 2820; x_wconf 82' lang='grc' dir='ltr'>θεωρίαν,</span> <span class='ocrx_word' id='word_1_404' title='bbox 3708 2752 3865 2804; x_wconf 75' lang='grc' dir='ltr'>οὐδὲν</span> <span class='ocrx_word' id='word_1_405' title='bbox 3899 2751 3995 2819; x_wconf 84' lang='grc' dir='ltr'>μὲν</span> 
     </span>
    </p>
   </div>
   <div class='ocr_carea' id='block_1_58' title="bbox 2416 2844 4000 2915">
    <p class='ocr_par' dir='ltr' id='par_1_58' title="bbox 2416 2844 4000 2915">
     <span class='ocr_line' id='line_1_58' title="bbox 2416 2844 4000 2915; baseline -0.002 -18"><span class='ocrx_word' id='word_1_406' title='bbox 2416 2845 2511 2915; x_wconf 85' lang='grc' dir='ltr'><strong>(ὡς</strong></span> <span class='ocrx_word' id='word_1_407' title='bbox 2546 2844 2888 2911; x_wconf 80' lang='grc' dir='ltr'>ἕποςείπεῖν)</span> <span class='ocrx_word' id='word_1_408' title='bbox 2946 2844 3054 2896; x_wconf 86' lang='grc' dir='ltr'><strong>τῶν</strong></span> <span class='ocrx_word' id='word_1_409' title='bbox 3092 2845 3335 2914; x_wconf 80' lang='grc' dir='ltr'>ἀρχαίων</span> <span class='ocrx_word' id='word_1_410' title='bbox 3381 2844 3668 2909; x_wconf 81' lang='grc' dir='ltr'>νοημάτων</span> <span class='ocrx_word' id='word_1_411' title='bbox 3715 2844 4000 2894; x_wconf 82' lang='grc' dir='ltr'>ἀποικονο-</span> 
     </span>
    </p>
   </div>
   <div class='ocr_carea' id='block_1_59' title="bbox 2426 2934 3997 3005">
    <p class='ocr_par' dir='ltr' id='par_1_59' title="bbox 2426 2934 3997 3005">
     <span class='ocr_line' id='line_1_59' title="bbox 2426 2934 3997 3005; baseline -0.001 -18"><span class='ocrx_word' id='word_1_412' title='bbox 2426 2936 2715 3003; x_wconf 74' lang='grc' dir='ltr'>μοὺμενος,</span> <span class='ocrx_word' id='word_1_413' title='bbox 2745 2936 2923 2989; x_wconf 88' lang='grc' dir='ltr'>πάντα</span> <span class='ocrx_word' id='word_1_414' title='bbox 2951 2935 3007 2987; x_wconf 84' lang='grc' dir='ltr'>δὲ</span> <span class='ocrx_word' id='word_1_415' title='bbox 3042 2935 3299 2987; x_wconf 82' lang='grc' dir='ltr'>συνωθῶν</span> <span class='ocrx_word' id='word_1_416' title='bbox 3330 2937 3423 2987; x_wconf 68' lang='grc' dir='ltr'>καὶ</span> <span class='ocrx_word' id='word_1_417' title='bbox 3451 2935 3704 3001; x_wconf 80' lang='grc' dir='ltr'>κατάγων</span> <span class='ocrx_word' id='word_1_418' title='bbox 3732 2938 3811 2996; x_wconf 85' lang='grc' dir='ltr'><strong>είς</strong></span> <span class='ocrx_word' id='word_1_419' title='bbox 3844 2934 3997 3005; x_wconf 69' lang='grc' dir='ltr'>τήνίε</span> 
     </span>
    </p>
   </div>
   <div class='ocr_carea' id='block_1_60' title="bbox 2412 3024 3998 3095">
    <p class='ocr_par' dir='ltr' id='par_1_60' title="bbox 2412 3024 3998 3095">
     <span class='ocr_line' id='line_1_60' title="bbox 2412 3024 3998 3095; baseline -0.001 -19"><span class='ocrx_word' id='word_1_420' title='bbox 2412 3028 2510 3095; x_wconf 83' lang='grc' dir='ltr'>τὴν</span> <span class='ocrx_word' id='word_1_421' title='bbox 2539 3027 2700 3093; x_wconf 75' lang='grc' dir='ltr'>φύσιν</span> <span class='ocrx_word' id='word_1_422' title='bbox 2769 3026 2867 3094; x_wconf 85' lang='grc' dir='ltr'>τὴν</span> <span class='ocrx_word' id='word_1_423' title='bbox 2938 3026 3313 3093; x_wconf 89' lang='grc' dir='ltr'>περικόσμιον.</span> <span class='ocrx_word' id='word_1_424' title='bbox 3364 3025 3487 3077; x_wconf 74' lang='grc' dir='ltr'>Ὀτι</span> <span class='ocrx_word' id='word_1_425' title='bbox 3559 3024 3926 3093; x_wconf 72' lang='grc' dir='ltr'>εὐφυέστατος</span> <span class='ocrx_word' id='word_1_426' title='bbox 3971 3026 3998 3075; x_wconf 97' lang='lat'><strong>6</strong></span> 
     </span>
    </p>
   </div>
   <div class='ocr_carea' id='block_1_61' title="bbox 2425 3115 3996 3189">
    <p class='ocr_par' dir='ltr' id='par_1_61' title="bbox 2425 3115 3996 3189">
     <span class='ocr_line' id='line_1_61' title="bbox 2425 3115 3996 3189; baseline -0.002 -17"><span class='ocrx_word' id='word_1_427' title='bbox 2425 3120 2875 3189; x_wconf 84' lang='grc' dir='ltr'>Ἀσκληπιόδοτος</span> <span class='ocrx_word' id='word_1_428' title='bbox 2907 3120 3036 3188; x_wconf 70' lang='grc' dir='ltr'>περὶ</span> <span class='ocrx_word' id='word_1_429' title='bbox 3065 3120 3329 3187; x_wconf 80' lang='grc' dir='ltr'>μουσικὴν</span> <span class='ocrx_word' id='word_1_430' title='bbox 3366 3119 3605 3184; x_wconf 86' lang='grc' dir='ltr'>γεγονὼς</span> <span class='ocrx_word' id='word_1_431' title='bbox 3652 3118 3713 3170; x_wconf 75' lang='lat'><strong>1:6</strong></span> <span class='ocrx_word' id='word_1_432' title='bbox 3747 3115 3996 3183; x_wconf 76' lang='grc' dir='ltr'>ἐναρμό-</span> 
     </span>
    </p>
   </div>
   <div class='ocr_carea' id='block_1_62' title="bbox 732 3204 2311 3283">
    <p class='ocr_par' dir='ltr' id='par_1_62' title="bbox 732 3211 2309 3283">
     <span class='ocr_line' id='line_1_62' title="bbox 732 3211 2309 3283; baseline 0.003 -23"><span class='ocrx_word' id='word_1_433' title='bbox 732 3223 880 3272; x_wconf 78' lang='lat' dir='ltr'><strong>care,</strong></span> <span class='ocrx_word' id='word_1_434' title='bbox 933 3223 1243 3276; x_wconf 77' lang='lat' dir='ltr'><strong>quanquam</strong></span> <span class='ocrx_word' id='word_1_435' title='bbox 1299 3211 1399 3261; x_wconf 90' lang='lat' dir='ltr'><strong>alia</strong></span> <span class='ocrx_word' id='word_1_436' title='bbox 1444 3213 1548 3265; x_wconf 93' lang='lat' dir='ltr'><strong>duo</strong></span> <span class='ocrx_word' id='word_1_437' title='bbox 1598 3224 1795 3267; x_wconf 88' lang='lat' dir='ltr'><strong>cantus</strong></span> <span class='ocrx_word' id='word_1_438' title='bbox 1848 3228 2045 3283; x_wconf 85' lang='lat' dir='ltr'><strong>genera</strong></span> <span class='ocrx_word' id='word_1_439' title='bbox 2105 3215 2309 3267; x_wconf 83' lang='lat' dir='ltr'><strong>rescin-</strong></span> 
     </span>
    </p>
   </div>
   <div class='ocr_carea' id='block_1_63' title="bbox 2413 3204 3997 3283">
    <p class='ocr_par' dir='ltr' id='par_1_63' title="bbox 2413 3204 3997 3279">
     <span class='ocr_line' id='line_1_63' title="bbox 2413 3204 3997 3279; baseline -0.004 -15"><span class='ocrx_word' id='word_1_440' title='bbox 2413 3229 2546 3264; x_wconf 73' lang='grc' dir='ltr'>νιον</span> <span class='ocrx_word' id='word_1_441' title='bbox 2594 3212 2749 3279; x_wconf 81' lang='grc' dir='ltr'>γένος</span> <span class='ocrx_word' id='word_1_442' title='bbox 2779 3208 3057 3270; x_wconf 80' lang='grc' dir='ltr'>ἀπολωλὸς</span> <span class='ocrx_word' id='word_1_443' title='bbox 3104 3210 3203 3277; x_wconf 73' lang='grc' dir='ltr'>οὐχ</span> <span class='ocrx_word' id='word_1_444' title='bbox 3236 3204 3411 3260; x_wconf 74' lang='grc' dir='ltr'>ηἷόστε</span> <span class='ocrx_word' id='word_1_445' title='bbox 3464 3208 3680 3273; x_wconf 76' lang='grc' dir='ltr'>ἐγένετο</span> <span class='ocrx_word' id='word_1_446' title='bbox 3714 3205 3997 3258; x_wconf 86' lang='grc' dir='ltr'>ἀνασώσα-</span> 
     </span>
    </p>
   </div>
   <div class='ocr_carea' id='block_1_64' title="bbox 733 3299 2309 3372">
    <p class='ocr_par' dir='ltr' id='par_1_64' title="bbox 733 3299 2309 3372">
     <span class='ocr_line' id='line_1_64' title="bbox 733 3299 2309 3372; baseline 0.003 -23"><span class='ocrx_word' id='word_1_447' title='bbox 733 3299 885 3351; x_wconf 83' lang='lat' dir='ltr'><strong>deret</strong></span> <span class='ocrx_word' id='word_1_448' title='bbox 926 3310 979 3352; x_wconf 90' lang='lat' dir='ltr'><strong>et</strong></span> <span class='ocrx_word' id='word_1_449' title='bbox 1030 3302 1372 3366; x_wconf 87' lang='lat' dir='ltr'><strong>reprimeret,</strong></span> <span class='ocrx_word' id='word_1_450' title='bbox 1414 3304 1645 3357; x_wconf 89' lang='lat' dir='ltr'><strong>alterum</strong></span> <span class='ocrx_word' id='word_1_451' title='bbox 1696 3305 2077 3357; x_wconf 77' lang='lat' dir='ltr'><strong>chromaticum</strong></span> <span class='ocrx_word' id='word_1_452' title='bbox 2134 3306 2309 3372; x_wconf 82' lang='lat' dir='ltr'><strong>appel-</strong></span> 
     </span>
    </p>
   </div>
   <div class='ocr_carea' id='block_1_65' title="bbox 735 3389 2308 3458">
    <p class='ocr_par' dir='ltr' id='par_1_65' title="bbox 735 3389 2308 3458">
     <span class='ocr_line' id='line_1_65' title="bbox 735 3389 2308 3458; baseline 0.004 -18"><span class='ocrx_word' id='word_1_453' title='bbox 735 3389 923 3455; x_wconf 78' lang='lat' dir='ltr'><strong>latum,</strong></span> <span class='ocrx_word' id='word_1_454' title='bbox 964 3390 1192 3445; x_wconf 88' lang='lat' dir='ltr'><strong>alterum</strong></span> <span class='ocrx_word' id='word_1_455' title='bbox 1237 3394 1605 3458; x_wconf 79' lang='lat' dir='ltr'><strong>diatonicum;</strong></span> <span class='ocrx_word' id='word_1_456' title='bbox 1636 3395 1973 3447; x_wconf 86' lang='lat' dir='ltr'><strong>harmoniam</strong></span> <span class='ocrx_word' id='word_1_457' title='bbox 2002 3404 2178 3448; x_wconf 88' lang='lat' dir='ltr'><strong>tamen</strong></span> <span class='ocrx_word' id='word_1_458' title='bbox 2205 3410 2308 3447; x_wconf 88' lang='lat' dir='ltr'><strong>non</strong></span> 
     </span>
    </p>
   </div>
   <div class='ocr_carea' id='block_1_66' title="bbox 737 3478 2313 3549">
    <p class='ocr_par' dir='ltr' id='par_1_66' title="bbox 737 3478 2313 3549">
     <span class='ocr_line' id='line_1_66' title="bbox 737 3478 2313 3549; baseline 0.003 -18"><span class='ocrx_word' id='word_1_459' title='bbox 737 3478 963 3542; x_wconf 77' lang='lat' dir='ltr'><strong>invenit,</strong></span> <span class='ocrx_word' id='word_1_460' title='bbox 1019 3481 1266 3546; x_wconf 83' lang='lat' dir='ltr'><strong>quamvis</strong></span> <span class='ocrx_word' id='word_1_461' title='bbox 1323 3485 1600 3549; x_wconf 85' lang='lat' dir='ltr'><strong>magades,</strong></span> <span class='ocrx_word' id='word_1_462' title='bbox 1660 3492 1719 3537; x_wconf 91' lang='lat' dir='ltr'><strong>ut</strong></span> <span class='ocrx_word' id='word_1_463' title='bbox 1760 3485 1921 3547; x_wconf 77' lang='lat' dir='ltr'><strong>dixit,</strong></span> <span class='ocrx_word' id='word_1_464' title='bbox 1967 3484 2207 3545; x_wconf 86' lang='lat' dir='ltr'><strong>mutarit,</strong></span> <span class='ocrx_word' id='word_1_465' title='bbox 2256 3495 2313 3536; x_wconf 90' lang='lat' dir='ltr'><strong>et</strong></span> 
     </span>
    </p>
   </div>
   <div class='ocr_carea' id='block_1_67' title="bbox 736 3573 2306 3643">
    <p class='ocr_par' dir='ltr' id='par_1_67' title="bbox 736 3573 2306 3643">
     <span class='ocr_line' id='line_1_67' title="bbox 736 3573 2306 3643; baseline 0.004 -22"><span class='ocrx_word' id='word_1_466' title='bbox 736 3573 1161 3636; x_wconf 78' lang='lat' dir='ltr'><strong>transposuerit,</strong></span> <span class='ocrx_word' id='word_1_467' title='bbox 1219 3587 1322 3625; x_wconf 93' lang='lat' dir='ltr'><strong>non</strong></span> <span class='ocrx_word' id='word_1_468' title='bbox 1378 3576 1556 3628; x_wconf 89' lang='lat' dir='ltr'><strong>minus</strong></span> <span class='ocrx_word' id='word_1_469' title='bbox 1611 3589 1772 3642; x_wconf 90' lang='lat' dir='ltr'><strong>quam</strong></span> <span class='ocrx_word' id='word_1_470' title='bbox 1821 3575 2010 3643; x_wconf 75' lang='lat' dir='ltr'><strong>viginti</strong></span> <span class='ocrx_word' id='word_1_471' title='bbox 2057 3587 2114 3629; x_wconf 89' lang='lat' dir='ltr'><strong>et</strong></span> <span class='ocrx_word' id='word_1_472' title='bbox 2153 3576 2306 3627; x_wconf 88' lang='lat' dir='ltr'><strong>duas.</strong></span> 
     </span>
    </p>
   </div>
   <div class='ocr_carea' id='block_1_68' title="bbox 734 3657 2312 3727">
    <p class='ocr_par' dir='ltr' id='par_1_68' title="bbox 734 3657 2312 3727">
     <span class='ocr_line' id='line_1_68' title="bbox 734 3657 2312 3727; baseline 0.004 -17"><span class='ocrx_word' id='word_1_473' title='bbox 734 3657 908 3711; x_wconf 77' lang='lat' dir='ltr'><strong>Causa</strong></span> <span class='ocrx_word' id='word_1_474' title='bbox 937 3673 1035 3713; x_wconf 90' lang='lat' dir='ltr'><strong>cur</strong></span> <span class='ocrx_word' id='word_1_475' title='bbox 1064 3677 1167 3713; x_wconf 89' lang='lat' dir='ltr'><strong>non</strong></span> <span class='ocrx_word' id='word_1_476' title='bbox 1223 3663 1508 3727; x_wconf 87' lang='lat' dir='ltr'><strong>inveniret,</strong></span> <span class='ocrx_word' id='word_1_477' title='bbox 1566 3663 1679 3717; x_wconf 72' lang='lat' dir='ltr'><strong>hinc</strong></span> <span class='ocrx_word' id='word_1_478' title='bbox 1731 3674 1814 3717; x_wconf 88' lang='lat' dir='ltr'><strong>est</strong></span> <span class='ocrx_word' id='word_1_479' title='bbox 1841 3682 1855 3717; x_wconf 85' lang='lat'><strong>;</strong></span> <span class='ocrx_word' id='word_1_480' title='bbox 1884 3663 2161 3716; x_wconf 90' lang='lat' dir='ltr'><strong>minimam</strong></span> <span class='ocrx_word' id='word_1_481' title='bbox 2195 3680 2312 3717; x_wconf 91' lang='lat' dir='ltr'><strong>mo-</strong></span> 
     </span>
    </p>
   </div>
   <div class='ocr_carea' id='block_1_69' title="bbox 736 3753 2303 3823">
    <p class='ocr_par' dir='ltr' id='par_1_69' title="bbox 736 3753 2303 3823">
     <span class='ocr_line' id='line_1_69' title="bbox 736 3753 2303 3823; baseline 0.003 -20"><span class='ocrx_word' id='word_1_482' title='bbox 736 3753 1071 3805; x_wconf 88' lang='lat' dir='ltr'><strong>derationem</strong></span> <span class='ocrx_word' id='word_1_483' title='bbox 1136 3756 1571 3808; x_wconf 87' lang='lat' dir='ltr'><strong>harmonicarum</strong></span> <span class='ocrx_word' id='word_1_484' title='bbox 1653 3756 2070 3817; x_wconf 86' lang='lat' dir='ltr'><strong>dimensionum,</strong></span> <span class='ocrx_word' id='word_1_485' title='bbox 2143 3770 2303 3823; x_wconf 84' lang='lat' dir='ltr'><strong>quam</strong></span> 
     </span>
    </p>
   </div>
   <div class='ocr_carea' id='block_1_70' title="bbox 732 3842 2304 3915">
    <p class='ocr_par' dir='ltr' id='par_1_70' title="bbox 732 3842 2304 3915">
     <span class='ocr_line' id='line_1_70' title="bbox 732 3842 2304 3915; baseline 0.003 -21"><span class='ocrx_word' id='word_1_486' title='bbox 732 3842 906 3895; x_wconf 83' lang='lat' dir='ltr'><strong>diesin</strong></span> <span class='ocrx_word' id='word_1_487' title='bbox 954 3843 1079 3912; x_wconf 87' lang='lat' dir='ltr'><strong>(hoc</strong></span> <span class='ocrx_word' id='word_1_488' title='bbox 1115 3856 1218 3907; x_wconf 84' lang='lat' dir='ltr'><strong>est,</strong></span> <span class='ocrx_word' id='word_1_489' title='bbox 1268 3847 1501 3913; x_wconf 87' lang='lat' dir='ltr'><strong>primum</strong></span> <span class='ocrx_word' id='word_1_490' title='bbox 1559 3862 1774 3913; x_wconf 89' lang='lat' dir='ltr'><strong>sonum,</strong></span> <span class='ocrx_word' id='word_1_491' title='bbox 1830 3848 1921 3915; x_wconf 90' lang='lat' dir='ltr'><strong>qui</strong></span> <span class='ocrx_word' id='word_1_492' title='bbox 1966 3848 2019 3900; x_wconf 94' lang='lat' dir='ltr'><strong>in</strong></span> <span class='ocrx_word' id='word_1_493' title='bbox 2053 3847 2304 3901; x_wconf 79' lang='lat' dir='ltr'><strong>cantibus</strong></span> 
     </span>
    </p>
   </div>
   <div class='ocr_carea' id='block_1_71' title="bbox 735 3935 2309 4005">
    <p class='ocr_par' dir='ltr' id='par_1_71' title="bbox 735 3935 2309 4005">
     <span class='ocr_line' id='line_1_71' title="bbox 735 3935 2309 4005; baseline 0.003 -19"><span class='ocrx_word' id='word_1_494' title='bbox 735 3935 1049 4002; x_wconf 85' lang='lat' dir='ltr'><strong>percipitur)</strong></span> <span class='ocrx_word' id='word_1_495' title='bbox 1113 3948 1326 4000; x_wconf 85' lang='lat' dir='ltr'><strong>vocant,</strong></span> <span class='ocrx_word' id='word_1_496' title='bbox 1362 3952 1393 3991; x_wconf 92' lang='lat' dir='ltr'><strong>e</strong></span> <span class='ocrx_word' id='word_1_497' title='bbox 1455 3948 1643 3993; x_wconf 91' lang='lat' dir='ltr'><strong>nostro</strong></span> <span class='ocrx_word' id='word_1_498' title='bbox 1720 3953 1882 3993; x_wconf 84' lang='lat' dir='ltr'><strong>sensu</strong></span> <span class='ocrx_word' id='word_1_499' title='bbox 1942 3938 2196 4005; x_wconf 85' lang='lat' dir='ltr'><strong>perdidit,</strong></span> <span class='ocrx_word' id='word_1_500' title='bbox 2254 3946 2309 3991; x_wconf 87' lang='lat' dir='ltr'><strong>et</strong></span> 
     </span>
    </p>
   </div>
   <div class='ocr_carea' id='block_1_72' title="bbox 734 4026 2309 4098">
    <p class='ocr_par' dir='ltr' id='par_1_72' title="bbox 734 4026 2309 4098">
     <span class='ocr_line' id='line_1_72' title="bbox 734 4026 2309 4098; baseline 0.003 -21"><span class='ocrx_word' id='word_1_501' title='bbox 734 4026 898 4078; x_wconf 87' lang='lat' dir='ltr'><strong>etiam</strong></span> <span class='ocrx_word' id='word_1_502' title='bbox 962 4026 1105 4079; x_wconf 89' lang='lat' dir='ltr'><strong>aliud</strong></span> <span class='ocrx_word' id='word_1_503' title='bbox 1142 4042 1312 4094; x_wconf 89' lang='lat' dir='ltr'><strong>genus</strong></span> <span class='ocrx_word' id='word_1_504' title='bbox 1360 4032 1767 4082; x_wconf 88' lang='lat' dir='ltr'><strong>enarmonicum</strong></span> <span class='ocrx_word' id='word_1_505' title='bbox 1823 4028 1984 4083; x_wconf 90' lang='lat' dir='ltr'><strong>simul</strong></span> <span class='ocrx_word' id='word_1_506' title='bbox 2046 4029 2309 4098; x_wconf 88' lang='lat' dir='ltr'><strong>corrupit.</strong></span> 
     </span>
    </p>
   </div>
   <div class='ocr_carea' id='block_1_73' title="bbox 734 4113 2313 4181">
    <p class='ocr_par' dir='ltr' id='par_1_73' title="bbox 734 4113 2313 4181">
     <span class='ocr_line' id='line_1_73' title="bbox 734 4113 2313 4181; baseline 0.004 -15"><span class='ocrx_word' id='word_1_507' title='bbox 734 4114 1144 4181; x_wconf 82' lang='lat' dir='ltr'><strong>Asclepiodotus</strong></span> <span class='ocrx_word' id='word_1_508' title='bbox 1175 4131 1203 4167; x_wconf 95' lang='lat' dir='ltr'><strong>a</strong></span> <span class='ocrx_word' id='word_1_509' title='bbox 1251 4113 1451 4170; x_wconf 75' lang='lat' dir='ltr'><strong>Jacoho</strong></span> <span class='ocrx_word' id='word_1_510' title='bbox 1496 4118 1812 4171; x_wconf 86' lang='lat' dir='ltr'><strong>medicinam</strong></span> <span class='ocrx_word' id='word_1_511' title='bbox 1862 4117 2081 4171; x_wconf 84' lang='lat' dir='ltr'><strong>discens</strong></span> <span class='ocrx_word' id='word_1_512' title='bbox 2114 4117 2182 4172; x_wconf 87' lang='lat' dir='ltr'><strong>ad</strong></span> <span class='ocrx_word' id='word_1_513' title='bbox 2228 4132 2313 4172; x_wconf 88' lang='lat' dir='ltr'><strong>ve-</strong></span> 
     </span>
    </p>
   </div>
   <div class='ocr_carea' id='block_1_74' title="bbox 734 4206 2309 4278">
    <p class='ocr_par' dir='ltr' id='par_1_74' title="bbox 734 4206 2309 4278">
     <span class='ocr_line' id='line_1_74' title="bbox 734 4206 2309 4278; baseline 0.003 -19"><span class='ocrx_word' id='word_1_514' title='bbox 734 4206 953 4273; x_wconf 81' lang='lat' dir='ltr'><strong>siigium</strong></span> <span class='ocrx_word' id='word_1_515' title='bbox 1004 4206 1148 4259; x_wconf 89' lang='lat' dir='ltr'><strong>illum</strong></span> <span class='ocrx_word' id='word_1_516' title='bbox 1207 4208 1471 4274; x_wconf 81' lang='lat' dir='ltr'><strong>sequitur,</strong></span> <span class='ocrx_word' id='word_1_517' title='bbox 1527 4209 1579 4261; x_wconf 90' lang='lat' dir='ltr'><strong>in</strong></span> <span class='ocrx_word' id='word_1_518' title='bbox 1632 4209 1814 4263; x_wconf 89' lang='lat' dir='ltr'><strong>multis</strong></span> <span class='ocrx_word' id='word_1_519' title='bbox 1844 4208 2007 4263; x_wconf 89' lang='lat' dir='ltr'><strong>etiam</strong></span> <span class='ocrx_word' id='word_1_520' title='bbox 2066 4219 2309 4278; x_wconf 90' lang='lat' dir='ltr'><strong>superat.</strong></span> 
     </span>
    </p>
   </div>
   <div class='ocr_carea' id='block_1_75' title="bbox 736 4292 2310 4361">
    <p class='ocr_par' dir='ltr' id='par_1_75' title="bbox 736 4292 2310 4361">
     <span class='ocr_line' id='line_1_75' title="bbox 736 4292 2310 4361; baseline 0.004 -16"><span class='ocrx_word' id='word_1_521' title='bbox 736 4292 868 4346; x_wconf 79' lang='lat' dir='ltr'><strong>Nam</strong></span> <span class='ocrx_word' id='word_1_522' title='bbox 900 4296 1160 4347; x_wconf 89' lang='lat' dir='ltr'><strong>amissum</strong></span> <span class='ocrx_word' id='word_1_523' title='bbox 1189 4297 1315 4348; x_wconf 88' lang='lat' dir='ltr'><strong>olim</strong></span> <span class='ocrx_word' id='word_1_524' title='bbox 1366 4313 1523 4351; x_wconf 87' lang='lat' dir='ltr'><strong>usum</strong></span> <span class='ocrx_word' id='word_1_525' title='bbox 1556 4297 1669 4352; x_wconf 89' lang='lat' dir='ltr'><strong>albi</strong></span> <span class='ocrx_word' id='word_1_526' title='bbox 1730 4298 1975 4361; x_wconf 89' lang='lat' dir='ltr'><strong>ellebori,</strong></span> <span class='ocrx_word' id='word_1_527' title='bbox 2003 4312 2103 4353; x_wconf 85' lang='lat' dir='ltr'><strong>nec</strong></span> <span class='ocrx_word' id='word_1_528' title='bbox 2146 4301 2310 4351; x_wconf 92' lang='lat' dir='ltr'><strong>etiam</strong></span> 
     </span>
    </p>
   </div>
   <div class='ocr_carea' id='block_1_76' title="bbox 735 4384 2312 4456">
    <p class='ocr_par' dir='ltr' id='par_1_76' title="bbox 735 4384 2312 4456">
     <span class='ocr_line' id='line_1_76' title="bbox 735 4384 2312 4456; baseline 0.003 -19"><span class='ocrx_word' id='word_1_529' title='bbox 735 4400 766 4437; x_wconf 88' lang='lat' dir='ltr'><strong>a</strong></span> <span class='ocrx_word' id='word_1_530' title='bbox 817 4384 1020 4438; x_wconf 85' lang='lat' dir='ltr'><strong>Jacobo</strong></span> <span class='ocrx_word' id='word_1_531' title='bbox 1078 4387 1446 4451; x_wconf 81' lang='lat' dir='ltr'><strong>observatum,</strong></span> <span class='ocrx_word' id='word_1_532' title='bbox 1500 4390 1612 4456; x_wconf 88' lang='lat' dir='ltr'><strong>ipse</strong></span> <span class='ocrx_word' id='word_1_533' title='bbox 1664 4390 1962 4454; x_wconf 84' lang='lat' dir='ltr'><strong>renovavit,</strong></span> <span class='ocrx_word' id='word_1_534' title='bbox 2001 4399 2055 4442; x_wconf 91' lang='lat' dir='ltr'><strong>et</strong></span> <span class='ocrx_word' id='word_1_535' title='bbox 2113 4389 2312 4442; x_wconf 92' lang='lat' dir='ltr'><strong>illoin-</strong></span> 
     </span>
    </p>
   </div>
   <div class='ocr_carea' id='block_1_77' title="bbox 736 4476 2308 4535">
    <p class='ocr_par' dir='ltr' id='par_1_77' title="bbox 736 4476 2308 4535">
     <span class='ocr_line' id='line_1_77' title="bbox 736 4476 2308 4535; baseline 0.003 -6"><span class='ocrx_word' id='word_1_536' title='bbox 736 4476 1009 4531; x_wconf 85' lang='lat' dir='ltr'><strong>sanabiles</strong></span> <span class='ocrx_word' id='word_1_537' title='bbox 1050 4477 1265 4533; x_wconf 84' lang='lat' dir='ltr'><strong>morbos</strong></span> <span class='ocrx_word' id='word_1_538' title='bbox 1327 4479 1586 4533; x_wconf 88' lang='lat' dir='ltr'><strong>inusitato</strong></span> <span class='ocrx_word' id='word_1_539' title='bbox 1648 4481 1811 4535; x_wconf 87' lang='lat' dir='ltr'><strong>modo</strong></span> <span class='ocrx_word' id='word_1_540' title='bbox 1859 4482 2089 4534; x_wconf 83' lang='lat' dir='ltr'><strong>sanavit.</strong></span> <span class='ocrx_word' id='word_1_541' title='bbox 2126 4479 2308 4533; x_wconf 83' lang='lat' dir='ltr'><strong>Ascle-</strong></span> 
     </span>
    </p>
   </div>
   <div class='ocr_carea' id='block_1_78' title="bbox 2417 3298 3996 3369">
    <p class='ocr_par' dir='ltr' id='par_1_78' title="bbox 2417 3298 3996 3369">
     <span class='ocr_line' id='line_1_78' title="bbox 2417 3298 3996 3369; baseline -0.005 -15"><span class='ocrx_word' id='word_1_542' title='bbox 2417 3302 2561 3367; x_wconf 87' lang='grc' dir='ltr'>σθαι,</span> <span class='ocrx_word' id='word_1_543' title='bbox 2597 3303 2773 3355; x_wconf 88' lang='grc' dir='ltr'>καίτοι</span> <span class='ocrx_word' id='word_1_544' title='bbox 2804 3300 2972 3355; x_wconf 81' lang='grc' dir='ltr'>τᾶλλα</span> <span class='ocrx_word' id='word_1_545' title='bbox 2996 3300 3089 3353; x_wconf 86' lang='grc' dir='ltr'>δύο</span> <span class='ocrx_word' id='word_1_546' title='bbox 3110 3301 3240 3369; x_wconf 87' lang='grc' dir='ltr'>γένη</span> <span class='ocrx_word' id='word_1_547' title='bbox 3264 3298 3582 3367; x_wconf 82' lang='grc' dir='ltr'>κατατεμὼν</span> <span class='ocrx_word' id='word_1_548' title='bbox 3612 3300 3706 3349; x_wconf 80' lang='grc' dir='ltr'>καὶ</span> <span class='ocrx_word' id='word_1_549' title='bbox 3729 3298 3996 3365; x_wconf 81' lang='grc' dir='ltr'>ἀνακρου-</span> 
     </span>
    </p>
   </div>
   <div class='ocr_carea' id='block_1_79' title="bbox 2418 3385 3996 3459">
    <p class='ocr_par' dir='ltr' id='par_1_79' title="bbox 2418 3385 3996 3459">
     <span class='ocr_line' id='line_1_79' title="bbox 2418 3385 3996 3459; baseline -0.005 -16"><span class='ocrx_word' id='word_1_550' title='bbox 2418 3392 2671 3459; x_wconf 85' lang='grc' dir='ltr'>σάμενος,</span> <span class='ocrx_word' id='word_1_551' title='bbox 2732 3391 2793 3444; x_wconf 89' lang='grc' dir='ltr'><strong>τό</strong></span> <span class='ocrx_word' id='word_1_552' title='bbox 2839 3408 2900 3444; x_wconf 84' lang='grc' dir='ltr'><strong>τε</strong></span> <span class='ocrx_word' id='word_1_553' title='bbox 2963 3389 3336 3458; x_wconf 74' lang='grc' dir='ltr'>χρωματικὸν</span> <span class='ocrx_word' id='word_1_554' title='bbox 3372 3385 3775 3455; x_wconf 75' lang='grc' dir='ltr'>ὀνομαζόμενον</span> <span class='ocrx_word' id='word_1_555' title='bbox 3810 3388 3903 3438; x_wconf 81' lang='grc' dir='ltr'>καὶ</span> <span class='ocrx_word' id='word_1_556' title='bbox 3939 3389 3996 3437; x_wconf 56' lang='grc' dir='ltr'>τθ</span> 
     </span>
    </p>
   </div>
   <div class='ocr_carea' id='block_1_80' title="bbox 2416 3472 3999 3547">
    <p class='ocr_par' dir='ltr' id='par_1_80' title="bbox 2416 3472 3999 3547">
     <span class='ocr_line' id='line_1_80' title="bbox 2416 3472 3999 3547; baseline -0.006 -12"><span class='ocrx_word' id='word_1_557' title='bbox 2416 3482 2781 3535; x_wconf 72' lang='grc' dir='ltr'>δεατονικόν.</span> <span class='ocrx_word' id='word_1_558' title='bbox 2816 3482 2888 3533; x_wconf 82' lang='lat'><strong>1‘6</strong></span> <span class='ocrx_word' id='word_1_559' title='bbox 2925 3481 2981 3534; x_wconf 73' lang='grc' dir='ltr'>δὲ</span> <span class='ocrx_word' id='word_1_560' title='bbox 3028 3480 3347 3547; x_wconf 71' lang='grc' dir='ltr'>ἐναρμόνιον</span> <span class='ocrx_word' id='word_1_561' title='bbox 3370 3480 3468 3546; x_wconf 81' lang='grc' dir='ltr'><strong>οὑχ</strong></span> <span class='ocrx_word' id='word_1_562' title='bbox 3497 3472 3643 3546; x_wconf 80' lang='grc' dir='ltr'>ε’ὑρε,</span> <span class='ocrx_word' id='word_1_563' title='bbox 3675 3477 3855 3529; x_wconf 89' lang='grc' dir='ltr'>καίτοι</span> <span class='ocrx_word' id='word_1_564' title='bbox 3897 3494 3999 3545; x_wconf 86' lang='grc' dir='ltr'>μα-</span> 
     </span>
    </p>
   </div>
   <div class='ocr_carea' id='block_1_81' title="bbox 2418 3569 3998 3641">
    <p class='ocr_par' dir='ltr' id='par_1_81' title="bbox 2418 3569 3998 3641">
     <span class='ocr_line' id='line_1_81' title="bbox 2418 3569 3998 3641; baseline -0.006 -14"><span class='ocrx_word' id='word_1_565' title='bbox 2418 3576 2609 3641; x_wconf 87' lang='grc' dir='ltr'>γάδας,</span> <span class='ocrx_word' id='word_1_566' title='bbox 2670 3574 2747 3636; x_wconf 86' lang='grc' dir='ltr'><strong>ὡς</strong></span> <span class='ocrx_word' id='word_1_567' title='bbox 2800 3575 3011 3640; x_wconf 77' lang='grc' dir='ltr'>ἔλεγεν,</span> <span class='ocrx_word' id='word_1_568' title='bbox 3083 3571 3397 3635; x_wconf 78' lang='grc' dir='ltr'>ὑπαλλάξας</span> <span class='ocrx_word' id='word_1_569' title='bbox 3461 3572 3556 3621; x_wconf 80' lang='grc' dir='ltr'><strong>καὶ</strong></span> <span class='ocrx_word' id='word_1_570' title='bbox 3600 3569 3859 3637; x_wconf 73' lang='grc' dir='ltr'>μεταθεὶς</span> <span class='ocrx_word' id='word_1_571' title='bbox 3901 3570 3998 3621; x_wconf 81' lang='grc' dir='ltr'><strong>οὑκ</strong></span> 
     </span>
    </p>
   </div>
   <div class='ocr_carea' id='block_1_82' title="bbox 2419 3657 4000 3731">
    <p class='ocr_par' dir='ltr' id='par_1_82' title="bbox 2419 3657 4000 3731">
     <span class='ocr_line' id='line_1_82' title="bbox 2419 3657 4000 3731; baseline -0.005 -14"><span class='ocrx_word' id='word_1_572' title='bbox 2419 3666 2672 3727; x_wconf 78' lang='grc' dir='ltr'>ἐλάττους</span> <span class='ocrx_word' id='word_1_573' title='bbox 2692 3664 2866 3717; x_wconf 73' lang='grc' dir='ltr'>εἴκοσι</span> <span class='ocrx_word' id='word_1_574' title='bbox 2914 3664 3008 3717; x_wconf 82' lang='grc' dir='ltr'>καὶ</span> <span class='ocrx_word' id='word_1_575' title='bbox 3061 3662 3369 3715; x_wconf 87' lang='grc' dir='ltr'>διακοσίων.</span> <span class='ocrx_word' id='word_1_576' title='bbox 3416 3658 3579 3731; x_wconf 73' lang='grc'><strong>[1053</strong></span> <span class='ocrx_word' id='word_1_577' title='bbox 3617 3657 3706 3729; x_wconf 61' lang='grc' dir='ltr'>ιι]</span> <span class='ocrx_word' id='word_1_578' title='bbox 3742 3661 3922 3711; x_wconf 84' lang='grc' dir='ltr'>Αίτιον</span> <span class='ocrx_word' id='word_1_579' title='bbox 3944 3657 4000 3709; x_wconf 76' lang='grc' dir='ltr'>δὲ</span> 
     </span>
    </p>
   </div>
   <div class='ocr_carea' id='block_1_83' title="bbox 2418 3749 4001 3825">
    <p class='ocr_par' dir='ltr' id='par_1_83' title="bbox 2418 3749 4001 3825">
     <span class='ocr_line' id='line_1_83' title="bbox 2418 3749 4001 3825; baseline -0.005 -17"><span class='ocrx_word' id='word_1_580' title='bbox 2418 3759 2518 3824; x_wconf 82' lang='grc' dir='ltr'>τῆς</span> <span class='ocrx_word' id='word_1_581' title='bbox 2551 3757 2625 3824; x_wconf 82' lang='grc' dir='ltr'>μὴ</span> <span class='ocrx_word' id='word_1_582' title='bbox 2662 3756 2936 3825; x_wconf 79' lang='grc' dir='ltr'>εὑρέσεως</span> <span class='ocrx_word' id='word_1_583' title='bbox 2988 3755 3049 3805; x_wconf 79' lang='grc' dir='ltr'><strong>τὸ</strong></span> <span class='ocrx_word' id='word_1_584' title='bbox 3078 3752 3359 3819; x_wconf 77' lang='grc' dir='ltr'>ἐλάχιστον</span> <span class='ocrx_word' id='word_1_585' title='bbox 3392 3750 3590 3819; x_wconf 81' lang='grc' dir='ltr'>μέτρον</span> <span class='ocrx_word' id='word_1_586' title='bbox 3625 3749 3735 3801; x_wconf 86' lang='grc' dir='ltr'>τῶν</span> <span class='ocrx_word' id='word_1_587' title='bbox 3769 3751 4001 3818; x_wconf 78' lang='grc' dir='ltr'>ἐναρμο-</span> 
     </span>
    </p>
   </div>
   <div class='ocr_carea' id='block_1_84' title="bbox 2420 3839 4000 3913">
    <p class='ocr_par' dir='ltr' id='par_1_84' title="bbox 2420 3839 4000 3913">
     <span class='ocr_line' id='line_1_84' title="bbox 2420 3839 4000 3913; baseline -0.006 -14"><span class='ocrx_word' id='word_1_588' title='bbox 2420 3847 2547 3899; x_wconf 89' lang='grc' dir='ltr'>νίων</span> <span class='ocrx_word' id='word_1_589' title='bbox 2566 3845 2974 3913; x_wconf 80' lang='grc' dir='ltr'>διαστημάτων,</span> <span class='ocrx_word' id='word_1_590' title='bbox 3007 3844 3144 3912; x_wconf 82' lang='grc' dir='ltr'>ὅπερ</span> <span class='ocrx_word' id='word_1_591' title='bbox 3172 3842 3338 3893; x_wconf 88' lang='grc' dir='ltr'>δίεσιν</span> <span class='ocrx_word' id='word_1_592' title='bbox 3367 3839 3714 3908; x_wconf 75' lang='grc' dir='ltr'>ὀνομάζουσι.</span> <span class='ocrx_word' id='word_1_593' title='bbox 3754 3839 3924 3891; x_wconf 76' lang='grc' dir='ltr'>Τοῦτο</span> <span class='ocrx_word' id='word_1_594' title='bbox 3941 3840 4000 3905; x_wconf 72' lang='grc' dir='ltr'>δὴ</span> 
     </span>
    </p>
   </div>
   <div class='ocr_carea' id='block_1_85' title="bbox 2421 3930 4000 4004">
    <p class='ocr_par' dir='ltr' id='par_1_85' title="bbox 2421 3930 4000 4004">
     <span class='ocr_line' id='line_1_85' title="bbox 2421 3930 4000 4004; baseline -0.008 -12"><span class='ocrx_word' id='word_1_595' title='bbox 2421 3937 2698 4000; x_wconf 79' lang='grc' dir='ltr'>ἀπολωλὸς</span> <span class='ocrx_word' id='word_1_596' title='bbox 2727 3940 2793 3990; x_wconf 82' lang='grc' dir='ltr'>ὲκ</span> <span class='ocrx_word' id='word_1_597' title='bbox 2821 3936 2921 4004; x_wconf 82' lang='grc' dir='ltr'>τῆς</span> <span class='ocrx_word' id='word_1_598' title='bbox 2940 3934 3213 4003; x_wconf 80' lang='grc' dir='ltr'>ἡμετέρας</span> <span class='ocrx_word' id='word_1_599' title='bbox 3236 3931 3540 4000; x_wconf 79' lang='grc' dir='ltr'>αἰσθήσεως</span> <span class='ocrx_word' id='word_1_600' title='bbox 3563 3933 3658 3982; x_wconf 71' lang='grc' dir='ltr'><strong>καὶ</strong></span> <span class='ocrx_word' id='word_1_601' title='bbox 3677 3930 3735 3981; x_wconf 79' lang='grc' dir='ltr'><strong>τὸ</strong></span> <span class='ocrx_word' id='word_1_602' title='bbox 3757 3930 3884 3982; x_wconf 83' lang='grc' dir='ltr'>ἄλλο</span> <span class='ocrx_word' id='word_1_603' title='bbox 3910 3931 4000 3995; x_wconf 76' lang='grc' dir='ltr'>γέ-</span> 
     </span>
    </p>
   </div>
   <div class='ocr_carea' id='block_1_86' title="bbox 2418 4021 4000 4098">
    <p class='ocr_par' dir='ltr' id='par_1_86' title="bbox 2418 4021 4000 4098">
     <span class='ocr_line' id='line_1_86' title="bbox 2418 4021 4000 4098; baseline -0.008 -15"><span class='ocrx_word' id='word_1_604' title='bbox 2418 4049 2507 4093; x_wconf 86' lang='grc' dir='ltr'><strong>νος</strong></span> <span class='ocrx_word' id='word_1_605' title='bbox 2542 4031 2605 4083; x_wconf 63' lang='lat'><strong>16</strong></span> <span class='ocrx_word' id='word_1_606' title='bbox 2658 4029 2977 4098; x_wconf 77' lang='grc' dir='ltr'>ἐναρμόνιον</span> <span class='ocrx_word' id='word_1_607' title='bbox 3024 4024 3446 4094; x_wconf 85' lang='grc' dir='ltr'>προσαπώλεσεν</span> <span class='ocrx_word' id='word_1_608' title='bbox 3470 4023 3537 4074; x_wconf 81' lang='grc'><strong>⁸⁷.</strong></span> <span class='ocrx_word' id='word_1_609' title='bbox 3588 4022 3710 4073; x_wconf 77' lang='grc' dir='ltr'><strong>Ὀτι</strong></span> <span class='ocrx_word' id='word_1_610' title='bbox 3766 4021 4000 4088; x_wconf 72' lang='grc' dir='ltr'>Ἰακώϐῳ</span> 
     </span>
    </p>
   </div>
   <div class='ocr_carea' id='block_1_87' title="bbox 2417 4112 4002 4190">
    <p class='ocr_par' dir='ltr' id='par_1_87' title="bbox 2417 4112 4002 4190">
     <span class='ocr_line' id='line_1_87' title="bbox 2417 4112 4002 4190; baseline -0.008 -15"><span class='ocrx_word' id='word_1_611' title='bbox 2417 4123 2488 4175; x_wconf 87' lang='grc' dir='ltr'><strong>τά</strong></span> <span class='ocrx_word' id='word_1_612' title='bbox 2523 4124 2663 4175; x_wconf 85' lang='grc' dir='ltr'><strong>κατά</strong></span> <span class='ocrx_word' id='word_1_613' title='bbox 2685 4122 2783 4190; x_wconf 82' lang='grc' dir='ltr'>τὴν</span> <span class='ocrx_word' id='word_1_614' title='bbox 2848 4118 3099 4187; x_wconf 75' lang='grc' dir='ltr'>ἰατρικὴν</span> <span class='ocrx_word' id='word_1_615' title='bbox 3145 4115 3508 4186; x_wconf 72' lang='grc' dir='ltr'>μαθητευθεὶς</span> <span class='ocrx_word' id='word_1_616' title='bbox 3540 4116 3569 4167; x_wconf 91' lang='lat'><strong>6</strong></span> <span class='ocrx_word' id='word_1_617' title='bbox 3611 4112 4002 4182; x_wconf 77' lang='grc' dir='ltr'>Ἀσκληπιάδο-</span> 
     </span>
    </p>
   </div>
   <div class='ocr_carea' id='block_1_88' title="bbox 2418 4198 4002 4279">
    <p class='ocr_par' dir='ltr' id='par_1_88' title="bbox 2418 4198 4002 4279">
     <span class='ocr_line' id='line_1_88' title="bbox 2418 4198 4002 4279; baseline -0.008 -12"><span class='ocrx_word' id='word_1_618' title='bbox 2418 4232 2509 4277; x_wconf 90' lang='grc' dir='ltr'><strong>τος</strong></span> <span class='ocrx_word' id='word_1_619' title='bbox 2537 4213 2605 4277; x_wconf 75' lang='grc'><strong>⁸⁸,</strong></span> <span class='ocrx_word' id='word_1_620' title='bbox 2637 4214 2732 4266; x_wconf 77' lang='grc' dir='ltr'>καὶ</span> <span class='ocrx_word' id='word_1_621' title='bbox 2760 4211 2881 4265; x_wconf 82' lang='grc' dir='ltr'>κατ’</span> <span class='ocrx_word' id='word_1_622' title='bbox 2916 4210 3036 4279; x_wconf 83' lang='grc' dir='ltr'>ίχνη</span> <span class='ocrx_word' id='word_1_623' title='bbox 3074 4209 3273 4276; x_wconf 82' lang='grc' dir='ltr'>βαίνων</span> <span class='ocrx_word' id='word_1_624' title='bbox 3324 4207 3557 4273; x_wconf 70' lang='grc' dir='ltr'>ἐκείνου,</span> <span class='ocrx_word' id='word_1_625' title='bbox 3614 4206 3765 4257; x_wconf 80' lang='grc' dir='ltr'>ἐστιν</span> <span class='ocrx_word' id='word_1_626' title='bbox 3808 4198 3887 4265; x_wconf 73' lang='grc' dir='ltr'>οἷς</span> <span class='ocrx_word' id='word_1_627' title='bbox 3912 4204 4002 4255; x_wconf 76' lang='grc' dir='ltr'><strong>καὶ</strong></span> 
     </span>
    </p>
   </div>
   <div class='ocr_carea' id='block_1_89' title="bbox 2420 4295 3999 4375">
    <p class='ocr_par' dir='ltr' id='par_1_89' title="bbox 2420 4295 3999 4375">
     <span class='ocr_line' id='line_1_89' title="bbox 2420 4295 3999 4375; baseline -0.008 -18"><span class='ocrx_word' id='word_1_628' title='bbox 2420 4305 2789 4375; x_wconf 85' lang='grc' dir='ltr'>ὑπερεϐάλετο</span> <span class='ocrx_word' id='word_1_629' title='bbox 2812 4303 2878 4356; x_wconf 84' lang='grc'><strong>⁸⁹.</strong></span> <span class='ocrx_word' id='word_1_630' title='bbox 2921 4300 3034 4355; x_wconf 74' lang='grc' dir='ltr'><strong>Καὶ</strong></span> <span class='ocrx_word' id='word_1_631' title='bbox 3086 4300 3194 4368; x_wconf 81' lang='grc' dir='ltr'><strong>γάρ</strong></span> <span class='ocrx_word' id='word_1_632' title='bbox 3242 4299 3335 4351; x_wconf 72' lang='grc' dir='ltr'><strong>καὶ</strong></span> <span class='ocrx_word' id='word_1_633' title='bbox 3367 4296 3462 4349; x_wconf 81' lang='grc' dir='ltr'>τοῦ</span> <span class='ocrx_word' id='word_1_634' title='bbox 3490 4296 3687 4349; x_wconf 86' lang='grc' dir='ltr'>λευκοῦ</span> <span class='ocrx_word' id='word_1_635' title='bbox 3719 4295 3999 4364; x_wconf 80' lang='grc' dir='ltr'>ἐλλεϐόρου</span> 
     </span>
    </p>
   </div>
   <div class='ocr_carea' id='block_1_90' title="bbox 2422 4388 4001 4465">
    <p class='ocr_par' dir='ltr' id='par_1_90' title="bbox 2422 4388 4001 4465">
     <span class='ocr_line' id='line_1_90' title="bbox 2422 4388 4001 4465; baseline -0.005 -17"><span class='ocrx_word' id='word_1_636' title='bbox 2422 4397 2588 4449; x_wconf 87' lang='grc' dir='ltr'>πάλαι</span> <span class='ocrx_word' id='word_1_637' title='bbox 2643 4396 2743 4465; x_wconf 82' lang='grc' dir='ltr'><strong>τὴν</strong></span> <span class='ocrx_word' id='word_1_638' title='bbox 2805 4394 3002 4463; x_wconf 78' lang='grc' dir='ltr'>χρῆσιν</span> <span class='ocrx_word' id='word_1_639' title='bbox 3050 4392 3394 4445; x_wconf 82' lang='grc' dir='ltr'>ἀπολωλυῐαν</span> <span class='ocrx_word' id='word_1_640' title='bbox 3445 4392 3536 4443; x_wconf 77' lang='grc' dir='ltr'><strong>καὶ</strong></span> <span class='ocrx_word' id='word_1_641' title='bbox 3577 4390 3699 4459; x_wconf 79' lang='grc' dir='ltr'>μηδ’</span> <span class='ocrx_word' id='word_1_642' title='bbox 3761 4388 4001 4454; x_wconf 78' lang='grc' dir='ltr'>Ἰακώϐῳ</span> 
     </span>
    </p>
   </div>
   <div class='ocr_carea' id='block_1_91' title="bbox 2422 4477 4003 4545">
    <p class='ocr_par' dir='ltr' id='par_1_91' title="bbox 2422 4477 4003 4545">
     <span class='ocr_line' id='line_1_91' title="bbox 2422 4477 4003 4545; baseline -0.006 -7"><span class='ocrx_word' id='word_1_643' title='bbox 2422 4482 2795 4538; x_wconf 79' lang='grc' dir='ltr'>ἀνασωθείσαν</span> <span class='ocrx_word' id='word_1_644' title='bbox 2834 4480 2998 4543; x_wconf 77' lang='grc' dir='ltr'>αὐτὸς</span> <span class='ocrx_word' id='word_1_645' title='bbox 3056 4482 3385 4545; x_wconf 89' lang='grc' dir='ltr'>ἀνεκαίνισε,</span> <span class='ocrx_word' id='word_1_646' title='bbox 3418 4480 3513 4531; x_wconf 74' lang='grc' dir='ltr'><strong>καὶ</strong></span> <span class='ocrx_word' id='word_1_647' title='bbox 3540 4479 3608 4531; x_wconf 82' lang='grc' dir='ltr'>δι’</span> <span class='ocrx_word' id='word_1_648' title='bbox 3652 4477 3819 4529; x_wconf 81' lang='grc' dir='ltr'>αὑτοῦ</span> <span class='ocrx_word' id='word_1_649' title='bbox 3852 4479 4003 4529; x_wconf 82' lang='grc' dir='ltr'>ἀνιά-</span> 
     </span>
    </p>
   </div>
   <div class='ocr_carea' id='block_1_92' title="bbox 738 4567 2311 4641">
    <p class='ocr_par' dir='ltr' id='par_1_92' title="bbox 738 4567 2308 4637">
     <span class='ocr_line' id='line_1_92' title="bbox 738 4567 2308 4637; baseline 0.003 -19"><span class='ocrx_word' id='word_1_650' title='bbox 738 4568 990 4633; x_wconf 89' lang='lat' dir='ltr'><strong>piodotus</strong></span> <span class='ocrx_word' id='word_1_651' title='bbox 1042 4568 1242 4621; x_wconf 83' lang='lat' dir='ltr'><strong>nullum</strong></span> <span class='ocrx_word' id='word_1_652' title='bbox 1278 4583 1308 4621; x_wconf 90' lang='lat' dir='ltr'><strong>e</strong></span> <span class='ocrx_word' id='word_1_653' title='bbox 1348 4572 1501 4624; x_wconf 88' lang='lat' dir='ltr'><strong>novis</strong></span> <span class='ocrx_word' id='word_1_654' title='bbox 1560 4572 1812 4635; x_wconf 89' lang='lat' dir='ltr'><strong>medicis,</strong></span> <span class='ocrx_word' id='word_1_655' title='bbox 1884 4580 2086 4637; x_wconf 71' lang='lat' dir='ltr'><strong>praeter</strong></span> <span class='ocrx_word' id='word_1_656' title='bbox 2152 4567 2308 4622; x_wconf 80' lang='lat' dir='ltr'><strong>Jaco-</strong></span> 
     </span>
    </p>
   </div>
   <div class='ocr_carea' id='block_1_93' title="bbox 2413 4567 4001 4641">
    <p class='ocr_par' dir='ltr' id='par_1_93' title="bbox 2415 4570 4001 4641">
     <span class='ocr_line' id='line_1_93' title="bbox 2415 4570 4001 4641; baseline -0.014 -13"><span class='ocrx_word' id='word_1_657' title='bbox 2415 4593 2538 4636; x_wconf 87' lang='grc' dir='ltr'>τους</span> <span class='ocrx_word' id='word_1_658' title='bbox 2565 4576 2749 4635; x_wconf 81' lang='grc' dir='ltr'>νόσους</span> <span class='ocrx_word' id='word_1_659' title='bbox 2788 4572 3106 4641; x_wconf 78' lang='grc' dir='ltr'>παραδόξως</span> <span class='ocrx_word' id='word_1_660' title='bbox 3149 4570 3399 4634; x_wconf 79' lang='grc' dir='ltr'>ὲξιάσατο</span> <span class='ocrx_word' id='word_1_661' title='bbox 3424 4572 3493 4625; x_wconf 83' lang='lat'><strong>’°.</strong></span> <span class='ocrx_word' id='word_1_662' title='bbox 3546 4571 3668 4622; x_wconf 88' lang='grc' dir='ltr'>Ὅτι</span> <span class='ocrx_word' id='word_1_663' title='bbox 3709 4571 3738 4621; x_wconf 91' lang='lat'><strong>6</strong></span> <span class='ocrx_word' id='word_1_664' title='bbox 3777 4570 4001 4634; x_wconf 65' lang='grc' dir='ltr'>Ἀσκλη-</span> 
     </span>
    </p>
   </div>
   <div class='ocr_carea' id='block_1_94' title="bbox 737 4657 2302 4731">
    <p class='ocr_par' dir='ltr' id='par_1_94' title="bbox 737 4657 2302 4731">
     <span class='ocr_line' id='line_1_94' title="bbox 737 4657 2302 4731; baseline 0.004 -21"><span class='ocrx_word' id='word_1_665' title='bbox 737 4657 885 4720; x_wconf 89' lang='lat' dir='ltr'><strong>bum,</strong></span> <span class='ocrx_word' id='word_1_666' title='bbox 928 4659 1193 4726; x_wconf 83' lang='lat' dir='ltr'><strong>probavit,</strong></span> <span class='ocrx_word' id='word_1_667' title='bbox 1226 4674 1291 4712; x_wconf 78' lang='lat' dir='ltr'><strong>ex</strong></span> <span class='ocrx_word' id='word_1_668' title='bbox 1324 4662 1564 4729; x_wconf 88' lang='lat' dir='ltr'><strong>antiquis</strong></span> <span class='ocrx_word' id='word_1_669' title='bbox 1622 4671 1741 4728; x_wconf 82' lang='lat' dir='ltr'><strong>post</strong></span> <span class='ocrx_word' id='word_1_670' title='bbox 1768 4661 2170 4731; x_wconf 83' lang='lat' dir='ltr'><strong>Hippocratem,</strong></span> <span class='ocrx_word' id='word_1_671' title='bbox 2204 4661 2302 4716; x_wconf 85' lang='lat' dir='ltr'><strong>So-</strong></span> 
     </span>
    </p>
   </div>
   <div class='ocr_carea' id='block_1_95' title="bbox 739 4749 2311 4819">
    <p class='ocr_par' dir='ltr' id='par_1_95' title="bbox 739 4749 2311 4819">
     <span class='ocr_line' id='line_1_95' title="bbox 739 4749 2311 4819; baseline 0.004 -18"><span class='ocrx_word' id='word_1_672' title='bbox 739 4764 929 4801; x_wconf 84' lang='lat' dir='ltr'><strong>ranum</strong></span> <span class='ocrx_word' id='word_1_673' title='bbox 963 4749 1205 4814; x_wconf 81' lang='lat' dir='ltr'><strong>Cilicem,</strong></span> <span class='ocrx_word' id='word_1_674' title='bbox 1243 4751 1524 4805; x_wconf 82' lang='lat' dir='ltr'><strong>Maleoten.</strong></span> <span class='ocrx_word' id='word_1_675' title='bbox 1580 4751 1846 4819; x_wconf 84' lang='lat' dir='ltr'><strong>Quocirca</strong></span> <span class='ocrx_word' id='word_1_676' title='bbox 1878 4768 2099 4808; x_wconf 81' lang='lat' dir='ltr'><strong>uxorem</strong></span> <span class='ocrx_word' id='word_1_677' title='bbox 2156 4769 2311 4808; x_wconf 87' lang='lat' dir='ltr'><strong>suam</strong></span> 
     </span>
    </p>
   </div>
   <div class='ocr_carea' id='block_1_96' title="bbox 739 4838 2311 4914">
    <p class='ocr_par' dir='ltr' id='par_1_96' title="bbox 739 4838 2311 4914">
     <span class='ocr_line' id='line_1_96' title="bbox 739 4838 2311 4914; baseline 0.005 -23"><span class='ocrx_word' id='word_1_678' title='bbox 739 4838 1035 4894; x_wconf 84' lang='lat' dir='ltr'><strong>Damianen</strong></span> <span class='ocrx_word' id='word_1_679' title='bbox 1068 4842 1481 4911; x_wconf 83' lang='lat' dir='ltr'><strong>Asclepiodotus</strong></span> <span class='ocrx_word' id='word_1_680' title='bbox 1511 4845 1937 4913; x_wconf 89' lang='lat' dir='ltr'><strong>pudicissimam,</strong></span> <span class='ocrx_word' id='word_1_681' title='bbox 1966 4855 2021 4898; x_wconf 85' lang='lat' dir='ltr'><strong>et</strong></span> <span class='ocrx_word' id='word_1_682' title='bbox 2047 4844 2191 4914; x_wconf 89' lang='lat' dir='ltr'><strong>quod</strong></span> <span class='ocrx_word' id='word_1_683' title='bbox 2222 4862 2311 4899; x_wconf 91' lang='lat' dir='ltr'><strong>ra-</strong></span> 
     </span>
    </p>
   </div>
   <div class='ocr_carea' id='block_1_97' title="bbox 738 4934 2311 5003">
    <p class='ocr_par' dir='ltr' id='par_1_97' title="bbox 738 4934 2311 5003">
     <span class='ocr_line' id='line_1_97' title="bbox 738 4934 2311 5003; baseline 0.006 -20"><span class='ocrx_word' id='word_1_684' title='bbox 738 4946 859 4984; x_wconf 82' lang='lat' dir='ltr'><strong>rum</strong></span> <span class='ocrx_word' id='word_1_685' title='bbox 906 4942 1010 4998; x_wconf 93' lang='lat' dir='ltr'><strong>est,</strong></span> <span class='ocrx_word' id='word_1_686' title='bbox 1059 4934 1475 5000; x_wconf 76' lang='lat' dir='ltr'><strong>magnanimam,</strong></span> <span class='ocrx_word' id='word_1_687' title='bbox 1528 4934 1814 5003; x_wconf 87' lang='lat' dir='ltr'><strong>virilisque</strong></span> <span class='ocrx_word' id='word_1_688' title='bbox 1873 4946 2072 4991; x_wconf 82' lang='lat' dir='ltr'><strong>mentis</strong></span> <span class='ocrx_word' id='word_1_689' title='bbox 2118 4939 2171 4991; x_wconf 93' lang='lat' dir='ltr'><strong>in</strong></span> <span class='ocrx_word' id='word_1_690' title='bbox 2213 4938 2311 4991; x_wconf 88' lang='lat' dir='ltr'><strong>ad-</strong></span> 
     </span>
    </p>
   </div>
   <div class='ocr_carea' id='block_1_98' title="bbox 742 5023 2319 5093">
    <p class='ocr_par' dir='ltr' id='par_1_98' title="bbox 742 5023 2319 5093">
     <span class='ocr_line' id='line_1_98' title="bbox 742 5023 2319 5093; baseline 0.004 -18"><span class='ocrx_word' id='word_1_691' title='bbox 742 5023 1148 5077; x_wconf 82' lang='lat' dir='ltr'><strong>ministratione</strong></span> <span class='ocrx_word' id='word_1_692' title='bbox 1182 5023 1419 5088; x_wconf 75' lang='lat' dir='ltr'><strong>familiar,</strong></span> <span class='ocrx_word' id='word_1_693' title='bbox 1445 5027 1899 5093; x_wconf 88' lang='lat' dir='ltr'><strong>quemadmodum</strong></span> <span class='ocrx_word' id='word_1_694' title='bbox 1941 5028 1997 5080; x_wconf 89' lang='lat' dir='ltr'><strong>in</strong></span> <span class='ocrx_word' id='word_1_695' title='bbox 2036 5039 2319 5083; x_wconf 86' lang='lat' dir='ltr'><strong>consuetu-</strong></span> 
     </span>
    </p>
   </div>
   <div class='ocr_carea' id='block_1_99' title="bbox 740 5114 2321 5187">
    <p class='ocr_par' dir='ltr' id='par_1_99' title="bbox 740 5114 2321 5187">
     <span class='ocr_line' id='line_1_99' title="bbox 740 5114 2321 5187; baseline 0.007 -25"><span class='ocrx_word' id='word_1_696' title='bbox 740 5114 864 5166; x_wconf 89' lang='lat' dir='ltr'><strong>dine</strong></span> <span class='ocrx_word' id='word_1_697' title='bbox 919 5123 1126 5168; x_wconf 88' lang='lat' dir='ltr'><strong>castam</strong></span> <span class='ocrx_word' id='word_1_698' title='bbox 1174 5129 1272 5170; x_wconf 91' lang='lat' dir='ltr'><strong>nec</strong></span> <span class='ocrx_word' id='word_1_699' title='bbox 1311 5116 1703 5185; x_wconf 82' lang='lat' dir='ltr'><strong>volupiuariam</strong></span> <span class='ocrx_word' id='word_1_700' title='bbox 1762 5119 2014 5175; x_wconf 85' lang='lat' dir='ltr'><strong>reddidit.</strong></span> <span class='ocrx_word' id='word_1_701' title='bbox 2050 5119 2321 5187; x_wconf 81' lang='lat' dir='ltr'><strong>Hierapoli</strong></span> 
     </span>
    </p>
   </div>
   <div class='ocr_carea' id='block_1_100' title="bbox 740 5205 2321 5277">
    <p class='ocr_par' dir='ltr' id='par_1_100' title="bbox 740 5205 2321 5277">
     <span class='ocr_line' id='line_1_100' title="bbox 740 5205 2321 5277; baseline -0.001 -15"><span class='ocrx_word' id='word_1_702' title='bbox 740 5208 798 5262; x_wconf 86' lang='lat' dir='ltr'><strong>in</strong></span> <span class='ocrx_word' id='word_1_703' title='bbox 856 5205 1087 5277; x_wconf 81' lang='lat' dir='ltr'><strong>Phrygia</strong></span> <span class='ocrx_word' id='word_1_704' title='bbox 1144 5207 1398 5276; x_wconf 89' lang='lat' dir='ltr'><strong>templum</strong></span> <span class='ocrx_word' id='word_1_705' title='bbox 1460 5217 1580 5263; x_wconf 87' lang='lat' dir='ltr'><strong>erat</strong></span> <span class='ocrx_word' id='word_1_706' title='bbox 1621 5208 1918 5277; x_wconf 86' lang='lat' dir='ltr'><strong>Apollinis;</strong></span> <span class='ocrx_word' id='word_1_707' title='bbox 1980 5210 2176 5263; x_wconf 87' lang='lat' dir='ltr'><strong>subtus</strong></span> <span class='ocrx_word' id='word_1_708' title='bbox 2206 5208 2321 5277; x_wconf 75' lang='lat' dir='ltr'><strong>Spi-</strong></span> 
     </span>
    </p>
   </div>
   <div class='ocr_carea' id='block_1_101' title="bbox 2419 4658 4002 4729">
    <p class='ocr_par' dir='ltr' id='par_1_101' title="bbox 2419 4658 4002 4729">
     <span class='ocr_line' id='line_1_101' title="bbox 2419 4658 4002 4729; baseline -0.008 -13"><span class='ocrx_word' id='word_1_709' title='bbox 2419 4664 2659 4724; x_wconf 78' lang='grc' dir='ltr'>πιόδοτος</span> <span class='ocrx_word' id='word_1_710' title='bbox 2680 4662 2786 4713; x_wconf 84' lang='grc' dir='ltr'><strong>τῶν</strong></span> <span class='ocrx_word' id='word_1_711' title='bbox 2810 4662 2907 4729; x_wconf 74' lang='grc' dir='ltr'>μὲν</span> <span class='ocrx_word' id='word_1_712' title='bbox 2923 4661 3201 4728; x_wconf 85' lang='grc' dir='ltr'>νεωτέρων</span> <span class='ocrx_word' id='word_1_713' title='bbox 3223 4659 3422 4729; x_wconf 84' lang='grc' dir='ltr'>ίατρῶν</span> <span class='ocrx_word' id='word_1_714' title='bbox 3442 4660 3533 4712; x_wconf 77' lang='grc' dir='ltr'><strong>τὸν</strong></span> <span class='ocrx_word' id='word_1_715' title='bbox 3566 4658 3825 4710; x_wconf 90' lang='grc' dir='ltr'>Ἰάκωϐον</span> <span class='ocrx_word' id='word_1_716' title='bbox 3848 4659 4002 4727; x_wconf 67' lang='grc' dir='ltr'>μόννιν</span> 
     </span>
    </p>
   </div>
   <div class='ocr_carea' id='block_1_102' title="bbox 2424 4749 4001 4822">
    <p class='ocr_par' dir='ltr' id='par_1_102' title="bbox 2424 4749 4001 4822">
     <span class='ocr_line' id='line_1_102' title="bbox 2424 4749 4001 4822; baseline -0.006 -14"><span class='ocrx_word' id='word_1_717' title='bbox 2424 4755 2739 4822; x_wconf 87' lang='grc' dir='ltr'>ἀπεδέχετο,</span> <span class='ocrx_word' id='word_1_718' title='bbox 2780 4751 2889 4803; x_wconf 88' lang='grc' dir='ltr'><strong>τῶν</strong></span> <span class='ocrx_word' id='word_1_719' title='bbox 2928 4751 2985 4802; x_wconf 78' lang='grc' dir='ltr'>δὲ</span> <span class='ocrx_word' id='word_1_720' title='bbox 3026 4749 3410 4821; x_wconf 83' lang='grc' dir='ltr'>πρεσϐυτέρων</span> <span class='ocrx_word' id='word_1_721' title='bbox 3469 4750 3607 4821; x_wconf 79' lang='grc' dir='ltr'><strong>μετά</strong></span> <span class='ocrx_word' id='word_1_722' title='bbox 3652 4752 3745 4803; x_wconf 76' lang='grc' dir='ltr'><strong>τὸν</strong></span> <span class='ocrx_word' id='word_1_723' title='bbox 3822 4751 4001 4802; x_wconf 85' lang='grc' dir='ltr'>Ἰππο-</span> 
     </span>
    </p>
   </div>
   <div class='ocr_carea' id='block_1_103' title="bbox 2420 4838 4002 4917">
    <p class='ocr_par' dir='ltr' id='par_1_103' title="bbox 2420 4838 4002 4917">
     <span class='ocr_line' id='line_1_103' title="bbox 2420 4838 4002 4917; baseline -0.008 -17"><span class='ocrx_word' id='word_1_724' title='bbox 2420 4847 2626 4917; x_wconf 85' lang='grc' dir='ltr'>κράτην</span> <span class='ocrx_word' id='word_1_725' title='bbox 2650 4843 2897 4913; x_wconf 75' lang='grc' dir='ltr'>Σωρανὸν</span> <span class='ocrx_word' id='word_1_726' title='bbox 2940 4844 3030 4894; x_wconf 83' lang='grc' dir='ltr'><strong>τὸν</strong></span> <span class='ocrx_word' id='word_1_727' title='bbox 3058 4843 3255 4894; x_wconf 82' lang='grc' dir='ltr'>Κίλικα</span> <span class='ocrx_word' id='word_1_728' title='bbox 3287 4842 3379 4893; x_wconf 81' lang='grc' dir='ltr'><strong>τὸν</strong></span> <span class='ocrx_word' id='word_1_729' title='bbox 3430 4841 3730 4909; x_wconf 83' lang='grc' dir='ltr'>Μαλεώτην</span> <span class='ocrx_word' id='word_1_730' title='bbox 3763 4841 3832 4894; x_wconf 81' lang='grc'><strong>⁹¹.</strong></span> <span class='ocrx_word' id='word_1_731' title='bbox 3880 4838 4002 4890; x_wconf 85' lang='grc' dir='ltr'>Τοι-</span> 
     </span>
    </p>
   </div>
   <div class='ocr_carea' id='block_1_104' title="bbox 2428 4931 4004 5005">
    <p class='ocr_par' dir='ltr' id='par_1_104' title="bbox 2428 4931 4004 5005">
     <span class='ocr_line' id='line_1_104' title="bbox 2428 4931 4004 5005; baseline -0.007 -15"><span class='ocrx_word' id='word_1_732' title='bbox 2428 4939 2621 5005; x_wconf 82' lang='grc' dir='ltr'>γάρτοι</span> <span class='ocrx_word' id='word_1_733' title='bbox 2659 4935 2752 4987; x_wconf 80' lang='grc' dir='ltr'>καὶ</span> <span class='ocrx_word' id='word_1_734' title='bbox 2781 4933 3108 4986; x_wconf 82' lang='grc' dir='ltr'>ἀπετέλεσεν</span> <span class='ocrx_word' id='word_1_735' title='bbox 3140 4934 3167 4985; x_wconf 91' lang='lat'><strong>6</strong></span> <span class='ocrx_word' id='word_1_736' title='bbox 3197 4932 3647 5003; x_wconf 79' lang='grc' dir='ltr'>Ἀσκληπιόδοτος</span> <span class='ocrx_word' id='word_1_737' title='bbox 3677 4931 3775 5000; x_wconf 80' lang='grc' dir='ltr'>τὴν</span> <span class='ocrx_word' id='word_1_738' title='bbox 3801 4934 4004 4998; x_wconf 76' lang='grc' dir='ltr'>Δαμια-</span> 
     </span>
    </p>
   </div>
   <div class='ocr_carea' id='block_1_105' title="bbox 2428 5021 4004 5098">
    <p class='ocr_par' dir='ltr' id='par_1_105' title="bbox 2428 5021 4004 5098">
     <span class='ocr_line' id='line_1_105' title="bbox 2428 5021 4004 5098; baseline -0.005 -19"><span class='ocrx_word' id='word_1_739' title='bbox 2428 5029 2525 5098; x_wconf 82' lang='grc' dir='ltr'>νὴν</span> <span class='ocrx_word' id='word_1_740' title='bbox 2550 5025 3012 5096; x_wconf 79' lang='grc' dir='ltr'>αἰδημονεστάτην</span> <span class='ocrx_word' id='word_1_741' title='bbox 3042 5026 3137 5076; x_wconf 75' lang='grc' dir='ltr'><strong>καὶ</strong></span> <span class='ocrx_word' id='word_1_742' title='bbox 3154 5024 3461 5094; x_wconf 91' lang='grc' dir='ltr'>παράλογον</span> <span class='ocrx_word' id='word_1_743' title='bbox 3484 5024 3528 5056; x_wconf 80' lang='grc'><strong>⁸⁸</strong></span> <span class='ocrx_word' id='word_1_744' title='bbox 3554 5021 3740 5083; x_wconf 74' lang='grc' dir='ltr'>οὖσαν,</span> <span class='ocrx_word' id='word_1_745' title='bbox 3765 5023 3861 5092; x_wconf 80' lang='grc' dir='ltr'>τὴν</span> <span class='ocrx_word' id='word_1_746' title='bbox 3882 5023 4004 5073; x_wconf 81' lang='grc' dir='ltr'>ἑαυ-</span> 
     </span>
    </p>
   </div>
   <div class='ocr_carea' id='block_1_106' title="bbox 2427 5113 4002 5185">
    <p class='ocr_par' dir='ltr' id='par_1_106' title="bbox 2427 5113 4002 5185">
     <span class='ocr_line' id='line_1_106' title="bbox 2427 5113 4002 5185; baseline -0.006 -14"><span class='ocrx_word' id='word_1_747' title='bbox 2427 5117 2521 5171; x_wconf 89' lang='grc' dir='ltr'>τοῦ</span> <span class='ocrx_word' id='word_1_748' title='bbox 2553 5116 2797 5185; x_wconf 74' lang='grc' dir='ltr'>γαμετὴν</span> <span class='ocrx_word' id='word_1_749' title='bbox 2818 5155 2831 5177; x_wconf 96' lang='grc'><strong>,</strong></span> <span class='ocrx_word' id='word_1_750' title='bbox 2865 5115 3213 5185; x_wconf 80' lang='grc' dir='ltr'>ὑψηλόφρονα</span> <span class='ocrx_word' id='word_1_751' title='bbox 3248 5115 3343 5168; x_wconf 82' lang='grc' dir='ltr'>καὶ</span> <span class='ocrx_word' id='word_1_752' title='bbox 3364 5113 3717 5184; x_wconf 74' lang='grc' dir='ltr'>ἀνδρόϐουλον</span> <span class='ocrx_word' id='word_1_753' title='bbox 3743 5114 3823 5174; x_wconf 84' lang='grc' dir='ltr'><strong>είς</strong></span> <span class='ocrx_word' id='word_1_754' title='bbox 3859 5113 4002 5165; x_wconf 87' lang='grc' dir='ltr'>οίκο-</span> 
     </span>
    </p>
   </div>
   <div class='ocr_carea' id='block_1_107' title="bbox 2426 5203 3998 5278">
    <p class='ocr_par' dir='ltr' id='par_1_107' title="bbox 2426 5203 3998 5278">
     <span class='ocr_line' id='line_1_107' title="bbox 2426 5203 3998 5278; baseline -0.005 -18"><span class='ocrx_word' id='word_1_755' title='bbox 2426 5208 2639 5278; x_wconf 86' lang='grc' dir='ltr'>νομίαν,</span> <span class='ocrx_word' id='word_1_756' title='bbox 2661 5206 2849 5278; x_wconf 87' lang='grc' dir='ltr'>ὥσπερ</span> <span class='ocrx_word' id='word_1_757' title='bbox 2871 5207 3123 5277; x_wconf 79' lang='grc' dir='ltr'>σώφρονα</span> <span class='ocrx_word' id='word_1_758' title='bbox 3153 5209 3248 5260; x_wconf 85' lang='grc' dir='ltr'><strong>καὶ</strong></span> <span class='ocrx_word' id='word_1_759' title='bbox 3281 5206 3558 5277; x_wconf 74' lang='grc' dir='ltr'>ἄθρυπτον</span> <span class='ocrx_word' id='word_1_760' title='bbox 3576 5206 3652 5267; x_wconf 85' lang='grc' dir='ltr'><strong>είς</strong></span> <span class='ocrx_word' id='word_1_761' title='bbox 3675 5203 3998 5274; x_wconf 87' lang='grc' dir='ltr'>συμϐίωσιν.</span> 
     </span>
    </p>
   </div>
   <div class='ocr_carea' id='block_1_108' title="bbox 2032 5340 2717 5396">
    <p class='ocr_par' dir='ltr' id='par_1_108' title="bbox 2032 5340 2717 5396">
     <span class='ocr_line' id='line_1_108' title="bbox 2032 5340 2717 5396; baseline 0 -1"><span class='ocrx_word' id='word_1_762' title='bbox 2032 5340 2268 5395; x_wconf 70' lang='grc' dir='ltr'>νΑιιιιΕ</span> <span class='ocrx_word' id='word_1_763' title='bbox 2310 5340 2717 5396; x_wconf 83' lang='lat' dir='ltr'><strong>LECTIONES.</strong></span> 
     </span>
    </p>
   </div>
   <div class='ocr_carea' id='block_1_109' title="bbox 818 5479 2101 5552">
    <p class='ocr_par' dir='ltr' id='par_1_109' title="bbox 818 5479 2101 5552">
     <span class='ocr_line' id='line_1_109' title="bbox 818 5479 2101 5552; baseline 0.002 -20"><span class='ocrx_word' id='word_1_764' title='bbox 818 5483 860 5514; x_wconf 72' lang='grc'><strong>⁸⁸</strong></span> <span class='ocrx_word' id='word_1_765' title='bbox 885 5482 941 5533; x_wconf 65' lang='grc' dir='ltr'>δὲ</span> <span class='ocrx_word' id='word_1_766' title='bbox 970 5497 1077 5536; x_wconf 88' lang='lat' dir='ltr'><strong>om.</strong></span> <span class='ocrx_word' id='word_1_767' title='bbox 1097 5479 1159 5537; x_wconf 88' lang='lat' dir='ltr'><strong>C.</strong></span> <span class='ocrx_word' id='word_1_768' title='bbox 1234 5483 1278 5514; x_wconf 85' lang='grc'><strong>⁸¹</strong></span> <span class='ocrx_word' id='word_1_769' title='bbox 1324 5483 1581 5552; x_wconf 76' lang='grc' dir='ltr'>’Λθήναις</span> <span class='ocrx_word' id='word_1_770' title='bbox 1603 5482 1643 5535; x_wconf 86' lang='grc' dir='ltr'><strong><em>Β</em></strong></span> <span class='ocrx_word' id='word_1_771' title='bbox 1675 5501 1687 5535; x_wconf 92' lang='lat'><strong>:</strong></span> <span class='ocrx_word' id='word_1_772' title='bbox 1724 5481 2101 5550; x_wconf 68' lang='lat' dir='ltr'><strong>&#39;AOnvaIOicg.</strong></span> 
     </span>
    </p>
   </div>
   <div class='ocr_carea' id='block_1_110' title="bbox 749 5760 1430 5831">
    <p class='ocr_par' dir='ltr' id='par_1_110' title="bbox 749 5760 1430 5831">
     <span class='ocr_line' id='line_1_110' title="bbox 749 5760 1430 5831; baseline 0.007 -20"><span class='ocrx_word' id='word_1_773' title='bbox 749 5774 806 5812; x_wconf 79' lang='grc' dir='ltr'>ν.</span> <span class='ocrx_word' id='word_1_774' title='bbox 838 5760 1086 5831; x_wconf 71' lang='grc' dir='ltr'>Σωρανδς</span> <span class='ocrx_word' id='word_1_775' title='bbox 1167 5760 1430 5830; x_wconf 73' lang='grc' dir='ltr'>Ἐφέσιος.</span> 
     </span>
    </p>
   </div>
   <div class='ocr_carea' id='block_1_111' title="bbox 2175 5480 2766 5547">
    <p class='ocr_par' dir='ltr' id='par_1_111' title="bbox 2175 5480 2766 5547">
     <span class='ocr_line' id='line_1_111' title="bbox 2175 5480 2766 5547; baseline 0.002 -15"><span class='ocrx_word' id='word_1_776' title='bbox 2175 5481 2223 5512; x_wconf 86' lang='grc'><strong><em>⁸³</em></strong></span> <span class='ocrx_word' id='word_1_777' title='bbox 2248 5480 2410 5547; x_wconf 82' lang='grc' dir='ltr'>νόμον</span> <span class='ocrx_word' id='word_1_778' title='bbox 2448 5496 2555 5532; x_wconf 88' lang='lat' dir='ltr'><strong>oni.</strong></span> <span class='ocrx_word' id='word_1_779' title='bbox 2580 5481 2643 5533; x_wconf 84' lang='grc' dir='ltr'><strong>Δ.</strong></span> <span class='ocrx_word' id='word_1_780' title='bbox 2719 5480 2766 5512; x_wconf 62' lang='grc'><strong>⁸⁵</strong></span> 
     </span>
    </p>
   </div>
   <div class='ocr_carea' id='block_1_112' title="bbox 746 5550 2673 5621">
    <p class='ocr_par' dir='ltr' id='par_1_112' title="bbox 746 5550 2673 5621">
     <span class='ocr_line' id='line_1_112' title="bbox 746 5550 2673 5621; baseline -0.003 -16"><span class='ocrx_word' id='word_1_781' title='bbox 746 5550 1068 5621; x_wconf 72' lang='lat' dir='ltr'><strong>Pythagora:</strong></span> <span class='ocrx_word' id='word_1_782' title='bbox 1096 5569 1146 5621; x_wconf 90' lang='lat' dir='ltr'><strong>p.</strong></span> <span class='ocrx_word' id='word_1_783' title='bbox 1176 5553 1395 5607; x_wconf 73' lang='lat' dir='ltr'><strong>Kiisti-r.</strong></span> <span class='ocrx_word' id='word_1_784' title='bbox 1426 5550 1479 5620; x_wconf 68' lang='grc' dir='ltr'>ρ.</span> <span class='ocrx_word' id='word_1_785' title='bbox 1512 5554 1602 5607; x_wconf 77' lang='grc'><strong>91.</strong></span> <span class='ocrx_word' id='word_1_786' title='bbox 1632 5557 1973 5619; x_wconf 71' lang='grc' dir='ltr'>ειῖυτοιτερι.</span> <span class='ocrx_word' id='word_1_787' title='bbox 2006 5566 2061 5620; x_wconf 90' lang='lat' dir='ltr'><strong>p.</strong></span> <span class='ocrx_word' id='word_1_788' title='bbox 2093 5551 2214 5621; x_wconf 76' lang='lat' dir='ltr'><strong>l59.</strong></span> <span class='ocrx_word' id='word_1_789' title='bbox 2244 5620 2247 5621; x_wconf 15' lang='grc' dir='ltr'><em>ν</em></span> <span class='ocrx_word' id='word_1_790' title='bbox 2290 5550 2456 5621; x_wconf 14' lang='grc' dir='ltr'>⁸⁵ᾲτὴν</span> <span class='ocrx_word' id='word_1_791' title='bbox 2488 5562 2613 5621; x_wconf 73' lang='lat' dir='ltr'><strong>ante</strong></span> <span class='ocrx_word' id='word_1_792' title='bbox 2643 5551 2673 5601; x_wconf 92' lang='grc' dir='ltr'><strong>ὑ</strong></span> 
     </span>
    </p>
   </div>
   <div class='ocr_carea' id='block_1_113' title="bbox 745 5619 2701 5692">
    <p class='ocr_par' dir='ltr' id='par_1_113' title="bbox 745 5619 2701 5692">
     <span class='ocr_line' id='line_1_113' title="bbox 745 5619 2701 5692; baseline -0.002 -21"><span class='ocrx_word' id='word_1_793' title='bbox 745 5619 1033 5692; x_wconf 72' lang='grc' dir='ltr'>απώλεσεν</span> <span class='ocrx_word' id='word_1_794' title='bbox 1069 5619 1436 5691; x_wconf 24' lang='grc' dir='ltr'>ἀγυμνάστουί</span> <span class='ocrx_word' id='word_1_795' title='bbox 1471 5624 1608 5692; x_wconf 76' lang='grc' dir='ltr'>πρὸς</span> <span class='ocrx_word' id='word_1_796' title='bbox 1635 5622 1799 5692; x_wconf 9' lang='grc' dir='ltr'>,αὐτὸ</span> <span class='ocrx_word' id='word_1_797' title='bbox 1850 5619 2167 5692; x_wconf 17' lang='grc' dir='ltr'>τῆςλάκοῆς</span> <span class='ocrx_word' id='word_1_798' title='bbox 2230 5619 2701 5692; x_wconf 23' lang='grc' dir='ltr'>ἀπολελμειμμένης</span> 
     </span>
    </p>
   </div>
   <div class='ocr_carea' id='block_1_114' title="bbox 749 5688 2665 5761">
    <p class='ocr_par' dir='ltr' id='par_1_114' title="bbox 749 5688 2665 5761">
     <span class='ocr_line' id='line_1_114' title="bbox 749 5688 2665 5761; baseline -0.001 -20"><span class='ocrx_word' id='word_1_799' title='bbox 749 5690 903 5761; x_wconf 50' lang='lat' dir='ltr'><strong>Siiiil.</strong></span> <span class='ocrx_word' id='word_1_800' title='bbox 942 5693 995 5745; x_wconf 89' lang='lat' dir='ltr'><strong>li.</strong></span> <span class='ocrx_word' id='word_1_801' title='bbox 1020 5708 1071 5745; x_wconf 71' lang='grc' dir='ltr'>ν.</span> <span class='ocrx_word' id='word_1_802' title='bbox 1120 5688 1193 5723; x_wconf 22' lang='grc' dir='ltr'>ί⁸ί</span> <span class='ocrx_word' id='word_1_803' title='bbox 1220 5688 1583 5761; x_wconf 74' lang='grc' dir='ltr'>ὑπερεϐάλετο</span> <span class='ocrx_word' id='word_1_804' title='bbox 1620 5691 1695 5745; x_wconf 85' lang='grc' dir='ltr'>Β;</span> <span class='ocrx_word' id='word_1_805' title='bbox 1745 5690 2146 5761; x_wconf 77' lang='grc' dir='ltr'>ὑπερεϐάλλετο</span> <span class='ocrx_word' id='word_1_806' title='bbox 2174 5706 2261 5761; x_wconf 69' lang='grc' dir='ltr'><strong>ς’.Δ</strong></span> <span class='ocrx_word' id='word_1_807' title='bbox 2311 5690 2357 5721; x_wconf 82' lang='grc'><strong>⁸⁸</strong></span> <span class='ocrx_word' id='word_1_808' title='bbox 2394 5688 2585 5741; x_wconf 88' lang='grc' dir='ltr'>ίάσατο</span> <span class='ocrx_word' id='word_1_809' title='bbox 2606 5706 2665 5751; x_wconf 82' lang='grc' dir='ltr'>ς.</span> 
     </span>
    </p>
   </div>
   <div class='ocr_carea' id='block_1_115' title="bbox 2814 5477 3998 5547">
    <p class='ocr_par' dir='ltr' id='par_1_115' title="bbox 2814 5477 3998 5547">
     <span class='ocr_line' id='line_1_115' title="bbox 2814 5477 3998 5547; baseline -0.001 -16"><span class='ocrx_word' id='word_1_810' title='bbox 2814 5478 3073 5547; x_wconf 75' lang='grc' dir='ltr'>μαλακῶν</span> <span class='ocrx_word' id='word_1_811' title='bbox 3098 5479 3158 5531; x_wconf 84' lang='lat' dir='ltr'><strong>A.</strong></span> <span class='ocrx_word' id='word_1_812' title='bbox 3194 5479 3261 5533; x_wconf 89' lang='lat' dir='ltr'><strong>ile</strong></span> <span class='ocrx_word' id='word_1_813' title='bbox 3284 5495 3339 5532; x_wconf 90' lang='lat' dir='ltr'><strong>re</strong></span> <span class='ocrx_word' id='word_1_814' title='bbox 3360 5478 3432 5532; x_wconf 77' lang='lat' dir='ltr'><strong>cf.</strong></span> <span class='ocrx_word' id='word_1_815' title='bbox 3459 5479 3754 5535; x_wconf 76' lang='lat' dir='ltr'><strong>Janihlich.</strong></span> <span class='ocrx_word' id='word_1_816' title='bbox 3801 5479 3868 5533; x_wconf 89' lang='lat' dir='ltr'><strong>de</strong></span> <span class='ocrx_word' id='word_1_817' title='bbox 3892 5477 3998 5534; x_wconf 67' lang='lat' dir='ltr'><strong>vita</strong></span> 
     </span>
    </p>
   </div>
   <div class='ocr_carea' id='block_1_116' title="bbox 2755 5550 3996 5617">
    <p class='ocr_par' dir='ltr' id='par_1_116' title="bbox 2755 5550 3996 5617">
     <span class='ocr_line' id='line_1_116' title="bbox 2755 5550 3996 5617; baseline -0.001 -17"><span class='ocrx_word' id='word_1_818' title='bbox 2755 5550 2981 5617; x_wconf 80' lang='grc' dir='ltr'>λοτέραν</span> <span class='ocrx_word' id='word_1_819' title='bbox 3017 5550 3141 5603; x_wconf 84' lang='lat' dir='ltr'><strong>add.</strong></span> <span class='ocrx_word' id='word_1_820' title='bbox 3169 5550 3231 5603; x_wconf 76' lang='grc' dir='ltr'><strong>Α.</strong></span> <span class='ocrx_word' id='word_1_821' title='bbox 3307 5550 3351 5580; x_wconf 82' lang='grc'><strong><em>⁸⁸</em></strong></span> <span class='ocrx_word' id='word_1_822' title='bbox 3379 5550 3446 5601; x_wconf 73' lang='grc' dir='ltr'>τὰ</span> <span class='ocrx_word' id='word_1_823' title='bbox 3473 5566 3583 5606; x_wconf 88' lang='lat' dir='ltr'><strong>om.</strong></span> <span class='ocrx_word' id='word_1_824' title='bbox 3618 5552 3681 5602; x_wconf 75' lang='grc' dir='ltr'><strong>Α.</strong></span> <span class='ocrx_word' id='word_1_825' title='bbox 3760 5550 3805 5580; x_wconf 84' lang='grc'><strong>⁸⁷</strong></span> <span class='ocrx_word' id='word_1_826' title='bbox 3832 5565 3996 5616; x_wconf 79' lang='grc' dir='ltr'>προσ-</span> 
     </span>
    </p>
   </div>
   <div class='ocr_carea' id='block_1_117' title="bbox 2782 5618 3998 5684">
    <p class='ocr_par' dir='ltr' id='par_1_117' title="bbox 2782 5618 3998 5684">
     <span class='ocr_line' id='line_1_117' title="bbox 2782 5618 3998 5684; baseline -0.001 -14"><span class='ocrx_word' id='word_1_827' title='bbox 2782 5619 2935 5671; x_wconf 82' lang='lat' dir='ltr'><strong>uiilas</strong></span> <span class='ocrx_word' id='word_1_828' title='bbox 2980 5636 3030 5671; x_wconf 83' lang='grc' dir='ltr'>ν.</span> <span class='ocrx_word' id='word_1_829' title='bbox 3057 5620 3254 5672; x_wconf 73' lang='grc' dir='ltr'>Διὲσιν.</span> <span class='ocrx_word' id='word_1_830' title='bbox 3330 5618 3375 5651; x_wconf 75' lang='grc'><strong>⁸⁸</strong></span> <span class='ocrx_word' id='word_1_831' title='bbox 3403 5622 3469 5673; x_wconf 89' lang='lat' dir='ltr'><strong>de</strong></span> <span class='ocrx_word' id='word_1_832' title='bbox 3520 5620 3905 5684; x_wconf 67' lang='lat' dir='ltr'><strong>Asclepiodoto</strong></span> <span class='ocrx_word' id='word_1_833' title='bbox 3932 5619 3998 5669; x_wconf 71' lang='lat' dir='ltr'><strong>cf.</strong></span> 
     </span>
    </p>
   </div>
   <div class='ocr_carea' id='block_1_118' title="bbox 2766 5686 3999 5759">
    <p class='ocr_par' dir='ltr' id='par_1_118' title="bbox 2766 5686 3999 5759">
     <span class='ocr_line' id='line_1_118' title="bbox 2766 5686 3999 5759; baseline -0.005 -18"><span class='ocrx_word' id='word_1_834' title='bbox 2766 5690 2807 5720; x_wconf 85' lang='lat'><strong>&quot;</strong></span> <span class='ocrx_word' id='word_1_835' title='bbox 2835 5688 3156 5759; x_wconf 79' lang='grc' dir='ltr'>Μαλεὼτην]</span> <span class='ocrx_word' id='word_1_836' title='bbox 3189 5690 3296 5743; x_wconf 89' lang='lat' dir='ltr'><strong>imo</strong></span> <span class='ocrx_word' id='word_1_837' title='bbox 3324 5688 3626 5757; x_wconf 73' lang='grc' dir='ltr'>Μαλλώτην</span> <span class='ocrx_word' id='word_1_838' title='bbox 3685 5703 3811 5741; x_wconf 89' lang='lat' dir='ltr'><strong>cum</strong></span> <span class='ocrx_word' id='word_1_839' title='bbox 3838 5686 3999 5741; x_wconf 66' lang='lat' dir='ltr'><strong>Suiila</strong></span> 
     </span>
    </p>
   </div>
   <div class='ocr_carea' id='block_1_119' title="bbox 1523 5757 2925 5833">
    <p class='ocr_par' dir='ltr' id='par_1_119' title="bbox 1523 5757 2925 5833">
     <span class='ocr_line' id='line_1_119' title="bbox 1523 5757 2925 5833; baseline -0.007 -13"><span class='ocrx_word' id='word_1_840' title='bbox 1523 5763 1567 5793; x_wconf 83' lang='grc'><strong>⁹¹</strong></span> <span class='ocrx_word' id='word_1_841' title='bbox 1609 5757 1948 5833; x_wconf 77' lang='grc' dir='ltr'>παράλογον]</span> <span class='ocrx_word' id='word_1_842' title='bbox 1987 5762 2217 5815; x_wconf 74' lang='lat' dir='ltr'><strong>fortasse</strong></span> <span class='ocrx_word' id='word_1_843' title='bbox 2251 5758 2534 5829; x_wconf 72' lang='lat' dir='ltr'><strong>legendum</strong></span> <span class='ocrx_word' id='word_1_844' title='bbox 2570 5758 2722 5829; x_wconf 64' lang='grc' dir='ltr'>παρα</span> <span class='ocrx_word' id='word_1_845' title='bbox 2750 5757 2925 5825; x_wconf 66' lang='grc' dir='ltr'>λόγον.</span> 
     </span>
    </p>
   </div>
  </div>
