4206 6436
271 387 408 452 1281

1270 379 1793 442 BIBLIOTHECA.
1824 401 1897 419 --
1932 378 2096 441 COD.
2132 380 2405 446 CCXL”.

3408 390 3547 458 1282

280 500 410 550 Ὅτι
470 498 531 550 ἑν
595 493 894 563 Ἱεραπόλει
966 494 1065 563 τῆς
1100 493 1341 563 Φρυγίας
1399 492 1545 562 ἱερὸν
1576 488 1851 562 ἦνἈπὸλ·

1973 492 2216 547 raculum
2293 504 2413 550 erat
2476 495 2710 552 lethileri
2787 497 3031 567 spiritus.
3092 496 3361 566 Spelunca
3436 506 3554 563 haec

270 588 468 650 λωνος,
502 586 607 639 ὑπὸ
631 586 686 639 δὲ
724 585 817 638 τὸν
843 583 970 638 ναὸν
1001 584 1334 638 καταϐάσιον
1389 583 1647 636 ὑπέκειτο
1698 582 1863 636 θανα-

274 682 469 750 σίμους
499 680 774 739 ἀναπνοὰς
838 676 1233 745 παρεχόμενον.
1287 675 1489 728 Τοῦτον
1540 675 1632 728 τὸν
1671 673 1863 744 βόθρον

271 774 386 826 οὐδ’
426 771 632 826 ἄνωθέν
666 773 812 823 ἐστιν
845 768 967 840 [561
1001 769 1091 840 IL]
1122 769 1403 822 ἀκίνδυνον
1426 768 1547 821 οὐδὲ
1574 769 1689 830 τοῖς
1721 785 1860 835 πτη-

270 868 384 927 νοῖς
407 865 513 918 τῶν
543 862 697 927 ζώων
729 862 980 921 διελθεῖν,
1015 861 1127 915 ἀλλ’
1148 862 1247 914 ὅσα
1281 860 1403 915 κατ’
1437 862 1601 913 αὐτὸν
1622 860 1860 927 γίνεται,

270 959 595 1011 ἀπόλλυται.
623 956 749 1015 Τοῖς
782 954 837 1006 δὲ
876 953 1315 1022 τετελεσμένοις,
1348 952 1504 1019 φησὶ,
1544 949 1773 1004 δυνατὸν
1793 945 1861 1018 ἦν

270 1050 559 1109 κατιόντας
601 1045 697 1098 καὶ
723 1047 800 1106 είς
831 1044 993 1098 αὑτὸν
1024 1044 1114 1096 τὸν
1155 1043 1323 1112 μυχὺν
1346 1042 1600 1105 ἀϐλαϐῶς
1628 1042 1858 1107 διάγειν.

268 1144 440 1208 Λέγει
463 1141 507 1193 δ’
557 1141 586 1191 6
639 1138 992 1208 συγγραφεὺς
1017 1137 1094 1199 ὡς
1133 1137 1299 1199 αὑτός
1323 1153 1381 1188 τε
1416 1136 1511 1188 καὶ
1542 1135 1727 1204 Δῶρος
1756 1134 1803 1165 ³³
1830 1134 1859 1185 6

268 1234 584 1301 φιλόσοφος,
612 1231 719 1285 ὑπὸ
742 1229 1051 1299 προθυμίας
1099 1227 1501 1299 ἑκνικηθέντες,
1546 1224 1859 1295 κατέϐησάν

265 1342 330 1377 τε
358 1324 450 1375 καὶ
481 1322 711 1383 ἀπαθείς
738 1321 926 1373 κακῶν
956 1320 1251 1389 ἀνέϐησαν.
1294 1319 1459 1386 Λέγει
1490 1318 1532 1395 δ’
1555 1320 1583 1371 6
1611 1334 1854 1386 συγγρα-

267 1418 407 1483 φεὺς
438 1417 520 1468 ὅτι
561 1415 696 1466 Τότε
730 1416 793 1483 τῇ
846 1412 1142 1481 Ἱεραπόλει
1192 1411 1598 1479 ὲγκαθευδήσας
1631 1411 1848 1463 ὲδόκουν

264 1510 401 1577 εναρ
433 1510 461 1560 6
522 1508 726 1574 Ἀττης
770 1504 1043 1574 γενέσθαι,
1076 1504 1168 1557 καί
1195 1521 1285 1573 μοι
1316 1503 1675 1556 ἐπιτελεῖσθαι
1704 1501 1857 1571 παρά

264 1601 371 1667 τῆς
408 1602 609 1668 μητρὸς
623 1598 730 1651 τῶν
757 1598 894 1649 θεῶν
922 1596 1019 1665 τὴν
1045 1595 1154 1648 τῶν
1187 1596 1408 1664 ίλαρίων
1431 1594 1783 1664 καλουμένων
1806 1593 1853 1625 ⁸⁵

265 1693 465 1758 ἑορτήν
487 1707 499 1719 ·
534 1692 671 1759 ὅπερ
738 1689 926 1758 ἐδήλου
984 1688 1084 1758 τὴν
1114 1688 1173 1752 ἐξ
1211 1688 1337 1759 ᾅδου
1384 1689 1670 1755 γεγονυῖαν
1695 1686 1853 1755 ἡμῶν

268 1780 568 1850 σωτηρίαν.
584 1780 945 1848 Διηγησάμην
961 1778 1015 1830 δὲ
1038 1778 1115 1847 τῷ
1144 1778 1603 1848 Ἀσκληπιοδότῳ,
1623 1777 1851 1831 ἐπανελ-

1966 597 2201 653 superne
2232 600 2332 642 nec
2384 588 2574 644 avibus
2619 590 3130 659 prmtervolantihns
3160 593 3277 648 sine
3306 597 3551 664 periculo

1964 685 2075 737 est,
2126 676 2219 730 sed
2267 692 2605 748 quaecunque
2664 680 2785 734 illac
2829 682 3043 747 volant,
3095 687 3421 740 moriuntur.
3476 689 3550 741 At

1965 763 2053 829 iis,
2110 766 2198 833 qui
2251 768 2534 823 sacriﬁciis
2566 780 2691 823 sunt
2738 772 2975 837 initiati,
3008 773 3204 845 345a
3241 775 3397 831 facile
3446 777 3552 831 fuit

1966 856 2198 925 ingredi,
2223 866 2278 912 et
2317 858 2370 913 in
2415 859 2505 912 illa
2547 860 2806 929 spelunca
2832 864 2950 917 sine
2984 865 3088 918 ulla
3142 880 3280 919 noxa
3316 868 3535 935 degere.

1965 944 2153 1000 Refert
2204 957 2396 1002 auctor
2422 963 2481 1004 se
2508 958 2562 1002 et
2587 950 2785 1004 Dorum
2818 953 3218 1021 philosophum,
3248 958 3555 1025 cupiditate

1962 1044 2149 1103 captos
2213 1036 2461 1104 intrasse,
2527 1049 2581 1093 et
2640 1039 2836 1095 ilhcsos
2890 1056 3138 1110 egressos
3196 1060 3337 1101 esse.
3408 1048 3549 1103 Dicit

1962 1128 2194 1196 scriptor
2238 1142 2359 1182 cum
2412 1138 2540 1183 tunc
2604 1127 2879 1200 Hierapoli
2923 1134 3209 1200 dormiret,
3244 1137 3296 1189 in
3338 1140 3550 1193 somnis

1961 1218 2063 1271 sibi
2115 1220 2289 1272 visum
2360 1234 2484 1276 esse
2528 1220 2705 1283 Attin,
2761 1224 2973 1293 sibique
3016 1240 3044 1277 a
3095 1236 3273 1282 matre
3320 1230 3549 1284 deorum

1960 1308 2182 1372 festum,
2226 1310 2367 1377 quod
2408 1311 2607 1365 dicitur
2646 1311 2995 1380 llilariornni,
3028 1319 3365 1385 mandatum,
3402 1321 3548 1389 quod

1960 1399 2236 1456 iudicabat
2270 1410 2511 1457 nostram
2571 1407 3043 1461 conservationem
3078 1411 3149 1463 ab
3179 1412 3392 1467 inferis.
3440 1413 3550 1469 Re-

1958 1504 2151 1547 versus
2192 1494 2375 1562 itaque
2414 1495 2464 1547 in
2515 1494 2743 1551 Veneris
2775 1500 2959 1552 urbem
2998 1504 3211 1554 narravi
3263 1503 3546 1571 Asclepio-

1957 1582 2082 1635 doto
2114 1582 2418 1639 visionem:
2472 1585 2559 1640 ille
2596 1587 2671 1641 rei
2708 1588 2969 1642 miraculo
2996 1592 3296 1659 obstupuit,
3332 1602 3386 1646 et
3413 1595 3547 1648 mihi

1955 1687 2054 1741 pro
2085 1674 2185 1729 hoc
2219 1676 2428 1731 somnio
2454 1692 2558 1730 tton
2598 1679 2869 1732 somnium
2901 1682 3158 1743 narravit,
3199 1684 3295 1736 sed
3321 1685 3549 1740 minoris

1956 1763 2031 1817 rei
2064 1767 2428 1820 narrationem
2464 1770 2711 1837 rependit
2741 1771 2963 1837 majore.
2996 1770 3139 1827 Dixit
3165 1789 3225 1827 se
3245 1775 3541 1829 etiamnum

265 1872 380 1926 θὼν
408 1846 496 1934 ’-ἐς
552 1846 956 1941 ’Δφροδισιᾶδα,
1017 1846 1115 1938 τὴν
1153 1870 1245 1923 τοῦ
1268 1846 1478 1939 ὀνείρου
1521 1846 1665 1937 ww.
1708 1867 1767 1921 '0
1790 1867 1848 1921 δὲ

1957 1851 2202 1922 iuvenem
2237 1855 2289 1909 in
2315 1856 2451 1910 hanc
2486 1859 2757 1927 regionem
2788 1862 3021 1923 venisse,
3053 1871 3108 1917 et
3137 1872 3384 1917 naturam
3424 1866 3544 1931 ejus

265 1964 549 2033 ἐθαύμασέ
600 1981 659 2016 τε
682 1964 726 1997 ⁸⁸
752 1964 813 2015 τὸ
860 1962 1226 2031 συμϐεϐηκὸς,
1272 1963 1365 2015 καὶ
1410 1962 1710 2032 διηγήσατο
1748 1960 1849 2014 οὐκ

264 2056 402 2123 δναρ
430 2055 551 2107 ἀντὶ
574 2054 875 2124 ὀνείρατος,
928 2053 1064 2107 ἀλλά
1108 2052 1293 2120 θαῦμα
1322 2053 1508 2123 μεῖζον
1544 2054 1664 2105 ἀντὶ
1691 2052 1848 2105 ἐλάτ-

261 2164 438 2208 τονος.
479 2145 759 2216 Νεὼτερος
817 2146 926 2215 γάρ
981 2146 1167 2213 ἔλεγεν
1218 2148 1300 2209 είς
1348 2144 1409 2197 τὸ
1446 2145 1646 2213 χωρίον
1672 2143 1849 2197 ἐλθεῖν

262 2236 445 2303 τοῦτο,
497 2238 590 2291 καὶ
641 2236 1085 2307 ἀποπειραθῆναι
1154 2234 1319 2290 αὑτοῦ
1357 2234 1455 2303 τῆς
1486 2237 1722 2303 φύσεως.
1757 2233 1849 2297 Δὶς

262 2324 359 2381 οὖν
396 2328 484 2382 καὶ
540 2327 658 2398 τρὶς
712 2328 1019 2394 ὲπιπτύξας
1047 2328 1109 2380 τὸ
1153 2327 1368 2397 ίμάτιον
1392 2326 1521 2395 περὶ
1551 2325 1648 2388 τὰς
1673 2327 1847 2395 ῥῖνας,

264 2421 377 2486 ἵνα,
412 2420 513 2474 κᾶν
533 2421 774 2493 ἀναπνέῃ
812 2420 1095 2484 πολλάκις,
1120 2419 1195 2488 μὴ
1224 2417 1317 2471 τὸν
1343 2416 1739 2489 διεφθαρμένον
1757 2417 1850 2470 καὶ

264 2510 599 2581 λυμαντικδν
628 2512 765 2580 ἀέρα
833 2511 880 2544 ’⁸
934 2512 1172 2581 ἀναπνῇ,
1214 2509 1349 2563 ἀλλά
1401 2510 1496 2562 τὸν
1534 2508 1722 2577 ἀπαθῆ
1757 2507 1851 2561 καὶ

266 2602 560 2669 σωτήριον,
582 2600 642 2653 ὃν
679 2600 879 2665 ἔξωθεν
921 2602 1183 2671 εἰσήγαγε
1206 2598 1519 2670 περιλαϐὼν
1546 2600 1603 2652 ὲν
1618 2599 1698 2669 τῷ
1724 2600 1851 2669 ίμα-

265 2690 391 2759 τίῳ,
415 2690 557 2743 οὕτω
574 2692 786 2760 πράξας
818 2692 991 2763 εἰσῄει
1012 2709 1071 2744 τε
1097 2692 1154 2744 ὲν
1174 2694 1238 2761 τῇ
1263 2690 1575 2755 καταδύσει,
1595 2694 1660 2762 τῇ
1684 2693 1847 2760 ὲκροῇ

265 2781 379 2832 τῶν
414 2780 634 2852 θερμῶν
660 2783 867 2836 ὑδάτων
897 2781 1305 2846 ἐπακολουθῶν,
1353 2783 1448 2835 ἰπὶ
1471 2782 1722 2835 πλεῖστον
1749 2780 1845 2834 τοῦ

266 2871 477 2924 ἀϐάτου
516 2872 709 2941 μυχοῦ,
764 2874 825 2925 οὐ
862 2873 970 2942 μὴν
997 2874 1074 2935 τίς
1094 2872 1247 2934 τέλος
1298 2870 1525 2941 ἀφίκετο
1547 2870 1649 2940 τῆς
1677 2886 1848 2923 κατα-

266 2964 483 3027 ϐάσεως
502 2979 514 2993 ⁸
573 2966 605 3033 ἡ
651 2966 759 3034 γὰρ
788 2964 991 3027 εἴσοδος
1041 2963 1355 3035 ἀπερρώγει
1382 2964 1427 2995 ⁹¹¹
1450 2963 1584 3033 πρὸς
1610 2962 1770 3033 βάθος
1801 2961 1847 2996 ’⁸

264 3055 368 3125 ἤδη
403 3055 539 3107 πολὺ
576 3056 684 3108 τῶν
706 3056 934 3120 ὑδάτων,
963 3056 1058 3109 καὶ
1108 3055 1382 3125 ἀνθρώπῳ
1408 3071 1470 3121 γε
1503 3055 1563 3106 οὐ
1598 3051 1852 3107 διαϐατὸν

265 3141 357 3215 ἦν,
390 3145 505 3201 ἀλλ’
525 3148 553 3199 6
582 3147 917 3217 καταιϐάτης
945 3148 990 3179 ’⁸
1011 3146 1304 3199 ἐνθουσιῶν
1323 3146 1546 3216 ἐφέρετο
1568 3145 1730 3215 μέχρι
1755 3143 1848 3197 τοῦ

268 3238 529 3308 πέρατος.
568 3240 625 3292 Ὀ
659 3239 842 3309 μέντοι
886 3237 1339 3307 ’Λσκληπιόδοτος
1398 3236 1608 3288 ἐκεῖθεν
1654 3236 1850 3305 ἀνῆλθε

269 3331 436 3400 σοφίᾳ
476 3332 543 3399 τῇ
592 3329 757 3382 αὐτοῦ
816 3328 1006 3382 κακῶν
1067 3326 1304 3397 ἀπαθής.
1330 3324 1492 3378 Ἀλλά
1537 3326 1632 3378 καὶ
1686 3325 1854 3395 πνοὴν

267 3421 666 3491 παραπλησίαν
694 3419 923 3488 ὕστερον
952 3420 1020 3488 τῇ
1049 3417 1337 3487 θανασίμῳ
1366 3418 1429 3469 ὲκ
1466 3415 1738 3484 διαφόρων
1778 3416 1855 3467 εί-

265 3512 375 3566 δῶν
430 3510 981 3579 κατασκευασάμενος
1036 3509 1439 3579 ἐμηχανήσατο.
1499 3507 1683 3575 Χωρῖς
1732 3505 1749 3536 ⁸
1784 3504 1857 3561 τὰ

267 3600 577 3669 φιλοσόφων
614 3602 706 3652 καὶ
740 3599 807 3651 τὰ
833 3598 940 3652 τῶν
978 3599 1171 3668 ἱερέων
1198 3598 1490 3667 ὁρίσματα,
1514 3597 1666 3649 οὐδὲν
1691 3591 1853 3666 ἦττον

266 3690 401 3761 ῆτά
430 3691 698 3759 λεγόμενα
747 3690 950 3743 Μυσῶν
1000 3688 1097 3742 καὶ
1140 3688 1389 3759 Φρυγῶν.
1445 3687 1587 3740 Ἀλλ’
1633 3688 1784 3757 ὅμως
1824 3689 1852 3741 6

269 3782 570 3852 Πατρίκιος
597 3782 886 3851 ἐτόλμησε,
916 3782 1066 3852 παρὰ
1089 3780 1251 3849 νόμον
1267 3779 1359 3832 τὸν
1388 3780 1726 3847 φιλοσοφίας,
1759 3779 1851 3831 ἐπὶ

264 3874 441 3926 ταῦτα
456 3872 628 3943 ρυείς.
646 3872 708 3924 Ἥ
724 3872 779 3925 δὲ
797 3872 920 3942 ἔφη,
938 3870 1079 3939 Ἐγὼ
1093 3871 1315 3940 χωρῐτίς
1330 3871 1444 3940 είμι
1464 3870 1558 3923 καλ⁵
1570 3871 1847 3942 ἄγροικος.

266 3963 429 4016 Ἀλλά
450 3964 741 4025 διαναστὰς
771 3963 879 4016 ἀπὸ
910 3962 1003 4015 τοῦ
1034 3961 1204 4014 ὕπνου
1226 3961 1321 4015 καὶ
1353 3962 1851 4030 διαγκωνισάμενος

264 4056 359 4106 ὲπὶ
389 4052 485 4105 τοῦ
511 4052 807 4122 σκίμποδος
853 4053 976 4121 ἔφη.
1010 4051 1247 4115 Ἀστεῖος
1277 4067 1337 4103 τε
1364 4046 1431 4120 ἦν
1452 4051 1545 4103 καὶ
1574 4050 1848 4120 εὐόμιλος,

264 4145 325 4198 οὐ
364 4145 523 4214 μόνον
553 4145 688 4214 πρὸς
717 4145 815 4214 τὴν
846 4143 1273 4208 σπουδάζουσαν,
1304 4141 1439 4195 ἀλλά
1467 4143 1561 4195 καὶ
1593 4142 1730 4212 πρὸς
1750 4142 1850 4214 τὴν

266 4236 568 4300 παίζουσαν
598 4235 766 4288 ἐνίοτε
813 4236 1119 4296 συνουσίαν,
1158 4234 1298 4288 ὥστε
1330 4233 1423 4286 καὶ
1458 4233 1680 4304 ἥδιστος
1709 4230 1848 4286 εἶναι

264 4332 380 4392 τοῖς
415 4327 775 4398 πλησιάζουσι
806 4327 944 4397 πρὸς
974 4326 1050 4397 τῷ
1078 4327 1359 4396 ὠφελίμῳ.
1388 4326 1492 4378 Τδν
1524 4323 1657 4379 Θεὸν
1678 4325 1846 4395 προὺ-

266 4420 489 4473 καλεττο
535 4419 625 4472 ἐπὶ
669 4418 832 4472 πάθει
863 4418 1177 4488 περιωδύνῳ
1217 4420 1319 4488 τῆς
1365 4418 1473 4471 τῶν
1519 4417 1780 4470 ὀπισθίων
1826 4419 1847 4449 ³

1959 1952 2267 2012 expertum.
2317 1945 2408 2001 Bis
2435 1948 2615 2018 itaque
2664 1958 2719 2004 et
2750 1960 2830 2005 ter
2862 1962 3063 2007 vestem
3116 1955 3344 2009 naribus
3376 1956 3549 2025 appli-

1954 2051 2109 2103 cans,
2158 2052 2248 2102 ne,
2292 2037 2416 2093 licet
2460 2040 2756 2108 respiraret
2792 2044 3011 2113 saepius,
3068 2055 3385 2114 corruptum
3444 2063 3547 2103 no-

1954 2128 2215 2197 xiumque
2271 2144 2450 2183 aerem
2481 2132 2803 2195 attralteret,
2854 2136 2947 2187 sed
3009 2150 3190 2191 aerem
3252 2137 3453 2192 bonunt
3482 2149 3545 2194 et

1956 2220 2271 2284 salutarem,
2316 2237 2475 2291 quem
2504 2222 2723 2279 aliunde
2769 2225 3065 2282 adduxerat
3116 2228 3167 2283 in
3218 2240 3365 2285 veste
3404 2245 3545 2286 con-

1956 2314 2215 2379 cludens,
2273 2315 2546 2384 ingressus
2604 2324 2690 2371 est
2756 2317 2807 2371 in
2865 2319 3173 2389 speluncam
3234 2331 3537 2379 scatentem

1958 2407 2149 2461 calidis
2176 2409 2353 2476 aquis,
2400 2423 2634 2479 sequens
2689 2423 2908 2479 semper
2960 2412 3156 2466 inviam
3195 2416 3539 2484 voraginem,

1956 2507 2011 2553 et
2060 2501 2127 2553 ad
2176 2499 2335 2555 llnem
2395 2501 2687 2557 descensus
2738 2495 3005 2573 pervenit.
3046 2505 3141 2560 Via
3198 2510 3344 2561 enim
3390 2508 3542 2565 circa

1958 2587 2379 2657 profunditatem
2426 2594 2653 2662 abrupta
2695 2605 2811 2648 est:
2846 2602 2901 2648 at
2953 2605 3081 2650 tunc
3112 2596 3184 2651 oh
3239 2596 3543 2653 multitudi-

1958 2694 2079 2733 nem
2140 2697 2405 2751 aquarum
2464 2684 2629 2739 etiam
2681 2684 2887 2741 homini
2936 2688 3076 2744 invia
3122 2700 3259 2745 erat.
3309 2690 3414 2747 Sed
3450 2692 3545 2748 de-

1957 2784 2180 2826 scensor
2205 2771 2425 2830 fatidico
2474 2774 2659 2831 furore
2718 2790 2995 2848 correptus
3035 2780 3101 2835 ad
3139 2783 3301 2839 finem
3357 2798 3541 2840 acces-

1958 2863 2048 2917 sit.
2108 2864 2523 2931 Asclepiodotus
2573 2868 2736 2938 igitur
2785 2871 3046 2940 sapientia
3102 2888 3200 2928 sua
3253 2874 3542 2931 incolumis

1966 2956 2090 3010 hinc
2147 2957 2339 3023 evasit,
2398 2959 2491 3013 sed
2520 2968 2574 3014 et
2603 2970 2786 3030 postea
2836 2963 3084 3030 spiritum
3144 2964 3334 3019 lethali
3391 2968 3545 3020 simi-

1961 3047 2061 3100 lem
2090 3062 2121 3102 e
2151 3049 2315 3105 variis
2352 3052 2634 3119 speciebus
2672 3053 3005 3108 miscendum
3057 3058 3403 3126 excogitavit,
3440 3073 3540 3113 ne-

1960 3138 2167 3207 gligens
2193 3149 2249 3193 et
2279 3139 2720 3209 philosophorum
2786 3145 3242 3216 sacerdotumque
3272 3149 3538 3213 rationes.

1958 3229 2091 3281 nihil
2129 3242 2285 3284 secus
2334 3240 2497 3299 atque
2558 3229 2832 3303 Mysorum
2897 3233 3279 3310 Phrygumque
3339 3240 3538 3298 dicta:

1956 3320 2048 3374 sed
2093 3329 2270 3375 tamen
2319 3322 2589 3379 Patricius
2642 3339 2807 3379 ausus
2842 3324 2942 3380 fuit
2972 3328 3161 3383 eodem
3193 3341 3379 3387 contra
3413 3333 3540 3403 phi-

1956 3412 2305 3482 losophorum
2358 3414 2573 3469 decreta
2630 3432 2876 3488 pergere.
2930 3418 3181 3486 Quaedam
3219 3424 3386 3479 dixit:
3425 3424 3539 3495 Ego

1955 3503 2188 3571 agrestis
2230 3511 2286 3558 et
2344 3504 2541 3559 rustica
2590 3521 2731 3562 sum.
2788 3506 2893 3562 Sed
2952 3524 3180 3580 surgens
3212 3527 3243 3565 e
3293 3527 3487 3570 somno
3516 3556 3535 3583 ,

1954 3603 2009 3648 et
2039 3596 2294 3661 innitens,
2330 3597 2526 3667 inquit,
2580 3601 2814 3655 scabello
2840 3642 2856 3666 ,
2898 3603 3074 3658 civilis
3105 3616 3160 3659 et
3205 3607 3375 3662 comis
3408 3606 3534 3672 fuit,

1954 3702 2058 3740 non
2094 3688 2267 3742 solum
2297 3690 2348 3742 itt
2381 3690 2545 3753 serio,
2590 3692 2686 3746 sed
2715 3693 2875 3747 etiam
2910 3695 2961 3747 in
3003 3695 3197 3765 puerili
3241 3698 3539 3768 aliquando

1954 3778 2243 3848 colloquio,
2301 3790 2362 3835 ut
2392 3790 2446 3835 et
2476 3780 2906 3850 iucundissimus
2965 3798 3090 3839 cum
3149 3787 3349 3855 quibus
3401 3803 3533 3843 ver-

1953 3879 2189 3936 saretur,
2250 3885 2372 3926 cum
2424 3872 2659 3927 utilitate
2695 3883 2860 3928 esset.
2929 3874 3095 3929 Deum
3164 3877 3439 3933 invocavit
3480 3878 3532 3933 in

1956 3962 2107 4029 gravi
2163 3963 2423 4031 periculo,
2457 3973 2516 4018 ut
2549 3973 2857 4021 cataractas
2910 3980 3174 4034 aquarum
3208 3984 3330 4038 qua
3353 3970 3535 4025 adhuc

1959 4062 2250 4119 restarent,
2281 4065 2576 4109 amoveret.
2605 4054 2844 4111 Uxorem
2892 4057 3124 4114 vicinam
3175 4061 3356 4129 partui
3426 4078 3532 4116 una

1952 4142 2198 4200 adduxit.
2262 4145 2451 4200 Adhuc
2502 4144 2553 4200 in
2594 4146 2797 4213 spoda
2842 4146 3042 4216 iacenti
3093 4150 3320 4219 contigit
3379 4151 3456 4206 illi
3501 4167 3540 4207 ο

1951 4238 2177 4307 vestigio
2247 4237 2407 4291 Dicen
2466 4236 2672 4302 videre,
2726 4238 3001 4307 egregiam
3056 4241 3315 4309 puellam,
3374 4258 3543 4313 expc.

1950 4330 2136 4393 ditatn,
2191 4327 2386 4401 3556
2449 4330 2633 4383 tunica
2684 4329 2802 4383 sine
2841 4330 3090 4398 manicis,
3136 4330 3264 4386 lutei
3311 4336 3535 4399 coloris,

1948 4430 2003 4474 et
2046 4422 2332 4491 purpureis
2373 4420 2543 4476 clavis
2574 4422 2912 4477 exstantibus
2964 4424 3272 4480 decoratam
3310 4440 3327 4481 :
3371 4438 3539 4497 caput

263 4510 472 4581 ὀχετῶν
524 4510 789 4579 ἀφέσεως.
830 4507 995 4581 [1056
1025 4508 1118 4580 R.]
1161 4510 1422 4562 Ἐπίτεκα
1470 4508 1492 4539 ⁸
1529 4504 1696 4562 οὖσαν
1743 4508 1841 4577 τὴν

1957 4511 2081 4564 vitta
2104 4510 2351 4579 ligatum,
2382 4510 2501 4565 sine
2528 4510 2781 4575 amiculo,
2818 4513 2964 4565 vultu
2996 4516 3240 4569 nonnihil
3272 4532 3463 4573 severo
3478 4529 3535 4574 et

264 4601 517 4671 γαμετὴν
577 4600 901 4669 συνεπῆγεν.
960 4601 1084 4653 Ἐπὶ
1124 4600 1223 4668 τῆς
1258 4598 1447 4669 κλίνης
1500 4599 1845 4670 ἀνακειμένῳ

266 4696 533 4764 ἔξαπίνης
548 4694 643 4762 τὴν
659 4694 813 4763 δίκην
830 4693 958 4746 ίδείν
976 4692 1196 4762 συνέϐη,
1212 4692 1470 4763 λαμπρὰν
1487 4691 1674 4762 κόρην,
1688 4690 1850 4756 εὕξω‹

270 4807 394 4853 νον,
445 4784 666 4838 κολοϐὸν
716 4785 917 4855 χιτῶνα
962 4784 1319 4855 μηλινόχρουν
1355 4786 1377 4814 ⁵
1432 4782 1844 4853 ἀνεζωσμένην,

269 4880 570 4950 πορφυροῖς
599 4876 826 4929 πλατέσι
858 4875 1142 4945 σημαδίοις
1191 4874 1621 4943 κεκοσμημένον,
1653 4873 1847 4927 ἀναδε-

264 4972 501 5040 δεμένην
528 4968 628 5039 μὲν
652 4969 750 5037 τὴν
770 4966 1010 5037 κεφαλὴν
1039 4966 1341 5035 ἀναδέσμῃ,
1368 4966 1581 5035 γυμνὴν
1610 4964 1666 5017 δὲ
1693 4981 1849 5032 περιο

265 5060 511 5124 ϐολαίου,
556 5058 813 5129 βλοσυρόν
855 5074 908 5109 τι
942 5056 1154 5127 ὁρῶσαν
1196 5055 1291 5110 καὶ
1335 5054 1804 5124 συνωφρυωμένον
1829 5095 1844 5120 ,

264 5152 386 5207 οὔτι
414 5168 478 5221 γε
521 5148 654 5220 πρὸς
691 5149 851 5203 αὑτὸν
878 5188 892 5211 ,
924 5148 1061 5201 ἀλλά
1100 5148 1235 5218 πρὸς
1262 5147 1284 5179 ⁸
1338 5147 1438 5217 τὴν
1467 5146 1691 5202 εἴσοδον.
1720 5144 1845 5199 Ὀτι

278 5242 732 5315 ’Δσκληπιόδοτος
781 5243 810 5296 6
866 5242 1171 5312 φιλόσοφος,
1213 5243 1243 5294 6
1288 5239 1531 5312 Πρόκλου
1579 5238 1851 5309 μαθητὴς,

1957 4601 2133 4656 l’r0nte
2157 4611 2461 4656 contracta.
2504 4602 2619 4656 Non
2648 4602 2849 4673 aliquid
2876 4604 2939 4656 ad
2968 4603 3137 4668 illum,
3161 4608 3254 4661 sed
3281 4617 3335 4661 et
3360 4609 3426 4663 ad
3451 4610 3540 4664 in-

1956 4694 2198 4748 troitum.
2226 4694 2638 4764 Asclepiodotus
2676 4693 2849 4749 Procli
2887 4696 3202 4767 discipulus,
3225 4699 3277 4753 in
3307 4703 3547 4758 summis

1958 4783 2196 4838 tenebris
2227 4784 2342 4838 sine
2376 4783 2577 4837 lumine
2610 4783 2756 4853 legit,
2781 4793 3130 4853 astantesque
3165 4786 3411 4842 homines
3450 4789 3546 4843 di-

1956 4874 2162 4941 gnovit.
2186 4872 2489 4943 Aliquando
2519 4874 2702 4942 itaque
2724 4873 2776 4928 in
2810 4873 2965 4930 Caria
3006 4876 3084 4930 ait
3110 4891 3170 4931 se
3203 4887 3367 4947 caput
3405 4880 3536 4932 dra-

1953 4968 2109 5022 conis
2132 4967 2183 5020 in
2210 4982 2396 5037 agrum
2417 4965 2633 5038 Pytltem
2650 4967 2804 5021 Caris
2820 4966 3038 5034 cadens,
3056 4979 3112 5024 et
3134 4969 3355 5024 allatum
3378 4986 3409 5025 a
3432 4970 3544 5043 Py-

1958 5058 2079 5110 thea
2114 5057 2255 5125 ipso,
2285 5057 2651 5125 magnitudine
2717 5058 2935 5112 maximi
2987 5060 3187 5114 taurini
3214 5064 3409 5131 capitis
3458 5066 3543 5121 vi-

1958 5146 2123 5201 disse.
2154 5147 2341 5201 Refert
2359 5148 2523 5202 etiam
2576 5148 3017 5219 Asclepiodoutm
3046 5152 3248 5209 vidisse
3272 5164 3321 5209 et
3355 5156 3538 5211 vivum

1959 5242 2244 5296 draconem
2268 5241 2552 5295 sublimem
2579 5242 2631 5296 in
2652 5256 2776 5299 aere
2794 5253 3125 5311 concretum,
3155 5260 3184 5303 a
3209 5257 3369 5303 vento
3399 5262 3545 5304 con-

1566 5434 1804 5492 VARUE
1845 5433 2247 5492 LECTIONES.

338 5555 387 5589 ³³
414 5556 481 5610 de
514 5555 654 5610 Doro
670 5555 793 5611 vide
820 5554 1037 5612 Suidam
1069 5555 1125 5609 lt.
1154 5569 1205 5609 v.
1280 5552 1326 5587 ”
1350 5551 1784 5625 miscuit/qvi}.
1831 5551 1905 5625 _"
1934 5569 1993 5625 τι
2017 5566 2155 5625 Δοιιι.
2183 5549 2245 5606 Β.
2272 5552 2366 5625 7A“
2395 5551 2728 5625 lugayttxbv
2756 5552 2894 5622 ἀέρα
2924 5551 3019 5625 καὶ
3042 5551 3437 5625 διεφθαρμένον
3467 5556 3533 5611 Β.

268 5627 314 5659 ’⁷
339 5626 638 5707 ἀπερέάγη
703 5626 762 5687 Β,
823 5627 1074 5695 ἀπεραγη
1108 5633 1135 5745 ὃ
1160 5642 1193 5693 η
1219 5628 1485 5682 correcto)
1514 5624 1578 5674 Α.

268 5697 339 5745 τά
362 5696 591 5745 Μυσων.
667 5697 686 5727 ³
713 5695 998 5745 ὀπισθίων]
1032 5712 1103 5745 πυ
1145 5695 1241 5745 ίων
1281 5690 1340 5745 Β.
1430 5692 1451 5722 ³
1480 5692 1578 5742 ὲπίλ

268 5697 339 5749 τὰ
362 5695 591 5749 Μυσῶν.
667 5697 686 5727 ³
713 5695 999 5763 ὀπισθίων]
1032 5712 1103 5747 πυ

1160 5642 1193 5693 η
1219 5628 1485 5682 correcto)
1514 5619 1578 5674 Α.
1648 5619 1724 5655 ’θ’
1751 5622 1888 5691 πρὸς
1920 5622 1980 5673 τὸ
2013 5619 2063 5690 β.
2094 5638 2152 5684 ς.
2267 5621 2313 5655 ’⁸
2344 5619 2657 5690 καταϐάτης
2705 5639 2763 5685 ς.
2829 5619 2838 5622 ’
2868 5624 2883 5653 ¹
2938 5623 3009 5677 cf.
3039 5619 3312 5679 Sniilas'v.
3343 5625 3531 5696 Χωρίς

1145 5695 1241 5746 ίων
1281 5690 1340 5749 Β.
1430 5692 1451 5722 ³
1480 5692 1708 5745 ἐπίτεκα
1727 5688 1893 5745 οὖσαν
1928 5706 2060 5759 mg.,
2088 5690 2321 5747 ἐπίτοκα
2338 5686 2506 5745 οὖσαν
2540 5691 2604 5758 C,
2634 5691 2822 5746 ἔπειτα
2836 5691 3161 5746 κλάουσανΒ
3196 5703 3251 5750 et
3277 5709 3426 5749 corr.
3458 5698 3538 5749 Α.

2267 5621 2313 5655 ’⁸
2344 5622 2657 5696 καταϐάτης
2705 5639 2763 5685 ς.
2831 5621 2837 5622 ⁷
2868 5624 2883 5696 ξ
2921 5623 3009 5696 _cl.
3039 5621 3312 5696 Stthlas'v.
3343 5625 3531 5696 Χωρίς

265 5762 291 5797 ⁸
313 5764 660 5836 μιλινόχρουν
684 5765 728 5819 Α
756 5783 767 5820 :
802 5759 1139 5835 μιλινόχρουν
1161 5780 1220 5825 ς.
1298 5763 1318 5793 ⁸
1346 5759 1483 5815 ἀλλά
1509 5762 1643 5832 πρὸς
1680 5762 1717 5814 Β
1751 5781 1764 5817 :
1806 5761 1939 5816 ἀλλὰ
1962 5760 2051 5814 καί
2083 5775 2142 5823 ς.
