4206 6436
724 388 867 452 1283

1789 386 2047 445 PllO'l‘ll
2075 384 2583 445 ΡΛΤΠΙᾹΠΟΠίΕ
2617 384 2721 442 CP.

3837 370 3988 439 ιεει

725 512 961 569 ceptum,
1008 500 1234 552 nubibus
1276 496 1619 548 condcnSatis
1659 496 1985 550 immobilem
2023 508 2188 558 stare,
2243 507 2295 547 ct

2419 514 2455 543 .v
2494 493 2667 557 σκότῳ
2721 490 2874 559 βαθεῖ
2899 487 3203 558 γράμματά
3245 503 3302 538 τε
3335 486 3717 551 ἀνεγίνωσκεν,
3753 487 3917 552 φησὶν
3943 487 3991 548 ⁸,

732 594 904 645 instar
950 590 1128 657 magni
1164 587 1307 639 conti
1350 598 1653 639 extensum.
1714 588 1860 639 Ilunc
1900 589 2081 656 itaque
2134 598 2187 639 et
2218 589 2295 637 vi-

730 683 893 742 disse,
924 680 1332 744 astantibnsque
1368 690 1692 743 monlrasse,
1725 692 1952 745 cumque
1986 678 2155 731 nubes
2189 694 2300 728 ma-

732 772 811 835 gis
878 769 1157 836 magisque
1218 768 1678 834 constiparentur,
1741 768 1910 820 feram
1993 769 2298 821 evanuisse.

732 860 974 912 Marinus
1012 860 1148 928 (l8).
1180 860 1370 925 inquit.
1427 860 1599 911 l'rocli
1649 875 1946 919 successor,
1981 874 2151 925 genus
2206 860 2302 911 dn-

731 950 891 1001 ci-bat
948 949 1165 1017 Neapoli
1222 948 1273 1000 in
1330 947 1647 1011 Palaestina,
1701 950 1852 1016 juxta
1916 962 2150 1002 montem
2216 949 2304 1001 cui

733 1056 925 1092 nomen
978 1038 1303 1106 llargarizns
1334 1039 1466 1103 (19).
1508 1039 1709 1091 Deinde
1762 1038 2163 1106 bIaSpliemans,
2202 1039 2305 1090 im-

734 1131 872 1197 pius,
940 1130 1133 1196 inquit,
1182 1129 1271 1181 ille
1318 1130 1553 1195 Scriptor
1604 1128 1786 1181 addit:
1846 1128 1901 1181 In
1956 1143 2064 1195 quo
2128 1138 2307 1182 monte

731 1216 877 1269 Jovis
920 1214 1117 1268 summi
1161 1216 1589 1269 sacratissimum
1666 1215 1919 1283 templum
1981 1226 2083 1280 est,
2134 1216 2204 1269 ibi
2255 1227 2308 1269 et

730 1309 1000 1360 Abraham
1052 1306 1163 1374 (‘20)
1199 1306 1407 1371 primus
1467 1308 1813 1372 antiquorum
1865 1306 2171 1359 Juilteormn
2218 1323 2307 1359 sa-

731 1407 912 1451 cratus
960 1398 1079 1457 fuit.
1116 1407 1170 1449 ut
1202 1398 1338 1449 idem
1388 1398 1520 1449 dixit
1607 1396 1868 1450 Marinus.
1932 1397 2310 1449 Samaritanus

736 1488 888 1539 initio
932 1486 1104 1540 factus
1148 1502 1265 1539 cum
1299 1496 1446 1540 esset
1479 1486 1739 1550 Marinus,
1772 1502 1953 1539 eorum
2000 1487 2308 1551 Opinionem

736 1578 1057 1645 repudiarit,
1116 1578 1267 1644 quasi
1327 1578 1392 1630 ab
1446 1577 1721 1630 Abraham
1793 1576 2075 1629 sacriﬁciis
2127 1590 2313 1629 recens

736 1670 787 1720 in
830 1684 1019 1721 novam
1076 1672 1459 1736 degenerasset
1531 1669 1875 1734 opinionem:
1945 1675 1999 1717 et
2031 1667 2093 1717 ad
2142 1667 2314 1734 genti—

735 1760 947 1814 lismum
1021 1775 1077 1812 se
1129 1760 1419 1812 convertit.
1479 1758 1861 1812 Verumtamen
1917 1757 2085 1810 labori
2138 1766 2191 1809 et
2232 1772 2313 1809 as-

2404 582 2530 633 ἇνευ
2592 582 2766 647 φωτὸς
2838 580 2932 631 καὶ
3016 579 3141 638 τοὺς
3193 577 3465 645 παρέντας
3520 573 3647 643 [562
3718 572 3812 641 IL]
3878 574 3995 624 τῶν

2406 671 2709 738 ἀνθρώπων
2768 670 3107 735 διεγίνωσκε.
3178 666 3434 733 Κεφαλὴν
3485 663 3613 730 γοῦν
3678 680 3804 714 ποτε
3861 664 3997 730 δρα-

2408 763 2657 813 κοντείαν
2717 762 2774 812 ὲν
2836 760 3018 827 Καρία
3082 758 3161 818 είς
3230 757 3396 825 ἀγρὸν
3450 752 3722 805 πεσοῦσαν
3782 753 3994 804 Πυθέου

2405 852 2498 903 τοῦ
2559 852 2774 919 Καρὸς,
2834 850 3142 918 ἐνεχθεῖσαν
3189 848 3246 898 δὲ
3298 846 3448 914 αὐτῷ
3506 846 3585 913 τῷ
3630 844 3843 913 Πυθέᾳ,
3894 844 3996 896 καὶ

2409 945 2567 1001 αὐτὸς
2594 943 2698 1009 ἔφη
2722 941 3017 995 θεάσασθαι
3044 940 3271 1009 μέγεθος
3302 935 3465 991 οὖσαν
3493 936 3694 1006 ταύρου
3732 935 3996 1004 μεγίστου

2411 1035 2551 1087 κατὰ
2603 1034 2868 1101 κεφαλήν.
2930 1032 3078 1084 Ἰδεῖν
3139 1032 3195 1082 δὲ
3244 1030 3335 1081 τὸν
3386 1027 3838 1095 ’Λσκληπιόδοτον
3894 1027 3997 1079 καί

2409 1124 2587 1189 ζῶντα
2617 1125 2884 1191 δράκοντα
2932 1122 3203 1191 μετέωρον
3244 1120 3303 1171 ὲν
3348 1120 3470 1186 ἀέρι
3521 1120 3773 1185 συννεφεῖ
3809 1133 3995 1186 πεπη-

2409 1220 2542 1284 γότα
2574 1220 2668 1270 καὶ
2703 1214 3131 1285 συνειλημμένον
3172 1214 3276 1265 ὑπὸ
3304 1213 3399 1265 τοῦ
3431 1213 3741 1280 πνεύματος
3776 1255 3789 1270 .
3830 1214 3889 1264 ὲν
3924 1215 3995 1281 τῇ

2413 1307 2708 1373 πυκνότητι
2731 1306 2839 1356 τῶν
2870 1304 3047 1371 νεφῶν
3072 1302 3329 1371 ἀκίνητον
3361 1304 3591 1365 ἑστῶτα,
3621 1302 3745 1353 ὅσον
3772 1301 3834 1369 δὴ
3864 1318 3994 1353 κον-

2412 1395 2501 1444 τὸν
2534 1410 2654 1445 τινα
2688 1394 2861 1460 μέγαν
2903 1392 3333 1461 ἁποτεταμένον.
3391 1392 3542 1443 Ἰδεῖν
3573 1408 3631 1442 τε
3660 1390 3867 1452 τοῦτον,
3903 1391 3997 1442 καὶ

2414 1481 2678 1544 ἐπιδεῖξαι
2704 1483 2797 1533 καὶ
2819 1484 2931 1543 τοῖς
2954 1481 3210 1549 παροῦσι,
3235 1479 3630 1533 πυκνωθέντων
3658 1480 3715 1532 δὲ
3747 1481 3836 1530 ἐπὶ
3863 1478 3999 1547 μᾶλ-

2415 1572 2501 1623 λον
2525 1572 2633 1622 τῶν
2666 1572 2839 1638 νεφῶν
2867 1572 3227 1639 ἀφανισθῆναι
3268 1572 3328 1623 τὸ
3360 1572 3567 1638 θηρίον.
3606 1572 3728 1622 Ὀτι
3756 1574 3783 1622 6
3816 1571 3997 1623 διάδο-

2417 1680 2508 1730 χος
2543 1662 2805 1729 Πρόκλου,
2839 1663 3024 1730 φησὶν,
3054 1664 3081 1713 6
3109 1664 3368 1731 Μαρῖνος,
3398 1662 3551 1727 γένος
3587 1658 3654 1730 ἦν
3683 1661 3791 1713 ἀπὸ
3818 1663 3916 1729 τῆς
3939 1664 3999 1713 ὲν

2419 1751 2745 1818 Παλαιστίνῃ
2791 1751 2935 1809 Νέας
2971 1750 3199 1814 πόλεως,
3248 1751 3383 1816 πρὸς
3424 1750 3539 1819 ὄρει
3578 1751 3997 1819 κατῳκισμένης

734 1850 901 1903 siduis
966 1850 1109 1903 curis
1174 1851 1528 1913 incumbens,
1581 1850 1870 1903 multorum
1950 1849 2112 1901 etiam
2164 1848 2312 1914 inge—

2421 1841 2499 1907 τῷ
2534 1842 2843 1911 Ἀργαρίζῳ
2867 1841 3209 1909 καλουμένῳ.
3238 1836 3369 1893 Εἶτα
3397 1839 3730 1908 βλασφημῶν
3752 1842 3779 1892 6
3804 1841 3998 1892 δυσσε-

735 1942 1163 1994 niosissimorunt
1228 1950 1281 1994 et
1351 1941 1848 2008 antiquissimorum
1917 1941 2142 2009 gloriam
2210 1954 2309 1991 suo

735 2030 948 2081 nemine
995 2031 1235 2082 Marinus
1264 2030 1590 2082 obscuravit.
1639 2030 1816 2081 Noluit
1860 2044 1986 2082 vero
2033 2029 2178 2082 illum
2213 2027 2311 2080 lsi-

733 2119 899 2170 dorus
938 2120 1270 2189 interrOgare
1307 2121 1620 2173 inlirmitate
1657 2122 1899 2188 corporis
1948 2122 2305 2181 laborantem,

734 2220 983 2263 metuens
1032 2227 1097 2265 ne
1154 2212 1316 2265 homo
1377 2215 1705 2266 turbaretur.
1750 2211 1790 2264 Ε
1848 2212 2006 2264 dictis
2048 2218 2311 2263 tamenet

732 2300 953 2367 scriptis
1007 2300 1122 2367 ejus
1162 2302 1299 2367 (quae
1324 2316 1428 2353 non
1462 2303 1747 2356 admodum
1780 2302 1942 2353 multa
1970 2300 2117 2368 sunt)
2157 2298 2314 2351 facile

732 2400 849 2441 erat
906 2390 1159 2457 colligere
1214 2391 1476 2443 Marinum
1552 2407 1657 2445 non
1714 2390 1997 2444 fecundum
2048 2401 2102 2441 et
2150 2390 2315 2456 probe

735 2480 1018 2531 subactum
1048 2493 1352 2533 noemalum
1386 2498 1571 2548 agrum
1606 2480 1773 2534 fuisse
1796 2523 1808 2544 ,
1840 2482 1928 2549 qui
1958 2489 2193 2548 segetem
2225 2494 2314 2531 sa-

738 2569 933 2635 pientis
964 2586 1141 2622 rcrum
1168 2573 1488 2625 naturalium
1519 2572 1994 2639 contemplationis
2024 2568 2315 2638 proferret.

2422 1931 2523 1997 6ης
2556 1948 2718 1998 φησιν
2741 1933 2767 1981 ὀ
2807 1932 3177 1998 συγγραφεὺς,
3208 1932 3263 1981 ὲν
3286 1924 3330 1996 ᾧ
3359 1932 3477 1991 Διὸς
3500 1930 3723 1996 ὑψίστου
3757 1929 3999 1995 ἁγιώταο

2417 2036 2507 2071 τον
2542 2018 2704 2087 ἱερὸν,
2730 2010 2772 2083 ᾧ
2799 2018 3099 2087 καθιέρωτο
3138 2019 3419 2085 Ἀδραμος
3457 2022 3483 2070 ὁ
3524 2019 3632 2069 τῶν
3680 2018 3845 2070 πάλαι
3912 2017 4000 2071 Ἐν

2420 2111 2625 2179 ϐραίων
2660 2111 2941 2176 πρόγονος,
2968 2109 3042 2171 ὡς
3070 2110 3229 2171 αὐτὸς
3256 2109 3440 2175 ἔλεγεν
3471 2112 3497 2161 6
3520 2111 3781 2179 Μαρίνος.
3810 2110 3997 2177 Σαμα-

2421 2202 2602 2271 ρείτης
2637 2198 2727 2253 οὖν
2755 2202 2813 2252 τὸ
2841 2201 2935 2253 ἀπ’
2964 2200 3138 2268 ἀρχῆς
3168 2202 3194 2252 6
3225 2203 3463 2269 Μαρῖνος
3486 2201 3723 2268 γεγονὼς
3750 2240 3765 2261 ,
3793 2202 4000 2254 ἀπετά-

2421 2294 2547 2357 ξατο
2592 2293 2687 2361 μὲν
2734 2292 2867 2362 πρὸς
2907 2292 3003 2359 τὴν
3040 2291 3261 2343 ἐκείνων
3292 2292 3470 2356 δόξαν,
3503 2294 3597 2345 ἆτε
3631 2295 3709 2354 είς
3755 2306 4003 2345 καινοτο-

2424 2385 2554 2454 μίαν
2577 2384 2683 2436 ἀπὸ
2710 2386 2807 2452 τῆς
2846 2383 3122 2452 Ἀϐράμου
3153 2383 3443 2453 θρησκείας
3471 2384 3490 2413 ⁷
3513 2386 3907 2455 άπορῤυεῖσαν,
3932 2384 4001 2436 τά

2420 2476 2476 2527 δὲ
2550 2475 2813 2541 Ἑλλήνων
2857 2475 3161 2543 ἠγάπησεν.
3196 2474 3385 2541 Ὅμως
3430 2475 3713 2543 φιλοπονία
3756 2477 3776 2506 ⁸
3809 2492 3867 2526 τε
3908 2474 4002 2527 καὶ

2420 2566 2670 2635 ἀτρύτοις
2696 2566 2871 2625 πόνοις
2896 2566 3209 2633 ἐγκείμενος
3245 2567 3619 2634 εὐφυεστέρων
3650 2566 3751 2633 ἤδη
3789 2565 4001 2617 πολλῶν

736 2660 828 2712 καὶ
870 2660 978 2710 τῶν
1041 2662 1426 2731 πρεσϐυτέρων
1488 2666 1765 2732 κατέχωσε
1812 2662 1966 2725 δόξας
2016 2660 2095 2728 τῷ
2140 2658 2334 2711 ἑαυτοῦ
2395 2658 2616 2724 ὀνόματι
2682 2657 2709 2706 6
2776 2657 3036 2723 Μαρῖνος.
3085 2658 3197 2708 Οὐκ
3259 2656 3344 2706 εἴα
3382 2656 3437 2707 δὲ
3493 2656 3655 2707 αὑτὸν
3709 2658 3919 2724 ἐρωτᾷν
3974 2659 4003 2707 6

748 2753 1013 2822 Ἰσίδωρος
1066 2754 1315 2823 ἀσθενείᾳ
1353 2754 1601 2822 σώματος
1662 2754 2076 2823 ἐνοχλούμενον,
2112 2752 2367 2819 εύλαδεία
2402 2750 2493 2800 τοῦ
2534 2748 2819 2816 ὀχλώδους.
2858 2748 3002 2815 Πλὴν
3050 2750 3078 2799 6
3125 2750 3365 2817 Μαρῖνος
3406 2749 3465 2812 ἐξ
3489 2743 3562 2801 ὧν
3591 2765 3649 2799 τε
3679 2750 3698 2779 ³
3734 2749 4008 2815 διελέγετο

738 2843 833 2895 καὶ
864 2844 920 2905 ἐξ
944 2837 1016 2893 ῶν
1042 2843 1276 2910 ἔγραψεν
1304 2845 1479 2911 (ὀλίγα
1508 2846 1563 2897 δὲ
1608 2846 1781 2897 ταῦτά
1838 2846 1972 2912 ἐστι)
1995 2845 2149 2910 δῆλος
2173 2840 2240 2913 ἦν
2275 2844 2335 2894 οὐ
2374 2842 2588 2909 βαθεῖαν
2610 2839 2822 2891 αὔλακα
2848 2838 2953 2891 τῶν
2980 2840 3265 2906 νοημάτων
3295 2838 3672 2908 καρπούμενος
3698 2876 3712 2899 ,
3746 2836 3809 2902 ἐξ
3832 2832 3907 2891 ὧν
3935 2836 4005 2889 τὰ

741 2934 880 2997 σοφά
922 2930 1208 2997 βλαστάνει
1257 2930 1502 2997 θεάματα
1536 2934 1629 2998 τῆς
1659 2933 1765 2983 τῶν
1796 2932 1960 2983 ὄντων
1988 2936 2221 2999 φύσεως.

813 3021 1132 3075 Ptolemaeus
1182 3021 1292 3090 (2|)
1346 3025 1723 3076 astronomiae
1779 3024 2016 3077 scientiae
2064 3024 2383 3091 princepsc

740 3109 979 3175 scripsit,
1013 3117 1068 3161 ut
1106 3108 1342 3175 loquitur
1374 3110 1548 3170 Plato,
1594 3110 1787 3176 placita
1839 3111 2197 3179 interpretum
2252 3112 2316 3165 ad

742 3199 1036 3252 senectutis
1097 3199 1444 3261 oblivionem,
1490 3199 1802 3267 relinquens
1845 3202 1944 3254 sibi
1981 3211 2032 3254 et
2082 3202 2317 3255 condens

743 3300 1113 3343 mOnumunta.
1166 3289 1361 3360 356a
1399 3291 1622 3345 Proclus
1645 3292 1835 3345 videns
1866 3294 2026 3346 istum
2050 3291 2319 3345 deﬂexum

744 3380 1007 3446 corporis,
1061 3382 1392 3433 adolescenti
1449 3382 1661 3435 metuit.
1716 3381 1810 3435 llic
1853 3384 2018 3449 igitur
2057 3394 2319 3447 mortuus,

747 3476 873 3521 tunc
896 3470 1105 3533 beatus,
1134 3471 1333 3534 anima,
1358 3472 1596 3539 inquam,
1621 3474 1921 3541 animaeque
1942 3476 2115 3543 Unago
2138 3485 2320 3543 aperte

746 3558 878 3611 mihi
908 3558 957 3611 in
998 3560 1096 3612 hoc
1133 3560 1368 3613 scabello
1400 3562 1607 3614 sedenti
1641 3563 1818 3617 astitit
1848 3580 1861 3616 :
1894 3565 2114 3617 credere
2139 3573 2318 3618 autem

745 3658 960 3715 oportet
1001 3650 1259 3712 sermoni,
1302 3664 1459 3717 quem
1511 3651 1651 3703 visio
1706 3651 2007 3719 philosophi
2057 3652 2317 3721 principis

748 3738 1039 3792 confirmat
1076 3748 1129 3792 et
1170 3754 1357 3793 recens
1388 3740 1613 3793 alterius
1643 3739 1783 3793 fama
1812 3754 1934 3794 vere
1952 3742 2170 3794 secandi
2205 3754 2324 3810 post

749 3829 895 3881 illum
933 3838 985 3880 et
1033 3830 1255 3899 insuper
1288 3833 1483 3884 tertius
1515 3843 1825 3899 suggestus,
1852 3842 1905 3886 et
1932 3835 2021 3901 qui
2054 3836 2163 3887 hate
2188 3836 2323 3887 scri-

747 3920 851 3985 psit
876 3929 1093 3987 propter
1121 3936 1307 3973 eorum
1338 3936 1455 3988 qua:
1484 3922 1873 3985 nuntiavimus,
1904 3938 2152 3990 pompam
2178 3924 2322 3977 veri-

750 4011 873 4062 tatis
905 4011 1223 4063 studiosam.
1258 4011 1476 4066 Proclus
1520 4027 1579 4065 ea
1615 4026 1727 4080 spe,
1770 4027 1929 4079 quam
1963 4014 2028 4066 de
2056 4027 2116 4065 se
2138 4014 2320 4066 conci-

748 4108 887 4151 tarat
930 4114 1025 4152 nec
1057 4098 1294 4153 Platonis
1330 4093 1669 4166 dignitatem
1699 4102 2001 4167 aspernari,
2050 4116 2148 4153 nec
2177 4100 2323 4154 Jam-

748 4187 935 4250 bliclii,
967 4204 1063 4243 nec
1094 4187 1364 4242 Plutarchi
1387 4190 1647 4257 judicium
1672 4204 2004 4258 oppugnare,
2032 4205 2129 4242 nec
2160 4204 2321 4256 supra

748 4281 1105 4334 communiter
1126 4282 1255 4333 utile
1279 4282 1567 4334 consilium
1599 4296 1789 4349 sapere
1825 4283 2021 4348 potuit:
2042 4282 2133 4335 sed
2154 4298 2323 4349 quan-

752 4381 862 4422 tum
896 4371 1173 4425 crescebat
1203 4372 1428 4424 instituti
1472 4373 1783 4439 magnitudo
1814 4373 1864 4423 in
1898 4372 2143 4436 dicendo,
2176 4382 2321 4426 tanto

752 4464 926 4515 minus
976 4466 1302 4531 persuadere
1356 4464 1457 4516 sibi
1514 4465 1818 4532 patiebatur
1866 4464 2123 4529 Isidorus,
2179 4468 2320 4532 quod

752 4554 927 4622 majus
952 4564 1097 4608 esset
1122 4569 1281 4617 onus,
1311 4568 1471 4622 quam
1504 4552 1647 4607 ferre
1672 4564 1867 4621 posset.
1897 4554 2171 4608 Sollicitus
2196 4570 2321 4609 vero

751 4654 868 4698 erat
898 4643 1123 4698 Proclus
1152 4644 1217 4697 de
1253 4659 1417 4697 aurea
1464 4657 1648 4697 revera
1684 4642 1923 4696 Platonis
1954 4654 2144 4697 catena
2183 4644 2318 4713 (Ξῖ),

755 4748 821 4786 ne
854 4732 1011 4786 nobis
1040 4734 1225 4786 urbem
1268 4733 1651 4786 Atheniensem
1709 4732 2057 4798 relinqueret.
2110 4731 2321 4785 Sollici-

758 4832 840 4875 tus
862 4823 1024 4876 etiam
1064 4823 1131 4877 de
1156 4821 1360 4875 Marino
1392 4832 1612 4892 propter
1643 4822 1889 4890 corporis
1924 4820 2314 4877 inﬁrmitatem.

2350 4339 2401 4395 D

2514 3022 2571 3073 '0
2605 3023 2817 3090 ἄριστος
2848 3021 3070 3090 ἡγεμὼν
3094 3022 3424 3089 Πτολεμαῖος
3443 3021 3543 3087 τῆς
3569 3021 4007 3090 άστροθεάμονος

2422 3112 2749 3180 ἐπιστήμης.
2790 3112 2869 3163 Τά
2900 3112 3201 3180 ἀρέσκοντα
3246 3116 3357 3173 τοῖς
3410 3111 3703 3179 ἐξηγηταῖς
3752 3112 4007 3180 ἀπεγρά-

2424 3217 2574 3267 φετο,
2607 3203 2685 3262 εἰς
2714 3200 2773 3251 τὸ
2799 3202 2895 3269 τῆς
2934 3201 3104 3269 λήθης
3138 3204 3332 3271 γῆρας,
3357 3201 3430 3262 ὼς
3460 3201 3562 3269 ἔφη
3590 3202 3839 3265 Πλάτων,
3872 3204 4006 3254 ὑπο-

2426 3291 2689 3358 μνήματα
2765 3292 2806 3320 ”
2839 3291 3180 3342 καταλείπων
3230 3292 3406 3358 ἑαυτῷ
3441 3291 3536 3342 καὶ
3572 3290 4011 3358 ἁποθησαυριζό-

2426 3398 2605 3448 μενος.
2656 3382 2765 3432 Καὶ
2820 3380 2917 3449 τὴν
2961 3380 3055 3431 τοῦ
3098 3380 3347 3448 σώματος
3383 3382 3657 3448 ἀπορροὴν
3708 3380 3924 3448 βλέπων
3980 3381 4010 3431 6

2424 3470 2662 3539 Πρόκλος
2688 3470 2873 3521 ἐδεδίει
2892 3472 3018 3539 περὶ
3037 3470 3113 3539 τῷ
3135 3471 3414 3539 νεανίσκῳ.
3434 3472 3488 3521 Ὀ
3514 3472 3686 3521 τοίνυν
3704 3471 4007 3539 τεθνηκὼς,

2424 3564 2451 3614 6
2490 3564 2719 3633 εὐτυχὴς
2749 3558 2900 3623 οὗτος
2947 3562 3060 3626 νῦν,
3093 3565 3123 3628 ή
3155 3562 3299 3630 ψυχή
3336 3580 3475 3631 φημι
3503 3564 3596 3614 καὶ
3623 3563 3680 3613 τ’)
3707 3564 3808 3630 τῆς
3830 3564 4011 3633 ψυχῆς

2425 3655 2666 3719 εῖδωλον,
2704 3654 2945 3723 παρέστη
2982 3670 3071 3721 μοι
3102 3654 3407 3721 ἀναφανδὸν
3437 3656 3528 3703 ἐπὶ
3546 3653 3698 3704 τοῦδε
3723 3655 3820 3705 τοῦ
3852 3656 4013 3722 σκίμ-

2426 3746 2585 3807 ποδος
2613 3744 2979 3811 ἀνακειμένῳ.
3014 3745 3289 3795 Ἀπιστεῖν
3321 3743 3376 3795 δὲ
3408 3745 3468 3793 οὑ
3500 3742 3707 3795 δίκαιον
3745 3742 3823 3812 τῷ
3850 3746 4008 3812 Λόγῳ

2426 3834 2799 3904 βεϐαιουμένῳ
2826 3832 2929 3902 θέα
2955 3849 3012 3884 τε
3042 3835 3264 3901 ὲναργεῖ
3282 3831 3373 3883 τοῦ
3403 3834 3698 3899 κορυφαίου
3724 3833 3892 3899 σοφοῦ
3918 3836 4009 3888 καὶ

2424 3924 2562 3993 ἀκοῇ
2594 3925 2895 3992 προσφάτῳ
2930 3923 3019 3974 τοῦ
3049 3923 3299 3991 δευτέρου
3328 3924 3443 3989 μετ’
3475 3924 3681 3975 ἐκεῖνον
3711 3926 3849 3993 πρὸς
3879 3925 4013 3997 ἀλή-

2429 4014 2582 4066 θειαν
2635 4014 2698 4077 ¹¹,
2740 4014 2833 4066 καὶ
2872 4012 2953 4064 ἔτι
2995 4012 3070 4081 τῷ
3100 4012 3268 4081 τρίτῳ
3308 4012 3513 4081 βήματι
3552 4014 3646 4064 καὶ
3674 4015 3755 4073 εἰς
3804 4014 4009 4085 ταύτην

2430 4104 2833 4171 καταϐεϐηκότι
2861 4102 2959 4171 τὴν
2987 4103 3308 4172 συγγραφὴν
3332 4102 3435 4154 ὑπὸ
3466 4093 3533 4169 τῇ
3564 4101 3851 4168 φιλαλήθει
3871 4120 4011 4172 πομο

2426 4198 2501 4264 πῇ
2538 4195 2634 4262 τῆς
2669 4194 2806 4261 ἐμῆς
2838 4192 3115 4259 ἀγγελίας.
3148 4192 3253 4244 Καὶ
3291 4193 3319 4243 6
3352 4190 3593 4260 Πρόκλος
3619 4190 3864 4242 ἐπεδίδου
3892 4194 4009 4254 ταῖς

2428 4286 2507 4344 εἰς
2538 4283 2696 4335 αὑτὸν
2727 4283 2959 4351 ὁρώσαις
2988 4281 3166 4332 ἐλπίσι
3200 4281 3332 4351 μηδὲ
3361 4282 3420 4332 τὸ
3452 4278 3544 4332 τοῦ
3579 4280 3864 4343 Πλάτωνος
3890 4283 4008 4333 άτι-

2432 4374 2622 4440 μάζειν
2674 4372 2908 4440 ἀξίωμα,
2963 4371 3096 4439 μηδὲ
3139 4371 3236 4439 τὴν
3298 4370 3603 4439 Ἰαμὸλίχου
3642 4374 3821 4439 κρίσιν
3875 4372 4007 4439 μηδὲ

2426 4463 2525 4529 τὴν
2572 4463 2920 4529 Πλουτάρχου
2964 4460 3427 4522 κατανωτίξεσθαι
3470 4462 3534 4525 η,
3565 4461 3683 4529 μηδ’
3710 4456 3777 4513 αὖ
3822 4462 4005 4527 μεῖζον

2431 4552 2645 4619 φρονεῖν
2684 4550 2781 4619 τῆς
2822 4549 3184 4617 κοινωφελοῦς
3243 4549 3635 4618 προαιρέσεως.
3707 4550 3851 4603 Ἀλλ’
3893 4551 4005 4618 ὅσῳ

2424 4640 2618 4708 ηἰξετο
2639 4640 2735 4707 τῆς
2764 4640 3008 4709 διαδοχῆς
3038 4640 3097 4691 τὸ
3126 4641 3165 4671 ¹³
3200 4640 3427 4709 μέγεθος
3454 4641 3510 4691 ὲν
3540 4639 3615 4707 τῷ
3648 4639 3788 4707 λόγῳ
3807 4679 3821 4703 ,
3851 4637 4003 4713 [565]

2426 4732 2662 4794 τοσούτῳ
2693 4732 2891 4801 μᾶλλον
2930 4733 2958 4783 6
3029 4731 3292 4801 Ἰσίδωρος
3334 4734 3463 4801 πρὸς
3517 4732 3615 4801 τὴν
3669 4732 3843 4783 πειθὼ
3886 4749 4007 4782 συνο

2426 4823 2700 4875 εστέλλετο
2736 4822 2919 4893 μεῖζόν
2950 4839 3011 4890 γε
3044 4822 3101 4875 ὃν
3124 4822 3245 4878 καθ’
3274 4824 3463 4876 ἑαυτὸν
3487 4822 3723 4893 ἄρασθαι
3764 4820 4004 4893 φορίον.

2030 4929 2267 4985 ΥΑΙίΙᾹΞ
2300 4931 2704 4988 LECTIONES.

847 5021 865 5049 ⁸
897 5021 1060 5089 φησὶν
1089 5021 1210 5074 add.
1241 5023 1303 5073 Α.

756 5100 807 5140 ι·ι
842 5092 965 5141 τῶν.
1042 5091 1061 5119 ⁹
1093 5108 1146 5140 τε
1179 5092 1299 5143 add.
1328 5090 1390 5143 Α.

762 5178 903 5225 ματα
934 5160 1243 5210 καταλιπών
1286 5178 1341 5222 ς.

762 5232 803 5258 ¹³
825 5229 1072 5297 διαδοχῆς
1112 5230 1170 5282 τὸ
1198 5233 1275 5281 A:
1304 5229 1583 5299 διαγωγῆς
1626 5246 1686 5291 ς.

1382 5022 1401 5051 ⁷
1429 5019 1730 5119 θρησκείας
1752 5018 2072 5119 flii-436a}
2098 5038 2220 5119 Ξῖ-
2247 5023 2267 5053 ⁸
2294 5023 2592 5119 (92.0}?th.
2610 5022 2803 5119 solidas
2833 5040 2901 5111 ν..
2925 5026 3209 5119 Ἀτρυτος,
3252 5024 3340 5091 qui
3369 5039 3487 5119 mpx
3525 5025 3781 5119 οιιι..1¹γδηΔ
3794 5027 4007 5119 πολλῶν

1492 5094 1533 5119 ¹⁰
1570 5094 1929 5157 ὑπομνήματα
1956 5094 2297 5143 καταλείπων
2333 5094 2522 5145 Snidas
2565 5108 2612 5145 ν.
2666 5094 2841 5163 Λήθη,
2882 5095 3248 5163 ὑπομνήματα
3275 5094 3591 5147 καταλιπὼν
3636 5098 3677 5146 Δ
3703 5111 3718 5147 :
3748 5098 4003 5168 ἀπομνη-

1444 5160 1481 5189 ¹¹
1522 5160 1655 5229 πρὸς
1682 5159 1937 5228 ἀλήθειαν
1992 5160 2109 5228 μετ’
2136 5162 2341 5213 ἐκεῖνον
2374 5178 2432 5224 ς.
2516 5164 2556 5193 ι’
2587 5164 3058 5215 κατανωτίσασθαι
3120 5164 3312 5217 Suidas
3372 5166 3425 5217 lt.
3456 5180 3508 5216 v.
3565 5174 3619 5217 et
3650 5180 3776 5219 mox
3815 5168 4003 5229 μείζω.

2516 5164 2556 5193 ι’
2587 5164 3058 5215 κατανωτίσασθαι
3120 5164 3312 5217 Suidas
3372 5166 3425 5217 li.
3456 5180 3508 5216 v.
3565 5174 3619 5217 et
3650 5180 3776 5219 mox
3815 5164 4004 5235 μείζω.

2298 5337 2532 5393 NOTAE.

832 5429 940 5496 (l8)
978 5430 1211 5482 Marinus
1263 5428 1431 5482 Procli
1487 5444 1805 5483 successor:
1860 5429 2012 5497 cujus
2049 5437 2226 5484 exstat
2265 5431 2329 5483 de

763 5502 868 5551 vita
906 5500 1072 5551 l'l‘Ot'll
1116 5500 1252 5550 illius
1293 5500 1537 5551 aureolus
1584 5499 1810 5552 libellus.

834 5569 943 5635 (19)
992 5569 1140 5620 Mons
1178 5572 1225 5617 in
1258 5571 1426 5621 Sacris
1476 5568 1695 5621 Litteris
1751 5568 1993 5623 Garizin.
2055 5567 2208 5624 Deut.
2244 5585 2323 5636 ιι,

765 5636 863 5697 ἳθς
929 5638 1101 5690 Jntlic.
1136 5652 1210 5695 ιι,
1255 5637 1315 5696 7;
1368 5648 1421 5689 et
1463 5636 1503 5688 ll
1561 5636 1802 5694 Macltab.
1854 5642 2009 5703 “,2.

843 5706 954 5776 (‘20)
988 5709 1325 5762 Abrabainus
1360 5709 1687 5775 patriarcha.

2511 5431 2625 5499 (2i)
2653 5431 2970 5487 Ptolemzrns
2992 5433 3312 5501 astrologus.
3335 5433 3468 5490 Tres
3486 5434 3571 5489 hic
3590 5449 3783 5491 versus
3795 5438 4005 5495 aliunde

2440 5502 2737 5555 inculcatos
2780 5503 2919 5574 docti
2972 5503 3352 5574 observarunt,
3403 5516 3459 5561 et
3502 5506 3686 5561 luxata
3728 5515 3897 5563 multa
3942 5524 4003 5564 ac

2438 5575 2753 5625 detruncata
2784 5572 2834 5622 in
2867 5572 2964 5624 hac
2998 5573 3105 5638 ipsa
3129 5574 3259 5625 vita.

2510 5639 2618 5708 (Ἡ)
2654 5638 2911 5694 Proverb.
2940 5650 2992 5694 et
3023 5640 3241 5695 llomer.
