4206 6436
713 384 844 448 1287

1846 384 2113 446 PHO'I‘II
2151 384 2659 446 PATIIIARCH/E
2698 389 2807 451 (ΣΡ.

3844 386 3985 453 1288

706 502 872 563 cavit,
910 509 962 553 et
997 501 1138 571 quod
1170 501 1243 555 illi
1279 502 1461 556 minus
1488 502 1699 567 fideret,
1733 502 2019 571 quiescere
2048 517 2153 555 non
2195 516 2291 570 po-

2396 504 2579 565 Δειλδς
2619 506 2663 537 ³³
2699 507 2753 557 δέ
2782 508 2857 559 ὢν
2884 508 2913 561 6
2943 507 3127 578 Ζήνων
3158 508 3318 577 φύσει
3346 509 3440 561 καὶ
3468 508 3560 560 τὸν
3628 506 3809 560 ῐλλο)ν
3838 507 3982 576 ὁρῶν

708 597 867 653 terat,
912 591 1007 643 sed
1058 592 1310 645 omnibus
1360 592 1534 645 modis
1569 594 1820 657 tentavit,
1847 606 2147 659 omnesque
2185 607 2300 644 ma-

706 680 893 731 chinas
924 680 1167 733 adhibuit
1216 681 1384 746 Zeno,
1418 691 1476 733 ut
1517 682 1665 733 illum
1694 691 1992 736 amoveret.
2026 680 2130 734 Sed
2155 682 2299 747 prin-

705 784 833 837 ceps
873 772 1012 823 inter
1046 786 1137 823 eos
1168 773 1258 839 qui
1290 788 1467 826 rerum
1502 774 1807 841 patiebatur
1834 772 2027 826 Petrus
2054 773 2296 838 nomine,

708 864 789 913 vir
829 862 1108 929 impudens
1134 873 1188 913 et
1225 863 1502 931 improbus
1536 882 1550 917 :
1582 864 1737 930 cujus
1759 871 1878 916 erat
1902 862 2045 916 forte
2078 862 2292 927 Opinio-

706 968 827 1006 nem
851 956 1281 1018 examinare,sed
1312 956 1532 1009 forsitan
1557 963 1613 1010 et
1634 956 1722 1009 hic
1740 956 2019 1009 evicerunt
2043 954 2295 1021 Pampre-

706 1046 775 1111 pii
802 1044 999 1115 357a
1033 1047 1174 1101 lenta
1224 1062 1437 1115 semper
1470 1062 1725 1117 responsa
1752 1057 1807 1101 et
1844 1047 2055 1115 longius
2093 1046 2290 1099 bellum

706 1141 1100 1204 protrahentia.

2395 596 2453 645 ὲν
2491 595 2615 667 δίκῃ
2653 599 3019 669 ἀγαπώμενον
3049 602 3143 653 καὶ
3166 602 3311 670 μέγα
3338 601 3437 671 ἤδη
3471 600 3766 667 δυνάμενον
3793 600 3860 661 ³⁸,
3888 602 3982 652 εύ-

2395 686 2611 740 λαϐεῖτο
2646 693 2775 759 περὶ
2799 693 2949 761 αύτῷ
2980 694 3043 756 ³⁸,
3077 695 3170 746 καὶ
3202 695 3267 745 δι’
3295 694 3554 745 ἀπιστίαν
3583 694 3627 725 ⁸⁸
3649 694 3745 761 οὐχ
3776 687 3887 753 οἶός
3920 711 3982 745 τε

2395 768 2463 842 ἦν
2508 776 2761 844 ἠρεμεῖν,
2812 779 2948 831 ἀλλά
2996 780 3173 841 πάσας
3216 780 3369 842 ὁδοὺς
3418 778 3616 849 διεξῄει
3670 780 3764 831 καὶ⁵
3805 780 3984 839 πάσας

2396 864 2592 918 έπλεκε
2626 870 2875 936 μηχανὰς
2899 870 3046 932 ὅπως
3078 870 3142 923 ἂν
3170 870 3412 923 ἐκποδὼν
3442 874 3721 939 ποιήσοιτο
3748 870 3841 922 τὸν
3873 869 3983 921 Ἰλ-

2400 956 2526 1009 λουν
2549 960 2577 1010 6
2607 960 2811 1028 Ζήνων.
2856 960 2915 1014 ’0
2943 961 2998 1013 δέ
3020 960 3127 1013 τῶν
3148 961 3491 1030 κρατούντων
3518 963 3561 994 ³⁷
3586 962 3687 1030 τῆς
3708 960 3983 1021 πολιτείας

2400 1050 2624 1119 ἡγεμὼν
2644 1052 2741 1121 τὴν
2756 1052 2912 1116 δόξαν
2935 1054 3254 1106 ἐπισκοπεῖν
3277 1052 3530 1123 είληχὼς,
3556 1054 3727 1122 ὄνομα
3751 1053 3978 1121 Πέτρος,

2399 1142 2540 1211 ἀνὴρ
2590 1145 2783 1212 ίταμδς
2842 1145 2918 1197 ὢν
2967 1150 3059 1198 καὶ
3098 1147 3483 1218 περιπόνηρος.
3539 1147 3681 1200 Ἀλλ’
3718 1145 3849 1206 ίσως
3888 1144 3985 1196 καὶ

706 1228 937 1281 ἐνταῦθα
968 1229 1230 1299 ἐκράτουν
1261 1228 1424 1301 [I060
1460 1228 1554 1301 IL]
1577 1231 1625 1283 οἱ
1646 1228 2015 1300 Παμπρεπίου
2040 1227 2277 1297 χρησμοὶ
2310 1226 2667 1297 βλακεύοντες
2706 1236 2749 1266 ³³
2780 1237 2867 1288 ἀεὶ
2897 1237 2991 1288 καὶ⁵
3021 1237 3410 1300 ἀναϐάλλοντες
3468 1239 3546 1299 είς
3609 1236 3839 1307 χρόνους
3891 1234 3981 1286 τὸν

706 1319 964 1386 πόλεμον.

775 1412 1124 1480 Pamprepius
1146 1413 1196 1465 iu
1220 1410 1453 1482 [Egypto
1478 1426 1666 1482 agens,
1697 1412 1903 1467 Isidoro
1924 1412 2103 1466 verbis
2125 1413 2292 1482 signi-

706 1503 885 1557 ﬁcavit
910 1504 1050 1571 quod
1084 1520 1187 1558 non
1220 1504 1424 1558 faveret
1464 1505 1594 1567 Illo;
1636 1507 1729 1558 sed
1770 1506 1881 1574 jam
1928 1507 2287 1573 proditionem

706 1594 946 1648 molienti
978 1594 1173 1649 similis
1203 1608 1368 1663 esset,
1402 1608 1457 1650 et
1489 1596 1735 1651 Romano
1766 1598 1991 1666 imperio
2029 1598 2287 1653 inbiaret.

706 1682 831 1737 Ilaec
874 1700 1030 1751 rupes
1077 1688 1326 1753 superius
1372 1689 1423 1740 in
1490 1687 1825 1740 latitudinem
1870 1699 2113 1751 extensa,
2156 1689 2292 1741 infe-

706 1776 819 1828 rius
844 1777 1122 1843 angustior
1145 1778 1385 1843 quidem,
1411 1781 1506 1832 sed
1532 1794 1651 1846 qum
1676 1778 1948 1831 suffulciat
1972 1794 2287 1846 suspensam

2480 1415 2540 1467 '0
2571 1417 2625 1467 δὲ
2664 1415 3026 1485 Παμπρέπιος
3064 1417 3203 1468 κατά
3230 1416 3329 1484 τὴν
3359 1415 3631 1481 Αἴγυπτον
3664 1431 3977 1485 παραγεγο-

2393 1507 2498 1568 νὼς
2520 1506 2776 1575 Ἰσιδώρῳ
2808 1506 3079 1575 παρέσχεν
3103 1508 3163 1557 ὲκ
3189 1506 3295 1558 τῶν
3323 1506 3495 1572 λόγων
3519 1506 3769 1573 αἴσθησιν
3788 1506 3862 1569 ὡς
3883 1508 3976 1576 οὐχ

2393 1597 2624 1663 ὑγιαίνοι
2642 1596 2685 1627 ³⁹
2719 1596 2853 1665 πρὸς
2871 1594 3096 1647 Ἰλλουν.
3116 1595 3253 1653 Ἀλλ’
3273 1597 3373 1664 ήδη
3408 1594 3789 1665 προδωσείοντι
3812 1596 3974 1657 ἔοικε,

2392 1688 2487 1739 καὶ
2538 1687 2717 1756 μέντοι
2771 1691 2865 1738 καὶ
2919 1685 3312 1753 περιορωμένῳ
3360 1686 3457 1751 τὴν
3497 1684 3784 1751 Ῥωμαίων
3827 1684 3979 1753 βασι-

2392 1778 2558 1831 λείαν.
2578 1781 2641 1830 'H
2677 1777 2854 1846 πέτρα
2883 1776 3020 1844 αὕτη
3061 1777 3126 1827 τά
3157 1776 3254 1844 μὲν
3284 1774 3487 1827 ἄνωθεν
3518 1775 3979 1843 ἐκπεπετασμένη

706 1864 1043 1918 latitudinem
1075 1865 1226 1919 valde
1265 1866 1576 1929 sublimem,
1612 1879 1959 1935 superantem
1992 1868 2039 1919 ei
2072 1868 2285 1936 subjec-

2395 1870 2524 1922 πολὺ
2544 1869 2589 1900 ⁸⁸
2618 1871 2697 1930 είς
2743 1868 2919 1938 εὖρος,
2951 1868 3020 1919 τά
3068 1866 3125 1917 δὲ
3173 1865 3418 1918 κάτωθεν
3468 1866 3910 1936 ἀποστενουμένη
3932 1865 3975 1896 ⁸⁸

706 1967 814 2008 tam
828 1963 899 2013 .et
910 1956 1261 2010 sustinentem
1279 1957 1479 2010 montis
1499 1959 1853 2025 crepidinem.
1873 1956 2117 2011 Similem
2137 1958 2290 2011 dixe-

706 2047 782 2098 ris
814 2045 959 2097 illam
992 2062 1184 2113 magno
1228 2046 1366 2100 collo
1401 2047 1687 2101 sustinenti
1731 2054 1894 2114 caput
1942 2048 2159 2116 ingens,
2208 2046 2291 2099 di-

707 2148 981 2201 gnumque
1010 2135 1145 2188 visu.
1178 2135 1409 2189 Itursum
1438 2141 1502 2188 ad
1526 2134 1788 2189 Isidorum
1814 2135 2111 2188 orationem
2142 2150 2292 2189 revo-

706 2239 914 2279 cemus.
952 2222 1066 2279 Non
1101 2224 1321 2279 inﬂatus
1350 2239 1473 2280 erat
1504 2227 1761 2288 Isidorus,
1802 2242 1899 2281 nec
1936 2226 1988 2279 in
2021 2226 2290 2295 colloquio

709 2315 962 2379 dillieilis,
1012 2332 1110 2369 nec
1161 2317 1401 2370 Stoicam
1469 2316 1871 2371 affectationem
1943 2316 2209 2385 ignoravit
2271 2333 2287 2369 :

711 2422 960 2475 nuncque
986 2410 1266 2462 videbatur
1302 2410 1511 2470 hilaris,
1536 2420 1590 2463 et
1629 2409 1802 2471 IaBltts,
1839 2417 1895 2460 et
1934 2422 2160 2475 corpore
2194 2422 2290 2461 ve-

711 2511 892 2564 nusto,
920 2510 976 2554 et
1016 2502 1199 2554 animo
1240 2516 1453 2555 sursum
1517 2510 1703 2555 erecto
1730 2538 1745 2562 ,
1788 2499 1975 2552 adhzec
2020 2498 2227 2551 alienus
2260 2512 2290 2550 a

712 2594 906 2645 mortis
961 2608 1111 2647 cura.
1165 2593 1476 2661 Improbum
1514 2592 1784 2645 hominem
1826 2601 1881 2644 et
1934 2590 2040 2642 vita
2082 2588 2288 2654 infanti,

709 2691 895 2735 contra
930 2683 1282 2736 Athanasium
1310 2693 1610 2737 sectantem
1639 2681 1915 2734 fortiorem
1944 2680 2289 2733 sententiam.

710 2772 836 2826 Haec
874 2772 1071 2826 Juliaui
1114 2776 1349 2829 vasculis
1376 2775 1742 2827 immiserunt.
1778 2773 2017 2825 Isidorus
2054 2770 2293 2823 arculam

709 2867 919 2933 aliaque
952 2867 1167 2919 vascula
1189 2866 1475 2932 disposuit,
1508 2873 1565 2916 ut
1604 2874 1791 2931 parata
1838 2870 1888 2916 et
1948 2862 2001 2915 in
2046 2871 2294 2930 promptu

708 2968 913 3021 essent,
966 2970 1218 3027 tanquam
1272 2960 1324 3010 iu
1380 2966 1679 3011 mercatum
1728 2955 2019 3016 missurus,
2080 2954 2295 3006 turbam

711 3051 988 3104 hominum
1054 3050 1333 3102 collectam
1396 3049 1465 3100 ad
1528 3047 1941 3115 profectionem.
2009 3043 2296 3112 Imperavit

710 3141 871 3193 etiam
903 3141 1095 3204 servis,
1133 3148 1191 3191 ιιι
1216 3138 1329 3206 jam
1375 3137 1615 3205 strigiles
1654 3145 1931 3204 pararent,
1976 3146 2029 3185 et
2060 3133 2294 3202 philoso-

712 3230 848 3298 phos
872 3232 923 3281 in
961 3243 1235 3283 carcerem
1273 3230 1450 3281 denuo
1490 3227 1745 3295 coniecit,
1782 3240 1847 3277 eo
1875 3224 2016 3292 quod
2055 3223 2293 3277 secundo

710 3323 941 3377 convicti
968 3333 1171 3375 essent.
1200 3317 1449 3373 Julianus
1479 3317 1698 3372 silentio
1722 3316 1955 3383 excepit,
1989 3314 2217 3381 tulitque
2239 3314 2295 3365 in

714 3423 863 3480 tergo
906 3414 1101 3465 multas
1140 3413 1322 3479 plagas
1374 3410 1647 3479 tympanis
1679 3408 1876 3460 illatas.
1927 3405 2059 3458 Nam
2113 3406 2297 3458 multis

711 3504 947 3558 fusdbus
976 3518 1146 3557 cmsus
1178 3512 1281 3567 est,
1317 3502 1449 3555 nihil
1482 3501 1706 3554 omnino
1730 3498 1963 3560 locutus,
1988 3498 2177 3550 videns
2200 3511 2295 3549 su-

714 3597 1000 3666 pellectilia
1024 3598 1089 3648 ad
1123 3594 1521 3662 navigationem
1552 3600 1739 3660 parata
1769 3608 1781 3643 :
1809 3590 1919 3645 Cur
1945 3591 2071 3651 hoc,
2099 3589 2293 3655 inquit,

715 3685 890 3740 facis?
920 3686 1171 3737 custodes
1202 3692 1454 3750 portuum
1498 3690 1549 3734 te
1592 3680 1827 3747 capient.
1866 3677 2109 3731 Decessit
2134 3676 2297 3745 igitur

714 3795 821 3833 non
874 3777 1041 3833 [ποιιο
1094 3785 1236 3845 post,
1286 3783 1342 3828 et
1389 3773 1533 3828 domi
1580 3787 1712 3825 mete
1760 3769 2156 3824 diversabatur.
2198 3766 2299 3821 Ivit

714 3872 878 3937 igitur
916 3868 1176 3927 Athenas,
1217 3865 1409 3919 Proclo
1452 3862 1771 3931 sepulcralia
1797 3878 1919 3917 cum
1951 3862 2110 3915 thure
2158 3860 2297 3913 alla-

714 3973 889 4014 turus.
937 3962 1190 4014 Extrema
1226 3958 1428 4011 malitia
1477 3969 1533 4011 et
1557 3957 1869 4011 iucurabilis
1920 3964 2159 4009 meretur
2183 3964 2300 4007 sta-

714 4054 807 4104 tim
832 4050 1172 4118 supplicium,
1205 4064 1322 4117 quze
1345 4063 1472 4102 vero
1504 4049 1764 4118 paulatim
1802 4046 2105 4108 deﬂexerit,
2140 4046 2295 4099 venia

713 4142 895 4196 statim
926 4143 1086 4210 digna
1116 4151 1222 4196 est.
1246 4141 1503 4198 Plurimis
1528 4155 1656 4194 vero
1686 4139 1924 4193 remedia
1959 4146 2177 4206 peccata
2198 4136 2297 4190 ad-

716 4234 1072 4296 mittentibus,
1106 4232 1323 4298 justitia
1362 4231 1550 4285 differt
1577 4230 1841 4283 malorum
1874 4228 2109 4282 remedia
2138 4244 2153 4281 :
2185 4227 2299 4281 sive

711 4329 855 4397 quod
889 4327 1185 4381 subsidium
1227 4328 1464 4379 habeant
1492 4340 1520 4378 a
1545 4326 1765 4383 virtute,
1819 4322 1866 4376 si
1916 4321 2056 4374 forte
2092 4320 2300 4387 effuge-

716 4421 823 4472 rint
847 4420 1013 4488 magis
1040 4418 1233 4488 347b
1263 4418 1531 4471 sectiuues
1576 4426 1633 4469 et
1673 4414 1956 4468 uStiones:
1996 4412 2111 4466 sive
2154 4411 2297 4479 quod

2389 1959 2643 2013 τοσοῦτον
2676 1960 2798 2010 ὅσον
2832 1956 3134 2026 ὑπερείδειν
3152 1955 3197 1987 ⁵³
3241 1956 3341 2025 τὴν
3392 1956 3845 2024 ἐπικρεμαμένην
3886 1954 3976 2006 εύ-

2394 2051 2600 2121 ρύτητα
2638 2050 2930 2119 μετέωρον,
2968 2048 3211 2116 πολλαχῆ
3272 2048 3643 2117 ὑπερέχουσαν
3688 2050 3788 2113 τῆς
3841 2047 3975 2099 ὑπο-

2392 2144 2651 2213 κειμένης
2665 2142 2709 2172 ⁶³
2734 2144 2826 2193 καὶ
2859 2141 3158 2210 ἀνεχούσης
3187 2141 3443 2211 κρηπῖδος
3472 2141 3658 2209 ὀρείας
3677 2156 3691 2170 ο
3729 2141 3973 2201 εἰκάσαις

2392 2238 2458 2290 ἂν
2495 2237 2665 2306 αὐτὴν
2696 2235 2883 2305 αὐχένι
2930 2237 3165 2306 μεγάλῳ,
3202 2237 3419 2304 φέροντι
3455 2213 3697 2304 κεφαλὴν
3733 2234 3974 2300 ὑπερμε-

2392 2329 2527 2397 γέθη
2562 2329 2684 2379 τινά
2724 2327 2817 2379 καὶ
2849 2326 3180 2390 ἀξιοθέατον.
3216 2327 3446 2379 Πάλινδ¹
3471 2327 3561 2378 ἐπὶ
3582 2325 3673 2377 τὸν
3708 2325 3974 2392 Ἰσίδωρον

2394 2418 2860 2486 ἁνακαλεσώμεθα
2878 2418 2923 2449 ⁸⁵
2955 2418 3055 2488 τὴν
3089 2420 3432 2488 συγγραφήν.
3468 2417 3586 2471 Ούκ
3626 2411 3694 2485 ἦν
3732 2433 3974 2482 τετυφω-

2398 2514 2553 2582 μένος
2571 2514 2617 2543 “
2651 2516 2677 2565 6
2709 2512 2978 2582 Ἰσίδωρος
3012 2512 3135 2564 οὔτε
3169 2514 3487 2581 δυσόμιλος,
3519 2513 3640 2565 ούδέ
3664 2512 3850 2581 ὴγνόει
3880 2512 3976 2581 τήν

2396 2605 2640 2673 Στωϊκήν
2684 2605 3102 2673 συμπεριφοράν
3141 2603 3460 2671 λεγομένην.
3492 2606 3601 2656 Καὶ
3630 2600 3697 2674 ἦν
3727 2606 3850 2656 τότε
3879 2605 3975 2656 αὖ·

2394 2696 2484 2747 τὸν
2513 2695 2808 2747 θεάσασθαι
2842 2694 3063 2764 φαιδρόν
3094 2711 3151 2745 τε
3182 2696 3275 2745 καὶ
3300 2694 3572 2763 γεγηθότα
3592 2734 3606 2756 ,
3638 2695 3698 2745 τό
3728 2711 3787 2745 τε
3820 2694 3977 2762 σῶμα

2397 2787 2679 2853 ἀνθοῦντα,
2716 2788 2810 2840 καὶ
2856 2788 2953 2856 τὴν
3006 2787 3183 2856 ψυχὴν
3238 2787 3371 2853 ὑψοῦ
3418 2787 3847 2856 διεγηγερμένον
3876 2787 3977 2848 ἔτι,

2396 2879 2489 2932 καὶ
2522 2880 2693 2930 ταῦτα
2721 2879 2829 2930 τῶν
2862 2879 2991 2947 περὶ
3026 2879 3256 2931 θανάτου
3285 2878 3583 2947 φροντίδων
3615 2878 3981 2946 ὑπολειπομέο

2396 2982 2501 3014 νων
2521 2964 2585 3016 ⁸⁸.
2616 2964 2856 3033 Πονηρὸν
2883 2964 2939 3015 δέ
2967 2964 3253 3034 ἄνθρωπον
3283 2968 3379 3017 καὶ
3395 2966 3486 3019 τὸν
3512 2967 3627 3035 βίον
3657 2968 3976 3038 ἐπίρῥητον.

2400 3054 2540 3122 Πρὸς
2567 3054 2660 3105 τὸν
2696 3055 3097 3106 ἐπισκοποῦντα
3122 3057 3181 3107 τὸ
3205 3057 3508 3125 τηνικαῦτα
3535 3058 3634 3126 τὴν
3673 3056 3981 3126 κρατοῦσαν

2396 3143 2553 3206 δόξαν
2598 3142 3301 3196 Ἀθανάσιον.Ἐνέ6αλον⁶⁷
3347 3145 3488 3196 αὐτά
3531 3147 3647 3207 τοῖς
3687 3142 3980 3196 Ἰουλιανοῦ

2398 3234 2729 3303 σκευαρίοις.
2746 3234 2805 3285 '0
2829 3234 2886 3286 δὲ
2906 3234 3177 3303 Ἰσίδωρος
3196 3234 3256 3286 τό
3281 3251 3340 3286 τε
3364 3234 3616 3287 κιϐώτιον
3642 3236 3735 3288 καὶ
3756 3236 3826 3288 τά
3849 3236 3982 3290 ἀλλα

2397 3324 2661 3391 σκευάρια
2710 3324 2961 3391 διέθηκεν
3010 3323 3204 3391 ἕτοιμα
3253 3321 3392 3377 εἶναι
3443 3325 3537 3377 κα)⁸
3579 3328 3872 3395 πρόχειρα,
3913 3326 3983 3387 ὡς

2396 3415 2741 3483 ἀποπέμψων
2770 3417 2851 3477 είς
2895 3415 2956 3465 τὸ
3004 3415 3287 3484 ἐμπόριον.
3326 3416 3520 3480 Στῖφος
3550 3416 3759 3484 ἀνδρῶν
3788 3432 3983 3482 συγκε-

2400 3507 2737 3575 κροτημένον
2778 3508 2859 3567 εἰς
2893 3504 3101 3573 ἔφοδον.
3120 3506 3178 3559 '0
3206 3506 3263 3558 δέ
3298 3507 3391 3558 καὶ
3428 3507 3661 3576 ξύστρας
3688 3506 3791 3575 ήδη
3821 3505 3985 3559 ἀπτε-

2398 3594 2521 3647 σθαι
2545 3593 2882 3646 διεκελεύετο
2904 3594 3030 3656 τοὺς
3057 3594 3357 3663 ὑπηρέτας.
3376 3596 3486 3646 Καὶ
3509 3596 3635 3657 τοὺς
3658 3594 3985 3661 φιλοσόφους

2398 3687 2477 3747 είς
2502 3687 2564 3738 τὸ
2592 3686 2967 3755 δεσμωτήριον
3013 3685 3176 3737 πάλιν
3208 3685 3460 3737 ἐνέϐαλεν
3475 3683 3521 3714 ⁸⁸
3549 3688 3638 3737 ἐπὶ
3666 3685 3834 3753 ψήφῳ
3863 3684 3983 3735 δευ-

2397 3775 2569 3845 τέρων
2614 3775 2954 3845 ἐλέγχων.ὐ
2986 3774 3043 3826 δέ
3065 3773 3350 3838 Ἰουλιανὸς
3382 3776 3563 3843 σιωπῇ
3602 3774 3818 3834 ἐδέξατο
3847 3790 3985 3843 καρ-

2395 3864 2570 3935 τερῶν
2605 3866 2705 3928 τάς
2736 3864 2937 3925 πολλάς
2973 3864 3066 3916 ἐπὶ
3101 3863 3195 3915 τοῦ
3222 3864 3392 3915 νώτου
3430 3863 3518 3915 διὰ
3550 3862 3658 3914 τῶν
3684 3862 3984 3929 τυμπάνων

2398 3958 2613 4025 πληγάς
2634 3972 2647 3986 ·
2678 3959 2770 4008 καὶ
2799 3956 2908 4025 γὰρ
2941 3955 3160 4018 πολλαῖς
3192 3955 3412 4007 ἐπαίετο
3438 3953 3786 4022 βακτηρίαις,
3820 3952 3983 4021 μηδὲν

2397 4050 2534 4111 ὅλως
2579 4049 2975 4118 φθεγξάμενος,
3010 4047 3155 4101 Ἰδὼν
3200 4048 3269 4100 τά
3326 4049 3592 4116 σκευάρια
3645 4044 3981 4112 συνδούμενα

2397 4139 2534 4207 πρὸς
2558 4139 2649 4190 τὸν
2682 4138 2983 4203 ἀπόπλουν,
3002 4139 3068 4191 Τί
3097 4137 3274 4201 τοῦτο,
3305 4138 3432 4207 ἔφη,
3468 4138 3656 4201 ποιεῖς,
3688 4135 3981 4204 ἀνθρωπες

2410 4228 2618 4298 Ἀλὼσῃ
2648 4228 2705 4279 δέ
2733 4228 2839 4279 ὑπὸ
2863 4228 2971 4280 τῶν
3001 4226 3294 4297 λιμενιτῶν
3324 4227 3710 4295 φυλακτήρων.
3728 4225 3983 4293 Ἀφίκετο

2397 4322 2577 4373 τοίνυν
2606 4322 2664 4372 ού
2702 4319 2885 4389 πολλῷ
2910 4318 3160 4388 ὕστερον,
3197 4320 3291 4371 καὶ
3324 4321 3381 4371 ὲν
3418 4318 3555 4387 ἐμοῦ
3604 4318 3681 4387 τῷ
3720 4318 3859 4386 οῐκῳ
3908 4316 3983 4369 δι-

2398 4410 2857 4481 ῃτᾶτο.Ἀφίγ.ετο
2893 4410 2991 4479 μὲν
3021 4409 3284 4478 Ἀθήναζε
3335 4409 3455 4461 τότε
3508 4408 3587 4479 τῷ
3634 4407 3862 4476 Πρόκλῳ
3893 4407 3979 4459 ἐπὶ

713 4513 784 4565 ob
830 4509 1086 4565 facinoris
1132 4508 1558 4575 magnitudinem
1610 4504 1868 4559 festinato
1907 4502 2017 4555 sint
2059 4501 2293 4555 remedio

2398 4502 2576 4572 ταφῆς
2621 4502 2735 4554 ὄντι
2777 4502 2935 4572 τὴνδ’
2965 4500 3293 4570 θυμιατρίδα
3337 4500 3537 4569 φέρων.
3558 4499 3620 4551 'H
3650 4499 3748 4565 μέν
3779 4498 3980 4566 ἐσχάτη

715 4602 957 4670 indigni;
996 4602 1111 4655 sive
1143 4600 1283 4667 quod
1334 4600 1693 4668 quibusquam
1740 4604 2030 4663 antequam
2071 4600 2290 4663 peccata

2398 4592 2566 4644 κακία
2606 4592 2701 4643 καὶ⁷
2739 4591 3040 4661 ἀϐοήθητος
3068 4590 3194 4657 άξία
3217 4590 3315 4658 τῆς
3342 4589 3654 4657 παραυτίκα
3683 4588 3977 4649 κολάσεως,

714 4696 1027 4761 puniantur,
1059 4706 1155 4760 pro
1183 4691 1336 4743 bonis
1372 4691 1544 4755 gratia
1595 4686 1875 4741 debeatur.

2400 4685 2435 4752 ή
2462 4684 2517 4734 δέ
2550 4680 2678 4755 [567
2705 4680 2798 4753 IL]
2826 4685 2914 4735 ἐπ’
2946 4683 3127 4749 ὀλίγον
3173 4680 3675 4751 παρατετραμμένη
3719 4680 3849 4741 ἀξία
3894 4682 3982 4731 καὶ

712 4783 852 4852 αὑτὴ
871 4783 971 4849 τῆς
996 4781 1253 4850 ταχίστης
1277 4778 1574 4848 ἐπαφῆς¹⁶.
1599 4778 1879 4839 Πλείστοις
1899 4774 1955 4827 δὲ
1981 4771 2088 4826 τῶν
2111 4770 2296 4841 μέσων
2345 4773 2704 4826 ἀναϐάλλεται
2735 4776 2769 4844 ή
2802 4773 2926 4843 δίκη
2957 4772 3024 4831 τά
3052 4772 3161 4825 τῶν
3193 4772 3383 4825 παθῶν
3448 4771 3808 4841 ίατρεύματα,
3871 4770 3983 4837 ﬁrst

710 4874 785 4934 ὼς
822 4873 1074 4943 βοήθειαν
1102 4872 1315 4941 ἔχουσιν
1349 4870 1456 4923 ἀπὸ
1484 4870 1585 4938 τῆς
1612 4868 1839 4939 ἀρετῆς,
1872 4866 1927 4918 εῐ
1968 4881 2088 4927 πως
2132 4861 2426 4943 ἐκφύγοιεν
2465 4866 2668 4934 μᾶλλον
2733 4866 2834 4929 τάς
2878 4865 3050 4934 τομὰς
3113 4866 3209 4918 καὶ
3256 4866 3355 4927 τὰς
3401 4864 3647 4925 καύσεις,
3690 4863 3723 4930 ἢ
3773 4862 3850 4922 ὡς
3894 4866 3985 4913 ἀν-

714 4941 1020 5029 αξίοις-τοῦ
1050 4962 1368 5033 παραυτίκα
1412 4959 1704 5030 φαρμάκου
1748 4957 1839 5011 διὰ
1866 4957 2065 5017 κακίας
2102 4953 2332 5024 μέγεθος
2354 4941 2377 5020 ξ
2402 4955 2436 5027 ἢ
2463 4956 2737 5024 ὀφείλεται
2787 4956 2952 5019 ἐνίοις
2999 4952 3106 5024 πρὸ
3140 4954 3239 5025 τῆς
3263 4952 3557 5007 τῶνκακῶν
3609 4954 3641 5021 ή
3676 4951 3987 5020 ἀμοιϐὴτὼν

712 5056 955 5123 ἀγαθῶν.

787 5145 1237 5215 Philosophorum
1289 5144 1463 5199 fastus
1509 5142 1563 5198 in
1597 5140 1868 5197 monendo
1915 5146 2090 5208 potest
2132 5136 2293 5192 etiam

2491 5132 2558 5187 Ἦ
2608 5130 2715 5185 τῶν
2766 5130 3073 5201 φιλοσόφων
3125 5129 3394 5201 ὑπεροψία
3439 5145 3540 5199 της
3592 5126 3989 5197 παρακλήσεως

717 5241 892 5293 virum
924 5237 1211 5293 barbarum
1234 5248 1603 5307 exasperare;
1638 5234 1741 5289 etsi
1768 5231 2076 5301 philosophi
2112 5237 2293 5299 putant

2411 5228 2571 5296 ἱκανὴ
2623 5223 2981 5295 ἐκτραχύνειν
3031 5222 3202 5292 ἀνδρα
3254 5222 3569 5294 βάρϐαρον·
3618 5219 3735 5275 ἀλλ’
3760 5221 3912 5290 ὅμως
3940 5219 3988 5270 el

2006 5365 2240 5422 VARIIE
2275 5362 2684 5421 LECTIONES.

803 5510 847 5541 "
877 5511 1048 5574 δεινός
1080 5511 1140 5566 Β.
1217 5511 1263 5543 ³⁸
1299 5511 1393 5565 καὶ
1426 5510 1571 5579 μέγα
1605 5508 1705 5579 ἤδη
1737 5505 2035 5579 δυνάμενον
2094 5520 2202 5579 om.
2373 5503 2418 5536 ³⁸
2471 5501 2623 5579 αύτῷ
2647 5499 2732 5554 AC
2747 5499 3088 5579 ,λαύτιξινλρ
3164 5497 3209 5579 ξ⁶
3246 5496 3552 5579 ἀπληστίαν
3587 5495 3628 5549 Β
3650 5506 3893 5579 ‘etlcorr.
3918 5497 3982 5549 Α.

721 5579 765 5653 ff
808 5566 1343 5653 τῶνᾼκρατούντων]
1400 5566 1521 5653 vid:
1553 5650 1564 5653 _
1591 5566 1768 5653 Idalias.
1976 5576 2174 5629 Euseb.
2230 5577 2357 5653 hist.
2406 5566 2704 5653 ecclesI-p.
2742 5571 2862 5653 ϐξ.-
2922 5568 3349 5653 ξ’βλακεύοντες
3376 5566 3895 5653 ΔᾹ“;.βασιλεύογτες
3926 5582 3980 5653 ς.

719 5649 766 5719 ξ’
801 5636 1031 5719 ὑγιαίνεὶ
1075 5652 1129 5705 Β.
1238 5653 1283 5683 ⁵⁸
1324 5636 1462 5702 πολὺ
1501 5650 1626 5719 add.
1655 5649 1721 5701 Α.
1800 5647 1842 5676 ⁸⁸
1876 5645 2368 5719 ἀποστερνουμένη
2498 5713 2511 5719 ᾳ
2539 5643 2584 5672 δ’
2612 5636 2890 5719 ὑπεριδεῖν
2922 5639 3313 5719 Βιςιιυοετκλ.
3487 5636 3892 5719 ὑπερκειμένης
3920 5640 3981 5687 Δ.

723 5718 767 5749 ⁸⁵
804 5705 1251 5790 ἀνακαλεσόμιθα
1292 5738 1353 5784 ς.
1430 5720 1475 5750 ⁸⁸
1505 5718 1631 5772 οὕτε
1654 5718 2034 5790 τετυφωμένος
2190 5705 2248 5777 ς’.
2279 5783 2301 5790 _
2325 5705 2819 5790 λδὺπολειπόμενον
2844 5710 2908 5762 Α.
2982 5708 3025 5737 δ’
3060 5706 3309 5790 ἐνέϐαλον
3348 5706 3489 5758 libri.
3563 5706 3611 5737 δ’
3641 5705 3868 5758 ἐϐαλλεν
3921 5719 3979 5768 ς’.

724 5790 770 5822 ⁸⁸
798 5795 890 5844 ἐπὶ
924 5793 1096 5860 ταφῆς
1112 5776 1231 5844 Ἀντί
1292 5776 1391 5861 τήν
1416 5791 1458 5843 Α
1500 5808 1512 5843 :
1539 5776 1893 5854 ἐπιταφήσων
1923 5802 1981 5847 ς.
2018 5776 2027 5777 ί
2058 5776 2342 5852 ’θἐπαφῆς
2375 5784 2414 5835 Λ
2448 5802 2461 5836 :
2490 5776 2824 5850 ἐπιστροφῆς
2852 5796 2912 5843 ς,
2956 5794 3074 5832 mox
3113 5778 3209 5844 τὴν
3243 5776 3417 5844 μέσην
3448 5792 3506 5838 ς’.
