4206 6436
259 379 396 445 1289

1320 386 1841 447 BlBLIOTlIECA.
1879 412 1944 424 ·-
1966 388 2129 449 COD.
2163 389 2435 450 CCXLII.

3350 391 3488 458 1290

250 495 536 561 φιλόσοφοι
582 497 870 565 καρτερεῖν
905 495 1072 565 ᾤοντο
1112 495 1223 548 δεῖν
1247 497 1427 549 καὶτὰ
1458 495 1820 565 συμϐαίνοντα
1847 506 1891 562 Α

1847 506 1891 562 Α
1925 497 2152 552 tolerare
2194 510 2464 565 oportere,
2496 508 2550 554 et
2597 513 2783 553 casum
2821 513 2976 569 aquo
3015 500 3197 555 animo
3238 501 3399 559 ferre.
3432 503 3490 560 In

248 583 442 647 φέρειν
463 581 701 650 εὐλόφως
720 585 788 636 ⁸¹.
820 585 929 637 Καὶ
954 585 1172 651 γυναικὶ¹
1190 586 1438 654 ἐνέτυχεν
1464 586 1584 655 ίερᾷ
1612 586 1825 655 θεόμοι-

247 688 348 738 ρον
384 670 582 741 ἐχούσῃ
608 671 769 739 φύσιν
799 675 1476 744 παραλογωτάτην,’Υδωρ
1502 676 1610 745 γὰρ
1630 677 1827 746 ἀκραι-

245 762 382 828 φνὲς
410 763 648 831 ἐγχέασα
672 765 919 833 ποτηρίῳ
940 765 1050 817 τινὶ
1078 764 1185 817 τῶν
1216 765 1466 827 ὑαλίνων,
1500 766 1647 835 ἐώρα
1687 767 1829 819 κατά

243 851 344 902 τοῦ
380 852 570 915 ὕδατος
595 852 729 906 είσω
754 854 847 905 τοῦ
879 854 1136 925 ποτηρίου
1175 854 1242 907 τὰ
1282 856 1543 923 φάσματα
1567 854 1675 907 τῶν
1706 858 1828 907 ἐσο-

248 941 431 1007 μένων
478 942 841 1010 πραγμάτων,
878 944 971 995 καὶ
1012 944 1310 1014 προῦλεγεν
1351 945 1459 997 ἀπὸ
1506 944 1603 1015 τῆς
1654 944 1829 1013 ὅψεως

242 1033 411 1095 αὐτὰ,
443 1033 584 1103 ᾶπερ
618 1033 843 1101 έμελλεν
878 1032 1095 1086 ἔσεσθαι
1126 1034 1363 1097 πάντως.
1382 1035 1441 1089 Ἠ
1462 1035 1517 1087 δέ
1547 1038 1710 1106 πεῖρα
1734 1033 1828 1088 τοῦ

247 1124 582 1192 πράγματος
611 1124 732 1176 οὐδὲ
762 1125 906 1193 ἡμᾶς
929 1124 1323 1195 παρελήλυθεν.
1355 1125 1461 1177 Τὸν
1494 1125 1551 1176 δὲ
1581 1126 1831 1196 Ἰωάννην

244 1215 279 1265 ὁ
318 1214 622 1277 Ἀνατόλιος
667 1218 1018 1285 αίκισάμενός
1068 1234 1128 1269 τε
1183 1217 1278 1269 καὶ
1325 1217 1434 1269 τῶν
1481 1216 1833 1286 ὑπαρχόντων

246 1305 568 1372 γυμνώσας,
611 1307 811 1359 αὐτίκα
858 1308 1040 1375 μέντοι
1090 1310 1183 1361 καὶ
1224 1302 1376 1371 οὗτος
1418 1308 1692 1379 ἀπέρρηξε
1743 1307 1833 1359 τὸν

250 1396 391 1463 βίον.
410 1398 688 1466 Ὲνέτυχον
716 1398 772 1462 ἐξ
800 1398 1042 1466 ἀνάγκης
1070 1399 1148 1467 τῷ
1188 1399 1475 1467 Ἐμεσίωνι
1496 1394 1515 1427 ·“
1543 1399 1602 1450 οὐ
1632 1398 1741 1468 γὰρ
1768 1398 1833 1449 ἄν

248 1500 388 1537 ποτε
418 1485 558 1537 ἐκὼν
587 1488 897 1556 ἠνεσχόμην
919 1489 964 1518 ⁸·
998 1492 1097 1557 τῆς
1130 1488 1294 1541 αὑτοῦ
1326 1490 1544 1558 ὑηνείας
1563 1491 1630 1555 ⁸³,
1660 1490 1773 1541 ἀλλ’
1797 1490 1830 1558 ἡ

250 1575 522 1642 πρεσϐεία
576 1593 646 1645 με
700 1579 1060 1645 ἠνάγκασε⁸⁵.
1115 1579 1225 1649 Τῆς
1277 1580 1535 1648 Ἀραϐίας
1773 1581 1834 1631 τὸ

1929 592 2202 645 mulierem
2252 607 2461 646 sacram
2506 593 2717 657 incidit,
2768 593 2857 648 cui
2908 595 3045 649 miro
3084 597 3244 650 modo
3298 596 3496 651 divinae

1928 696 2069 734 aura:
2092 682 2349 749 particula
2376 683 2532 735 insita
2559 692 2696 735 eral.
2735 685 2940 751 Aquam
2976 685 3118 739 enim
3150 700 3341 754 puram
3372 700 3499 741 cum

1929 771 2212 826 infudisset
2241 774 2409 825 vitreo
2444 773 2654 841 poculo,
2682 773 2899 826 videbat
2932 776 2982 827 in
3025 790 3163 845 aqua
3200 775 3377 843 poculi
3408 789 3502 829 re-

1929 874 2042 911 rum
2066 858 2363 913 futurarum
2387 862 2617 930 species,
2642 872 2693 915 et
2721 861 2808 915 illa
2829 863 3153 931 praedicebat
3176 880 3241 918 cx
3264 863 3500 926 visione,

1930 964 2048 1016 qua!
2102 951 2322 1004 omnino
2368 948 2549 1005 futura
2591 960 2809 1019 essent;
2868 952 3025 1021 hujus
3072 955 3503 1023 experimentum

1932 1054 2029 1093 nos
2071 1055 2283 1107 quoque
2346 1041 2606 1106 cepimus.
2660 1042 2944 1097 Anatolius
3007 1043 3270 1099 Joannem
3318 1044 3504 1115 ﬂagris

1930 1144 2123 1184 caesum
2154 1131 2306 1184 bonis
2333 1146 2454 1184 cum
2482 1132 2738 1193 exuisset.
2768 1135 2951 1187 statim
2984 1134 3148 1189 vitam
3182 1136 3341 1189 liniit.
3366 1136 3505 1190 Cou-

1932 1219 2050 1273 vcni
2086 1222 2389 1274 necessario
2424 1220 2783 1276 Emesionem.
2823 1220 2935 1277 Non
2964 1224 3106 1278 enim
3138 1237 3295 1293 aequo
3322 1226 3505 1279 animo

1936 1308 2174 1362 tulissem
2196 1308 2311 1375 eius
2340 1310 2644 1375 stultitiam,
2674 1311 2771 1366 sed
2806 1311 2999 1380 legatio
3044 1312 3195 1367 adire
3228 1327 3315 1366 me
3350 1326 3505 1367 com-

1934 1397 2083 1461 νιιιὶι.
2122 1397 2332 1449 Arabia:
2369 1410 2507 1465 aqua
2542 1397 2725 1469 Stygia
2752 1400 3126 1455 subterlabens
3157 1411 3418 1456 exonerat
3446 1415 3508 1455 se

1936 1487 1989 1539 in
2034 1485 2219 1540 Bostra
2270 1485 2507 1551 Arabiae,
2550 1503 2670 1555 quae
2706 1489 2803 1542 sub
2846 1488 3047 1543 Severo
3095 1491 3418 1559 imperatore
3452 1490 3505 1545 in

1936 1575 2205 1627 civitatem
2232 1576 2446 1629 redacta
2481 1587 2584 1643 est,
2625 1592 2749 1631 cum
2780 1577 2908 1631 olim
2950 1579 3257 1645 prmidinm
3297 1580 3506 1644 luisset,

249 1665 516 1730 Στυγαῖον
568 1665 713 1736 ὕδωρ
765 1668 1165 1737 κατειϐόμενον.
1199 1669 1574 1737 ’Δπεδήμησεν
1630 1671 1710 1729 είς
1765 1667 1834 1719 τά

1938 1665 1987 1715 in
2011 1667 2239 1733 gratiam
2274 1667 2567 1720 vicinorum
2596 1666 2972 1735 Dionysiorum
3000 1684 3028 1722 a
3060 1671 3280 1738 regibus
3312 1670 3507 1724 Arabi-

250 1754 471 1824 Βόστρα
520 1757 617 1825 τῆς
660 1758 939 1827 ’Δραϐίας,
975 1759 1128 1811 πόλιν
1160 1760 1257 1827 μὲν
1282 1760 1381 1811 οὐκ
1414 1759 1645 1828 ἀρχαίαν
1691 1759 1833 1830 (ὑπὸ

1937 1756 2015 1809 cis
2050 1756 2215 1809 muris
2250 1757 2510 1810 cinctum.
2552 1757 2683 1811 Cum
2718 1756 3078 1813 intellexisset
3121 1760 3175 1815 lo
3222 1761 3382 1815 toties
3411 1761 3508 1815 de-

248 1847 365 1915 γάρ
410 1847 650 1916 Σεϐήρου
689 1850 781 1900 τοῦ
816 1848 1078 1917 βασιλέως
1110 1850 1387 1913 πολίζεται
1413 1850 1455 1917 ),
1492 1848 1747 1919 φρούριον
1780 1849 1835 1903 δέ
1868 1846 1909 1900 Β

1868 1846 1909 1900 Β
1938 1852 2228 1907 cantatam,
2256 1854 2308 1897 et
2336 1860 2529 1898 nomen
2560 1846 2765 1900 civitati
2796 1848 2863 1901 ab
2900 1859 3069 1903 (nstro
3100 1850 3253 1904 bovis
3280 1849 3508 1905 inditum

250 1940 506 2003 παλαιὸν,
547 1941 1036 2011 ἐπιτετειχισμένον
1052 1941 1098 1972 ⁸⁸
1135 1944 1248 2003 τοῖς
1272 1940 1440 2003 πέλας
1472 1939 1840 1992 Διονυσιεῦσιν

1938 1948 2057 1987 esse
2078 1933 2236 2001 (ἰδ’),
2260 1936 2455 1989 amavit
2491 1935 2635 1989 illam
2674 1946 2893 2005 prepter
2917 1938 3180 2008 originem
3212 1938 3510 1995 fabulosam

252 2031 365 2081 ὑπὸ
414 2028 521 2081 τῶν
576 2029 881 2097 ’Δραϐικῶν
946 2028 1229 2098 βασιλέων.
1303 2029 1565 2091 ’Δκούσας
1616 2028 1713 2098 τὴν
1759 2028 1841 2081 Ἰὼ

1939 2039 2057 2089 qua:
2092 2034 2173 2077 est
2199 2024 2264 2078 de
2294 2022 2348 2077 lo
2382 2038 2611 2094 vagante
2637 2026 2770 2097 (26).
2802 2026 2901 2081 Hic
2947 2042 3076 2082 vero
3108 2030 3358 2098 cognovit
3389 2042 3511 2083 esse

253 2119 416 2189 [1061
451 2119 543 2191 IL]
576 2119 945 2191 Θρυλουμένην
979 2121 1072 2173 καὶ
1101 2120 1162 2173 τὸ
1185 2120 1358 2189 ὄνομα
1379 2121 1478 2188 τῆς
1509 2118 1717 2181 πόλεως
1762 2120 1842 2181 είς

1939 2114 2317 2169 Theandritem
2375 2117 2531 2170 deum
2586 2118 2767 2186 specie
2811 2117 2951 2171 virili
3001 2116 3305 2189 animisque
3346 2120 3512 2172 vitam

252 2207 352 2263 τὸν
382 2206 596 2280 οἶστρον
623 2212 720 2281 τῆς
747 2211 869 2279 βοὸς
893 2211 1256 2281 ἀναλυόμενον
1275 2251 1291 2275 ,
1316 2212 1569 2280 ηγάπησε
1594 2209 1690 2277 τὴν
1712 2225 1840 2262 συν-

803 2211 869 2275 »ὸς
893 2211 1256 2281 ἀναλυόμενον
1275 2251 1291 2275 ,
1316 2212 1569 2280 ηγάπησε
1594 2209 1690 2277 τὴν
1712 2225 1840 2262 συν-
1940 2219 2147 2261 castam
2179 2208 2378 2276 inspira
2389 2224 2464 2262 re.

252 2303 440 2371 ἐχειαν
464 2304 562 2371 τῆς
592 2306 718 2374 περὶ
736 2305 833 2374 τὴν
863 2304 946 2357 Ἰὼ
968 2304 1175 2373 πλάνης
1197 2303 1783 2372 μυθευομένης.Ἔγνω
1796 2301 1841 2333 ⁸⁸
1876 2300 1933 2353 δὲ
1972 2300 2203 2354 ἐνταῦθα
2244 2300 2336 2353 τὸν
2369 2302 2685 2373 θεανδρίτην
2705 2304 2771 2370 ",
2815 2304 3123 2375 ἀρρενωτδν
3179 2303 3309 2358 ὄντα
3366 2302 3514 2368 θεὸν,

252 2395 354 2447 καὶ
385 2396 475 2447 τὸν
502 2393 704 2464 ἄθηλυν
738 2394 851 2464 βίον
885 2396 1187 2462 ἐμπνέοντα
1218 2396 1338 2457 ταῖς
1374 2396 1596 2463 ψυχαῖς..

329 2528 562 2594 Λέγεται
585 2526 642 2578 δὲ
673 2525 767 2577 καὶ
792 2526 952 2578 τοῦτο
985 2526 1043 2577 τὸ
1086 2525 1228 2593 ὕδωρ
1259 2520 1394 2577 εἶναι
1424 2524 1648 2592 Στύγιον
1671 2525 1734 2579 ⁸⁸.
1769 2526 1842 2578 Τὸ

2013 2522 2225 2577 Dicitur
2255 2523 2309 2576 in
2340 2536 2405 2575 eo
2436 2521 2553 2577 loco
2580 2536 2720 2590 aqua
2762 2521 2951 2593 Stygia
2978 2538 3119 2593 esse,
3149 2524 3200 2579 in
3226 2538 3334 2593 quo
3371 2526 3514 2579 Ara-

252 2619 316 2670 δέ
364 2619 583 2687 χωρίον,
613 2621 671 2669 ἐν
696 2610 740 2684 ᾧ
765 2620 905 2678 ἐστι,
940 2618 1118 2669 πεδίον
1150 2618 1247 2685 τῆς
1286 2616 1564 2685 Ἀραϐίας,
1591 2617 1843 2685 ἀνηπλω-

1947 2613 2049 2668 bim
2079 2628 2302 2681 campus
2342 2623 2444 2679 est,
2470 2614 2561 2681 qui
2593 2616 2663 2669 ab
2709 2625 2833 2669 ortu
2856 2616 2987 2670 solis
3032 2616 3185 2670 Diam
3228 2632 3401 2684 usque
3422 2618 3518 2673 de-

260 2708 427 2776 μένον
455 2708 563 2759 ἀπὸ
595 2708 692 2776 τῆς
724 2709 799 2759 ἓω
844 2708 1003 2775 μέχρι
1036 2707 1164 2768 Δίας
1208 2707 1306 2773 τῆς
1363 2708 1570 2777 ἐρήμου
1612 2706 1838 2768 πόλεως.

1940 2713 2139 2758 seriam
2182 2704 2370 2757 urbem
2424 2705 2749 2760 extenditur.
2810 2706 3013 2761 Deinde
3068 2716 3289 2776 repente
3337 2707 3518 2763 hiatus

259 2794 399 2851 Εἶτα
450 2797 705 2866 ἐξαίφνης
747 2800 1151 2867 ἀναρρήγνυται
1186 2799 1372 2867 χάσμα
1404 2801 1481 2860 είς
1511 2797 1709 2849 ἀϐυθον
1742 2796 1839 2848 πέ-

1943 2796 2179 2861 aperitur
2220 2796 2271 2847 in
2314 2795 2631 2847 immensam
2689 2797 3022 2865 voraginem,
3071 2798 3222 2853 saxis
3280 2798 3518 2867 undique

256 2906 418 2957 τραις
482 2887 816 2955 πανταχόθεν
872 2887 1169 2957 συνηρεφὲς
1193 2889 1238 2918 ⁸³
1294 2887 1386 2938 καί
1438 2904 1578 2938 τισιν
1627 2885 1838 2954 ἀγρίοις

1945 2884 2402 2950 impendentibus,
2455 2894 2511 2937 et
2569 2884 2838 2954 aliquibus
2880 2886 3079 2955 plantis
3143 2886 3515 2951 silvestribus,

256 2981 451 3044 φυτοῖς
468 2978 513 3008 ⁸⁸
540 2977 646 3029 τῶν
668 2975 881 3047 πετρῶν
910 2976 1308 3044 ἀποψυομένοις
1334 2992 1346 3004 ·
1381 2977 1601 3038 κάθοδος
1630 2978 1691 3039 ἐξ
1718 2980 1839 3045 ἀρι-

1949 2974 2207 3039 horridis,
2236 2983 2291 3028 et
2337 2974 2551 3028 incultis
2577 2989 2609 3029 e
2644 2976 2809 3043 petris
2853 2978 3201 3033 nascentibus
3237 2988 3516 3049 opacatur.

260 3070 463 3138 περᾶς
510 3066 751 3119 κατιόντι
803 3068 961 3134 στενὴ
993 3069 1083 3118 καὶ
1113 3069 1338 3135 τραχεῖα
1374 3066 1533 3135 (πρὸς
1553 3068 1595 3097 ⁸⁸
1631 3068 1740 3135 γὰρ
1764 3064 1841 3135 τῷ

1950 3063 2251 3117 Descensus
2305 3076 2335 3115 a
2378 3062 2615 3117 sinistris
2651 3064 2972 3134 ingredienti
3012 3077 3274 3135 angustus
3300 3077 3359 3124 et
3397 3083 3519 3125 sca-

262 3156 533 3225 πετρώδει
566 3157 660 3209 καὶ
695 3158 882 3225 φυτοῖς
901 3157 1190 3225 ἀνημέροις
1221 3158 1313 3209 καὶ
1340 3159 1591 3218 ἀτάκτοις
1618 3157 1842 3208 δασύνε-

1958 3155 2172 3216 brosus.
2222 3154 2411 3224 longua
2450 3155 2640 3209 stadiis
2694 3155 3024 3224 quindecim,
3072 3158 3175 3211 nisi
3235 3159 3380 3226 quod
3411 3174 3518 3213 non

258 3248 463 3313 cat“),
495 3247 682 3315 μακρὰ
712 3246 768 3298 δὲ
793 3247 913 3298 ὅσον
944 3246 1038 3297 ἐπὶ
1072 3246 1315 3308 σταδίους
1335 3248 1377 3278 ⁶³
1406 3246 1831 3298 πεντεκαίδεκα·

1948 3240 2121 3294 solum
2156 3240 2281 3307 viri,
2318 3241 2415 3296 sed
2445 3242 2608 3295 etiam
2651 3242 2863 3297 femina:
2890 3243 3044 3298 valde
3073 3246 3341 3314 expedite
3374 3246 3519 3302 illam

262 3339 410 3406 πλὴν
445 3338 863 3390 καταϐαίνουσιν
885 3337 1053 3407 αὐτὴν
1080 3338 1139 3388 οὐ
1176 3337 1335 3407 μόνον
1357 3338 1567 3407 ἄνδρες,
1591 3338 1725 3391 ἁ).λά
1751 3338 1847 3391 καὶ⁵
1872 3335 1917 3390 C

1872 3335 1917 3390 c
1951 3328 2342 3397 ingrediantur.
2378 3330 2734 3385 Descendenti
2783 3332 2925 3385 horti
2958 3342 3015 3387 et
3060 3334 3176 3401 agri
3219 3335 3438 3404 plurimi
3467 3337 3518 3390 in

261 3429 601 3497 γυναικῶν⁶δ
626 3431 681 3481 al
713 3430 1087 3497 εύζωνότεραι.
1119 3430 1448 3482 Κατελθόντι
1476 3429 1530 3480 δέ
1560 3429 1723 3497 κῆποι
1751 3430 1845 3480 καὶ

1951 3421 2193 3486 sequenti
2222 3420 2358 3475 valle
2380 3431 2689 3475 occurrunt.
2714 3421 2936 3476 Summa
2970 3438 3099 3491 pars
3140 3434 3195 3479 et
3248 3428 3517 3495 angustis-

260 3518 532 3586 γεωργίαι
567 3516 759 3569 πολλαί
806 3518 945 3568 εἰσιν
966 3517 1009 3546 "
1040 3519 1095 3567 ἐν
1127 3514 1204 3584 τῷ
1236 3514 1597 3583 διαδεχομὲνῳ
1624 3514 1845 3565 αὑλῶνι.

262 3610 341 3665 Τὸ
371 3610 415 3663 5'
446 3604 538 3660 οὖν
571 3607 740 3677 ἀκρον
770 3607 929 3658 αὑτοῦ
956 3606 1049 3657 καὶ
1080 3610 1415 3657 στενώτατον
1446 3606 1711 3673 ὑποδοχὴν
1736 3604 1848 3672 ἔχει

263 3702 739 3769 καταλαϐομένων
751 3698 795 3732 ⁸⁸
826 3702 882 3752 ἐν
910 3697 1094 3768 κύκλῳ
1119 3696 1357 3766 Στυγίων
1388 3699 1615 3763 ὑδάτων,
1646 3696 1737 3751 καὶ
1759 3694 1848 3752 διὰ

262 3800 369 3865 τὴν
396 3794 503 3847 ἀπὺ
537 3789 732 3843 πολλοῦ
768 3790 938 3858 ὕψους
966 3794 1137 3859 φορὰν
1172 3792 1251 3852 είς
1292 3790 1435 3859 ἀέρα
1485 3788 1848 3858 σκεδαννυμέ-

263 3907 399 3953 νων,
437 3885 554 3939 εῐτα
574 3886 616 3916 ⁸⁷
646 3885 712 3938 αὖ
746 3885 909 3937 πάλιν
940 3884 1019 3946 είς
1046 3883 1107 3935 τὸ
1151 3880 1303 3934 κάτω
1350 3880 1845 3951 συμπηγνυμένων.

262 3981 462 4045 Θέαμα
484 3975 643 4029 τοῦτο
665 3977 756 4028 καὶ
784 3974 999 4042 φύσεως
1029 3974 1187 4041 ἔργον
1214 3976 1409 4041 σεμνὸν
1438 3973 1530 4024 καὶ
1559 3972 1845 4043 φρικῶδες.

263 4072 372 4122 ούκ
422 4069 569 4121 ἔστιν
617 4068 792 4128 οὐδεὶς
843 4066 983 4135 ἀνὴρ
1032 4063 1093 4126 ὃς
1146 4062 1271 4115 ίδὼν
1311 4063 1411 4114 οὐκ
1441 4062 1507 4115 ἂν
1537 4060 1848 4132 πληρωθείη

269 4158 570 4227 σεϐασμίου
620 4155 747 4227 [568
781 4154 875 4226 IL]
917 4153 1103 4222 φόϐου.
1130 4152 1251 4204 Τῶν
1279 4151 1337 4204 δὲ
1371 4150 1745 4221 ῥιπτουμένων
1772 4149 1849 4219 τῷ

268 4252 427 4303 ὕδατι
482 4248 846 4317 ἀναθημάτων
893 4246 962 4297 τὰ
1007 4245 1105 4314 μὲν
1155 4242 1476 4295 καταδύεται
1508 4243 1587 4304 είς
1627 4241 1845 4305 ἀϐυθον,

268 4340 377 4394 κάν
406 4326 616 4409 ἐλαφρά
646 4335 704 4409 ᾖ,
730 4331 812 4400 οἷς
840 4336 1083 4404 εὐμενῶς
1110 4334 1224 4403 ἔχει
1254 4332 1316 4385 τὸ
1359 4331 1501 4384 θεῖον
1519 4345 1535 4361 ο
1569 4326 1718 4392 orm
1749 4331 1846 4401 μὴ,

266 4431 447 4482 ταῦτα
482 4430 539 4481 δὲ
565 4429 696 4494 ἀρα,
727 4428 831 4479 κᾶν
859 4424 1137 4495 βαρύτατα
1162 4419 1218 4493 ᾖ.
1259 4420 1579 4482 ἐπιπολάζει
1626 4420 1722 4473 καὶ
1770 4422 1848 4482 είς

266 4524 333 4575 τὸ
361 4521 519 4583 ἐκτὸς
548 4518 887 4573 ἀποπτύεται
914 4512 1226 4584 θαυμαστόν
1276 4529 1397 4564 τινα
1444 4511 1665 4581 τρόπον.
1693 4510 1767 4562 Τὸ
1790 4509 1848 4562 δέ

266 4616 457 4684 ὅρκιον
486 4611 579 4665 τοῦ
608 4628 667 4664 τε
692 4608 893 4679 χωρίου
920 4606 1015 4659 καὶ
1052 4603 1161 4657 τῶν
1186 4602 1393 4657 ὑδάτων
1426 4601 1726 4671 πεφρίκασι
1760 4599 1848 4653 διὰ

1947 3510 2085 3561 siina
2158 3508 2319 3569 habet
2395 3513 2829 3579 receptaculum,
2894 3527 3005 3582 quo
3055 3516 3234 3570 omnis
3287 3517 3520 3584 undique

1949 3611 2085 3663 aqua
2118 3598 2303 3667 Stygia
2340 3597 2531 3662 inﬂuit,
2598 3599 2800 3671 ξηιλ
2833 3602 2977 3669 quod
3006 3605 3074 3656 ab
3103 3603 3371 3659 altissimo
3399 3606 3520 3661 loco

1951 3688 2138 3756 lerlur,
2172 3689 2224 3746 in
2254 3710 2380 3748 aere
2432 3696 2726 3767 spargitur.
2789 3695 2982 3749 deinde
3043 3696 3240 3751 iterum
3294 3698 3520 3755 inferius

1950 3786 2247 3841 concurrit.
2286 3785 2662 3854 Spectaculum
2720 3785 2821 3845 hoc
2874 3806 2931 3847 et
2960 3795 3167 3851 natura
3211 3814 3344 3866 opus
3396 3794 3521 3854 reli-

1958 3874 2115 3942 gione
2145 3873 2359 3942 plenum
2389 3887 2447 3930 et
2480 3879 2723 3935 terribile
2773 3891 2873 3936 est.
2923 3879 3093 3939 Nemo
3122 3896 3223 3946 est.
3297 3890 3389 3958 qui
3444 3890 3521 3943 vi—

1952 3966 2116 4030 derit,
2146 3966 2274 4034 quin
2305 3966 2503 4022 timore
2521 3980 2716 4024 sancto
2763 3972 3052 4041 repleatur.
3083 3974 3340 4040 Quaedam
3371 3993 3403 4032 e
3425 3980 3521 4034 do-

1952 4056 2119 4109 nariis
2139 4071 2257 4124 qua:
2277 4057 2787 4126 aquainjiciuntur,
2828 4063 3149 4118 deferuntur
3204 4065 3258 4119 in
3296 4067 3516 4133 profun-

1950 4146 2100 4205 dum,
2126 4146 2338 4198 tametsi
2371 4146 2529 4212 levia,
2562 4147 2758 4215 quibus
2781 4150 2893 4218 ipse
2914 4152 3048 4206 deus
3070 4152 3340 4221 propitius
3374 4163 3459 4210 est
3500 4174 3514 4209 :

1953 4234 2150 4303 quibus
2173 4249 2302 4287 vero
2330 4234 2530 4299 minus,
2548 4236 2747 4291 ealicet
2768 4239 3109 4307 gravissima,
3132 4251 3509 4308 supernatant,

1958 4334 2012 4377 et
2041 4324 2324 4393 exspuitur
2352 4322 2497 4379 foras
2515 4325 2829 4380 admirando
2855 4328 3084 4396 quodam
3126 4329 3303 4383 modo.
3330 4328 3520 4384 Jurarc

1951 4428 2047 4481 per
2079 4428 2327 4480 campum
2361 4414 2509 4467 illum
2566 4425 2625 4469 et
2674 4431 2859 4484 aquas-
2902 4416 3092 4472 incola
3148 4420 3519 4489 experimento

1950 4504 2126 4558 cdocti
2158 4504 2403 4568 horrent,
2435 4519 2605 4573 quare
2634 4506 2916 4560 minimum
2942 4507 3126 4574 iurant
3154 4510 3289 4580 (27).
3318 4508 3374 4563 Si
3399 4511 3519 4577 quis

1956 4596 2247 4663 aliquando
2263 4595 2603 4665 pejoraverit,
2625 4597 2768 4652 intra
2794 4612 2993 4653 annum
3023 4616 3250 4671 corpore
3282 4600 3518 4669 hydrope

1570 4780 1803 4836 VARle
1842 4779 2243 4836 LECTIONES.

357 4915 405 4947 "
442 4913 687 4981 εὐφόρως
732 4909 791 4961 Β.
868 4907 917 4940 ³³
959 4903 1268 4975 ἀνεσχόμην
1300 4918 1360 4964 ς.
1436 4899 1482 4931 ⁸³
1524 4896 1790 4963 άπηνείας
1818 4893 1858 4947 Β
1903 4906 1975 4975 ει.
2000 4909 2140 4975 corr.
2171 4894 2279 4976 Δρ.
2350 4896 2753 4965 ⁸⁸διηνάγκασε
2786 4899 2851 4949 Α.
2958 4894 3003 4925 ⁸³
3035 4894 3179 4949 ἐπιτ.
3229 4893 3468 4959 Scaliger
3502 4909 3518 4944 :

357 4983 399 5036 ri
459 4986 618 5037 ἁποτ.
716 4980 763 5013 ³⁸
804 4978 977 5045 ἐγνων
1008 4975 1073 5030 C.
1148 4974 1192 5004 ”
1224 4969 1561 5045 Quavopitgv
1595 4966 1810 5045 codices
1833 4963 2034 5045 ⁸Μαι-ειη
2087 4978 2137 5031 p.
2190 4965 2350 5044 μὴν.
2380 4965 2509 5045 57.“
2548 4965 2596 4996 ⁸⁸
2640 4967 2937 5045 Sno-Tuo}.
2979 4964 3041 5045 ιο.
3065 4962 3436 5045 συνηριῳριν.

266 4983 399 5039 libri
459 4986 618 5037 ἀποτ.

266 5033 525 5104 Sir—913:
585 5033 692 5101 τῶν
719 5049 762 5101 Α
802 5033 858 5100 τ’
898 5048 1043 5108 υτοίς
1086 5042 1261 5111 ἀνημέ
1331 5033 1507 5101 ις’καϊ
1538 5036 1809 5113 ἀτάκτοις.
1828 5033 2109 5111 δασύνεται
2153 5033 2261 5085 τῶν
2311 5050 2372 5098 ς.
2469 5035 2509 5066 ⁶¹
2553 5038 2710 5104 πρός.
2741 5062 2809 5075 -
2845 5034 2914 5075 ⁶¹ε

266 5125 317 5142 .-
366 5067 590 5142 Ῡκμιιιξ-
619 5134 655 5142 _
750 5118 797 5142 ea
827 5064 1081 5142 ..ἲν-τυ.-
1112 5130 1149 5142 ,-
1246 5056 1464 5142 ora.”
1508 5114 1627 5142 mel
1675 5102 1871 5142 ηὐλιιινι
1906 5109 2052 5142 nnanl
2086 5120 2125 5142 r-
2221 5102 2265 5135 σε
2311 5103 2708 5142 νηεειᾶηηιυων
2738 5121 2777 5142 Ρ
2871 5102 2914 5134 ⁵⁷

750 5096 1081 5185 ὂδ’γῦναλκές
1111 5096 1209 5175 ς.”
1246 5096 1292 5142 ⁸³
1325 5096 1464 5162 εἰσιν
1508 5114 1631 5175 post
1675 5101 1872 5157 αύλῶνι
1904 5104 2052 5173 ponit
2086 5120 2146 5167 ς.
2221 5102 2265 5135 ⁶⁶
2308 5096 2708 5175 κατειϐομιῆρων
2738 5121 2799 5171 ς,
2871 5102 2914 5134 ιν
2938 5096 3061 5155 dm
3097 5128 3166 5143 __.
3194 5116 3516 5170 συμπηγνυ.

266 5125 318 5156 ⁸³
355 5120 591 5182 σταδίοις
614 5134 675 5182 ς’.

270 5194 452 5262 μένων
476 5205 585 5245 om.
614 5192 685 5242 A.

2695 4914 2753 4949 σε
2786 4899 2851 4949 Α.
2958 4894 3003 4925 ⁸⁸
3035 4894 3179 4949 ἐπιτ.
3229 4892 3468 4959 Scaliger
3502 4909 3518 4944 :

2469 5035 2509 5104 at
2553 5038 2710 5104 πρός,
2741 5028 2809 5075 ζ..
2845 5028 3215 5104 σξίδα-σύνεταῖ
3243 5030 3366 5083 add.
3407 5028 3516 5083 AB.

1776 5286 2005 5344 ΝΟΤΕ.

340 5467 478 5534 (25‘)
512 5464 591 5518 Ad
619 5459 835 5534 Homeri
868 5459 1044 5534 lo_c_ut_'n
1096 5451 1354 5534 respexit.
1389 5449 1457 5505 ιι.
1496 5454 1561 5505 et.
1597 5462 1720 5503 vers
1747 5446 1847 5511 37,

268 5552 326 5595 et
344 5521 480 5591 ‘ihid'.
526 5532 794 5596 Eustath.;
826 5540 879 5582 et
914 5527 1071 5601 licia,
1092 5521 1405 5601 DeAlphco.
1435 5588 1491 5601 ω

350 5588 459 5679 (€29)
490 5588 880 5679 ρνίάςμειέιιειρ
914 5588 1324 5679 ῌειηιίὲιιηέδ·
1350 5600 1403 5679 ει
1430 5588 1634 5679 “22"!-

347 5658 455 5747 (ἐϋ
497 5667 1028 5747 V_irgili_us.£neid.,
1073 5664 1172 5747 in).
1226 5678 1300 5747 vi,
1356 5658 1612 5747 pineae”;

510 5726 686 5808 coFgu'
714 5726 896 5808 stagna
912 5726 1021 5808 alta
1040 5734 1201 5794 vides,
1233 5730 1568 5808 Stygiamque
1591 5726 1852 5791 paludem,

502 5812 568 5867 lu
604 5799 750 5873 Eujua
772 5799 960 5875 furare
987 5806 1164 5858 timent
1204 5811 1249 5852 et
1291 5799 1471 5868 fallere
1512 5811 1716 5847 "unum

608 5903 870 5965 Panos.
916 5900 1034 5957 tiu.
1064 5888 1223 5957 Clll.

2020 5446 2092 5500 At
2114 5443 2324 5515 Jupiter
2356 5445 2475 5515 lege
2498 5445 2661 5500 veluti
2700 5444 2905 5500 solutus
2928 5442 3076 5510 jnrat

2742 5551 2911 5620 Stygii
2944 5566 3036 5618 per
3054 5547 3516 5620 ﬂumina‘fratria,

2114 5624 2222 5679 Per
2259 5642 2371 5695 prce
2397 5634 2671 5685 torrentes,
2704 5617 2922 5688 atraque
2946 5617 3199 5685 uoragine
3250 5617 3413 5682 ripas,

2507 5713 2739 5779 (Eueni.
2776 5712 2864 5764 lib.
2902 5724 2971 5771 ιε.
3016 5724 3065 5761 v.
3103 5704 3380 5776 l05-106.)

3050 5870 3114 5931 ιιι
