4206 6436
731 387 859 459 1291
1837 380 2093 443 PIIOTll
2126 377 2386 439 PATRIA

2406 372 2627 433 liClIxE
2668 371 2775 429 CP.
3829 363 3984 428 1292

724 505 1026 560 tumefacto
1054 504 1300 566 moritur,
1325 513 1591 569 nemoque
1609 512 1839 567 unquam
1866 511 2077 566 poenam
2099 494 2286 547 evasit.

2400 488 2589 555 πείρας
2620 487 2668 536 oi
2703 483 3007 553 ἐπιχώριοι,
3038 484 3117 534 διὸ
3174 483 3267 533 καὶ
3318 482 3521 546 ἥκιστα
3552 480 3863 548 ὀμνύουσιν.
3910 477 3986 528 Et

719 598 775 649 δέ
809 597 937 649 ποτέ
966 614 1048 657 τις
1098 594 1417 665 ἐπιορκήσει
1452 593 1518 656 ⁸⁸,
1567 592 1697 643 είσω
1750 586 1998 640 ἐνιαυτοῦ
2029 585 2348 645 ἀπόλλυται,
2382 581 2534 649 φασὶ,
2589 577 2849 647 φυσηθεὶς
2881 576 3051 646 ὑδέρῳ
3080 576 3140 627 τὸ
3171 575 3466 643 σῶμα,καὶ
3492 571 3666 632 οὐδεὶς
3692 570 3787 639 τὴν
3816 569 3988 633 δίκην

721 690 993 757 διέφυγεν.

794 802 991 858 Fertur
1017 813 1070 856 et
1100 802 1341 856 Bacchus
1383 799 1687 870 Lycurgum
1718 806 1772 851 et
1805 806 2030 849 caeteros
2085 803 2290 846 Araoes
2318 791 2366 848 A

2464 789 2588 839 Ὀτι
2620 787 2890 845 Διόνυσος,
2916 782 3052 850 φησὶ
3067 782 3132 843 ⁶⁹,
3156 784 3468 847 Λυκουργον
3498 775 3591 828 καὶ
3613 776 3737 835 τοὺς
3767 774 3983 841 ἐπομέο

730 896 961 949 comites
1004 892 1119 959 ejus
1153 892 1279 945 vino
1306 890 1600 955 domuisse,
1624 902 1743 941 cum
1764 901 1829 939 ex
1858 894 1979 939 utre
2005 884 2299 938 exercitum

2400 892 2523 937 νους
2574 873 2723 941 αὐτῷ
2755 871 2998 934 Ἄραϐας
3052 868 3462 937 κατηγωνίσατο
3500 865 3650 933 οῐνῳ,
3682 862 3777 915 ἀπ’
3801 860 3983 914 ἀσκοῦ

728 985 1018 1037 irrorasset
1066 978 1337 1040 hostilem,
1403 976 1542 1030 unde
1586 984 1641 1029 et
1713 973 1898 1027 urbem
1980 970 2299 1023 Damascum

2404 966 2750 1036 καταρρἀνας
2789 963 2887 1031 τὴν
2929 960 3191 1028 πολεμίαν
3224 956 3485 1025 στρατιάν
3506 971 3522 986 ·
3571 955 3630 1018 ἐξ
3653 947 3715 1006 οὗ
3750 952 3844 1006 καὶ
3878 953 3985 1021 τὴν

734 1073 1045 1143 appellavit.
1077 1070 1309 1136 Quidam
1346 1069 1461 1121 urbi
1497 1080 1692 1121 nomen
1745 1080 1777 1117 ι
1824 1062 2054 1131 quodam
2088 1062 2307 1129 gigante

2404 1058 2557 1109 πόλιν
2602 1055 2833 1139 ἐκάλεσε
2884 1051 3191 1121 Δαμασκόν.
3224 1050 3288 1101 Oi
3319 1048 3377 1101 δὲ
3405 1047 3505 1117 τὴν
3546 1044 3866 1111 ἐπωνυμίαν
3894 1042 3985 1094 δι-

734 1130 997 1228 tribuunt,
1037 1163 1122 1215 cui
1148 1175 1339 1213 nomen
1398 1159 1588 1219 Ascus,
1628 1169 1787 1223 quem
1831 1153 2039 1221 Jupiter
2066 1152 2174 1205 illic
2212 1150 2304 1203 do-

2405 1151 2555 1204 δόασι
2684 1148 2833 1198 πόλει
2858 1145 2965 1196 ἀπὸ
2994 1142 3246 1210 γίγαντός
3269 1156 3438 1202 τινος,
3471 1130 3515 1203 ᾧ
3556 1138 3726 1207 ὄνομα
3762 1134 3981 1193 ’Δσκδς,

735 1258 869 1312 mttil
904 1273 917 1320 ;
947 1255 1034 1307 alii
1066 1252 1197 1304 alias
1257 1250 1419 1316 hujus
1478 1246 1710 1300 nominis
1751 1245 1991 1297 rationes
2044 1240 2296 1296 reddunt.

2410 1243 2467 1313 ὃν
2490 1243 2517 1292 6
2542 1241 2674 1299 Ζεὺς
2705 1237 2970 1305 ἐδάμασεν
2999 1230 3440 1287 ἐνταῦθα.”Αλλοι
3468 1229 3523 1281 δὲ
3548 1228 3641 1279 καὶ
3679 1226 3845 1285 ἄλλας
3890 1223 3983 1273 λέ-

734 1313 938 1399 Auctor
964 1356 1027 1394 ex
1071 1343 1170 1393 bac
1224 1313 1355 1391 urbe
1407 1336 1667 1405 originem
1716 1333 1887 1387 duxit.
1952 1330 2023 1386 Ut
2064 1330 2301 1385 studium

2414 1347 2567 1397 γουσι
2620 1329 2720 1397 τῆς
2775 1325 3093 1394 ἐπωνυμίας
3123 1321 3394 1383 αίτίας.⁶0
3422 1320 3477 1371 δέ
3524 1314 3872 1385 συγγραφεὺς
3915 1313 3985 1363 ἐκ

738 1449 919 1504 aptum
949 1434 1014 1487 ad
1047 1430 1393 1491 rhetoricam,
1435 1440 1757 1494 omnemque
1788 1439 1970 1477 curam
2015 1423 2079 1474 ad
2140 1435 2200 1473 os
2250 1428 2304 1472 et

2412 1421 2608 1487 ταύτης
2646 1416 2870 1486 ὥρμητο
2901 1416 2998 1483 τῆς
3023 1413 3251 1474 πόλεως.
3271 1412 3355 1472 Ὦς
3384 1412 3414 1477 ἠ
3439 1407 3663 1475 ἀσχολία
3689 1404 3783 1456 τοῦ
3817 1406 3983 1472 ρητο⁴

738 1530 974 1597 liugnam
1009 1531 1346 1585 convertere,
1376 1520 1442 1572 ab
1493 1520 1669 1571 anima
1734 1526 1907 1569 autem
1971 1528 2143 1565 rerum
2182 1526 2305 1562 san-

738 1631 947 1673 ctarum
988 1632 1055 1670 ac
1098 1615 1399 1669 divinarum
1432 1610 1813 1678 cogitationem
1854 1611 2121 1657 avertere.
2156 1600 2300 1663 Hinc,

740 1711 913 1775 inquit
938 1715 1148 1769 auctor,
1185 1702 1505 1771 intelligens,
1541 1696 1831 1766 aliquando
1858 1693 2124 1748 oratorias
2148 1705 2303 1744 exer-

2415 1510 2592 1580 ρεύειν
2613 1509 2781 1576 δεινὴ,
2802 1507 3105 1575 στρέφουσα
3134 1505 3231 1573 μὲν
3256 1503 3383 1571 περὶ
3411 1500 3585 1567 στόμα
3616 1498 3709 1548 καὶ
3736 1496 3984 1562 γλῶτταν

2412 1602 2511 1671 τὴν
2554 1601 2680 1669 ὅλην
2730 1615 2827 1669 μου
2870 1597 3121 1665 σπουδὴν,
3150 1592 3566 1662 ἀποστρέφουσα
3590 1589 3646 1641 δὲ
3676 1587 3777 1655 τῆς
3802 1584 3985 1655 ψυχῆς

2414 1693 2507 1745 καὶ
2552 1691 2661 1743 τῶν
2715 1688 3190 1757 ἀποκαθαιρόντων
3237 1683 3404 1754 αὐτὴν
3447 1679 3734 1751 μακαρίων
3781 1692 3843 1728 τε
3889 1674 3984 1727 καὶ

741 1800 1025 1853 citationes
1067 1793 1281 1862 reliqui,
1339 1803 1387 1845 et
1431 1792 1508 1844 sic
1540 1804 1729 1843 novem
1766 1788 1891 1840 annl
1935 1785 2105 1851 elapsi
2146 1792 2294 1844 sunt,
2337 1778 2384 1836 Β

2413 1782 2673 1850 θεοφιλῶν
2734 1782 3112 1849 ἀκουσμάτων.
3145 1776 3327 1830 Ταῦτα
3381 1774 3425 1826 δ’
3449 1772 3667 1835 ἐννοῶν,
3720 1767 3889 1837 φησὶν
3953 1768 3982 1815 6

740 1890 974 1942 viximus
991 1884 1418 1940 simulomnibus
1464 1891 1518 1935 et
1548 1880 1792 1933 noetibus
1831 1886 1885 1930 et
1918 1876 2299 1937 diebus,men-

741 1997 829 2035 ses
864 1987 1003 2034 octo.
1028 1976 1301 2039 Videram,
1335 1970 1801 2042 inquit,ba:tulum
1827 1970 1878 2022 in
1914 1982 2040 2021 aere
2074 1974 2299 2029 motum,

2405 1876 2772 1944 συγγραφεὺς,
2806 1874 2976 1924 ἐνίοτε
3007 1869 3374 1937 διεκοπτόμην
3408 1865 3518 1918 τῶν
3554 1861 3863 1933 ῥητορικῶν
3892 1856 3975 1920 ἐξ

2400 1965 2911 2035 ηγὴσεων.Ἒνστον
2954 1962 3071 2024 ἔτος
3118 1959 3261 2012 οὕτω
3308 1974 3397 2026 μοι
3430 1952 3765 2023 διεληλύθεν.
3795 1950 3979 2003 Συνδι-

744 2070 982 2123 vestibus
1030 2066 1295 2120 interdum
1365 2041 1584 2126 tectum,
1662 2058 1949 2125 aliquando
1992 2055 2299 2109 veroetiam

2403 2057 2608 2126 ἤγομεν
2655 2054 2906 2122 ἀλλήλοις
2954 2054 3074 2104 ὅσαι
3116 2068 3177 2103 τε
3224 2049 3427 2119 ἡμέραι
3474 2046 3567 2097 καὶ
3612 2046 3735 2097 ὅσαι
3766 2041 3979 2103 νύκτες,

745 2160 999 2213 manibus
1040 2156 1234 2210 medici
1268 2162 1563 2222 portatum.
1597 2150 1799 2203 Nomen
1832 2146 2048 2208 medici,
2080 2144 2169 2213 qui
2200 2145 2305 2196 ba:-

2403 2147 2498 2200 ἐπὶ
2535 2146 2708 2215 μῆνας
2734 2152 2804 2213 η’.
2840 2139 3014 2205 Εἶδον,
3048 2141 3216 2210 φησὶ,
3246 2140 3337 2192 τθν
3372 2136 3622 2207 βαίτυλον
3651 2134 3739 2188 διὰ
3774 2132 3872 2193 τοῦ
3894 2132 3984 2184 ἀέ-

750 2249 921 2303 tulum
948 2247 1216 2316 gestabat,
1253 2220 1371 2299 erat
1392 2243 1678 2306 Eusebius,
1708 2239 1798 2308 qui
1852 2238 2014 2292 etiam
2049 2234 2183 2288 dixit
2214 2248 2304 2286 ac-

2407 2250 2497 2305 ρος
2524 2233 2861 2302 κινούμενον,
2887 2231 3016 2283 ποτὲ
3035 2230 3079 2282 δ’
3100 2232 3156 2281 ἐν
3184 2229 3296 2289 τοῖς
3327 2225 3562 2294 ἱματίοις
3580 2220 3977 2292 κρυπτόμενον,

746 2340 943 2394 cidisse
962 2338 1060 2391 sibi
1076 2310 1361 2405 aliquando
1384 2348 1483 2387 nec
1516 2330 1758 2401 Opinanti
1790 2328 2022 2383 subitum
2047 2326 2303 2391 impetum

2404 2325 2503 2393 ἥδη
2524 2324 2579 2376 δέ
2597 2340 2726 2375 ποτε
2747 2324 2839 2374 καὶ
2862 2323 2917 2372 ἐν
2941 2320 3095 2390 χερσὶ
3123 2317 3526 2387 βασταζόμενον
3540 2312 3634 2365 τοῦ
3655 2310 3983 2380 θεραπεύον-

744 2428 960 2482 errandi
990 2428 1055 2479 ab
1099 2428 1291 2479 Emesa
1329 2424 1480 2485 urbe,
1524 2435 1661 2488 pene
1708 2418 1880 2472 media
1940 2425 2117 2476 nocte,
2144 2427 2305 2480 quam

2406 2418 2733 2480 τος.¹ὐνομα
2762 2410 2805 2462 δ’
2835 2406 2902 2479 ἦν
2925 2410 3001 2479 τῷ
3035 2405 3446 2477 θεραπεύοντιτο
3476 2403 3568 2455 τὸν
3606 2399 3857 2469 βαίτυλον
3885 2398 3985 2449 Εὑ-

744 2518 1051 2588 lougissime
1079 2519 1141 2570 ad
1170 2525 1405 2570 montem
1436 2514 1603 2576 illum,
1639 2512 1691 2563 in
1738 2523 1844 2578 quo
1896 2507 2130 2561 Palladis
2172 2516 2309 2557 tem-

2409 2506 2606 2569 σέϐιος,
2636 2505 2693 2566 ὃς
2723 2505 2815 2557 καὶ
2848 2502 3034 2568 ἐλεγεν
3077 2497 3323 2552 ἐπελθεῖν
3361 2493 3507 2562 αὒτῷ
3554 2508 3686 2544 ποτε
3723 2490 3984 2558 ἀδόκητον

744 2611 1080 2679 plumveteri
1117 2606 1513 2677 magnilicemia
1560 2603 1836 2656 conditum
1875 2611 1977 2661 cst,
2032 2608 2086 2651 et
2148 2600 2309 2650 ivisse

2409 2598 2666 2665 ἐξαίφνης
2689 2594 2999 2663 προθυμίαν
3018 2587 3469 2657 ἀποπλανηθῆναι
3491 2584 3582 2637 τοῦ
3606 2584 3798 2644 ἄστεος
3828 2580 3984 2647 Ἐμέ-

745 2715 868 2755 sese
888 2701 1171 2753 celerrime
1223 2699 1289 2751 ad
1336 2711 1593 2750 cacumen
1628 2694 1845 2756 montis,
1875 2701 1928 2743 et
1961 2690 2156 2743 ibidem
2188 2699 2307 2740 tan-

2412 2689 2568 2755 σης⁷¹
2611 2688 2668 2738 ἐν
2701 2685 2853 2736 νυκτὶ
2883 2682 3123 2750 μεσούσῃ
3154 2680 3336 2749 σχεδὸν
3374 2680 3448 2740 ὡς
3479 2675 3820 2745 πορρωτάτω
3851 2673 3983 2740 πρὸς

748 2805 909 2858 quam
937 2804 967 2843 e
1021 2789 1108 2841 via
1151 2787 1352 2840 fessum
1405 2785 1697 2846 desedisse,
1730 2793 1785 2835 et
1826 2780 2026 2834 vidisse
2088 2779 2309 2845 globum

2408 2780 2468 2828 τὸ
2499 2778 2623 2846 δρος
2655 2774 2803 2835 αὐτὸ,
2827 2776 2884 2824 ἐν
2913 2766 2953 2838 ᾧ
2976 2774 3076 2839 τῆς
3118 2770 3346 2837 Ἀθηνᾶς
3371 2768 3579 2835 ἵδρυται
3606 2764 3739 2824 νεὼς
3765 2765 3983 2831 ἀρχαιο-

747 2881 885 2949 ignis
925 2878 1175 2932 celeriter
1236 2874 1608 2933 decidentetn,
1664 2882 1717 2924 et
1764 2870 1973 2923 leonem
2040 2870 2307 2935 ingentem

2414 2868 2626 2934 πρεπής
2646 2882 2660 2896 ·
2682 2863 2972 2932 ἀφικέσθαι
2996 2863 3052 2914 δέ
3073 2862 3169 2931 τὴν
3192 2860 3453 2927 ταχίστην
3479 2859 3557 2918 είς
3580 2856 3679 2925 τὴν
3708 2853 3985 2923 ὑπώρειαν

749 2971 804 3023 in
834 2969 989 3038 globo
1015 2967 1389 3029 constitutum,
1418 2974 1471 3015 et
1537 2963 1683 3014 illum
1729 2961 1910 3013 statim
1977 2959 2261 3011 evanuisse
2294 2970 2307 3003 :

749 3070 915 3125 seque
946 3054 1139 3124 3481)
1168 3092 1183 3115 ,
1218 3054 1339 3120 igne
1376 3052 1483 3120 jam
1524 3050 1810 3109 exstincto,
1841 3048 1904 3099 ad
1955 3046 2167 3113 globum
2213 3059 2309 3096 cu-

2408 2956 2501 3007 τοῦ
2532 2956 2711 3025 ὅρους,
2745 2956 2834 3006 καὶ
2860 2952 3045 3005 αὐτόθι
3077 2950 3436 3004 καθίσαντα⁷¹
3467 2946 3847 3001 ἀναπαύεσθαι
3873 2943 3982 2994 ὦσ-

2415 3063 2517 3114 περ
2544 3044 2603 3107 ἐξ
2626 3044 2745 3095 ὁδοῦ
2770 3059 2782 3071 ’
2817 3046 3050 3111 σφαῖραν
3072 3041 3129 3093 δέ
3156 3042 3325 3107 πυρὸς
3356 3038 3552 3106 ὑψόθεν
3576 3034 3986 3104 καταθοροῦσαν

749 3150 1007 3211 currisse,
1032 3156 1084 3199 et
1135 3145 1279 3197 illurn
1329 3150 1580 3208 tanquam
1617 3138 1869 3191 btetulum
1919 3135 2216 3200 accepisse,
2254 3143 2308 3184 et
2337 3114 2378 3169 Ο

2418 3134 2674 3201 ἐξαίφνης
2731 3132 2879 3193 ίδείν,
2914 3133 3008 3183 καὶ
3059 3131 3247 3181 λέοντα
3298 3129 3469 3197 μέγαν
3498 3129 3563 3196 τῇ
3596 3126 3803 3193 σφαίρᾳ
3847 3141 3985 3193 παρ-

751 3250 971 3303 rogasse
1000 3234 1152 3300 cuius
1190 3232 1275 3286 dei
1316 3238 1482 3293 esset,
1513 3239 1566 3281 et
1614 3225 1955 3295 respondisse
1998 3224 2143 3277 illum
2191 3234 2313 3297 esse

749 3324 989 3381 Genutei.
1026 3320 1316 3375 Geunaeutn
1342 3317 1669 3384 Heliopolita:
1708 3294 1915 3377 colunt,
1974 3323 2151 3365 erecta
2190 3294 2315 3378 qua-

750 3415 873 3466 dam
913 3412 1084 3467 leonis
1131 3411 1300 3462 forma
1348 3408 1400 3460 in
1448 3405 1646 3475 templo
1695 3402 1864 3458 Jovis.
1914 3402 2078 3454 Ivisse
2123 3400 2310 3453 eadem

751 3513 911 3557 nocte
939 3503 1023 3554 via
1057 3517 1160 3554 non
1206 3501 1383 3553 minus
1424 3512 1582 3566 quam
1623 3497 1805 3549 decem
1859 3504 1913 3545 et
1958 3493 2312 3543 ducentorum

751 3596 1071 3657 stadiorum,
1115 3602 1170 3645 ut
1196 3591 1395 3653 aiebat,
1426 3588 1702 3641 Continuo.
1755 3583 2016 3635 Eusebius
2051 3596 2153 3634 non
2196 3588 2313 3633 erat

754 3686 1000 3739 dominus
1022 3683 1198 3737 baetuli
1239 3690 1499 3736 motuum,
1545 3685 1601 3728 ut
1658 3674 1747 3726 alii
1790 3674 2037 3733 aliorum,
2087 3668 2180 3722 sed
2225 3668 2313 3720 hic

754 3775 968 3846 petebat
1015 3782 1070 3826 et
1107 3772 1297 3825 orabat
1331 3787 1345 3822 :
1383 3768 1471 3822 ille
1488 3782 1616 3820 vero
1643 3766 1821 3817 locum
1870 3764 2028 3815 dabat
2052 3758 2309 3813 oraculis.

754 3867 880 3918 “me
927 3875 981 3918 et
1004 3863 1166 3917 ntulta
1225 3863 1420 3916 similia
1455 3868 1682 3927 nugatur
1715 3859 1905 3925 dignus
1935 3853 2173 3922 profecto
2204 3852 2313 3905 ba:-

755 3957 901 4009 tuliis
932 3956 1201 4023 lapidibus
1234 3970 1244 4004 :
1282 3952 1409 4021 quin
1432 3951 1594 4004 etiam
1632 3950 1853 4001 formam
1889 3944 2007 4011 ejus
2033 3940 2308 3993 describit.

754 4046 955 4100 Globus
978 4046 1215 4111 quidem,
1252 4043 1445 4109 lnquit,
1476 4040 1742 4105 egregius,
1766 4037 1943 4089 colore
1961 4032 2308 4092 subcandido,

755 4137 1018 4188 diametro
1047 4137 1236 4203 longus
1273 4132 1469 4201 palmo,
1502 4130 1593 4181 sed
1628 4126 1893 4180 interdum
1954 4120 2122 4188 major
2149 4134 2313 4187 appa-

759 4233 930 4291 rebat,
960 4229 1229 4281 interdum
1260 4225 1453 4286 minor,
1488 4221 1755 4275 interdum
1798 4231 2119 4287 purpureus,
2154 4213 2313 4267 etlit-

758 4334 904 4378 teras
933 4323 1172 4376 ostendit
1192 4320 1345 4373 nobis
1376 4321 1426 4371 iu
1454 4318 1628 4384 lapide
1656 4316 1971 4380 descriptas,
2025 4311 2183 4379 idque
2214 4324 2310 4362 co-

758 4412 871 4465 lore
908 4410 1277 4479 tiugabarino,
1305 4416 1360 4459 ut
1384 4415 1598 4468 vocant,
1632 4413 1686 4457 et
1721 4408 1771 4455 in
1796 4416 1949 4454 muro
1975 4400 2113 4453 ﬁxit.
2157 4397 2311 4453 Unde
2342 4441 2386 4495 υ

756 4502 1053 4555 sciscitanti
1080 4499 1357 4553 oraculum
1388 4496 1552 4554 dedit,
1590 4505 1642 4548 et
1663 4508 1848 4547 vocem
1907 4490 2087 4543 emisit
2109 4505 2139 4542 e
2167 4488 2309 4542 tenui

758 4591 960 4653 ﬁstula,
1023 4604 1181 4655 quam
1231 4590 1614 4653 interpretatus
1669 4590 1753 4634 est
1807 4580 2093 4634 Eusebius.
2153 4578 2313 4630 Vana:

758 4680 953 4733 mentis
986 4680 1072 4732 ille
1104 4679 1203 4731 alia
1238 4680 1401 4730 multa
1458 4677 1696 4726 miranda
1742 4674 1807 4726 de
1844 4671 2037 4725 baetulo
2088 4678 2271 4721 narrat
2300 4684 2312 4719 :

759 4771 1015 4841 Equidem
1049 4778 1291 4836 putaram
1344 4767 1567 4817 divinius
1628 4780 1735 4816 esse
1789 4761 2058 4814 oraculum
2113 4757 2314 4819 bauuli,

759 4860 1000 4913 Isidorus
1035 4860 1349 4911 daemonium
1367 4857 1539 4923 potius
1569 4870 1675 4906 esse
1706 4853 1859 4905 dixit.
1892 4850 2022 4903 Esse
2042 4850 2178 4902 enim
2211 4849 2313 4900 ali-

758 4964 909 5018 quem
936 4949 1223 4998 dwmouem
1258 4952 1542 4997 moventem
1565 4942 1734 5003 illum,
1770 4956 1872 4991 non
1903 4954 2065 4990 unum
2100 4954 2162 4991 ea:
2217 4939 2317 4990 ad-

758 5036 968 5091 modum
1001 5034 1173 5099 motis,
1204 5048 1306 5087 non
1332 5032 1543 5085 omnino
1574 5030 1966 5089 immateriatis,
1995 5044 2084 5079 nec
2107 5028 2316 5080 omnino

759 5127 925 5193 puris.
960 5124 1281 5178 Batulorum
1308 5122 1469 5173 alium
1506 5118 1593 5172 alii
1629 5118 1959 5181 incumbere,
2006 5126 2063 5171 ut
2086 5117 2175 5169 ille
2212 5116 2318 5171 cri-

762 5224 979 5271 minans
1000 5217 1152 5281 dicit,
1188 5216 1313 5279 deo,
1342 5214 1601 5273 Saturno,
1632 5210 1773 5272 Jovi,
1799 5209 1930 5272 Soli,
1950 5220 2000 5262 et
2034 5208 2175 5262 aliis.

2416 3225 2702 3291 ιστάμενον
2722 3241 2734 3252 ·
2783 3224 2873 3274 τὸν
2908 3223 3006 3288 μὲν
3032 3223 3095 3289 δὴ
3125 3220 3467 3288 παραχρῆμα
3497 3216 3679 3284 ἀφανῆ
3710 3215 3984 3283 γενέσθαι,

2414 3315 2578 3367 αὑτὸν
2619 3314 2674 3365 δὲ
2724 3313 2817 3365 ἐπὶ
2862 3313 2961 3382 τὴν
3009 3315 3242 3379 σφαῖραν
3293 3311 3521 3377 δραμεῖν
3560 3308 3663 3376 ήδη
3697 3305 3791 3358 τοῦ
3820 3304 3987 3374 πυρὶς

2415 3404 2907 3471 ἀποσϐεννυμένου,
2940 3403 3034 3453 καὶ
3079 3399 3407 3453 καταλαϐεῖν
3458 3397 3626 3464 αὐτὴν
3676 3392 3845 3449 οὖσαν
3899 3394 3986 3445 τὸν

2417 3493 2688 3562 βαίτυλον,
2723 3493 2814 3544 καὶ
2840 3491 3132 3545 ἀναλαϐεῖν
3159 3489 3339 3553 αὑτὸν,
3374 3488 3536 3559 [1064
3554 3487 3645 3556 IL]
3676 3490 3771 3540 atat
3798 3487 3987 3556 διερω-

2413 3584 2576 3652 τῆσαι
2621 3584 2743 3636 ὅτου
2794 3581 2930 3634 θεῶν
2960 3582 3027 3634 ἂν
3056 3581 3165 3651 είη,
3196 3581 3361 3648 φάναι
3407 3579 3452 3631 δ’
3482 3580 3693 3631 ἐκεῖνον
3726 3575 3867 3629 εἶναι
3896 3578 3987 3627 τοῦ

2414 3676 2665 3727 Γενναίου
2712 3675 2837 3743 (τὸν
2869 3674 2925 3725 δὲ
2954 3674 3203 3725 Γενναῖον
3236 3672 3636 3724 ῚΙλιουπολῖται
3665 3669 3900 3738 τιμῶσιν
3933 3671 3989 3719 ἐν

2413 3766 2533 3826 Διὸς
2560 3766 2898 3835 ἱδρυσάμενοι
2927 3764 3140 3832 μορφήν
3164 3779 3287 3814 τινα
3313 3761 3567 3829 λέοντος),
3598 3761 3911 3827 ἀπαγαγεῖν
3932 3775 3989 3810 τε

2412 3856 2599 3908 οἴκαδε
2641 3858 2739 3925 τῆς
2785 3854 2953 3921 αὐτῆς
3003 3854 3194 3915 νυκτὸς
3223 3853 3325 3906 οὐκ
3357 3853 3559 3906 ἐλάττω
3588 3852 3819 3905 σταδίων
3855 3851 3985 3903 δέκα

2415 3951 2506 4000 καὶ
2536 3948 2846 4009 διακοσίων,
2870 3948 2945 4007 ὼς
2970 3946 3095 4014 ἐφη,
3120 3944 3401 4014 διηνεκῶς.
3420 3946 3534 3997 Οὐκ
3565 3940 3633 4014 ἦν
3656 3943 3715 3995 δὲ
3748 3943 3937 4013 κύριος
3960 3943 3989 3993 6

2413 4041 2669 4101 Εὐσέϐιος
2704 4040 2799 4107 τῆς
2830 4039 2923 4091 τοῦ
2938 4040 2982 4069 ⁷³
3012 4038 3263 4107 βαιτύλου
3292 4038 3593 4105 κινήσεως,
3622 4035 3813 4105 ὥσπερ
3839 4035 3987 4088 duo:

2412 4129 2616 4181 ἄλλων·
2647 4129 2766 4179 ἀλλ’
2788 4130 2816 4179 6
2844 4128 2942 4195 μὲν
2970 4128 3141 4179 ἐδεῖτο
3174 4128 3267 4179 καὶ⁸
3297 4125 3516 4195 ηὔχετο,
3547 4127 3575 4177 6
3599 4125 3653 4177 δέ
3676 4126 3925 4194 ὑπήκουε
3945 4125 3988 4151 ⁷⁵

2414 4221 2552 4290 πρὸς
2602 4220 2699 4281 τὰς
2748 4217 3114 4287 χρησμῳδίας.
3148 4217 3333 4291 Ταῷτα
3381 4217 3623 4285 ληρήσας
3670 4216 3766 4267 καὶ
3822 4213 3988 4269 πολλὰ

2412 4309 2638 4362 τοιαῦτα
2656 4310 2684 4360 6
2710 4309 2817 4360 τῶν
2840 4309 3127 4377 βαιτυλίων
3150 4308 3223 4370 ὡς
3245 4308 3458 4376 ἀληθῶς
3480 4308 3650 4371 ἄξιος,
3666 4308 3755 4359 τὸν
3780 4306 3988 4359 λίθου’⁸

2413 4400 2700 4469 διαγράφει
2728 4399 2893 4450 καὶτὸ
2911 4394 3047 4461 εἶδος
3076 4398 3261 4451 αὐτοῦ.
3291 4399 3501 4467 Σφαῖρα
3532 4398 3630 4467 μὲν
3656 4398 3985 4465 γὰρ,φησὶν,

2418 4490 2649 4559 ἀκριϐὴς
2689 4488 2981 4558 ἐτύγχανεν
3032 4488 3154 4559 [567
3184 4488 3219 4541 b
3250 4486 3345 4558 ιι]
3393 4487 3487 4549 ὢν,
3520 4486 3821 4549 ὑπόλευκος
3846 4486 3904 4538 δὲ
3931 4497 3989 4536 τί

2421 4582 2639 4652 χρῶμα,
2671 4580 3001 4649 σπιθαμιαία
3030 4581 3085 4633 δὲ
3110 4580 3207 4649 τὴν
3233 4580 3523 4647 διάμετρον
3552 4580 3689 4629 κατά
3722 4577 3984 4645 μέγεθοςο

2421 4670 2535 4722 ἀλλ’
2571 4670 2735 4722 ἐνίοτε
2772 4670 2969 4738 μείζων
3012 4668 3221 4735 ἐγίνετο
3245 4668 3340 4719 καὶ
3366 4666 3623 4729 ἐλάττων,
3656 4666 3751 4717 καὶ
3776 4682 3986 4734 πορφυ-

2425 4760 2633 4830 ροειδὴς
2682 4760 2887 4812 ἄλλοτε.
2916 4760 3019 4810 Καὶ
3050 4758 3349 4827 γράμματα
3395 4755 3723 4819 ἀνέδειξενη
3758 4756 3892 4822 ἡμῖν
3934 4756 3988 4805 ἐν

2422 4851 2499 4918 τῷ
2530 4852 2663 4919 λίθῳ
2694 4851 3071 4920 γεγραμμένα,
3102 4848 3352 4919 χρώματι
3399 4847 3476 4916 τῷ
3525 4845 3846 4913 καλουμένῳ
3874 4862 3989 4911 τιγ-

2414 4942 2694 5012 γαϐαρίνῳ
2728 4940 3245 5010 κατακεχρωσμένα,
3278 4938 3370 4990 καὶ
3399 4940 3456 4989 ἐν
3479 4936 3645 5005 τοίχῳ
3670 4934 3729 4987 δὲ
3756 4936 3988 5004 ἐγκρούο

2415 5048 2514 5094 σας
2530 5048 2544 5062 ο
2573 5030 2641 5083 δι’
2658 5049 2733 5084 ων
2755 5030 3005 5083 ἀπεδίδου
3023 5030 3117 5082 τὸν
3145 5028 3473 5098 ζητούμενον
3495 5025 3574 5094 τῷ
3599 5023 3990 5093 πυνθανομένῳ

2414 5122 2691 5192 χρησμὸν,
2726 5122 2821 5173 καὶ⁴
2854 5120 3038 5189 φωνὴν
3064 5119 3269 5187 «ἠφίει⁷⁷
3315 5115 3510 5170 λεπτοῦ
3544 5115 3900 5186 συρίσματος,
3926 5114 3988 5182 ἣν

2413 5212 2724 5280 ἡρμήνευεν
2740 5212 2767 5263 6
2785 5207 3409 5277 Εὑσέϐιος.Τερατολογή
3418 5222 3515 5268 σας
3528 5201 3621 5258 οὖν
3641 5204 3710 5258 τὰ
3726 5205 3988 5274 εἰρημένα

759 5311 786 5358 ὁ
828 5307 1107 5378 κενόφρων
1163 5300 1314 5365 οὗτος
1365 5304 1461 5354 καὶ
1511 5301 1676 5370 μυρία
1728 5300 1862 5352 ἄλλα
1912 5298 2342 5369 παραλογώτερα
2370 5300 2615 5369 περὶτοῦ
2642 5300 2916 5369 βαιτύλου,
2951 5301 3179 5369 ἐπάγει·
3224 5297 3370 5366 Ἐγὼ
3387 5297 3505 5366 μὲν
3558 5296 3727 5364 ᾤμην
3774 5296 3985 5349 θειότε-

2058 5433 2285 5489 VARle
2326 5433 2723 5489 LECTIONES.

831 5556 882 5643 ‘.'.
909 5555 1228 5643 tmarii":
1257 5554 1315 5643 β·
1347 5552 1605 5643 ,,⁴⁹,φαῖε
1622 5569 1723 5643 “5;.
1760 5549 2116 5643 ἰῖοθξράῖξοῖῖι
2336 5551 2574 5643 TW???
2600 5550 2947 5643 ιξρλἚμὲσης
2970 5569 3039 5643 ε·
3061 5552 3521 5643 ζτξεεὲιξῇεειντα
3890 5563 3985 5643 ῖξθ

764 5627 962 5680 addidi.
1036 5626 1079 5654 "
1123 5626 1396 5693 ὑπήκουσε
1428 5641 1485 5686 ς.

770 5698 1029 5765 μήνευσεν
1068 5711 1122 5757 ς’.

1561 5622 1605 5653 ⁷⁸
1634 5621 1724 5671 τὸν
1760 5619 1903 5670 λίθον
1964 5620 2003 5671 Β
2042 5630 2095 5673 et
2148 5635 2289 5673 corr.
2328 5624 2409 5672 A:
2466 5619 2574 5671 τῶν
2618 5619 2780 5671 λίθων
2811 5637 2878 5683 ς.

2970 5621 3014 5652 ⁷⁸
3055 5619 3357 5686 ἀνεδίδαξεν
3386 5621 3451 5673 Δ.
3554 5620 3595 5649 ⁷⁷
3625 5619 3775 5687 ἀφίει
3804 5646 3872 5657 -—
3895 5620 3985 5685 ἐρα
