4206 6436
778 367 915 430 1295
1909 368 2169 427 ΡΙῘΟἹῚΙ
2216 367 2439 425 l‘ATlll

2352 368 2648 426 'lllARCH
2672 368 2719 423 ἷῐ
2760 370 2865 426 (τι).
3870 370 4013 434 1296

768 485 997 545 primum
1043 481 1289 537 homines
1340 495 1459 535 esse
1508 484 1635 536 deos
1682 482 1892 535 futuros
1963 496 2185 535 necesse
2226 490 2327 533 est.
2362 490 2403 541 Α

2362 490 2403 541 Α
2433 482 2521 533 δὲδ
2552 484 2643 534 ιιιαὶ¹
2686 483 3029 550 ἀτοπώτερον
3070 483 3207 550 ἔχων
3256 484 3289 553 ἢ
3336 485 3455 538 κατ’
3490 484 4013 553 ίδιώτην.⁹Δσθενιῖιν

769 574 995 643 Ideoque
1025 584 1079 628 et
1106 574 1257 628 Plato
1278 574 1413 628 dixit
1441 573 1613 641 majus
1633 578 1828 627 bonum
1854 574 2057 627 homini
2086 574 2334 627 accidere

2433 572 2594 632 αὐτὸς
2626 571 2688 622 τὸ
2727 571 2888 639 σῶμα
2936 572 3029 625 καὶ
3066 572 3127 623 οὐ
3160 573 3351 643 πόῤῥω
3381 574 3571 625 τείνων
3593 574 3848 626 θανάτου.
3865 574 3925 625 ’0
3948 573 4010 625 δὲ

769 680 871 717 non
904 677 1081 731 posse,
1148 678 1309 729 quam
1359 662 1776 731 philosophiam.
1821 664 1924 716 Sed
1980 663 2083 717 hoc
2112 665 2335 731 contigit

2431 660 2568 727 πρὸς
2602 660 2701 727 μὲν
2724 660 2786 711 τὸ
2820 660 3132 727 παραυτίκα
3161 659 3438 729 δυσχερῶς
3458 662 3656 729 ἤκουσε
3684 660 3783 729 τῆς
3810 661 4014 713 ἀπολο-

764 768 907 808 nunc
931 762 1075 807 stare
1115 755 1224 824 (50)
1257 755 1307 806 in
1337 755 1473 815 acie,
1502 769 1604 807 non
1647 758 1942 817 novaculae.
1992 756 2086 809 sed
2133 754 2333 807 ultima:

2429 751 2554 818 γίας
2577 790 2592 813 ,
2626 751 2721 803 ἀτε
2761 751 2849 822 [δὴ
2863 750 2909 822 ⁸]
2951 751 3025 820 μὴ
3061 752 3180 803 κατ’
3214 750 3436 813 ἐλπίδας
3477 751 3625 821 αὑτῷ
3656 754 4010 823 πραττούσης

770 862 956 900 revera
981 848 1299 900 senectutis.
1327 844 1614 914 lgnorabat
1643 862 1701 902 se
1733 849 1948 916 aggredi
1971 848 2036 900 ad
2057 849 2330 914 corrigeu-
2428 862 2431 876 ι

2428 842 2528 908 τῆς
2561 840 2907 907 ἀγαθοειδοῦς
2943 840 3337 911 προαιρέσεως.
3364 841 3605 894 Τοιαῦτα
3634 841 3806 893 πολλά
3835 840 4010 907 λέγων

765 935 863 989 das
895 949 980 989 res
1023 935 1346 989 incurabiles
1377 945 1431 988 et
1488 936 1874 1004 nequissimas,
1929 937 2059 989 nihil
2092 936 2323 1003 amplius

2436 949 2495 983 τε
2534 932 2627 983 καὶ
2661 932 2873 1001 ἐπᾴδων
2902 931 3084 985 Ιπεισε
3116 933 3209 986 τὸν
3242 934 3509 1003 Ἰσίδωρον
3536 935 3565 985 ό
3594 931 3829 1000 ΙΙαρῖνος
3852 930 4011 994 alia.

774 1040 899 1077 vero
928 1025 1173 1093 profecit.
1198 1026 1333 1079 Vere
1366 1026 1603 1087 ineunte,
1648 1029 1859 1078 m‘ortuo
1902 1024 2135 1087 Marino,
2165 1025 2331 1077 voluit

2440 1022 2563 1073 σθαι
2592 1021 2653 1072 τὸ
2682 1022 2940 1091 ψήφισμα
2968 1023 3068 1090 τῆς
3092 1023 3345 1093 διαδοχῆς
3364 1039 3379 1053 ⁸
3412 1012 3515 1076 καί
3536 1021 3807 1091 ἐψηφίσθη
3835 1021 4012 1074 διάδο-

772 1116 1004 1169 Isidorus
1032 1116 1273 1168 Athenas
1320 1117 1575 1168 deserere
1602 1130 1617 1178 ;
1660 1114 1912 1167 monebat
1946 1127 2122 1168 autem
2151 1115 2333 1184 Syria-

2436 1128 2526 1179 χος
2550 1111 2635 1163 ἐπ’
2660 1113 2928 1178 ἀξιώματι
2953 1113 3152 1180 μᾶλλον
3173 1115 3206 1184 ἢ
3230 1116 3515 1183 πράγματι
3537 1112 3636 1181 τῆς
3655 1111 4010 1179 Πλατωνικῆς

768 1220 895 1257 num
944 1212 999 1257 et
1043 1202 1261 1270 llegiam
1318 1200 1579 1266 Isidorus,
1626 1216 1785 1268 quam
1843 1203 2204 1256 necessarium
2238 1202 2331 1265 sit,
2426 1224 2429 1248 Α

2426 1200 2757 1269 ἐξηγήσεως.
2804 1200 2870 1253 El
2920 1201 2978 1254 δέ
3012 1201 3286 1273 θειότερον
3333 1204 3522 1273 χρῆμα
3545 1243 3561 1267 ,
3598 1202 3673 1265 ὡς
3707 1202 3774 1254 σὺ
3804 1202 3938 1271 φῂς,
3964 1193 4010 1253 ὦ

768 1296 1166 1367 philosophiam
1196 1293 1463 1345 labentem
1497 1292 1802 1344 restituere.

2438 1291 2617 1357 Ἦγία,
2665 1291 2821 1359 ἔλεγε
2875 1295 3011 1361 πρὸς
3061 1294 3224 1346 αὐτὸν
3272 1294 3302 1346 ὁ
3342 1293 3629 1361 Ἰσίδωρος,
3671 1293 3705 1361 ή
3760 1292 4009 1360 ίερατιιὴ

767 1397 1138 1465 πραγματεία,
1165 1395 1306 1463 φημὶ
1341 1395 1438 1463 μέν
1460 1393 1618 1446 τοῦτο
1643 1392 1796 1461 κάγώ
1813 1411 1825 1423 ·
1852 1394 1987 1447 ἀλλά
2012 1394 2225 1463 πρῶτον
2253 1395 2569 1467 ἀνθρώπους
2594 1397 2844 1461 γενέσθαι
2869 1396 2992 1457 τοὺς
3013 1392 3304 1461 ἐσομένους
3362 1389 3518 1448 θεοὺς
3537 1387 3637 1441 δεῖ.
3698 1384 3798 1437 Διὰ
3850 1382 4010 1436 τοῦτο

771 1493 863 1543 καὶ
890 1493 919 1544 ὁ
946 1492 1169 1545 Πλάτων
1219 1490 1323 1557 ἔφη
1378 1489 1452 1557 μὴ
1485 1488 1660 1541 ἐλθεῖν
1690 1490 1766 1551 είς
1799 1488 2113 1557 ἀνθρώπους
2148 1490 2331 1558 μεῖζον
2367 1492 2572 1559 ἀγαθὸν
2602 1490 2939 1557 φιλοσοφίας.
2994 1487 3152 1541 Ἀλλά
3189 1484 3348 1539 τοῦτο
3392 1480 3706 1551 συμϐέϐηκε
3782 1476 3881 1531 νῦν
3918 1478 4010 1533 ἐπὶ

769 1584 930 1655 ξυροῦ
966 1586 1179 1636 ἑστάναι
1203 1583 1265 1636 οὗ
1302 1582 1401 1651 τῆς
1444 1583 1655 1651 ἀκμῆς.
1685 1582 1778 1636 τοῦ
1805 1586 1861 1637 δὲ
1893 1586 2122 1654 ἐσχάτου
2148 1588 2330 1655 γήρως
2366 1588 2440 1649 ὡς
2470 1587 2699 1658 ἀληθῶς.
2721 1586 3009 1639 Ἐλάνθανε
3057 1584 3115 1636 δὲ
3159 1579 3349 1633 ἑαυτὸν
3409 1574 3646 1629 ἀνίατα⁶
3705 1574 4008 1643 πράγματι

766 1677 863 1729 καὶ
908 1676 1094 1745 πόρρω
1138 1672 1438 1743 μοχθηρίας
1489 1672 1906 1743 προδεδηκότατ
1974 1676 2365 1745 διορθώσασθαι
2438 1680 2763 1748 ἐπιχειρῶν
2800 1677 3002 1747 ἥνυτε⁸
3046 1674 3103 1727 δὲ
3137 1672 3288 1725 οὐδὲν
3315 1669 3445 1722 ἐπὶ⁹
3473 1661 3795 1735 πλέον.Ἦρι
3823 1664 3883 1717 δὲ
3912 1664 4009 1733 ἀρ’

768 1769 1003 1838 χομένῳ,
1032 1766 1125 1821 τοῦ
1172 1766 1417 1836 Μαρίνου
1466 1766 1529 1817 τὸ
1568 1766 1727 1836 σῶμα
1772 1768 2146 1830 ἀπολιπόντος,
2186 1770 2499 1821 ἐϐουλεύετο
2534 1772 2631 1833 τὰς
2670 1772 2900 1839 Ἀθήνας
2932 1767 3219 1822 ἀπολιπεῖν
3248 1767 3278 1817 δ
3349 1761 3637 1831 Ἰσίδωρος.
3674 1757 3915 1829 Παρήνει
3952 1756 4007 1809 δὶ

768 1868 1026 1933 Συριανὸν
1052 1865 1140 1915 καὶ
1174 1862 1368 1930 Ἡγίαν
1394 1863 1422 1913 ὁ
1462 1861 1729 1934 Ἰσίδωρος
1772 1863 1847 1927 ώς
1879 1866 2051 1935 χρεὼν
2091 1865 2175 1934 εἴη
2217 1865 2530 1932 φιλοσοφίαν
2569 1868 2941 1937 ὑποῤῥέουσαν
2978 1859 3379 1916 ἀνασώσασθαι.

771 1958 901 2021 Quae
954 1953 1117 2007 verbis
1168 1963 1356 2006 amata
1409 1957 1769 2029 prmtermissa
1808 1967 1967 2029 τοττι,
2013 1974 2072 2011 ea
2132 1973 2334 2011 necesse
2367 1967 2407 2020 Β

2367 1967 2407 2020 Β
2441 1964 2596 2014 Ὅσα
2618 1960 2884 2029 παρεῖται
2918 1960 2959 1989 ⁸⁸
2986 1957 3191 2029 χρεὼν,
3230 1955 3359 2018 ταῖς
3402 1950 3676 2029 ἐκλογαῖς
3721 1948 4008 2002 συντετά-

1138 2033 1349 2076 Istrum
1393 2026 1651 2090 excerptis
1700 2026 1967 2094 conjungi.
2698 2023 2714 2029 ⁷
2792 2055 2799 2097 λ

2698 2023 2714 2029 ⁷
2792 2033 2926 2097 χθαι
2978 2023 3372 2081 ἀῖιλλιέπειαγ
3418 2023 3653 2090 ἔχοντα.

840 2115 941 2168 Per
967 2122 1136 2165 artem
1176 2112 1463 2180 quamdam
1499 2113 1739 2175 dubiam,
1772 2124 1825 2166 et
1868 2125 2021 2167 extra
2051 2113 2336 2165 huniamm

2507 2122 2604 2174 Διὰ
2643 2121 2889 2191 μηχανῆς
2918 2136 3064 2180 τινος
3115 2116 3318 2186 ἀπόρου
3366 2114 3462 2166 καὶ
3493 2108 3839 2181 ἀνθρωπίνης
3861 2108 4008 2161 ἐλπί-

771 2221 923 2277 spem
966 2205 1338 2265 constitutam,
1386 2203 1441 2256 in
1492 2206 1715 2257 secretis
1758 2220 1953 2257 arcana
1989 2220 2086 2273 pro
2119 2220 2177 2258 se
2209 2205 2338 2273 ipsis

2436 2212 2522 2275 δος
2546 2211 2650 2275 ἔξω
2676 2209 3077 2278 καθεστηκυίας
3110 2207 3169 2260 ἐν
3215 2204 3553 2275 ἀπορρήτοις
3597 2200 3669 2253 τὰ
3720 2199 4008 2268 ἀπόρρητα

771 2299 963 2351 divinae
991 2296 1103 2363 Spei
1131 2304 1453 2363 qumrentes,
1483 2305 1538 2347 et
1572 2310 1667 2363 pro
1700 2295 1821 2349 aliis
1856 2295 2143 2366 Egyptiis,
2174 2297 2339 2350 totius

770 2389 995 2442 ordinis.
1031 2386 1134 2439 Sed
1177 2386 1301 2440 hinc
1339 2386 1583 2440 alicunde
1620 2401 1650 2439 a
1693 2388 1853 2440 tertio
1880 2400 2024 2451 ortu,
2060 2388 2152 2455 qui
2194 2388 2338 2440 circa

772 2480 1029 2531 muudum
1078 2483 1161 2530 est
1213 2477 1378 2545 ligare
1442 2476 1620 2530 funem
1677 2487 1939 2531 revocata:
1997 2479 2337 2533 servationis.

774 2571 1005 2623 Severus
1036 2569 1293 2637 patricius
1331 2566 1607 2621 Romanus
1641 2578 1696 2622 et
1735 2569 1839 2621 alia
1876 2568 2130 2622 narrabat
2169 2569 2335 2621 multa

772 2663 1110 2715 Alexandria:
1163 2675 1347 2728 agens,
1384 2668 1437 2713 et
1485 2660 1714 2729 lapidem
1755 2676 1814 2713 se
1859 2661 2077 2723 vidisse,
2132 2660 2184 2713 in
2234 2674 2340 2728 quo

774 2753 914 2804 luuze
946 2759 1097 2803 erant
1125 2758 1393 2801 mutantes
1416 2750 1563 2801 varie
1585 2751 1807 2801 formam
1833 2752 2123 2803 secundum
2148 2748 2338 2810 solem,

773 2843 1095 2912 quandoque
1143 2845 1469 2900 crescentes,
1510 2840 1776 2892 interdum
1818 2841 2226 2901 decrescentes;
2260 2839 2341 2892 la-

774 2933 883 3000 pidi
916 2933 1027 2999 ipse
1060 2930 1225 2983 etiam
1257 2928 1339 2981 sol
1362 2928 1556 2981 iuerat.
1589 2927 1742 2982 Unde
1769 2929 2017 2981 dicuntur
2049 2928 2100 2980 hi
2138 2930 2342 2996 lapides

776 3022 1039 3091 synoditae
1075 3018 1254 3073 vocari
1290 3035 1304 3071 :
1331 3026 1385 3071 et
1420 3018 1556 3071 dixit
1588 3032 1645 3071 se
1670 3018 1829 3069 etiam
1854 3018 2081 3071 solarem
2114 3019 2339 3086 lapidem

776 3108 999 3168 vidisse,
1032 3121 1136 3158 non
1180 3103 1390 3171 qualem
1430 3103 1581 3156 multi
1624 3105 1874 3169 vidimus,
1924 3105 2100 3158 radios
2130 3122 2195 3158 ex
2225 3122 2342 3160 sese

776 3210 970 3248 aureos
997 3194 1383 3259 ell'undentem,
1412 3195 1507 3247 sed
1541 3194 1746 3247 discum
1781 3193 1909 3248 solis
1943 3195 2111 3249 forma
2143 3196 2196 3248 in
2226 3211 2341 3250 me-

2436 2301 2950 2372 διαμηχανωμένους
2981 2298 3120 2367 ὺπέρ
3152 2314 3212 2350 τε
3237 2294 3388 2363 σφῶν
3415 2291 3593 2346 αὐτῶν
3623 2290 3725 2359 τῆς
3750 2289 4009 2358 οὐρανίας

2440 2394 2649 2455 ἐλπίδος
2706 2394 2801 2446 καὶ
2854 2392 2995 2461 ὑπὲρ
3049 2389 3159 2443 τῶν
3203 2388 3379 2441 ἀλλων
3408 2383 3728 2453 Αἰγυπτίων
3751 2381 3855 2449 τῆς
3884 2379 4009 2446 δλης

2438 2486 2831 2555 εὐθημοσύνης.
2876 2482 3016 2536 ‘AD.’
3048 2479 3296 2534 ἐντεῦθέν
3332 2477 3497 2531 ποθεν
3544 2475 3653 2529 ἀπ’)
3697 2472 3801 2542 τῆς
3820 2472 4009 2541 τρίτης

2440 2576 2531 2625 καὶ
2564 2574 2918 2643 περικοσμίου
2952 2572 3216 2639 γενέσεως
3242 2565 3613 2637 ἀναδήσασθαι
3642 2563 3711 2616 τὰ
3730 2564 4010 2631 πείσματα

2437 2665 2536 2732 τῆς
2568 2665 2852 2730 ἀναγωγοῦ
2909 2661 3202 2732 σωτηρίας.
3260 2660 3368 2713 Καὶ
3440 2657 3504 2727 δὴ
3564 2655 3827 2725 Σεὸἧρος,
3871 2654 4010 2724 ἀνήρ

2437 2753 2540 2820 τῆς
2579 2752 2795 2819 Ῥώμης
2834 2752 3144 2819 πατρίκιος,
3173 2746 3306 2800 ἀλλα
3331 2762 3392 2797 τε
3418 2744 3657 2813 διηγεῖτο
3677 2743 3737 2793 ἐν
3770 2741 4011 2806 Ἀλεξαν-

2439 2844 2591 2914 δρείᾳ
2637 2842 3089 2909 συνδιαιτώμενος
3124 2841 3201 2903 ¹¹,
3247 2838 3338 2890 καὶ
3368 2838 3453 2890 ὅτι
3482 2834 3629 2887 λίθον
3665 2832 3928 2888 ἐθεάσατο
3954 2833 4011 2885 ἐν

2440 2927 2483 3000 ᾧ
2516 2935 2744 3003 σελήνης
2770 2934 2979 3001 ἐγίνετο
3006 2932 3259 3000 σχήματα
3299 2926 3829 2998 μεταμορφουμένης
3869 2942 4008 2976 παν·

2437 3029 2560 3078 τοῖα
2597 3028 2714 3093 μὲν,
2747 3026 2930 3078 ἄλλοτε
2955 3025 2999 3075 δ’
3026 3022 3163 3076 ἀλλα
3193 3021 3328 3090 πρὸς
3386 3019 3537 3087 ήλιον
3569 3017 3873 3087 αὑξομένης
3917 3017 4009 3069 καὶ

2445 3114 2775 3181 μειουμένης
2821 3113 3009 3165 ἐνόντα
3055 3110 3133 3179 τῷ
3198 3110 3330 3178 λίθῳ
3380 3108 3474 3160 καὶ
3511 3107 3673 3160 αὑτὸν
3702 3106 3791 3157 τὸν
3824 3106 4004 3174 ἧλιον·

2441 3202 2563 3253 ὅθεν
2585 3204 2617 3269 ή
2639 3204 2793 3270 φήμη
2824 3204 2949 3263 τοὺς
2974 3200 3245 3263 τοιούτους
3261 3200 3441 3262 λίθους
3463 3199 3615 3250 καλεῖ
3640 3198 3921 3259 συνοδίτας
3942 3198 4005 3251 ⁸⁸.

776 3287 866 3339 dio
894 3285 1069 3351 lapide
1101 3299 1242 3346 esse,
1274 3296 1328 3337 et
1363 3285 1489 3338 inde
1524 3284 1662 3351 ignis
1692 3285 1903 3353 globum
1934 3285 2127 3351 videri,
2160 3290 2229 3338 ab
2256 3286 2343 3339 illo
2369 3296 2411 3350 ς,

2369 3296 2411 3350 C.
2446 3291 2555 3341 Καὶ
2585 3291 2773 3359 ἡλίτην
2801 3291 2858 3343 δὲ
2889 3291 3036 3342 λίθον
3062 3290 3245 3357 ἔλεγεν
3276 3290 3600 3357 ἑωρακέναι,
3646 3288 3746 3357 οὐχ
3796 3284 3912 3339 οἷον
3956 3288 4007 3339 oi

776 3389 903 3428 vero
942 3376 1119 3427 radios
1164 3374 1404 3437 exsilire,
1458 3390 1628 3443 usque
1681 3376 1745 3427 ad
1802 3375 2343 3431 circumferentiam:

2448 3380 2633 3433 πολλοὶ
2681 3383 3026 3451 ἑωράκαμεν,
3063 3381 3291 3441 ἀκτῖνας
3346 3379 3694 3447 διαφαίνοντα
3749 3378 3859 3430 ἀπὸ
3915 3377 4006 3429 τοῦ

776 3478 898 3519 esse
945 3465 1088 3518 enim
1124 3466 1397 3534 globosum
1432 3473 1486 3517 et
1544 3466 1807 3532 integrum
1844 3465 2095 3534 lapidem.
2135 3463 2347 3521 Vidisse

2343 3489 2347 3518 ι
2448 3470 2644 3539 βάθους
2700 3473 3033 3541 χρυσίδιτας,
3094 3470 3228 3523 ἀλλὰ
3285 3470 3465 3521 δίσκον
3492 3469 3725 3538 ἡλιοειδῆ
3757 3469 4004 3536 κείμενον

778 3566 835 3609 et
877 3556 1125 3611 lunarem
1167 3572 1273 3611 non
1308 3572 1443 3625 aqua
1480 3567 1830 3621 maceratum,
1860 3557 1951 3625 qui
1980 3556 2172 3610 deinde
2198 3557 2347 3610 exhi-

781 3646 872 3700 bet
905 3645 1141 3699 lunulam
1169 3684 1185 3709 ,
1241 3657 1295 3697 et
1344 3646 1462 3699 idco
1513 3646 1878 3714 aquilunarem
1923 3656 2170 3701 vocatum
2204 3663 2217 3699 :
2250 3649 2343 3701 sed

782 3748 971 3791 natura
1005 3753 1064 3792 se
1094 3746 1395 3791 vertentem
1427 3738 1723 3791 secundum
1770 3745 1948 3791 motus
1988 3737 2147 3790 luna.
2184 3736 2345 3791 Mira-

780 3824 885 3878 bile
911 3835 992 3878 est
1016 3825 1118 3880 hoc
1151 3841 1284 3894 opus
1313 3834 1540 3889 natura,
1572 3827 1664 3879 sed
1692 3826 1856 3880 multa
1884 3827 2111 3881 obscura
2142 3836 2199 3880 et
2235 3841 2340 3881 non

780 3914 1130 3983 iutelligibilia
1162 3918 1226 3969 de
1264 3930 1329 3969 eo
1374 3926 1684 3969 narrantur.
1717 3915 1867 3969 Multi
1900 3916 2089 3970 dicunt
2120 3916 2344 3985 periisse

778 4004 1106 4076 Egyptium.
1144 4005 1307 4060 Fama
1344 4016 1521 4061 tamen
1557 4007 1747 4061 salutis
1774 4005 1973 4076 350a
2012 4007 2199 4060 nuntia
2226 4012 2342 4061 vul-

780 4097 1025 4165 gabatur,
1073 4108 1126 4152 et
1174 4096 1398 4152 forsitan
1448 4113 1534 4153 res
1577 4098 1939 4153 involuntaria
1984 4101 2074 4164 sit,
2119 4108 2173 4152 et
2203 4100 2340 4153 idem

781 4190 1011 4243 fortasse
1040 4190 1202 4243 etiam
1237 4190 1398 4244 rebus
1430 4190 1827 4245 immortalibus
1865 4190 2061 4244 accidit
2094 4205 2109 4243 :
2140 4190 2342 4258 optima

780 4293 1025 4345 mouens,
1066 4289 1120 4332 et
1156 4280 1403 4334 oratione
1451 4282 1673 4334 hortans
1714 4294 1809 4335 eos
1835 4279 1927 4351 qui
1956 4280 2009 4333 in
2038 4293 2200 4350 opere
2228 4289 2341 4335 tor-

780 4381 1082 4436 poscerent.

2449 3563 2614 3631 μέσον
2646 3562 2739 3613 τοῦ
2767 3563 2934 3627 λίθου,
2970 3565 3206 3632 σφαῖραν
3256 3560 3480 3613 αὐτόθεν
3513 3559 3683 3628 πυρὸς
3718 3558 3795 3621 ὡς
3832 3560 3958 3612 ίδεῖν
3987 3576 4001 3589 ·

2444 3654 2540 3707 ἀπ’
2566 3653 2734 3721 αὐτῆς
2756 3653 2816 3705 δὲ
2860 3655 2959 3715 τὰς
3009 3654 3235 3715 ἀκτῖνας
3289 3649 3623 3720 ἐκθρώσκειν
3660 3648 3763 3710 ἕως
3789 3650 3886 3700 ἐπὶ
3913 3650 4006 3719 τὴν

2447 3744 2597 3797 ῖτυν·
2650 3742 2789 3798 εῖναι
2846 3745 2957 3815 γὰρ
3003 3743 3314 3812 σφαιροειδῆ
3360 3741 3453 3793 καὶ
3516 3740 3636 3793 ὅλον
3698 3740 3791 3791 τὸν
3840 3740 4004 3794 λίθον.

2443 3837 2593 3890 Ἰδεῖν
2646 3838 2705 3890 δὲ
2751 3839 2844 3890 καὶ
2900 3836 3202 3906 σεληνίτην,
3253 3836 3315 3887 οὐ
3342 3834 3433 3886 τὸν
3459 3832 3613 3885 ὕδατι
3653 3831 4005 3900 τεγγόμενον,

2445 3927 2570 3997 [569
2601 3927 2691 3999 IL]
2726 3925 2843 3981 εἶτα
2871 3928 3194 3996 ἐπιφαίνοντα
3213 3926 3303 3978 τὸν
3327 3924 3611 3996 μηνίσκον,
3634 3922 3729 3975 καὶ
3746 3923 3836 3975 διὰ
3856 3922 4009 3975 τοῦτο

2444 4019 2857 4089 ύδροσεληνίτην
2918 4019 3267 4088 καλούμενον,
3328 4016 3462 4069 ἀλλά
3516 4014 3659 4068 κατά
3721 4014 3885 4083 φύσιν
3913 4013 4007 4081 τήν

2444 4107 2636 4159 ἐαυτοῦ
2670 4108 3003 4177 τρεπόμενον
3032 4108 3117 4159 ὅτε
3147 4108 3242 4161 καὶ
3260 4107 3407 4167 ὅπως
3436 4106 3469 4174 ή
3499 4103 3695 4173 σελήνη
3734 4103 4005 4173 τρέποιτο,

2439 4196 2741 4265 θαυμάσιον
2795 4198 2981 4269 χρῆμα
3030 4196 3185 4249 τοῦτό
3264 4212 3329 4263 γε
3391 4194 3625 4261 φύσεως.
3678 4192 3901 4261 Τυφλῆς
3952 4192 4007 4243 δέ

2440 4287 2533 4339 καὶ
2587 4287 2831 4355 ἀσαφοῦς
2851 4288 2949 4357 τῆς
2998 4290 3185 4357 φήμης
3240 4285 3747 4353 περιπλανωμένης.
3796 4283 3858 4345 ’0
3912 4282 4008 4351 μὲν

2442 4373 2537 4429 οὖν
2588 4377 2838 4441 πλεῖστος
2886 4378 3041 4446 λόγος
3077 4378 3412 4430 ἀπολωλέναι
3457 4376 3551 4428 τὸν
3578 4374 3905 4442 Αίγύπτιον.
3935 4373 4008 4426 δι-

782 4463 1009 4532 εφέρετο
1058 4464 1114 4517 δὲ
1163 4466 1309 4532 ὅμως
1365 4464 1459 4517 καὶ
1510 4463 1783 4533 σωτηρίας
1830 4480 1911 4525 τις
1941 4462 2173 4531 ἀγγελος
2202 4464 2381 4535 φήμη.
2446 4470 2555 4523 Καὶ
2599 4471 2739 4539 τάχα
2771 4472 2837 4524 ἀν
2864 4472 2956 4541 ἥδε
2990 4473 3025 4542 ή
3076 4471 3222 4541 πάθη
3247 4468 3604 4541 ἀπροαίρετος
3637 4468 3705 4522 ἀν
3732 4468 3857 4537 ειη,
3917 4481 4006 4530 καὶ

778 4550 865 4607 διὰ
896 4553 1056 4607 τοῦτο
1093 4554 1377 4625 συμϐαίνοι
1430 4555 1499 4608 ἂν
1556 4556 1684 4616 ἴσως
1750 4556 1844 4607 καὶ
1900 4557 2019 4617 ταῖς
2092 4557 2410 4625 ἀκηράτοις.
2454 4561 2533 4613 Τά
2569 4561 2815 4629 βέλτιστα
2833 4563 3133 4634 παραινιῖιν,
3156 4563 3250 4615 καὶ
3279 4560 3596 4632 παροξύνων
3618 4558 3696 4629 τῷ
3722 4560 3869 4631 λόγῳ
3884 4560 4003 4622 τοὺς

781 4648 838 4697 ἐν
875 4643 951 4713 τῷ
980 4643 1123 4713 ἔργῳ
1153 4642 1531 4713 βλακεύοντας.

853 4734 987 4788 Cum
1033 4745 1140 4788 tres
1171 4736 1279 4787 sint
1306 4736 1499 4787 uniuue
1532 4737 1761 4802 species,
1794 4736 1991 4805 triplex
2022 4735 2184 4790 etiam
2210 4737 2346 4805 poli-
2371 4740 2425 4799 D

2342 4740 2425 4799 ,Β
2520 4736 2829 4806 ὐτιτριων
2876 4736 3046 4789 ὄντων
3076 4735 3229 4788 είδῶν
3274 4734 3371 4803 τῆς
3418 4732 3619 4802 ψυχῆς.
3650 4732 3841 4803 τριττὴ
3859 4734 4003 4801 καὶῆ

784 4827 901 4879 uicae
948 4827 1109 4888 ratio,
1157 4840 1383 4892 quarum
1428 4826 1679 4893 quaelibet
1718 4836 1827 4880 tres
1873 4827 1993 4879 illas
2026 4826 2209 4888 habet,
2246 4828 2340 4880 sed

2448 4829 2710 4894 πολιτεία,
2734 4829 2827 4881 καὶ
2864 4827 2977 4899 ἔχει
3006 4829 3104 4898 μὲν
3156 4826 3358 4896 ἑκάστη
3396 4825 3496 4888 τὰς
3526 4826 3699 4895 τρεῖς,
3724 4823 3891 4896 [1068
3916 4824 4005 4895 IL]

780 4934 882 4971 una
914 4920 1178 4986 praecipua
1207 4916 1382 4971 forma
1422 4928 1526 4982 est,
1554 4934 1582 4971 a
1605 4934 1708 4986 qua
1738 4918 2053 4986 appellatur,
2086 4933 2149 4972 ac
2174 4919 2343 4986 prima

2448 4920 2564 4973 ἀλλ’
2604 4920 2684 4973 ἐνὶ
2737 4918 3127 4989 δωμορφοῦται
3156 4918 3251 4970 καὶ
3299 4913 3621 4985 ὀνομάζεται
3657 4912 3737 4980 τῷ
3779 4913 4010 4983 ἐπικρα-

778 5010 995 5077 quidem
1031 5011 1293 5062 rationem
1332 5019 1517 5063 secuta
1546 5022 1631 5063 est
1661 5010 1873 5075 ducem,
1902 5010 2201 5079 cuiusmodi
2232 5009 2339 5064 vita

2446 5010 2650 5064 τοῦντι.
2708 5010 2818 5066 Καὶ
2872 5012 3015 5079 λόγῳ
3062 5010 3160 5079 μὲν
3208 5008 3466 5070 ἰθύνεται,
3513 5004 3645 5066 ώςὸ
3676 5003 3771 5056 ἐπὶ
3799 5006 4006 5074 Κρόνου

776 5108 827 5149 et
857 5097 1159 5165 respublica
1185 5096 1284 5150 sub
1316 5094 1551 5152 Saturno
1573 5098 1693 5163 l'uit,
1715 5113 1834 5167 qua
1854 5114 2016 5152 aurea
2044 5108 2177 5152 aetas
2209 5100 2342 5153 dici-

2446 5098 2580 5168 βίος,
2610 5100 2644 5170 ή
2675 5099 2944 5169 λεγομένη
2973 5099 3148 5171 χρυσῆ
3170 5096 3351 5166 γενεὰ,
3377 5097 3491 5167 nea
3516 5094 3656 5149 θεῶν
3674 5094 4007 5164 ἀγχίσπορον

776 5196 887 5253 tur,
919 5191 1001 5245 vel
1026 5206 1193 5259 genus
1217 5193 1522 5258 proximum
1550 5190 1671 5255 diis,
1694 5199 1752 5244 ut
1776 5189 1966 5245 fabulas
1992 5191 2148 5245 modo
2169 5200 2341 5258 poetae

2444 5192 2623 5258 γένος,
2648 5186 2737 5247 οία
2762 5193 2821 5245 ἐν
2852 5192 3090 5263 σχήματι
3143 5187 3314 5258 μύθου
3359 5185 3715 5257 σεμνύνουσιν
3764 5185 3815 5236 oi.
3845 5185 3905 5237 ἐν
3932 5184 4007 5253 τῷ

2076 5322 2306 5377 νΑΒΙᾹΞ
2347 5322 2642 5379 LECTION
2650 5326 2749 5380 ES.

1799 5411 2063 5484 έάνίατα]
2100 5414 2212 5467 ἀνω
2239 5415 2307 5466 τά
2339 5414 2402 5467 Δ.
2477 5417 2495 5445 ⁷
2528 5414 2906 5484 προὸεόηκότα
2940 5431 3052 5471 om.
3089 5413 3167 5484 Β.
3226 5412 3247 5444 ⁸
3273 5414 3430 5484 ἥνυτε
3451 5410 3542 5484 Bt
3571 5410 3698 5479 ήνυε
3730 5426 3792 5484 ς.
3871 5408 4009 5484 {tu}

848 5417 869 5444 δ
899 5413 975 5444 λλ]
1001 5413 1057 5444 ιλ
1088 5430 1135 5444 ο.
1174 5414 1224 5444 ἰιΙ
1324 5414 1343 5444 Ι
1372 5413 1434 5444 Νι
1465 5429 1551 5444 nun
1621 5413 1701 5444 Al‘

899 5412 976 5484 δέ]
1000 5413 1059 5465 δέ
1088 5430 1140 5465 τι
1174 5414 1247 5467 id.
1324 5414 1343 5444 '
1372 5413 1436 5481 δή
1465 5429 1572 5465 mn.
1616 5413 1724 5467 AC.
1799 5416 1821 5439 "
1846 5412 2063 5484 ἀνίατα]
2100 5414 2212 5467 ἀνω
2239 5415 2307 5466 τά
2339 5414 2402 5467 Δ.
2477 5417 2495 5445 ⁷
2528 5414 2906 5539 προὸεϐὶκότα
2940 5431 3052 5471 om.
3089 5413 3149 5468 Β.
3226 5412 3247 5444 ⁸
3273 5414 3430 5484 ήνυτε
3451 5412 3493 5464 Β
3526 5427 3539 5460 :
3571 5412 3698 5479 ήννε
3730 5426 3792 5490 ς.
3871 5412 3893 5439 ’
3921 5412 4004 5458 ἐπὶ

899 5484 994 5536 ·Δ’
1066 5484 1112 5553 θ’.
1138 5484 1430 5553 παρεῖνται
1469 5481 1528 5533 Β·
1607 5483 1645 5511 ¹¹
1698 5482 2140 5551 συνδιαιτώμενος
2181 5486 2249 5545 Α,
2287 5484 2694 5553 ἐνδιαιτώμενος
2818 5502 2833 5540 :
2877 5483 3340 5553 συνδιαιτούμενος
3365 5499 3424 5546 ς.
3503 5480 3546 5509 ¹¹
3593 5474 3901 5547 συνοοίτας]
3937 5476 4004 5529 cl.

780 5484 903 5536 aid.
930 5481 994 5536 AL
1071 5484 1112 5514 “
1141 5484 1430 5552 παρεῖνται
1469 5481 1528 5533 Β.

785 5552 1098 5606 Boissonad.
1137 5551 1330 5604 Mariti.
1361 5566 1412 5618 p.
1446 5552 1536 5605 90.

2266 5641 2490 5697 ΝυΤᾸΞ.

856 5734 968 5803 (30)
991 5735 1120 5790 Vide
1156 5737 1298 5804 apud
1327 5734 1537 5790 Platon.
1564 5744 1621 5789 et
1645 5736 1894 5804 proverb.
