4206 6436
219 414 359 481 1297

1248 420 1767 481 BIBIJOTHECA.
1808 446 1878 459 —
1915 422 2077 483 COD.
2121 423 2392 484 CCXLII.

3326 418 3465 486 1298

208 526 428 595 τρίποδι
458 527 556 597 τῆς
581 526 805 596 Μούσης
838 528 1136 599 καθήμενοι
1187 532 1426 600 ποιηταί.
1459 531 1627 601 Θυμῷ
1650 532 1706 585 δέ
1737 532 1781 564 ⁸⁸

1886 532 1936 585 in
1957 532 2167 601 tripode
2193 547 2357 587 musae
2374 534 2624 587 sedentes
2642 531 2880 585 tradunt.
2906 530 3019 586 Alia
3040 544 3162 600 qua:
3183 529 3462 585 iracundia

208 620 634 690 διανισταμένην
688 620 964 675 πολιτείαν
991 623 1090 692 τὴν
1118 622 1212 675 ἐπὶ
1238 622 1506 692 πολέμους
1553 625 1649 676 καὶ
1685 624 1787 693 μά-

214 730 335 779 χας.
367 713 467 766 καὶ
498 714 575 776 ὡς
627 715 837 767 ἐπίπαν
866 715 1054 783 φάναι,
1083 717 1182 782 τὴν
1224 715 1353 785 περὶ
1385 715 1667 784 πρωτείων
1694 716 1787 767 καὶ

210 798 373 874 δόξης
385 804 814 875 ἀγωνιζομένην,
841 808 956 859 οἷαν
979 807 1022 837 ’⁸
1039 806 1293 873 γενέσθαι
1317 806 1411 872 τὴν
1426 806 1513 857 ἐπὶ
1533 809 1628 875 τῆς
1654 809 1788 858 ίστοο

212 893 341 961 ρίας
376 894 636 948 ἑκάστοτε
655 896 1026 967 θρυλουμένην
1041 896 1331 965 ἀκούομεν.
1356 896 1714 966 Ἐπιθυμίαη
1730 898 1786 949 δέ

210 984 313 1049 τὴν
350 986 603 1054 πανταχῆ
625 985 981 1055 διαῤῥέουσαν
1006 986 1099 1038 καὶ
1129 986 1233 1037 ὐπὸ
1261 987 1470 1055 τρυφῆς
1490 988 1784 1041 ἀκολάστου

210 1071 638 1145 διεφθαρμένην.
688 1077 919 1129 ταπεινά
971 1078 1066 1129 καὶ
1119 1080 1405 1144 γυναικεῖα
1462 1078 1783 1147 φρονοῦσαν,

211 1162 391 1230 δειλίᾳ
414 1165 659 1219 σύνοικον
682 1168 773 1221 καὶ
795 1168 851 1219 ἐν
872 1166 1016 1238 πάσῃ
1052 1166 1243 1235 ὐηνείᾳ
1276 1168 1318 1198 ¹⁶
1343 1168 1784 1235 καλινδουμένην,

214 1255 614 1326 φιλοχρήμονα,
648 1258 1018 1327 μικροπρεπῖμ
1070 1257 1343 1310 δουλεύειν
1384 1257 1639 1323 ἀσφαλῶς
1672 1259 1787 1311 ἐθέ-

213 1348 417 1401 λουσαν
450 1350 514 1411 “,
574 1350 658 1402 οία
685 1352 792 1401 τῶν
817 1353 873 1401 ἐν
902 1352 968 1417 τῇ
997 1348 1091 1401 νῦν
1119 1350 1328 1415 γενέσει
1360 1350 1789 1417 πολιτευομένων

212 1440 246 1508 ή
301 1440 441 1508 ζωή.
510 1440 921 1509 Προθυμότατος
968 1442 1045 1501 είς
1072 1440 1381 1507 ἀποδημίαν
1431 1430 1490 1491 οὐ
1543 1441 1641 1507 τὴν
1683 1442 1788 1508 μά-

210 1544 371 1583 ταιον
419 1529 513 1580 καὶ
570 1527 883 1595 τρυφῶσαν,
914 1528 992 1589 είς
1036 1526 1351 1596 ἀνθρώπινα
1386 1526 1790 1596 οἰκοδομήματα

215 1619 311 1670 καὶ
355 1619 561 1687 μεγέθη
600 1620 693 1671 καὶ
726 1620 899 1687 κάλλη
932 1618 1139 1670 πόλεων
1170 1618 1580 1686 διαχαίνουσαν·
1612 1617 1795 1669 ἀλλἐἴ

213 1712 319 1760 πού
361 1727 415 1761 τι
450 1710 760 1779 θαυμαστὸν
786 1710 1078 1779 ἀκήκοενῆ
1133 1708 1478 1779 ίεροπρεπές,
1518 1710 1719 1776 ἀφανὲς
1747 1710 1789 1741 ¹⁸

210 1799 243 1868 ἢ
271 1801 443 1868 φανὸν
477 1801 541 1864 ’⁸,
574 1801 848 1871 αὐτόπτης
877 1800 1140 1869 ἠϐούλετο
1168 1800 1419 1867 γενέσθαι
1453 1801 1547 1853 τοῦ
1573 1801 1789 1868 θαύμα-

206 1905 322 1952 τος.
358 1891 537 1959 Αὐτὴν
559 1891 615 1943 δέ
644 1890 739 1960 τὴν
757 1891 934 1960 ψυχὴν
956 1894 1014 1944 ἐν
1038 1894 1157 1952 ταῖς
1193 1893 1363 1961 ἱεραῖς
1416 1892 1598 1960 εὐχαῖς
1652 1892 1785 1959 πρὸς

206 1981 332 2033 ὅλον
380 1971 456 2033 ¹τὸ
506 1981 647 2035 θεῖον
690 1983 925 2049 πέλαγος
984 1982 1158 2048 ἔλεγε,
1213 1982 1280 2033 τὰ
1314 1982 1410 2051 μὲν
1438 1982 1629 2051 πρῶτα
1658 2000 1781 2034 συν-

207 2074 579 2143 αγειρομένην
604 2074 711 2127 ἀπὸ
762 2072 859 2127 τοῦ
912 2073 1163 2143 σώματος
1190 2076 1267 2136 είς
1296 2074 1511 2143 ἑαυτὴν,
1546 2071 1701 2137 αὖθις
1730 2076 1783 2127 δὲ

205 2162 575 2232 ἐξισταμένην
604 2164 711 2218 τῶν
760 2164 906 2217 ίδίων
952 2165 1097 2235 ήθῶν
1129 2165 1223 2217 καὶ
1270 2165 1656 2233 ἀναχωροῦσαν
1678 2166 1785 2218 ἀπὸ

202 2253 316 2305 τῶν
349 2253 584 2321 λογικῶν
614 2255 832 2308 ἐννοιῶν
869 2256 961 2308 ἐπὶ
1000 2257 1097 2319 τάς
1148 2256 1225 2326 τῷ
1260 2257 1334 2325 νῷ
1378 2260 1680 2324 συγγενεῖς,
1720 2261 1782 2310 ὲκ

205 2341 347 2395 δἀὒ
389 2344 586 2413 τρίτων
638 2345 997 2399 ἐνθουσιῶσαν
1041 2349 1133 2400 καὶ
1178 2349 1658 2418 παραλλάττουσαν
1707 2353 1785 2412 είς

206 2435 355 2503 ἀήθη
404 2437 525 2489 τινά
570 2438 810 2506 γαλήνην
860 2440 953 2492 καὶ
999 2439 1097 2493 οὐκ
1160 2440 1523 2511 ἀνθρωπίνην.
1586 2442 1783 2493 Τοῦτον

211 2524 459 2577 ἐπαινῶν
506 2526 773 2594 Ἰσίδωρος
829 2530 857 2580 6
922 2528 1208 2596 φιλόσοφος
1245 2531 1385 2581 κατὰ
1419 2531 1591 2599 στόμα
1647 2527 1779 2599 εἶχε.

210 2614 571 2685 Μετριωτέρα
620 2617 727 2687 γάρ
776 2618 947 2669 πειθὼ
1000 2622 1092 2671 καὶ
1139 2621 1457 2690 παραίνεσις
1484 2625 1578 2689 τῆς
1608 2622 1651 2652 ¹⁰
1678 2622 1783 2673 ἀπὸ

209 2704 320 2756 τῶν
354 2706 529 2758 ἄλλων
566 2708 740 2773 λόγων
793 2711 903 2771 τοῖς
947 2710 1220 2779 πολλοτςή
1261 2711 1365 2762 ἀπὸ
1394 2712 1491 2779 τῆς
1521 2714 1781 2782 ἱστορίας,

210 2794 307 2846 καὶ
335 2796 537 2863 μᾶλλον
568 2797 665 2865 τῆς
692 2797 1054 2867 παλαιοτέρας
1082 2802 1111 2866 ή
1135 2801 1243 2853 ἀπὸ
1264 2802 1362 2869 τῆς
1388 2803 1657 2871 νεωτέρας
1692 2805 1784 2855 καὶ

207 2886 324 2947 τοῖς
380 2887 751 2955 ἀκροωμένοις
821 2891 1059 2958 φέρουσά
1118 2908 1169 2943 τι
1232 2892 1670 2962 γνωριμώτερον.
1720 2896 1781 2946 Oi

206 2974 265 3027 δὲ
302 2975 395 3027 καὶ
423 2977 479 3027 ἐν
502 2980 612 3038 τοίς
642 2979 959 3045 Δίγυπτίοις
1012 2980 1415 3048 φιλοσοφήμασι
1455 2981 1546 3033 τὸν
1584 2982 1784 3034 Ἰσίδω-

208 3078 305 3130 ρον
336 3064 596 3133 συνεργὸν
618 3067 709 3117 καὶ
734 3068 1140 3137 συγκυνηγέτην
1167 3068 1582 3138 παρελάμϐανον
1616 3071 1658 3101 ¹¹
1687 3072 1784 3140 τῆς

1890 622 2241 686 inﬂammata,
2269 622 2320 675 in
2356 621 2489 676 bella
2514 631 2569 676 et
2598 636 2802 691 pugnas
2832 622 3035 684 ruit,et
3058 630 3115 675 ut
3146 619 3460 675 summatim

1887 713 2083 773 «licam,
2137 712 2470 780 principatus
2519 722 2575 767 et
2614 712 2795 780 gloria
2838 709 3131 781 cupiditate
3178 720 3459 767 aestuans:

1889 803 2192 869 cujusmodi
2250 802 2417 857 fuisse
2468 803 2773 856 audivimus
2818 816 2962 866 eam,
3007 801 3075 855 de
3106 816 3211 869 qua
3255 800 3464 856 crebra

1888 894 2231 947 narrationes
2264 893 2638 947 historiarum.
2666 893 2783 945 Alia
2811 907 2931 960 qure
2954 892 3194 961 appetitu
3229 892 3462 957 regitur,

1886 984 2013 1036 luxu
2054 994 2106 1038 et
2146 985 2355 1039 deliciis
2391 982 2653 1049 dillluens,
2700 994 2977 1053 corrupta,
3007 984 3219 1052 abjecto
3258 992 3311 1038 et
3342 998 3464 1036 mu-

1889 1072 2042 1127 liebri
2088 1076 2271 1128 animo
2313 1075 2537 1141 ignavias
2574 1074 2777 1137 dedita,
2813 1075 3015 1128 incerta
3047 1082 3196 1128 sorte
3235 1073 3462 1143 iactata,

1889 1178 2074 1225 avara,
2108 1164 2249 1229 vilis,
2278 1165 2513 1228 servilis,
2535 1166 2709 1232 qualis
2736 1179 2879 1219 nunc
2908 1174 2991 1218 est
3014 1164 3295 1217 hominum
3328 1164 3460 1217 vita.

1892 1252 2265 1321 Propendebat
2307 1256 2356 1306 in
2396 1254 2914 1321 peregrinationem,
2957 1268 3063 1307 non
3106 1268 3322 1314 vanam,
3367 1264 3462 1309 aut

1890 1344 2234 1407 deliciosam,
2279 1346 2573 1399 inhiantem
2633 1346 2907 1398 hominum
2971 1343 3463 1398 substructionibus

1890 1436 2213 1503 spectandis,
2262 1445 2353 1489 aut
2403 1436 2635 1490 urbibus
2668 1435 2877 1503 magnis
2929 1449 2991 1488 ac
3043 1433 3324 1501 pulchris:
3367 1435 3463 1487 sed

1890 1527 2060 1580 sicubi
2091 1526 2217 1594 quid
2250 1528 2550 1580 mirandum
2604 1527 2835 1587 audiret,
2878 1524 2961 1579 vel
3005 1534 3317 1592 augustum,
3344 1525 3461 1577 sive

1891 1617 2175 1681 occultum,
2210 1618 2322 1672 sive
2356 1628 2624 1685 apertum,
2665 1616 2907 1683 ipsismet
2936 1616 3109 1669 oculis
3138 1616 3320 1668 videre
3362 1630 3462 1668 vo-

1892 1706 2047 1760 lehat.
2071 1707 2243 1775 Ipsam
2270 1708 2503 1761 animam
2534 1708 2582 1759 in
2605 1708 2775 1760 sacris
2792 1707 3041 1773 precibus
3070 1715 3237 1759 totum
3267 1705 3462 1756 divini—

1894 1798 2017 1849 tatis
2057 1812 2315 1851 oceanum
2346 1812 2465 1851 esse
2515 1796 2689 1849 dixit:
2747 1798 2921 1863 primo
2973 1811 2999 1849 a
3042 1810 3269 1863 corpore
3314 1796 3365 1847 in
3400 1809 3461 1847 se

1888 1886 2192 1947 collectam;
2229 1888 2419 1941 deinde
2455 1902 2485 1939 a
2517 1886 2628 1941 suis
2672 1886 2910 1939 moribus
2939 1886 3304 1949 recedentem,
3345 1895 3398 1937 et
3426 1901 3456 1937 a

1888 1977 2241 2031 rationalibus
2294 1978 2603 2031 notionibus
2655 1976 3025 2030 deﬂecteutem
3072 1976 3139 2028 ad
3186 1990 3289 2038 res,
3338 1990 3460 2044 qure

1888 2067 2051 2119 menti
2082 2077 2317 2135 cognata!
2346 2080 2489 2131 sunt;
2527 2071 2683 2122 tertio
2708 2070 2962 2123 divinitus
2994 2068 3223 2121 alIIatam
3251 2078 3304 2123 et
3341 2084 3460 2122 tuu-

1888 2164 2051 2208 tatam
2085 2157 2136 2209 iu
2167 2160 2431 2211 insolitam
2469 2162 2835 2225 serenitatem,
2877 2176 2983 2213 non
3015 2161 3326 2223 humanam,
3362 2163 3457 2215 sed

1890 2246 1997 2300 Deo
2037 2248 2464 2303 convenientem.
2516 2249 2667 2303 Iluuc
2716 2251 2938 2305 laudans
2985 2250 3222 2305 Isidorus
3270 2252 3321 2303 in
3362 2266 3459 2305 ore

1887 2338 2091 2392 habuit.
2124 2338 2470 2394 Commodior
2508 2341 2648 2394 enim
2692 2342 2989 2411 persuasio,
3052 2344 3457 2409 prmeeptioque

1886 2442 1995 2493 prae
2022 2427 2141 2481 aliis
2183 2431 2444 2492 materiis,
2481 2430 2637 2499 vulgo
2678 2432 2744 2484 ah
2788 2432 3032 2496 historia,
3078 2443 3132 2485 et
3169 2433 3399 2485 maxime
3424 2447 3455 2485 a

1888 2518 2185 2571 recentiore
2226 2522 2401 2587 potius
2448 2535 2607 2587 quam
2658 2523 2979 2589 antiquiore,
3014 2532 3066 2575 et
3114 2524 3457 2577 audientibus

1887 2606 2087 2674 aliquid
2121 2609 2296 2662 notius
2329 2609 2579 2664 efferens.
2622 2611 2693 2665 At
2742 2612 2815 2665 illi
2857 2612 2905 2665 in
2956 2612 3250 2679 disciplinis
3291 2615 3454 2666 etiam

1886 2694 2148 2765 Egyptiis
2165 2696 2424 2751 Isidorum
2445 2701 2670 2765 socium,
2686 2700 3027 2769 sodalemque
3046 2714 3459 2771 assumpserunt

1886 2788 2239 2857 investigandi
2274 2793 2552 2845 veritatem
2580 2808 2811 2856 sacram,
2848 2810 2965 2863 qua:
2997 2796 3049 2847 in
3087 2795 3349 2862 profundo
3378 2796 3457 2847 la-

1886 2888 2041 2942 teret,
2068 2891 2120 2933 et
2157 2881 2261 2935 illis
2302 2898 2441 2950 saepe
2488 2884 2539 2936 in
2577 2886 2965 2951 quaestionibus
2997 2888 3231 2953 antiqua:
3259 2886 3453 2957 350b

1884 2970 2161 3037 sapientia:
2188 2972 2362 3025 lumen
2403 2976 2666 3029 accendit.
2713 2974 2899 3029 Omnis
2930 2977 3002 3030 illi
3039 2980 3259 3031 solertia
3289 2995 3391 3031 non
3419 2995 3451 3033 a

1887 3060 2036 3115 libris
2089 3070 2142 3115 et
2186 3062 2483 3130 disciplinis
2520 3065 2712 3120 alienis
2754 3083 2848 3135 per
2890 3070 3208 3121 memoriam
3261 3086 3456 3136 suppe-

205 3150 263 3201 ἐν
293 3151 444 3222 βυθῷ
495 3155 885 3223 κεκρυμμένης
934 3154 1007 3217 ὼς
1043 3156 1257 3226 ἀληθῶς
1307 3159 1455 3225 ἱερᾶς
1481 3158 1776 3228 ἀληθείας·

1890 3154 2050 3215 tebat,
2083 3156 2175 3207 sed
2229 3156 2465 3209 habitum
2494 3160 2778 3225 quemdam
2813 3158 3024 3212 firmum
3058 3170 3111 3213 et
3137 3160 3455 3215 fecundissi-

208 3241 303 3293 καὶ
335 3241 603 3312 πολλαχοῦ
628 3244 742 3311 φῶς
766 3244 1007 3314 ἀνῆπτεν
1048 3246 1231 3307 αὐτοῖς
1274 3247 1331 3297 ἐν
1362 3248 1479 3309 ταῖς
1519 3248 1777 3319 ζητήσεσι

1888 3257 2052 3307 nmm,
2092 3244 2182 3312 qui
2229 3246 2409 3298 omnia
2460 3248 2940 3314 comprehenderet
2986 3249 3145 3318 hujus
3187 3252 3451 3316 veritatis,

202 3334 305 3401 τῆς
340 3335 738 3405 ἀρχαιοτρόπου
778 3335 988 3403 σοφίας.
1034 3336 1106 3387 Τὸ
1157 3336 1215 3388 δέ
1251 3337 1469 3405 σύμπαν
1504 3339 1653 3409 αὐτῷ
1686 3341 1783 3408 τῆς

204 3423 470 3492 εὐπορίας
498 3424 595 3475 οὐκ
615 3425 723 3477 ἀπὸ
756 3423 974 3492 βιϐλίων
994 3426 1085 3477 καὶ
1110 3424 1461 3493 δοξασμάτων
1500 3427 1782 3497 ἐπορίζετο

204 3513 510 3581 ἀλλοτρίων
533 3513 619 3565 διὰ
645 3516 887 3583 μνήμης,
944 3514 1059 3568 ἀλλ’
1108 3515 1219 3578 ἕξιν
1286 3516 1407 3569 τινά
1437 3517 1660 3583 βεϐαίαν
1692 3523 1783 3574 καὶ

205 3603 499 3673 πάμφορον
526 3604 787 3674 ἀληθείας
838 3607 935 3673 τῆς
985 3624 1048 3674 γε
1094 3607 1349 3676 τοιαύτης
1393 3609 1488 3661 ἀπ’
1522 3608 1652 3680 [570
1690 3611 1780 3683 Η.]

202 3694 385 3762 ἀρχῆς
412 3695 695 3764 ἐκτήσατο.
722 3695 831 3747 Καὶ
862 3694 1078 3747 δύσιται
1104 3698 1217 3757 τοῖς
1240 3696 1566 3766 ἀνθρώποις,
1596 3700 1690 3752 ἅτε
1718 3702 1778 3753 οὐ

201 3784 526 3853 δυναμένοις
585 3785 752 3838 αὐτοῦ
807 3785 993 3857 φέρειν
1034 3786 1132 3857 τήν
1188 3788 1339 3840 θείαν
1388 3792 1431 3820 "
1492 3792 1775 3861 ἀνατολήν.

202 3874 581 3941 Ἦναγκάζετο
633 3876 679 3907 ⁸³
725 3877 1100 3946 ἐπιμελεῖσθαι
1136 3878 1235 3947 τῆς
1266 3879 1374 3931 τῶν
1437 3881 1643 3933 παίδων
1691 3885 1781 3935 εὐ-

200 3968 473 4033 αγωγίας.
534 3968 641 4020 Καὶ
714 3968 820 4038 μὴν
876 3970 966 4022 καὶ
994 3971 1049 4021 ἐν
1108 3973 1227 4032 ταῖς
1279 3971 1602 4041 ἐξηγήσεσιν
1640 3975 1781 4027 ἐνδε-

199 4059 425 4128 έστερος
494 4060 570 4130 τῷ
624 4061 824 4131 λόγῳῆ
879 4062 1018 4115 ῶστε
1055 4065 1380 4133 ἑρμηνεύειν
1408 4068 1476 4119 τὰ
1515 4068 1777 4122 δοκοῦντα

196 4147 588 4217 ἀποχρώντως.
615 4151 687 4203 Οὐ
724 4152 830 4220 μὴν
866 4152 972 4204 οὐδ’
999 4152 1233 4205 ἐνταῦθα
1262 4154 1565 4225 ἀϐοήθητος
1586 4152 1654 4227 ἦν
1674 4158 1778 4209 ὐπὸ

197 4236 301 4307 τῆς
330 4236 545 4305 φύσεως
578 4240 671 4292 καὶ
699 4243 797 4309 τῆς
828 4241 993 4311 ἄλλης
1027 4243 1281 4312 μελέτης.
1336 4244 1472 4297 ἀλλά
1501 4246 1778 4301 κατεϐάλ-

196 4330 326 4381 λετο
356 4327 403 4359 ’⁸
437 4330 537 4398 μέν
583 4330 820 4399 σπουδὴν
889 4332 1024 4401 πρὸς
1071 4333 1169 4401 τὴν
1222 4334 1541 4402 σαφήνειαν,
1584 4340 1681 4406 τήν
1719 4337 1777 4390 δέ

195 4422 308 4473 τῶν
331 4420 608 4490 ὀνομάτων
640 4421 942 4491 εὐρυθμίαν
990 4425 1173 4492 ἀφιεὶς
1233 4426 1440 4495 ἑτέροις
1492 4426 1630 4494 πρὸς
1661 4429 1775 4479 ἐπί-

1884 3332 1951 3385 ab
1980 3331 2131 3384 initio
2166 3334 2371 3387 habuit.
2402 3334 2466 3389 Et
2487 3336 2694 3389 occidet
2723 3337 3048 3401 hominibus,
3079 3350 3137 3392 ut
3176 3340 3267 3408 qui
3314 3340 3453 3393 divi-

1884 3436 2010 3473 num
2039 3422 2154 3487 ejus
2184 3434 2361 3476 ortum
2392 3424 2536 3478 i'erre
2565 3437 2867 3493 nequeant:
2900 3439 3123 3482 coactus
3152 3439 3233 3483 est
3261 3444 3451 3483 curam

1885 3512 2113 3566 liiiorum
2156 3530 2365 3581 gerere,
2414 3526 2472 3569 ut
2516 3517 2649 3571 bene
2687 3518 3118 3574 institueremur.
3150 3520 3452 3576 Verborunt

1884 3604 1936 3656 in
1964 3604 2281 3672 explicando
2308 3607 2522 3673 parcior
2554 3606 2678 3672 fuit,
2713 3625 2870 3677 quam
2905 3620 2962 3663 ut
2988 3612 3119 3664 satis
3154 3626 3308 3665 sensa
3332 3614 3453 3665 ani-

1884 3697 1955 3749 mi
1997 3697 2286 3764 explicaret
2333 3717 2344 3751 :
2422 3714 2593 3765 neque
2632 3702 2777 3753 enim
2834 3712 3044 3763 natura,
3102 3703 3451 3755 exercitatio-

1881 3802 1985 3855 que
2037 3803 2159 3841 eum
2214 3790 2300 3843 hic
2360 3790 2716 3854 destituehat,
2768 3792 2858 3845 sed
2921 3792 3159 3845 studium
3218 3795 3330 3861 ipse
3384 3796 3453 3849 ad

1882 3878 2315 3946 perspicuitatem
2365 3881 2733 3935 convertebat.
2782 3880 3063 3934 Nomiuttm
3118 3885 3454 3939 concinnita-

1883 3974 1988 4019 tem
2015 3977 2069 4021 et
2094 3969 2507 4023 ostentationem
2544 3970 2663 4021 aliis
2695 3969 3027 4037 relinquens,
3063 3987 3175 4023 rem
3208 3984 3449 4029 sectatus

1880 4065 1963 4110 est
1997 4075 2010 4111 :
2041 4073 2143 4111 non
2185 4059 2337 4127 plura
2389 4058 2552 4113 verba
2596 4058 2804 4113 locutus
2851 4076 3011 4127 quam
3049 4076 3208 4115 sensa
3252 4065 3447 4117 mentis

1880 4158 2078 4214 essent,
2114 4165 2288 4223 neque
2328 4151 2474 4217 plura
2510 4165 2666 4203 sensa
2714 4166 2873 4218 quam
2911 4166 3090 4205 rerum
3125 4163 3313 4206 natura
3362 4170 3452 4222 pa-

1883 4251 2104 4304 teretur,
2139 4241 2427 4308 justitiam,
2476 4259 2593 4311 qutn
2634 4244 2799 4297 Deum
2842 4254 3155 4310 veneratur,
3190 4246 3240 4298 in
3274 4246 3450 4301 lucem

1880 4333 2073 4387 ferens.
2110 4332 2386 4387 Gaudebat
2424 4333 2656 4387 Isidorus
2708 4333 2823 4387 viso
2865 4334 3073 4396 Procio,
3112 4346 3259 4387 ratus
3304 4336 3353 4388 in
3386 4350 3452 4388 eo

1881 4440 1938 4478 se
1970 4426 2331 4477 venerandum
2378 4433 2430 4477 et
2465 4439 2680 4493 gravem
2714 4424 3061 4506 philosophia:
3098 4426 3298 4479 vultum
3326 4441 3453 4480 vere

194 4511 366 4575 δειξιν
411 4512 585 4580 εῐχετο
635 4512 745 4564 τῶν
790 4514 1153 4582 πραγμάτων,
1194 4516 1254 4568 οὐ
1296 4516 1488 4582 λόγους
1509 4516 1569 4568 τὸ
1612 4517 1773 4571 πλέον

1886 4515 2079 4567 videre.
2142 4514 2273 4567 Cum
2342 4514 2501 4569 etiam
2577 4513 2795 4569 Proclus
2876 4514 3061 4569 lsidori
3132 4515 3323 4571 faciem
3391 4526 3452 4571 ut

194 4602 227 4672 ἢ
268 4603 483 4672 νοήσεις
508 4600 877 4671 φθεγγόμενος
908 4604 973 4666 ’⁸,
993 4605 1113 4657 οὐδέ
1144 4606 1357 4675 νοήσεις
1385 4606 1584 4674 μᾶλλον
1616 4607 1647 4677 ἢ
1677 4610 1773 4672 τὰς

195 4686 387 4748 οὐσίας
445 4686 624 4739 αὐτῶν
702 4688 812 4740 τῶν
893 4689 1235 4759 πραγμάτων
1299 4691 1447 4757 ἄγων
1489 4692 1568 4752 είς
1638 4692 1770 4757 φῶς.

195 4777 311 4847 Τήν
341 4776 468 4846 περὶ
482 4777 541 4829 τὸ
570 4777 723 4829 Θεῖον
750 4779 797 4810 ⁸⁸
822 4779 1213 4847 ἀγιστεύουσαν
1231 4780 1408 4849 θέμιν.
1442 4782 1773 4850 Εὐφραίνετο

192 4867 249 4921 δέ
292 4868 437 4936 ὀρῶν
465 4867 555 4920 τὸν
616 4868 857 4938 Πρόκλον
891 4871 917 4921 6
945 4870 1212 4939 Ἰσίδωρος
1266 4872 1461 4924 αἰδοῖόν
1498 4873 1543 4903 ³¹
1564 4889 1624 4924 τε
1658 4873 1775 4943 ἅμα

194 4961 291 5011 καὶ
321 4958 495 5011 δεινὸν
530 4959 680 5022 ἰδεῖν,
706 4959 839 5011 αὐτὸ
868 4961 1037 5013 δοκῶν
1064 4964 1181 5013 ἐκεῖ
1208 4963 1341 5033 ὀρᾷν
1384 4962 1429 4993 ’⁷
1460 4963 1520 5015 τὸ
1559 4964 1773 5031 φιλοσο-

194 5050 327 5116 φίας
374 5048 451 5118 τῷ
531 5049 646 5102 δντι
720 5051 1031 5120 πρόσωπον.
1087 5046 1243 5105 Ἐπεὶ
1288 5054 1383 5106 καὶ
1437 5054 1465 5105 6
1528 5054 1772 5125 Πρόκλος

194 5139 478 5209 ἐθαύμαζε
507 5140 601 5193 τού
636 5139 909 5212 Ἰσιδώρου
933 5142 993 5194 τὸ
1020 5138 1155 5206 εἶδος
1194 5144 1269 5207 ὡς
1300 5144 1483 5197 ἔνθεον
1513 5147 1605 5197 καὶ
1634 5146 1769 5215 πλῆ-

197 5249 287 5299 ρες
347 5232 391 5263 ¹⁹
468 5232 597 5284 είσω
650 5232 940 5301 φιλοσόφου
988 5233 1152 5303 ζωῆς.
1212 5235 1270 5288 '0
1326 5236 1384 5288 δέ
1447 5237 1770 5301 Σαλούστιος

190 5322 377 5375 οὐκέτι
426 5322 503 5391 τῷ
531 5323 809 5395 δικανικῷ,
852 5326 968 5379 ἀλλ’
1016 5328 1115 5397 ήδη
1181 5328 1259 5397 τῷ
1317 5328 1611 5398 σοφιστικῷ
1664 5330 1765 5400 βίῳ

1875 4601 2110 4654 divinam
2176 4599 2338 4655 fuerit
2394 4603 2657 4665 miratus,
2710 4604 2973 4673 plenaque
3037 4606 3182 4661 intus
3268 4608 3445 4675 philo-

1878 4692 2078 4761 Sophia:
2129 4694 2269 4745 vitae.
2336 4691 2603 4748 Salustius
2648 4709 2750 4746 non
2788 4695 3018 4763 amplius
3048 4694 3248 4749 forensi
3284 4735 3299 4760 ,
3352 4697 3447 4749 sed

1877 4785 2127 4835 oratoria:
2171 4783 2273 4835 arti
2339 4783 2568 4835 intendit
2609 4784 2870 4837 animum.
2921 4784 3230 4839 Publicatas
3276 4788 3443 4838 etiam

1880 4871 2253 4925 Demosthenis
2313 4875 2585 4927 orationes
2658 4875 2932 4928 memoria:
2989 4876 3267 4929 mandavit
3326 4890 3447 4929 om-

1880 4981 1993 5019 nes.
2052 4964 2246 5019 Adhazc
2302 4966 2433 5021 satis
2475 4976 2596 5019 erat
2645 4966 2897 5031 disertus,
2944 4982 3051 5022 non
3114 4969 3444 5022 recentiores

1880 5057 2146 5123 sophistas
2188 5057 2428 5124 imitans,
2461 5058 2554 5113 sed
2583 5073 2703 5112 cum
2731 5068 2910 5113 vetere
2936 5060 3250 5129 scriptionis
3268 5060 3447 5128 Splen-

1880 5151 2007 5203 (Iore
2031 5159 2267 5209 certans,
2318 5151 2702 5219 orationesque
2744 5152 2962 5220 scripsit
3000 5166 3104 5204 non
3137 5151 3305 5205 multo
3340 5152 3447 5206 illis

1880 5238 2181 5295 inferiores.
2227 5238 2394 5295 Nudis
2435 5242 2658 5309 pedibus
2690 5244 2873 5296 orbem
2913 5252 3203 5305 terrarum,
3242 5253 3297 5295 ut
3335 5242 3443 5293 ier-

1875 5342 1981 5396 tur,
2008 5333 2215 5387 ambiit.
2248 5332 2381 5402 ’Ἑδη
2440 5334 2581 5400 capit
2612 5348 2708 5402 pro
2745 5334 2875 5400 ipsis
2921 5332 3179 5387 delubris.
3219 5332 3445 5386 Ponitur

1475 5484 1706 5539 VARIIE
1745 5484 2141 5541 LECTIONES.

262 5569 279 5599 ¹
338 5566 395 5619 δὲ
416 5582 525 5647 om.
550 5570 617 5625 Δ.
673 5570 740 5647 Δξδ
771 5566 975 5647 οἷον-Α.
1053 5573 1096 5647 ξ’
1120 5572 1412 5647 ἐπιθυμίαν
1436 5575 1494 5647 Β.
1524 5645 1532 5647 4
1575 5575 1618 5647 ίξ
1656 5576 1846 5647 ὐηνείᾳ
1866 5576 1939 5647 A7:
1967 5576 2125 5628 κυϐεί

192 5639 234 5669 "
270 5638 508 5707 φανερόν
531 5656 591 5708 ς.
672 5640 719 5671 ’°
744 5641 842 5708 τῆς
869 5642 913 5693 Α
948 5659 961 5695 :
998 5645 1107 5704 τοῖς
1135 5662 1194 5707 ς.

190 5709 253 5758 Α.
336 5708 382 5737 ⁸⁵
410 5707 741 5762 κατεϐάλετο
767 5713 832 5763 Α.

192 5775 363 5844 δείμω
389 5773 450 5829 Β.
525 5777 571 5809 ⁸⁸
600 5780 807 5832 ἐκεῖνον
844 5780 983 5850 ὀρῶν
1007 5773 1071 5835 Ἀ.

2264 5578 2305 5649 ξ⁷
2331 5578 2587 5632 θέλουσαν
2618 5595 2677 5649 ς.
2758 5578 2800 5610 ¹⁸
2824 5575 3049 5649 ἀφανὲς]
3066 5578 3115 5649 ’ἢ
3148 5576 3347 5649 ἀφανὲς,
3373 5578 3438 5630 Α.

1271 5594 1412 5643 ’μιαν
1436 5594 1494 5627 υ.
1575 5594 1618 5607 ι-
1656 5594 1939 5647 υηνειᾳαε
1967 5594 2122 5628 κυοει
2172 5618 2180 5629 .
2264 5594 2301 5609 ·’
2331 5594 2587 5632 υεΑουσαν
2618 5595 2677 5642 ς.
2758 5594 2800 5610 ³·
2824 5594 2857 5631 α
2901 5594 3049 5648 ανες]
3083 5594 3115 5649 η
3148 5594 3347 5645 αφανες
3373 5594 3438 5630 Α.

1271 5646 1311 5675 ’⁸
1348 5645 1746 5717 συνελάμϐανον
1774 5645 1830 5699 Β.
1908 5646 1951 5717 ἐ
1971 5594 2413 5717 θείανῗάλήθειαν
2435 5650 2498 5702 Α.
2575 5649 2621 5680 ’⁸
2651 5594 3008 5717 ἠναγκάὲετο]
3037 5643 3441 5717 είναιᾼείκάζετο

908 5713 952 5784 ’_'
994 5714 1360 5784 φθεγγόμενος
1388 5715 1506 5766 οὐδέ
1538 5718 1750 5784 νοήσεις
1782 5732 1887 5784 om.
1927 5716 1989 5767 Α.
2066 5713 2257 5769 ’θ’τῶν
2283 5717 2439 5771 θείων
2454 5720 2518 5773 Α.

1170 5783 1212 5813 ¹⁹
1240 5784 1442 5853 πλῆρες
1492 5781 1683 5840 Sttitius
1713 5800 1761 5838 ν.
1806 5781 1951 5846 Εἶδος
1984 5805 1995 5839 ;
2036 5785 2245 5856 πλήρης
2272 5803 2328 5850 ς.

2612 5718 2655 5749 ³⁷
2678 5715 2873 5771 αἰδοῖον
2904 5747 2972 5757 -
2991 5715 3191 5785 δεινὸν]
3219 5717 3357 5768 αἰδοῖ
3373 5740 3439 5756 -ι
