4206 6436
758 389 895 455 1299

1910 393 2171 455 PHOTII
2208 390 2713 452 PATRIARCHIE
2745 391 2850 451 CP.

3852 388 3992 456 1300

755 505 941 559 eadem
976 516 1080 557 vox
1118 510 1167 555 et
1204 516 1302 572 pro
1341 503 1538 558 statuis
1572 520 1585 556 :
1636 504 1763 558 item
1808 521 1903 572 pro
1950 505 2131 572 templi
2177 504 2319 573 pavi-

2424 505 2673 571 προσεῖχε
2704 504 2794 555 τὸν
2817 501 2961 557 νοῦν.
2982 501 3245 571 Ἐξὲμαθε
3286 501 3343 555 δέ
3395 500 3489 555 καὶ
3537 502 3665 562 τοὺς
3697 500 3999 569 δημοσίους

757 603 953 647 mento.
990 592 1178 646 lillies
1216 592 1483 647 insomnia
1516 595 1670 658 vidit,
1707 608 1765 650 ut
1795 611 1900 649 uno
1930 596 2093 649 verbo
2118 594 2319 647 dicam.

756 683 931 738 Semel
963 697 1090 737 vero
1115 684 1278 735 etiam
1310 698 1494 737 verum
1539 686 1715 737 visum
1762 686 2016 753 apparuit
2048 683 2320 738 hominem

758 774 1235 841 circumspiciens,
1289 790 1384 843 pro
1414 785 1668 829 accurate
1703 775 2089 843 contemplans,
2126 782 2323 841 praeter

753 873 1070 916 consuetum
1102 878 1305 917 morem
1334 864 1611 932 loquendi.
1643 864 1819 917 Liberi
1843 873 2001 918 erant
2033 866 2099 917 ab
2130 864 2318 916 buma-

754 953 838 1005 nis
875 953 1296 1021 impedimentis,
1344 968 1463 1023 qua:
1518 955 1830 1023 plerumque
1866 966 2009 1009 sunt.
2057 953 2223 1008 Nemo
2264 953 2318 1005 in

752 1040 950 1095 divinis
981 1041 1141 1096 rebus
1182 1044 1315 1097 adeo
1353 1044 1517 1098 hebes
1552 1046 1819 1111 est,‘quin
1860 1044 2062 1097 sentiat
2103 1056 2319 1095 omnem

754 1127 848 1184 Dei
879 1133 1009 1195 vim,
1045 1134 1279 1187 maxime
1312 1143 1487 1188 autem
1522 1136 1574 1189 in
1598 1134 1882 1205 puniendis
1908 1133 2180 1201 improbis.
2203 1130 2317 1183 Nun

754 1222 1031 1277 aberraret
1060 1238 1088 1277 a
1128 1238 1250 1276 vera
1279 1240 1453 1288 musa,
1487 1225 1568 1279 vel
1599 1240 1627 1277 a
1667 1240 1820 1279 sacra
1847 1226 2095 1276 veritate.
2124 1221 2322 1290 351a

755 1316 899 1369 Socii
941 1315 1081 1369 alius
1126 1316 1416 1383 opinionis,
1460 1326 1515 1369 et
1552 1325 1870 1376 sectatores,
1910 1322 1964 1366 et
1991 1314 2056 1365 ad
2084 1315 2323 1381 philoso-

754 1407 935 1473 phiam
1008 1406 1422 1469 roborabantur,
1499 1419 1805 1471 quanquam
1876 1403 2031 1457 initio
2088 1404 2322 1470 philoso-

756 1495 953 1561 phandi
993 1496 1363 1549 dexteritatem
1400 1510 1504 1548 non
1535 1503 1973 1561 assequerentur.
2012 1493 2142 1547 Voto
2173 1510 2320 1555 usus,

753 1586 821 1640 ad
859 1585 1175 1640 familiarem
1216 1586 1617 1653 humanumque
1665 1600 1883 1639 sensum
1920 1600 1949 1637 a
1999 1587 2325 1653 portentosis

754 1677 986 1743 spectris
1019 1676 1201 1740 rediit,
1262 1685 1315 1729 et
1365 1676 1596 1729 elocavit
1628 1677 1694 1728 ad
1737 1685 1950 1744 tempus
1982 1676 2323 1729 matrimonio

2424 593 2665 655 ἅπαντας
2698 591 2791 645 τοῦ
2808 592 3189 663 Δημοσθένους
3221 592 3437 659 λόγους.
3474 591 3586 645 Καὶ
3631 590 3696 659 δὴ
3722 590 3901 658 λέγειν
3922 583 3998 658 ἦν

2426 682 2630 744 ἱκανὸς,
2660 682 2721 733 οὐ
2746 683 2872 743 τοὺς
2906 680 3056 742 νέους
3086 681 3130 712 ³⁸
3168 680 3503 750 μιμούμενος
3547 678 3829 746 σοφιστὰς,
3857 677 4001 730 άλλά

2423 772 2559 841 πρὸς
2592 772 2682 823 τὸν
2721 773 2945 841 ἀρχαῖον
2974 772 3127 823 τόνον
3154 772 3193 802 ⁸³
3221 772 3319 840 τῆς
3355 770 3724 840 λογογραφίας
3751 767 3998 839 ἁμιλλώ-

2425 878 2605 930 μενος.
2638 862 2858 929 Ἀμέλει
2912 862 3007 914 καὶ
3034 861 3235 930 ἔγραψε
3268 861 3459 927 λόγους
3479 861 3541 913 οὐ
3593 860 3727 912 πολύ
3762 876 3815 911 τι
3848 858 4000 910 ἐκεί-

2424 970 2529 1005 νων
2579 951 2951 1019 λειπομένους,
3010 950 3170 1022 [1069
3224 948 3316 1021 1L]
3378 950 3707 1011 ἀνυπόδετος
3768 946 3999 1017 περιιὼν

2424 1045 2524 1112 τὴν
2586 1042 2937 1111 οἰκουμένην,
2986 1040 3063 1105 ὡς
3116 1041 3284 1109 φάναι
3308 1040 3463 1109 λόγον
3492 1041 3558 1106 ⁸¹,
3598 1040 3837 1093 ἃπασαν.
3875 1039 4000 1091 Ὀτι

2426 1134 2493 1185 τά
2519 1132 2608 1200 ἐδη
2636 1134 2730 1185 καὶ
2756 1132 2847 1185 ἐπὶ
2866 1132 3046 1185 αὐτῶν
3076 1131 3342 1200 λαμϐάνει
3370 1131 3479 1185 τῶν
3507 1131 3770 1200 τεμενῶν,
3800 1130 3999 1182 τάττε-

2424 1240 2512 1275 ται
2542 1223 2597 1275 δέ
2626 1224 2720 1275 καὶ
2752 1226 2842 1274 ἐπὶ
2871 1223 2979 1275 τῶν
3009 1223 3342 1292 ἀγαλμάτων
3361 1240 3375 1254 ·
3406 1223 3623 1292 λέγεται
3662 1222 3719 1274 δέ
3749 1221 3869 1284 ἐδος
3903 1220 4001 1273 καὶ

2424 1315 2484 1364 τὸ
2508 1313 2699 1378 ἔδαφος
2748 1313 2841 1365 τοῦ
2901 1313 3025 1365 νεώ.
3062 1313 3226 1383 Ὅναρ
3269 1314 3369 1383 μέν
3411 1314 3671 1383 μυριάκις
3711 1312 3894 1382 παρῆν
3922 1310 3999 1371 ὡς

2427 1406 2591 1469 φάναι
2613 1403 2672 1453 τὸ
2697 1403 2848 1467 ἔπος,
2872 1402 3019 1466 ἅπαξ
3036 1403 3094 1455 δέ
3124 1404 3217 1456 καὶ
3241 1404 3388 1473 ῦπαρ
3414 1403 3457 1434 ⁸⁸
3482 1403 3657 1470 ἐφάνη
3688 1402 3749 1453 τὺ
3778 1402 3997 1469 φάσμα.

2426 1490 2837 1560 Περιορώμενον
2919 1494 3010 1545 τὸν
3074 1493 3360 1562 ἄνθρωπον
3416 1493 3537 1545 ἀντὶ
3578 1491 3672 1544 τοῦ
3725 1491 4001 1560 ἐμϐλέπων

2426 1584 2691 1652 ἀκριϐῶς,
2718 1583 3050 1635 ἐπισκοποῦν
3078 1583 3146 1645 ⁸³,
3208 1585 3464 1647 ἐναντίως
3500 1583 3602 1651 τῆς
3632 1582 3738 1635 τῶν
3786 1582 3999 1634 πολλῶν

2426 1678 2693 1742 χρήσεως.
2720 1674 3014 1727 Ἀκὼλυτοι
3038 1674 3284 1742 διέμενον
3314 1674 3417 1727 ὑπὸ
3439 1674 3547 1727 τῶν
3568 1673 3835 1726 εἰωθότων
3856 1673 3999 1725 κατά

754 1778 960 1836 aptum.
991 1769 1095 1822 Sed
1127 1769 1287 1822 etiam
1331 1765 1685 1835 philosophice
1732 1766 1918 1818 induto
1970 1766 2150 1831 pallio,
2205 1774 2319 1816 tan-

2426 1765 2485 1815 τὸ
2522 1763 2857 1833 ἀνθρώπινον
2902 1766 2949 1796 ³⁸
3002 1764 3362 1834 κωλυμάτων.
3419 1765 3607 1825 Οὐδείς
3660 1765 3810 1816 ἐστιν
3856 1762 4001 1815 οὕτω

754 1870 914 1921 quam
944 1871 1139 1925 sponsa
1167 1856 1537 1925 philosophica
1564 1857 1613 1908 iu
1641 1856 1839 1908 divinis
1859 1855 2015 1907 rebus
2039 1868 2324 1910 exercente

2427 1855 2487 1905 τὸ
2517 1824 2672 1906 Θεῖον
2713 1824 3193 1923 ἐκκεκωφημένος,
3248 1854 3305 1916 ὃς
3333 1854 3435 1907 οὐκ
3484 1824 3799 1907 αίσθάνεται
3830 1852 3996 1907 αὐτοῦ

760 1942 1041 2011 religione,
1078 1953 1131 1999 et
1163 1958 1499 2012 qua'cunque
1529 1941 1731 2006 eﬂ'erri,
1766 1955 1818 1995 et
1855 1959 2183 2011 qumcunque
2221 1960 2324 1998 non

2430 1946 2527 2011 τῆς
2554 1946 2837 2013 ἐνεργείας
2869 1946 3050 2013 πάσης
3076 1945 3197 2014 μέν,
3228 1946 3327 2015 οὐχ
3375 1946 3575 2015 ἣκιστα
3633 1945 3690 1997 δέ
3715 1945 3815 2011 τῆς
3840 1944 3999 1995 κολα-

753 2024 934 2081 eﬂ'erri
962 2039 1207 2095 possunt.
1241 2028 1331 2083 ille
1359 2029 1809 2095 Aphrodisiadem
1841 2033 2084 2096 secessit,
2116 2042 2167 2084 et
2203 2046 2322 2085 cum

2430 2034 2628 2102 ζούσης
2666 2034 2791 2095 τοὺς
2815 2033 3249 2103 ἁμαρτάνοντας.
3283 2033 3397 2086 Οὐκ
3420 2033 3485 2085 ἃν
3502 2032 3741 2102 ἁμάρτοι
3773 2032 3999 2099 Μούσης

754 2131 921 2171 uxore
956 2118 1075 2172 sine
1102 2119 1287 2173 liberis
1314 2120 1463 2172 vixit.

2427 2121 2679 2189 ἀληθοῦς,
2706 2122 2737 2189 ἢ
2763 2122 2861 2173 οὐκ
2914 2121 2979 2174 ἀν
3034 2122 3270 2192 ἁμάρτοι
3316 2122 3571 2192 ἀληθείας
3600 2124 3771 2189 ἱερᾶς.
3806 2121 3873 2176 Οἱ
3902 2120 4001 2188 τῆς

752 2210 1052 2279 ἀλλοφύλου
1123 2213 1279 2284 δόξης
1336 2216 1541 2283 ἑταῖροι
1609 2216 1701 2269 καὶ
1760 2215 2145 2271 συστασιῶται.
2207 2218 2315 2268 Καὶ
2354 2217 2489 2286 πρὸς
2525 2219 2569 2249 ³⁸
2594 2218 2912 2286 φιλοσοφίαν
2952 2219 3209 2289 ἔρρωντο,
3245 2218 3421 2270 καίτοι
3469 2219 3640 2289 ἀρχὴν
3680 2215 4003 2287 ἀτυχοῦντες

754 2304 1059 2371 εὐαγωγίας
1088 2305 1399 2373 φιλοσόφου.
1445 2308 1554 2361 Καὶ
1599 2311 1663 2378 τῇ
1702 2309 1831 2379 εὐχῇ
1866 2308 2205 2377 χρησάμενος
2236 2310 2315 2371 είς
2353 2310 2451 2377 τὴν
2478 2310 2679 2380 συνήθη
2727 2311 2823 2363 καὶ
2880 2310 3226 2381 ἀνθρωπίνην
3285 2310 3535 2379 αἴσθησιν
3582 2311 3691 2365 ἀπὸ
3735 2312 3844 2364 τῶν
3907 2309 4001 2363 ἀλ-

755 2393 987 2447 λοκότων
1038 2394 1218 2464 ὄψεων
1256 2398 1546 2465 ἐπανῆλθε.
1607 2400 1717 2451 Καὶ
1751 2400 1812 2468 δὴ
1847 2400 2108 2464 ἐξέδωκεν
2138 2401 2437 2469 ἱκνουμένῳ
2468 2401 2512 2431 ³⁸
2578 2401 2655 2470 τῷ
2702 2402 2796 2454 τοῦ
2833 2459 2837 2463 ,
2879 2402 3059 2471 γάμου
3133 2402 3332 2471 καιρῷ.
3401 2402 3562 2454 Ἀλλά
3604 2403 3698 2454 καὶ
3760 2403 4001 2471 τρίϐωνα

754 2483 1063 2552 περιϐαλὼν
1095 2484 1409 2553 φιλοσοφίας
1438 2488 1501 2552 ³⁷,
1531 2488 1604 2551 ὼς
1626 2488 1929 2555 φιλόσοφον,
1960 2488 2055 2557 τὴν
2074 2488 2309 2557 νύμφην.
2377 2490 2486 2558 Τῆς
2532 2493 2658 2561 περὶ
2704 2492 2772 2545 τά
2818 2492 2937 2545 θεῖα
2985 2492 3369 2562 διατριϐούσης
3421 2493 3739 2562 θρησκείας,
3787 2494 3888 2561 ὅση
3942 2498 4000 2544 τε

756 2579 893 2646 ῥητὴ
960 2580 1053 2630 καὶ
1093 2579 1192 2648 ὅση
1228 2580 1557 2651 ἀπόρρητος.
1613 2581 1736 2634 Οὐδ’
1768 2582 1812 2613 ³⁸
1845 2584 1923 2644 είς
1945 2582 2325 2651 ’Δφροδισιάδα
2366 2586 2715 2655 μετεχώρησε
2773 2586 3123 2655 παράκλητος
3152 2588 3214 2640 ³⁸.
3250 2586 3488 2638 ’Δπαιδα
3524 2586 3635 2638 ϐίον
3655 2590 3723 2655 τῇ
3785 2584 4003 2653 γυναικὶ

757 2682 823 2721 συ
833 2668 1159 2737 μϐεϐίωκεν.

827 2760 1059 2814 ililarius
1091 2760 1457 2829 philosophus,
1484 2776 1669 2815 amans
1698 2761 1997 2831 voluptates
2024 2776 2312 2823 venereas,

2483 2759 2539 2812 '0
2551 2759 2607 2812 δὲ
2631 2759 2854 2827 Ίλάριος
2869 2759 2913 2789 ⁸⁸
2932 2758 3233 2827 φιλοσοφῶν
3253 2759 3653 2828 μὲν,ἐκδεδιῃτη
3662 2759 3824 2826 μένος
3835 2759 3892 2811 δέ
3907 2759 4002 2822 τὰς

756 2852 948 2908 Proclo
972 2862 1179 2907 nonest
1208 2868 1337 2906 usus
1366 2856 1645 2921 magistro.
1679 2856 1825 2908 Dixit
1854 2870 2167 2923 persuasum
2200 2856 2318 2908 ion-

2424 2850 2817 2919 ύπογαστρίους
2842 2848 3057 2919 ἡδονάς,
3090 2851 3189 2901 οὐκ
3221 2850 3375 2918 ἔτυχε
3396 2850 3637 2918 Πρόκλου
3662 2848 3999 2903 διδασκάλου.

756 2943 959 3011 giorem
988 2943 1090 2997 sibi
1120 2942 1235 2996 fore
1263 2944 1313 2996 in
1348 2960 1575 3013 corpore
1616 2947 1800 3009 vitam,
1835 2948 1905 2999 oh
1940 2948 2317 3000 dexteritatem

2424 2940 2715 2993 Πεπείσθαι
2767 2941 2915 3007 ἔλεγε
2968 2939 3463 3009 πολυχρονιώτερόν
3510 2942 3558 2992 οί
3603 2942 3859 3009 γενέσθαι
3914 2943 4000 2994 τὸν

756 3034 943 3088 uxoris
974 3052 988 3087 :
1021 3042 1077 3087 et
1113 3033 1226 3087 haec
1270 3034 1425 3098 dixit,
1467 3050 1569 3087 non
1600 3046 1807 3104 gratum
1852 3037 1955 3091 sibi
1986 3052 2107 3091 esse
2157 3038 2321 3089 conli-

2427 3032 2566 3099 μετά
2590 3032 2681 3084 τοῦ
2720 3031 2970 3099 σώματος
2997 3030 3108 3099 βίον
3152 3032 3239 3084 διά
3283 3032 3380 3101 τὴν
3415 3032 3696 3101 δεξιότητα
3759 3034 3861 3101 τῆς
3908 3051 4001 3101 γυ·

759 3138 899 3189 tens,
924 3134 982 3179 ut
1007 3124 1166 3178 alicui
1198 3126 1365 3179 videri
1402 3127 1591 3192 possit,
1622 3128 1717 3181 sed
1744 3143 1884 3197 aegre
1910 3127 2089 3181 ferens
2116 3144 2319 3182 moram

2426 3120 2628 3181 ναικός.
2656 3121 2765 3172 Καὶ
2809 3120 2981 3173 ταῦτα
3035 3120 3216 3186 ἔλεγεν
3252 3122 3314 3172 ού
3372 3122 3530 3191 χάριν
3588 3123 3889 3191 ὁμολογῶν,
3928 3125 4001 3183 ὡς

758 3216 813 3268 in
838 3228 1085 3283 corpore,
1113 3222 1167 3269 et
1191 3217 1257 3267 ad
1284 3230 1505 3270 uxorem
1532 3216 1794 3280 referens,
1822 3226 2082 3286 quantum
2118 3219 2321 3271 homini

2427 3211 2490 3264 ἄν
2516 3228 2590 3280 τῳ
2619 3212 2844 3277 δόξειεν,
2882 3213 3019 3265 ἀλλά
3064 3211 3427 3281 δυσχεραίνων
3461 3212 3593 3281 πρὸς
3624 3212 3747 3284 [571
3781 3212 3991 3284 [1.]τήν

758 3305 907 3371 licet,
940 3306 1130 3359 mortis
1178 3305 1516 3370 dilationem,
1551 3310 1846 3377 uxorisque
1883 3309 2122 3362 laudavit
2152 3308 2324 3363 facili-

2426 3307 2485 3356 ἐν
2518 3304 2731 3372 σώματι
2752 3304 3053 3372 διατριϐὴν,
3092 3305 3185 3355 καὶ
3215 3306 3293 3365 εἰς
3322 3304 3535 3371 ἐκείνην
3562 3304 3874 3373 ἀναφέρων,
3902 3306 3999 3357 ὅσα

759 3404 951 3458 tatem,
980 3403 1035 3449 et
1074 3394 1371 3449 coliaztatus
1421 3406 1526 3450 est.
1559 3396 1700 3451 Deus
1730 3398 1955 3464 primam
1999 3400 2322 3451 matrimonii

758 3497 910 3551 spem
947 3482 1255 3549 miseratus,
1280 3484 1427 3537 dedit
1462 3486 1535 3553 illi
1570 3487 1782 3554 signum
1816 3486 2011 3541 futura:
2033 3489 2239 3555 stirpis,
2273 3496 2327 3542 et

757 3575 972 3627 tandem
993 3589 1214 3628 uxorem
1240 3589 1388 3629 suam
1420 3578 1650 3631 maritus
1674 3577 1949 3647 gravidam
1969 3580 2121 3633 vidit.
2140 3580 2326 3633 Ascle-

757 3661 981 3730 piodoto
1032 3662 1286 3726 tenebrae,
1330 3666 1622 3731 quominus
1672 3665 1895 3732 legeret,
1947 3668 2339 3734 impedimento,

760 3766 864 3805 non
889 3760 1062 3807 erant.
1091 3750 1343 3807 Narravit
1366 3763 1420 3809 et
1450 3754 1575 3821 alia,
1609 3770 1729 3824 qua
1752 3758 2030 3824 audiisset,
2051 3768 2105 3812 et
2132 3761 2196 3813 de
2211 3759 2328 3824 ejus

758 3844 877 3894 visa
914 3842 1082 3894 multa
1112 3843 1273 3910 digna
1309 3845 1693 3900 admiratione.
1730 3846 1839 3900 Vox
1864 3846 2147 3914 cujusnam
2181 3857 2328 3902 esset

760 3932 1049 3993 incertum,
1098 3947 1288 3985 navem
1315 3933 1703 4004 sisterojussit,
1738 3946 1795 3991 et
1830 3938 1898 3991 de
1933 3939 2193 4006 ὁμακοῖου
2220 3948 2327 4002 est,

758 4022 901 4093 quod
950 4020 1050 4090 ipsi
1096 4021 1339 4077 videmus
1372 4032 1427 4077 et
1474 4026 1741 4081 audimus.
1778 4026 1846 4081 Et
1883 4042 2054 4096 usque
2082 4029 2147 4082 ad
2180 4043 2328 4081 mor-

763 4120 871 4165 tem
920 4118 1105 4163 castus
1143 4110 1299 4174 vixit,
1350 4126 1451 4165 nec
1504 4112 1790 4180 quisquam
1835 4124 1940 4178 est,
1986 4116 2145 4170 etiam
2189 4118 2329 4170 inter

763 4198 1035 4265 inimicos,
1079 4198 1169 4265 qui
1209 4212 1329 4253 eum
1374 4201 1801 4268 reprehenderit.
1863 4203 2103 4258 Marinus
2143 4205 2325 4273 inepto

764 4288 1003 4357 ingenio,
1046 4303 1145 4341 nec
1173 4289 1527 4344 excellentem
1570 4290 1905 4347 Parmenidis
1932 4296 2327 4363 expositionem

763 4381 1110 4444 praeceptoris
1130 4376 1212 4429 sui
1244 4377 1384 4442 tulit,
1405 4378 1471 4430 ad
1500 4378 1647 4431 ideas
1670 4394 1795 4431 vero
1818 4381 2327 4447 contemplationem

2428 3410 2490 3459 γε
2517 3396 2597 3455 είς
2637 3392 2958 3461 ἄνθρωπον,
3010 3390 3105 3461 τὴν
3140 3392 3231 3443 τοῦ
3281 3391 3509 3445 θανάτου
3561 3393 3852 3462 ἀναϐολήν.
3895 3395 3999 3446 Καὶ

2426 3486 2525 3549 τῆς
2561 3484 2817 3550 γυναικὸς
2852 3482 3041 3552 ἐπῄνει
3101 3483 3199 3551 τὴν
3249 3484 3691 3551 εὖαγωγίαν,καὶ
3725 3485 3994 3553 συνήδετο.

2428 3575 2781 3643 Κατελεήσας
2828 3573 2922 3625 τοῦ
2951 3574 3129 3642 γάμου
3163 3572 3261 3637 τὰς
3313 3573 3535 3643 πρώτας
3568 3574 3789 3637 ἐλπίδας
3818 3577 3847 3627 ό
3872 3574 3999 3636 Θεὸς

2428 3665 2599 3716 ἐδίδου
2633 3664 2899 3730 σύμϐολον
2932 3664 3029 3731 τῆς
3065 3664 3328 3732 ἐσομένης
3365 3665 3547 3733 γονῆς·
3582 3666 3677 3717 καὶ
3708 3666 3807 3733 τὴν
3833 3682 4000 3733 γαμε-

2428 3756 2524 3823 τὴν
2563 3754 2745 3805 λοιπὸν
2775 3752 2923 3821 ἐώρα
2944 3754 3168 3805 ἐπίτεκα
3200 3751 3364 3806 οὖσαν
3413 3755 3442 3806 ό
3483 3754 3642 3822 ἀνήρ.
3680 3754 3788 3806 Καὶ
3850 3754 4001 3806 οὐδὲν

2429 3843 2682 3913 ἐμποδὼν
2723 3844 2855 3911 πρὸς
2888 3844 2986 3914 τὴν
3047 3845 3352 3911 ἀνάγνωσιν
3400 3843 3479 3912 τῷ
3515 3845 3951 3915 ’Δσκληπιοδότῳ
3975 3846 4003 3897 ό

2431 3933 2621 3995 σκότος
2646 3933 2853 3997 ἐγίνετο
2882 3932 2947 3985 δ’.
2983 3935 3231 4001 Διηγείτο
3261 3934 3317 3986 δέ
3373 3933 3505 3985 ἄλλα
3542 3950 3600 3985 τε
3661 3927 3734 3986 ὧν
3772 3935 4000 4003 ἀκήκοε.

2429 4025 2522 4077 καὶ
2548 4025 2611 4093 δὴ
2644 4023 2857 4089 καὶτῆς
2910 4024 3075 4075 αὑτοῦ
3122 4023 3295 4091 ὅψεως
3356 4023 3454 4075 οὐκ
3511 4024 3666 4089 ὀλίγα
3723 4024 4002 4092 θαύματος

2428 4114 2573 4177 ἀξια.
2618 4112 2745 4165 ’116⁸
2781 4112 3053 4177 ἄγνωστος
3079 4114 3230 4181 φωνὴ
3257 4114 3379 4164 ὅτου
3414 4112 3499 4180 εἴη
3525 4114 3623 4181 τὴν
3675 4113 3810 4167 ναῦν
3878 4116 4004 4167 ἀνα-

2431 4202 2699 4273 κωχάζειν
2734 4203 2975 4257 ἐκέλευε.
2999 4203 3105 4255 Τοῦ
3136 4204 3179 4233 ⁵⁸
3202 4203 3503 4271 όμμακοῖου
3541 4203 3585 4234 ⁸³
3609 4204 3709 4271 τῆς
3741 4205 4003 4271 absoni/iu

2430 4297 2524 4347 καὶ
2546 4295 2714 4364 ἀκοῆς
2739 4297 2873 4363 ἅμα.
2901 4295 3004 4347 Ka't
3032 4293 3328 4347 διετέλεσεν
3350 4294 3479 4365 ἄχρι
3508 4294 3740 4348 θανάτου
3793 4296 4003 4365 ἀμιγὴς

2434 4386 2633 4447 παντὸς
2684 4385 2951 4454 σώματος.
3005 4385 3127 4436 Οὐδ’
3177 4386 3322 4437 ἐστιν
3374 4388 3519 4448 ὅστις
3566 4387 4004 4457 ἐσυκοφάντησεν

763 4465 1002 4529 demisit,
1039 4480 1068 4517 ο
1115 4464 1616 4533 supernaturaiibus
1667 4468 2014 4522 unitatibus:
2062 4468 2228 4522 Firmi
2278 4478 2331 4523 et

2434 4477 2594 4529 αὑτὸν
2619 4476 2710 4527 ἐπὶ
2735 4477 3009 4538 τοιαύταις
3031 4474 3326 4541 διαϐολαῖς,
3357 4476 3475 4529 οὐδὲ
3504 4476 3613 4529 τῶν
3650 4477 3917 4545 ἐχθίστων
3937 4478 4002 4529 ⁵⁸.

764 4558 953 4613 Caleni
994 4560 1305 4614 notionibus
1345 4570 1401 4615 ut
1439 4562 1727 4630 plurimum
1764 4575 1965 4627 motus,
2012 4572 2107 4616 aut
2152 4564 2328 4615 incor-

764 4653 942 4721 ruptis
967 4652 1319 4720 conceptibus
1350 4657 1546 4707 mentis
1568 4654 1846 4709 beatorum
1872 4657 2131 4709 virorum.
2166 4653 2331 4709 Justi-

767 4743 895 4795 tiam
925 4743 1111 4808 coluit,
1146 4753 1199 4797 et
1230 4758 1349 4813 quae
1389 4745 1763 4813 pbilos0phnm
1799 4749 2010 4811 decent,
2047 4760 2154 4800 non
2195 4745 2330 4798 adu-

765 4834 989 4889 iatorios
1019 4849 1219 4898 mores,
1255 4846 1347 4888 aut
1375 4835 1643 4889 sordidos.
1670 4835 1909 4887 Marinus
1933 4842 2151 4903 propter
2183 4834 2331 4887 sedi-

764 4927 964 4981 tionem
1016 4926 1247 4980 Athenis
1296 4926 1622 4994 Epidaurum
1670 4927 1917 4989 secessit,
1967 4926 2326 4979 subodoratus

766 5018 991 5072 insidias
1043 5018 1166 5072 vita
1201 5029 1563 5085 comparatas.
1591 5018 1830 5073 Marinus
1862 5029 1916 5073 et
1954 5019 2068 5085 ipse
2110 5015 2332 5071 Proclus

767 5124 871 5161 nntt
906 5123 1009 5162 una
1040 5108 1232 5174 solum,
1262 5108 1456 5179 351b
1501 5112 1595 5163 sed
1639 5110 1899 5163 ambabus
1932 5108 2179 5162 manibus
2226 5106 2327 5161 lsi-

765 5200 955 5253 dorum
1002 5198 1236 5269 amplexi
1286 5210 1430 5254 sunt.
1477 5199 1697 5255 Proclus
1741 5200 1928 5253 videns
1972 5199 2112 5253 illius
2156 5198 2323 5252 animi

2448 4567 2506 4619 '0
2545 4568 2599 4619 δὲ
2634 4568 2870 4637 Μαρῐνος
2896 4566 2941 4600 ⁸³
2968 4567 3046 4636 τῷ
3080 4568 3253 4636 ἀτόνῳ
3313 4568 3413 4636 τῆς
3466 4569 3681 4636 φύσεως
3735 4569 3861 4621 οὺδέ
3911 4570 4004 4621 τοῦ

2440 4657 2772 4726 Παρμενίδου
2794 4658 2891 4727 τήν
2920 4657 3317 4727 ὑπεραίρουσαν
3342 4659 3601 4728 ἐξήγησιν
3630 4659 3726 4711 τοῦ
3743 4660 4001 4714 διδασκά-

2438 4745 2529 4798 λου
2561 4746 2809 4815 ήνεγκεν,
2846 4746 2937 4796 ἐπὶ
2970 4746 3037 4797 τὰ
3066 4746 3181 4813 εἴδη
3202 4746 3258 4798 δὲ
3287 4748 3385 4813 τὴν
3412 4747 3645 4817 θεωρίαν
3690 4749 4005 4818 κατήγαγεν

2439 4836 2545 4888 ἀπὸ
2566 4836 2673 4886 τῶν
2700 4836 3037 4903 ύπερουσίων
3064 4835 3263 4888 ἐνάδων
3291 4837 3356 4898 ⁵⁸,
3380 4838 3500 4899 ταῖς
3526 4837 3735 4907 Φίρμου
3778 4839 3879 4891 καὶ
3906 4839 4007 4891 Γαο

2440 4922 2599 4992 ληνοῦ
2628 4924 2686 4975 τὸ
2726 4922 2885 4975 πλέον
2933 4922 3162 4986 ἐννοίαις
3220 4924 3602 4994 ἐπισπώμενος
3654 4926 3686 4995 ἢ
3720 4928 3842 4988 ταῖς
3867 4928 4004 4995 ἀκη-

2440 5014 2618 5084 ράτοις
2667 5013 2941 5076 ἐπιϐολαῖς
3011 5012 3118 5065 τῶν
3167 5014 3453 5083 μακαρίων
3500 5015 3728 5084 ἀνδρῶν.
3785 5016 4007 5086 Ἐθερά-

2441 5122 2572 5156 πευε
2603 5106 2645 5134 ⁸⁷
2677 5104 2744 5156 τά
2772 5104 2954 5156 δίκαια
2998 5104 3093 5156 καὶ
3118 5105 3403 5175 φιλοσοφίᾳ
3447 5106 3745 5174 πρέποντα,
3798 5106 3916 5157 ἀλλ’
3943 5107 4001 5157 οὐ

2432 5196 2523 5249 τὸν
2550 5196 2708 5249 θῶπα
2742 5197 2941 5267 τρόπον
2966 5196 3059 5248 καὶ
3110 5195 3397 5265 βάναυσον.
3456 5200 3555 5251 Διά
3598 5199 3698 5266 τὴν
3747 5198 3939 5251 στάσιν
3970 5198 3997 5247 ό

2015 5373 2245 5428 VAllle
2280 5372 2682 5429 LECTIONES.

841 5514 1077 5585 ⁸⁸νέους]
1110 5511 1403 5585 νεωτέρους
1436 5512 1878 5585 ἐκμιμησάμενος
1909 5512 2367 5585 Suidas_v._ilivg;
2394 5551 2409 5576 ,
2444 5509 2738 5585 νεωτέρους
2764 5509 3167 5585 ἐκμιμούμενος
3202 5508 3339 5585 idem
3371 5521 3424 5558 v.
3461 5501 3782 5585 Σαλοιξπιοξ
3822 5496 3995 5563 οὗτος.

770 5582 816 5617 “
838 5585 987 5635 τόνον
1011 5582 1101 5637 Δὶ
1128 5583 1286 5635 πόνον
1316 5598 1353 5644 ς·

1395 5578 1609 5663 ριν-ποιέει
1630 5578 2003 5663 ξυὶξιειχπίνοχ.
2027 5651 2041 5663 .
2078 5581 2120 5612 ³⁸
2142 5581 2283 5663 λόγω
2315 5579 2375 5633 Β.
2448 5580 2493 5610 ³⁸
2530 5578 2875 5663 ῦπαρὶέφάνη
2915 5580 2958 5629 Α
2993 5578 3349 5663 είὺπξρξφάνη
3382 5593 3442 5640 ς.

3518 5574 3564 5605 ⁸⁸
3599 5570 3915 5624 διεσκόπουν
3935 5588 3994 5635 ς.

772 5654 817 5731 ἲξ
842 5654 933 5704 τδν
971 5640 1344 5731 idem”!
1699 5652 1777 5713 εις
1923 5651 1987 5731 ,ιε
2027 5640 2360 5731 meum
2542 5649 2583 5731 τ’
2616 5640 3280 5731 εέιλοδίὶφίάί.πεει⁶ἀλίέξν
3320 5640 3395 5731 εξο.
3427 5640 3770 5731 ,υεεξιξξῖηλέ
3809 5640 3993 5731 6:15-

776 5723 817 5792 ξ’
840 5720 1203 5792 παρακληθεξς
1237 5721 1299 5792 ΑΔ.
1374 5720 1419 5792 f'
1443 5719 1513 5773 cf.
1552 5719 1745 5792 Suidas
1770 5736 1815 5774 ν.
1837 5719 2396 5792 ἸλᾶριοςξᾹντιοχεύς.
2473 5719 2515 5749 δι
2539 5719 2752 5792 ἐγένετο
2778 5720 2867 5792 At
2904 5719 2964 5792 ff
2980 5719 3074 5792 τοῦ
3095 5719 3303 5792 ont_B._
3343 5719 3396 5792 ξ’
3418 5719 3713 5792 όμακοῐοχζ

1787 5792 1833 5820 ⁸⁸
1866 5781 2085 5861 ὲνᾶδων]
2116 5794 2169 5844 ἐν
2194 5781 2318 5859 ᾇδξυ
2354 5787 2394 5841 Β
2424 5797 2476 5845 et
2506 5781 2649 5843 corr.
2681 5787 2747 5841 Δ.
2822 5788 2867 5819 ⁸⁷
2900 5784 3219 5856 ἐθεράπευε]
3248 5784 3317 5840 cf.
3341 5782 3533 5839 Suidas
3557 5796 3607 5834 Υ.
3636 5781 3849 5842 Θῶπες.

773 5788 967 5845 θέσεων
996 5806 1104 5849 om.
1142 5790 1201 5847 Β.
1273 5788 1317 5821 ⁸⁸
1340 5789 1613 5860 Μαριανδς
1647 5792 1710 5844 Α.

2473 5718 2515 5749 δι
2539 5710 2752 5783 ἐγένετο
2778 5710 2841 5769 Αζ
2920 5717 2964 5747 "
2980 5710 3074 5767 τοῦ
3095 5732 3187 5769 om
3215 5716 3274 5771 Β.
3350 5715 3396 5783 9⁸
3418 5710 3771 5783 ὁμακοῐου-ς.
3848 5710 3892 5739 ⁸⁸
3906 5712 3993 5777 ἐχ-
