  <div class='ocr_page' id='page_1' title='image "/cluster/home/n/w/nwhite01/storage/ocr_20150623/103/nnc1.0046979689/675.png"; bbox 0 0 4206 6436; ppageno 0'>
   <div class='ocr_carea' id='block_1_1' title="bbox 725 396 865 460">
    <p class='ocr_par' dir='ltr' id='par_1_1' title="bbox 725 396 865 460">
     <span class='ocr_line' id='line_1_1' title="bbox 725 396 865 460; baseline -0.014 0"><span class='ocrx_word' id='word_1_1' title='bbox 725 396 865 460; x_wconf 82' lang='lat'>1303</span> 
     </span>
    </p>
   </div>
   <div class='ocr_carea' id='block_1_2' title="bbox 1884 393 2828 453">
    <p class='ocr_par' dir='ltr' id='par_1_2' title="bbox 1884 393 2828 453">
     <span class='ocr_line' id='line_1_2' title="bbox 1884 393 2828 453; baseline 0 -2"><span class='ocrx_word' id='word_1_2' title='bbox 1884 394 2109 452; x_wconf 79' lang='grc' dir='ltr'>ΡΙΙΟΤΙ</span> <span class='ocrx_word' id='word_1_3' title='bbox 2122 395 2143 451; x_wconf 79' lang='grc' dir='ltr'>Ι</span> <span class='ocrx_word' id='word_1_4' title='bbox 2184 393 2684 453; x_wconf 79' lang='lat' dir='ltr'>PATRIARCH/E</span> <span class='ocrx_word' id='word_1_5' title='bbox 2720 393 2828 452; x_wconf 70' lang='grc' dir='ltr'>(ΣΡ.</span> 
     </span>
    </p>
   </div>
   <div class='ocr_carea' id='block_1_3' title="bbox 3830 400 3963 467">
    <p class='ocr_par' dir='ltr' id='par_1_3' title="bbox 3830 400 3963 467">
     <span class='ocr_line' id='line_1_3' title="bbox 3830 400 3963 467; baseline 0.03 -4"><span class='ocrx_word' id='word_1_6' title='bbox 3830 400 3963 467; x_wconf 76' lang='grc' dir='ltr'>ιιοι</span> 
     </span>
    </p>
   </div>
   <div class='ocr_carea' id='block_1_4' title="bbox 725 504 2386 577">
    <p class='ocr_par' dir='ltr' id='par_1_4' title="bbox 725 504 2363 575">
     <span class='ocr_line' id='line_1_4' title="bbox 725 504 2363 575; baseline -0.004 -12"><span class='ocrx_word' id='word_1_7' title='bbox 725 528 837 563; x_wconf 86' lang='lat' dir='ltr'>ram</span> <span class='ocrx_word' id='word_1_8' title='bbox 875 510 1038 565; x_wconf 87' lang='lat' dir='ltr'><strong>dabat</strong></span> <span class='ocrx_word' id='word_1_9' title='bbox 1078 508 1251 575; x_wconf 85' lang='lat' dir='ltr'><strong>gratia</strong></span> <span class='ocrx_word' id='word_1_10' title='bbox 1277 504 1607 573; x_wconf 64' lang='lat' dir='ltr'><strong>reipuhlicm.</strong></span> <span class='ocrx_word' id='word_1_11' title='bbox 1660 504 1848 559; x_wconf 81' lang='lat' dir='ltr'>Verbis</span> <span class='ocrx_word' id='word_1_12' title='bbox 1896 508 2153 573; x_wconf 88' lang='lat' dir='ltr'><strong>primum,</strong></span> <span class='ocrx_word' id='word_1_13' title='bbox 2204 507 2286 558; x_wconf 90' lang='lat' dir='ltr'><strong>iu-</strong></span> <span class='ocrx_word' id='word_1_14' title='bbox 2321 513 2363 565; x_wconf 83' lang='grc' dir='ltr'><strong>Α</strong></span> 
     </span>
    </p>
   </div>
   <div class='ocr_carea' id='block_1_5' title="bbox 2301 504 3962 577">
    <p class='ocr_par' dir='ltr' id='par_1_5' title="bbox 2321 505 3962 577">
     <span class='ocr_line' id='line_1_5' title="bbox 2321 505 3962 577; baseline 0.006 -21"><span class='ocrx_word' id='word_1_15' title='bbox 2321 513 2363 565; x_wconf 83' lang='grc' dir='ltr'><strong>Α</strong></span> <span class='ocrx_word' id='word_1_16' title='bbox 2395 506 2631 575; x_wconf 81' lang='grc' dir='ltr'>κεφαλὴν</span> <span class='ocrx_word' id='word_1_17' title='bbox 2663 508 2741 567; x_wconf 78' lang='grc' dir='ltr'>εἰς</span> <span class='ocrx_word' id='word_1_18' title='bbox 2765 505 2826 557; x_wconf 81' lang='grc' dir='ltr'>τὸ</span> <span class='ocrx_word' id='word_1_19' title='bbox 2869 505 2977 558; x_wconf 88' lang='grc' dir='ltr'>τῶν</span> <span class='ocrx_word' id='word_1_20' title='bbox 3032 505 3306 573; x_wconf 79' lang='grc' dir='ltr'>πολεμίων</span> <span class='ocrx_word' id='word_1_21' title='bbox 3341 508 3725 577; x_wconf 83' lang='grc' dir='ltr'>στρατόπεδον,</span> <span class='ocrx_word' id='word_1_22' title='bbox 3754 511 3962 566; x_wconf 70' lang='grc' dir='ltr'>ἄνωθεν</span> 
     </span>
    </p>
   </div>
   <div class='ocr_carea' id='block_1_6' title="bbox 724 595 2293 667">
    <p class='ocr_par' dir='ltr' id='par_1_6' title="bbox 724 595 2293 667">
     <span class='ocr_line' id='line_1_6' title="bbox 724 595 2293 667; baseline -0.001 -19"><span class='ocrx_word' id='word_1_23' title='bbox 724 602 840 667; x_wconf 73' lang='lat' dir='ltr'><strong>quit</strong></span> <span class='ocrx_word' id='word_1_24' title='bbox 879 607 1087 661; x_wconf 92' lang='lat' dir='ltr'><strong>auctor,</strong></span> <span class='ocrx_word' id='word_1_25' title='bbox 1125 598 1394 665; x_wconf 82' lang='lat' dir='ltr'><strong>specimen</strong></span> <span class='ocrx_word' id='word_1_26' title='bbox 1436 595 1598 658; x_wconf 94' lang='lat' dir='ltr'><strong>edidi,</strong></span> <span class='ocrx_word' id='word_1_27' title='bbox 1640 595 1922 647; x_wconf 70' lang='lat' dir='ltr'><strong>rhetorica:</strong></span> <span class='ocrx_word' id='word_1_28' title='bbox 1955 596 2173 663; x_wconf 78' lang='lat' dir='ltr'><strong>pallium</strong></span> <span class='ocrx_word' id='word_1_29' title='bbox 2208 596 2293 647; x_wconf 84' lang='lat' dir='ltr'><strong>in-</strong></span> 
     </span>
    </p>
   </div>
   <div class='ocr_carea' id='block_1_7' title="bbox 726 684 2299 757">
    <p class='ocr_par' dir='ltr' id='par_1_7' title="bbox 726 684 2299 757">
     <span class='ocr_line' id='line_1_7' title="bbox 726 684 2299 757; baseline -0.002 -15"><span class='ocrx_word' id='word_1_30' title='bbox 726 694 895 745; x_wconf 81' lang='lat' dir='ltr'><strong>duens</strong></span> <span class='ocrx_word' id='word_1_31' title='bbox 943 708 956 744; x_wconf 91' lang='lat'>:</span> <span class='ocrx_word' id='word_1_32' title='bbox 1000 702 1165 757; x_wconf 90' lang='lat' dir='ltr'><strong>quare</strong></span> <span class='ocrx_word' id='word_1_33' title='bbox 1218 694 1334 739; x_wconf 90' lang='lat' dir='ltr'><strong>erat</strong></span> <span class='ocrx_word' id='word_1_34' title='bbox 1386 684 1601 752; x_wconf 86' lang='lat' dir='ltr'>pallium</span> <span class='ocrx_word' id='word_1_35' title='bbox 1652 685 1814 737; x_wconf 90' lang='lat' dir='ltr'><strong>etiam</strong></span> <span class='ocrx_word' id='word_1_36' title='bbox 1869 686 2182 747; x_wconf 88' lang='lat' dir='ltr'><strong>oratorium,</strong></span> <span class='ocrx_word' id='word_1_37' title='bbox 2240 694 2299 739; x_wconf 93' lang='lat' dir='ltr'>ut</span> 
     </span>
    </p>
   </div>
   <div class='ocr_carea' id='block_1_8' title="bbox 730 775 2300 848">
    <p class='ocr_par' dir='ltr' id='par_1_8' title="bbox 730 775 2300 848">
     <span class='ocr_line' id='line_1_8' title="bbox 730 775 2300 848; baseline -0.004 -14"><span class='ocrx_word' id='word_1_38' title='bbox 730 781 1178 848; x_wconf 89' lang='lat' dir='ltr'><strong>philosophicum.</strong></span> <span class='ocrx_word' id='word_1_39' title='bbox 1229 775 1430 830; x_wconf 80' lang='lat' dir='ltr'><strong>Natura</strong></span> <span class='ocrx_word' id='word_1_40' title='bbox 1462 776 1708 831; x_wconf 81' lang='lat' dir='ltr'>homines</span> <span class='ocrx_word' id='word_1_41' title='bbox 1746 776 1933 829; x_wconf 58' lang='lat' dir='ltr'><strong>otiosas</strong></span> <span class='ocrx_word' id='word_1_42' title='bbox 1973 777 2095 830; x_wconf 65' lang='lat' dir='ltr'><strong>vita</strong></span> <span class='ocrx_word' id='word_1_43' title='bbox 2132 777 2300 829; x_wconf 88' lang='lat' dir='ltr'><strong>virtu-</strong></span> 
     </span>
    </p>
   </div>
   <div class='ocr_carea' id='block_1_9' title="bbox 730 866 2296 935">
    <p class='ocr_par' dir='ltr' id='par_1_9' title="bbox 730 866 2296 935">
     <span class='ocr_line' id='line_1_9' title="bbox 730 866 2296 935; baseline -0.003 -12"><span class='ocrx_word' id='word_1_44' title='bbox 730 881 838 926; x_wconf 90' lang='lat' dir='ltr'>tem</span> <span class='ocrx_word' id='word_1_45' title='bbox 877 872 1142 934; x_wconf 88' lang='lat' dir='ltr'><strong>tribuunt,</strong></span> <span class='ocrx_word' id='word_1_46' title='bbox 1175 884 1297 923; x_wconf 92' lang='lat' dir='ltr'>cum</span> <span class='ocrx_word' id='word_1_47' title='bbox 1346 881 1467 921; x_wconf 91' lang='lat' dir='ltr'>meo</span> <span class='ocrx_word' id='word_1_48' title='bbox 1504 867 1720 935; x_wconf 87' lang='lat' dir='ltr'><strong>quidem</strong></span> <span class='ocrx_word' id='word_1_49' title='bbox 1761 866 1964 931; x_wconf 86' lang='lat' dir='ltr'><strong>judicio</strong></span> <span class='ocrx_word' id='word_1_50' title='bbox 1996 866 2072 919; x_wconf 92' lang='lat' dir='ltr'>sic</span> <span class='ocrx_word' id='word_1_51' title='bbox 2100 881 2156 919; x_wconf 91' lang='lat' dir='ltr'>se</span> <span class='ocrx_word' id='word_1_52' title='bbox 2192 882 2296 919; x_wconf 89' lang='lat' dir='ltr'>non</span> 
     </span>
    </p>
   </div>
   <div class='ocr_carea' id='block_1_10' title="bbox 733 955 2301 1022">
    <p class='ocr_par' dir='ltr' id='par_1_10' title="bbox 733 955 2301 1022">
     <span class='ocr_line' id='line_1_10' title="bbox 733 955 2301 1022; baseline -0.001 -11"><span class='ocrx_word' id='word_1_53' title='bbox 733 960 948 1012; x_wconf 86' lang='lat' dir='ltr'><strong>haheat.</strong></span> <span class='ocrx_word' id='word_1_54' title='bbox 980 957 1161 1011; x_wconf 86' lang='lat' dir='ltr'><strong>Virtus</strong></span> <span class='ocrx_word' id='word_1_55' title='bbox 1193 958 1336 1009; x_wconf 90' lang='lat' dir='ltr'><strong>enim</strong></span> <span class='ocrx_word' id='word_1_56' title='bbox 1369 957 1422 1009; x_wconf 89' lang='lat' dir='ltr'>in</span> <span class='ocrx_word' id='word_1_57' title='bbox 1458 956 1630 1009; x_wconf 89' lang='lat' dir='ltr'><strong>media</strong></span> <span class='ocrx_word' id='word_1_58' title='bbox 1659 955 1930 1022; x_wconf 83' lang='lat' dir='ltr'><strong>republica</strong></span> <span class='ocrx_word' id='word_1_59' title='bbox 1958 956 2008 1006; x_wconf 91' lang='lat' dir='ltr'>in</span> <span class='ocrx_word' id='word_1_60' title='bbox 2051 956 2301 1010; x_wconf 77' lang='lat' dir='ltr'><strong>civilibus</strong></span> 
     </span>
    </p>
   </div>
   <div class='ocr_carea' id='block_1_11' title="bbox 732 1041 2301 1105">
    <p class='ocr_par' dir='ltr' id='par_1_11' title="bbox 732 1041 2301 1105">
     <span class='ocr_line' id='line_1_11' title="bbox 732 1041 2301 1105; baseline -0.004 -6"><span class='ocrx_word' id='word_1_61' title='bbox 732 1046 923 1101; x_wconf 83' lang='lat' dir='ltr'><strong>oﬂiciis</strong></span> <span class='ocrx_word' id='word_1_62' title='bbox 960 1056 1014 1101; x_wconf 90' lang='lat' dir='ltr'>et</span> <span class='ocrx_word' id='word_1_63' title='bbox 1049 1044 1385 1100; x_wconf 88' lang='lat' dir='ltr'><strong>sermonibus</strong></span> <span class='ocrx_word' id='word_1_64' title='bbox 1420 1058 1664 1105; x_wconf 90' lang='lat' dir='ltr'><strong>versans,</strong></span> <span class='ocrx_word' id='word_1_65' title='bbox 1713 1042 1949 1094; x_wconf 90' lang='lat' dir='ltr'><strong>animum</strong></span> <span class='ocrx_word' id='word_1_66' title='bbox 1987 1041 2051 1093; x_wconf 91' lang='lat' dir='ltr'>ad</span> <span class='ocrx_word' id='word_1_67' title='bbox 2087 1042 2301 1094; x_wconf 79' lang='lat' dir='ltr'><strong>fortitu—</strong></span> 
     </span>
    </p>
   </div>
   <div class='ocr_carea' id='block_1_12' title="bbox 735 1132 2303 1202">
    <p class='ocr_par' dir='ltr' id='par_1_12' title="bbox 735 1132 2303 1202">
     <span class='ocr_line' id='line_1_12' title="bbox 735 1132 2303 1202; baseline -0.005 -11"><span class='ocrx_word' id='word_1_68' title='bbox 735 1138 912 1191; x_wconf 94' lang='lat' dir='ltr'><strong>dinem</strong></span> <span class='ocrx_word' id='word_1_69' title='bbox 960 1146 1198 1199; x_wconf 73' lang='lat' dir='ltr'><strong>exercet,</strong></span> <span class='ocrx_word' id='word_1_70' title='bbox 1246 1142 1302 1188; x_wconf 91' lang='lat' dir='ltr'>et</span> <span class='ocrx_word' id='word_1_71' title='bbox 1352 1134 1679 1202; x_wconf 77' lang='lat' dir='ltr'><strong>experientia</strong></span> <span class='ocrx_word' id='word_1_72' title='bbox 1731 1132 1899 1201; x_wconf 86' lang='lat' dir='ltr'><strong>magis</strong></span> <span class='ocrx_word' id='word_1_73' title='bbox 1953 1132 2303 1186; x_wconf 79' lang='lat' dir='ltr'><strong>conﬁrmatur</strong></span> 
     </span>
    </p>
   </div>
   <div class='ocr_carea' id='block_1_13' title="bbox 735 1224 2305 1297">
    <p class='ocr_par' dir='ltr' id='par_1_13' title="bbox 735 1224 2305 1297">
     <span class='ocr_line' id='line_1_13' title="bbox 735 1224 2305 1297; baseline -0.002 -17"><span class='ocrx_word' id='word_1_74' title='bbox 735 1229 864 1297; x_wconf 89' lang='lat' dir='ltr'><strong>quid</strong></span> <span class='ocrx_word' id='word_1_75' title='bbox 902 1244 1091 1282; x_wconf 86' lang='lat' dir='ltr'><strong>sanum</strong></span> <span class='ocrx_word' id='word_1_76' title='bbox 1142 1228 1214 1280; x_wconf 88' lang='lat' dir='ltr'>sit</span> <span class='ocrx_word' id='word_1_77' title='bbox 1259 1236 1314 1280; x_wconf 87' lang='lat' dir='ltr'>et</span> <span class='ocrx_word' id='word_1_78' title='bbox 1366 1226 1632 1294; x_wconf 79' lang='lat' dir='ltr'><strong>integrum</strong></span> <span class='ocrx_word' id='word_1_79' title='bbox 1678 1243 1692 1279; x_wconf 90' lang='lat'><strong>:</strong></span> <span class='ocrx_word' id='word_1_80' title='bbox 1746 1225 1983 1293; x_wconf 90' lang='lat' dir='ltr'><strong>quidque</strong></span> <span class='ocrx_word' id='word_1_81' title='bbox 2024 1224 2205 1278; x_wconf 80' lang='lat' dir='ltr'><strong>ﬁctum</strong></span> <span class='ocrx_word' id='word_1_82' title='bbox 2252 1233 2305 1277; x_wconf 93' lang='lat' dir='ltr'>et</span> 
     </span>
    </p>
   </div>
   <div class='ocr_carea' id='block_1_14' title="bbox 735 1314 2303 1373">
    <p class='ocr_par' dir='ltr' id='par_1_14' title="bbox 735 1314 2303 1373">
     <span class='ocr_line' id='line_1_14' title="bbox 735 1314 2303 1373; baseline -0.003 -2"><span class='ocrx_word' id='word_1_83' title='bbox 735 1319 1097 1373; x_wconf 83' lang='lat' dir='ltr'><strong>adulterinum</strong></span> <span class='ocrx_word' id='word_1_84' title='bbox 1131 1317 1306 1371; x_wconf 82' lang='lat' dir='ltr'><strong>latitet</strong></span> <span class='ocrx_word' id='word_1_85' title='bbox 1332 1317 1385 1369; x_wconf 89' lang='lat' dir='ltr'>in</span> <span class='ocrx_word' id='word_1_86' title='bbox 1422 1316 1694 1369; x_wconf 89' lang='lat' dir='ltr'><strong>hominum</strong></span> <span class='ocrx_word' id='word_1_87' title='bbox 1729 1317 1858 1368; x_wconf 84' lang='lat' dir='ltr'><strong>vita.</strong></span> <span class='ocrx_word' id='word_1_88' title='bbox 1894 1314 2005 1367; x_wconf 79' lang='lat' dir='ltr'><strong>Hoc</strong></span> <span class='ocrx_word' id='word_1_89' title='bbox 2029 1331 2187 1368; x_wconf 89' lang='lat' dir='ltr'><strong>omne</strong></span> <span class='ocrx_word' id='word_1_90' title='bbox 2218 1329 2303 1367; x_wconf 88' lang='lat' dir='ltr'><strong>re-</strong></span> 
     </span>
    </p>
   </div>
   <div class='ocr_carea' id='block_1_15' title="bbox 736 1406 2307 1478">
    <p class='ocr_par' dir='ltr' id='par_1_15' title="bbox 736 1406 2307 1478">
     <span class='ocr_line' id='line_1_15' title="bbox 736 1406 2307 1478; baseline -0.003 -15"><span class='ocrx_word' id='word_1_91' title='bbox 736 1411 1110 1478; x_wconf 85' lang='lat' dir='ltr'><strong>prehenditur,</strong></span> <span class='ocrx_word' id='word_1_92' title='bbox 1165 1419 1220 1463; x_wconf 89' lang='lat' dir='ltr'>et</span> <span class='ocrx_word' id='word_1_93' title='bbox 1267 1408 1426 1461; x_wconf 83' lang='lat' dir='ltr'><strong>citius</strong></span> <span class='ocrx_word' id='word_1_94' title='bbox 1473 1407 1842 1459; x_wconf 86' lang='lat' dir='ltr'><strong>emendatur:</strong></span> <span class='ocrx_word' id='word_1_95' title='bbox 1903 1406 2023 1459; x_wconf 93' lang='lat' dir='ltr'><strong>boni</strong></span> <span class='ocrx_word' id='word_1_96' title='bbox 2074 1420 2200 1458; x_wconf 86' lang='lat' dir='ltr'><strong>vero</strong></span> <span class='ocrx_word' id='word_1_97' title='bbox 2253 1415 2307 1458; x_wconf 89' lang='lat' dir='ltr'>et</span> 
     </span>
    </p>
   </div>
   <div class='ocr_carea' id='block_1_16' title="bbox 737 1496 2304 1569">
    <p class='ocr_par' dir='ltr' id='par_1_16' title="bbox 737 1496 2304 1569">
     <span class='ocr_line' id='line_1_16' title="bbox 737 1496 2304 1569; baseline -0.004 -15"><span class='ocrx_word' id='word_1_98' title='bbox 737 1500 987 1554; x_wconf 84' lang='lat' dir='ltr'><strong>utilitatis</strong></span> <span class='ocrx_word' id='word_1_99' title='bbox 1027 1508 1287 1569; x_wconf 87' lang='lat' dir='ltr'><strong>quantum</strong></span> <span class='ocrx_word' id='word_1_100' title='bbox 1320 1506 1402 1550; x_wconf 91' lang='lat' dir='ltr'>est</span> <span class='ocrx_word' id='word_1_101' title='bbox 1459 1498 1510 1550; x_wconf 90' lang='lat' dir='ltr'>in</span> <span class='ocrx_word' id='word_1_102' title='bbox 1551 1498 1712 1549; x_wconf 88' lang='lat' dir='ltr'><strong>rebus</strong></span> <span class='ocrx_word' id='word_1_103' title='bbox 1748 1496 2000 1563; x_wconf 90' lang='lat' dir='ltr'><strong>publicis,</strong></span> <span class='ocrx_word' id='word_1_104' title='bbox 2046 1506 2304 1564; x_wconf 90' lang='lat' dir='ltr'><strong>quantum</strong></span> 
     </span>
    </p>
   </div>
   <div class='ocr_carea' id='block_1_17' title="bbox 738 1585 2307 1655">
    <p class='ocr_par' dir='ltr' id='par_1_17' title="bbox 738 1585 2307 1655">
     <span class='ocr_line' id='line_1_17' title="bbox 738 1585 2307 1655; baseline -0.004 -10"><span class='ocrx_word' id='word_1_105' title='bbox 738 1599 795 1645; x_wconf 87' lang='lat' dir='ltr'>et</span> <span class='ocrx_word' id='word_1_106' title='bbox 840 1590 1176 1644; x_wconf 66' lang='lat' dir='ltr'><strong>canﬂdentia:</strong></span> <span class='ocrx_word' id='word_1_107' title='bbox 1202 1601 1253 1642; x_wconf 88' lang='lat' dir='ltr'>et</span> <span class='ocrx_word' id='word_1_108' title='bbox 1282 1587 1634 1640; x_wconf 78' lang='lat' dir='ltr'><strong>fortitudinis.</strong></span> <span class='ocrx_word' id='word_1_109' title='bbox 1677 1589 1855 1652; x_wconf 79' lang='lat' dir='ltr'><strong>Quare</strong></span> <span class='ocrx_word' id='word_1_110' title='bbox 1887 1587 2162 1641; x_wconf 81' lang='lat' dir='ltr'><strong>orationes</strong></span> <span class='ocrx_word' id='word_1_111' title='bbox 2193 1585 2307 1655; x_wconf 86' lang='lat' dir='ltr'><strong>pri-</strong></span> 
     </span>
    </p>
   </div>
   <div class='ocr_carea' id='block_1_18' title="bbox 742 1677 2308 1747">
    <p class='ocr_par' dir='ltr' id='par_1_18' title="bbox 742 1677 2308 1747">
     <span class='ocr_line' id='line_1_18' title="bbox 742 1677 2308 1747; baseline -0.004 -12"><span class='ocrx_word' id='word_1_112' title='bbox 742 1682 904 1735; x_wconf 88' lang='lat' dir='ltr'><strong>vatim</strong></span> <span class='ocrx_word' id='word_1_113' title='bbox 931 1682 1215 1743; x_wconf 88' lang='lat' dir='ltr'><strong>habentes,</strong></span> <span class='ocrx_word' id='word_1_114' title='bbox 1248 1688 1303 1733; x_wconf 89' lang='lat' dir='ltr'>et</span> <span class='ocrx_word' id='word_1_115' title='bbox 1338 1679 1501 1731; x_wconf 90' lang='lat' dir='ltr'><strong>multa</strong></span> <span class='ocrx_word' id='word_1_116' title='bbox 1535 1679 1735 1747; x_wconf 90' lang='lat' dir='ltr'><strong>optimc</strong></span> <span class='ocrx_word' id='word_1_117' title='bbox 1763 1686 1815 1731; x_wconf 93' lang='lat' dir='ltr'>et</span> <span class='ocrx_word' id='word_1_118' title='bbox 1843 1678 2082 1747; x_wconf 76' lang='lat' dir='ltr'><strong>graviter</strong></span> <span class='ocrx_word' id='word_1_119' title='bbox 2124 1680 2190 1731; x_wconf 91' lang='lat' dir='ltr'>de</span> <span class='ocrx_word' id='word_1_120' title='bbox 2220 1677 2308 1747; x_wconf 87' lang='lat' dir='ltr'>ju-</span> 
     </span>
    </p>
   </div>
   <div class='ocr_carea' id='block_1_19' title="bbox 2396 596 3965 672">
    <p class='ocr_par' dir='ltr' id='par_1_19' title="bbox 2396 596 3965 672">
     <span class='ocr_line' id='line_1_19' title="bbox 2396 596 3965 672; baseline 0.007 -27"><span class='ocrx_word' id='word_1_121' title='bbox 2396 596 2504 647; x_wconf 75' lang='grc' dir='ltr'>ἀπὸ</span> <span class='ocrx_word' id='word_1_122' title='bbox 2539 600 2639 665; x_wconf 75' lang='grc' dir='ltr'>τῆς</span> <span class='ocrx_word' id='word_1_123' title='bbox 2686 598 2888 664; x_wconf 80' lang='grc' dir='ltr'>πέτρας</span> <span class='ocrx_word' id='word_1_124' title='bbox 2946 596 3367 659; x_wconf 78' lang='grc' dir='ltr'>ἀποδισκεύσας.</span> <span class='ocrx_word' id='word_1_125' title='bbox 3424 599 3485 650; x_wconf 86' lang='lat'><strong>&#39;0</strong></span> <span class='ocrx_word' id='word_1_126' title='bbox 3534 601 3590 653; x_wconf 82' lang='grc' dir='ltr'>δὲ</span> <span class='ocrx_word' id='word_1_127' title='bbox 3654 603 3965 672; x_wconf 76' lang='grc' dir='ltr'>Ἀμμώνιος</span> 
     </span>
    </p>
   </div>
   <div class='ocr_carea' id='block_1_20' title="bbox 2397 686 3967 761">
    <p class='ocr_par' dir='ltr' id='par_1_20' title="bbox 2397 686 3967 761">
     <span class='ocr_line' id='line_1_20' title="bbox 2397 686 3967 761; baseline 0.003 -21"><span class='ocrx_word' id='word_1_128' title='bbox 2397 686 2785 755; x_wconf 77' lang='grc' dir='ltr'>αίαχροκερδὴς</span> <span class='ocrx_word' id='word_1_129' title='bbox 2807 686 2883 738; x_wconf 88' lang='grc' dir='ltr'>ῶν</span> <span class='ocrx_word' id='word_1_130' title='bbox 2924 688 3017 739; x_wconf 81' lang='grc' dir='ltr'>καὶ</span> <span class='ocrx_word' id='word_1_131' title='bbox 3044 688 3221 739; x_wconf 83' lang='grc' dir='ltr'>πάντα</span> <span class='ocrx_word' id='word_1_132' title='bbox 3268 687 3411 755; x_wconf 83' lang='grc' dir='ltr'>ὁρῶν</span> <span class='ocrx_word' id='word_1_133' title='bbox 3447 691 3527 751; x_wconf 87' lang='grc' dir='ltr'>είς</span> <span class='ocrx_word' id='word_1_134' title='bbox 3586 695 3967 761; x_wconf 77' lang='grc' dir='ltr'>χρηματισμὸν</span> 
     </span>
    </p>
   </div>
   <div class='ocr_carea' id='block_1_21' title="bbox 2399 776 3965 848">
    <p class='ocr_par' dir='ltr' id='par_1_21' title="bbox 2399 776 3965 848">
     <span class='ocr_line' id='line_1_21' title="bbox 2399 776 3965 848; baseline 0.006 -21"><span class='ocrx_word' id='word_1_135' title='bbox 2399 776 2697 839; x_wconf 82' lang='grc' dir='ltr'>ὁντιναοῦν,</span> <span class='ocrx_word' id='word_1_136' title='bbox 2731 777 3021 843; x_wconf 78' lang='grc' dir='ltr'>ὁμολογίας</span> <span class='ocrx_word' id='word_1_137' title='bbox 3044 778 3251 830; x_wconf 80' lang='grc' dir='ltr'><strong>τίθεται</strong></span> <span class='ocrx_word' id='word_1_138' title='bbox 3283 779 3420 848; x_wconf 79' lang='grc' dir='ltr'>πρὸς</span> <span class='ocrx_word' id='word_1_139' title='bbox 3443 780 3534 832; x_wconf 82' lang='grc' dir='ltr'>τὸν</span> <span class='ocrx_word' id='word_1_140' title='bbox 3560 781 3965 837; x_wconf 75' lang='grc' dir='ltr'>ἐπισκοποῦντα</span> 
     </span>
    </p>
   </div>
   <div class='ocr_carea' id='block_1_22' title="bbox 2399 867 3968 941">
    <p class='ocr_par' dir='ltr' id='par_1_22' title="bbox 2399 867 3968 941">
     <span class='ocr_line' id='line_1_22' title="bbox 2399 867 3968 941; baseline 0.005 -22"><span class='ocrx_word' id='word_1_141' title='bbox 2399 868 2459 919; x_wconf 76' lang='grc' dir='ltr'>τὸ</span> <span class='ocrx_word' id='word_1_142' title='bbox 2473 868 2515 898; x_wconf 81' lang='grc'><strong>⁸⁷</strong></span> <span class='ocrx_word' id='word_1_143' title='bbox 2540 867 2838 936; x_wconf 89' lang='grc' dir='ltr'>τηνικαῦτα</span> <span class='ocrx_word' id='word_1_144' title='bbox 2857 870 2956 937; x_wconf 80' lang='grc' dir='ltr'>τὴν</span> <span class='ocrx_word' id='word_1_145' title='bbox 2983 870 3287 939; x_wconf 88' lang='grc' dir='ltr'>κρατοῦσαν</span> <span class='ocrx_word' id='word_1_146' title='bbox 3306 871 3485 933; x_wconf 83' lang='grc' dir='ltr'>δόξαν.</span> <span class='ocrx_word' id='word_1_147' title='bbox 3509 873 3762 941; x_wconf 91' lang='grc' dir='ltr'>Γρυμαία</span> <span class='ocrx_word' id='word_1_148' title='bbox 3793 875 3968 927; x_wconf 74' lang='grc' dir='ltr'>ἔκειτο</span> 
     </span>
    </p>
   </div>
   <div class='ocr_carea' id='block_1_23' title="bbox 2402 956 3969 1031">
    <p class='ocr_par' dir='ltr' id='par_1_23' title="bbox 2402 956 3969 1031">
     <span class='ocr_line' id='line_1_23' title="bbox 2402 956 3969 1031; baseline 0.004 -24"><span class='ocrx_word' id='word_1_149' title='bbox 2402 957 2755 1008; x_wconf 81' lang='grc' dir='ltr'>παντοδαπῶν</span> <span class='ocrx_word' id='word_1_150' title='bbox 2792 956 3030 1025; x_wconf 76' lang='grc' dir='ltr'>βιϐλίων.</span> <span class='ocrx_word' id='word_1_151' title='bbox 3065 959 3233 1011; x_wconf 89' lang='grc' dir='ltr'>Ὅταν</span> <span class='ocrx_word' id='word_1_152' title='bbox 3286 960 3643 1031; x_wconf 75' lang='grc' dir='ltr'>ἀφροδισιάξῃ</span> <span class='ocrx_word' id='word_1_153' title='bbox 3699 962 3795 1013; x_wconf 72' lang='grc' dir='ltr'>ἐπὶ</span> <span class='ocrx_word' id='word_1_154' title='bbox 3843 979 3969 1014; x_wconf 88' lang='grc' dir='ltr'>παι-</span> 
     </span>
    </p>
   </div>
   <div class='ocr_carea' id='block_1_24' title="bbox 2401 1046 3971 1121">
    <p class='ocr_par' dir='ltr' id='par_1_24' title="bbox 2401 1046 3971 1121">
     <span class='ocr_line' id='line_1_24' title="bbox 2401 1046 3971 1121; baseline 0.008 -28"><span class='ocrx_word' id='word_1_155' title='bbox 2401 1046 2613 1117; x_wconf 58' lang='lat' dir='ltr'><strong>sonarii;</strong></span> <span class='ocrx_word' id='word_1_156' title='bbox 2673 1047 2940 1115; x_wconf 82' lang='grc' dir='ltr'>πολιτικῇ.</span> <span class='ocrx_word' id='word_1_157' title='bbox 2992 1048 3198 1112; x_wconf 84' lang='grc' dir='ltr'>Λόγους</span> <span class='ocrx_word' id='word_1_158' title='bbox 3224 1048 3289 1112; x_wconf 82' lang='grc'>⁸⁸,</span> <span class='ocrx_word' id='word_1_159' title='bbox 3320 1050 3489 1117; x_wconf 78' lang='grc' dir='ltr'>φησὶν</span> <span class='ocrx_word' id='word_1_160' title='bbox 3521 1052 3549 1102; x_wconf 88' lang='grc' dir='ltr'>ό</span> <span class='ocrx_word' id='word_1_161' title='bbox 3598 1054 3971 1121; x_wconf 78' lang='grc' dir='ltr'>συγγραφεὺς,</span> 
     </span>
    </p>
   </div>
   <div class='ocr_carea' id='block_1_25' title="bbox 2404 1137 3974 1215">
    <p class='ocr_par' dir='ltr' id='par_1_25' title="bbox 2404 1137 3974 1215">
     <span class='ocr_line' id='line_1_25' title="bbox 2404 1137 3974 1215; baseline 0.004 -26"><span class='ocrx_word' id='word_1_162' title='bbox 2404 1137 2801 1207; x_wconf 76' lang='grc' dir='ltr'>ὲπεδεικνύμην</span> <span class='ocrx_word' id='word_1_163' title='bbox 2830 1139 3114 1209; x_wconf 89' lang='grc' dir='ltr'>πρότερον,</span> <span class='ocrx_word' id='word_1_164' title='bbox 3165 1140 3258 1193; x_wconf 83' lang='grc' dir='ltr'>τὸν</span> <span class='ocrx_word' id='word_1_165' title='bbox 3290 1142 3383 1195; x_wconf 74' lang='grc' dir='ltr'>ἐπὶ</span> <span class='ocrx_word' id='word_1_166' title='bbox 3416 1145 3678 1215; x_wconf 74' lang='grc' dir='ltr'>ῥητορικῇ</span> <span class='ocrx_word' id='word_1_167' title='bbox 3737 1144 3974 1213; x_wconf 88' lang='grc' dir='ltr'>τρίϐωνα</span> 
     </span>
    </p>
   </div>
   <div class='ocr_carea' id='block_1_26' title="bbox 2405 1227 3976 1306">
    <p class='ocr_par' dir='ltr' id='par_1_26' title="bbox 2405 1227 3976 1306">
     <span class='ocr_line' id='line_1_26' title="bbox 2405 1227 3976 1306; baseline 0.005 -27"><span class='ocrx_word' id='word_1_168' title='bbox 2405 1229 2780 1298; x_wconf 81' lang='grc' dir='ltr'>περιθέμενος,</span> <span class='ocrx_word' id='word_1_169' title='bbox 2815 1230 2953 1282; x_wconf 83' lang='grc' dir='ltr'>ὥστε</span> <span class='ocrx_word' id='word_1_170' title='bbox 2997 1227 3065 1302; x_wconf 81' lang='grc' dir='ltr'>ἦν</span> <span class='ocrx_word' id='word_1_171' title='bbox 3094 1232 3186 1284; x_wconf 85' lang='grc' dir='ltr'>καὶ</span> <span class='ocrx_word' id='word_1_172' title='bbox 3216 1233 3421 1304; x_wconf 91' lang='grc' dir='ltr'>τρίϐων</span> <span class='ocrx_word' id='word_1_173' title='bbox 3450 1237 3762 1306; x_wconf 77' lang='grc' dir='ltr'>ῥητορικὸς,</span> <span class='ocrx_word' id='word_1_174' title='bbox 3790 1236 3867 1297; x_wconf 82' lang='grc' dir='ltr'>ὡς</span> <span class='ocrx_word' id='word_1_175' title='bbox 3888 1238 3976 1288; x_wconf 67' lang='grc' dir='ltr'>καὶ</span> 
     </span>
    </p>
   </div>
   <div class='ocr_carea' id='block_1_27' title="bbox 2407 1320 3975 1397">
    <p class='ocr_par' dir='ltr' id='par_1_27' title="bbox 2407 1320 3975 1397">
     <span class='ocr_line' id='line_1_27' title="bbox 2407 1320 3975 1397; baseline 0.005 -26"><span class='ocrx_word' id='word_1_176' title='bbox 2407 1320 2713 1387; x_wconf 83' lang='grc' dir='ltr'>φιλόσοφος.</span> <span class='ocrx_word' id='word_1_177' title='bbox 2745 1321 3027 1386; x_wconf 83' lang='grc' dir='ltr'>Πεφύκασι</span> <span class='ocrx_word' id='word_1_178' title='bbox 3061 1324 3116 1377; x_wconf 85' lang='grc' dir='ltr'>δὲ</span> <span class='ocrx_word' id='word_1_179' title='bbox 3146 1326 3191 1356; x_wconf 78' lang='grc'><strong>⁸⁸</strong></span> <span class='ocrx_word' id='word_1_180' title='bbox 3215 1326 3491 1397; x_wconf 78' lang='grc' dir='ltr'>ἄνθρωποι</span> <span class='ocrx_word' id='word_1_181' title='bbox 3552 1331 3620 1396; x_wconf 78' lang='grc' dir='ltr'>τῇ</span> <span class='ocrx_word' id='word_1_182' title='bbox 3663 1327 3975 1397; x_wconf 81' lang='grc' dir='ltr'>μισοπράγ-</span> 
     </span>
    </p>
   </div>
   <div class='ocr_carea' id='block_1_28' title="bbox 2411 1408 3981 1485">
    <p class='ocr_par' dir='ltr' id='par_1_28' title="bbox 2411 1408 3981 1485">
     <span class='ocr_line' id='line_1_28' title="bbox 2411 1408 3981 1485; baseline 0.006 -27"><span class='ocrx_word' id='word_1_183' title='bbox 2411 1424 2530 1475; x_wconf 87' lang='grc' dir='ltr'>μονι</span> <span class='ocrx_word' id='word_1_184' title='bbox 2547 1408 2656 1477; x_wconf 75' lang='grc' dir='ltr'>ζωῇ</span> <span class='ocrx_word' id='word_1_185' title='bbox 2674 1410 2771 1477; x_wconf 79' lang='grc' dir='ltr'>τὴν</span> <span class='ocrx_word' id='word_1_186' title='bbox 2794 1411 2992 1479; x_wconf 77' lang='grc' dir='ltr'>ἀρετὴν</span> <span class='ocrx_word' id='word_1_187' title='bbox 3008 1413 3381 1482; x_wconf 72' lang='grc' dir='ltr'>ἐπιφημίζειν,</span> <span class='ocrx_word' id='word_1_188' title='bbox 3401 1416 3498 1484; x_wconf 77' lang='grc' dir='ltr'>οὐχ</span> <span class='ocrx_word' id='word_1_189' title='bbox 3513 1415 3683 1480; x_wconf 78' lang='grc' dir='ltr'>οὕτως</span> <span class='ocrx_word' id='word_1_190' title='bbox 3702 1416 3824 1485; x_wconf 77' lang='grc' dir='ltr'>ἔχον</span> <span class='ocrx_word' id='word_1_191' title='bbox 3845 1418 3981 1469; x_wconf 86' lang='grc' dir='ltr'>κατὰ</span> 
     </span>
    </p>
   </div>
   <div class='ocr_carea' id='block_1_29' title="bbox 2408 1498 3978 1578">
    <p class='ocr_par' dir='ltr' id='par_1_29' title="bbox 2408 1498 3978 1578">
     <span class='ocr_line' id='line_1_29' title="bbox 2408 1498 3978 1578; baseline 0.006 -31"><span class='ocrx_word' id='word_1_192' title='bbox 2408 1514 2471 1563; x_wconf 86' lang='grc' dir='ltr'>γε</span> <span class='ocrx_word' id='word_1_193' title='bbox 2497 1498 2597 1567; x_wconf 81' lang='grc' dir='ltr'>τὴν</span> <span class='ocrx_word' id='word_1_194' title='bbox 2621 1500 2760 1568; x_wconf 79' lang='grc' dir='ltr'>ἐμὴν</span> <span class='ocrx_word' id='word_1_195' title='bbox 2811 1500 2993 1568; x_wconf 80' lang='grc' dir='ltr'>κρίσιν</span> <span class='ocrx_word' id='word_1_196' title='bbox 3020 1504 3086 1555; x_wconf 79' lang='grc'>⁷⁸.</span> <span class='ocrx_word' id='word_1_197' title='bbox 3138 1502 3203 1556; x_wconf 78' lang='grc' dir='ltr'><strong><em>Ἡ</em></strong></span> <span class='ocrx_word' id='word_1_198' title='bbox 3236 1505 3344 1575; x_wconf 79' lang='grc' dir='ltr'>γὰρ</span> <span class='ocrx_word' id='word_1_199' title='bbox 3375 1508 3433 1558; x_wconf 86' lang='grc' dir='ltr'>ὲν</span> <span class='ocrx_word' id='word_1_200' title='bbox 3466 1507 3607 1578; x_wconf 80' lang='grc' dir='ltr'>μέσῃ</span> <span class='ocrx_word' id='word_1_201' title='bbox 3633 1510 3699 1576; x_wconf 81' lang='grc' dir='ltr'>τῇ</span> <span class='ocrx_word' id='word_1_202' title='bbox 3734 1507 3978 1576; x_wconf 77' lang='grc' dir='ltr'>πολιτείᾳ</span> 
     </span>
    </p>
   </div>
   <div class='ocr_carea' id='block_1_30' title="bbox 2409 1587 3978 1664">
    <p class='ocr_par' dir='ltr' id='par_1_30' title="bbox 2409 1587 3978 1664">
     <span class='ocr_line' id='line_1_30' title="bbox 2409 1587 3978 1664; baseline 0.003 -24"><span class='ocrx_word' id='word_1_203' title='bbox 2409 1587 2495 1640; x_wconf 74' lang='grc' dir='ltr'>διὰ</span> <span class='ocrx_word' id='word_1_204' title='bbox 2527 1588 2633 1639; x_wconf 86' lang='grc' dir='ltr'>τῶν</span> <span class='ocrx_word' id='word_1_205' title='bbox 2662 1588 2955 1641; x_wconf 80' lang='grc' dir='ltr'>πολιτικῶν</span> <span class='ocrx_word' id='word_1_206' title='bbox 2998 1591 3173 1659; x_wconf 77' lang='grc' dir='ltr'>ἔργων</span> <span class='ocrx_word' id='word_1_207' title='bbox 3199 1612 3256 1646; x_wconf 88' lang='grc' dir='ltr'>τε</span> <span class='ocrx_word' id='word_1_208' title='bbox 3291 1597 3381 1647; x_wconf 74' lang='grc' dir='ltr'>καὶ</span> <span class='ocrx_word' id='word_1_209' title='bbox 3415 1596 3603 1663; x_wconf 88' lang='grc' dir='ltr'>λόγων</span> <span class='ocrx_word' id='word_1_210' title='bbox 3642 1599 3978 1664; x_wconf 74' lang='grc' dir='ltr'>ἀναστρεφο-</span> 
     </span>
    </p>
   </div>
   <div class='ocr_carea' id='block_1_31' title="bbox 2415 1678 3980 1755">
    <p class='ocr_par' dir='ltr' id='par_1_31' title="bbox 2415 1678 3980 1755">
     <span class='ocr_line' id='line_1_31' title="bbox 2415 1678 3980 1755; baseline 0.006 -28"><span class='ocrx_word' id='word_1_211' title='bbox 2415 1678 2549 1745; x_wconf 85' lang='grc' dir='ltr'>μένη</span> <span class='ocrx_word' id='word_1_212' title='bbox 2572 1678 2737 1749; x_wconf 79' lang='grc' dir='ltr'>ἀρετὴ</span> <span class='ocrx_word' id='word_1_213' title='bbox 2761 1681 3027 1747; x_wconf 74' lang='grc' dir='ltr'>γυμνάζει</span> <span class='ocrx_word' id='word_1_214' title='bbox 3061 1700 3121 1734; x_wconf 91' lang='grc' dir='ltr'>τε</span> <span class='ocrx_word' id='word_1_215' title='bbox 3151 1684 3249 1753; x_wconf 77' lang='grc' dir='ltr'>τὴν</span> <span class='ocrx_word' id='word_1_216' title='bbox 3270 1684 3448 1754; x_wconf 75' lang='grc' dir='ltr'>ψυχὴν</span> <span class='ocrx_word' id='word_1_217' title='bbox 3476 1686 3611 1755; x_wconf 81' lang='grc' dir='ltr'>πρὸς</span> <span class='ocrx_word' id='word_1_218' title='bbox 3632 1686 3690 1736; x_wconf 85' lang='grc' dir='ltr'>τὸ</span> <span class='ocrx_word' id='word_1_219' title='bbox 3728 1687 3980 1755; x_wconf 68' lang='grc' dir='ltr'>ἐρρωμε-</span> 
     </span>
    </p>
   </div>
   <div class='ocr_carea' id='block_1_32' title="bbox 740 1766 2401 1841">
    <p class='ocr_par' dir='ltr' id='par_1_32' title="bbox 740 1766 2308 1836">
     <span class='ocr_line' id='line_1_32' title="bbox 740 1766 2308 1836; baseline -0.004 -13"><span class='ocrx_word' id='word_1_220' title='bbox 740 1769 886 1823; x_wconf 89' lang='lat' dir='ltr'><strong>stitia</strong></span> <span class='ocrx_word' id='word_1_221' title='bbox 919 1780 973 1823; x_wconf 88' lang='lat' dir='ltr'>et</span> <span class='ocrx_word' id='word_1_222' title='bbox 1011 1767 1366 1836; x_wconf 86' lang='lat' dir='ltr'><strong>temperantia</strong></span> <span class='ocrx_word' id='word_1_223' title='bbox 1404 1766 1864 1834; x_wconf 86' lang='lat' dir='ltr'><strong>philosophantes,</strong></span> <span class='ocrx_word' id='word_1_224' title='bbox 1904 1766 1969 1817; x_wconf 91' lang='lat' dir='ltr'>ad</span> <span class='ocrx_word' id='word_1_225' title='bbox 2014 1780 2100 1819; x_wconf 88' lang='lat' dir='ltr'>res</span> <span class='ocrx_word' id='word_1_226' title='bbox 2134 1767 2308 1819; x_wconf 88' lang='lat' dir='ltr'><strong>coacti</strong></span> 
     </span>
    </p>
   </div>
   <div class='ocr_carea' id='block_1_33' title="bbox 2321 1766 3982 1841">
    <p class='ocr_par' dir='ltr' id='par_1_33' title="bbox 2413 1766 3982 1841">
     <span class='ocr_line' id='line_1_33' title="bbox 2413 1766 3982 1841; baseline 0.01 -24"><span class='ocrx_word' id='word_1_227' title='bbox 2413 1766 2685 1837; x_wconf 85' lang='grc' dir='ltr'>νέστερον,</span> <span class='ocrx_word' id='word_1_228' title='bbox 2718 1771 2810 1822; x_wconf 76' lang='grc' dir='ltr'>καὶ</span> <span class='ocrx_word' id='word_1_229' title='bbox 2849 1773 3158 1841; x_wconf 84' lang='grc' dir='ltr'>βεϐαιοῦται</span> <span class='ocrx_word' id='word_1_230' title='bbox 3195 1773 3395 1841; x_wconf 83' lang='grc' dir='ltr'>μᾶλλον</span> <span class='ocrx_word' id='word_1_231' title='bbox 3463 1774 3555 1824; x_wconf 71' lang='grc' dir='ltr'>ἐπὶ</span> <span class='ocrx_word' id='word_1_232' title='bbox 3576 1773 3619 1803; x_wconf 77' lang='grc'>⁷⁸</span> <span class='ocrx_word' id='word_1_233' title='bbox 3652 1772 3751 1840; x_wconf 76' lang='grc' dir='ltr'>τῆς</span> <span class='ocrx_word' id='word_1_234' title='bbox 3772 1772 3982 1840; x_wconf 80' lang='grc' dir='ltr'>πείρας.</span> 
     </span>
    </p>
   </div>
   <div class='ocr_carea' id='block_1_34' title="bbox 740 1845 2401 1934">
    <p class='ocr_par' dir='ltr' id='par_1_34' title="bbox 740 1845 2392 1925">
     <span class='ocr_line' id='line_1_34' title="bbox 740 1845 2392 1925; baseline -0.001 -15"><span class='ocrx_word' id='word_1_235' title='bbox 740 1860 1090 1922; x_wconf 75' lang='lat' dir='ltr'><strong>descendere,</strong></span> <span class='ocrx_word' id='word_1_236' title='bbox 1120 1860 1273 1912; x_wconf 83' lang='lat' dir='ltr'><strong>valde</strong></span> <span class='ocrx_word' id='word_1_237' title='bbox 1308 1858 1486 1925; x_wconf 93' lang='lat' dir='ltr'><strong>inepte</strong></span> <span class='ocrx_word' id='word_1_238' title='bbox 1520 1872 1578 1910; x_wconf 91' lang='lat' dir='ltr'>se</span> <span class='ocrx_word' id='word_1_239' title='bbox 1622 1866 1835 1921; x_wconf 80' lang='lat' dir='ltr'><strong>gerunt.</strong></span> <span class='ocrx_word' id='word_1_240' title='bbox 1868 1854 2116 1908; x_wconf 80' lang='lat' dir='ltr'><strong>Proclum</strong></span> <span class='ocrx_word' id='word_1_241' title='bbox 2149 1856 2318 1909; x_wconf 81' lang='lat' dir='ltr'><strong>Athc-</strong></span> <span class='ocrx_word' id='word_1_242' title='bbox 2350 1845 2392 1899; x_wconf 83' lang='grc' dir='ltr'><strong>Β</strong></span> 
     </span>
    </p>
   </div>
   <div class='ocr_carea' id='block_1_35' title="bbox 2324 1845 3985 1934">
    <p class='ocr_par' dir='ltr' id='par_1_35' title="bbox 2350 1845 3985 1934">
     <span class='ocr_line' id='line_1_35' title="bbox 2350 1845 3985 1934; baseline 0.001 -22"><span class='ocrx_word' id='word_1_243' title='bbox 2350 1845 2392 1899; x_wconf 78' lang='grc' dir='ltr'><strong>Β</strong></span> <span class='ocrx_word' id='word_1_244' title='bbox 2421 1856 2543 1912; x_wconf 83' lang='grc' dir='ltr'>ὅσον</span> <span class='ocrx_word' id='word_1_245' title='bbox 2570 1860 2739 1930; x_wconf 79' lang='grc' dir='ltr'>αὐτῆς</span> <span class='ocrx_word' id='word_1_246' title='bbox 2773 1862 2918 1929; x_wconf 86' lang='grc' dir='ltr'>ὑγιές</span> <span class='ocrx_word' id='word_1_247' title='bbox 2950 1881 3008 1915; x_wconf 90' lang='grc' dir='ltr'>τε</span> <span class='ocrx_word' id='word_1_248' title='bbox 3039 1866 3133 1915; x_wconf 84' lang='grc' dir='ltr'>καὶ</span> <span class='ocrx_word' id='word_1_249' title='bbox 3159 1864 3469 1934; x_wconf 83' lang='grc' dir='ltr'>ὁλόκληρον·</span> <span class='ocrx_word' id='word_1_250' title='bbox 3498 1865 3621 1915; x_wconf 84' lang='grc' dir='ltr'>ὅσον</span> <span class='ocrx_word' id='word_1_251' title='bbox 3642 1864 3697 1915; x_wconf 84' lang='grc' dir='ltr'>δὲ</span> <span class='ocrx_word' id='word_1_252' title='bbox 3736 1862 3985 1931; x_wconf 77' lang='grc' dir='ltr'>κίϐδηλον</span> 
     </span>
    </p>
   </div>
   <div class='ocr_carea' id='block_1_36' title="bbox 742 1946 1920 2010">
    <p class='ocr_par' dir='ltr' id='par_1_36' title="bbox 742 1946 1920 2010">
     <span class='ocr_line' id='line_1_36' title="bbox 742 1946 1920 2010; baseline -0.004 -10"><span class='ocrx_word' id='word_1_253' title='bbox 742 1962 840 2001; x_wconf 90' lang='lat' dir='ltr'>nas</span> <span class='ocrx_word' id='word_1_254' title='bbox 875 1949 951 2001; x_wconf 90' lang='lat' dir='ltr'>ire</span> <span class='ocrx_word' id='word_1_255' title='bbox 977 1949 1156 2002; x_wconf 89' lang='lat' dir='ltr'><strong>adhuc</strong></span> <span class='ocrx_word' id='word_1_256' title='bbox 1188 1947 1240 1999; x_wconf 92' lang='lat' dir='ltr'>in</span> <span class='ocrx_word' id='word_1_257' title='bbox 1279 1960 1503 2010; x_wconf 89' lang='lat' dir='ltr'><strong>corpore</strong></span> <span class='ocrx_word' id='word_1_258' title='bbox 1547 1946 1920 1997; x_wconf 83' lang='lat' dir='ltr'><strong>exsistentem.</strong></span> 
     </span>
    </p>
   </div>
   <div class='ocr_carea' id='block_1_37' title="bbox 2424 1947 3985 2024">
    <p class='ocr_par' dir='ltr' id='par_1_37' title="bbox 2424 1947 3985 2024">
     <span class='ocr_line' id='line_1_37' title="bbox 2424 1947 3985 2024; baseline 0.006 -27"><span class='ocrx_word' id='word_1_259' title='bbox 2424 1947 2517 1999; x_wconf 73' lang='lat' dir='ltr'><strong>xui.</strong></span> <span class='ocrx_word' id='word_1_260' title='bbox 2539 1949 2869 2005; x_wconf 80' lang='grc' dir='ltr'>ἐπίπλαστον</span> <span class='ocrx_word' id='word_1_261' title='bbox 2899 1954 3206 2021; x_wconf 83' lang='grc' dir='ltr'>ὲμφωλεύει</span> <span class='ocrx_word' id='word_1_262' title='bbox 3233 1957 3350 2015; x_wconf 81' lang='grc' dir='ltr'>ταῖς</span> <span class='ocrx_word' id='word_1_263' title='bbox 3379 1953 3748 2024; x_wconf 82' lang='grc' dir='ltr'>ἀνθρωπίναις</span> <span class='ocrx_word' id='word_1_264' title='bbox 3800 1954 3985 2015; x_wconf 77' lang='grc' dir='ltr'>ζωαῐς,</span> 
     </span>
    </p>
   </div>
   <div class='ocr_carea' id='block_1_38' title="bbox 737 2032 3991 2112">
    <p class='ocr_par' dir='ltr' id='par_1_38' title="bbox 737 2032 3991 2112">
     <span class='ocr_line' id='line_1_38' title="bbox 737 2032 3991 2112; baseline -0 -22"><span class='ocrx_word' id='word_1_265' title='bbox 737 2036 897 2091; x_wconf 84' lang='grc' dir='ltr'>τοῦτο</span> <span class='ocrx_word' id='word_1_266' title='bbox 922 2040 1028 2089; x_wconf 84' lang='grc' dir='ltr'>πᾶν</span> <span class='ocrx_word' id='word_1_267' title='bbox 1068 2037 1396 2105; x_wconf 82' lang='grc' dir='ltr'>διελέγχεται</span> <span class='ocrx_word' id='word_1_268' title='bbox 1431 2034 1524 2086; x_wconf 78' lang='grc' dir='ltr'>καὶ</span> <span class='ocrx_word' id='word_1_269' title='bbox 1555 2032 1893 2100; x_wconf 77' lang='grc' dir='ltr'>ἑτοιμότερον</span> <span class='ocrx_word' id='word_1_270' title='bbox 1922 2032 1965 2063; x_wconf 82' lang='grc'>⁷²</span> <span class='ocrx_word' id='word_1_271' title='bbox 1985 2033 2308 2084; x_wconf 83' lang='grc' dir='ltr'>καθίσταται</span> <span class='ocrx_word' id='word_1_272' title='bbox 2350 2034 2483 2102; x_wconf 77' lang='grc' dir='ltr'>πρὸς</span> <span class='ocrx_word' id='word_1_273' title='bbox 2512 2035 2818 2104; x_wconf 82' lang='grc' dir='ltr'>διόρθωσιν.</span> <span class='ocrx_word' id='word_1_274' title='bbox 2850 2041 2923 2092; x_wconf 83' lang='grc' dir='ltr'>Τὸ</span> <span class='ocrx_word' id='word_1_275' title='bbox 2958 2041 3014 2093; x_wconf 82' lang='grc' dir='ltr'>δὲ</span> <span class='ocrx_word' id='word_1_276' title='bbox 3062 2042 3394 2112; x_wconf 86' lang='grc' dir='ltr'>ἀγαθοεργόν</span> <span class='ocrx_word' id='word_1_277' title='bbox 3423 2060 3479 2094; x_wconf 92' lang='grc' dir='ltr'>τε</span> <span class='ocrx_word' id='word_1_278' title='bbox 3544 2044 3639 2095; x_wconf 75' lang='grc' dir='ltr'>καὶ</span> <span class='ocrx_word' id='word_1_279' title='bbox 3721 2041 3991 2107; x_wconf 81' lang='grc' dir='ltr'>ὠφελητι-</span> 
     </span>
    </p>
   </div>
   <div class='ocr_carea' id='block_1_39' title="bbox 739 2122 3994 2202">
    <p class='ocr_par' dir='ltr' id='par_1_39' title="bbox 739 2122 3994 2202">
     <span class='ocr_line' id='line_1_39' title="bbox 739 2122 3994 2202; baseline 0.001 -22"><span class='ocrx_word' id='word_1_280' title='bbox 739 2130 832 2180; x_wconf 73' lang='grc' dir='ltr'>κὺν</span> <span class='ocrx_word' id='word_1_281' title='bbox 859 2128 981 2181; x_wconf 85' lang='grc' dir='ltr'>ὅσον</span> <span class='ocrx_word' id='word_1_282' title='bbox 1012 2128 1160 2180; x_wconf 68' lang='grc' dir='ltr'>ἐστὶν</span> <span class='ocrx_word' id='word_1_283' title='bbox 1192 2129 1247 2178; x_wconf 80' lang='grc' dir='ltr'>ὲν</span> <span class='ocrx_word' id='word_1_284' title='bbox 1277 2128 1387 2186; x_wconf 80' lang='grc' dir='ltr'>τοίς</span> <span class='ocrx_word' id='word_1_285' title='bbox 1438 2122 1861 2191; x_wconf 78' lang='grc' dir='ltr'>πολιτεύμασινι</span> <span class='ocrx_word' id='word_1_286' title='bbox 1903 2122 1963 2173; x_wconf 82' lang='grc' dir='ltr'>τὸ</span> <span class='ocrx_word' id='word_1_287' title='bbox 2002 2122 2058 2174; x_wconf 81' lang='grc' dir='ltr'>δὲ</span> <span class='ocrx_word' id='word_1_288' title='bbox 2091 2122 2391 2192; x_wconf 69' lang='grc' dir='ltr'>θαρραλέον</span> <span class='ocrx_word' id='word_1_289' title='bbox 2427 2128 2520 2178; x_wconf 71' lang='grc' dir='ltr'>καὶ</span> <span class='ocrx_word' id='word_1_290' title='bbox 2584 2128 2799 2196; x_wconf 88' lang='grc' dir='ltr'>βέϐαιον</span> <span class='ocrx_word' id='word_1_291' title='bbox 2828 2131 2875 2161; x_wconf 82' lang='grc'>⁷³</span> <span class='ocrx_word' id='word_1_292' title='bbox 2940 2131 3164 2201; x_wconf 74' lang='grc' dir='ltr'>ὴλίκονί</span> <span class='ocrx_word' id='word_1_293' title='bbox 3243 2132 3534 2202; x_wconf 78' lang='grc' dir='ltr'>τοιγαροῦν</span> <span class='ocrx_word' id='word_1_294' title='bbox 3589 2133 3640 2184; x_wconf 86' lang='grc' dir='ltr'>οί</span> <span class='ocrx_word' id='word_1_295' title='bbox 3726 2134 3784 2183; x_wconf 79' lang='grc' dir='ltr'>ὲν</span> <span class='ocrx_word' id='word_1_296' title='bbox 3824 2131 3994 2201; x_wconf 59' lang='grc' dir='ltr'>γωνίᾳ</span> 
     </span>
    </p>
   </div>
   <div class='ocr_carea' id='block_1_40' title="bbox 741 2212 3992 2293">
    <p class='ocr_par' dir='ltr' id='par_1_40' title="bbox 741 2212 3992 2293">
     <span class='ocr_line' id='line_1_40' title="bbox 741 2212 3992 2293; baseline 0.001 -21"><span class='ocrx_word' id='word_1_297' title='bbox 741 2219 1036 2289; x_wconf 77' lang='grc' dir='ltr'>καθήμενοι</span> <span class='ocrx_word' id='word_1_298' title='bbox 1084 2218 1229 2285; x_wconf 82' lang='grc' dir='ltr'>λόγοι</span> <span class='ocrx_word' id='word_1_299' title='bbox 1259 2218 1326 2279; x_wconf 70' lang='grc'>⁷⁵,</span> <span class='ocrx_word' id='word_1_300' title='bbox 1371 2215 1537 2288; x_wconf 78' lang='lat'>[1075</span> <span class='ocrx_word' id='word_1_301' title='bbox 1589 2213 1679 2284; x_wconf 66' lang='lat' dir='ltr'>IL]</span> <span class='ocrx_word' id='word_1_302' title='bbox 1712 2214 1803 2266; x_wconf 75' lang='grc' dir='ltr'>καὶ</span> <span class='ocrx_word' id='word_1_303' title='bbox 1861 2212 2029 2266; x_wconf 83' lang='grc' dir='ltr'>πολλὰ</span> <span class='ocrx_word' id='word_1_304' title='bbox 2078 2214 2493 2283; x_wconf 82' lang='grc' dir='ltr'>φιλοσοφοῦντες</span> <span class='ocrx_word' id='word_1_305' title='bbox 2525 2213 2583 2271; x_wconf 82' lang='grc' dir='ltr'>εῦ</span> <span class='ocrx_word' id='word_1_306' title='bbox 2622 2219 2767 2289; x_wconf 75' lang='grc' dir='ltr'>μάλα</span> <span class='ocrx_word' id='word_1_307' title='bbox 2830 2222 3042 2291; x_wconf 82' lang='grc' dir='ltr'>σεμνῶς</span> <span class='ocrx_word' id='word_1_308' title='bbox 3100 2223 3229 2293; x_wconf 82' lang='grc' dir='ltr'>περὶ</span> <span class='ocrx_word' id='word_1_309' title='bbox 3270 2223 3481 2276; x_wconf 84' lang='grc' dir='ltr'>δικαίου</span> <span class='ocrx_word' id='word_1_310' title='bbox 3552 2224 3645 2275; x_wconf 75' lang='grc' dir='ltr'>καὶ</span> <span class='ocrx_word' id='word_1_311' title='bbox 3711 2223 3992 2291; x_wconf 62' lang='grc' dir='ltr'>σωφροσύ-</span> 
     </span>
    </p>
   </div>
   <div class='ocr_carea' id='block_1_41' title="bbox 742 2305 3977 2378">
    <p class='ocr_par' dir='ltr' id='par_1_41' title="bbox 742 2305 3977 2378">
     <span class='ocr_line' id='line_1_41' title="bbox 742 2305 3977 2378; baseline 0.001 -17"><span class='ocrx_word' id='word_1_312' title='bbox 742 2328 859 2378; x_wconf 85' lang='grc' dir='ltr'>νης,</span> <span class='ocrx_word' id='word_1_313' title='bbox 886 2308 1155 2361; x_wconf 76' lang='grc' dir='ltr'>ἐκϐαίνειν</span> <span class='ocrx_word' id='word_1_314' title='bbox 1183 2309 1275 2360; x_wconf 71' lang='grc' dir='ltr'>ἐπὶ</span> <span class='ocrx_word' id='word_1_315' title='bbox 1300 2308 1399 2369; x_wconf 76' lang='grc' dir='ltr'>τὰς</span> <span class='ocrx_word' id='word_1_316' title='bbox 1420 2307 1650 2377; x_wconf 79' lang='grc' dir='ltr'>πράξεις</span> <span class='ocrx_word' id='word_1_317' title='bbox 1679 2305 2117 2374; x_wconf 76' lang='grc' dir='ltr'>ἀναγκαζόμενοι</span> <span class='ocrx_word' id='word_1_318' title='bbox 2148 2306 2298 2359; x_wconf 73' lang='grc' dir='ltr'>δεινὰ</span> <span class='ocrx_word' id='word_1_319' title='bbox 2334 2308 2757 2370; x_wconf 64' lang='grc' dir='ltr'>ὰσγηαονοῦσιν.</span> <span class='ocrx_word' id='word_1_320' title='bbox 2792 2314 2885 2376; x_wconf 84' lang='grc' dir='ltr'>Είς</span> <span class='ocrx_word' id='word_1_321' title='bbox 2925 2313 3154 2367; x_wconf 70' lang='grc' dir='ltr'>Ἀθί-ναι-</span> <span class='ocrx_word' id='word_1_322' title='bbox 3177 2314 3269 2367; x_wconf 77' lang='grc' dir='ltr'>καὶ</span> <span class='ocrx_word' id='word_1_323' title='bbox 3331 2313 3573 2368; x_wconf 77' lang='grc' dir='ltr'>Πρόκλον</span> <span class='ocrx_word' id='word_1_324' title='bbox 3646 2314 3872 2368; x_wconf 83' lang='grc' dir='ltr'>ἀπαίοε·</span> <span class='ocrx_word' id='word_1_325' title='bbox 3899 2313 3977 2367; x_wconf 77' lang='grc' dir='ltr'>ἔτι</span> 
     </span>
    </p>
   </div>
   <div class='ocr_carea' id='block_1_42' title="bbox 742 2402 1656 2473">
    <p class='ocr_par' dir='ltr' id='par_1_42' title="bbox 742 2402 1656 2473">
     <span class='ocr_line' id='line_1_42' title="bbox 742 2402 1656 2473; baseline 0.001 -18"><span class='ocrx_word' id='word_1_326' title='bbox 742 2402 1196 2473; x_wconf 75' lang='grc' dir='ltr'>διακρατούμενον</span> <span class='ocrx_word' id='word_1_327' title='bbox 1224 2405 1281 2455; x_wconf 78' lang='grc' dir='ltr'>ὲν</span> <span class='ocrx_word' id='word_1_328' title='bbox 1318 2402 1394 2473; x_wconf 84' lang='grc' dir='ltr'>τῷ</span> <span class='ocrx_word' id='word_1_329' title='bbox 1424 2402 1656 2472; x_wconf 86' lang='grc' dir='ltr'>σώματι.</span> 
     </span>
    </p>
   </div>
   <div class='ocr_carea' id='block_1_43' title="bbox 816 2494 2319 2565">
    <p class='ocr_par' dir='ltr' id='par_1_43' title="bbox 816 2494 2319 2565">
     <span class='ocr_line' id='line_1_43' title="bbox 816 2494 2319 2565; baseline 0.001 -18"><span class='ocrx_word' id='word_1_330' title='bbox 816 2497 1050 2564; x_wconf 84' lang='lat' dir='ltr'><strong>Agapius</strong></span> <span class='ocrx_word' id='word_1_331' title='bbox 1073 2496 1255 2565; x_wconf 80' lang='lat' dir='ltr'><strong>gravis</strong></span> <span class='ocrx_word' id='word_1_332' title='bbox 1294 2496 1452 2549; x_wconf 87' lang='lat' dir='ltr'><strong>simul</strong></span> <span class='ocrx_word' id='word_1_333' title='bbox 1512 2505 1567 2550; x_wconf 91' lang='lat' dir='ltr'>et</span> <span class='ocrx_word' id='word_1_334' title='bbox 1630 2494 1831 2559; x_wconf 80' lang='lat' dir='ltr'><strong>facilis,</strong></span> <span class='ocrx_word' id='word_1_335' title='bbox 1885 2495 2165 2563; x_wconf 86' lang='lat' dir='ltr'><strong>antiquam</strong></span> <span class='ocrx_word' id='word_1_336' title='bbox 2214 2496 2319 2549; x_wconf 74' lang='lat' dir='ltr'><strong>lin-</strong></span> 
     </span>
    </p>
   </div>
   <div class='ocr_carea' id='block_1_44' title="bbox 746 2584 2317 2659">
    <p class='ocr_par' dir='ltr' id='par_1_44' title="bbox 746 2584 2317 2659">
     <span class='ocr_line' id='line_1_44' title="bbox 746 2584 2317 2659; baseline -0.001 -20"><span class='ocrx_word' id='word_1_337' title='bbox 746 2604 902 2659; x_wconf 75' lang='lat' dir='ltr'><strong>gnam</strong></span> <span class='ocrx_word' id='word_1_338' title='bbox 934 2602 1093 2655; x_wconf 89' lang='lat' dir='ltr'><strong>supra</strong></span> <span class='ocrx_word' id='word_1_339' title='bbox 1127 2588 1397 2655; x_wconf 78' lang='lat' dir='ltr'><strong>vulgarem</strong></span> <span class='ocrx_word' id='word_1_340' title='bbox 1430 2587 1692 2651; x_wconf 91' lang='lat' dir='ltr'><strong>imitatus,</strong></span> <span class='ocrx_word' id='word_1_341' title='bbox 1726 2602 1914 2641; x_wconf 85' lang='lat' dir='ltr'><strong>omnes</strong></span> <span class='ocrx_word' id='word_1_342' title='bbox 1942 2587 1993 2639; x_wconf 92' lang='lat' dir='ltr'>in</span> <span class='ocrx_word' id='word_1_343' title='bbox 2018 2601 2075 2639; x_wconf 90' lang='lat' dir='ltr'>se</span> <span class='ocrx_word' id='word_1_344' title='bbox 2108 2584 2317 2655; x_wconf 86' lang='lat' dir='ltr'><strong>Byzan-</strong></span> 
     </span>
    </p>
   </div>
   <div class='ocr_carea' id='block_1_45' title="bbox 747 2677 2321 2733">
    <p class='ocr_par' dir='ltr' id='par_1_45' title="bbox 747 2677 2321 2733">
     <span class='ocr_line' id='line_1_45' title="bbox 747 2677 2321 2733; baseline -0.003 -1"><span class='ocrx_word' id='word_1_345' title='bbox 747 2681 889 2733; x_wconf 88' lang='lat' dir='ltr'><strong>tinos</strong></span> <span class='ocrx_word' id='word_1_346' title='bbox 915 2678 1203 2733; x_wconf 87' lang='lat' dir='ltr'><strong>convertit.</strong></span> <span class='ocrx_word' id='word_1_347' title='bbox 1234 2678 1595 2731; x_wconf 82' lang='lat' dir='ltr'><strong>Admiratioui</strong></span> <span class='ocrx_word' id='word_1_348' title='bbox 1633 2678 1730 2730; x_wconf 81' lang='lat' dir='ltr'><strong>fuit</strong></span> <span class='ocrx_word' id='word_1_349' title='bbox 1765 2677 2107 2731; x_wconf 70' lang='lat' dir='ltr'><strong>Alexandriae</strong></span> <span class='ocrx_word' id='word_1_350' title='bbox 2147 2678 2321 2730; x_wconf 86' lang='lat' dir='ltr'><strong>diser-</strong></span> 
     </span>
    </p>
   </div>
   <div class='ocr_carea' id='block_1_46' title="bbox 749 2764 2317 2822">
    <p class='ocr_par' dir='ltr' id='par_1_46' title="bbox 749 2764 2317 2822">
     <span class='ocr_line' id='line_1_46' title="bbox 749 2764 2317 2822; baseline -0.001 -3"><span class='ocrx_word' id='word_1_351' title='bbox 749 2769 821 2822; x_wconf 85' lang='lat' dir='ltr'>tis</span> <span class='ocrx_word' id='word_1_352' title='bbox 881 2767 1231 2821; x_wconf 90' lang='lat' dir='ltr'><strong>hominibus:</strong></span> <span class='ocrx_word' id='word_1_353' title='bbox 1267 2767 1521 2819; x_wconf 90' lang='lat' dir='ltr'><strong>omnibus</strong></span> <span class='ocrx_word' id='word_1_354' title='bbox 1580 2766 1724 2819; x_wconf 90' lang='lat' dir='ltr'><strong>enim</strong></span> <span class='ocrx_word' id='word_1_355' title='bbox 1775 2764 1983 2817; x_wconf 90' lang='lat' dir='ltr'><strong>artibus</strong></span> <span class='ocrx_word' id='word_1_356' title='bbox 2019 2765 2317 2817; x_wconf 89' lang='lat' dir='ltr'><strong>instructus</strong></span> 
     </span>
    </p>
   </div>
   <div class='ocr_carea' id='block_1_47' title="bbox 749 2854 2321 2924">
    <p class='ocr_par' dir='ltr' id='par_1_47' title="bbox 749 2854 2321 2924">
     <span class='ocr_line' id='line_1_47' title="bbox 749 2854 2321 2924; baseline -0.004 -13"><span class='ocrx_word' id='word_1_357' title='bbox 749 2867 887 2911; x_wconf 84' lang='lat' dir='ltr'><strong>erat.</strong></span> <span class='ocrx_word' id='word_1_358' title='bbox 957 2857 1183 2911; x_wconf 86' lang='lat' dir='ltr'><strong>Volebat</strong></span> <span class='ocrx_word' id='word_1_359' title='bbox 1240 2854 1434 2924; x_wconf 54' lang='lat' dir='ltr'><strong>352i?</strong></span> <span class='ocrx_word' id='word_1_360' title='bbox 1505 2856 1889 2923; x_wconf 88' lang='lat' dir='ltr'><strong>grammaticos</strong></span> <span class='ocrx_word' id='word_1_361' title='bbox 1943 2863 1997 2908; x_wconf 92' lang='lat' dir='ltr'>et</span> <span class='ocrx_word' id='word_1_362' title='bbox 2068 2855 2321 2907; x_wconf 88' lang='lat' dir='ltr'><strong>rhetores</strong></span> 
     </span>
    </p>
   </div>
   <div class='ocr_carea' id='block_1_48' title="bbox 752 2944 2323 3017">
    <p class='ocr_par' dir='ltr' id='par_1_48' title="bbox 752 2944 2323 3017">
     <span class='ocr_line' id='line_1_48' title="bbox 752 2944 2323 3017; baseline -0.004 -14"><span class='ocrx_word' id='word_1_363' title='bbox 752 2949 1069 3003; x_wconf 77' lang='lat' dir='ltr'><strong>examinare</strong></span> <span class='ocrx_word' id='word_1_364' title='bbox 1094 2958 1147 3002; x_wconf 87' lang='lat' dir='ltr'>ct</span> <span class='ocrx_word' id='word_1_365' title='bbox 1184 2949 1454 3017; x_wconf 88' lang='lat' dir='ltr'><strong>judicare,</strong></span> <span class='ocrx_word' id='word_1_366' title='bbox 1496 2959 1570 3010; x_wconf 86' lang='lat' dir='ltr'>et,</span> <span class='ocrx_word' id='word_1_367' title='bbox 1639 2956 1697 2999; x_wconf 92' lang='lat' dir='ltr'>ut</span> <span class='ocrx_word' id='word_1_368' title='bbox 1754 2948 1942 3013; x_wconf 90' lang='lat' dir='ltr'><strong>paucis</strong></span> <span class='ocrx_word' id='word_1_369' title='bbox 2000 2946 2205 3007; x_wconf 88' lang='lat' dir='ltr'><strong>dicam,</strong></span> <span class='ocrx_word' id='word_1_370' title='bbox 2268 2944 2323 2996; x_wconf 91' lang='lat' dir='ltr'>in</span> 
     </span>
    </p>
   </div>
   <div class='ocr_carea' id='block_1_49' title="bbox 753 3035 2324 3108">
    <p class='ocr_par' dir='ltr' id='par_1_49' title="bbox 753 3035 2324 3108">
     <span class='ocr_line' id='line_1_49' title="bbox 753 3035 2324 3108; baseline -0.006 -15"><span class='ocrx_word' id='word_1_371' title='bbox 753 3039 1023 3108; x_wconf 87' lang='lat' dir='ltr'><strong>sapientia</strong></span> <span class='ocrx_word' id='word_1_372' title='bbox 1079 3036 1486 3107; x_wconf 86' lang='lat' dir='ltr'><strong>quadrangulus</strong></span> <span class='ocrx_word' id='word_1_373' title='bbox 1528 3052 1649 3090; x_wconf 90' lang='lat' dir='ltr'><strong>esse</strong></span> <span class='ocrx_word' id='word_1_374' title='bbox 1708 3037 2009 3099; x_wconf 89' lang='lat' dir='ltr'><strong>videhatur,</strong></span> <span class='ocrx_word' id='word_1_375' title='bbox 2059 3045 2114 3087; x_wconf 89' lang='lat' dir='ltr'>ct</span> <span class='ocrx_word' id='word_1_376' title='bbox 2161 3035 2324 3088; x_wconf 90' lang='lat' dir='ltr'><strong>etiam</strong></span> 
     </span>
    </p>
   </div>
   <div class='ocr_carea' id='block_1_50' title="bbox 752 3126 2322 3197">
    <p class='ocr_par' dir='ltr' id='par_1_50' title="bbox 752 3126 2322 3197">
     <span class='ocr_line' id='line_1_50' title="bbox 752 3126 2322 3197; baseline -0.006 -13"><span class='ocrx_word' id='word_1_377' title='bbox 752 3140 894 3184; x_wconf 86' lang='lat' dir='ltr'><strong>erat.</strong></span> <span class='ocrx_word' id='word_1_378' title='bbox 924 3128 1177 3197; x_wconf 82' lang='lat' dir='ltr'><strong>Magnum</strong></span> <span class='ocrx_word' id='word_1_379' title='bbox 1208 3128 1468 3181; x_wconf 90' lang='lat' dir='ltr'><strong>honorem</strong></span> <span class='ocrx_word' id='word_1_380' title='bbox 1496 3126 1691 3179; x_wconf 84' lang='lat' dir='ltr'><strong>Gesius</strong></span> <span class='ocrx_word' id='word_1_381' title='bbox 1717 3134 2040 3178; x_wconf 86' lang='lat' dir='ltr'><strong>consecutus</strong></span> <span class='ocrx_word' id='word_1_382' title='bbox 2069 3133 2173 3188; x_wconf 90' lang='lat' dir='ltr'><strong>est,</strong></span> <span class='ocrx_word' id='word_1_383' title='bbox 2217 3139 2322 3175; x_wconf 92' lang='lat' dir='ltr'>non</span> 
     </span>
    </p>
   </div>
   <div class='ocr_carea' id='block_1_51' title="bbox 2495 2495 3996 2566">
    <p class='ocr_par' dir='ltr' id='par_1_51' title="bbox 2495 2495 3996 2566">
     <span class='ocr_line' id='line_1_51' title="bbox 2495 2495 3996 2566; baseline -0.001 -18"><span class='ocrx_word' id='word_1_384' title='bbox 2495 2497 2697 2564; x_wconf 80' lang='grc' dir='ltr'>Σεμνὸς</span> <span class='ocrx_word' id='word_1_385' title='bbox 2714 2495 2789 2547; x_wconf 87' lang='grc' dir='ltr'>ῶν</span> <span class='ocrx_word' id='word_1_386' title='bbox 2820 2497 2935 2566; x_wconf 72' lang='grc' dir='ltr'>ἅμα</span> <span class='ocrx_word' id='word_1_387' title='bbox 2958 2496 3050 2548; x_wconf 80' lang='grc' dir='ltr'>καὶ</span> <span class='ocrx_word' id='word_1_388' title='bbox 3077 2497 3327 2565; x_wconf 82' lang='grc' dir='ltr'>εὐόμιλος</span> <span class='ocrx_word' id='word_1_389' title='bbox 3363 2497 3392 2548; x_wconf 82' lang='grc' dir='ltr'><strong>ὁ</strong></span> <span class='ocrx_word' id='word_1_390' title='bbox 3433 2496 3693 2562; x_wconf 81' lang='grc' dir='ltr'>Ἀγάπιος</span> <span class='ocrx_word' id='word_1_391' title='bbox 3716 2495 3785 2559; x_wconf 83' lang='grc'>’⁸,</span> <span class='ocrx_word' id='word_1_392' title='bbox 3813 2496 3914 2563; x_wconf 82' lang='grc' dir='ltr'>τήν</span> <span class='ocrx_word' id='word_1_393' title='bbox 3938 2510 3996 2547; x_wconf 87' lang='grc' dir='ltr'>τε</span> 
     </span>
    </p>
   </div>
   <div class='ocr_carea' id='block_1_52' title="bbox 2427 2585 3997 2657">
    <p class='ocr_par' dir='ltr' id='par_1_52' title="bbox 2427 2585 3997 2657">
     <span class='ocr_line' id='line_1_52' title="bbox 2427 2585 3997 2657; baseline -0.004 -18"><span class='ocrx_word' id='word_1_394' title='bbox 2427 2587 2658 2656; x_wconf 78' lang='grc' dir='ltr'>ἀρχαίαν</span> <span class='ocrx_word' id='word_1_395' title='bbox 2689 2586 2931 2653; x_wconf 89' lang='grc' dir='ltr'>γλῶτταν</span> <span class='ocrx_word' id='word_1_396' title='bbox 2953 2587 3091 2655; x_wconf 82' lang='grc' dir='ltr'>ὑπὲρ</span> <span class='ocrx_word' id='word_1_397' title='bbox 3116 2586 3243 2657; x_wconf 78' lang='grc' dir='ltr'>[5Ἰ3</span> <span class='ocrx_word' id='word_1_398' title='bbox 3279 2585 3486 2656; x_wconf 75' lang='grc' dir='ltr'>11.]τὺν</span> <span class='ocrx_word' id='word_1_399' title='bbox 3517 2585 3732 2652; x_wconf 77' lang='grc' dir='ltr'>ἰδιώτην</span> <span class='ocrx_word' id='word_1_400' title='bbox 3772 2585 3997 2652; x_wconf 83' lang='grc' dir='ltr'>μελετὴ-</span> 
     </span>
    </p>
   </div>
   <div class='ocr_carea' id='block_1_53' title="bbox 2430 2672 4001 2742">
    <p class='ocr_par' dir='ltr' id='par_1_53' title="bbox 2430 2672 4001 2742">
     <span class='ocr_line' id='line_1_53' title="bbox 2430 2672 4001 2742; baseline -0.003 -16"><span class='ocrx_word' id='word_1_401' title='bbox 2430 2691 2546 2737; x_wconf 85' lang='grc' dir='ltr'>σας,</span> <span class='ocrx_word' id='word_1_402' title='bbox 2576 2674 2908 2742; x_wconf 71' lang='grc' dir='ltr'>ὲπέστρεψεν</span> <span class='ocrx_word' id='word_1_403' title='bbox 2966 2676 3043 2735; x_wconf 90' lang='grc' dir='ltr'>είς</span> <span class='ocrx_word' id='word_1_404' title='bbox 3085 2674 3277 2725; x_wconf 81' lang='grc' dir='ltr'>ἑαυτὸν</span> <span class='ocrx_word' id='word_1_405' title='bbox 3300 2674 3425 2734; x_wconf 77' lang='grc' dir='ltr'>τοὺς</span> <span class='ocrx_word' id='word_1_406' title='bbox 3459 2675 3515 2724; x_wconf 84' lang='grc' dir='ltr'>ὲν</span> <span class='ocrx_word' id='word_1_407' title='bbox 3574 2672 3854 2740; x_wconf 72' lang='grc' dir='ltr'>Βυζαντίῳ</span> <span class='ocrx_word' id='word_1_408' title='bbox 3912 2674 4001 2723; x_wconf 79' lang='grc' dir='ltr'>ἁν-</span> 
     </span>
    </p>
   </div>
   <div class='ocr_carea' id='block_1_54' title="bbox 2428 2761 4004 2835">
    <p class='ocr_par' dir='ltr' id='par_1_54' title="bbox 2428 2761 4004 2835">
     <span class='ocr_line' id='line_1_54' title="bbox 2428 2761 4004 2835; baseline -0.002 -19"><span class='ocrx_word' id='word_1_409' title='bbox 2428 2763 2698 2835; x_wconf 86' lang='grc' dir='ltr'>θρώπους,</span> <span class='ocrx_word' id='word_1_410' title='bbox 2734 2764 2991 2832; x_wconf 87' lang='grc' dir='ltr'>θαῦμαδὲ</span> <span class='ocrx_word' id='word_1_411' title='bbox 3022 2763 3215 2815; x_wconf 74' lang='grc' dir='ltr'>ἑαυτοῦ</span> <span class='ocrx_word' id='word_1_412' title='bbox 3252 2763 3558 2832; x_wconf 79' lang='grc' dir='ltr'>παρέσχετο</span> <span class='ocrx_word' id='word_1_413' title='bbox 3585 2763 3679 2813; x_wconf 75' lang='grc' dir='ltr'>καὶ</span> <span class='ocrx_word' id='word_1_414' title='bbox 3718 2765 3776 2815; x_wconf 84' lang='grc' dir='ltr'>ὲν</span> <span class='ocrx_word' id='word_1_415' title='bbox 3811 2761 4004 2829; x_wconf 78' lang='grc' dir='ltr'>Ἀλεξ-</span> 
     </span>
    </p>
   </div>
   <div class='ocr_carea' id='block_1_55' title="bbox 2426 2854 3998 2926">
    <p class='ocr_par' dir='ltr' id='par_1_55' title="bbox 2426 2854 3998 2926">
     <span class='ocr_line' id='line_1_55' title="bbox 2426 2854 3998 2926; baseline -0.001 -19"><span class='ocrx_word' id='word_1_416' title='bbox 2426 2856 2645 2926; x_wconf 80' lang='grc' dir='ltr'>ανδρείᾳ</span> <span class='ocrx_word' id='word_1_417' title='bbox 2690 2859 2801 2915; x_wconf 88' lang='grc' dir='ltr'>τοῖς</span> <span class='ocrx_word' id='word_1_418' title='bbox 2851 2854 3261 2923; x_wconf 86' lang='grc' dir='ltr'>λογιμωτέροις·</span> <span class='ocrx_word' id='word_1_419' title='bbox 3300 2854 3529 2922; x_wconf 79' lang='grc' dir='ltr'>ὥρμητο</span> <span class='ocrx_word' id='word_1_420' title='bbox 3573 2856 3681 2922; x_wconf 74' lang='grc' dir='ltr'>γὰρ</span> <span class='ocrx_word' id='word_1_421' title='bbox 3718 2855 3826 2905; x_wconf 77' lang='grc' dir='ltr'>ἀπὸ</span> <span class='ocrx_word' id='word_1_422' title='bbox 3895 2855 3998 2906; x_wconf 80' lang='grc' dir='ltr'>πά-</span> 
     </span>
    </p>
   </div>
   <div class='ocr_carea' id='block_1_56' title="bbox 2428 2944 4000 3016">
    <p class='ocr_par' dir='ltr' id='par_1_56' title="bbox 2428 2944 4000 3016">
     <span class='ocr_line' id='line_1_56' title="bbox 2428 2944 4000 3016; baseline -0.003 -17"><span class='ocrx_word' id='word_1_423' title='bbox 2428 2965 2525 3016; x_wconf 89' lang='grc' dir='ltr'>σης</span> <span class='ocrx_word' id='word_1_424' title='bbox 2552 2946 2652 3013; x_wconf 81' lang='grc' dir='ltr'>τῆς</span> <span class='ocrx_word' id='word_1_425' title='bbox 2673 2947 2938 3007; x_wconf 76' lang='grc' dir='ltr'>παιδείας,</span> <span class='ocrx_word' id='word_1_426' title='bbox 2956 2945 3245 3015; x_wconf 81' lang='grc' dir='ltr'>ζητητικός</span> <span class='ocrx_word' id='word_1_427' title='bbox 3270 2961 3328 2995; x_wconf 87' lang='grc' dir='ltr'>τε</span> <span class='ocrx_word' id='word_1_428' title='bbox 3345 2946 3438 2995; x_wconf 76' lang='grc' dir='ltr'>καὶ</span> <span class='ocrx_word' id='word_1_429' title='bbox 3458 2946 3702 3013; x_wconf 70' lang='grc' dir='ltr'>κριτικὸς</span> <span class='ocrx_word' id='word_1_430' title='bbox 3735 2944 4000 3012; x_wconf 82' lang='grc' dir='ltr'>ἠϐούλετο</span> 
     </span>
    </p>
   </div>
   <div class='ocr_carea' id='block_1_57' title="bbox 2430 3034 4003 3106">
    <p class='ocr_par' dir='ltr' id='par_1_57' title="bbox 2430 3034 4003 3106">
     <span class='ocr_line' id='line_1_57' title="bbox 2430 3034 4003 3106; baseline -0.002 -17"><span class='ocrx_word' id='word_1_431' title='bbox 2430 3034 2568 3089; x_wconf 76' lang='grc' dir='ltr'>εἶναι</span> <span class='ocrx_word' id='word_1_432' title='bbox 2596 3037 2998 3106; x_wconf 86' lang='grc' dir='ltr'>γραμματικῶν</span> <span class='ocrx_word' id='word_1_433' title='bbox 3018 3054 3078 3089; x_wconf 90' lang='grc' dir='ltr'>τε</span> <span class='ocrx_word' id='word_1_434' title='bbox 3111 3038 3205 3089; x_wconf 80' lang='grc' dir='ltr'>καὶ</span> <span class='ocrx_word' id='word_1_435' title='bbox 3220 3037 3549 3105; x_wconf 74' lang='grc' dir='ltr'>ῥητορικῶν,</span> <span class='ocrx_word' id='word_1_436' title='bbox 3573 3038 3668 3087; x_wconf 67' lang='grc' dir='ltr'>καὶ</span> <span class='ocrx_word' id='word_1_437' title='bbox 3701 3036 4003 3104; x_wconf 71' lang='grc' dir='ltr'>συλλήϐδην</span> 
     </span>
    </p>
   </div>
   <div class='ocr_carea' id='block_1_58' title="bbox 2432 3123 4007 3196">
    <p class='ocr_par' dir='ltr' id='par_1_58' title="bbox 2432 3123 4007 3196">
     <span class='ocr_line' id='line_1_58' title="bbox 2432 3123 4007 3196; baseline 0 -17"><span class='ocrx_word' id='word_1_438' title='bbox 2432 3130 2626 3187; x_wconf 77' lang='grc' dir='ltr'>εἰπεῖν,</span> <span class='ocrx_word' id='word_1_439' title='bbox 2656 3128 2829 3179; x_wconf 77' lang='grc' dir='ltr'>ἐδόκει</span> <span class='ocrx_word' id='word_1_440' title='bbox 2852 3130 3194 3195; x_wconf 83' lang='grc' dir='ltr'>τετράγωνος</span> <span class='ocrx_word' id='word_1_441' title='bbox 3238 3123 3377 3179; x_wconf 83' lang='grc' dir='ltr'>εἶναι</span> <span class='ocrx_word' id='word_1_442' title='bbox 3410 3129 3501 3181; x_wconf 75' lang='grc' dir='ltr'>καὶ</span> <span class='ocrx_word' id='word_1_443' title='bbox 3545 3124 3613 3196; x_wconf 78' lang='grc' dir='ltr'>ἦν</span> <span class='ocrx_word' id='word_1_444' title='bbox 3654 3127 3751 3195; x_wconf 83' lang='grc' dir='ltr'>τὴν</span> <span class='ocrx_word' id='word_1_445' title='bbox 3789 3127 4007 3195; x_wconf 78' lang='grc' dir='ltr'>σοφίαν.</span> 
     </span>
    </p>
   </div>
   <div class='ocr_carea' id='block_1_59' title="bbox 756 3216 2417 3288">
    <p class='ocr_par' dir='ltr' id='par_1_59' title="bbox 756 3216 2395 3288">
     <span class='ocr_line' id='line_1_59' title="bbox 756 3216 2395 3288; baseline -0.004 -14"><span class='ocrx_word' id='word_1_446' title='bbox 756 3221 929 3274; x_wconf 87' lang='lat' dir='ltr'><strong>solum</strong></span> <span class='ocrx_word' id='word_1_447' title='bbox 969 3220 1115 3288; x_wconf 87' lang='lat' dir='ltr'><strong>quod</strong></span> <span class='ocrx_word' id='word_1_448' title='bbox 1166 3226 1285 3270; x_wconf 90' lang='lat' dir='ltr'><strong>arte</strong></span> <span class='ocrx_word' id='word_1_449' title='bbox 1337 3217 1547 3269; x_wconf 86' lang='lat' dir='ltr'><strong>medica</strong></span> <span class='ocrx_word' id='word_1_450' title='bbox 1589 3217 1817 3278; x_wconf 89' lang='lat' dir='ltr'><strong>valeret,</strong></span> <span class='ocrx_word' id='word_1_451' title='bbox 1870 3224 1923 3268; x_wconf 89' lang='lat' dir='ltr'>et</span> <span class='ocrx_word' id='word_1_452' title='bbox 1979 3216 2221 3268; x_wconf 92' lang='lat' dir='ltr'><strong>docendo</strong></span> <span class='ocrx_word' id='word_1_453' title='bbox 2273 3216 2395 3267; x_wconf 70' lang='lat' dir='ltr'><strong>et”</strong></span> 
     </span>
    </p>
   </div>
   <div class='ocr_carea' id='block_1_60' title="bbox 2349 3216 4010 3288">
    <p class='ocr_par' dir='ltr' id='par_1_60' title="bbox 2354 3216 4010 3286">
     <span class='ocr_line' id='line_1_60' title="bbox 2354 3216 4010 3286; baseline -0.001 -17"><span class='ocrx_word' id='word_1_454' title='bbox 2354 3216 2395 3239; x_wconf 69' lang='grc' dir='ltr'><strong>ν</strong></span> <span class='ocrx_word' id='word_1_455' title='bbox 2434 3219 2541 3269; x_wconf 78' lang='grc' dir='ltr'>Καὶ</span> <span class='ocrx_word' id='word_1_456' title='bbox 2567 3219 2645 3278; x_wconf 85' lang='grc' dir='ltr'>είς</span> <span class='ocrx_word' id='word_1_457' title='bbox 2670 3216 2823 3279; x_wconf 81' lang='grc' dir='ltr'>κλέος</span> <span class='ocrx_word' id='word_1_458' title='bbox 2853 3220 2880 3268; x_wconf 87' lang='grc' dir='ltr'>ό</span> <span class='ocrx_word' id='word_1_459' title='bbox 2906 3216 3090 3279; x_wconf 87' lang='grc' dir='ltr'>Γέσιος</span> <span class='ocrx_word' id='word_1_460' title='bbox 3125 3218 3269 3285; x_wconf 84' lang='grc' dir='ltr'>μέγα</span> <span class='ocrx_word' id='word_1_461' title='bbox 3310 3217 3502 3284; x_wconf 84' lang='grc' dir='ltr'>ἀνέϐη,</span> <span class='ocrx_word' id='word_1_462' title='bbox 3525 3217 3587 3268; x_wconf 81' lang='grc' dir='ltr'>οὐ</span> <span class='ocrx_word' id='word_1_463' title='bbox 3624 3217 3785 3284; x_wconf 88' lang='grc' dir='ltr'>μόνον</span> <span class='ocrx_word' id='word_1_464' title='bbox 3840 3220 4010 3286; x_wconf 86' lang='grc' dir='ltr'>ἰατρι-</span> 
     </span>
    </p>
   </div>
   <div class='ocr_carea' id='block_1_61' title="bbox 754 3304 2328 3377">
    <p class='ocr_par' dir='ltr' id='par_1_61' title="bbox 754 3304 2328 3377">
     <span class='ocr_line' id='line_1_61' title="bbox 754 3304 2328 3377; baseline -0.006 -14"><span class='ocrx_word' id='word_1_465' title='bbox 754 3311 1030 3377; x_wconf 81' lang='lat' dir='ltr'><strong>Operando</strong></span> <span class='ocrx_word' id='word_1_466' title='bbox 1062 3328 1073 3362; x_wconf 91' lang='lat'><strong>:</strong></span> <span class='ocrx_word' id='word_1_467' title='bbox 1104 3309 1195 3361; x_wconf 89' lang='lat' dir='ltr'>sed</span> <span class='ocrx_word' id='word_1_468' title='bbox 1223 3308 1388 3361; x_wconf 84' lang='lat' dir='ltr'><strong>etiam</strong></span> <span class='ocrx_word' id='word_1_469' title='bbox 1427 3306 1495 3359; x_wconf 92' lang='lat' dir='ltr'>ob</span> <span class='ocrx_word' id='word_1_470' title='bbox 1517 3320 1730 3359; x_wconf 88' lang='lat' dir='ltr'><strong>omnem</strong></span> <span class='ocrx_word' id='word_1_471' title='bbox 1758 3304 1919 3358; x_wconf 90' lang='lat' dir='ltr'><strong>aliam</strong></span> <span class='ocrx_word' id='word_1_472' title='bbox 1941 3304 2328 3365; x_wconf 85' lang='lat' dir='ltr'><strong>eruditionem,</strong></span> 
     </span>
    </p>
   </div>
   <div class='ocr_carea' id='block_1_62' title="bbox 758 3392 2327 3451">
    <p class='ocr_par' dir='ltr' id='par_1_62' title="bbox 758 3392 2327 3451">
     <span class='ocr_line' id='line_1_62' title="bbox 758 3392 2327 3451; baseline -0.005 -2"><span class='ocrx_word' id='word_1_473' title='bbox 758 3398 1057 3451; x_wconf 83' lang='lat' dir='ltr'><strong>dialecticis</strong></span> <span class='ocrx_word' id='word_1_474' title='bbox 1084 3412 1203 3451; x_wconf 83' lang='lat' dir='ltr'><strong>sese</strong></span> <span class='ocrx_word' id='word_1_475' title='bbox 1233 3397 1524 3449; x_wconf 89' lang='lat' dir='ltr'><strong>instruens.</strong></span> <span class='ocrx_word' id='word_1_476' title='bbox 1569 3395 1776 3447; x_wconf 87' lang='lat' dir='ltr'><strong>Isidoro</strong></span> <span class='ocrx_word' id='word_1_477' title='bbox 1812 3392 2074 3445; x_wconf 90' lang='lat' dir='ltr'><strong>Domnam</strong></span> <span class='ocrx_word' id='word_1_478' title='bbox 2106 3404 2327 3442; x_wconf 80' lang='lat' dir='ltr'><strong>uxorein</strong></span> 
     </span>
    </p>
   </div>
   <div class='ocr_carea' id='block_1_63' title="bbox 757 3481 2329 3553">
    <p class='ocr_par' dir='ltr' id='par_1_63' title="bbox 757 3481 2329 3553">
     <span class='ocr_line' id='line_1_63' title="bbox 757 3481 2329 3553; baseline -0.003 -14"><span class='ocrx_word' id='word_1_479' title='bbox 757 3492 1004 3551; x_wconf 83' lang='lat' dir='ltr'><strong>ducente,</strong></span> <span class='ocrx_word' id='word_1_480' title='bbox 1034 3497 1191 3540; x_wconf 89' lang='lat' dir='ltr'><strong>natus</strong></span> <span class='ocrx_word' id='word_1_481' title='bbox 1228 3498 1308 3541; x_wconf 86' lang='lat' dir='ltr'>est</span> <span class='ocrx_word' id='word_1_482' title='bbox 1348 3487 1510 3549; x_wconf 83' lang='lat' dir='ltr'><strong>ﬁlius,</strong></span> <span class='ocrx_word' id='word_1_483' title='bbox 1550 3501 1707 3553; x_wconf 89' lang='lat' dir='ltr'><strong>quem</strong></span> <span class='ocrx_word' id='word_1_484' title='bbox 1740 3483 1989 3538; x_wconf 89' lang='lat' dir='ltr'><strong>Proclum</strong></span> <span class='ocrx_word' id='word_1_485' title='bbox 2010 3481 2329 3534; x_wconf 88' lang='lat' dir='ltr'><strong>nominavit.</strong></span> 
     </span>
    </p>
   </div>
   <div class='ocr_carea' id='block_1_64' title="bbox 760 3572 2330 3648">
    <p class='ocr_par' dir='ltr' id='par_1_64' title="bbox 760 3572 2330 3648">
     <span class='ocr_line' id='line_1_64' title="bbox 760 3572 2330 3648; baseline -0.008 -13"><span class='ocrx_word' id='word_1_486' title='bbox 760 3580 962 3635; x_wconf 78' lang='lat' dir='ltr'><strong>Douina</strong></span> <span class='ocrx_word' id='word_1_487' title='bbox 996 3580 1185 3648; x_wconf 91' lang='lat' dir='ltr'><strong>quinto</strong></span> <span class='ocrx_word' id='word_1_488' title='bbox 1228 3588 1345 3646; x_wconf 88' lang='lat' dir='ltr'><strong>post</strong></span> <span class='ocrx_word' id='word_1_489' title='bbox 1383 3586 1591 3644; x_wconf 85' lang='lat' dir='ltr'><strong>partum</strong></span> <span class='ocrx_word' id='word_1_490' title='bbox 1648 3578 1735 3629; x_wconf 89' lang='lat' dir='ltr'>die</span> <span class='ocrx_word' id='word_1_491' title='bbox 1780 3586 1989 3628; x_wconf 89' lang='lat' dir='ltr'><strong>tuortua</strong></span> <span class='ocrx_word' id='word_1_492' title='bbox 2026 3613 2041 3638; x_wconf 93' lang='lat'>,</span> <span class='ocrx_word' id='word_1_493' title='bbox 2077 3572 2330 3625; x_wconf 89' lang='lat' dir='ltr'><strong>maritum</strong></span> 
     </span>
    </p>
   </div>
   <div class='ocr_carea' id='block_1_65' title="bbox 763 3664 2337 3738">
    <p class='ocr_par' dir='ltr' id='par_1_65' title="bbox 763 3664 2337 3738">
     <span class='ocr_line' id='line_1_65' title="bbox 763 3664 2337 3738; baseline -0.006 -15"><span class='ocrx_word' id='word_1_494' title='bbox 763 3670 1142 3738; x_wconf 86' lang='lat' dir='ltr'><strong>philosophum</strong></span> <span class='ocrx_word' id='word_1_495' title='bbox 1187 3669 1326 3722; x_wconf 86' lang='lat' dir='ltr'><strong>mala</strong></span> <span class='ocrx_word' id='word_1_496' title='bbox 1362 3668 1495 3731; x_wconf 82' lang='lat' dir='ltr'><strong>fera,</strong></span> <span class='ocrx_word' id='word_1_497' title='bbox 1554 3682 1849 3734; x_wconf 85' lang='lat' dir='ltr'><strong>amaroque</strong></span> <span class='ocrx_word' id='word_1_498' title='bbox 1884 3664 2138 3734; x_wconf 86' lang='lat' dir='ltr'><strong>coujugio</strong></span> <span class='ocrx_word' id='word_1_499' title='bbox 2199 3664 2337 3715; x_wconf 87' lang='lat' dir='ltr'><strong>libe-</strong></span> 
     </span>
    </p>
   </div>
   <div class='ocr_carea' id='block_1_66' title="bbox 762 3756 2336 3829">
    <p class='ocr_par' dir='ltr' id='par_1_66' title="bbox 762 3756 2336 3829">
     <span class='ocr_line' id='line_1_66' title="bbox 762 3756 2336 3829; baseline -0.004 -15"><span class='ocrx_word' id='word_1_500' title='bbox 762 3762 920 3814; x_wconf 86' lang='lat' dir='ltr'><strong>ravit.</strong></span> <span class='ocrx_word' id='word_1_501' title='bbox 952 3760 1301 3829; x_wconf 64' lang='lat' dir='ltr'><strong>Esculapius</strong></span> <span class='ocrx_word' id='word_1_502' title='bbox 1344 3758 1519 3829; x_wconf 85' lang='lat' dir='ltr'><strong>Beryti</strong></span> <span class='ocrx_word' id='word_1_503' title='bbox 1574 3773 1678 3811; x_wconf 93' lang='lat' dir='ltr'>non</span> <span class='ocrx_word' id='word_1_504' title='bbox 1734 3767 1818 3811; x_wconf 89' lang='lat' dir='ltr'>est</span> <span class='ocrx_word' id='word_1_505' title='bbox 1857 3756 2099 3819; x_wconf 66' lang='lat' dir='ltr'><strong>Grmcus,</strong></span> <span class='ocrx_word' id='word_1_506' title='bbox 2163 3768 2336 3820; x_wconf 84' lang='lat' dir='ltr'><strong>neque</strong></span> 
     </span>
    </p>
   </div>
   <div class='ocr_carea' id='block_1_67' title="bbox 761 3845 2337 3922">
    <p class='ocr_par' dir='ltr' id='par_1_67' title="bbox 761 3845 2337 3922">
     <span class='ocr_line' id='line_1_67' title="bbox 761 3845 2337 3922; baseline -0.006 -16"><span class='ocrx_word' id='word_1_507' title='bbox 761 3850 1070 3922; x_wconf 63' lang='lat' dir='ltr'><strong>Egyptius,</strong></span> <span class='ocrx_word' id='word_1_508' title='bbox 1107 3854 1201 3905; x_wconf 92' lang='lat' dir='ltr'>sed</span> <span class='ocrx_word' id='word_1_509' title='bbox 1232 3853 1369 3905; x_wconf 86' lang='lat' dir='ltr'><strong>alius</strong></span> <span class='ocrx_word' id='word_1_510' title='bbox 1400 3850 1623 3904; x_wconf 65' lang='lat' dir='ltr'><strong>Phanis</strong></span> <span class='ocrx_word' id='word_1_511' title='bbox 1654 3849 1927 3917; x_wconf 77' lang='lat' dir='ltr'><strong>indigena.</strong></span> <span class='ocrx_word' id='word_1_512' title='bbox 1964 3847 2097 3900; x_wconf 81' lang='lat' dir='ltr'>Nam</span> <span class='ocrx_word' id='word_1_513' title='bbox 2123 3845 2337 3899; x_wconf 79' lang='lat' dir='ltr'><strong>Saduco</strong></span> 
     </span>
    </p>
   </div>
   <div class='ocr_carea' id='block_1_68' title="bbox 765 3938 2337 4011">
    <p class='ocr_par' dir='ltr' id='par_1_68' title="bbox 765 3938 2337 4011">
     <span class='ocr_line' id='line_1_68' title="bbox 765 3938 2337 4011; baseline -0.005 -14"><span class='ocrx_word' id='word_1_514' title='bbox 765 3944 875 3997; x_wconf 92' lang='lat' dir='ltr'><strong>uati</strong></span> <span class='ocrx_word' id='word_1_515' title='bbox 916 3952 1041 3997; x_wconf 87' lang='lat' dir='ltr'><strong>sunt</strong></span> <span class='ocrx_word' id='word_1_516' title='bbox 1080 3942 1197 4004; x_wconf 80' lang='lat' dir='ltr'><strong>lilii,</strong></span> <span class='ocrx_word' id='word_1_517' title='bbox 1229 3957 1364 4011; x_wconf 86' lang='lat' dir='ltr'><strong>quos</strong></span> <span class='ocrx_word' id='word_1_518' title='bbox 1390 3941 1680 3995; x_wconf 89' lang='lat' dir='ltr'><strong>Dioscuros</strong></span> <span class='ocrx_word' id='word_1_519' title='bbox 1712 3949 1766 3993; x_wconf 90' lang='lat' dir='ltr'>et</span> <span class='ocrx_word' id='word_1_520' title='bbox 1795 3938 2020 3992; x_wconf 91' lang='lat' dir='ltr'><strong>Cabiros</strong></span> <span class='ocrx_word' id='word_1_521' title='bbox 2064 3939 2337 4003; x_wconf 89' lang='lat' dir='ltr'><strong>interpre-</strong></span> 
     </span>
    </p>
   </div>
   <div class='ocr_carea' id='block_1_69' title="bbox 766 4029 2339 4097">
    <p class='ocr_par' dir='ltr' id='par_1_69' title="bbox 766 4029 2339 4097">
     <span class='ocr_line' id='line_1_69' title="bbox 766 4029 2339 4097; baseline -0.006 -10"><span class='ocrx_word' id='word_1_522' title='bbox 766 4044 968 4088; x_wconf 87' lang='lat' dir='ltr'><strong>tantur.</strong></span> <span class='ocrx_word' id='word_1_523' title='bbox 1005 4035 1244 4089; x_wconf 86' lang='lat' dir='ltr'><strong>Octavus</strong></span> <span class='ocrx_word' id='word_1_524' title='bbox 1274 4043 1431 4087; x_wconf 88' lang='lat' dir='ltr'><strong>natus</strong></span> <span class='ocrx_word' id='word_1_525' title='bbox 1453 4043 1535 4086; x_wconf 91' lang='lat' dir='ltr'>est</span> <span class='ocrx_word' id='word_1_526' title='bbox 1567 4032 1861 4097; x_wconf 87' lang='lat' dir='ltr'><strong>Esmuuus,</strong></span> <span class='ocrx_word' id='word_1_527' title='bbox 1893 4045 2052 4097; x_wconf 84' lang='lat' dir='ltr'><strong>quem</strong></span> <span class='ocrx_word' id='word_1_528' title='bbox 2088 4029 2339 4083; x_wconf 66' lang='lat' dir='ltr'><strong>Escula-</strong></span> 
     </span>
    </p>
   </div>
   <div class='ocr_carea' id='block_1_70' title="bbox 766 4121 2340 4197">
    <p class='ocr_par' dir='ltr' id='par_1_70' title="bbox 766 4121 2340 4197">
     <span class='ocr_line' id='line_1_70' title="bbox 766 4121 2340 4197; baseline -0.003 -22"><span class='ocrx_word' id='word_1_529' title='bbox 766 4128 911 4195; x_wconf 74' lang='lat' dir='ltr'><strong>pium</strong></span> <span class='ocrx_word' id='word_1_530' title='bbox 982 4131 1432 4197; x_wconf 86' lang='lat' dir='ltr'><strong>interpretantur.</strong></span> <span class='ocrx_word' id='word_1_531' title='bbox 1485 4122 1585 4177; x_wconf 80' lang='lat' dir='ltr'>Hic</span> <span class='ocrx_word' id='word_1_532' title='bbox 1639 4122 1757 4176; x_wconf 87' lang='lat' dir='ltr'><strong>visu</strong></span> <span class='ocrx_word' id='word_1_533' title='bbox 1802 4121 2228 4190; x_wconf 90' lang='lat' dir='ltr'><strong>pulcherrimus,</strong></span> <span class='ocrx_word' id='word_1_534' title='bbox 2285 4127 2340 4172; x_wconf 90' lang='lat' dir='ltr'>et</span> 
     </span>
    </p>
   </div>
   <div class='ocr_carea' id='block_1_71' title="bbox 762 4213 2329 4290">
    <p class='ocr_par' dir='ltr' id='par_1_71' title="bbox 762 4213 2329 4290">
     <span class='ocr_line' id='line_1_71' title="bbox 762 4213 2329 4290; baseline -0.01 -13"><span class='ocrx_word' id='word_1_535' title='bbox 762 4224 1000 4289; x_wconf 84' lang='lat' dir='ltr'><strong>juvenis,</strong></span> <span class='ocrx_word' id='word_1_536' title='bbox 1038 4222 1128 4290; x_wconf 91' lang='lat' dir='ltr'>qui</span> <span class='ocrx_word' id='word_1_537' title='bbox 1156 4220 1306 4273; x_wconf 82' lang='lat' dir='ltr'><strong>visus</strong></span> <span class='ocrx_word' id='word_1_538' title='bbox 1346 4216 1764 4270; x_wconf 91' lang='lat' dir='ltr'><strong>admirationem</strong></span> <span class='ocrx_word' id='word_1_539' title='bbox 1813 4213 2104 4274; x_wconf 82' lang='lat' dir='ltr'><strong>excitaret,</strong></span> <span class='ocrx_word' id='word_1_540' title='bbox 2144 4225 2329 4278; x_wconf 90' lang='lat' dir='ltr'><strong>quem,</strong></span> 
     </span>
    </p>
   </div>
   <div class='ocr_carea' id='block_1_72' title="bbox 768 4303 2336 4377">
    <p class='ocr_par' dir='ltr' id='par_1_72' title="bbox 768 4303 2336 4377">
     <span class='ocr_line' id='line_1_72' title="bbox 768 4303 2336 4377; baseline -0.011 -9"><span class='ocrx_word' id='word_1_541' title='bbox 768 4326 825 4369; x_wconf 89' lang='lat' dir='ltr'>ut</span> <span class='ocrx_word' id='word_1_542' title='bbox 862 4316 936 4368; x_wconf 87' lang='lat' dir='ltr'>ait</span> <span class='ocrx_word' id='word_1_543' title='bbox 963 4312 1167 4377; x_wconf 80' lang='lat' dir='ltr'><strong>fabula,</strong></span> <span class='ocrx_word' id='word_1_544' title='bbox 1208 4310 1476 4363; x_wconf 77' lang='lat' dir='ltr'><strong>Astronoe</strong></span> <span class='ocrx_word' id='word_1_545' title='bbox 1505 4306 1599 4358; x_wconf 86' lang='lat' dir='ltr'>dea</span> <span class='ocrx_word' id='word_1_546' title='bbox 1636 4303 1917 4356; x_wconf 60' lang='lat' dir='ltr'><strong>Phoenissa</strong></span> <span class='ocrx_word' id='word_1_547' title='bbox 1965 4312 2138 4355; x_wconf 90' lang='lat' dir='ltr'><strong>mater</strong></span> <span class='ocrx_word' id='word_1_548' title='bbox 2179 4304 2336 4353; x_wconf 89' lang='lat' dir='ltr'><strong>deum</strong></span> 
     </span>
    </p>
   </div>
   <div class='ocr_carea' id='block_1_73' title="bbox 768 4391 2340 4465">
    <p class='ocr_par' dir='ltr' id='par_1_73' title="bbox 768 4391 2340 4465">
     <span class='ocr_line' id='line_1_73' title="bbox 768 4391 2340 4465; baseline -0.01 -6"><span class='ocrx_word' id='word_1_549' title='bbox 768 4403 1063 4459; x_wconf 88' lang='lat' dir='ltr'><strong>adamavit.</strong></span> <span class='ocrx_word' id='word_1_550' title='bbox 1122 4398 1437 4465; x_wconf 89' lang='lat' dir='ltr'><strong>Solitusque</strong></span> <span class='ocrx_word' id='word_1_551' title='bbox 1482 4397 1536 4449; x_wconf 92' lang='lat' dir='ltr'>iu</span> <span class='ocrx_word' id='word_1_552' title='bbox 1566 4395 1797 4448; x_wconf 86' lang='lat' dir='ltr'><strong>saltibus</strong></span> <span class='ocrx_word' id='word_1_553' title='bbox 1836 4394 2053 4455; x_wconf 84' lang='lat' dir='ltr'><strong>venari,</strong></span> <span class='ocrx_word' id='word_1_554' title='bbox 2108 4402 2167 4445; x_wconf 93' lang='lat' dir='ltr'>ut</span> <span class='ocrx_word' id='word_1_555' title='bbox 2208 4391 2340 4443; x_wconf 88' lang='lat' dir='ltr'><strong>vidit</strong></span> 
     </span>
    </p>
   </div>
   <div class='ocr_carea' id='block_1_74' title="bbox 2432 3305 4013 3373">
    <p class='ocr_par' dir='ltr' id='par_1_74' title="bbox 2432 3305 4013 3373">
     <span class='ocr_line' id='line_1_74' title="bbox 2432 3305 4013 3373; baseline 0.003 -20"><span class='ocrx_word' id='word_1_556' title='bbox 2432 3306 2537 3373; x_wconf 78' lang='grc' dir='ltr'>κῆς</span> <span class='ocrx_word' id='word_1_557' title='bbox 2605 3305 2788 3357; x_wconf 83' lang='grc' dir='ltr'>εἵνεκα</span> <span class='ocrx_word' id='word_1_558' title='bbox 2810 3306 2855 3336; x_wconf 82' lang='grc'><strong>⁷⁸</strong></span> <span class='ocrx_word' id='word_1_559' title='bbox 2880 3305 3258 3372; x_wconf 78' lang='grc' dir='ltr'>παρασκευῆς,</span> <span class='ocrx_word' id='word_1_560' title='bbox 3287 3308 3385 3373; x_wconf 79' lang='grc' dir='ltr'>τῆς</span> <span class='ocrx_word' id='word_1_561' title='bbox 3412 3322 3468 3355; x_wconf 88' lang='grc' dir='ltr'>τε</span> <span class='ocrx_word' id='word_1_562' title='bbox 3491 3305 3877 3372; x_wconf 79' lang='grc' dir='ltr'>διδασκαλικῆς</span> <span class='ocrx_word' id='word_1_563' title='bbox 3922 3306 4013 3357; x_wconf 78' lang='grc' dir='ltr'>καὶ</span> 
     </span>
    </p>
   </div>
   <div class='ocr_carea' id='block_1_75' title="bbox 2432 3393 4010 3464">
    <p class='ocr_par' dir='ltr' id='par_1_75' title="bbox 2432 3393 4010 3464">
     <span class='ocr_line' id='line_1_75' title="bbox 2432 3393 4010 3464; baseline -0.001 -17"><span class='ocrx_word' id='word_1_564' title='bbox 2432 3397 2531 3464; x_wconf 78' lang='grc' dir='ltr'>τῆς</span> <span class='ocrx_word' id='word_1_565' title='bbox 2588 3396 2891 3464; x_wconf 80' lang='grc' dir='ltr'>ὲργάτιδος,</span> <span class='ocrx_word' id='word_1_566' title='bbox 2953 3395 3087 3447; x_wconf 80' lang='grc' dir='ltr'>ἀλλὰ</span> <span class='ocrx_word' id='word_1_567' title='bbox 3131 3396 3226 3446; x_wconf 80' lang='grc' dir='ltr'>καὶ</span> <span class='ocrx_word' id='word_1_568' title='bbox 3260 3395 3357 3463; x_wconf 76' lang='grc' dir='ltr'>τῆς</span> <span class='ocrx_word' id='word_1_569' title='bbox 3402 3393 3565 3462; x_wconf 83' lang='grc' dir='ltr'>ἄλλης</span> <span class='ocrx_word' id='word_1_570' title='bbox 3598 3394 3781 3462; x_wconf 79' lang='grc' dir='ltr'>πάσης</span> <span class='ocrx_word' id='word_1_571' title='bbox 3810 3395 3855 3423; x_wconf 85' lang='lat'>&quot;</span> <span class='ocrx_word' id='word_1_572' title='bbox 3885 3411 4010 3446; x_wconf 83' lang='grc' dir='ltr'>παι-</span> 
     </span>
    </p>
   </div>
   <div class='ocr_carea' id='block_1_76' title="bbox 2436 3484 4009 3553">
    <p class='ocr_par' dir='ltr' id='par_1_76' title="bbox 2436 3484 4009 3553">
     <span class='ocr_line' id='line_1_76' title="bbox 2436 3484 4009 3553; baseline -0.003 -15"><span class='ocrx_word' id='word_1_573' title='bbox 2436 3487 2603 3548; x_wconf 89' lang='grc' dir='ltr'>δείας.</span> <span class='ocrx_word' id='word_1_574' title='bbox 2624 3486 2997 3545; x_wconf 80' lang='grc' dir='ltr'>Διαλεκτικαῖς</span> <span class='ocrx_word' id='word_1_575' title='bbox 3030 3485 3336 3545; x_wconf 77' lang='grc' dir='ltr'>συνουσίαις</span> <span class='ocrx_word' id='word_1_576' title='bbox 3366 3484 3661 3553; x_wconf 79' lang='grc' dir='ltr'>ἀρδόμενος</span> <span class='ocrx_word' id='word_1_577' title='bbox 3686 3485 3784 3552; x_wconf 79' lang='grc' dir='ltr'>τὴν</span> <span class='ocrx_word' id='word_1_578' title='bbox 3811 3484 4009 3551; x_wconf 72' lang='grc' dir='ltr'>ψυχήν.</span> 
     </span>
    </p>
   </div>
   <div class='ocr_carea' id='block_1_77' title="bbox 2438 3576 4014 3645">
    <p class='ocr_par' dir='ltr' id='par_1_77' title="bbox 2438 3576 4014 3645">
     <span class='ocr_line' id='line_1_77' title="bbox 2438 3576 4014 3645; baseline -0.001 -17"><span class='ocrx_word' id='word_1_579' title='bbox 2438 3578 2562 3629; x_wconf 81' lang='grc' dir='ltr'>’Ότι</span> <span class='ocrx_word' id='word_1_580' title='bbox 2588 3576 2974 3645; x_wconf 69' lang='grc' dir='ltr'>ἁγαγομένῳη</span> <span class='ocrx_word' id='word_1_581' title='bbox 3012 3576 3262 3643; x_wconf 83' lang='grc' dir='ltr'>Ἰσιδώρῳ</span> <span class='ocrx_word' id='word_1_582' title='bbox 3288 3576 3496 3641; x_wconf 74' lang='grc' dir='ltr'>Δὸμναν</span> <span class='ocrx_word' id='word_1_583' title='bbox 3519 3577 3752 3641; x_wconf 86' lang='grc' dir='ltr'>γυναῖκα</span> <span class='ocrx_word' id='word_1_584' title='bbox 3771 3576 4014 3627; x_wconf 85' lang='grc' dir='ltr'>τίκτεται</span> 
     </span>
    </p>
   </div>
   <div class='ocr_carea' id='block_1_78' title="bbox 2440 3666 4016 3735">
    <p class='ocr_par' dir='ltr' id='par_1_78' title="bbox 2440 3666 4016 3735">
     <span class='ocr_line' id='line_1_78' title="bbox 2440 3666 4016 3735; baseline -0.001 -16"><span class='ocrx_word' id='word_1_585' title='bbox 2440 3667 2588 3735; x_wconf 84' lang='grc' dir='ltr'>αὐτῷ</span> <span class='ocrx_word' id='word_1_586' title='bbox 2640 3670 2769 3727; x_wconf 82' lang='grc' dir='ltr'>παῖς</span> <span class='ocrx_word' id='word_1_587' title='bbox 2816 3667 2875 3729; x_wconf 77' lang='grc' dir='ltr'>ἐξ</span> <span class='ocrx_word' id='word_1_588' title='bbox 2934 3666 3121 3732; x_wconf 70' lang='grc' dir='ltr'>αὐτῆς·</span> <span class='ocrx_word' id='word_1_589' title='bbox 3161 3667 3402 3734; x_wconf 73' lang='grc' dir='ltr'>Πρόκλον</span> <span class='ocrx_word' id='word_1_590' title='bbox 3426 3668 3472 3697; x_wconf 73' lang='grc' dir='ltr'>τ’</span> <span class='ocrx_word' id='word_1_591' title='bbox 3511 3667 3570 3717; x_wconf 88' lang='grc' dir='ltr'>τὸ</span> <span class='ocrx_word' id='word_1_592' title='bbox 3630 3667 3847 3717; x_wconf 79' lang='grc' dir='ltr'>παιδίον</span> <span class='ocrx_word' id='word_1_593' title='bbox 3920 3669 4016 3718; x_wconf 74' lang='grc' dir='ltr'>επ-</span> 
     </span>
    </p>
   </div>
   <div class='ocr_carea' id='block_1_79' title="bbox 2438 3754 4016 3824">
    <p class='ocr_par' dir='ltr' id='par_1_79' title="bbox 2438 3754 4016 3824">
     <span class='ocr_line' id='line_1_79' title="bbox 2438 3754 4016 3824; baseline -0.001 -16"><span class='ocrx_word' id='word_1_594' title='bbox 2438 3758 2687 3824; x_wconf 83' lang='grc' dir='ltr'>ωνόμασε</span> <span class='ocrx_word' id='word_1_595' title='bbox 2710 3756 2774 3807; x_wconf 81' lang='grc'>⁸⁸.</span> <span class='ocrx_word' id='word_1_596' title='bbox 2812 3756 2921 3807; x_wconf 74' lang='grc' dir='ltr'>Καὶ</span> <span class='ocrx_word' id='word_1_597' title='bbox 2951 3758 2982 3824; x_wconf 85' lang='grc' dir='ltr'><strong>ή</strong></span> <span class='ocrx_word' id='word_1_598' title='bbox 3040 3755 3219 3824; x_wconf 90' lang='grc' dir='ltr'>Δόμνα</span> <span class='ocrx_word' id='word_1_599' title='bbox 3251 3756 3343 3805; x_wconf 71' lang='grc' dir='ltr'>ἐπὶ</span> <span class='ocrx_word' id='word_1_600' title='bbox 3396 3772 3459 3821; x_wconf 88' lang='grc' dir='ltr'>γε</span> <span class='ocrx_word' id='word_1_601' title='bbox 3504 3754 3581 3823; x_wconf 84' lang='grc' dir='ltr'>τῷ</span> <span class='ocrx_word' id='word_1_602' title='bbox 3605 3756 3647 3786; x_wconf 79' lang='grc'><strong><em>⁸⁸</em></strong></span> <span class='ocrx_word' id='word_1_603' title='bbox 3698 3758 3842 3823; x_wconf 75' lang='grc' dir='ltr'>τόκῳ</span> <span class='ocrx_word' id='word_1_604' title='bbox 3876 3756 4016 3824; x_wconf 83' lang='grc' dir='ltr'>πέμ-</span> 
     </span>
    </p>
   </div>
   <div class='ocr_carea' id='block_1_80' title="bbox 2440 3844 4015 3915">
    <p class='ocr_par' dir='ltr' id='par_1_80' title="bbox 2440 3844 4015 3915">
     <span class='ocr_line' id='line_1_80' title="bbox 2440 3844 4015 3915; baseline 0.001 -18"><span class='ocrx_word' id='word_1_605' title='bbox 2440 3864 2547 3915; x_wconf 82' lang='grc' dir='ltr'>πτῃ</span> <span class='ocrx_word' id='word_1_606' title='bbox 2576 3844 2623 3877; x_wconf 77' lang='grc'>⁸⁸</span> <span class='ocrx_word' id='word_1_607' title='bbox 2676 3846 2899 3915; x_wconf 79' lang='grc' dir='ltr'>ὕστερον</span> <span class='ocrx_word' id='word_1_608' title='bbox 2952 3845 3134 3915; x_wconf 73' lang='grc' dir='ltr'>ἡμέρᾳ</span> <span class='ocrx_word' id='word_1_609' title='bbox 3184 3844 3536 3911; x_wconf 73' lang='grc' dir='ltr'>ἀποθνήσκει,</span> <span class='ocrx_word' id='word_1_610' title='bbox 3596 3844 3765 3897; x_wconf 87' lang='grc' dir='ltr'>κακοῦ</span> <span class='ocrx_word' id='word_1_611' title='bbox 3828 3846 4015 3913; x_wconf 79' lang='grc' dir='ltr'>θηρίου</span> 
     </span>
    </p>
   </div>
   <div class='ocr_carea' id='block_1_81' title="bbox 2442 3933 4014 4007">
    <p class='ocr_par' dir='ltr' id='par_1_81' title="bbox 2442 3933 4014 4007">
     <span class='ocr_line' id='line_1_81' title="bbox 2442 3933 4014 4007; baseline -0.004 -16"><span class='ocrx_word' id='word_1_612' title='bbox 2442 3940 2535 3991; x_wconf 77' lang='grc' dir='ltr'>καὶ</span> <span class='ocrx_word' id='word_1_613' title='bbox 2565 3937 2764 4007; x_wconf 85' lang='grc' dir='ltr'>πικροῦ</span> <span class='ocrx_word' id='word_1_614' title='bbox 2828 3937 3166 3988; x_wconf 80' lang='grc' dir='ltr'>συνοικεσίου</span> <span class='ocrx_word' id='word_1_615' title='bbox 3221 3935 3637 4005; x_wconf 79' lang='grc' dir='ltr'>ἐλευθερώσασα</span> <span class='ocrx_word' id='word_1_616' title='bbox 3666 3935 3758 3985; x_wconf 80' lang='grc' dir='ltr'>τὸν</span> <span class='ocrx_word' id='word_1_617' title='bbox 3798 3933 4014 4000; x_wconf 80' lang='grc' dir='ltr'>φιλόσο-</span> 
     </span>
    </p>
   </div>
   <div class='ocr_carea' id='block_1_82' title="bbox 2443 4026 4018 4098">
    <p class='ocr_par' dir='ltr' id='par_1_82' title="bbox 2443 4026 4018 4098">
     <span class='ocr_line' id='line_1_82' title="bbox 2443 4026 4018 4098; baseline -0.004 -17"><span class='ocrx_word' id='word_1_618' title='bbox 2443 4047 2539 4098; x_wconf 84' lang='grc' dir='ltr'>φον</span> <span class='ocrx_word' id='word_1_619' title='bbox 2572 4030 2789 4094; x_wconf 78' lang='grc' dir='ltr'>ἑαυτῆς.</span> <span class='ocrx_word' id='word_1_620' title='bbox 2828 4028 2951 4079; x_wconf 82' lang='grc' dir='ltr'>Ὅτι</span> <span class='ocrx_word' id='word_1_621' title='bbox 2988 4028 3017 4077; x_wconf 86' lang='grc' dir='ltr'>ό</span> <span class='ocrx_word' id='word_1_622' title='bbox 3046 4030 3101 4078; x_wconf 81' lang='grc' dir='ltr'>ὲν</span> <span class='ocrx_word' id='word_1_623' title='bbox 3134 4026 3385 4095; x_wconf 83' lang='grc' dir='ltr'>Βηρυτῷ,</span> <span class='ocrx_word' id='word_1_624' title='bbox 3423 4027 3613 4095; x_wconf 76' lang='grc' dir='ltr'>φησὶν,</span> <span class='ocrx_word' id='word_1_625' title='bbox 3688 4026 4018 4091; x_wconf 75' lang='grc' dir='ltr'>Ἀσκληπιὸς</span> 
     </span>
    </p>
   </div>
   <div class='ocr_carea' id='block_1_83' title="bbox 2443 4113 4017 4181">
    <p class='ocr_par' dir='ltr' id='par_1_83' title="bbox 2443 4113 4017 4181">
     <span class='ocr_line' id='line_1_83' title="bbox 2443 4113 4017 4181; baseline -0.001 -14"><span class='ocrx_word' id='word_1_626' title='bbox 2443 4116 2542 4167; x_wconf 75' lang='grc' dir='ltr'>οὐκ</span> <span class='ocrx_word' id='word_1_627' title='bbox 2582 4114 2726 4166; x_wconf 78' lang='grc' dir='ltr'>ἔστιν</span> <span class='ocrx_word' id='word_1_628' title='bbox 2764 4114 2964 4181; x_wconf 83' lang='grc' dir='ltr'>’Έλλην</span> <span class='ocrx_word' id='word_1_629' title='bbox 3012 4113 3132 4165; x_wconf 75' lang='grc' dir='ltr'>οὐδὲ</span> <span class='ocrx_word' id='word_1_630' title='bbox 3189 4113 3507 4179; x_wconf 72' lang='grc' dir='ltr'>Αἰγύπτιος,</span> <span class='ocrx_word' id='word_1_631' title='bbox 3540 4113 3675 4166; x_wconf 72' lang='grc' dir='ltr'>ἀλλὰ</span> <span class='ocrx_word' id='word_1_632' title='bbox 3701 4130 3784 4175; x_wconf 86' lang='grc' dir='ltr'>τις</span> <span class='ocrx_word' id='word_1_633' title='bbox 3816 4113 4017 4181; x_wconf 80' lang='grc' dir='ltr'>ἑπιχὼ-</span> 
     </span>
    </p>
   </div>
   <div class='ocr_carea' id='block_1_84' title="bbox 2445 4202 4019 4275">
    <p class='ocr_par' dir='ltr' id='par_1_84' title="bbox 2445 4202 4019 4275">
     <span class='ocr_line' id='line_1_84' title="bbox 2445 4202 4019 4275; baseline -0.001 -18"><span class='ocrx_word' id='word_1_634' title='bbox 2445 4222 2560 4275; x_wconf 88' lang='grc' dir='ltr'>ριος</span> <span class='ocrx_word' id='word_1_635' title='bbox 2619 4205 2816 4267; x_wconf 82' lang='grc' dir='ltr'>Φοῖνιξ.</span> <span class='ocrx_word' id='word_1_636' title='bbox 2894 4203 3117 4272; x_wconf 82' lang='grc' dir='ltr'>Σαδύκῳ</span> <span class='ocrx_word' id='word_1_637' title='bbox 3170 4204 3277 4272; x_wconf 74' lang='grc' dir='ltr'>γὰρ</span> <span class='ocrx_word' id='word_1_638' title='bbox 3349 4203 3596 4267; x_wconf 81' lang='grc' dir='ltr'>ἐγένοντο</span> <span class='ocrx_word' id='word_1_639' title='bbox 3666 4204 3879 4265; x_wconf 85' lang='grc' dir='ltr'>παῖδες,</span> <span class='ocrx_word' id='word_1_640' title='bbox 3931 4202 4019 4265; x_wconf 85' lang='grc' dir='ltr'>οῦς</span> 
     </span>
    </p>
   </div>
   <div class='ocr_carea' id='block_1_85' title="bbox 2446 4294 4019 4363">
    <p class='ocr_par' dir='ltr' id='par_1_85' title="bbox 2446 4294 4019 4363">
     <span class='ocr_line' id='line_1_85' title="bbox 2446 4294 4019 4363; baseline -0.003 -16"><span class='ocrx_word' id='word_1_641' title='bbox 2446 4295 2802 4363; x_wconf 71' lang='grc' dir='ltr'>Διοσκούρους</span> <span class='ocrx_word' id='word_1_642' title='bbox 2838 4294 2882 4324; x_wconf 82' lang='grc'><strong>⁸⁸</strong></span> <span class='ocrx_word' id='word_1_643' title='bbox 2914 4294 3281 4363; x_wconf 77' lang='grc' dir='ltr'>έρμηνεύουαι</span> <span class='ocrx_word' id='word_1_644' title='bbox 3313 4294 3405 4343; x_wconf 78' lang='grc' dir='ltr'>καὶ</span> <span class='ocrx_word' id='word_1_645' title='bbox 3439 4294 3758 4361; x_wconf 80' lang='grc' dir='ltr'>Καϐείρους.</span> <span class='ocrx_word' id='word_1_646' title='bbox 3800 4295 4019 4359; x_wconf 77' lang='grc' dir='ltr'>Ὄγδοος</span> 
     </span>
    </p>
   </div>
   <div class='ocr_carea' id='block_1_86' title="bbox 2445 4383 4015 4452">
    <p class='ocr_par' dir='ltr' id='par_1_86' title="bbox 2445 4383 4015 4452">
     <span class='ocr_line' id='line_1_86' title="bbox 2445 4383 4015 4452; baseline -0.003 -15"><span class='ocrx_word' id='word_1_647' title='bbox 2445 4387 2501 4438; x_wconf 77' lang='grc' dir='ltr'>δὲ</span> <span class='ocrx_word' id='word_1_648' title='bbox 2563 4388 2777 4452; x_wconf 81' lang='grc' dir='ltr'>ἐγένετο</span> <span class='ocrx_word' id='word_1_649' title='bbox 2806 4385 2897 4436; x_wconf 71' lang='grc' dir='ltr'>ἐπὶ</span> <span class='ocrx_word' id='word_1_650' title='bbox 2931 4385 3139 4445; x_wconf 85' lang='grc' dir='ltr'>τούτοις</span> <span class='ocrx_word' id='word_1_651' title='bbox 3198 4385 3225 4435; x_wconf 84' lang='grc' dir='ltr'>ό</span> <span class='ocrx_word' id='word_1_652' title='bbox 3288 4384 3611 4451; x_wconf 81' lang='grc' dir='ltr'>Ἔσμουνος,</span> <span class='ocrx_word' id='word_1_653' title='bbox 3675 4384 3734 4434; x_wconf 81' lang='grc' dir='ltr'>ὃν</span> <span class='ocrx_word' id='word_1_654' title='bbox 3792 4383 4015 4450; x_wconf 83' lang='grc' dir='ltr'>’Λσκλη-</span> 
     </span>
    </p>
   </div>
   <div class='ocr_carea' id='block_1_87' title="bbox 770 4467 2431 4564">
    <p class='ocr_par' dir='ltr' id='par_1_87' title="bbox 770 4482 2423 4564">
     <span class='ocr_line' id='line_1_87' title="bbox 770 4482 2423 4564; baseline -0.008 -18"><span class='ocrx_word' id='word_1_655' title='bbox 770 4493 927 4546; x_wconf 89' lang='lat' dir='ltr'><strong>deam</strong></span> <span class='ocrx_word' id='word_1_656' title='bbox 956 4489 1056 4543; x_wconf 86' lang='lat' dir='ltr'><strong>sibi</strong></span> <span class='ocrx_word' id='word_1_657' title='bbox 1094 4488 1459 4549; x_wconf 88' lang='lat' dir='ltr'><strong>insidiantem,</strong></span> <span class='ocrx_word' id='word_1_658' title='bbox 1487 4493 1541 4537; x_wconf 86' lang='lat' dir='ltr'>et</span> <span class='ocrx_word' id='word_1_659' title='bbox 1567 4499 1625 4537; x_wconf 92' lang='lat' dir='ltr'>se</span> <span class='ocrx_word' id='word_1_660' title='bbox 1650 4485 1773 4537; x_wconf 91' lang='lat' dir='ltr'>dum</span> <span class='ocrx_word' id='word_1_661' title='bbox 1806 4482 2012 4552; x_wconf 82' lang='lat' dir='ltr'><strong>fugeret</strong></span> <span class='ocrx_word' id='word_1_662' title='bbox 2047 4483 2343 4549; x_wconf 88' lang='lat' dir='ltr'><strong>insequen-</strong></span> <span class='ocrx_word' id='word_1_663' title='bbox 2376 4505 2423 4564; x_wconf 73' lang='grc' dir='ltr'>υ</span> 
     </span>
    </p>
   </div>
   <div class='ocr_carea' id='block_1_88' title="bbox 2358 4467 4019 4564">
    <p class='ocr_par' dir='ltr' id='par_1_88' title="bbox 2376 4467 4019 4564">
     <span class='ocr_line' id='line_1_88' title="bbox 2376 4467 4019 4564; baseline -0.003 -36"><span class='ocrx_word' id='word_1_664' title='bbox 2376 4505 2423 4564; x_wconf 78' lang='lat' dir='ltr'><strong>D</strong></span> <span class='ocrx_word' id='word_1_665' title='bbox 2454 4477 2573 4528; x_wconf 83' lang='grc' dir='ltr'>πιὸν</span> <span class='ocrx_word' id='word_1_666' title='bbox 2614 4476 3024 4545; x_wconf 78' lang='grc' dir='ltr'>ἑρμηνεύουσιν.</span> <span class='ocrx_word' id='word_1_667' title='bbox 3065 4467 3232 4535; x_wconf 81' lang='grc' dir='ltr'>Οῦτος</span> <span class='ocrx_word' id='word_1_668' title='bbox 3289 4474 3572 4535; x_wconf 76' lang='grc' dir='ltr'>κάλλιστος</span> <span class='ocrx_word' id='word_1_669' title='bbox 3628 4472 3702 4524; x_wconf 87' lang='grc' dir='ltr'>ῶν</span> <span class='ocrx_word' id='word_1_670' title='bbox 3745 4474 3877 4525; x_wconf 86' lang='grc' dir='ltr'>θέαν</span> <span class='ocrx_word' id='word_1_671' title='bbox 3931 4474 4019 4523; x_wconf 79' lang='grc' dir='ltr'>καὶ</span> 
     </span>
    </p>
   </div>
   <div class='ocr_carea' id='block_1_89' title="bbox 771 4574 2341 4649">
    <p class='ocr_par' dir='ltr' id='par_1_89' title="bbox 771 4574 2341 4649">
     <span class='ocr_line' id='line_1_89' title="bbox 771 4574 2341 4649; baseline -0.01 -10"><span class='ocrx_word' id='word_1_672' title='bbox 771 4594 902 4649; x_wconf 92' lang='lat' dir='ltr'><strong>tem,</strong></span> <span class='ocrx_word' id='word_1_673' title='bbox 938 4580 1232 4649; x_wconf 66' lang='lat' dir='ltr'><strong>etiamjam</strong></span> <span class='ocrx_word' id='word_1_674' title='bbox 1300 4578 1836 4646; x_wconf 85' lang='lat' dir='ltr'><strong>comprehensuram,</strong></span> <span class='ocrx_word' id='word_1_675' title='bbox 1878 4576 2124 4641; x_wconf 88' lang='lat' dir='ltr'><strong>pudenda</strong></span> <span class='ocrx_word' id='word_1_676' title='bbox 2166 4574 2341 4625; x_wconf 83' lang='lat' dir='ltr'><strong>securi</strong></span> 
     </span>
    </p>
   </div>
   <div class='ocr_carea' id='block_1_90' title="bbox 773 4661 2343 4741">
    <p class='ocr_par' dir='ltr' id='par_1_90' title="bbox 773 4661 2343 4741">
     <span class='ocr_line' id='line_1_90' title="bbox 773 4661 2343 4741; baseline -0.008 -14"><span class='ocrx_word' id='word_1_677' title='bbox 773 4674 877 4727; x_wconf 87' lang='lat' dir='ltr'><strong>sibi</strong></span> <span class='ocrx_word' id='word_1_678' title='bbox 912 4680 1177 4741; x_wconf 88' lang='lat' dir='ltr'><strong>amputat.</strong></span> <span class='ocrx_word' id='word_1_679' title='bbox 1212 4668 1329 4737; x_wconf 87' lang='lat' dir='ltr'><strong>Ipsa</strong></span> <span class='ocrx_word' id='word_1_680' title='bbox 1357 4668 1458 4719; x_wconf 86' lang='lat' dir='ltr'>hoc</span> <span class='ocrx_word' id='word_1_681' title='bbox 1490 4681 1614 4718; x_wconf 89' lang='lat' dir='ltr'><strong>casu</strong></span> <span class='ocrx_word' id='word_1_682' title='bbox 1660 4665 1865 4725; x_wconf 82' lang='lat' dir='ltr'><strong>dolens,</strong></span> <span class='ocrx_word' id='word_1_683' title='bbox 1899 4672 1951 4715; x_wconf 90' lang='lat' dir='ltr'>et</span> <span class='ocrx_word' id='word_1_684' title='bbox 2000 4661 2195 4713; x_wconf 61' lang='lat' dir='ltr'><strong>Pmaua</strong></span> <span class='ocrx_word' id='word_1_685' title='bbox 2251 4676 2343 4715; x_wconf 90' lang='lat' dir='ltr'><strong>vo-</strong></span> 
     </span>
    </p>
   </div>
   <div class='ocr_carea' id='block_1_91' title="bbox 775 4753 2346 4831">
    <p class='ocr_par' dir='ltr' id='par_1_91' title="bbox 775 4753 2346 4831">
     <span class='ocr_line' id='line_1_91' title="bbox 775 4753 2346 4831; baseline -0.009 -13"><span class='ocrx_word' id='word_1_686' title='bbox 775 4779 905 4819; x_wconf 76' lang='lat' dir='ltr'><strong>rans</strong></span> <span class='ocrx_word' id='word_1_687' title='bbox 935 4763 1208 4831; x_wconf 84' lang='lat' dir='ltr'><strong>juvenem,</strong></span> <span class='ocrx_word' id='word_1_688' title='bbox 1245 4767 1547 4813; x_wconf 89' lang='lat' dir='ltr'><strong>recreatum</strong></span> <span class='ocrx_word' id='word_1_689' title='bbox 1579 4755 1722 4807; x_wconf 85' lang='lat' dir='ltr'><strong>vitali</strong></span> <span class='ocrx_word' id='word_1_690' title='bbox 1748 4753 1928 4807; x_wconf 86' lang='lat' dir='ltr'><strong>calore</strong></span> <span class='ocrx_word' id='word_1_691' title='bbox 1954 4756 2005 4804; x_wconf 92' lang='lat' dir='ltr'>in</span> <span class='ocrx_word' id='word_1_692' title='bbox 2048 4753 2176 4804; x_wconf 90' lang='lat' dir='ltr'><strong>deos</strong></span> <span class='ocrx_word' id='word_1_693' title='bbox 2195 4760 2346 4804; x_wconf 87' lang='lat' dir='ltr'><strong>retu-</strong></span> 
     </span>
    </p>
   </div>
   <div class='ocr_carea' id='block_1_92' title="bbox 776 4841 2341 4921">
    <p class='ocr_par' dir='ltr' id='par_1_92' title="bbox 776 4841 2341 4921">
     <span class='ocr_line' id='line_1_92' title="bbox 776 4841 2341 4921; baseline -0.01 -13"><span class='ocrx_word' id='word_1_694' title='bbox 776 4857 857 4921; x_wconf 91' lang='lat' dir='ltr'><strong>lit,</strong></span> <span class='ocrx_word' id='word_1_695' title='bbox 905 4869 933 4908; x_wconf 89' lang='lat' dir='ltr'>a</span> <span class='ocrx_word' id='word_1_696' title='bbox 968 4851 1315 4906; x_wconf 75' lang='lat' dir='ltr'><strong>thnicibus</strong></span> <span class='ocrx_word' id='word_1_697' title='bbox 1360 4850 1651 4900; x_wconf 86' lang='lat' dir='ltr'><strong>Esmunum</strong></span> <span class='ocrx_word' id='word_1_698' title='bbox 1709 4854 1959 4895; x_wconf 89' lang='lat' dir='ltr'><strong>vocatum</strong></span> <span class='ocrx_word' id='word_1_699' title='bbox 1995 4844 2063 4893; x_wconf 87' lang='lat' dir='ltr'>oh</span> <span class='ocrx_word' id='word_1_700' title='bbox 2101 4841 2341 4894; x_wconf 89' lang='lat' dir='ltr'><strong>calorem</strong></span> 
     </span>
    </p>
   </div>
   <div class='ocr_carea' id='block_1_93' title="bbox 775 4932 2337 5007">
    <p class='ocr_par' dir='ltr' id='par_1_93' title="bbox 775 4932 2337 5007">
     <span class='ocr_line' id='line_1_93' title="bbox 775 4932 2337 5007; baseline -0.01 -12"><span class='ocrx_word' id='word_1_701' title='bbox 775 4947 917 4997; x_wconf 69' lang='lat' dir='ltr'><strong>vitaz.</strong></span> <span class='ocrx_word' id='word_1_702' title='bbox 960 4943 1063 4995; x_wconf 84' lang='lat' dir='ltr'><strong>Alii</strong></span> <span class='ocrx_word' id='word_1_703' title='bbox 1110 4942 1400 5007; x_wconf 77' lang='lat' dir='ltr'><strong>dignantur</strong></span> <span class='ocrx_word' id='word_1_704' title='bbox 1428 4936 1720 4988; x_wconf 83' lang='lat' dir='ltr'><strong>Esmunum</strong></span> <span class='ocrx_word' id='word_1_705' title='bbox 1767 4943 2019 4984; x_wconf 85' lang='lat' dir='ltr'><strong>octavum</strong></span> <span class='ocrx_word' id='word_1_706' title='bbox 2075 4932 2337 4997; x_wconf 87' lang='lat' dir='ltr'><strong>interpre-</strong></span> 
     </span>
    </p>
   </div>
   <div class='ocr_carea' id='block_1_94' title="bbox 778 5022 2340 5089">
    <p class='ocr_par' dir='ltr' id='par_1_94' title="bbox 778 5022 2340 5089">
     <span class='ocr_line' id='line_1_94' title="bbox 778 5022 2340 5089; baseline -0.009 -2"><span class='ocrx_word' id='word_1_707' title='bbox 778 5035 901 5087; x_wconf 81' lang='lat' dir='ltr'><strong>tari.</strong></span> <span class='ocrx_word' id='word_1_708' title='bbox 934 5033 1171 5087; x_wconf 81' lang='lat' dir='ltr'><strong>Octavus</strong></span> <span class='ocrx_word' id='word_1_709' title='bbox 1205 5031 1347 5083; x_wconf 83' lang='lat' dir='ltr'><strong>lilitts</strong></span> <span class='ocrx_word' id='word_1_710' title='bbox 1374 5026 1587 5080; x_wconf 79' lang='lat' dir='ltr'><strong>Suduco</strong></span> <span class='ocrx_word' id='word_1_711' title='bbox 1617 5034 1752 5085; x_wconf 74' lang='lat' dir='ltr'><strong>erat,</strong></span> <span class='ocrx_word' id='word_1_712' title='bbox 1796 5024 1883 5089; x_wconf 77' lang='lat' dir='ltr'>qui</span> <span class='ocrx_word' id='word_1_713' title='bbox 1934 5023 1985 5072; x_wconf 89' lang='lat' dir='ltr'>iu</span> <span class='ocrx_word' id='word_1_714' title='bbox 2043 5022 2225 5074; x_wconf 83' lang='lat' dir='ltr'><strong>densis</strong></span> <span class='ocrx_word' id='word_1_715' title='bbox 2258 5031 2340 5073; x_wconf 84' lang='lat' dir='ltr'><strong>te-</strong></span> 
     </span>
    </p>
   </div>
   <div class='ocr_carea' id='block_1_95' title="bbox 778 5115 2347 5195">
    <p class='ocr_par' dir='ltr' id='par_1_95' title="bbox 778 5115 2347 5195">
     <span class='ocr_line' id='line_1_95' title="bbox 778 5115 2347 5195; baseline -0.013 -13"><span class='ocrx_word' id='word_1_716' title='bbox 778 5130 961 5184; x_wconf 86' lang='lat' dir='ltr'><strong>nebris</strong></span> <span class='ocrx_word' id='word_1_717' title='bbox 987 5140 1233 5195; x_wconf 84' lang='lat' dir='ltr'><strong>magnam</strong></span> <span class='ocrx_word' id='word_1_718' title='bbox 1268 5124 1441 5176; x_wconf 86' lang='lat' dir='ltr'><strong>lucem</strong></span> <span class='ocrx_word' id='word_1_719' title='bbox 1483 5118 1748 5172; x_wconf 88' lang='lat' dir='ltr'><strong>accendit.</strong></span> <span class='ocrx_word' id='word_1_720' title='bbox 1790 5115 1937 5169; x_wconf 74' lang='lat' dir='ltr'><strong>lianc</strong></span> <span class='ocrx_word' id='word_1_721' title='bbox 1966 5116 2183 5184; x_wconf 86' lang='lat' dir='ltr'><strong>juvenis</strong></span> <span class='ocrx_word' id='word_1_722' title='bbox 2221 5128 2347 5166; x_wconf 77' lang='lat' dir='ltr'><strong>ora-</strong></span> 
     </span>
    </p>
   </div>
   <div class='ocr_carea' id='block_1_96' title="bbox 778 5199 2348 5281">
    <p class='ocr_par' dir='ltr' id='par_1_96' title="bbox 778 5199 2348 5281">
     <span class='ocr_line' id='line_1_96' title="bbox 778 5199 2348 5281; baseline -0.013 -9"><span class='ocrx_word' id='word_1_723' title='bbox 778 5222 977 5272; x_wconf 86' lang='lat' dir='ltr'><strong>tionem</strong></span> <span class='ocrx_word' id='word_1_724' title='bbox 1002 5220 1327 5281; x_wconf 82' lang='lat' dir='ltr'><strong>exceperunt</strong></span> <span class='ocrx_word' id='word_1_725' title='bbox 1364 5216 1416 5260; x_wconf 87' lang='lat' dir='ltr'>et</span> <span class='ocrx_word' id='word_1_726' title='bbox 1440 5207 1595 5259; x_wconf 78' lang='lat' dir='ltr'><strong>valde</strong></span> <span class='ocrx_word' id='word_1_727' title='bbox 1614 5204 1864 5257; x_wconf 89' lang='lat' dir='ltr'><strong>admirati</strong></span> <span class='ocrx_word' id='word_1_728' title='bbox 1892 5212 2016 5255; x_wconf 90' lang='lat' dir='ltr'><strong>sunt</strong></span> <span class='ocrx_word' id='word_1_729' title='bbox 2043 5199 2348 5253; x_wconf 82' lang='lat' dir='ltr'><strong>Mariuiani.</strong></span> 
     </span>
    </p>
   </div>
   <div class='ocr_carea' id='block_1_97' title="bbox 2449 4562 4020 4631">
    <p class='ocr_par' dir='ltr' id='par_1_97' title="bbox 2449 4562 4020 4631">
     <span class='ocr_line' id='line_1_97' title="bbox 2449 4562 4020 4631; baseline -0.003 -13"><span class='ocrx_word' id='word_1_730' title='bbox 2449 4567 2666 4627; x_wconf 79' lang='grc' dir='ltr'>νεανίας</span> <span class='ocrx_word' id='word_1_731' title='bbox 2728 4565 2855 4616; x_wconf 83' lang='grc' dir='ltr'>ίδεῐν</span> <span class='ocrx_word' id='word_1_732' title='bbox 2924 4564 3273 4630; x_wconf 81' lang='grc' dir='ltr'>ἁξιάγαστος,</span> <span class='ocrx_word' id='word_1_733' title='bbox 3325 4562 3597 4631; x_wconf 83' lang='grc' dir='ltr'>ἐρώμενος</span> <span class='ocrx_word' id='word_1_734' title='bbox 3654 4564 3901 4628; x_wconf 83' lang='grc' dir='ltr'>γέγονεν,</span> <span class='ocrx_word' id='word_1_735' title='bbox 3950 4563 4020 4623; x_wconf 85' lang='grc' dir='ltr'>ῶς</span> 
     </span>
    </p>
   </div>
   <div class='ocr_carea' id='block_1_98' title="bbox 2451 4649 4022 4724">
    <p class='ocr_par' dir='ltr' id='par_1_98' title="bbox 2451 4649 4022 4724">
     <span class='ocr_line' id='line_1_98' title="bbox 2451 4649 4022 4724; baseline -0.006 -18"><span class='ocrx_word' id='word_1_736' title='bbox 2451 4674 2613 4724; x_wconf 70' lang='grc' dir='ltr'>φησιν</span> <span class='ocrx_word' id='word_1_737' title='bbox 2664 4655 2692 4704; x_wconf 87' lang='grc' dir='ltr'>ὁ</span> <span class='ocrx_word' id='word_1_738' title='bbox 2748 4653 2936 4721; x_wconf 84' lang='grc' dir='ltr'>μῦθος,</span> <span class='ocrx_word' id='word_1_739' title='bbox 3008 4652 3329 4721; x_wconf 83' lang='grc' dir='ltr'>Ἀστρονόης</span> <span class='ocrx_word' id='word_1_740' title='bbox 3388 4649 3510 4701; x_wconf 87' lang='grc' dir='ltr'>θεοῦ</span> <span class='ocrx_word' id='word_1_741' title='bbox 3569 4650 3880 4717; x_wconf 80' lang='grc' dir='ltr'>Φοινίσσης,</span> <span class='ocrx_word' id='word_1_742' title='bbox 3932 4666 4022 4716; x_wconf 65' lang='grc' dir='ltr'>μη.</span> 
     </span>
    </p>
   </div>
   <div class='ocr_carea' id='block_1_99' title="bbox 2451 4740 4013 4815">
    <p class='ocr_par' dir='ltr' id='par_1_99' title="bbox 2451 4740 4013 4815">
     <span class='ocr_line' id='line_1_99' title="bbox 2451 4740 4013 4815; baseline -0.004 -17"><span class='ocrx_word' id='word_1_743' title='bbox 2451 4748 2577 4815; x_wconf 59' lang='grc' dir='ltr'>τρὶς</span> <span class='ocrx_word' id='word_1_744' title='bbox 2600 4745 2755 4796; x_wconf 86' lang='grc' dir='ltr'>θεῶν.</span> <span class='ocrx_word' id='word_1_745' title='bbox 2798 4742 3014 4803; x_wconf 85' lang='grc' dir='ltr'>Εἰωθὼς</span> <span class='ocrx_word' id='word_1_746' title='bbox 3040 4760 3097 4794; x_wconf 87' lang='grc' dir='ltr'>τε</span> <span class='ocrx_word' id='word_1_747' title='bbox 3126 4745 3443 4810; x_wconf 83' lang='grc' dir='ltr'>κυνηγετεῖν</span> <span class='ocrx_word' id='word_1_748' title='bbox 3494 4743 3550 4791; x_wconf 83' lang='grc' dir='ltr'>ὲν</span> <span class='ocrx_word' id='word_1_749' title='bbox 3577 4740 3757 4791; x_wconf 85' lang='grc' dir='ltr'>ταῖσδε</span> <span class='ocrx_word' id='word_1_750' title='bbox 3784 4744 3902 4801; x_wconf 82' lang='grc' dir='ltr'>ταῖς</span> <span class='ocrx_word' id='word_1_751' title='bbox 3928 4741 4013 4791; x_wconf 76' lang='lat' dir='ltr'>vi-</span> 
     </span>
    </p>
   </div>
   <div class='ocr_carea' id='block_1_100' title="bbox 2452 4831 4022 4903">
    <p class='ocr_par' dir='ltr' id='par_1_100' title="bbox 2452 4831 4022 4903">
     <span class='ocr_line' id='line_1_100' title="bbox 2452 4831 4022 4903; baseline -0.006 -15"><span class='ocrx_word' id='word_1_752' title='bbox 2452 4855 2601 4901; x_wconf 88' lang='grc' dir='ltr'>παις,</span> <span class='ocrx_word' id='word_1_753' title='bbox 2634 4835 2821 4903; x_wconf 80' lang='grc' dir='ltr'>ἐπειδὴ</span> <span class='ocrx_word' id='word_1_754' title='bbox 2879 4832 3143 4885; x_wconf 77' lang='grc' dir='ltr'>ἐθεάσατο</span> <span class='ocrx_word' id='word_1_755' title='bbox 3170 4833 3271 4901; x_wconf 77' lang='grc' dir='ltr'>τὴν</span> <span class='ocrx_word' id='word_1_756' title='bbox 3328 4831 3447 4882; x_wconf 69' lang='grc' dir='ltr'>Θεὸν</span> <span class='ocrx_word' id='word_1_757' title='bbox 3495 4831 3657 4883; x_wconf 72' lang='grc' dir='ltr'>αὑτὸν</span> <span class='ocrx_word' id='word_1_758' title='bbox 3718 4832 4022 4896; x_wconf 78' lang='grc' dir='ltr'>ἐκκυνηγε-</span> 
     </span>
    </p>
   </div>
   <div class='ocr_carea' id='block_1_101' title="bbox 2450 4920 4019 4992">
    <p class='ocr_par' dir='ltr' id='par_1_101' title="bbox 2450 4920 4019 4992">
     <span class='ocr_line' id='line_1_101' title="bbox 2450 4920 4019 4992; baseline -0.007 -14"><span class='ocrx_word' id='word_1_759' title='bbox 2450 4927 2649 4979; x_wconf 91' lang='grc' dir='ltr'>τοῦσαν</span> <span class='ocrx_word' id='word_1_760' title='bbox 2674 4928 2765 4977; x_wconf 74' lang='grc' dir='ltr'>καὶ</span> <span class='ocrx_word' id='word_1_761' title='bbox 2796 4924 3067 4992; x_wconf 83' lang='grc' dir='ltr'>φεύγοντα</span> <span class='ocrx_word' id='word_1_762' title='bbox 3098 4922 3496 4973; x_wconf 85' lang='grc' dir='ltr'>ὲπιδιῶκουσαν</span> <span class='ocrx_word' id='word_1_763' title='bbox 3528 4921 3621 4972; x_wconf 73' lang='grc' dir='ltr'>καὶ</span> <span class='ocrx_word' id='word_1_764' title='bbox 3648 4921 3750 4988; x_wconf 70' lang='grc' dir='ltr'>ἠδη</span> <span class='ocrx_word' id='word_1_765' title='bbox 3779 4920 4019 4987; x_wconf 79' lang='grc' dir='ltr'>καταλη-</span> 
     </span>
    </p>
   </div>
   <div class='ocr_carea' id='block_1_102' title="bbox 2448 5008 4023 5085">
    <p class='ocr_par' dir='ltr' id='par_1_102' title="bbox 2448 5008 4023 5085">
     <span class='ocr_line' id='line_1_102' title="bbox 2448 5008 4023 5085; baseline -0.006 -17"><span class='ocrx_word' id='word_1_766' title='bbox 2448 5017 2711 5085; x_wconf 72' lang='grc' dir='ltr'>ψομένην,</span> <span class='ocrx_word' id='word_1_767' title='bbox 2768 5015 3061 5083; x_wconf 81' lang='grc' dir='ltr'>ἀποτέμνει</span> <span class='ocrx_word' id='word_1_768' title='bbox 3122 5012 3341 5063; x_wconf 79' lang='grc' dir='ltr'>πελέκει</span> <span class='ocrx_word' id='word_1_769' title='bbox 3405 5010 3503 5079; x_wconf 83' lang='grc' dir='ltr'>τὴν</span> <span class='ocrx_word' id='word_1_770' title='bbox 3564 5010 3727 5071; x_wconf 81' lang='grc' dir='ltr'>αὐτὸς</span> <span class='ocrx_word' id='word_1_771' title='bbox 3784 5008 3950 5061; x_wconf 79' lang='grc' dir='ltr'>αὑτοῦ</span> <span class='ocrx_word' id='word_1_772' title='bbox 3979 5008 4023 5039; x_wconf 67' lang='grc'>⁸⁸</span> 
     </span>
    </p>
   </div>
   <div class='ocr_carea' id='block_1_103' title="bbox 2452 5099 4018 5173">
    <p class='ocr_par' dir='ltr' id='par_1_103' title="bbox 2452 5099 4018 5173">
     <span class='ocr_line' id='line_1_103' title="bbox 2452 5099 4018 5173; baseline -0.006 -16"><span class='ocrx_word' id='word_1_773' title='bbox 2452 5106 2815 5173; x_wconf 86' lang='grc' dir='ltr'>παιδοσπόρον</span> <span class='ocrx_word' id='word_1_774' title='bbox 2845 5104 3025 5172; x_wconf 76' lang='grc' dir='ltr'>φύσιν.</span> <span class='ocrx_word' id='word_1_775' title='bbox 3067 5102 3126 5153; x_wconf 76' lang='grc'>’11</span> <span class='ocrx_word' id='word_1_776' title='bbox 3161 5101 3217 5153; x_wconf 85' lang='grc' dir='ltr'>δὲ</span> <span class='ocrx_word' id='word_1_777' title='bbox 3248 5099 3326 5168; x_wconf 85' lang='grc' dir='ltr'>τῷ</span> <span class='ocrx_word' id='word_1_778' title='bbox 3378 5100 3539 5152; x_wconf 79' lang='grc' dir='ltr'>πάθει</span> <span class='ocrx_word' id='word_1_779' title='bbox 3576 5099 4018 5167; x_wconf 86' lang='grc' dir='ltr'>περιαλγήσασα,</span> 
     </span>
    </p>
   </div>
   <div class='ocr_carea' id='block_1_104' title="bbox 2452 5190 4020 5259">
    <p class='ocr_par' dir='ltr' id='par_1_104' title="bbox 2452 5190 4020 5259">
     <span class='ocr_line' id='line_1_104' title="bbox 2452 5190 4020 5259; baseline -0.006 -10"><span class='ocrx_word' id='word_1_780' title='bbox 2452 5199 2544 5249; x_wconf 70' lang='grc' dir='ltr'>καὶ</span> <span class='ocrx_word' id='word_1_781' title='bbox 2574 5198 2783 5249; x_wconf 81' lang='grc' dir='ltr'>Παιᾶνα</span> <span class='ocrx_word' id='word_1_782' title='bbox 2812 5196 3088 5249; x_wconf 76' lang='grc' dir='ltr'>καλέσασα</span> <span class='ocrx_word' id='word_1_783' title='bbox 3120 5193 3186 5255; x_wconf 83' lang='grc'>⁸⁸,</span> <span class='ocrx_word' id='word_1_784' title='bbox 3205 5191 3295 5242; x_wconf 83' lang='grc' dir='ltr'>τὸν</span> <span class='ocrx_word' id='word_1_785' title='bbox 3334 5192 3613 5242; x_wconf 90' lang='grc' dir='ltr'>νεανίσκον</span> <span class='ocrx_word' id='word_1_786' title='bbox 3639 5190 3685 5220; x_wconf 81' lang='grc'>⁸⁸</span> <span class='ocrx_word' id='word_1_787' title='bbox 3717 5192 3784 5259; x_wconf 75' lang='grc' dir='ltr'>τῇ</span> <span class='ocrx_word' id='word_1_788' title='bbox 3809 5206 3869 5241; x_wconf 89' lang='grc' dir='ltr'>τε</span> <span class='ocrx_word' id='word_1_789' title='bbox 3898 5190 4020 5251; x_wconf 73' lang='grc' dir='ltr'>ζωο-</span> 
     </span>
    </p>
   </div>
   <div class='ocr_carea' id='block_1_105' title="bbox 2081 5291 2752 5347">
    <p class='ocr_par' dir='ltr' id='par_1_105' title="bbox 2081 5291 2752 5347">
     <span class='ocr_line' id='line_1_105' title="bbox 2081 5291 2752 5347; baseline -0.004 0"><span class='ocrx_word' id='word_1_790' title='bbox 2081 5294 2161 5347; x_wconf 73' lang='lat' dir='ltr'><strong>VA</strong></span> <span class='ocrx_word' id='word_1_791' title='bbox 2175 5292 2312 5346; x_wconf 70' lang='lat' dir='ltr'>BHE</span> <span class='ocrx_word' id='word_1_792' title='bbox 2352 5291 2641 5344; x_wconf 79' lang='lat' dir='ltr'>LECTIUN</span> <span class='ocrx_word' id='word_1_793' title='bbox 2653 5292 2752 5344; x_wconf 72' lang='lat' dir='ltr'><strong>ES.</strong></span> 
     </span>
    </p>
   </div>
   <div class='ocr_carea' id='block_1_106' title="bbox 848 5385 1923 5457">
    <p class='ocr_par' dir='ltr' id='par_1_106' title="bbox 848 5385 1923 5457">
     <span class='ocr_line' id='line_1_106' title="bbox 848 5385 1923 5457; baseline -0.019 -2"><span class='ocrx_word' id='word_1_794' title='bbox 848 5405 892 5435; x_wconf 83' lang='lat'><strong>&quot;</strong></span> <span class='ocrx_word' id='word_1_795' title='bbox 939 5403 999 5454; x_wconf 58' lang='lat' dir='ltr'><strong>ca</strong></span> <span class='ocrx_word' id='word_1_796' title='bbox 1051 5396 1246 5451; x_wconf 77' lang='grc' dir='ltr'>οιη.Α.</span> <span class='ocrx_word' id='word_1_797' title='bbox 1325 5394 1369 5423; x_wconf 81' lang='grc'>⁸⁸</span> <span class='ocrx_word' id='word_1_798' title='bbox 1398 5392 1572 5457; x_wconf 84' lang='grc' dir='ltr'>λόγοις</span> <span class='ocrx_word' id='word_1_799' title='bbox 1601 5406 1659 5450; x_wconf 81' lang='grc' dir='ltr'>ς.</span> <span class='ocrx_word' id='word_1_800' title='bbox 1737 5388 1780 5418; x_wconf 77' lang='grc'>⁸⁵</span> 
     </span>
    </p>
   </div>
   <div class='ocr_carea' id='block_1_107' title="bbox 780 5462 1811 5533">
    <p class='ocr_par' dir='ltr' id='par_1_107' title="bbox 780 5462 1811 5533">
     <span class='ocr_line' id='line_1_107' title="bbox 780 5462 1811 5533; baseline -0.019 -8"><span class='ocrx_word' id='word_1_801' title='bbox 780 5490 891 5527; x_wconf 81' lang='lat' dir='ltr'>om.</span> <span class='ocrx_word' id='word_1_802' title='bbox 950 5470 1207 5525; x_wconf 83' lang='lat' dir='ltr'><strong>Suidasl.</strong></span> <span class='ocrx_word' id='word_1_803' title='bbox 1254 5462 1562 5533; x_wconf 24' lang='lat' dir='ltr'><strong>propiusl.‘</strong></span> <span class='ocrx_word' id='word_1_804' title='bbox 1636 5462 1674 5487; x_wconf 88' lang='grc'>⁷¹</span> <span class='ocrx_word' id='word_1_805' title='bbox 1710 5462 1811 5533; x_wconf 20' lang='lat' dir='ltr'><strong>sui“</strong></span> 
     </span>
    </p>
   </div>
   <div class='ocr_carea' id='block_1_108' title="bbox 782 5525 2221 5608">
    <p class='ocr_par' dir='ltr' id='par_1_108' title="bbox 782 5525 2221 5608">
     <span class='ocr_line' id='line_1_108' title="bbox 782 5525 2221 5608; baseline -0.014 -14"><span class='ocrx_word' id='word_1_806' title='bbox 782 5525 1027 5608; x_wconf 50' lang='grc' dir='ltr'>’ἶλόγιοι</span> <span class='ocrx_word' id='word_1_807' title='bbox 1062 5525 1279 5591; x_wconf 66' lang='grc' dir='ltr'>διιὶιιαέ.</span> <span class='ocrx_word' id='word_1_808' title='bbox 1354 5525 1411 5563; x_wconf 68' lang='grc'>’⁷⁸</span> <span class='ocrx_word' id='word_1_809' title='bbox 1438 5529 1827 5608; x_wconf 40' lang='grc' dir='ltr'>⁹ιλγάςιτιοςηιξὲ.</span> <span class='ocrx_word' id='word_1_810' title='bbox 1868 5525 2143 5608; x_wconf 55' lang='grc' dir='ltr'>ξιιίιιαεηιι.</span> <span class='ocrx_word' id='word_1_811' title='bbox 2172 5539 2221 5608; x_wconf 61' lang='lat' dir='ltr'>v_:</span> 
     </span>
    </p>
   </div>
   <div class='ocr_carea' id='block_1_109' title="bbox 786 5594 2108 5671">
    <p class='ocr_par' dir='ltr' id='par_1_109' title="bbox 786 5594 2108 5671">
     <span class='ocr_line' id='line_1_109' title="bbox 786 5594 2108 5671; baseline -0.016 -6"><span class='ocrx_word' id='word_1_812' title='bbox 786 5594 1004 5665; x_wconf 73' lang='lat' dir='ltr'><strong>Suidas.</strong></span> <span class='ocrx_word' id='word_1_813' title='bbox 1078 5594 1631 5671; x_wconf 60' lang='grc' dir='ltr'>τσάναγαγομένῳᾼ.</span> <span class='ocrx_word' id='word_1_814' title='bbox 1704 5595 2019 5671; x_wconf 56' lang='grc' dir='ltr'>ξ’ῌρόκλος</span> <span class='ocrx_word' id='word_1_815' title='bbox 2052 5594 2108 5671; x_wconf 52' lang='grc' dir='ltr'>[ξ.</span> 
     </span>
    </p>
   </div>
   <div class='ocr_carea' id='block_1_110' title="bbox 790 5738 1879 5817">
    <p class='ocr_par' dir='ltr' id='par_1_110' title="bbox 790 5738 1879 5817">
     <span class='ocr_line' id='line_1_110' title="bbox 790 5738 1879 5817; baseline -0.021 -9"><span class='ocrx_word' id='word_1_816' title='bbox 790 5752 854 5809; x_wconf 67' lang='grc' dir='ltr'>Α.</span> <span class='ocrx_word' id='word_1_817' title='bbox 890 5738 1132 5817; x_wconf 70' lang='lat' dir='ltr'><strong>Scaliger</strong></span> <span class='ocrx_word' id='word_1_818' title='bbox 1162 5746 1257 5799; x_wconf 68' lang='grc' dir='ltr'>καὶ</span> <span class='ocrx_word' id='word_1_819' title='bbox 1290 5744 1447 5804; x_wconf 85' lang='grc' dir='ltr'>πόαις</span> <span class='ocrx_word' id='word_1_820' title='bbox 1480 5738 1879 5791; x_wconf 81' lang='grc' dir='ltr'>ἀνακαλέσασα.</span> 
     </span>
    </p>
   </div>
   <div class='ocr_carea' id='block_1_111' title="bbox 2187 5584 3092 5712">
    <p class='ocr_par' dir='ltr' id='par_1_111' title="bbox 2187 5584 3092 5712">
     <span class='ocr_line' id='line_1_111' title="bbox 2187 5584 3092 5712; baseline -0.009 -68"><span class='ocrx_word' id='word_1_821' title='bbox 2187 5594 2230 5623; x_wconf 79' lang='grc'><strong>⁸⁸</strong></span> <span class='ocrx_word' id='word_1_822' title='bbox 2252 5590 2600 5712; x_wconf 54' lang='grc' dir='ltr'>ὲπωνόμασεὶ</span> <span class='ocrx_word' id='word_1_823' title='bbox 2628 5587 2935 5655; x_wconf 78' lang='grc' dir='ltr'>ἐπονομασθ</span> <span class='ocrx_word' id='word_1_824' title='bbox 2948 5588 3003 5637; x_wconf 88' lang='grc' dir='ltr'>έν</span> <span class='ocrx_word' id='word_1_825' title='bbox 3028 5584 3092 5637; x_wconf 77' lang='grc' dir='ltr'>Α.</span> 
     </span>
     <span class='ocr_line' id='line_1_112' title="bbox 2187 5656 3073 5712; baseline -0.008 0"><span class='ocrx_word' id='word_1_826' title='bbox 2187 5676 2392 5712; x_wconf 76' lang='grc' dir='ltr'>ιοηιοιι.</span> <span class='ocrx_word' id='word_1_827' title='bbox 2422 5678 2473 5712; x_wconf 84' lang='lat' dir='ltr'>n.</span> <span class='ocrx_word' id='word_1_828' title='bbox 2508 5662 2573 5712; x_wconf 78' lang='grc'>45</span> <span class='ocrx_word' id='word_1_829' title='bbox 2620 5701 2631 5710; x_wconf 96' lang='grc'>.</span> <span class='ocrx_word' id='word_1_830' title='bbox 2709 5659 2753 5689; x_wconf 71' lang='grc'><strong>⁷⁸</strong></span> <span class='ocrx_word' id='word_1_831' title='bbox 2786 5656 2977 5708; x_wconf 81' lang='grc' dir='ltr'>ἑαυτοῦ</span> <span class='ocrx_word' id='word_1_832' title='bbox 3011 5656 3073 5705; x_wconf 81' lang='grc' dir='ltr'>Α.</span> 
     </span>
    </p>
   </div>
   <div class='ocr_carea' id='block_1_112' title="bbox 785 5662 2446 5797">
    <p class='ocr_par' dir='ltr' id='par_1_112' title="bbox 785 5662 2446 5797">
     <span class='ocr_line' id='line_1_113' title="bbox 785 5662 2446 5797; baseline -0.013 -63"><span class='ocrx_word' id='word_1_833' title='bbox 785 5662 1089 5797; x_wconf 46' lang='grc' dir='ltr'>ζέμέραν</span> <span class='ocrx_word' id='word_1_834' title='bbox 1122 5675 1228 5729; x_wconf 81' lang='grc' dir='ltr'>ΑΒ.</span> <span class='ocrx_word' id='word_1_835' title='bbox 1264 5662 1275 5671; x_wconf 66' lang='grc'><em>’</em></span> <span class='ocrx_word' id='word_1_836' title='bbox 1304 5662 1350 5704; x_wconf 70' lang='grc'>⁸⁵</span> <span class='ocrx_word' id='word_1_837' title='bbox 1380 5662 1723 5737; x_wconf 71' lang='grc' dir='ltr'>Διοσκόρους]</span> <span class='ocrx_word' id='word_1_838' title='bbox 1752 5662 2034 5717; x_wconf 54' lang='grc' dir='ltr'>(δί’[ΜῡΙΙιετ</span> <span class='ocrx_word' id='word_1_839' title='bbox 2062 5662 2392 5715; x_wconf 86' lang='lat' dir='ltr'><strong>Orchomcn.</strong></span> <span class='ocrx_word' id='word_1_840' title='bbox 2422 5678 2446 5730; x_wconf 75' lang='grc' dir='ltr'>ι]</span> 
     </span>
     <span class='ocr_line' id='line_1_114' title="bbox 790 5732 2446 5797; baseline -0.01 0"><span class='ocrx_word' id='word_1_841' title='bbox 790 5752 854 5797; x_wconf 76' lang='grc' dir='ltr'>Δ-</span> <span class='ocrx_word' id='word_1_842' title='bbox 932 5750 1132 5797; x_wconf 68' lang='lat' dir='ltr'><strong>caliqer</strong></span> <span class='ocrx_word' id='word_1_843' title='bbox 1162 5746 1257 5797; x_wconf 69' lang='grc' dir='ltr'>καὶ</span> <span class='ocrx_word' id='word_1_844' title='bbox 1290 5744 1447 5797; x_wconf 79' lang='grc' dir='ltr'>πόαις</span> <span class='ocrx_word' id='word_1_845' title='bbox 1480 5738 1879 5791; x_wconf 82' lang='grc' dir='ltr'>ἁνακαλέσασα.</span> <span class='ocrx_word' id='word_1_846' title='bbox 2011 5732 2054 5763; x_wconf 79' lang='grc'>⁸⁸</span> <span class='ocrx_word' id='word_1_847' title='bbox 2088 5732 2176 5785; x_wconf 80' lang='grc' dir='ltr'>τὸν</span> <span class='ocrx_word' id='word_1_848' title='bbox 2202 5732 2446 5785; x_wconf 71' lang='grc' dir='ltr'>νεανίσκε</span> 
     </span>
    </p>
   </div>
   <div class='ocr_carea' id='block_1_113' title="bbox 1789 5662 3450 5797">
    <p class='ocr_par' dir='ltr' id='par_1_113' title="bbox 1789 5662 3450 5797">
     <span class='ocr_line' id='line_1_115' title="bbox 1789 5662 3450 5730; baseline -0.009 -13"><span class='ocrx_word' id='word_1_849' title='bbox 1789 5662 2034 5717; x_wconf 54' lang='grc' dir='ltr'>ίίΜῡΙΙεῐ·</span> <span class='ocrx_word' id='word_1_850' title='bbox 2062 5662 2392 5715; x_wconf 80' lang='lat' dir='ltr'><strong>Orchonten.</strong></span> <span class='ocrx_word' id='word_1_851' title='bbox 2422 5678 2473 5730; x_wconf 87' lang='lat' dir='ltr'>p.</span> <span class='ocrx_word' id='word_1_852' title='bbox 2508 5662 2631 5713; x_wconf 77' lang='grc'>451.</span> <span class='ocrx_word' id='word_1_853' title='bbox 2709 5662 2753 5689; x_wconf 74' lang='grc'><strong>⁷⁵</strong></span> <span class='ocrx_word' id='word_1_854' title='bbox 2786 5662 2977 5708; x_wconf 80' lang='grc' dir='ltr'>ἑαυτοῦ</span> <span class='ocrx_word' id='word_1_855' title='bbox 3011 5662 3073 5705; x_wconf 80' lang='grc' dir='ltr'>Α.</span> <span class='ocrx_word' id='word_1_856' title='bbox 3177 5662 3223 5685; x_wconf 80' lang='grc'>’⁸³</span> <span class='ocrx_word' id='word_1_857' title='bbox 3247 5662 3340 5705; x_wconf 77' lang='grc' dir='ltr'>καὶ</span> <span class='ocrx_word' id='word_1_858' title='bbox 3370 5662 3450 5702; x_wconf 80' lang='lat' dir='ltr'>lla</span> 
     </span>
     <span class='ocr_line' id='line_1_116' title="bbox 1795 5722 3450 5797; baseline -0.007 -10"><span class='ocrx_word' id='word_1_859' title='bbox 1795 5752 1879 5787; x_wconf 85' lang='grc' dir='ltr'>σα.</span> <span class='ocrx_word' id='word_1_860' title='bbox 2011 5732 2054 5763; x_wconf 79' lang='grc'>⁸⁸</span> <span class='ocrx_word' id='word_1_861' title='bbox 2088 5732 2176 5785; x_wconf 80' lang='grc' dir='ltr'>τὸν</span> <span class='ocrx_word' id='word_1_862' title='bbox 2202 5732 2483 5785; x_wconf 79' lang='grc' dir='ltr'>νεανίσκον</span> <span class='ocrx_word' id='word_1_863' title='bbox 2526 5739 2644 5784; x_wconf 79' lang='lat' dir='ltr'><strong>uost</strong></span> <span class='ocrx_word' id='word_1_864' title='bbox 2696 5726 3185 5797; x_wconf 75' lang='grc' dir='ltr'>ἀναζωπυρήσασα</span> <span class='ocrx_word' id='word_1_865' title='bbox 3218 5724 3365 5793; x_wconf 86' lang='lat' dir='ltr'><strong>ponit</strong></span> <span class='ocrx_word' id='word_1_866' title='bbox 3394 5722 3450 5775; x_wconf 78' lang='grc' dir='ltr'>Β.</span> 
     </span>
    </p>
   </div>
   <div class='ocr_carea' id='block_1_114' title="bbox 1780 5371 4017 5472">
    <p class='ocr_par' dir='ltr' id='par_1_114' title="bbox 1780 5371 4017 5472">
     <span class='ocr_line' id='line_1_117' title="bbox 1780 5371 4017 5472; baseline 0 0"><span class='ocrx_word' id='word_1_867' title='bbox 1780 5458 1790 5472; x_wconf 90' lang='grc'>.</span> <span class='ocrx_word' id='word_1_868' title='bbox 1826 5385 1923 5472; x_wconf 54' lang='grc' dir='ltr'>ξι]</span> <span class='ocrx_word' id='word_1_869' title='bbox 1956 5388 2007 5472; x_wconf 59' lang='lat' dir='ltr'>ei</span> <span class='ocrx_word' id='word_1_870' title='bbox 2035 5386 2236 5472; x_wconf 63' lang='grc' dir='ltr'>βξιωεε.</span> <span class='ocrx_word' id='word_1_871' title='bbox 2258 5378 3013 5472; x_wconf 51' lang='grc' dir='ltr'>νινξεξιπριιεευέγι,Ηιῇ</span> <span class='ocrx_word' id='word_1_872' title='bbox 3035 5394 3097 5472; x_wconf 62' lang='grc' dir='ltr'>ιθ.</span> <span class='ocrx_word' id='word_1_873' title='bbox 3122 5371 4017 5472; x_wconf 48' lang='lat' dir='ltr'>&quot;Jiiﬁ‘arémsiiﬁ‘;-1733“?</span> 
     </span>
    </p>
   </div>
   <div class='ocr_carea' id='block_1_115' title="bbox 1636 5439 3297 5579">
    <p class='ocr_par' dir='ltr' id='par_1_115' title="bbox 1636 5439 3297 5579">
     <span class='ocr_line' id='line_1_118' title="bbox 1636 5439 3236 5526; baseline -0.008 -18"><span class='ocrx_word' id='word_1_874' title='bbox 1636 5460 1674 5487; x_wconf 85' lang='lat'>&#39;”</span> <span class='ocrx_word' id='word_1_875' title='bbox 1710 5456 1840 5526; x_wconf 72' lang='grc' dir='ltr'>ἐπὶ]</span> <span class='ocrx_word' id='word_1_876' title='bbox 1872 5439 1980 5507; x_wconf 60' lang='grc' dir='ltr'>ἀπὸ</span> <span class='ocrx_word' id='word_1_877' title='bbox 2034 5458 2171 5507; x_wconf 87' lang='lat' dir='ltr'><strong>idem</strong></span> <span class='ocrx_word' id='word_1_878' title='bbox 2226 5454 2259 5505; x_wconf 89' lang='grc' dir='ltr'><strong>Ι.</strong></span> <span class='ocrx_word' id='word_1_879' title='bbox 2314 5439 2546 5519; x_wconf 66' lang='grc' dir='ltr'>ρτιονθ.’</span> <span class='ocrx_word' id='word_1_880' title='bbox 2589 5439 3013 5515; x_wconf 60' lang='grc' dir='ltr'>’δ’ἑτοιμότσξτον</span> <span class='ocrx_word' id='word_1_881' title='bbox 3048 5448 3119 5497; x_wconf 88' lang='lat' dir='ltr'>id.</span> <span class='ocrx_word' id='word_1_882' title='bbox 3164 5448 3236 5498; x_wconf 76' lang='lat' dir='ltr'><strong>ili.</strong></span> 
     </span>
     <span class='ocr_line' id='line_1_119' title="bbox 1640 5515 3297 5579; baseline -0.007 0"><span class='ocrx_word' id='word_1_883' title='bbox 1640 5545 1696 5579; x_wconf 83' lang='lat' dir='ltr'>oc</span> <span class='ocrx_word' id='word_1_884' title='bbox 1756 5529 1827 5577; x_wconf 78' lang='lat' dir='ltr'>cl.</span> <span class='ocrx_word' id='word_1_885' title='bbox 1868 5525 2061 5577; x_wconf 86' lang='lat' dir='ltr'><strong>Suidas</strong></span> <span class='ocrx_word' id='word_1_886' title='bbox 2088 5527 2143 5576; x_wconf 92' lang='lat' dir='ltr'>h.</span> <span class='ocrx_word' id='word_1_887' title='bbox 2172 5539 2221 5573; x_wconf 89' lang='lat' dir='ltr'>v.</span> <span class='ocrx_word' id='word_1_888' title='bbox 2321 5524 2365 5552; x_wconf 80' lang='grc'>⁷⁸</span> <span class='ocrx_word' id='word_1_889' title='bbox 2398 5524 2583 5573; x_wconf 83' lang='grc' dir='ltr'>εἵνεκα</span> <span class='ocrx_word' id='word_1_890' title='bbox 2614 5522 2691 5573; x_wconf 71' lang='lat' dir='ltr'><strong>A:</strong></span> <span class='ocrx_word' id='word_1_891' title='bbox 2722 5520 2885 5569; x_wconf 84' lang='grc' dir='ltr'>’ἑνεκα</span> <span class='ocrx_word' id='word_1_892' title='bbox 2920 5534 2958 5579; x_wconf 81' lang='grc' dir='ltr'>ς</span> <span class='ocrx_word' id='word_1_893' title='bbox 2985 5532 3106 5567; x_wconf 85' lang='lat' dir='ltr'>cum</span> <span class='ocrx_word' id='word_1_894' title='bbox 3132 5515 3297 5568; x_wconf 85' lang='lat' dir='ltr'><strong>Suida</strong></span> 
     </span>
    </p>
   </div>
   <div class='ocr_carea' id='block_1_116' title="bbox 2355 5439 4016 5579">
    <p class='ocr_par' dir='ltr' id='par_1_116' title="bbox 2355 5439 4016 5579">
     <span class='ocr_line' id='line_1_120' title="bbox 2355 5439 4012 5515; baseline -0.009 -12"><span class='ocrx_word' id='word_1_895' title='bbox 2355 5439 2546 5506; x_wconf 51' lang='lat' dir='ltr'><strong>riore.&#39;</strong></span> <span class='ocrx_word' id='word_1_896' title='bbox 2589 5439 3013 5515; x_wconf 60' lang='grc' dir='ltr'>’δ’ἑτοιμότσξτον</span> <span class='ocrx_word' id='word_1_897' title='bbox 3048 5448 3119 5497; x_wconf 88' lang='lat' dir='ltr'>id.</span> <span class='ocrx_word' id='word_1_898' title='bbox 3164 5448 3236 5498; x_wconf 76' lang='lat' dir='ltr'><strong>ili.</strong></span> <span class='ocrx_word' id='word_1_899' title='bbox 3332 5447 3375 5476; x_wconf 81' lang='lat'><strong>&quot;</strong></span> <span class='ocrx_word' id='word_1_900' title='bbox 3406 5439 3644 5511; x_wconf 79' lang='grc' dir='ltr'>βέϐαιον]</span> <span class='ocrx_word' id='word_1_901' title='bbox 3682 5441 3903 5509; x_wconf 73' lang='grc' dir='ltr'>ἰσχυρὸν</span> <span class='ocrx_word' id='word_1_902' title='bbox 3956 5442 4012 5489; x_wconf 84' lang='grc' dir='ltr'>Δ.</span> 
     </span>
     <span class='ocr_line' id='line_1_121' title="bbox 2355 5511 4016 5579; baseline -0.008 -6"><span class='ocrx_word' id='word_1_903' title='bbox 2355 5524 2365 5552; x_wconf 75' lang='grc'><strong><em>⁸</em></strong></span> <span class='ocrx_word' id='word_1_904' title='bbox 2398 5524 2583 5573; x_wconf 84' lang='grc' dir='ltr'>εἵνεκα</span> <span class='ocrx_word' id='word_1_905' title='bbox 2614 5522 2691 5573; x_wconf 71' lang='lat' dir='ltr'>A:</span> <span class='ocrx_word' id='word_1_906' title='bbox 2722 5520 2885 5569; x_wconf 84' lang='grc' dir='ltr'>’ἑνεκα</span> <span class='ocrx_word' id='word_1_907' title='bbox 2920 5534 2958 5579; x_wconf 80' lang='grc' dir='ltr'>ς</span> <span class='ocrx_word' id='word_1_908' title='bbox 2985 5532 3106 5567; x_wconf 85' lang='lat' dir='ltr'>cum</span> <span class='ocrx_word' id='word_1_909' title='bbox 3132 5515 3299 5568; x_wconf 85' lang='lat' dir='ltr'><strong>Suida</strong></span> <span class='ocrx_word' id='word_1_910' title='bbox 3331 5531 3383 5566; x_wconf 75' lang='grc' dir='ltr'>ν.</span> <span class='ocrx_word' id='word_1_911' title='bbox 3422 5513 3623 5572; x_wconf 85' lang='grc' dir='ltr'>Γέσιος.</span> <span class='ocrx_word' id='word_1_912' title='bbox 3733 5511 3776 5541; x_wconf 87' lang='lat'><strong>&quot;</strong></span> <span class='ocrx_word' id='word_1_913' title='bbox 3809 5512 4016 5567; x_wconf 80' lang='grc' dir='ltr'>ἀπαπς</span> 
     </span>
    </p>
   </div>
   <div class='ocr_carea' id='block_1_117' title="bbox 3185 5579 4017 5653">
    <p class='ocr_par' dir='ltr' id='par_1_117' title="bbox 3185 5579 4017 5653">
     <span class='ocr_line' id='line_1_122' title="bbox 3185 5579 4017 5653; baseline -0.008 -19"><span class='ocrx_word' id='word_1_914' title='bbox 3185 5583 3231 5614; x_wconf 74' lang='grc'><strong>⁸⁸</strong></span> <span class='ocrx_word' id='word_1_915' title='bbox 3261 5583 3338 5653; x_wconf 83' lang='grc' dir='ltr'>τῷ</span> <span class='ocrx_word' id='word_1_916' title='bbox 3366 5582 3585 5653; x_wconf 24' lang='lat' dir='ltr'><strong>aildaA.</strong></span> <span class='ocrx_word' id='word_1_917' title='bbox 3767 5580 4017 5646; x_wconf 81' lang='grc' dir='ltr'>πέμπτην</span> 
     </span>
    </p>
   </div>
   <div class='ocr_carea' id='block_1_118' title="bbox 2620 5650 4013 5710">
    <p class='ocr_par' dir='ltr' id='par_1_118' title="bbox 2620 5650 4013 5710">
     <span class='ocr_line' id='line_1_123' title="bbox 2620 5650 4013 5710; baseline -0.009 0"><span class='ocrx_word' id='word_1_918' title='bbox 2620 5701 2631 5710; x_wconf 96' lang='grc'>.</span> <span class='ocrx_word' id='word_1_919' title='bbox 2709 5659 2753 5689; x_wconf 71' lang='grc'><strong>⁷⁸</strong></span> <span class='ocrx_word' id='word_1_920' title='bbox 2786 5650 2977 5708; x_wconf 80' lang='grc' dir='ltr'>ἑαυτοῦ</span> <span class='ocrx_word' id='word_1_921' title='bbox 3011 5656 3073 5705; x_wconf 81' lang='grc' dir='ltr'>Α.</span> <span class='ocrx_word' id='word_1_922' title='bbox 3177 5654 3223 5685; x_wconf 78' lang='grc'><strong>⁸⁸</strong></span> <span class='ocrx_word' id='word_1_923' title='bbox 3247 5650 3340 5705; x_wconf 75' lang='grc' dir='ltr'>καὶ</span> <span class='ocrx_word' id='word_1_924' title='bbox 3370 5651 3577 5703; x_wconf 81' lang='grc' dir='ltr'>Παιᾶνα</span> <span class='ocrx_word' id='word_1_925' title='bbox 3606 5650 3888 5704; x_wconf 79' lang='grc' dir='ltr'>καλέσασα</span> <span class='ocrx_word' id='word_1_926' title='bbox 3913 5661 4013 5702; x_wconf 87' lang='lat' dir='ltr'>om.</span> 
     </span>
    </p>
   </div>
  </div>
