4206 6436
217 423 353 489 1305
1310 433 1828 495 BIBLIOTHECA.
1858 456 1929 469 -
1960 432 2123 492 con.
2158 424 2466 489 ccxutt.
3323 411 3464 478 1306

216 533 361 602 γόνῳ
384 530 563 604 θέρμῃ
593 532 1073 605 ἀναζωπυρήσασα
1105 535 1224 589 θεὸν
1252 539 1527 606 ἐποίησεν,
1547 540 1784 604 Ἔσμου-
1815 551 1856 601 Α

1815 551 1856 601 Α
1888 535 2137 589 Nondum
2184 544 2361 587 tamen
2412 527 2723 585 difﬁcultate
2768 522 3070 595 argumenti
3132 529 3285 591 rupta
3318 565 3333 590 ,
3375 539 3463 578 me

212 639 301 675 vov
337 623 445 675 ὑπὸ
502 624 768 677 Φοινίκιον
824 626 1211 696 ὠνομασμένον
1248 630 1339 679 επὶ
1365 632 1429 699 τῇ
1464 628 1644 700 θέρμῃ
1690 629 1787 697 τῆς

1895 628 2160 682 orationis
2199 625 2279 678 vis
2324 622 2568 687 attraxit,
2628 627 2686 673 ut
2719 617 2784 673 ad
2832 618 3116 682 sequentia
3163 630 3250 669 me
3275 616 3342 670 ab
3369 616 3458 668 illa

212 714 384 782 ζωῆς.
425 716 488 767 Οί
518 716 576 767 δὲ
611 715 702 767 τὸν
740 717 1041 785 Ἔσμουνον
1093 718 1282 785 ὃγδοον
1322 718 1564 783 ἀξιοῦσιν
1614 720 1788 790 έρμη-

1893 730 2224 780 revocarem,
2256 725 2308 769 et
2349 715 2586 767 instante
2619 712 2752 777 vita,
2801 724 2894 764 eos
2946 722 3291 763 successores
3337 706 3461 757 imi-

210 798 393 850 νεύειν
430 799 512 850 ὅτι
544 800 729 867 ὄγδοος
757 798 825 873 ἦν
876 804 954 873 τῷ
1007 804 1236 874 Σαδύκῳ
1271 809 1417 868 παῖς.
1458 808 1550 859 Ἐν
1608 807 1784 876 σκότῳ

1894 815 2056 867 tarer,
2090 820 2227 872 quos
2246 802 2466 857 Proclus
2483 801 2739 870 elegerat.
2765 799 3026 868 Quodque
3044 812 3237 852 novum
3254 795 3459 857 auditu,

212 885 492 958 διωλυγίῳ
524 891 658 943 πολὺ
690 892 806 959 φῶς
846 894 1073 960 ἀνάψας.
1107 895 1311 949 Τοῦτον
1340 897 1666 960 ἀπεδέξαντο
1688 896 1782 949 τοῦ

1889 911 2011 951 cum
2044 909 2300 965 generosa
2343 892 2623 960 solidaque
2654 891 2918 960 gravitate
2968 888 3255 942 videbatur
3311 900 3458 953 pra:-

208 975 500 1028 νεανίσκου
522 978 613 1030 τὸν
637 978 796 1046 λόγον
825 981 919 1033 καὶ
950 984 1271 1052 ἠγάσθησαν
1293 986 1342 1036 οί
1367 987 1510 1053 ἀμφὶ
1536 986 1628 1037 τὸν
1661 988 1779 1038 Μα-

1895 986 2140 1040 sentibus
2184 994 2393 1053 gratus.
2442 982 2681 1037 Plurima
2714 990 2940 1036 conatus
2990 982 3056 1032 ad
3116 990 3459 1032 communem

210 1066 382 1132 ρῖνον,
409 1066 524 1130 πῶς
548 1068 647 1120 οίει
678 1069 884 1139 σφόδρα
912 1073 955 1104 ⁸⁷
988 1089 1001 1137 ;
1046 1073 1212 1126 Οῦπω
1237 1074 1530 1144 ὲξερρώγει
1559 1076 1625 1127 τὰ
1660 1076 1786 1128 δύσ-

1895 1075 2233 1127 auditoribus
2278 1074 2590 1136 utilitatem,
2629 1071 2897 1125 interdum
2939 1084 3069 1122 vero
3111 1065 3345 1135 iocando
3396 1064 3462 1118 de

209 1152 343 1205 κολα
396 1155 498 1223 τῆς
545 1156 876 1220 ὑποθέσεως.
931 1159 1058 1227 Ἐμὲ
1106 1161 1162 1212 δὲ
1211 1162 1786 1233 ὲπεσπάσατοήρύμη

1895 1166 1981 1219 illa
2014 1166 2279 1234 gravitate
2301 1166 2605 1227 remittens,
2638 1172 2693 1216 et
2725 1169 3011 1230 peccantes
3043 1156 3322 1225 ingeniose
3342 1167 3462 1207 car-

206 1242 301 1295 τοῦ
329 1244 490 1310 λόγου
523 1246 661 1315 πρὸς
692 1249 761 1300 τὰ
795 1250 934 1317 μετά
975 1249 1146 1302 ταῦτα
1178 1252 1518 1321 ἑκεεΰηκότα
1550 1253 1597 1284 ⁸⁸
1633 1256 1790 1323 ποιή-

1893 1271 2047 1323 pens,
2084 1265 2143 1309 ut
2193 1255 2301 1309 risu
2333 1255 2762 1322 increpationem
2800 1259 3025 1318 legeret.
3082 1248 3281 1317 353a
3329 1244 3465 1297 Alti-

209 1335 413 1387 σασθαι
445 1338 545 1404 τὴν
579 1338 830 1407 ἐκϐολὴν,
864 1341 1377 1411 ἐπακολουθήσαντα
1429 1344 1676 1413 παριόντι
1708 1344 1787 1413 τῷ

1896 1347 2079 1398 tudine
2109 1356 2160 1400 et
2181 1347 2510 1415 longitudine
2530 1346 2800 1414 egregius,
2826 1342 3113 1409 utantiqua
3139 1351 3192 1392 et
3217 1336 3463 1391 fabulosa

210 1423 312 1489 βίῳ
342 1424 453 1476 τῶν
500 1424 777 1493 διαδόχων,
808 1425 904 1488 οὓς
958 1428 1130 1480 εἵλετο
1194 1430 1451 1499 Πρόκλος.
1485 1433 1549 1482 Ὀ
1595 1431 1649 1482 δὲ
1688 1432 1779 1482 καὶ

1883 1431 1992 1498 jam
2024 1449 2147 1487 vera
2173 1436 2411 1499 sint,eta
2438 1450 2523 1487 me
2548 1431 3033 1501 petebatoccultam
3054 1429 3460 1483 admissionem.

207 1512 513 1578 παράδοξον
540 1512 791 1576 ἀκοῦσαι,
828 1516 960 1582 μετὰ
986 1519 1311 1586 σεμνότητος
1352 1518 1605 1584 εὐγενοῦς
1651 1521 1741 1570 καὶ
1768 1520 1990 1588 βεσαίας
2023 1526 2268 1591 ἐφαίνετο
2308 1528 2419 1587 τοῖς
2469 1522 2704 1593 παροῦσι
2757 1522 2986 1592 χαρίεις,
3024 1519 3090 1572 τὰ
3140 1519 3237 1589 μὲν
3294 1515 3465 1569 πολλά

209 1603 529 1685 σπουδάζων
569 1605 648 1664 είς
691 1604 753 1657 τὸ
800 1605 980 1657 κοινὸν
1035 1610 1145 1669 τοῖς
1207 1607 1493 1659 ἀκούουσιν
1548 1609 1757 1676 ὄφελος,
1800 1612 1967 1675 ἀνιεὶς
1997 1615 2052 1667 δὲ
2088 1615 2257 1667 ἐνίοτε
2286 1614 2363 1683 τῷ
2394 1614 2641 1677 παίζοντι
2674 1612 2770 1682 τὴν
2832 1610 3086 1680 σπουδὴν,
3155 1610 3249 1661 καὶ
3325 1607 3468 1659 σκώ-

207 1711 362 1744 πτων
395 1694 609 1761 εὐφυῶς
654 1696 778 1757 τοὺς
842 1696 1279 1766 ἁμαρτάνοντας,
1336 1698 1476 1751 ὥστε
1512 1700 1904 1754 ἐπικαλύπτειν
1963 1705 2040 1774 τῷ
2089 1706 2283 1774 γελοίῳ
2347 1706 2436 1757 τὸν
2489 1704 2732 1771 ἔλεγχον.
2812 1702 2904 1763 El;
2962 1699 3093 1767 ὕψος
3145 1698 3239 1750 καὶ
3294 1699 3467 1766 μῆκος

206 1777 319 1833 οἷον
341 1783 661 1851 θαυμάσιον.
696 1785 858 1837 Ὥστε
895 1786 962 1838 τά
1015 1787 1216 1855 ἀρχαῖα
1251 1791 1344 1842 καὶ
1393 1790 1529 1859 πρὸς
1570 1791 1631 1841 τὸ
1676 1790 1919 1857 μυθῶδες
1966 1796 2353 1865 ἐκνενικηκότα
2415 1794 2612 1865 μηκέτι
2680 1792 2882 1847 ἄπιστα
2948 1786 3107 1841 εἶναι.
3158 1786 3270 1840 Καὶ⁸
3345 1786 3466 1855 ᾔτει

207 1878 342 1945 παρ’
362 1878 487 1943 ἐμοὶ
518 1877 782 1948 ὑποδοχὴν
810 1878 1199 1931 λανθάνουσαν.

280 1966 413 2039 [574
462 1966 549 2037 11.]
593 1967 651 2020 ὐ
705 1970 761 2021 δὲ
806 1970 1089 2031 Θεοσέὁιος
1129 1969 1222 2021 τὸν
1272 1972 1369 2041 τῆς
1424 1974 1779 2042 σωφροσύνης
1814 1981 1856 2034 Β

1814 1981 1856 2034 Β
1953 1974 2287 2028 Theosebius
2336 1972 2605 2028 castitatis
2644 1970 2948 2033 annulum,
2989 1984 3147 2037 quem
3196 1967 3463 2020 accedens

207 2057 518 2121 δακτύλιον,
547 2056 606 2109 δν
628 2059 654 2108 ὁ
677 2058 937 2119 Χαλδαῖος
971 2059 1016 2091 ⁸⁸
1056 2059 1239 2111 είσιὼν
1276 2063 1627 2129 παραδίδωσι,
1659 2065 1781 2117 τοῦ·

1887 2067 2010 2121 vilis
2032 2067 2295 2134 quispiam
2322 2065 2490 2127 dedit,
2527 2062 2797 2116 adornans
2847 2062 3001 2113 uxori
3039 2060 3206 2121 dedit,
3237 2058 3462 2109 dicens:

206 2165 301 2199 τον
332 2140 491 2206 οὗτος
541 2148 1111 2218 κατασκευασάμενος,
1140 2152 1453 2219 προσελθὼν
1479 2157 1542 2223 τῇ
1574 2157 1788 2221 γυναικὶ

1891 2156 2027 2212 Olim
2059 2156 2151 2207 tibi
2213 2157 2462 2207 annulum
2495 2152 2619 2205 dedi
2646 2150 3030 2219 conjunctionis
3069 2149 3299 2217 ﬁliorum
3337 2163 3461 2214 pro-

208 2238 315 2306 ἔφη
344 2255 358 2267 ·
398 2237 588 2291 Πάλαι
612 2237 727 2307 μέν
762 2254 861 2291 σοι
901 2239 1228 2294 ἐπιδέδωκα
1261 2242 1584 2297 δακτύλιον
1612 2245 1789 2312 ἁρμο-

1890 2250 2259 2308 creamlorum,
2289 2260 2422 2297 nunc
2454 2242 2549 2295 tibi
2584 2245 2652 2294 do
2698 2242 3050 2309 temperantia:
3077 2282 3091 2304 ,
3137 2240 3224 2307 qui
3265 2238 3358 2291 tibi
3394 2237 3463 2290 ad

207 2332 372 2396 στὴν
400 2332 764 2399 παιδουρτοῦ
786 2333 1175 2400 συμϐιώσεως
1199 2348 1212 2362 ·
1247 2336 1317 2387 τὰ
1345 2335 1461 2388 νῦν
1480 2336 1545 2388 δὲ
1574 2338 1790 2389 τοῦτον

207 2422 525 2489 ἐπιδίδωμί
555 2438 653 2476 σοι
692 2424 1142 2491 σωφρονιστὴν,
1184 2424 1510 2491 ἐπίκουρον
1550 2428 1596 2457 ⁹⁰
1640 2442 1788 2494 παρ-

210 2515 515 2580 εσόμενον
552 2512 713 2583 [1076
744 2513 833 2583 IL]
858 2512 969 2579 τῆς
1002 2515 1315 2581 σώφρονος
1367 2516 1686 2583 οἰκουρίας.
1727 2516 1789 2568 Ἡ

210 2605 268 2657 δὲ
324 2606 582 2671 ἁσμένως
640 2604 880 2667 ἐδέξατο,
922 2605 1015 2657 καὶ
1057 2605 1317 2676 συνέζησε
1369 2607 1447 2677 τῷ
1495 2608 1649 2675 ἀνδρὶ
1700 2610 1791 2660 τὸν

210 2694 406 2746 λοιπὸν
465 2696 655 2763 χρόνον
712 2695 838 2747 ἄνευ
890 2696 1213 2764 σωματικῆς
1269 2698 1573 2760 κοινωνίας.
1603 2700 1693 2766 Τῷ
1736 2702 1791 2752 δὲ

213 2782 576 2851 φυλακτηρίῳ
605 2781 777 2851 τούτῳ
814 2782 875 2833 τὸ
914 2783 1242 2851 δραστήριον
1278 2786 1375 2836 οὐκ
1401 2788 1492 2839 ἐπὶ
1526 2789 1590 2855 τῇ
1622 2788 1664 2817 ⁸⁸
1690 2804 1791 2855 γα-

214 2875 354 2941 μετῇ
396 2871 578 2938 μόνον,
608 2871 744 2924 ἀλλά
778 2873 870 2925 καὶ
892 2873 975 2941 ἐφ’
1002 2874 1195 2926 ἑαυτοῦ
1226 2875 1391 2928 πάλαι
1442 2876 1621 2928 εἰώθει
1658 2895 1794 2947 μαρ-

212 2966 444 3031 τυρεῖν·
494 2964 588 3015 καὶ
640 2963 749 3029 γὰρ
803 2963 892 3015 ὅτε
947 2963 1210 3033 νεώτερος
1246 2961 1337 3034 ἦν,
1391 2968 1657 3036 ὡμολόγει
1700 2970 1793 3020 καὶ

215 3054 383 3113 αὑτὸς
416 3052 771 3119 ἀγωνιεῖσθαι
802 3054 846 3083 ⁸⁸
877 3054 967 3105 τὸν
1006 3054 1255 3117 παιδείας
1282 3056 1467 3122 ἀγῶνα
1496 3059 1632 3127 πρὸς
1667 3060 1792 3121 τοὺς

211 3143 641 3211 γενεσιουργοὺς
693 3144 1022 3211 πολεμίους,
1054 3146 1181 3208 τούς
1224 3164 1281 3198 τε
1322 3147 1518 3211 ἔξωθεν
1556 3150 1793 3201 ἐπιτιθε-

213 3235 415 3304 μένους
451 3235 545 3286 καὶ
584 3235 710 3297 τοὺς
729 3235 875 3287 ἔνδον
901 3236 947 3268 ⁸³
980 3238 1349 3307 προδιδόντας.
1385 3240 1682 3293 Καταϐοῶν
1734 3241 1789 3293 δὲ

1891 2349 2090 2390 castam
2141 2338 2323 2387 domus
2350 2333 2640 2386 custodiam
2672 2333 2970 2400 adjumento
3006 2332 3216 2399 futurus
3247 2339 3343 2384 est.
3371 2329 3460 2382 llla

1890 2445 2017 2482 vero
2046 2431 2270 2482 libenter
2294 2427 2519 2495 accepit,
2562 2435 2617 2480 et
2655 2425 2861 2493 reliquo
2917 2433 3155 2492 tempore
3184 2438 3304 2475 Cum
3346 2423 3463 2475 viro

1892 2530 2038 2575 caste
2074 2520 2225 2573 vixit.
2267 2518 2377 2571 Hoc
2414 2518 2751 2572 munimento
2805 2532 2907 2571 non
2942 2516 2994 2569 in
3027 2530 3195 2569 uxore
3242 2513 3415 2567 solum
3445 2552 3462 2577 ,

1891 2613 1983 2667 sed
2014 2614 2175 2664 etiam
2218 2613 2270 2664 in
2303 2626 2360 2664 se
2407 2610 2837 2679 magnitudinem
2877 2608 3038 2660 animi
3078 2606 3262 2659 testari
3309 2604 3454 2659 sole-

1894 2704 2003 2755 bat.
2040 2701 2248 2753 Etenim
2276 2700 2486 2765 juvenis
2529 2714 2649 2752 cum
2684 2704 2849 2761 esset,
2899 2703 3126 2747 testatus
3182 2703 3265 2746 est
3293 2693 3459 2745 etiam

1895 2794 2029 2860 ipse,
2060 2790 2379 2844 eruditionis
2395 2797 2669 2841 certamen
2700 2786 2931 2839 subiisse
2954 2799 3011 2837 se
3042 2798 3163 2837 cum
3191 2781 3461 2842 hostibus,

1893 2883 1982 2952 qui
2048 2880 2453 2949 generationem
2505 2885 2899 2943 procurarent,
2960 2884 3065 2927 tam
3122 2874 3461 2926 extrinsecus

1894 2974 2271 3034 imminentes,
2331 2985 2490 3037 quam
2532 2969 2675 3021 intus
2736 2967 3090 3033 proditionem
3135 2963 3460 3024 molientes;

1895 3063 2195 3117 reclamans
2223 3068 2399 3112 autem
2432 3058 2680 3110 omnibus
2712 3056 2981 3115 sensibus,
3016 3053 3251 3105 maxime
3296 3049 3460 3102 tactui

1894 3152 2241 3207 reclamabat.
2299 3149 2451 3202 llunc
2505 3147 2649 3200 enim
2692 3160 2813 3198 esse
2880 3158 3068 3196 revera
3118 3151 3461 3202 terrestrem,

1897 3243 2174 3305 rebellem,
2207 3241 2512 3295 trahentem
2544 3236 2783 3289 animam
2839 3236 2904 3288 ad
2938 3248 3229 3302 perennem
3256 3230 3460 3284 fontem

208 3327 322 3379 τῶν
351 3329 661 3398 αἰσθήσεων
688 3331 902 3396 πασῶν,
927 3336 1126 3399 μᾶλλον
1153 3337 1261 3389 τῶν
1291 3338 1465 3392 ἀλλων
1503 3340 1599 3408 τῆς
1630 3341 1791 3392 ἀπτι-
1818 3314 1858 3366 C

609 3348 661 3383 ον
688 3331 902 3396 πασῶν,
927 3336 1126 3399 μᾶλλον
1153 3337 1261 3389 τῶν
1291 3338 1465 3392 ἀλλων
1503 3340 1599 3408 τῆς
1630 3341 1791 3392 ἀπτι-
1818 3314 1858 3366 C
1892 3332 2270 3403 generationis.

208 3418 315 3485 κῆς
346 3420 614 3473 κατεσόν
647 3415 791 3473 that
828 3424 938 3493 γὰρ
969 3426 1141 3495 αὐτὴν
1180 3428 1256 3498 τῷ
1284 3430 1399 3481 om
1455 3430 1672 3499 χθονίαν
1716 3430 1808 3482 καὶ
1843 3426 2133 3481 ἀντίτυπον
2174 3423 2269 3477 καὶ
2315 3422 2679 3475 κατασπῶσαν
2706 3422 2804 3490 τὴν
2838 3418 3015 3489 ψυχὴν
3081 3418 3160 3480 είς
3207 3416 3298 3468 τὸν
3364 3412 3466 3485 τῆς

211 3510 482 3574 γενέσεως
513 3510 706 3563 ἀέναον
728 3510 781 3542 ⁸⁸
807 3512 1012 3581 ὀχετόν.

921 3602 1012 3654 ΣΜ
1020 3603 1090 3656 Γ’.

212 3686 321 3740 Ἐκ
343 3687 451 3741 τοῦ
501 3687 751 3757 Ἰμερίου
797 3692 903 3743 τοῦ
959 3692 1260 3760 σοφιστοῦ
1298 3693 1569 3764 διάφοροι
1620 3699 1791 3767 μελέ-

947 3778 1059 3816 ται.

298 3846 638 3917 Ἀνεγνὼσθη
671 3851 734 3901 ὲκ
760 3850 867 3901 τῶν
908 3850 1138 3921 Ἰμερίου
1186 3855 1282 3907 τοῦ
1316 3857 1573 3924 σοφιστοῦ
1602 3859 1648 3891 ’⁸
1678 3860 1789 3912 διά-

212 3950 373 4001 φοροι
402 3935 681 3989 Μελέται.
707 3937 845 4001 Τοὺς
871 3940 1237 4013 ὡραιοτέρους
1266 3945 1321 3997 δὲ
1364 3946 1472 3998 τῶν
1509 3948 1672 3999 αὑτοῦ
1698 3949 1788 4002 λό-

214 4041 331 4092 γων
355 4026 389 4094 ἡ
417 4025 617 4094 ἐκλογὴ
657 4026 966 4099 δρεπομένη
1001 4032 1098 4094 τὴν
1146 4033 1354 4090 τούτων
1395 4037 1606 4091 ἔκδοσιν
1657 4040 1791 4093 ἀπο-

214 4116 542 4185 θησαυρίζει
573 4118 640 4170 ’⁸.

227 4206 334 4260 Ἐκ
379 4207 485 4261 τοῦ
536 4208 689 4276 ὑπὲρ
734 4212 1155 4335 Δημοᾶωέτςους
1199 4215 1533 4285 Ὑπερίδου,
1566 4221 1636 4274 ἐκ
1680 4222 1788 4289 τῆς

913 4300 1142 4335 amomo.

913 4300 1142 4350 εωριας.

288 4364 571 4429 ’Υποπτος
608 4369 707 4437 μὲν
741 4370 834 4423 καὶ
875 4373 1116 4443 σφαλερὰ
1163 4376 1325 4427 παντὶ
1367 4376 1524 4447 δήμῳ
1565 4380 1786 4449 τοιαύτη

217 4455 525 4527 συμϐουλὴ,
559 4459 653 4511 καὶ
694 4461 757 4512 οὐ
800 4462 972 4531 μικρά
1013 4464 1258 4517 λυποῦσα
1307 4467 1441 4535 πρὸς
1478 4469 1649 4521 πειθὼ
1700 4472 1789 4523 τὸν

215 4544 510 4600 ἀκούοντα.
569 4549 893 4620 Ἀμφότεροι
938 4554 1044 4621 γὰρ
1075 4554 1359 4622 δημοτικοὶ
1408 4561 1501 4611 καὶ
1550 4560 1685 4628 πρδς
1729 4560 1790 4613 τὸ

217 4634 430 4703 βέλτιον
470 4637 870 4708 ὑπειλημμένοι
922 4644 1301 4711 τυγχάνουσιν.
1350 4648 1485 4701 Οὐδὲ
1542 4654 1654 4714 τοῖς
1691 4670 1786 4719 γυ-

2551 3592 2824 3649 CCXLI".

2190 3689 2410 3744 Himerii
2437 3686 2699 3753 Saphistar
2727 3685 3166 3739 Declamationu.

1968 3848 2095 3918 Legi
2128 3848 2391 3914 quasdam
2426 3844 2844 3897 Declamationu
2893 3839 3123 3894 Himerii
3171 3840 3461 3907 Sophist:e.

1903 3939 2301 4009 Elegantiorum
2334 3952 2462 3991 vero
2490 3936 2609 4005 ejus
2626 3950 2935 3989 sermonum
2968 3931 3221 3987 collectio
3243 3938 3466 3985 exarata

1896 4030 2123 4083 istorum
2149 4027 2439 4082 editionem
2468 4026 2734 4080 recondit.

1900 4226 1985 4283 Ex
2010 4230 2245 4282 oratione
2269 4224 2550 4297 Hyperidis
2576 4241 2669 4293 pro
2694 4225 3057 4278 Demosthene.
3112 4223 3191 4276 E1:
3220 4222 3465 4278 Theoria.

1969 4383 2226 4453 Suspecta
2254 4392 2307 4435 et
2333 4382 2632 4450 periculosa
2673 4382 2922 4433 omnibus
2964 4383 3080 4434 hazc
3144 4380 3468 4432 deliberatio

1896 4485 1999 4539 est,
2066 4487 2418 4543 magnamque
2482 4472 2642 4525 habet
2702 4461 3091 4531 diﬂicultatem,
3176 4478 3468 4531 antequam

1896 4562 2126 4615 auditori
2152 4560 2492 4630 persuadeat.
2528 4560 2608 4611 Ad
2634 4558 2884 4627 p0pulum
2916 4558 2996 4611 hac
3027 4558 3145 4610 dum
3171 4558 3389 4621 habitae,
3414 4567 3470 4608 et

1896 4668 2055 4721 quam
2085 4653 2285 4720 optime
2318 4651 2606 4704 elaboratae
2634 4668 2647 4702 :
2689 4649 2951 4715 siquidem
2976 4664 3079 4701 non
3130 4648 3469 4713 simplicibus

218 4726 378 4791 μνοῖς
408 4726 642 4795 χρῆσθαι
661 4729 771 4781 τῶν
795 4730 1094 4799 ὀνομάτων,
1112 4734 1249 4788 άλλά
1276 4740 1387 4799 τοῖς
1405 4738 1471 4790 δι’
1500 4741 1792 4809 ἐμφάσεως
1818 4734 1871 4793 D

1818 4734 1871 4793 D
1898 4754 1949 4797 et
1975 4744 2130 4797 nudis
2165 4743 2475 4797 nomiuilms
2526 4750 2777 4803 utuntur,
2808 4740 2898 4793 sed
2950 4740 3039 4804 iis,
3076 4755 3195 4807 qua:
3219 4740 3466 4806 emphasi

214 4816 278 4867 τὸ
314 4816 562 4886 βούλημα
604 4821 982 4889 σημαίνουσιν.

443 4907 543 4962 Ἕκ
573 4909 682 4977 τῆς
706 4912 966 4979 μελέτης
992 4916 1141 4969 αὐτὸ
1165 4918 1231 4970 τὸ
1254 4921 1569 4988 προοίμιον

298 4995 457 5065 ’ῼετο
493 4998 612 5066 μὲν,
646 4993 691 5052 ὦ
732 5000 1027 5071 Ἀθηναῖοι,
1061 5005 1323 5070 Φίλιππος
1352 5009 1417 5061 δι’
1456 5011 1573 5073 ἑνὸς
1602 5010 1793 5065 τούτου

222 5091 584 5159 κηρύγματος
606 5091 666 5142 οὐ
708 5094 1055 5165 Δημοσθένην
1078 5099 1122 5129 ⁸⁷
1156 5100 1335 5167 μόνον,
1365 5101 1501 5153 ἀλλὰ
1531 5105 1625 5156 καὶ
1654 5104 1793 5157 πάν-

216 5197 320 5241 τας
358 5180 510 5249 ὑμῶν
556 5182 959 5252 ἀφαιρήσεσθαι
986 5188 1032 5219 ’⁸
1078 5192 1203 5252 τοὺς
1254 5191 1645 5260 δημαγωγοὺς,
1679 5196 1792 5247 ὅσοι

221 5271 343 5341 μετ’
395 5270 599 5323 ἐκείνου
631 5272 814 5337 δόντες
867 5278 1091 5343 ἑαυτοὺς
1135 5285 1200 5349 τῇ
1232 5283 1509 5353 πολιτεία,
1545 5285 1794 5354 Φιλίππῳ

224 5363 327 5431 μὲν
350 5361 550 5416 ἄϐατον
579 5363 678 5417 τὴν
721 5366 993 5439 Ἀττικὴν,
1025 5375 1091 5443 τῇ
1132 5374 1284 5427 πόλει
1313 5374 1370 5427 δὲ
1410 5378 1665 5447 ἀκέραιον
1697 5380 1791 5448 μέ-

1905 4836 2139 4902 quadam
2176 4834 2464 4887 consilium
2497 4834 2698 4886 clarius
2728 4834 3010 4885 exhibent.

2147 4924 2320 4991 Hujus
2358 4924 2769 4977 Declamationis
2794 4928 2889 4975 hoc
2912 4923 3243 4990 prooemium.

1973 5016 2269 5085 Philippus,
2305 5017 2681 5077 Athenienses,
2715 5031 2818 5068 non
2855 5014 3271 5067 Demosthenem
3296 5014 3471 5065 solum

1901 5109 2001 5162 hoc
2032 5124 2138 5161 uno
2155 5109 2482 5173 edicto,|sed
2517 5106 2820 5173 etreliquos
2847 5115 3059 5157 vestros
3080 5115 3348 5165 oratores,
3379 5102 3470 5170 qui

1901 5215 2022 5253 cum
2050 5199 2141 5252 illo
2171 5214 2227 5253 se
2253 5207 2391 5253 totos
2428 5197 2731 5265 reipublicae
2761 5194 2953 5264 3530
2977 5196 3255 5254 dederant,
3282 5193 3472 5245 existi-

1903 5290 2072 5341 mavit
2099 5304 2157 5343 se
2192 5290 2521 5343 ablaturum.
2580 5286 2851 5340 Hactenus
2886 5284 3101 5353 quidem
3152 5282 3464 5350 Philippum

1902 5383 2076 5434 Attica
2105 5380 2499 5450 prohibuimus,
2531 5380 2759 5446 urbique
2792 5381 2855 5431 ad
2887 5378 3001 5430 haec
3025 5388 3197 5444 usque
3226 5385 3471 5440 tempora

1535 5488 1620 5543 VA
1632 5490 1767 5543 ΠΙΑΞ
1796 5489 2086 5545 LECTION
2098 5491 2199 5547 ES.

294 5573 342 5650 ’ξ
371 5573 498 5650 ικαὶ-
524 5574 985 5650 προσηγάσθησαν
1021 5576 1135 5639 πῶς
1164 5571 1263 5650 οίει
1296 5578 1497 5650 σφόδρα
1540 5580 1630 5632 τὸν
1688 5580 1926 5650 Πρόκλον
1986 5581 2186 5634 Suidas
2240 5597 2291 5631 v.
2340 5576 2830 5650 Προσηγάσθηςαγ.
2875 5574 3316 5650 ,⁸⁸-ἐκ6ε6ηκότα
3350 5574 3406 5650 _C
3447 5592 3461 5627 :

223 5641 657 5743 ξμσεϐηκόαας.
690 5641 783 5676 ’τ’
807 5641 1016 5713 χυ-δαίος
1036 5665 1095 5710 ς.
1172 5648 1218 5677 ’⁸
1236 5641 1524 5729 irrit-coupr
1560 5667 1640 5702 σοι
1673 5641 1743 5702 πα

306 5710 516 5786 ἔνδοθεν
562 5714 618 5767 Β.
644 5785 649 5786 ν
674 5716 733 5786 γ⁹⁵
762 5716 983 5786 ἀένναον
1011 5734 1069 5779 ς.
1097 5785 1101 5786 ν
1145 5718 1190 5747 ’⁸
1222 5733 1494 5786 σοφιστοῦ.
1574 5720 1619 5751 ’⁸
1640 5720 1743 5772 ἀπο

229 5780 463 5852 μιοσθένη
501 5800 561 5847 ς.
636 5785 687 5817 ’⁸
714 5784 1172 5855 ἀφαιρεθήσεσθαι
1207 5788 1269 5839 Α.

1172 5648 1218 5677 ’⁸
1236 5642 1524 5717 ἐπίκουρόν
1560 5667 1640 5702 σοι
1673 5642 1750 5702 πα
1787 5667 1869 5702 εσ.
1892 5668 1950 5714 ς.
2028 5652 2068 5681 ⁹¹
2091 5650 2295 5770 τῖέοιιιι.
2322 5642 2411 5705 Α(
2460 5642 2914 5714 ⁹⁸’ἀγωνιείσθαι].
2948 5645 3055 5697 imo
3076 5642 3459 5711 ἀγωνίζεσθαι.

1172 5718 1190 5747 ⁵
1222 5720 1494 5773 σοφιστοῦ.
1574 5720 1619 5751 ’⁸
1640 5667 2061 5773 ἀποεησαυοίζει
2091 5721 2131 5771 Α
2202 5727 2253 5773 et
2275 5734 2383 5773 ma.
2416 5718 2455 5771 (ἶ
2499 5735 2512 5770 :
2568 5713 2814 5773 σοφιστοῦ
2876 5713 3115 5773 μελετῶν
3147 5730 3204 5773 ς.
3282 5714 3325 5745 ’⁷
3356 5714 3459 5773 An—

1781 5713 2061 5791 ησαυρίςει
2091 5713 2176 5771 ΑΒ
2202 5727 2253 5774 et
2275 5734 2383 5787 mg.
2416 5718 2455 5771 (ἶ
2499 5735 2512 5770 :
2568 5713 2814 5785 σοφιστοῦ
2876 5713 3115 5782 μελετῶν
3147 5730 3204 5777 ς.
3282 5714 3325 5745 ’⁷
3356 5714 3459 5781 An—
