4206 6436
744 384 875 451 1311

1823 386 2085 446 PHOTlI
2125 380 2627 445 PATRIARCHAE
2667 382 2766 441 (ΣΡ.

3852 380 3997 445 1312

742 512 856 553 sco.
912 494 1019 549 Vos
1063 493 1207 547 enim
1265 494 1415 557 estis,
1454 494 1545 563 qui
1586 509 1683 563 pro
1720 494 1983 548 institutis
2021 495 2307 562 majorum,
2340 529 2346 548 1

2430 492 2467 543 ss
2522 490 2799 543 Θάλασσαν
2849 488 3129 559 τροπαίων
3162 489 3301 558 ὑπὲρ
3343 487 3457 541 ’τῶν
3511 488 3694 558 νόμων
3757 492 3855 542 καὶ
3898 492 4005 559 τῆς

739 601 792 645 et
816 603 911 658 pro
935 586 1205 647 libertate,
1238 594 1378 638 terra
1406 586 1646 652 marique
1671 596 1869 652 tropaea
1895 585 2108 639 llxistis.
2138 584 2313 637 Tanto

741 677 983 731 exercitu
1013 676 1231 729 advenit
1269 674 1495 737 Xerxes,
1530 684 1729 726 terram
1789 685 1843 727 et
1892 688 2041 725 mare
2094 688 2311 739 permu-

744 778 886 832 tans,
928 776 984 819 ut
1013 788 1020 827 ι
1047 774 1256 819 etentes
1286 766 1498 833 glebam
1523 773 1575 816 et
1599 764 1859 833 cyathum
1889 764 2007 816 loco
2034 763 2313 816 concionis

743 858 797 911 in
834 856 1147 909 barathrum
1182 854 1497 921 coniecerit.
1529 852 1597 904 At
1651 854 1762 920 ipsa
1789 853 1983 905 civitas
2026 849 2311 905 elementis

743 950 830 1003 his
858 948 1048 1000 fortior
1086 945 1405 1013 permansit.
1438 944 1705 1009 Quoniam
1760 943 1885 996 licet
1948 942 2089 1005 aliis,
2131 952 2190 993 ut
2236 944 2315 994 sic

745 1042 993 1103 dixerim,
1026 1040 1233 1108 singula
1275 1053 1461 1090 eorum
1489 1052 1606 1106 qua:
1637 1047 1788 1102 gesm
1820 1044 1968 1095 sunt,
1994 1036 2181 1088 eadem
2218 1049 2316 1086 na-

748 1144 863 1186 tura
907 1148 1027 1186 esse
1061 1131 1364 1195 videamur,
1416 1129 1592 1197 specie
1634 1138 1811 1181 tamen
1868 1127 2311 1191 distinguuntur:

745 1225 893 1278 verbi
938 1225 1109 1294 gratia
1145 1223 1339 1290 aliquis
1378 1222 1681 1290 proximum
1738 1220 2008 1289 percutit;
2055 1220 2107 1271 in
2143 1228 2312 1272 certa-

746 1318 889 1368 mine
925 1317 968 1368 si
1002 1315 1215 1377 vicerit,
1255 1328 1510 1367 coronam
1551 1312 1788 1373 habebit,
1832 1319 1981 1363 extra
2034 1320 2313 1363 certamen

747 1420 934 1473 poenas
961 1404 1129 1457 dabit.

819 1495 1227 1563 Deploravimus
1251 1494 1437 1545 urbem
1474 1497 1610 1546 hanc
1642 1492 1770 1546 olim
1798 1506 1826 1546 a
1884 1491 2127 1559 tyrannis
2158 1505 2315 1545 ever-

746 1602 883 1648 sam,
922 1596 1097 1637 tamen
1124 1585 1265 1637 ultro
1312 1600 1471 1652 quam
1513 1584 1805 1639 defendere
1835 1583 2147 1646 debuinms,
2195 1598 2315 1637 eam

749 1675 914 1727 Medis
955 1674 1347 1728 incendendam
1386 1675 1724 1727 tradidimus.
1754 1671 1849 1726 llle
1896 1687 2016 1724 cum
2048 1672 2316 1739 Philippo,

746 1763 910 1817 etiam
959 1773 1081 1831 post
1117 1762 1481 1815 calamitatem
1526 1761 1963 1824 Chaerouensem,
2002 1760 2315 1813 societatem

750 1868 852 1906 non
885 1830 1024 1909 iniit.
1082 1851 1203 1906 Fuit
1228 1853 1381 1906 nobis
1426 1852 1715 1919 aliquando
1754 1852 1845 1906 illa
1879 1850 2234 1911 consuetudo,
2263 1860 2320 1901 ut
2354 1830 2397 1885 Β

749 1945 975 2000 Grarcire
1005 1960 1381 2014 przeessemus,
1433 1956 1485 2000 et
1514 1960 1608 2014 pro
1643 1946 1897 1999 libertate
1922 1953 2107 1998 contra
2134 1952 2323 2011 tyran-

752 2052 849 2090 nos
877 2037 1325 2106 depugnaremus.
1364 2035 1551 2090 Ortum
1573 2052 1600 2090 a
1626 2036 1860 2091 Miltiade
1879 2035 1992 2091 haec
2016 2035 2325 2098 lexhabuit,

751 2126 932 2180 floruit
954 2128 1054 2180 sub
1084 2126 1472 2189 Themistocle,
1508 2128 1758 2195 pervenit
1791 2142 1962 2195 usque
2018 2126 2325 2192 Cimonem,

750 2228 963 2271 servata
997 2227 1079 2271 est
1131 2220 1229 2272 sub
1263 2216 1495 2281 Pericle,
1534 2217 1680 2271 culta
1748 2218 1849 2270 sub
1906 2216 2211 2283 Alcibiade,
2274 2227 2329 2271 et

750 2323 851 2377 ego
889 2322 1007 2361 eam
1041 2317 1313 2361 servatam
1369 2308 1686 2372 voluissem,
1722 2308 1819 2362 sed
1884 2306 2108 2363 libidine
2136 2324 2330 2363 assen-

754 2399 1063 2467 tationeque
1100 2400 1437 2467 proditorum
1477 2400 1731 2469 abrogata
1769 2409 1872 2455 est.
1933 2401 2164 2469 Imperio
2195 2401 2328 2457 alios

752 2490 999 2543 exuimus
1025 2529 1040 2553 ,
1086 2489 1283 2559 355a
1310 2506 1415 2543 non
1464 2491 1865 2551 contradixisti,
1896 2508 1924 2544 a
1974 2494 2149 2561 patrio
2181 2509 2330 2547 more

756 2582 1141 2636 discessimus:
1180 2597 1284 2635 non
1318 2595 1648 2649 conquestus
1679 2597 1763 2635 es.
1802 2583 1916 2635 Non
1982 2584 2149 2637 cessit
2200 2586 2327 2637 urbs

758 2680 942 2725 nostra
990 2671 1526 2736 Lacedaemoniorum
1563 2673 1679 2726 urbi
1708 2674 1775 2725 ad
1829 2672 2099 2727 Siciliam.
2133 2673 2327 2726 Verum

759 2770 868 2813 tota
903 2760 1074 2814 insula
1115 2777 1276 2814 uuam
1308 2773 1525 2815 aetatem
1558 2772 1709 2816 extra
1752 2763 1979 2829 patriam
2020 2766 2279 2833 transegit
2312 2782 2324 2817 :

757 2850 887 2902 urbs
913 2865 1043 2903 vero
1070 2852 1183 2905 haec
1209 2853 1371 2905 etiam
1400 2852 1462 2903 ad
1500 2851 1845 2905 Occidentem
1868 2856 2145 2921 prudentia
2178 2856 2330 2907 inex-

759 2940 1064 3008 pugnabilis
1095 2943 1415 3009 permansit.
1448 2943 1571 3005 Fac,
1613 2944 1657 2995 si
1692 2943 1843 3007 libet,
1880 2945 2181 3013 improbum
2204 2961 2329 3003 esse

760 3027 1099 3093 Escbinem,
1169 3032 1466 3099 perniciem
1546 3031 1927 3097 Phocensium,
1997 3037 2327 3101 proditorem

2418 580 2729 649 ἐλευθερίας
2778 580 3184 648 πληρώσαντες.
3247 578 3534 648 Ἐπολέμει
3595 580 3846 649 Ξέρξης,
3895 584 4005 649 γῆν

2420 672 2730 742 μεταποιῶν
2773 672 2869 723 καὶ
2899 670 3171 723 θάλατταν
3194 671 3260 734 ⁸⁷,
3295 671 3376 722 ὅτι
3406 672 3536 732 τοὺς
3568 671 3668 740 τὴν
3700 670 3874 739 βῶλον
3909 673 4006 724 καὶ

2415 764 2506 814 τὸν
2538 762 2736 814 κύαθον
2764 761 3089 829 αἰτήσαντες
3111 761 3175 813 τὸ
3206 760 3478 829 βάραθρον
3514 762 3637 811 ἀντὶ
3665 760 3766 828 τῆς
3800 761 4006 811 ἐκκλτι-

2420 856 2539 917 σίας
2594 854 2829 923 ἐδέχετο.
2870 852 3069 921 Ἀλλ’ή
3118 852 3272 915 πόλις
3311 851 3495 920 ἔμεινε
3548 850 3657 901 τῶν
3720 850 4007 917 στοιχείων

2418 948 2581 998 πλέον
2636 947 2913 1015 ἀκίνητος.
2971 944 3126 997 Ἐπεὶ
3176 945 3276 995 κάν
3330 946 3444 1005 τοῖς
3495 941 3702 1005 ἀλλοις,
3743 940 3820 1001 ὡς
3877 941 4007 1000 ἔπος

2418 1041 2615 1102 εἰπεῖν,
2653 1039 2759 1090 τῶν
2799 1036 3192 1108 πραττομένων
3217 1037 3467 1099 ἕκαστον,
3498 1036 3601 1089 κᾶν
3627 1033 3827 1086 ταύτὸν
3868 1028 4005 1082 εἶναι

2419 1131 2486 1198 τῇ
2525 1127 2684 1194 φύσει
2740 1127 2893 1195 δοκῇ,
2925 1126 3060 1179 ἀλλά
3091 1128 3157 1195 τῇ
3209 1127 3480 1195 προφάσει
3534 1124 3840 1193 μερίζεται.
3881 1114 4005 1171 Οἷον

2420 1220 2614 1272 τύπτει
2644 1236 2726 1280 τις
2753 1218 2841 1270 τὸν
2863 1217 3109 1286 πλησίον.
3144 1218 3242 1269 “Av
3276 1216 3375 1286 μὲν
3396 1218 3455 1267 ἐν
3480 1215 3683 1276 ἄθλοις,
3712 1212 3825 1281 ἔχει
3854 1212 4006 1277 νική-

2423 1328 2521 1369 σας
2558 1312 2649 1362 τὸν
2678 1311 2943 1376 στέφανον
2968 1324 2979 1336 ·
3016 1308 3081 1359 ἂν
3114 1308 3169 1359 δὲ
3201 1310 3299 1375 τῆς
3330 1306 3567 1372 ἀγωνίας
3598 1306 3778 1366 ἐκτὸς,
3814 1298 4003 1367 ὑπέχει

2420 1402 2483 1453 τὸ
2506 1401 2743 1469 τίμημα.

2506 1488 2872 1559 Ἐθρηνοῦμέν
2907 1504 3037 1540 ποτε
3062 1486 3439 1556 πορθουμένης
3465 1483 3568 1536 ὑπὸ
3589 1482 3699 1535 τῶν
3723 1485 4006 1550 τυράννων

2422 1584 2521 1651 τῆς
2556 1582 2797 1643 πόλεως·
2851 1581 2965 1633 ἀλλ’
2998 1580 3213 1641 ἑκόντες
3247 1577 3415 1645 αὐτὴν
3469 1576 3608 1644 ὑπὲρ
3637 1574 4006 1644 ἀνδραγαθίας

2422 1674 2501 1743 τῷ
2532 1675 2667 1744 πυρὶ
2690 1674 2797 1725 τῶν
2826 1672 3024 1740 Μήδων
3045 1671 3349 1738 ἐδώκαμεν.
3381 1669 3439 1719 Ὀ
3470 1668 3545 1736 μὴ
3571 1667 3827 1731 Φιλίππῳ
3858 1682 4008 1717 σπει-

2430 1767 2686 1835 σάμενος,
2719 1764 2853 1833 μηδὲ
2880 1763 3015 1831 μετά
3039 1762 3135 1829 τὴν
3157 1760 3359 1828 μεστὴν
3387 1760 3485 1825 τῆς
3508 1760 3749 1826 πονηρᾶς
3770 1758 3817 1788 ⁸⁸
3839 1762 4007 1825 τύχης

2428 1854 2787 1926 Χαιρώνειαν.
2816 1850 2923 1906 Ἦν
2974 1854 3104 1923 ἡμῖν
3148 1867 3279 1903 ποτε
3320 1850 3549 1917 πάτριον
3600 1848 3856 1917 ἡγεῖσθαι
3914 1847 4008 1913 τῆς

2438 1948 2687 2009 Ἐλλάδος
2746 1947 2840 1998 καὶ
2886 1948 2997 2007 τοῖς
3040 1943 3323 2012 τυράννοις
3356 1940 3497 2011 ὑπὲρ
3548 1942 3645 2009 τῆς
3694 1938 4009 2007 ἐλευθερίας

2428 2038 2915 2109 ἀνταγωνίζεσθαι.
2952 2037 3079 2110 [577
3101 2036 3193 2107 Η.]
3227 2027 3398 2097 Οὗτος
3426 2036 3454 2086 6
3491 2034 3652 2102 νόμος
3676 2032 3881 2100 ήρξατο
3915 2031 4011 2099 μὲν

2430 2134 2536 2185 ἀπὸ
2591 2132 2883 2185 Μιλτιάδου
2921 2130 3205 2200 πρότερον,
3241 2130 3459 2199 ήκμασε
3491 2128 3548 2178 δὲ
3604 2128 3693 2177 ἐπὶ
3742 2127 4008 2191 Θεμιστο-

2430 2224 2639 2287 κλέους,
2678 2222 2879 2291 κατὲὃη
2910 2224 2952 2253 ³⁸
2991 2221 3047 2272 δὲ
3082 2223 3161 2283 είς
3201 2221 3455 2289 Κίμωνα,
3494 2216 3768 2285 ἐφυλάχθη
3811 2218 3868 2268 δὲ
3909 2216 4011 2267 ὑπὸ

2431 2313 2782 2383 Περικλέους,
2804 2311 3121 2380 ἐθαυμάσθη
3142 2311 3198 2363 δὲ
3223 2312 3327 2363 ὑπὸ
3361 2309 3698 2361 Ἀλκιϐιάδου
3720 2326 3731 2338 '
3758 2308 3847 2359 ἐπ’
3877 2307 4010 2376 ἐμοῦ

2430 2408 2486 2460 δὲ
2524 2411 2590 2476 τῇ
2624 2406 2819 2475 γνώμῃ
2856 2406 2952 2473 μὲν
2980 2402 3243 2473 ἐτηρήθη,
3279 2405 3343 2471 τῇ
3370 2402 3506 2473 τύχῃ
3534 2402 3576 2433 ³⁸
3607 2401 3660 2453 δέ
3693 2402 3785 2452 καὶ
3816 2402 3882 2468 τῇ
3923 2416 4012 2449 κοο

2431 2498 2625 2566 λακείᾳ
2668 2495 2776 2548 τῶν
2819 2494 3177 2565 προδιδόντων
3217 2493 3556 2561 διέφθαρται.
3602 2492 3946 2557 ’Λπέστημεν
3968 2490 4009 2518 ³⁸

2434 2591 2640 2658 ἑτέροις
2662 2588 2759 2656 τῆς
2790 2586 3087 2657 ἡγεμονίας
3108 2603 3121 2615 ·
3164 2586 3263 2637 οὐκ
3300 2587 3553 2645 άντεῖπες
3578 2584 3622 2614 ³³
3646 2599 3661 2613 ο
3686 2582 4011 2651 παρεχωρή-

2436 2697 2607 2749 σαμεν
2632 2678 2726 2730 τοῦ
2754 2677 2983 2745 πατρίου
3008 2678 3285 2745 σχήματος
3305 2694 3317 2707 ο
3351 2676 3449 2726 οὐκ
3466 2673 3875 2742 ἠγανάκτησας.
3900 2672 4015 2723 Οὐκ

2433 2766 2543 2836 εἶξε
2593 2770 2732 2839 μετά
2780 2770 3028 2821 Σικελίαν
3075 2766 3523 2835 Λακεδαιμονίοις
3573 2767 3606 2833 ἡ
3652 2763 3805 2825 πόλις
3842 2778 3855 2791 ⁸
3900 2763 4014 2816 ἀλλ’

2434 2866 2469 2934 ἡ
2503 2863 2598 2932 μὲν
2628 2863 2787 2929 νῆσος
2827 2860 2923 2929 τὴν
2974 2859 3189 2928 ἡλικίαν
3221 2858 3348 2923 ὃλην
3380 2858 3689 2926 ἐχώρησεν,
3716 2856 3926 2924 ἡπόλις
3958 2854 4015 2904 δὲ

2436 2954 2617 3024 ἔμεινε
2639 2954 2715 3022 τῷ
2732 2953 3038 3021 φρονήματι
3057 2951 3149 3002 καὶ
3174 2951 3307 3015 μετά
3325 2949 3421 3017 τὴν
3448 2948 3687 3015 ἑσπέραν
3717 2947 4013 3006 ἀνάλωτος.

2449 3045 2610 3098 Ἀλλά
2662 3042 2897 3111 πονηρὸς
2941 3041 3217 3109 Αἰσχίνης.
3288 3037 3559 3107 Πρόσθες,
3602 3038 3648 3087 εί
3695 3036 3895 3105 βούλει,
3924 3037 4018 3086 καὶ

760 3124 1027 3191 Thraciae,
1066 3125 1345 3179 interitum
1405 3127 1757 3194 Cersoclepti,
1790 3139 1843 3179 et
1890 3128 1933 3180 si
1975 3129 2169 3196 quibus
2210 3130 2331 3182 aliis

2436 3136 2665 3189 Φωκέων
2688 3135 2910 3203 ὖλεθρον
2936 3134 3027 3186 καὶ
3046 3132 3339 3201 προδοσίαν
3362 3131 3580 3199 Θράκης
3603 3130 3698 3181 καὶ
3734 3128 4018 3195 ἀναίρεσιν

763 3214 1072 3269 nominibus
1124 3214 1383 3283 iniuriose
1413 3217 1671 3284 pepnlum
1727 3225 1987 3282 tractans,
2032 3219 2333 3287 appellatus

758 3313 862 3357 est.
920 3303 1153 3359 Athenis
1196 3307 1339 3359 enim
1397 3320 1613 3375 semper
1670 3322 1773 3359 una
1828 3321 1949 3360 cum
2008 3309 2329 3375 fertilitate,

761 3404 946 3448 contra
980 3395 1216 3461 Graecos,
1244 3412 1277 3451 ο
1308 3398 1685 3460 Athenienses,
1721 3400 1989 3453 succrevit
2018 3412 2067 3454 et
2104 3401 2331 3454 vitium.

760 3485 955 3540 Multos
987 3488 1201 3555 quidem
1237 3489 1537 3556 degeneres
1582 3503 1956 3556 saepenumero
2014 3495 2142 3545 urbs
2205 3508 2336 3546 con-

761 3578 1018 3642 servavit,
1052 3594 1154 3631 non
1180 3594 1365 3633 eormn
1400 3579 1690 3635 factionem
1742 3585 2003 3649 probans,
2058 3584 2149 3638 sed
2190 3586 2335 3638 cala-

762 3666 1001 3719 unitatem
1058 3667 1333 3719 miserata.
1383 3665 1590 3720 Nemini
1634 3683 1872 3736 unquam
1921 3679 2107 3722 contra
2155 3670 2323 3737 leges,

762 3759 999 3826 quandiu
1033 3756 1377 3825 prudentiam
1435 3758 1683 3821 retinuit,
1712 3759 1951 3826 subjecta
2021 3758 2144 3813 fuit.
2196 3761 2333 3825 Quid

765 3851 928 3919 igitur
962 3868 1065 3905 non
1104 3854 1214 3920 jam
1249 3852 1530 3915 denuntio,
1576 3854 1706 3920 quin
1764 3854 1869 3905 vita
1908 3854 2058 3921 prius
2109 3854 2333 3919 decedo,

765 3956 925 4008 quam
954 3942 1161 3994 videam
1190 3942 1329 3995 hanc
1357 3944 1542 3995 urbem
1566 3944 1824 3997 servitute
1847 3945 2197 4013 oppressam?
2229 3948 2337 4011 Ego

766 4032 909 4083 idem
940 4032 1053 4097 ipse
1086 4047 1215 4086 sane
1249 4048 1352 4085 non
1391 4033 1550 4086 talem
1584 4050 1703 4088 esse
1753 4051 2024 4089 rumorem
2062 4038 2334 4103 existimo,

764 4125 975 4193 qualem
1006 4127 1241 4179 nonnulli
1277 4127 1504 4194 fingunt,
1554 4130 1785 4195 primum
1827 4130 2121 4185 Alexandri
2158 4150 2336 4189 mores

767 4216 1143 4278 considerans,
1178 4226 1228 4269 et
1264 4218 1510 4285 quisnam
1538 4218 1625 4273 ille
1656 4220 1748 4283 sit,
1774 4222 1863 4288 qui
1886 4222 2044 4274 simul
2067 4234 2119 4275 et
2146 4239 2340 4294 aggre-

766 4308 913 4358 ditur
940 4316 991 4360 et
1014 4308 1223 4375 perlicit
1252 4326 1262 4359 :
1297 4309 1405 4359 imo
1457 4324 1586 4361 vero
1618 4310 1807 4371 rebus,
1845 4327 1979 4380 quas
2007 4316 2336 4382 aggreditur,

768 4398 987 4461 famam,
1021 4407 1071 4449 et
1095 4413 1188 4451 eos
1223 4398 1313 4466 qui
1374 4400 1639 4463 nuntiant,
1676 4404 1987 4467 antevertit.
2050 4402 2180 4456 Cum
2230 4406 2333 4458 alia

2441 3227 2855 3294 Κερσοϐλέπτου
2888 3225 2981 3276 καὶ
3010 3222 3167 3275 πάνθ’
3194 3223 3293 3273 ὅσα
3325 3220 3585 3281 πολλάκις
3616 3220 3875 3287 Αἰσχίνης
3910 3218 4019 3269 ἀδι-

2441 3320 2552 3371 κῶν
2582 3318 2672 3370 τὸν
2721 3317 2890 3386 δῆμον
2948 3316 3299 3382 ἐγκέκληται.
3344 3312 3575 3380 Νόσημα
3608 3311 3738 3379 γὰρ,
3767 3305 3811 3360 ὧ
3861 3309 4019 3377 Ἀθη-

2443 3416 2601 3474 ναῖοι,
2635 3410 2775 3462 κατὰ
2810 3409 2919 3460 τῶν
2959 3408 3223 3476 Ἐλλήνων
3258 3408 3323 3475 τῇ
3350 3406 3491 3474 φορᾷ
3521 3403 3564 3433 ³³
3581 3403 3689 3453 τῶν
3723 3401 4020 3469 Ἀθηναίων

2444 3506 2781 3572 συνήκμασε.
2818 3500 3094 3568 Πονηροὺς
3151 3496 3247 3566 μὲν
3297 3499 3404 3565 γὰρ
3428 3499 3460 3565 ἡ
3495 3495 3647 3558 πόλις
3680 3494 3780 3563 ἤδη
3837 3512 3938 3545 που
3977 3495 4019 3525 ³⁸

2444 3594 2703 3653 πολλάκις
2743 3592 2968 3651 ἔσωσεν,
2992 3589 3090 3641 οὐκ
3121 3586 3419 3638 ἐπαινοῦσα
3467 3586 3564 3654 τὴν
3598 3585 3848 3652 γνώμην,
3888 3584 4021 3635 ἀλλά

2442 3684 2539 3752 τὴν
2569 3681 2737 3749 τύχην
2767 3677 3109 3747 οἰκτείρουσα
3136 3690 3150 3705 ·
3190 3675 3469 3743 ὑπήκουσε
3510 3674 3552 3704 ³⁵
3594 3672 3649 3723 δὲ
3675 3671 3853 3723 οὐδενὶ
3880 3672 4021 3719 κατὰ

2442 3775 2552 3826 τῶν
2587 3772 2763 3839 νόμων
2796 3770 2860 3833 ³⁸,
2896 3768 3057 3837 ἡνίκα
3087 3768 3271 3833 ἐτήρει
3310 3764 3367 3816 τὸ
3401 3764 3677 3833 φρόνημα.
3707 3762 3771 3813 Τί
3801 3758 3896 3812 οὖν
3925 3761 4022 3811 οὐκ

2445 3866 2543 3935 ἥδη
2602 3862 2991 3932 προαγγέλλω;
3040 3858 3091 3909 τί
3147 3857 3203 3909 δὲ
3250 3858 3347 3908 οὐκ
3384 3855 3558 3923 ἔξειμι
3598 3852 3690 3904 τοῦ
3718 3852 3855 3921 βίου,
3897 3854 4021 3919 πρὶν

2449 3958 2575 4007 ίδεῖν
2613 3955 2711 4022 τὴν
2756 3953 2909 4003 πόλιν
2967 3949 3359 4011 δουλεύουσαν;
3403 3946 3543 4011 Ἐγὼ
3575 3944 3707 4008 γοῦν
3739 3945 3834 3994 καὶ
3865 3946 4023 4004 abte;

2444 4049 2685 4118 ἡγοῦμαι
2726 4046 2822 4113 τὴν
2846 4045 3031 4112 φήμην
3084 4042 3248 4109 ἔχειν,
3294 4042 3389 4107 οὐχ
3436 4037 3579 4089 οὕτω
3621 4037 3663 4066 ³⁷
3694 4037 3738 4087 δ’
3770 4037 3913 4103 ἔχειν
3951 4037 4022 4095 ὡς

2444 4134 2822 4206 τερατεύονταί
2846 4150 3010 4193 τινες,
3037 4130 3251 4182 σκοπῶν
3268 4130 3482 4196 πρῶτον
3518 4119 3691 4193 μὲν,ιῖ›
3730 4125 4019 4191 Ἀθηναῖοι,

2444 4229 2534 4279 τὸν
2586 4224 2935 4292 Ἀλεξάνδρου
2978 4221 3197 4289 τρόπον.
3240 4219 3333 4280 Τίς
3363 4218 3417 4269 δὲ
3462 4210 3612 4277 οὗτός
3648 4218 3840 4273 ὲστιν;
3891 4211 4019 4278 ὁμοῦ

2445 4336 2502 4369 τε
2532 4316 2772 4385 ἐγχειρεῖ
2831 4313 2923 4364 καὶ
2972 4311 3308 4380 πέπρακται,
3367 4307 3562 4375 μᾶλλον
3606 4306 3660 4357 δὲ
3690 4303 4021 4371 φθάνειτους

2450 4410 2545 4478 μὲν
2582 4407 2874 4473 λογισμοὺς
2901 4404 3021 4463 ταῖς
3047 4401 3331 4470 πράξεσιν,
3389 4393 3469 4456 οἷς
3496 4396 3549 4447 δὲ
3592 4397 3856 4462 ἐγχειρεῖ,
3903 4397 4020 4451 τοις

770 4486 933 4537 multa
985 4502 1282 4555 magnaque
1316 4503 1481 4556 opera
1520 4505 1641 4553 sua,
1678 4506 1797 4557 quae
1834 4493 2143 4547 adulatores
2187 4512 2291 4548 con
2317 4526 2329 4536 -

2442 4499 2876 4566 διαγγέλλοντας.
2932 4492 3087 4563 [1081
3154 4489 3243 4559 IL]
3303 4488 3457 4540 Ἐπεὶ
3512 4489 3603 4538 καὶ
3647 4486 3713 4537 τὰ
3766 4485 3934 4535 πολλὰ
3960 4484 4020 4549 δη

771 4578 999 4643 lingunt,
1042 4577 1319 4630 celeritate
1378 4579 1573 4645 potius,
1605 4596 1765 4647 quam
1808 4582 2007 4637 virtute
2050 4600 2163 4646 eos,
2203 4602 2337 4653 ιιιιοε

770 4667 1031 4731 adoritur,
1060 4679 1347 4736 antequam
1383 4672 1576 4723 adesse
1600 4673 1889 4738 diceretur,
1910 4686 1963 4728 et
2000 4677 2146 4729 visus
2172 4677 2339 4734 fuisse

771 4760 999 4821 audiret,
1060 4775 1339 4828 superans,
1400 4762 1694 4817 confecerit
1736 4764 1911 4819 instar
1967 4766 2230 4834 fulminis,
2286 4782 2340 4826 et

772 4848 1015 4912 tonitrni,
1048 4851 1186 4918 quod
1209 4867 1349 4920 saepe
1374 4863 1657 4921 antequam
1678 4863 2035 4925 exspectetur,
2063 4864 2336 4929 pracedit.

772 4940 861 4993 Sic
890 4940 1085 4995 Sardes
1126 4944 1429 5011 occupavit,
1474 4946 1554 4999 sic
1600 4946 1813 5000 Cariam
1862 4953 2075 5013 evertit,
2129 4954 2203 5005 sic
2239 4952 2341 5025 Ly-

772 5032 909 5085 ciam
944 5031 1211 5093 distraxit,
1250 5034 1327 5087 sic
1360 5034 1727 5105 Pamphyliam
1751 5038 1966 5101 invasit,
1997 5039 2074 5093 sic
2094 5042 2341 5096 viderunt

770 5134 891 5171 eum
911 5119 1123 5189 Cilices,
1143 5122 1220 5177 sic
1237 5124 1771 5188 incubuitPersis,sic
1793 5129 2006 5183 Darium
2026 5136 2335 5199 perterruit.

776 5209 858 5273 Et,
891 5212 1022 5277 proh
1057 5214 1247 5267 dolor!
1280 5230 1442 5283 quam
1482 5219 1654 5272 vicina
1688 5219 1853 5271 etiam
1903 5222 2218 5279 calamitas!
2254 5227 2342 5281 Sic

778 5312 831 5354 et
868 5302 1082 5359 Thebas
1113 5307 1358 5377 diripuit.
1397 5308 1487 5363 Sic
1510 5309 1704 5364 cecidit
1730 5313 1856 5364 urbs
1883 5311 1969 5364 illa
2000 5314 2048 5365 in
2087 5316 2341 5371 umbilico

2442 4592 2614 4646 ταῦτα
2676 4589 2771 4640 καὶ
2820 4585 3029 4653 μεγάλα
3096 4582 3205 4634 τῶν
3236 4582 3432 4649 ἔργων,
3483 4579 3516 4631 ἃ
3563 4576 3940 4644 λογοποιοῦσιν
3976 4578 4020 4624 οἱ

2444 4684 2696 4745 κόλακες,
2735 4678 2888 4746 τάχει
2917 4675 3115 4745 μᾶλλον
3147 4674 3179 4741 ἢ
3224 4671 3383 4740 ῥώμῃ
3427 4671 3469 4701 ³⁸
3496 4668 3712 4738 κρατῶν
3746 4664 4021 4725 τούτους⁸¹

2445 4770 2525 4835 οἷς
2562 4772 2718 4841 ἐπῄει
2748 4767 3101 4836 κατώρθωσε,
3138 4763 3267 4832 πρὶν
3293 4760 3629 4829 ἀγγελθῆναι
3658 4757 3869 4826 παρὼν,
3896 4758 4021 4821 πρὶν

2446 4865 2777 4932 ἀκουσθῆναι
2836 4859 3179 4927 φαινόμενος,
3209 4855 3349 4907 κατά
3379 4855 3504 4913 τοὺς
3546 4851 3823 4919 σκηπτοὺς
3856 4848 3887 4915 ἢ
3927 4846 4020 4905 τὰς

2450 4956 2699 5027 βροντὰς,
2740 4954 2795 5005 αἳ
2838 4952 3095 5010 πολλάκις
3169 4947 3429 5015 φθάνουσι
3478 4948 3577 5013 τῆς
3632 4941 3954 5011 προσδοκίας
3978 4939 4019 4968 δ’

2449 5046 2779 5118 ἡγήσασθαι.
2817 5043 2974 5095 Οὕτω
3006 5041 3225 5111 Σάρδεις
3256 5034 3419 5098 εἷλεν,
3452 5038 3593 5089 οὕτω
3618 5037 3833 5105 Καρίαν
3867 5035 4021 5099 ἐπέρα

2451 5141 2636 5207 θησεν,
2690 5136 2831 5189 οὕτω
2886 5135 3093 5187 Λυκίαν
3152 5132 3484 5204 παρέσυρεν,
3535 5129 3677 5183 οὕτω
3706 5127 4021 5196 Παμφυλίαν

2451 5231 2780 5300 ἐπέδραμεν,
2809 5226 2982 5284 οὕτως
3008 5224 3162 5293 ὣφθη
3195 5222 3423 5287 Κίλιξιν,
3453 5222 3619 5283 οὕτως
3652 5221 3859 5287 ἐπέστη
3892 5219 4021 5286 Πέρ-

2451 5342 2591 5389 σαις,
2656 5322 2800 5376 οὕτω
2862 5320 3085 5388 Δαρεῖον
3142 5314 3462 5383 ἐξέπληξεν-
3511 5314 3657 5382 οἴμοι
3719 5312 3830 5364 τῶν
3865 5311 4021 5377 ἐγγὺς

2050 5474 2283 5531 VARIA‘I
2321 5479 2722 5538 LECTIONES.

853 5578 899 5651 ἦν
931 5576 1203 5651 θάλασσαν
1226 5578 1286 5631 Β.
1358 5582 1402 5612 ’⁸
1427 5582 1688 5651 πονηρίας
1715 5612 1783 5623 -
1807 5585 2118 5649 Χαιρωνίαν
2144 5585 2184 5636 Α

794 5782 1070 5839 Reiskius:
1106 5785 1226 5840 libri
1248 5788 1474 5851 τούτοις.
1554 5791 1595 5821 ⁸ο
1620 5782 1715 5857 τὴν
1751 5782 2164 5861 προσίοκὶαεῖΛ.

2312 5596 2357 5623 ¹⁹
2383 5593 2584 5659 κατέϐη
2615 5622 2684 5631 —-
2711 5589 3193 5659 Περικλέουςοιῃ.
3241 5586 3331 5659 Α.-
3403 5586 3444 5659 ’ξ’
3477 5586 3742 5659 stimuli:
3786 5586 3904 5659 vix“

857 5648 1094 5732 ἀπέστης
1150 5647 1221 5732 Βἐὶ
1286 5647 1615 5732 ³¹ῃάντεῖπες¹
1660 5654 1740 5704 ὅτι
1772 5647 1986 5732 ’παρέ-χ.
2166 5655 2211 5732 ξ³
2238 5665 2400 5732 φορᾷ]
2432 5647 2604 5731 φοορᾷ
2638 5647 3072 5732 Reiskius__apn_d
3103 5647 3671 5732 ἣξεξτηδφοτ-Ιίιιιιιιζψ³⁵
3704 5663 3807 5732 που
3841 5647 4015 5732 ήδη

862 5717 1158 5800 ἐπήκουσε..
1321 5718 1363 5799 ξ⁶
1418 5721 1506 5772 τὸν
1555 5722 1721 5800 ¹νόμον
1760 5724 1821 5774 Λ.
1875 5717 2084 5800 ’ξΓοὺχ
2134 5717 2275 5783 οὗτὼ
2312 5717 2555 5800 cili/sul;
2580 5717 2690 5785 om.
2728 5730 2791 5784 Α.

3403 5584 3444 5613 ³⁰
3477 5582 3614 5652 τύχῃ
3652 5582 3742 5652 A:
3786 5577 3928 5652 ψυχῇ
3963 5590 4015 5634 ς.

3741 5717 3784 5747 ³,
3809 5713 4016 5769 τούτους

2896 5729 2939 5759 ⁸⁸
2970 5722 3130 5798 ῥώμη
3159 5725 3198 5777 Β
3242 5744 3252 5777 ε
3287 5726 3352 5792 τῇ
3385 5722 3546 5794 ῥώμη
3575 5737 3633 5783 €-
