4206 6436
209 411 344 477 1313

1223 405 1748 467 BIBIJOTHECA.
1789 428 1853 441 -
1876 404 2040 467 COD.
2065 408 2367 469 CCLXIII.

3302 401 3441 471 13M

204 516 413 581 κακῶν,
435 514 580 570 οὕτω
606 514 702 569 καὶ
765 513 945 583 Θήϐας
1005 513 1342 581 ἀνήρπασεν.
1380 513 1582 564 Ἐπεσε
1618 510 1770 571 πόλις
1797 512 1845 568 Δ

1797 512 1845 568 Δ
1873 509 2113 575 Graeciaa,
2162 524 2448 580 antequam
2498 511 2788 567 audiissem
2814 550 2830 575 ,
2856 525 3088 580 cumque
3137 526 3238 584 ego
3263 514 3441 571 adhuc

203 609 295 659 ἐπὶ
327 608 432 675 τῆς
464 604 711 666 Ἑλλάδος
740 604 933 673 μέσης,
980 601 1282 670 φθάσαντος
1331 602 1431 672 τὴν
1470 602 1659 670 φήμην
1676 598 1772 652 τοῦ

203 694 520 763 πτώματος.
586 690 760 759 Κάγὼ
790 691 887 758 μὲν
920 690 1149 758 ἠγνόουν
1192 691 1292 759 τήν
1341 689 1649 760 συμφορὰν,
1675 689 1775 758 τὴν

201 785 258 836 δι
292 783 451 836 πόλιν
472 777 583 851 εἶχε
609 781 671 834 τδ
725 778 1097 849 πολυάνδριον.
1128 779 1300 834 Τοῦτο
1329 782 1427 850 μιν
1455 780 1518 851 δή
1558 780 1776 849 πρῶτον

202 873 303 924 οὐκ
331 874 401 941 ἑᾷ
441 887 509 939 με
532 870 818 940 προσέχειν
838 884 851 900 °
871 870 1121 939 δεύτερον
1144 869 1200 922 δι
1228 871 1311 923 δτι
1336 865 1477 923 οῐδεν
1524 870 1773 934 Ἀλέξαν-

202 964 351 1033 δρος,
385 963 491 1015 κᾶν
511 962 562 1014 εἰ
594 961 798 1030 σφόδρα
814 977 895 1023 τις
918 961 1080 1016 αὐτὸν
1107 961 1325 1030 μεθύειν
1354 962 1458 1015 ὑπὸ
1482 962 1581 1032 τῆς
1621 963 1778 1016 εὐτυ-

205 1044 327 1121 χίας
352 1051 638 1119 ὑπείληφε,
670 1050 765 1103 καὶ
797 1050 942 1118 ἑξῆς.
978 1050 1043 1103 Τί
1073 1046 1169 1103 οὖν
1197 1050 1258 1103 ού
1282 1050 1531 1121 καθαιρῶ
1562 1052 1631 1105 τὰ
1653 1052 1779 1122 τρό-

206 1160 381 1207 ruta;
416 1142 468 1194 τί
494 1142 552 1195 δὲ
577 1142 620 1173 ⁸⁸
659 1142 762 1194 οὐκ
803 1142 1093 1212 ἀνατρέπω
1123 1142 1219 1204 τάς
1247 1142 1479 1213 στήλαςς
1505 1142 1559 1196 τί
1592 1143 1648 1196 δι
1679 1144 1780 1197 οὑκ

206 1229 478 1300 ἐξαλείφω
503 1231 572 1284 τά
623 1232 1056 1300 ἐπιγράμματας
1085 1230 1268 1285 Πάντα
1318 1234 1425 1303 γάρ
1458 1228 1613 1303 οἶμαι
1639 1235 1684 1266 ⁸⁸
1710 1233 1779 1287 τά

206 1323 309 1391 τῆς
344 1323 547 1391 ἀρετῆς
576 1322 960 1392 ὑπομνήματα,
980 1321 1170 1393 ὥσπερ
1198 1325 1310 1386 τοῖς
1333 1322 1555 1392 ἀγαθοῖς
1578 1324 1781 1397 κόσμος

208 1416 381 1479 ἐστὶν,
417 1412 588 1477 οὕτως
609 1413 827 1481 ἔλεγχος
863 1415 972 1476 τοῖς
1003 1403 1470 1484 καταισχύνουσι.¹

279 1505 478 1567 Καλῶς
538 1502 846 1571 ἐθαύμαζον
894 1504 993 1573 τὴν
1056 1506 1313 1574 Ποικίλην
1349 1506 1399 1559 ol
1447 1506 1706 1576 Σαλαμῖνι
1733 1505 1781 1538 ⁸⁸

208 1595 677 1654 κινδυνεύσαντες.
720 1592 1030 1645 Ἐδαπάνων
1054 1593 1162 1661 γάρ
1192 1592 1286 1645 επὶ
1308 1595 1406 1663 τῆς
1436 1593 1704 1661 θαλάττης
1734 1594 1781 1626 ιι

207 1688 269 1739 τὸ
296 1686 417 1753 τῆς,
453 1684 684 1752 ήπείρου
743 1682 1014 1751 λείψανον.
1080 1684 1399 1754 Παρνασσὸς
1425 1684 1470 1715 ⁵⁸
1491 1684 1550 1736 δὲ
1598 1686 1654 1746 ἐς
1682 1684 1782 1754 τήν

208 1776 487 1830 θάλασσαν
534 1773 820 1840 ἐσφενδόνα
870 1774 967 1835 τάς
1006 1772 1274 1842 κορυφὰς,
1321 1773 1415 1825 καὶ
1451 1775 1562 1834 τοῖς
1587 1772 1779 1825 ἑαυτοῦ

213 1866 439 1936 μέρεσιν
467 1863 592 1917 ἀντὶ
612 1834 790 1933 ’βελῶν
808 1864 947 1930 ὑπὲρ
969 1863 1062 1915 τοῦ
1077 1834 1586 1928 ’γένουςόπλίζεται
1613 1863 1780 1932 Μερί-
1814 1834 1854 1889 Β

207 1956 396 2017 ζονται
428 1953 482 2005 δὲ
528 1953 628 2014 τὰς
688 1951 865 2021 μάχας
891 1951 1173 2021 Ἕλληνες,
1227 1953 1321 2005 καὶ
1354 1952 1605 2021 νέμονται
1643 1952 1779 2023 πρὸς

207 2043 471 2113 ἀλλήλους
505 2042 643 2113 μετά
701 2042 810 2095 τῶν
850 2041 897 2073 ⁸⁸
931 2042 1209 2110 στοιχείων
1247 2042 1315 2096 τά
1357 2042 1775 2113 κατορθώματα,

209 2133 629 2203 Λακεδαιμόνιοι
653 2131 779 2204 [5⁸78
806 2131 896 2202 ιι]
922 2133 1021 2204 τὴν
1044 2134 1292 2203 ήπειρον,
1348 2136 1507 2203 ήμεῖς
1560 2137 1659 2205 τήν
1684 2136 1781 2189 θά-

205 2221 434 2275 λατταν.
480 2222 705 2273 Ἐκεῖνοι
752 2221 1082 2291 τριακοσίοις
1131 2221 1229 2283 τάς
1284 2222 1465 2283 Πύλας
1512 2222 1778 2292 σώμασιν,

209 2313 372 2381 ἡμεῖς
398 2311 687 2372 τοσαύταις
712 2313 964 2382 τριήρεσι
989 2310 1087 2374 τάς
1109 2313 1208 2381 τῆς
1242 2312 1485 2376 Ἑλλάδος
1518 2316 1781 2385 παρόδους

208 2399 487 2467 κλείομεν.
539 2399 841 2452 Νεανίσκου
901 2400 958 2453 δὲ
993 2400 1299 2465 Μακεδόνος
1349 2403 1472 2457 καθ’
1520 2390 1648 2474 ὅλης
1682 2405 1781 2473 τῆς

210 2488 304 2555 ὐφ’
366 2488 504 2557 ήλίῳ
546 2488 917 2557 κωμάζοντος,
957 2490 1053 2541 καὶ
1102 2490 1396 2555 λυποῦντος
1446 2494 1645 2564 μικροῦ
1688 2494 1784 2549 καὶ

209 2579 383 2649 αὐτὴν
414 2578 514 2648 τὴν
544 2579 713 2649 τύχην
740 2574 820 2643 οἷς
845 2581 1114 2653 ἑνυδρίζει
1136 2585 1248 2645 τοῖς
1264 2584 1654 2655 εὐτυχήμασιν,
1680 2586 1783 2640 οὐκ

211 2672 363 2724 ἐστιν
386 2671 446 2733 δς
476 2672 827 2725 διανίσταται.
860 2672 988 2726 Ὅτε
1020 2674 1065 2706 ⁵⁷
1103 2674 1312 2743 βασιλεῖ
1338 2678 1435 2739 τὰς
1467 2678 1784 2747 ὑποσχέσεις

211 2762 631 2832 διακονούμενος
657 2762 704 2794 ⁸⁸
725 2763 785 2815 οὐ
810 2763 1001 2827 πείσας
1033 2764 1294 2834 ἀπῆλθεν,
1322 2767 1457 2820 ἀλλά
1511 2768 1779 2836 κερδάνας

210 2854 295 2906 δτι
356 2853 433 2922 μὴ
488 2852 683 2915 πείσας
737 2852 988 2915 ἐσώζετο.
1043 2854 1217 2923 ’Υμᾶς
1260 2856 1316 2908 δὲ
1365 2858 1666 2927 χειροήθεις
1692 2858 1778 2911 ἀεὶ

210 2943 326 3003 τοῖς
382 2941 700 3009 τυραννοῦσι
776 2943 820 2975 δ’
862 2945 1394 3012 παρασκευάζουσιν,
1457 2946 1544 3000 ῖνα
1593 2948 1777 3011 αὐτοῖς

215 3032 316 3099 μὲν
356 3031 572 3101 ὑπάρχῃ
600 3032 870 3095 πλουτεῖν,
930 3034 997 3102 τῇ
1060 3033 1213 3085 πόλει
1248 3034 1305 3087 δι
1353 3036 1416 3087 τὸ
1438 3036 1547 3087 τῶν
1573 3037 1785 3090 οἰκείων

1876 600 2239 655 calamitatem
2285 598 2400 667 ejus
2439 600 2766 669 ignorarem,
2836 601 3149 669 sepulcrum
3216 616 3438 657 suorum

1877 688 2022 745 facta
2067 700 2168 743 est.
2201 688 2311 743 Hoc
2356 699 2535 743 autem
2589 689 2807 759 impedit
2869 692 3158 758 quominus
3204 692 3439 760 primum

1878 793 2197 849 prosequar.
2241 779 2494 832 Secundo
2522 793 2653 833 vero
2686 780 2844 834 scivit
2871 781 3200 845 Alexander,
3244 795 3438 850 quam-

1877 868 1960 921 vis
1989 881 2110 919 eum
2136 865 2260 934 quis
2286 867 2571 921 admodum
2614 868 2775 922 rebus
2807 870 3063 924 secundis
3092 870 3302 926 ebrium
3338 884 3439 939 pu-

1880 959 2030 1021 tarit,
2061 968 2168 1014 etc.
2197 958 2305 1014 Cur
2332 972 2462 1027 ergo
2501 973 2607 1012 non
2641 958 2772 1013 tollo
2834 960 3071 1029 tropea?
3096 960 3208 1016 Cur
3238 963 3442 1017 colum-

1880 1060 1978 1101 nas
2002 1062 2109 1101 non
2150 1047 2371 1101 everto?
2410 1061 2508 1101 cur
2554 1047 2935 1115 inscriptiones
2993 1063 3099 1103 non
3152 1050 3440 1118 expungo?

1881 1135 2015 1191 Nam
2042 1136 2156 1190 haec
2178 1136 2361 1190 omnia
2393 1136 2613 1191 virtutis
2655 1138 2974 1193 memoriam
3018 1138 3272 1192 existimo
3308 1154 3444 1192 con-

1882 1228 2074 1290 tinere,
2108 1236 2165 1281 ut
2194 1226 2357 1294 iustis
2395 1227 2450 1281 in
2470 1227 2754 1293 honorem,
2780 1228 3141 1285 deterioribus
3173 1229 3225 1284 in
3249 1245 3442 1300 oppro-

1878 1318 2055 1373 brium
2088 1318 2303 1372 cedant.

1952 1494 2144 1549 Merito
2193 1494 2470 1549 Salaminii
2536 1492 2752 1547 Variam
2794 1493 2986 1565 3556
3043 1502 3162 1564 post
3204 1495 3442 1564 pericula

1885 1586 2149 1653 porticum
2168 1586 2570 1639 admirabantur
2585 1584 2817 1655 (ΞΩ-55).
2838 1584 2971 1639 Nam
2988 1601 3108 1654 quae
3129 1587 3179 1639 iu
3194 1594 3334 1639 terra
3354 1602 3443 1640 su-

1890 1674 2202 1743 perfuerant
2234 1675 2485 1743 reliquae,
2516 1689 2607 1729 eas
2649 1678 2699 1727 in
2742 1691 2890 1730 mare
2924 1691 3023 1745 pro
3055 1677 3157 1730 hac
3193 1692 3443 1732 consum-

1882 1774 2126 1832 pseruut.
2140 1764 2441 1819 Parnassus
2454 1765 2714 1820 contorsit
2735 1766 2787 1819 in
2812 1768 2944 1819 tnari
2969 1768 3169 1821 montis
3188 1766 3441 1831 vertices,

1883 1866 1937 1910 et
1961 1856 2201 1925 partibus
2231 1857 2343 1911 suis
2374 1856 2489 1909 loco
2523 1856 2747 1909 telorum
2779 1872 2876 1926 pro
2906 1859 3007 1912 hac
3037 1867 3196 1928 gente
3232 1873 3439 1928 pugna.

1884 1946 1981 2001 vit.
2007 1946 2314 2001 Diviserunt
2340 1945 2511 2001 Graeci
2549 1947 2689 2000 inter
2713 1962 2771 2001 se
2805 1962 3035 2015 pugnas,
3064 1958 3119 2003 et
3148 1950 3443 2006 distribue-

1882 2047 2006 2092 runt
2036 2052 2157 2092 cum
2204 2038 2486 2092 elementis
2526 2046 2581 2091 et
2607 2036 2804 2101 oiiicia,
2850 2038 3239 2093 Lacedmmonii
3275 2052 3440 2103 terra,

1882 2142 1981 2181 nos
2008 2127 2142 2179 mari
2173 2126 2457 2196 pugnaturi
2484 2166 2499 2190 ,
2532 2126 2607 2179 illi
2641 2128 2895 2181 trecentis
2928 2128 3238 2182 hominibus
3272 2127 3446 2183 Ther-

1884 2216 2163 2287 mopylas,
2220 2230 2318 2270 nos
2367 2216 2589 2269 totidem
2622 2217 2932 2273 triremibus
2979 2234 3170 2274 omnes
3222 2218 3445 2275 Gracia:

1881 2308 2056 2362 aditus
2093 2308 2441 2365 occlusimus.
2490 2307 2661 2364 Nemo
2690 2324 2817 2363 vero
2858 2320 2997 2373 erat,
3021 2312 3111 2379 qui
3138 2322 3321 2381 posset
3354 2328 3443 2365 re-

1883 2399 2078 2453 sistere
2115 2399 2443 2454 adolescenti
2476 2401 2553 2454 illi
2592 2398 2921 2467 Macedonio,
2956 2410 3127 2456 totum
3160 2418 3263 2471 qua
3300 2414 3448 2473 patet

1882 2488 2065 2541 orbem
2099 2490 2433 2557 pervadenti,
2468 2499 2519 2545 et
2556 2504 2693 2559 pene
2723 2491 3099 2545 constristanti
3134 2492 3305 2561 ipsam
3335 2493 3445 2546 ior-

1886 2575 2070 2632 tutiam
2119 2578 2308 2634 iisdem
2350 2579 2509 2635 rebus
2556 2581 2811 2635 secundis
2846 2582 3039 2649 quibus
3066 2582 3152 2636 ille
3178 2597 3275 2637 nos
3313 2582 3449 2637 infe-

1883 2679 2011 2725 stat.
2034 2669 2130 2725 llic
2155 2673 2265 2740 regi
2290 2671 2675 2740 promissioues
2691 2672 2937 2741 explens.
2966 2687 3023 2726 re
3047 2672 3243 2728 iniecta
3266 2674 3447 2736 rediit,

1884 2764 1978 2816 sed
2019 2763 2069 2815 id
2108 2762 2374 2816 commodi
2426 2764 2673 2831 accepit,
2729 2772 2788 2816 ut
2841 2773 3170 2818 servaretur.
3222 2764 3450 2833 Semper

1885 2853 2099 2921 quidem
2147 2868 2241 2906 vos
2304 2851 2487 2907 faciles
2545 2855 2789 2922 tyrannis
2856 2854 3202 2920 praebuistis,
3264 2864 3323 2907 ut
3374 2853 3451 2907 illi

1884 2944 2100 3010 quidem
2166 2944 2469 3007 ditescant,
2529 2944 2720 2998 civitas
2770 2958 2898 2997 vero
2958 2944 3112 2999 bonis
3167 2944 3450 3012 spolietur.

1887 3032 2233 3087 Necessarius
2271 3036 2486 3100 quidem
2521 3046 2728 3097 metus,
2766 3036 2976 3088 tandem
3003 3051 3157 3098 sero,
3199 3036 3451 3102 lenteque

214 3120 524 3189 στέρεσθαι.
561 3122 875 3187 Ἀναγκαίος
908 3121 1008 3189 μὲν
1035 3124 1063 3174 ό
1100 3122 1282 3189 φόϐος,
1325 3124 1421 3192 όψὶ
1454 3125 1509 3177 δὲ
1538 3126 1632 3178 καὶ
1661 3127 1780 3179 λίαν
1810 3153 1853 3211 C

1810 3153 1853 3211 ο
1887 3122 2169 3175 admodum
2205 3120 2486 3176 Escltinis
2518 3124 2955 3176 consuetudinem
2986 3124 3214 3177 retinete
3255 3141 3269 3177 :
3303 3122 3449 3175 urbis

214 3210 456 3279 βραδέως
486 3212 610 3279 ἄρτι
638 3212 683 3242 ⁸⁸
713 3212 803 3263 τὸν
846 3214 1045 3281 τρόπον
1098 3214 1189 3267 τὸν
1223 3216 1474 3285 Αἰσχίνου
1500 3218 1545 3249 ⁸³
1582 3220 1781 3285 φυλάτ-

210 3300 373 3353 τεσθε
403 3300 469 3352 ⁸³.
512 3300 621 3362 Τάς
649 3302 894 3370 τριήρεις
927 3303 1199 3372 ἐμπρήσει
1230 3308 1328 3374 τῆς
1365 3306 1569 3369 πόλεως
1601 3307 1781 3361 οὐκέτι

209 3392 281 3445 δι’
328 3390 687 3458 Ἀντιφῶντος
723 3394 844 3445 οὐδὲ
878 3393 945 3445 δι’
996 3395 1344 3465 ἀπορρήτων,
1376 3396 1452 3457 ὡς
1497 3398 1781 3468 πρότερον,

212 3482 331 3534 ἀλλ’
384 3481 830 3551 αὑτοπροσώπως
857 3482 904 3513 ⁸³
925 3484 1025 3553 τήν
1068 3484 1283 3537 ἀδικίαν
1332 3486 1781 3556 ὑποκρινόμενος.

217 3568 285 3621 ’0
316 3569 489 3636 δῆμος
514 3571 541 3621 ὁ
569 3570 677 3621 τῶν
713 3569 1013 3637 ’Δθηναίων
1042 3572 1268 3643 Αἰσχίνῃ
1286 3573 1488 3642 γράφει
1516 3575 1615 3647 τὴν
1644 3576 1780 3631 κάθ-

210 3657 353 3718 οδον,
404 3658 435 3709 ό
477 3658 575 3719 τάς
617 3655 716 3708 ἀπ’
754 3656 929 3709 Ἰνδῶν
963 3659 1147 3725 φήμας
1192 3660 1268 3721 ὡς
1304 3661 1441 3712 ὅπλα
1483 3666 1575 3715 καὶ
1606 3664 1784 3732 μάχας

214 3746 570 3814 φοϐούμενος.
636 3747 866 3798 Ὠκνουν
956 3747 1291 3820 Ἀριστείδην
1355 3753 1638 3819 κατάγειν,
1689 3757 1783 3808 καὶ

210 3840 388 3893 ταῦτα
415 3841 475 3890 οὐ
506 3838 725 3904 κακίαν,
756 3838 872 3890 ἀλλ’
892 3838 1091 3909 ἀρετὴν
1113 3842 1210 3909 τῆς
1230 3841 1407 3910 φυγῆς
1437 3842 1626 3912 ῑχοντα
1651 3846 1788 3915 πρό-

163 3960 174 3971 -
213 3945 402 3995 φασιν.
436 3928 553 3981 Ἵνα
590 3929 698 3995 γάρ
722 3927 984 3980 πεισθῶσι
1037 3928 1117 3997 τῷ
1167 3930 1386 3997 Σόλωνι,
1423 3932 1529 3985 οὐδ’
1552 3934 1713 3987 αὐτὸν
1744 3938 1790 3968 ⁸⁸

212 4020 447 4086 ἔφευγον
476 4018 684 4070 ἀδικεῖν
722 4018 869 4082 δόξαι
923 4017 986 4069 τδ
1014 4020 1059 4052 ⁸³
1100 4017 1331 4074 δίκαιον.
1390 4022 1584 4076 Κεῖται
1614 4023 1791 4078 Βαϐυ-

211 4109 346 4175 λὼν,
376 4110 598 4178 Δαρεῖος
624 4109 853 4177 οἴχεται,
908 4108 1099 4171 Ἰνδοὺς
1146 4110 1409 4181 ἀνῄρηκε,
1437 4114 1642 4183 Πέρσαι
1669 4117 1791 4169 δου-

1888 3213 2135 3267 triremes
2162 3213 2430 3277 incendet,
2467 3227 2569 3266 non
2623 3227 2720 3281 per
2760 3212 3164 3281 Antiphontem,
3204 3224 3292 3266 aut
3320 3215 3452 3269 alios

1886 3301 2160 3366 occultos,
2207 3312 2267 3356 ut
2310 3304 2490 3370 prius,
2537 3302 2631 3356 sed
2675 3316 2770 3369 per
2816 3316 2874 3356 se
2916 3301 3039 3355 ilcta
3081 3302 3447 3370 improbitate.

1888 3392 2121 3462 Populus
2147 3391 2493 3447 Atheniensis
2533 3392 2655 3445 licet
2684 3391 2882 3445 famam
2923 3389 3175 3445 Indorum
3207 3400 3263 3445 ut
3297 3405 3449 3445 arma

1887 3493 1942 3536 et
1983 3482 2120 3536 bella
2153 3492 2379 3547 metuat,
2409 3481 2727 3537 Eschinem
2767 3491 3003 3535 revocat.
3033 3478 3264 3550 Negligit
3294 3495 3451 3534 revo-

1886 3591 2015 3630 care
2043 3576 2358 3638 Aristidem,
2386 3576 2475 3644 qui
2509 3590 2613 3629 non
2655 3582 2870 3643 propter
2908 3574 3184 3638 delictum,
3215 3573 3307 3627 sed
3340 3572 3451 3626 vir-

1889 3668 2016 3721 tutis
2039 3667 2259 3720 nomine
2293 3666 2579 3719 exsulavit.
2608 3662 2664 3718 Si
2698 3664 2839 3717 enim
2872 3661 3090 3717 Solonis
3126 3665 3330 3731 legibus
3355 3679 3452 3733 pa-

1886 3765 2084 3818 rerent,
2124 3756 2325 3824 justum
2351 3766 2497 3808 certe
2540 3769 2643 3807 non
2677 3754 3074 3823 proscriberent
3107 3754 3242 3825 (54).
3298 3752 3452 3808 Jacet

1894 3848 2160 3918 Babylon,
2200 3862 2370 3901 caesus
2397 3854 2477 3900 est
2519 3845 2737 3904 Darius.
2779 3844 2935 3897 Indos
2978 3845 3207 3910 evertit,
3259 3843 3455 3898 Persas

1894 3942 2143 4009 subegit,
2187 3940 2283 3993 soli
2334 3938 2689 3992 Athenienses
2719 3936 2916 3990 virtute
2951 3950 3046 3989 sua
3079 3935 3268 4005 reliqui
3302 3946 3449 4002 sunt,

1894 4046 2119 4099 quorum
2170 4030 2335 4082 robur
2372 4030 2530 4083 toties
2567 4028 2745 4083 Persa:
2783 4028 2992 4096 experti
3030 4037 3185 4091 sunt,
3230 4026 3443 4097 quoties

1896 4136 2068 4190 pugna
2097 4119 2509 4175 contenderunt.

210 4197 461 4254 λεύουσιο
499 4198 654 4265 μόναι
692 4197 969 4283 λείπουσιν
1014 4198 1062 4230 ⁸⁸
1111 4199 1328 4269 ’Δθῆναι
1362 4204 1475 4266 τοῖς
1511 4206 1949 4275 κατορθώμασιν,
2013 4204 2089 4264 ὧν
2158 4211 2363 4281 Πίρσαι
2406 4210 2728 4275 τοσαυτάκις
2788 4210 3015 4283 ⁴ᾔσθοντο
3070 4209 3173 4281 τῆς
3227 4208 3451 4278 ἀρετῆς.

210 4288 410 4348 ὁσάκις
442 4286 548 4338 ιδει
582 4282 872 4353 μάχεσθαι.

223 4402 323 4455 ἐκ
352 4396 464 4470 τῆς
485 4395 740 4470 μελέτης
758 4389 837 4470 ἧς
879 4393 924 4425 ⁸⁷
967 4395 1017 4470 ἡ,
1039 4393 1342 4470 ,ἐπιγραφὴ
1380 4399 1780 4470 ςεπίκουρος.

289 4459 586 4532 Πρόποὶαν
618 4465 730 4517 οὐκ
776 4459 928 4516 εἴναι
982 4459 1194 4531 “Tui,

284 4534 541 4606 γραφήν.
580 4550 600 4583 s

746 4621 850 4676 Ἕκ
868 4620 976 4689 τῆς
1005 4623 1238 4689 θεωρία,

291 4713 417 4773 Οῐδε
466 4713 725 4787 ῥητορικὴ
784 4713 881 4766 καὶ
924 4714 1238 4782 φιλοσοφίαν
1310 4715 1355 4747 ⁸⁸
1404 4717 1602 4789 ἑαυτῆς
1644 4718 1777 4791 ὓλην

212 4806 544 4877 ποιήσασθαι
569 4820 584 4833 ·
609 4804 870 4866 τύοαννος
927 4803 1035 4871 γὰρ
1065 4805 1097 4872 ή
1126 4805 1219 4858 τοῦ
1245 4805 1422 4860 λένειν
1449 4807 1653 4863 ἀνωθεν
1675 4811 1769 4864 δύ-

209 4912 399 4968 ναμις.

1330 4468 1525 4535 8681a;-
1574 4468 1777 4539 φεῦτει
1807 4479 1858 4540 ι)

1889 4403 1975 4459 Ea:
2018 4404 2402 4460 Deriamatione
2444 4406 2531 4460 cui
2568 4407 2756 4460 titulus
2790 4416 2865 4460 est
2894 4420 2914 4459 .'
2953 4424 2972 4458 ι
3016 4405 3276 4475 Epicurus
3315 4407 3450 4462 Pro-

2067 4476 2348 4529 videntiam
2371 4491 2583 4546 negans,
2615 4478 2897 4545 impietatis
2927 4487 3225 4530 accusatur.
3262 4495 3281 4529 ι

2483 4626 2569 4682 Ec
2594 4628 2813 4682 thenria.

1954 4716 2122 4772 Scivit
2161 4716 2435 4771 rhetorica
2470 4718 2574 4772 sibi
2617 4717 3011 4787 pbiiosoplmm
3051 4730 3334 4775 materiam
3370 4722 3452 4775 di-

1880 4806 2038 4860 cendi
2084 4819 2318 4873 parare:
2358 4806 2644 4863 sublimior
2674 4809 2818 4862 enim
2863 4809 3075 4865 dicendi
3116 4811 3234 4875 vis,
3265 4812 3439 4867 instar

1880 4898 2092 4968 tyranni
2119 4905 2222 4951 est.

1503 5072 1729 5127 νΑιιιιΕ
1758 5073 2161 5131 LECTIONES.

279 5211 329 5242 δι
364 5210 421 5262 δί
449 5223 557 5262 om.
591 5208 656 5262 Α.
731 5207 777 5239 δ’
811 5201 964 5273 εἷμαι

1044 5206 1217 5279 αι’-τὰ
1244 5207 1393 5279 ,μετά
1423 5206 1461 5259 Β
1493 5217 1546 5261 et
1568 5224 1717 5279 corr.
1774 5210 1839 5264 Α.
1910 5205 2299 5279 δ’ἡΣαλαμίνιοι
2331 5222 2391 5279 ς.
2468 5206 2516 5239 ⁵⁸
2547 5205 2816 5279 θαλάσσης
2844 5206 2905 5279 Β,
2966 5210 3029 5279 θ’
3058 5209 3339 5279 Παρνασδς
3382 5211 3439 5265 Β.

206 5282 254 5311 ⁸⁸
277 5279 389 5332 τῶν
420 5279 540 5330 add.
577 5278 641 5346 Α.
674 5343 695 5346 ᾳ
717 5278 761 5346 ⁸7
791 5274 985 5346 ὅτε]ᾑὸ,
1017 5291 1077 5346 τε
1100 5275 1163 5328 C.
1192 5343 1203 5346 _
1240 5275 1287 5346 ξ’
1309 5277 1749 5345 διακρινούμενος
1779 5279 1843 5330 Α.

1950 5277 1995 5308 δ’
2024 5273 2368 5347 τυραννοῦσι]
2397 5275 2718 5347 τυγχάνουσι
2748 5273 2811 5329 Ᾰ.
2885 5278 2933 5311 ⁸⁸
2955 5278 3079 5347 άρτι
3118 5273 3198 5334 Ᾰε
3228 5273 3347 5333 ἀντί
3378 5298 3439 5345 ς.

206 5351 248 5380 ⁸⁸
289 5344 590 5417 τδνᾼᾼίσχδ
606 5342 964 5417 τοῦῌΑἰσχῘΒ.
1003 5345 1085 5417 __"
1118 5342 1478 5417 φυλάττεσθαι
1508 5342 1601 5417 ς(
1644 5342 2215 5417 ⁸³Ῠαύτοπρόσωπ-Β.
2281 5343 2327 5375 ⁸⁸
2352 5342 2534 5399 inslilit
2563 5346 2714 5399 αὐτὸ.
2789 5346 2837 5379 ⁸⁸
2862 5347 2946 5416 τὸ]
2974 5342 3064 5401 τὸν
3092 5347 3153 5403 Β.
3227 5350 3274 5382 ⁵⁸
3295 5342 3438 5403 λείπ.

204 5420 261 5470 αἰ
313 5410 596 5477 Ἀθῆναξᾷ
691 5414 738 5446 "
763 5410 960 5483 ἧςοω.
994 5412 1055 5466 C.
1130 5413 1175 5446 ⁸⁸
1210 5413 1524 5482 φιλοσοφίαν
1556 5414 1773 5486 εαυτῆς]
1802 5410 2113 5483 φιλοσοφίας
2134 5414 2197 5467 Δ.

1712 5545 1942 5603 NOTAE.

279 5656 737 5727 (32-33)”Pcecile
786 5658 1024 5727 porticus
1064 5658 1307 5713 Athenis.
1335 5658 1467 5715 Vide
1502 5658 1778 5715 Emilium

210 5728 469 5783 Probum.
496 5726 624 5781 Vide
652 5726 801 5783 inin.
823 5727 876 5781 in
903 5737 1040 5781 orat.
1084 5729 1338 5796 proxima.

1961 5660 2071 5728 (34)
2094 5659 2414 5715 Plutarchus
2433 5663 2484 5714 in
2508 5664 2690 5717 decem
2712 5663 2931 5718 Graecia:
2956 5666 3281 5723 oratoribus.
3305 5663 3439 5723 Vide

1893 5729 2096 5783 Plutar.
2126 5740 2181 5784 et
2204 5728 2367 5785 Corn.
2398 5728 2655 5799 Nepotem
2687 5747 2781 5788 seu
2808 5730 3063 5789 Probum.
