4206 6436
791 346 927 411 1315

1264 450 1552 505 Exordium
1585 452 1860 505 orationis.

860 547 1036 599 Discet
1065 557 1206 597 nunc
1239 555 1424 611 aperte
1458 542 1741 609 Epicurus,
1773 544 1815 595 si
1856 551 2011 595 antea
2045 544 2343 607 ignorabat,

787 637 998 697 doctus,
1031 635 1124 688 sed
1154 636 1452 696 convictus,
1479 633 1819 686 Providentia
1862 634 1969 701 regi
2012 634 2343 687 universum.

1943 344 2202 404 PIIOTll
2246 344 2743 405 PATRIARCH/E
2771 343 2877 403 ΟΡ.

2374 463 2417 515 Α
2448 453 2607 524 [1084
2635 454 2723 523 R.]
2763 453 2860 517 Ἐξ
2894 451 3085 520 αὐτῆς
3110 453 3155 484 ⁸⁸
3176 452 3284 519 τῆς
3305 452 3567 522 μελέτης
3593 452 3660 507 τὸ
3681 455 4007 522 προοίμιον.

3881 346 4011 411 1316

2517 544 2629 595 Νῦν
2660 544 2779 611 μὲν,
2811 544 2858 595 εί
2885 545 2978 596 καὶ
3004 543 3077 611 μὴ
3096 543 3376 612 πρότερον,
3408 545 3612 598 εἴσεται
3640 545 3828 612 σαφῶς
3864 547 4013 598 Ἐπί-

2448 654 2639 703 κουρος
2668 638 2748 687 ὃτι
2779 636 3003 702 πρόνοια
3062 637 3250 687 διοικεῖ
3309 638 3407 705 τὴν
3446 637 3553 689 τῶν
3578 638 3715 690 ὅλων
3743 640 3929 704 φύσιν,
3956 640 4015 690 οὐ

788 726 937 791 Quod
965 725 1106 777 enim
1130 723 1252 776 mali
1279 724 1721 785 condemnentur,
1748 725 2057 789 puniantur,
2082 733 2135 775 et
2162 738 2348 791 positas

2446 725 2808 793 δογματίζων,
2876 725 3009 777 άλλά
3068 727 3413 792 κρινόμενος·
3461 728 3521 777 τὸ
3559 727 3666 796 γάρ
3693 729 3819 790 τοὺς
3855 746 4018 796 πονη-

790 815 957 877 1uant,
991 813 1183 883 356a
1215 810 1554 865 manifestum
1581 821 1663 865 est
1690 812 1945 865 indicium
2005 829 2109 865 non
2144 824 2347 866 natura:

792 916 992 959 temere
1019 921 1079 959 ac
1114 906 1310 957 l'rustra
1348 905 1573 967 ruentis,
1597 904 1691 957 sed
1733 904 1864 970 legis
1897 917 2058 972 atque
2093 907 2346 968 instituti,

790 1007 843 1048 et
884 996 1103 1047 rationis
1150 994 1587 1054 administrandi,
1627 1001 1680 1046 et
1729 996 1828 1047 hoc
1873 996 2136 1061 amplius,
2181 998 2350 1062 ipsius

791 1086 1147 1138 Providentiae
1199 1095 1279 1137 cst
1317 1094 1710 1151 argumentum.
1756 1083 1872 1137 Jam
1906 1086 2081 1153 itaque
2124 1086 2349 1153 aliquid,

792 1179 1163 1240 Athenienses,
1182 1178 1697 1229 commemoratione
1715 1177 1931 1242 dignum
1955 1178 2170 1230 accidit.
2198 1177 2353 1229 Venit

794 1272 845 1322 in
875 1270 1125 1333 indicium
1152 1269 1411 1333 Epicurus
1434 1266 1575 1318 vultu
1606 1266 1874 1328 subtristi,
1906 1276 1957 1319 ct
1983 1282 2155 1328 suam,
2189 1282 2349 1334 quam

793 1363 857 1412 de
882 1362 1151 1424 voluptate
1178 1360 1357 1417 habet,
1382 1358 1688 1423 opinionem
1712 1358 1903 1409 tetrico
1926 1358 2069 1409 vultu
2092 1360 2348 1424 corrupit.

794 1448 998 1517 Duplici
1034 1451 1095 1503 de
1128 1464 1287 1502 causa
1314 1449 1436 1500 odio
1468 1448 1839 1516 dignissimus,
1873 1464 1992 1500 eum
2024 1452 2165 1516 quod
2201 1449 2353 1502 aliter

795 1544 981 1593 doceat
1015 1540 1285 1607 privatim,
1320 1545 1435 1589 tum
1469 1542 1606 1606 quod
1637 1542 1792 1592 aliter
1826 1540 2034 1606 publice
2085 1540 2351 1593 exhibeat.

795 1628 867 1680 lbi
892 1630 1032 1680 enim
1065 1628 1385 1693 voluptatem
1416 1628 1631 1693 quidem
1655 1629 1846 1692 jactat,
1884 1637 1938 1679 ut
1961 1628 2351 1695 jncunditatem

794 1733 860 1771 ex
899 1718 1147 1771 omnibus
1198 1720 1355 1771 rebus
1404 1718 1621 1783 colligat
1667 1735 1680 1769 :
1736 1718 1821 1772 hic
1863 1734 1988 1771 vero
2036 1721 2353 1788 gravitatem

797 1812 1071 1873 mentitur,
1129 1824 1182 1864 ut
1220 1813 1430 1879 judices
1462 1813 1799 1864 conciliando
1828 1814 2109 1882 subripiat.
2147 1812 2353 1867 Novum

796 1914 925 1953 sane
955 1901 1237 1968 judicium,
1277 1902 1439 1954 homo
1474 1912 1689 1969 propter
1719 1910 1961 1954 naturam
2002 1905 2181 1956 mundi
2211 1904 2357 1971 judi-

798 1999 968 2054 catnr,
1002 2001 1053 2043 et
1082 2007 1364 2057 perversns
1397 1990 1644 2057 Sophista
1669 2030 1683 2053 ,
1718 2003 1936 2060 propter
1961 1994 2355 2058 providentiam

798 2094 1010 2146 pmnam
1058 2082 1221 2133 subit.
1278 2081 1421 2132 Perit
1475 2082 1652 2133 omnis
1703 2083 1872 2135 virtus
1919 2099 2011 2148 per
2059 2084 2355 2137 doctrinam

811 2170 1022 2236 Epicuri
1057 2182 1109 2223 et
1158 2185 1454 2223 sermones.
1489 2172 1724 2223 Pereunt
1762 2174 2012 2235 concilia,
2048 2184 2098 2225 et
2128 2174 2354 2241 judicia,

800 2260 1095 2311 honestatis
1120 2258 1357 2325 prannia,
1388 2260 1743 2325 improbitatis
1773 2263 2112 2329 supplicium,
2142 2266 2267 2330 quin
2305 2274 2358 2318 et

803 2363 961 2414 supra
1021 2349 1215 2401 caelum
1257 2350 1435 2401 evadit
1468 2350 1743 2417 impietas,
1789 2354 2066 2422 nullusque
2096 2368 2179 2408 est
2211 2358 2359 2410 luens

799 2439 890 2502 qni
940 2438 1277 2505 impudentia:
1315 2447 1367 2489 et
1414 2440 1648 2492 audacia:
1693 2440 1903 2508 Epicuri
1937 2444 2005 2495 sit
2052 2458 2262 2511 expers.
2300 2447 2361 2498 Et

805 2530 903 2581 hac
941 2528 1004 2581 de
1040 2544 1232 2592 eausa,
1274 2529 1509 2597 antiquis
1567 2531 1913 2599 philosophia:
1956 2537 2194 2603 vestigiis
2223 2538 2359 2589 insi-

804 2627 943 2667 stere
983 2616 1231 2678 erubuit,
1278 2626 1330 2669 et
1374 2620 1616 2669 eamdem
1660 2635 1819 2686 quam
1869 2623 2073 2687 priores
2110 2625 2185 2676 ire
2220 2628 2357 2677 viam

806 2705 1037 2772 neglexit
1065 2706 1198 2773 (55).
1230 2704 1425 2758 Εοι·ιιιη
1468 2722 1628 2775 porro
1668 2709 1828 2760 animi
1861 2713 2157 2778 angustiam
2191 2714 2358 2781 potis-

808 2796 1002 2847 simum
1036 2797 1263 2857 incusat,
1287 2796 1375 2863 qui
1403 2811 1429 2847 a
1462 2797 1615 2850 nobis
1639 2809 1854 2866 propter
1876 2802 2145 2855 doctrinas
2171 2805 2361 2869 impias

806 2882 970 2947 puniti
1011 2893 1164 2946 sunt,
1208 2897 1375 2949 qttarc
1421 2897 1607 2937 omnes
1667 2888 1843 2938 adhuc
1887 2886 2160 2954 impietate
2205 2892 2359 2958 longo

807 2974 1088 3026 intervallo
1114 2988 1371 3042 superare
1410 2982 1579 3041 parat.
1629 2975 1736 3029 Cur
1773 2992 1877 3029 non
1924 2989 2227 3041 accusetur,
2270 2982 2359 3047 qui

809 3062 909 3114 tale
927 3078 987 3115 ac
1033 3072 1239 3115 tantum
1292 3079 1485 3116 nomen
1529 3079 1691 3118 ausus
1718 3074 1801 3117 est
1832 3064 1934 3118 sibi
1968 3064 2263 3133 aﬁingere?
2304 3078 2359 3120 at
2384 3089 2427 3149 ρ

806 3152 892 3203 ubi
926 3154 1036 3204 haec
1060 3152 1376 3219 proﬁtetur?
1411 3152 1635 3207 Ubinam
1668 3156 1916 3208 convenit
1955 3166 2009 3207 et
2041 3159 2359 3210 commisce-

814 3249 899 3291 tur
928 3240 1171 3307 voluptas
1199 3240 1491 3307 laboribus,
1526 3243 1781 3297 fortitudo
1802 3245 2045 3299 deliciis?
2072 3248 2361 3300 Academia

808 3328 1183 3394 lupanaribus,
1228 3330 1558 3397 philosophia
1605 3332 1999 3398 potationibus,
2059 3347 2364 3402 temperan-

810 3420 937 3470 tium
992 3421 1093 3469 vita
1147 3434 1269 3472 eum
1313 3421 1590 3486 impudicis
1636 3424 2095 3478 adolescentibus?
2137 3426 2200 3477 Et
2238 3427 2363 3493 quid

807 3508 1083 3575 praedixit,
1115 3508 1204 3575 qui
1238 3524 1397 3561 ausus
1428 3510 1543 3562 est?
1576 3512 1775 3563 Bellum
1828 3525 1882 3566 et
1916 3530 2063 3567 arma
2103 3516 2364 3570 universas

810 3608 1011 3649 natura:
1049 3597 1253 3665 legibus
1299 3598 1483 3649 indicit
1506 3635 1520 3659 ,
1563 3610 1743 3651 contra
1776 3614 1987 3653 omnem
2022 3611 2233 3654 aetatem
2268 3605 2363 3655 de-

809 3684 1061 3737 mentiam
1094 3684 1341 3749 ell‘undit,
1367 3696 1421 3738 et
1448 3688 1513 3739 de
1543 3687 1720 3756 impiis
1754 3691 2113 3744 sectatoribus
2134 3707 2227 3745 eos
2250 3692 2365 3760 plu-

810 3774 1002 3827 rimum
1033 3772 1176 3837 colit,
1205 3775 1293 3843 qui
1326 3776 1644 3841 voluptatem
1677 3788 1799 3830 ante
1827 3777 1960 3832 alios
2006 3781 2360 3834 demirantur.

885 4056 1039 4110 Prius
1090 4071 1216 4111 vero
1252 4056 1609 4111 defensionem
1656 4055 1770 4123 ejus
1816 4058 2215 4111 consideremus
2253 4074 2265 4109 :
2297 4072 2361 4110 an

810 4148 1063 4202 doctrina:
1090 4148 1203 4212 ejus
1237 4161 1446 4216 pmnam
1482 4146 1685 4215 exigis?
1712 4146 1950 4210 Minime,
1989 4149 2079 4199 sed
2117 4148 2361 4213 impieta-

812 4238 897 4290 tis.
940 4235 1087 4289 Licet
1128 4236 1270 4289 enim
1324 4236 1517 4288 docere
1561 4235 1853 4302 quodlibet,
1909 4235 2072 4303 impio
2110 4250 2361 4289 essenon

812 4324 956 4377 licet.
986 4324 1041 4375 Si
1074 4324 1301 4392 probare
1339 4332 1488 4389 potes
1529 4339 1631 4377 non
1657 4337 1775 4377 esse
1807 4339 1898 4377 eos
1930 4325 2119 4391 impios
2152 4326 2202 4378 in
2237 4340 2360 4377 ver-

2452 816 2575 886 ροϋς
2606 815 2885 884 κρίνεσθαι
2908 816 2999 866 καὶ
3029 815 3349 878 κολάζεσθαι
3392 817 3484 867 καὶ
3513 817 3711 869 διδόναι
3737 817 3897 886 δίκην
3919 820 4014 871 οὐκ

2450 908 2570 973 εἰκῆ
2604 906 2910 973 φερομένης
2940 907 3033 956 καὶ
3063 907 3241 974 μάτην
3272 906 3503 972 φύσεως,
3536 907 3672 959 ἀλλά
3693 907 3899 975 θεσμοῦ
3926 911 4018 961 καὶ

2452 996 2614 1061 νόμου
2638 996 2727 1045 καὶ
2764 995 2805 1023 ⁶⁰
2841 994 3116 1054 πολιτείας
3154 996 3246 1045 καὶ
3280 996 3361 1059 (τὸ
3410 995 3682 1062 μέγιστον)
3718 990 3894 1061 αὐτῆς
3922 997 4018 1063 τῆς

2451 1085 2703 1151 προνοίας
2734 1085 2983 1153 λαμπρὸν
3013 1085 3245 1153 ὑπάρχει
3274 1086 3590 1152 τεκμήριον.
3627 1086 3763 1153 Ἤδη
3799 1088 3899 1153 μὲν
3929 1082 4017 1137 οὖν

2454 1176 2726 1243 προῦργου
2746 1192 2797 1224 τι
2822 1174 2919 1241 τῆς
2946 1174 3180 1241 γραφῆς,
3218 1174 3406 1242 ἄνδρες
3464 1175 3751 1241 Ἀθηναῖοι,
3792 1176 4019 1242 γεγένη-

2454 1282 2562 1315 ται.
2598 1264 2915 1330 Στυγνάζων
2948 1259 3078 1331 ἧκεν
3097 1264 3136 1293 ⁶¹
3170 1264 3261 1314 ἐπὶ
3316 1264 3414 1331 τὴν
3456 1264 3632 1332 κρίσιν
3674 1262 4014 1332 Ἐπίκουρος,

2455 1357 2545 1405 καὶ
2587 1355 2643 1405 τὸ
2713 1355 2809 1420 τῆς
2844 1356 3030 1422 ἡδονῆς
3064 1354 3238 1421 δόγμα
3296 1357 3359 1421 τῇ
3393 1355 3662 1423 κατηφείᾳ
3698 1354 4013 1421 διέφθαρκε.

2456 1448 2530 1496 Δι’
2567 1447 2846 1514 ἀμφότερα
2876 1446 2935 1497 δὲ
2972 1446 3247 1514 μισεῖσθαι
3274 1447 3498 1508 δίκαιος,
3526 1449 3617 1497 καὶ
3647 1440 3719 1497 ὧν
3754 1447 3863 1513 ἰδία
3894 1464 4015 1498 παι-

2454 1538 2595 1588 δεύει
2627 1538 2720 1588 καὶ
2744 1531 2816 1588 ὧν
2850 1536 3081 1605 δημοσία
3114 1538 3425 1589 πλάττεται.
3474 1538 3617 1588 Ἐκεῖ
3645 1540 3743 1605 μὲν
3780 1538 3893 1605 γάρ
3923 1539 4015 1604 τὴν

2456 1628 2643 1695 ἡδονὴν
2664 1627 2862 1695 θρυλεῖ,
2890 1628 2975 1676 ἵνα
3007 1628 3101 1693 τὴν
3128 1626 3273 1695 ὥραν
3300 1627 3395 1694 τὴν
3424 1627 3529 1677 τῶν
3550 1628 3849 1693 χρωμένων
3886 1644 4016 1691 καρ-

2458 1719 2701 1785 πώσηται
2722 1734 2737 1745 ⁸
2760 1717 2986 1767 ἐνταῦθα
3008 1717 3176 1785 δὲτὴν
3208 1718 3506 1784 σεμνότητα
3538 1716 3904 1783 καθυποκρίνε
3916 1733 4015 1776 ται,

2460 1809 2522 1860 ἵν’
2556 1808 2848 1875 ὑφαρπάσῃ
2872 1808 2929 1857 τὸ
2971 1808 3339 1874 δικαστήριον.
3361 1806 3420 1856 Ἠ
3452 1807 3495 1835 ⁸³
3511 1806 3607 1873 μὲν
3634 1807 3815 1874 κρίσις
3846 1824 4018 1875 παρα-

2455 1898 2601 1961 δοξος
2634 1913 2646 1925 ·
2680 1897 2817 1967 ἀνὴρ
2858 1897 2990 1963 πρὸς
3024 1896 3119 1963 τὴν
3152 1895 3311 1962 φύσιν
3333 1895 3440 1945 τῶν
3472 1896 3638 1947 ὄντων
3672 1896 3717 1924 ⁸⁸
3747 1896 4015 1963 κρίνεται,

2458 1988 2552 2038 καὶ⁵
2590 1988 2820 2054 πονηρὸς
2849 1986 3101 2053 σοφιστὴς
3132 1984 3265 2053 πρὸς
3298 1986 3397 2053 τὴν
3428 1985 3680 2053 πρόνοιαν
3714 1986 4014 2048 δικάζεται.

2458 2078 2675 2145 Οἴχεται
2727 2079 2820 2145 μὲν
2878 2079 3041 2146 ἀρετὴ
3107 2078 3252 2128 πᾶσα
3301 2078 3409 2137 τοῖς
3465 2076 3785 2144 Ἐπικούρου
3843 2077 4015 2144 λόγοις

2459 2174 2550 2221 καὶ
2590 2170 2869 2237 δόγμασιν,
2892 2168 3094 2235 οἴχεται
3153 2168 3207 2218 δὲ
3263 2168 3584 2237 δικαστήρια
3619 2168 3749 2238 [579
3789 2169 3886 2240 11.]
3925 2171 4014 2222 καὶ

2459 2260 2686 2327 κρίσεις,
2720 2261 2809 2310 καὶ
2828 2259 2933 2309 τῶν
2962 2258 3061 2326 μὲν
3088 2258 3304 2323 ἀγαθῶν
3342 2259 3395 2309 αί
3434 2260 3605 2325 τιμαὶ,
3629 2260 3736 2310 τῶν
3769 2261 3825 2311 δὲ
3865 2262 4015 2311 ἐναν-

2458 2352 2585 2401 τίων
2608 2352 2665 2401 τὸ
2694 2352 2925 2419 τίμημα.
2978 2351 3287 2402 Ἀναϐαίνει
3316 2352 3372 2403 δὲ
3412 2354 3504 2404 καὶ
3547 2354 3623 2413 είς
3650 2353 3879 2421 οὐρανὸν
3909 2356 4017 2406 ἀνω

2457 2442 2567 2500 τοῖς
2628 2439 2948 2505 ἀδικήμασι,
2995 2440 3084 2490 καὶ
3137 2439 3297 2500 τόπος
3335 2440 3507 2499 οὐδεὶς
3556 2441 3652 2507 τῆς
3686 2441 4015 2508 θρασύτητος

2459 2526 2778 2595 Ἐπικούρου
2809 2526 3027 2578 καὶτῶν
3055 2527 3411 2594 τολμημάτων
3447 2527 3744 2595 ἐξαίρετος.
3777 2529 3850 2580 Τὸ
3871 2529 3915 2578 δ’
3936 2531 4017 2578 αἶ-

2458 2634 2593 2677 τιον,
2648 2618 2884 2685 ᾐσχύνθη
2940 2621 3048 2677 τοῖς
3110 2618 3354 2687 ἀρχαίοις
3405 2619 3658 2686 ἐμμεῖναι
3704 2620 4017 2687 φιλοσοφίας

2459 2708 2604 2775 ὅροις
2649 2706 2986 2774 Ἐπίκουρος,
3033 2708 3123 2757 καὶ
3186 2708 3283 2772 τὴν
3330 2708 3494 2775 αὐτὴν
3547 2708 3663 2759 όδὸν
3708 2706 3884 2758 ἐλθεῖν
3910 2712 4017 2768 τοῖς

2460 2797 2720 2864 πρότερον
2757 2796 3178 2865 φιλοσοφήσασιν
3234 2796 3464 2863 ὤκνησε.
3491 2798 3706 2848 Μᾶλλον
3731 2798 3786 2848 δὲ
3831 2815 4021 2865 μικρο-

2459 2884 2656 2952 ψυχίαν
2689 2887 2986 2950 καταγνοὺς
3030 2885 3137 2935 τῶν
3164 2886 3275 2936 ὅσοι
3315 2886 3445 2953 παρ’
3488 2887 3619 2952 ἡμῖν
3648 2887 3741 2935 ἐπὶ
3771 2888 4021 2953 πονηροῖς

2460 2975 2685 3043 δόγμασι
2728 2974 3169 3042 πλημμελοῦντες
3210 2974 3598 3042 ἐκολάσθησαν,
3638 2974 3779 3039 ἔγνω
3817 2976 4019 3034 πάντας

2461 3065 2667 3131 ἁθρόως
2698 3064 3093 3133 ὑπερϐαλέσθαι
3148 3070 3257 3125 τοῖς
3303 3066 3645 3133 ἀδικήμασιν.
3678 3065 3746 3115 Ἠ
3781 3066 3900 3125 πῶς
3930 3067 4023 3115 οὐκ

2464 3154 2609 3215 ἄξιος
2643 3154 2917 3221 μέμψεως,
2947 3152 3213 3221 τοσαύτης
3239 3154 3331 3203 καὶ
3359 3151 3687 3220 τηλικαύτης
3711 3152 4022 3218 ἐπωνυμίας

2466 3243 2754 3310 ἐπιχειρῶν
2802 3241 3270 3309 καταψεύδεσθαις
3333 3241 3439 3292 1Ιοῦ
3470 3242 3572 3309 γάρ
3601 3242 3943 3308 ὁμολογεῖται
3982 3242 4023 3272 ⁸⁸

2464 3333 2661 3397 ravim;
2695 3332 2795 3383 ποῦ
2828 3333 2883 3383 δὲ
2917 3333 3196 3400 συμϐαίνει
3226 3334 3317 3383 καὶ
3354 3333 3605 3403 μίγνυται
3634 3333 3794 3400 ἡδονὴ
3824 3334 4019 3394 πόνοις,

2465 3425 2726 3493 καρτερία
2761 3426 2982 3492 τρυφῇ;
3024 3423 3323 3491 Ἀκαδημία
3366 3425 3453 3474 καὶ
3496 3424 3708 3491 πόρναι,
3741 3424 4021 3490 φιλοσοφία

2464 3514 2554 3563 καὶ
2585 3514 2762 3576 πότος,
2795 3512 3213 3581 σωφρονούντων
3252 3512 3361 3579 βίος
3400 3514 3491 3566 καὶ
3535 3514 3808 3566 ἀκόλαστα
3834 3518 4023 3583 μειρά-

2465 3621 2588 3667 κια;
2634 3604 2689 3655 '0
2719 3605 2773 3654 δὲ
2803 3604 2853 3653 τί
2880 3605 3179 3673 προῄρηται
3218 3606 3262 3634 ⁶⁶
3298 3606 3391 3655 καὶ
3418 3605 3469 3656 τί
3490 3606 3788 3673 τετόλμηκε
3816 3622 3831 3669 ;
3866 3609 4019 3656 πόλε-

2467 3712 2565 3763 μον
2604 3694 2813 3746 ἀπειλεῖ
2835 3698 2930 3747 καὶ
2970 3697 3146 3764 μάχην
3177 3696 3289 3756 τοῖς
3329 3696 3512 3763 νόμοις
3563 3695 3691 3764 ὅλης
3723 3698 3764 3725 ⁸⁷
3797 3697 3896 3765 τῆς
3922 3698 4021 3764 φύ-

2464 3799 2618 3844 σεως.
2658 3782 2858 3850 Ἐμάνη
2922 3783 3116 3850 μανίαν
3181 3780 3302 3834 καθ’
3348 3781 3559 3848 ἡλικίας
3616 3783 3827 3849 ἀπάσης
3873 3783 4017 3834 Ἐπί-

2462 3887 2675 3938 κουρος,
2711 3870 2804 3922 καὶ
2832 3871 3106 3931 δυσσεϐεῖς
3156 3870 3359 3938 ἔρωτας
3406 3869 3614 3939 ἠράσθη
3662 3873 3881 3923 πάντων
3912 3874 4020 3924 ὅσοι

2461 3960 2556 4029 τὴν
2583 3962 2729 4030 ὤραν
2762 3962 2896 4032 ὑπὲρ
2930 3962 3053 4021 τοὺς
3083 3960 3273 4023 ἀλλους
3302 3960 3693 4027 θαυμάζονται.

2534 4052 2799 4119 Πρότερον
2857 4050 2912 4102 δὲ
2972 4050 3133 4102 αὐτοῦ
3188 4052 3285 4117 τὴν
3330 4052 3623 4118 ἀπολογίαν
3668 4051 4015 4118 σκειξώμεθα.

2463 4145 2736 4211 Δόγματος
2760 4140 2850 4196 οὖν
2875 4146 3117 4205 ἀπαιτεῖς
3142 4144 3185 4174 ⁸⁸
3214 4145 3367 4206 δίκας
3390 4164 3404 4210 ς
3431 4145 3564 4208 Οὒκ,
3584 4146 3697 4197 ἀλλ’
3728 4147 3980 4207 ἀσεϐείας
4002 4162 4015 4174 ·

2462 4234 2803 4301 δογματίζειν
2839 4235 2935 4301 μὲν
2962 4236 3068 4304 γὰρ
3092 4235 3233 4299 ἐξὸν,
3261 4235 3475 4287 ἀσεϐεῖν
3502 4237 3559 4288 δὲ
3597 4238 3697 4287 οὐκ
3731 4239 4018 4305 ἐπιτέτρα-

2465 4339 2613 4373 πται.
2646 4323 2707 4373 Εί
2740 4323 2836 4389 μὲν
2865 4319 2956 4374 οὖν
2986 4324 3127 4389 ἔχεις
3158 4326 3327 4376 εἰπεῖν
3361 4326 3433 4385 ὡς
3468 4326 3565 4376 οὐκ
3594 4326 3809 4386 ἀσεϐεῖς
3844 4322 3920 4387 οἷς
3946 4329 4018 4376 εῖ-

808 4414 913 4473 bis,
959 4415 1113 4464 verba
1148 4428 1249 4465 non
1290 4414 1485 4467 damno
1513 4430 1526 4465 :
1555 4423 1609 4465 at
1637 4412 1681 4466 si
1716 4414 1891 4466 verbis
1922 4414 2058 4466 inest
2087 4414 2353 4482 impietas,
2390 4416 2427 4470 Β

2390 4416 2431 4470 D
2461 4424 2654 4479 ρηκας,
2684 4412 2746 4462 οὐ
2786 4412 2953 4479 κρίνω
2979 4414 3102 4475 τοὺς
3128 4412 3314 4479 λόγους
3340 4431 3353 4444 ·
3387 4416 3435 4465 εἰ
3464 4415 3509 4465 δ’
3536 4415 3760 4466 ἀσέϐεια
3799 4419 3906 4478 τοῖς
3937 4416 4023 4466 3.6-

811 4521 911 4557 non
936 4516 1151 4571 propter
1174 4503 1259 4555 illa
1288 4518 1498 4571 pmnam
1525 4504 1694 4567 dabis,
1726 4504 1817 4556 sed
1842 4518 1905 4556 eo
1928 4505 2095 4570 magis
2118 4506 2354 4570 pnniere,

2462 4517 2575 4566 γοις
2627 4502 2934 4567 πρόσεστιν,
2989 4503 3049 4552 οὐ
3116 4502 3201 4555 διὰ
3234 4503 3355 4563 τοὺς
3395 4504 3582 4569 λόγους
3609 4506 3890 4570 κερδανεῖς
3922 4508 4021 4574 τὴν

808 4598 934 4663 quia
980 4596 1044 4645 ad
1074 4595 1401 4661 impietatem
1447 4594 1863 4646 conlirmandam
1906 4594 1987 4646 his
2020 4594 2195 4645 verbis
2230 4608 2359 4646 usus

2459 4590 2632 4659 δίκην,
2693 4591 2826 4642 ἀλλὰ
2858 4592 2899 4621 ⁶⁹
2935 4591 3241 4660 κολασθήσῃ
3289 4592 3446 4643 πλέον
3488 4587 3566 4653 οἷς
3601 4594 3691 4643 ἐπὶ
3736 4594 3797 4644 τὸ
3821 4596 4022 4645 ἀδικεῖν

809 4702 887 4740 es.
917 4685 1029 4737 Non
1060 4685 1201 4736 enim
1241 4699 1456 4752 ptenam
1484 4683 1757 4751 injudicio
1794 4682 1958 4743 dabit,
1999 4683 2041 4735 si
2074 4682 2215 4750 quis,
2258 4684 2358 4736 etsi

812 4775 965 4827 liceat
986 4774 1055 4825 uti
1091 4774 1153 4824 ad
1178 4786 1240 4823 ea
1270 4786 1389 4838 qua:
1408 4779 1639 4837 Oportet,
1672 4771 1735 4820 ad
1768 4783 1874 4821 rem
1910 4785 2011 4821 non
2039 4771 2361 4823 convenien-

812 4874 911 4915 tem
946 4863 1121 4914 verbis
1152 4862 1225 4912 uti
1256 4860 1420 4912 velit:
1457 4857 1650 4927 356b
1695 4870 1881 4911 contra
1931 4874 2085 4920 vero,
2159 4862 2201 4913 si
2248 4873 2357 4910 rem

812 4954 1088 5004 110llL‘SlallI
1136 4949 1430 5001 inhonestis
1482 4950 1659 5000 verbis
1712 4947 2037 5014 inquinarit,
2082 4950 2149 5001 ob
2196 4952 2356 5002 verba

811 5056 1019 5110 ptenam
1052 5040 1178 5093 luet.
1208 5037 1473 5093 Vocamus
1503 5038 1604 5089 huc
1637 5038 1688 5089 in
1715 5037 1972 5105 judicium
2008 5049 2275 5100 oratores,
2310 5048 2363 5090 et

2460 4682 2571 4739 τοῖς
2617 4678 2790 4743 λόγοις
2837 4680 3118 4748 κέχρησαι.
3154 4681 3226 4730 Οὐ
3269 4682 3376 4749 γὰρ
3425 4683 3476 4732 εί
3496 4698 3599 4746 τις,
3640 4683 3757 4746 ἐξὸν
3788 4685 4021 4750 χρῆσθαι

2464 4768 2596 4835 πρὸς
2634 4768 2668 4817 ἂ
2696 4768 2795 4830 δεῖ,
2830 4769 2931 4819 κᾶν
2958 4769 3088 4835 πρὸς
3116 4768 3150 4820 ἃ
3182 4769 3254 4837 μὴ
3290 4770 3367 4820 δεῖ
3395 4769 3541 4841 θέλῃ,
3585 4771 3739 4838 δίκην
3772 4774 3833 4823 οὐ
3861 4773 4021 4824 δώσει

2465 4856 2808 4925 κρινόμενος·
2872 4859 3172 4910 τούναντίον
3225 4859 3281 4910 δὲ
3326 4861 3371 4889 ⁷⁰
3428 4861 3610 4927 ὑφέξει
3687 4862 3866 4927 λόγον,
3943 4866 4021 4914 ὅτι

2465 4947 2624 4997 καλὸν
2652 4949 2879 5015 πρᾶγμα
2912 4950 3117 5017 πονηρᾷ
3152 4949 3340 5019 γνώμῃ
3372 4951 3695 5015 διέφθειρεν.
3736 4952 4021 5019 Καλοῦμεν

2469 5038 2558 5088 ἐπὶ
2583 5036 2643 5088 τὸ
2666 5036 2815 5105 βῆμα
2847 5038 2972 5099 τοὺς
3002 5040 3235 5108 ῥήτορας
3257 5053 3271 5067 ’
3306 5038 3407 5091 κᾶν
3451 5040 3581 5107 ὀκνῇ
3615 5057 3717 5103 τις,
3759 5042 4021 5103 πολλάκις

2065 5193 2298 5246 VARle
2356 5193 2749 5252 LECTIONES.

881 5315 924 5351 "
950 5313 1042 5380 τῆς
1065 5307 1286 5380 add._A_.
1360 5304 1404 5380 ξ’
1428 5304 1519 5380 καὶ

812 5467 917 5506 om.
954 5453 1015 5504 A.
1090 5450 1133 5479 ⁷ο
1159 5446 1213 5498 δὲ
1235 5445 1351 5497 add.
1390 5445 1452 5497 Α.

1546 5316 1663 5372 post
1690 5306 1851 5375 νόμου
1875 5320 1981 5376 om.
2019 5307 2075 5359 Β.
2154 5308 2193 5337 ⁶¹
2224 5308 2399 5358 malim
2430 5310 2571 5376 ἥκει.

816 5383 859 5413 ⁸⁸
890 5374 1023 5434 ὅλων
1050 5383 1112 5433 Α.
1186 5377 1230 5407 ⁸⁵
1258 5374 1501 5442 ὁμολογεῖ
1542 5378 1605 5428 Δ.
1682 5377 1726 5407 ⁸⁸
1758 5374 2039 5445 προῄρηκε
2070 5394 2127 5438 ς.
2207 5378 2250 5406 ⁸⁷
2280 5378 2416 5438 ὅλοις
2447 5374 2509 5431 Α,

2648 5312 2690 5379 ‘f
2714 5311 2808 5379 τὴν
2837 5319 2959 5361 ante
2984 5309 3094 5361 τῶν
3118 5323 3224 5361 om.
3255 5309 3311 5360 Β.
3385 5310 3430 5340 ⁸³
3457 5310 3633 5376 κρίσις
3667 5308 3739 5359 A:
3772 5308 3934 5375 φύσις
3965 5325 4018 5370 ς.

2586 5379 2629 5409 ⁸³
2660 5378 2887 5432 fortasse
2918 5379 3195 5447 legendum
3220 5380 3424 5447 ἀπαιτῇ
3450 5418 3464 5442 ,
3497 5378 3726 5445 passive.
3811 5380 3859 5415 ⁸⁸
3889 5378 4023 5429 ἀλλὰ

2306 5538 2532 5592 ΝΟΤᾹὲ.

882 5656 993 5725 ('55)
1036 5656 1123 5712 Sic
1153 5657 1429 5713 Lucretius
1452 5665 1505 5710 et
1540 5656 1650 5725 ipse
1680 5651 2007 5723 Epicureus:
2048 5654 2173 5705 Aria
2206 5651 2470 5706 Pieridum
2503 5669 2716 5721 peragro
2741 5653 2874 5716 loca,
2901 5654 3092 5707 nullius
3117 5666 3233 5708 ante
3275 5654 3422 5707 Trita
3456 5656 3575 5708 solo.
