4206 6436
214 397 351 462 1317

1240 403 1761 469 BIBLIOTHECA.
1802 434 1872 447 —
1899 413 2061 475 COD.
2088 417 2390 479 CCXLIII.

3312 414 3450 482 1318

211 509 238 574 Ιι
275 506 437 578 κοινὴ
465 508 618 577 φωνὴ
646 507 747 574 τῆς
780 508 986 570 πόλεως
1028 509 1121 563 επὶ
1148 510 1209 563 τὸ
1236 512 1415 577 λέγειν
1448 516 1649 585 ἐγείρει
1690 518 1777 570 καὶ

1883 523 1926 577 si
1956 526 2079 591 quis
2122 526 2296 584 lentus
2341 530 2652 598 accesserit,
2684 530 2996 600 frequenter
3022 527 3295 585 communi
3323 530 3452 583 civi-

201 598 296 648 τὸν
348 598 415 649 ού
472 599 654 665 λέγειν
706 598 1047 667 βουλόμενον.
1111 601 1447 671 Παρέρχεταί
1486 622 1571 667 τις
1606 608 1685 668 είς
1726 608 1785 659 τὸ

203 685 409 751 σεμνὸν
451 686 775 756 Ἑπικούρου
840 691 1252 757 φροντιστήριον
1298 692 1418 753 νέος
1454 693 1487 761 ἢ
1532 694 1659 746 νέα’
1705 698 1782 758 είς

201 772 312 843 γὰρ
343 776 552 845 ταύτην
578 776 677 847 τὴν
690 776 905 845 ἠλικίαν
938 779 997 830 τὸ
1015 777 1269 848 λαμπρὸν
1298 781 1456 834 τοῦτο
1487 783 1779 853 συνέδριον.

212 862 395 933 ’Υπὲρ
451 866 544 916 τὸν
581 865 769 930 Ἰξίονα
810 866 871 919 τὸ
922 866 1119 937 θράσος
1158 869 1464 940 ἄνθρωπος,
1514 872 1653 942 ὑπὲρ
1692 876 1783 926 τὸν

203 954 511 1023 Σαλμωνέα
535 956 633 1025 τὴν
653 956 831 1028 ὕϐριν,
858 958 955 1027 τὴν
972 959 1172 1028 τόλμαν
1210 961 1351 1030 ὑπὲρ
1377 961 1464 1013 τὸν
1493 964 1780 1019 Τάνταλον.

215 1046 361 1097 Ἀλλ’
400 1049 583 1100 ἐκεῖνα
612 1047 708 1116 μὲν
746 1047 927 1117 μῦθοι,
987 1050 1081 1102 καὶ
1108 1054 1174 1121 τῇ
1230 1055 1402 1121 σκηνῇ
1442 1054 1593 1121 μόλις
1620 1056 1691 1107 τά
1720 1072 1781 1121 γε

203 1136 437 1189 τοιαῦτα
498 1137 863 1207 πιστεύομενε
902 1138 1065 1210 [1085
1094 1140 1187 1211 R.]
1225 1142 1542 1212 Ἐπίκουρος
1590 1143 1645 1195 δὲ
1684 1146 1784 1197 οὐκ

203 1228 263 1278 ὲν
286 1226 506 1295 μύθοις,
527 1228 642 1281 ἀλλ’
668 1230 726 1281 ἑν
742 1230 974 1299 δόγμασι
1000 1234 1095 1285 καὶ
1110 1232 1339 1302 πράξεσι
1357 1235 1521 1286 νικῶν
1546 1235 1783 1298 ἐκείνους

203 1316 546 1384 εὑρίσκεται.
570 1318 826 1371 Κάκεῖνοι
860 1321 956 1388 μὲν
987 1320 1211 1390 ἑτέρωθί
1252 1339 1355 1373 που
1386 1321 1557 1374 ταῦτα
1577 1324 1782 1393 τολμῆ-

204 1421 298 1456 σαι
329 1405 603 1471 λέγονται,
663 1409 714 1459 oi
768 1408 866 1477 μὲν
898 1411 956 1460 ἐν
984 1410 1184 1479 ὅρεσιν,
1212 1412 1261 1461 οί
1307 1410 1363 1462 δὲ
1393 1412 1451 1463 ἐν
1480 1404 1697 1476 νάπαις,
1732 1416 1783 1465 oi

201 1497 260 1548 δὲ
296 1498 357 1548 ὲν
390 1496 686 1567 βαρϐάροις
732 1501 841 1551 τισὶ
891 1502 984 1552 καὶ
1039 1501 1475 1570 ἀπερριμμένοις
1517 1504 1777 1571 χωρίοιςο

200 1585 394 1638 δίδωσι
419 1585 476 1638 δέ
507 1604 622 1649 πως
651 1588 693 1618 ⁷⁸
714 1588 1041 1658 συγγνώμην
1070 1590 1165 1642 καὶ
1193 1592 1356 1643 τόπου
1393 1593 1555 1659 φύσις
1581 1594 1747 1662 ἑγκλή
1766 1622 1781 1631 -

202 1692 408 1741 μασιν·
452 1676 767 1745 Ἐπίκουρος
825 1677 882 1730 δὲ
953 1679 1205 1749 Ἀθήνῃσι
1252 1680 1425 1734 ταῦτα
1481 1683 1778 1752 φιλοσοφεῖ.

211 1766 477 1837 Ἀθήνῃσι
497 1767 553 1818 δὲ
591 1768 719 1821 ὅταν
750 1767 908 1833 εἴπω,
947 1769 1008 1821 τὸ
1039 1770 1292 1838 μέγιστον
1316 1766 1468 1823 εἷπον
1492 1773 1592 1842 τῆς
1626 1774 1781 1825 εὐσε-

200 1854 358 1918 ϐείας
403 1857 719 1925 κεφάλαιον.
778 1858 941 1910 Οὐδὲν
968 1860 995 1910 6
1028 1859 1321 1926 Σωκράτης
1366 1877 1447 1913 σοι
1475 1860 1623 1914 δοκεῖ
1643 1861 1779 1931 πρὸς
1811 1842 1851 1896 Β

200 1946 479 2015 μίμησιν;
511 1947 619 2001 Καὶ
670 1948 744 2011 τί,
782 1948 933 2016 φησὶ,
992 1947 1099 2000 τῶν
1151 1949 1466 2002 ὑπευθύνων
1498 1951 1776 2020 ἠσέϐησα;

198 2036 345 2088 Αὑτό
385 2054 475 2106 μοι
499 2037 697 2104 λέγεις,
738 2036 1050 2107 Ἐπίκουρε,
1080 2038 1139 2090 τὸ
1177 2039 1360 2109 μεῖζον
1398 2040 1667 2111 ἔγκλημα,
1696 2044 1778 2095 δτι

200 2129 278 2199 μὴ
302 2129 587 2192 δυσσεϐεῖς
609 2130 795 2199 μόνον,
821 2130 935 2182 ἀλλ’
956 2131 1037 2184 ὅτι
1056 2132 1098 2162 τ’
1119 2132 1211 2183 καὶ
1225 2133 1405 2186 καινά⁶
1434 2133 1553 2186 ὅθεν
1574 2135 1780 2204 διχόθεν

198 2221 506 2284 ὑπεύθυνος
531 2222 596 2273 ⁷³.
626 2222 850 2289 Βωμοὺς
906 2223 1007 2275 οὐκ
1067 2223 1387 2294 ἀνέτρεψας,
1434 2224 1571 2277 ἀλλά
1604 2227 1778 2297 μάτην

194 2314 446 2375 ἑστῶτας
500 2314 727 2379 ἔδειξας,
750 2313 877 2385 [580
908 2313 997 2385 [1.]
1043 2316 1303 2386 Πρόνοιαν
1350 2317 1575 2383 ἀνελὼν,
1616 2318 1682 2371 δι’
1709 2320 1774 2390 ἢν

196 2403 425 2473 βωμοὺς
451 2405 807 2474 ἱδρυσάμεθα·
843 2406 1035 2459 θυσίαν
1058 2406 1249 2475 καινὴν
1280 2408 1381 2460 οὐκ
1397 2408 1612 2474 ἔθυσας,
1643 2410 1776 2463 ἀλλὰ

194 2496 385 2558 πάσας
415 2494 627 2565 ἀθρόως
652 2496 697 2526 ⁷⁸
716 2496 1019 2567 ἀνῄρηκας.
1047 2498 1136 2567 Μὴ
1156 2498 1369 2568 ρυέσθω
1398 2500 1442 2529 ⁷⁸
1469 2500 1567 2567 τῆς
1604 2518 1776 2569 τιμω-

196 2588 321 2655 ρίας
365 2588 715 2657 Ἐπίκουρος,
746 2589 828 2641 ὅτι
856 2589 929 2658 μὴ
980 2590 1120 2642 κατά
1160 2591 1285 2652 τοὺς
1336 2592 1599 2662 πρότερον
1638 2594 1777 2647 κατά

194 2678 337 2729 θεῶν
372 2677 724 2747 ἐθρασύνατο.
752 2678 965 2742 Πάντας
992 2680 1093 2749 μὲν
1120 2680 1228 2749 γάρ
1255 2680 1521 2750 ἀσεϐῆσαι
1542 2683 1776 2752 τρόπους

195 2770 275 2821 ἑνὶ
320 2770 435 2819 τῶν
496 2770 635 2821 κατὰ
687 2769 786 2838 τὴν
833 2769 986 2821 πόλιν
1034 2769 1330 2823 ἀδύνατον·
1363 2774 1410 2823 εί
1434 2772 1490 2824 δὲ
1522 2772 1772 2837 ἕκαστος,

192 2860 313 2911 ἀνθ’
345 2853 423 2913 ῶν
443 2861 632 2930 ἔδρασε
695 2861 1132 2931 προϐαλλόμενος
1158 2863 1194 2917 ἃ
1235 2865 1309 2934 μὴ
1355 2867 1645 2935 πεποίηκε,
1677 2867 1775 2937 τὴν

190 2954 467 3020 τιμωρίαν
483 2951 802 3020 ὶκφευξεται
850 2953 917 3014 ⁷⁸,
957 2954 1041 3015 τίς
1096 2954 1278 3020 ὑφέξει
1312 2956 1421 3007 τῶν
1447 2956 1659 3009 ἀσεϐῶν
1695 2958 1775 3011 δί-

192 3058 299 3109 κην
334 3042 405 3103 ⁷⁷,
432 3040 493 3092 ού
516 3042 721 3103 πάντας
786 3042 1003 3095 ἀσεϐεῖν
1070 3044 1439 3113 ὲγχωροῦντος
1479 3048 1525 3077 ⁷⁸
1558 3048 1772 3118 ἑκάστῳ

1884 614 2012 666 tatis
2033 613 2286 683 suffragio
2306 621 2387 670 vel
2411 617 2613 673 invitus
2631 620 2699 673 ab
2718 619 3004 674 dicendum
3026 620 3261 688 cogitur.
3287 617 3450 674 Venit

1884 700 2077 769 aliquis
2106 702 2320 769 juvenis
2354 705 2433 759 vel
2461 706 2746 774 juvencnla
2776 708 2920 775 (nam
2957 710 3026 761 ob
3058 708 3199 761 hanc
3231 716 3447 761 aetatem

1883 791 2175 857 praeclarus
2204 794 2292 847 ille
2323 805 2620 849 conventus
2650 797 2926 849 ordinatus
2956 796 3061 862 est)
3091 796 3144 850 in
3180 810 3446 849 veneran-

1884 875 2004 927 dam
2038 874 2248 944 Epicuri
2280 878 2543 943 scholam,
2569 879 2793 935 audacia
2819 892 3038 946 superat
3069 880 3157 933 ille
3177 878 3442 943 Ixionem,

1885 964 2081 1017 ferocia
2124 965 2451 1035 Salmonem,
2500 970 2800 1023 temeritate
2841 968 3172 1023 Tantalum:
3205 972 3298 1024 sed
3333 970 3450 1023 haec

1887 1059 1938 1111 in
1965 1059 2183 1123 fabulis,
2204 1070 2260 1116 et
2292 1076 2385 1129 per
2413 1064 2657 1117 umbram
2686 1066 2771 1117 vix
2794 1064 3083 1119 credimus.
3115 1064 3219 1119 Sed
3253 1079 3357 1117 non
3394 1066 3448 1118 in

1886 1148 2077 1203 fabulis
2110 1150 2393 1219 Epicurus,
2427 1168 2611 1206 verum
2646 1154 2698 1207 in
2733 1154 2993 1208 doctrinis
3025 1155 3446 1222 actionibusque

1885 1239 1982 1292 hos
2022 1255 2279 1308 superare
2315 1242 2672 1297 convincitur.
2711 1241 2917 1308 Quibus
2959 1243 3011 1296 in
3049 1243 3179 1296 locis
3231 1244 3344 1297 haec
3372 1242 3449 1295 illi

1884 1330 2000 1384 ausi
2032 1333 2197 1385 sunt?
2226 1333 2375 1386 Alius
2411 1334 2460 1386 in
2493 1336 2785 1395 montibus,
2819 1334 2954 1388 alter
2985 1335 3036 1387 in
3078 1334 3324 1397 saltibus,
3359 1334 3447 1387 illo

1887 1420 1937 1470 in
1987 1420 2233 1475 barbaris
2284 1422 2607 1489 quibusdam
2652 1432 2707 1477 et
2749 1423 2968 1490 abjectis
3005 1423 3351 1488 regionibus,
3390 1432 3449 1475 ut

1882 1510 2042 1562 etiam
2080 1510 2227 1564 locus
2268 1514 2480 1565 veniam
2516 1514 2751 1581 peccatis
2790 1515 2918 1566 dare
2944 1512 3220 1565 videatur.
3253 1511 3450 1565 Verum

1882 1598 2147 1667 Epicurus
2188 1603 2301 1655 inec
2340 1602 2496 1655 ducet
2538 1604 2791 1658 Athenis.
2850 1603 3092 1657 Athenas
3141 1618 3262 1655 cum
3309 1600 3451 1664 dico,

1882 1690 2098 1757 pietatis
2141 1702 2301 1760 caput
2333 1692 2595 1761 intelligo.
2626 1692 2764 1746 Num
2793 1693 2885 1747 tibi
2923 1693 3139 1747 videtur
3172 1692 3448 1755 Socrates,

1882 1794 2039 1847 quem
2069 1780 2299 1834 imiteris
2350 1781 2585 1850 dignus?
2615 1782 2677 1835 Et
2700 1781 2825 1851 quid
2857 1782 3098 1851 dignum,
3131 1780 3325 1845 inquit,
3353 1795 3449 1834 cur

1882 1885 2005 1924 reus
2055 1871 2157 1925 sim
2212 1872 2497 1927 commisi?
2538 1873 2775 1928 Hoccine
2833 1874 2961 1928 mihi
3014 1875 3133 1937 ais,
3180 1872 3454 1940 Epicurei

1881 1962 2056 2030 majus
2087 1961 2199 2030 jam
2250 1964 2454 2019 crimen
2481 1972 2600 2027 est,
2644 1979 2747 2018 non
2788 1965 3079 2033 impietatis
3122 1966 3317 2029 modo,
3356 1965 3451 2018 sed

1879 2052 2003 2119 quia
2036 2066 2177 2106 nunc
2205 2052 2369 2106 etiam
2402 2068 2599 2107 novum
2638 2042 2905 2123 adiungis.
2936 2052 3090 2107 Unde
3116 2054 3227 2122 jam
3253 2053 3452 2120 duplici

1878 2140 1945 2207 de
1976 2154 2140 2195 causa
2169 2155 2293 2195 reus
2325 2139 2506 2195 factus
2539 2156 2620 2197 es.
2650 2143 2789 2195 Aras
2815 2158 2919 2195 non
2956 2142 3243 2196 evertistil
3277 2151 3330 2194 at
3358 2156 3453 2195 eas

1878 2226 2077 2283 frustra
2108 2243 2229 2283 esse
2266 2229 2579 2295 ostendisti,
2618 2244 2741 2285 cum
2784 2230 3182 2284 Providentiam
3210 2244 3241 2283 e
3271 2242 3451 2281 rerum

1877 2329 2069 2373 natura
2108 2320 2269 2384 tollis,
2302 2321 2372 2375 ob
2403 2336 2563 2389 quam
2604 2334 2726 2374 aras
2755 2320 3139 2373 exstruximus.
3175 2316 3453 2373 Sacriﬁcia

1878 2423 2015 2462 nova
2067 2425 2173 2463 non
2228 2410 2612 2463 introduxisti?
2658 2419 2712 2463 at
2757 2410 2934 2462 omnia
2988 2407 3277 2462 sustulisti.
3334 2404 3451 2458 Non

1877 2499 2185 2553 absolvatur
2215 2500 2512 2568 Epicurus,
2559 2500 2683 2566 quia
2728 2514 2832 2553 non
2869 2499 3059 2551 eadem
3093 2512 3213 2565 qua:
3243 2496 3453 2565 priores

1876 2593 1943 2644 de
1983 2592 2085 2646 diis
2121 2593 2308 2646 sensit.
2355 2591 2496 2646 Fieri
2545 2593 2689 2646 enim
2728 2607 2833 2645 non
2871 2600 3080 2660 potest,
3126 2603 3183 2643 ut
3226 2604 3363 2643 unus
3399 2590 3452 2642 in

1875 2680 2009 2734 urbe
2030 2680 2164 2735 civis
2187 2680 2438 2735 omnibus
2464 2681 2636 2735 modis
2665 2681 2731 2734 sit
2764 2680 2957 2747 impius
2993 2699 3005 2734 :
3049 2680 3094 2734 si
3128 2693 3255 2734 vero
3282 2693 3453 2732 unus-

1875 2770 2103 2839 quisque
2158 2786 2255 2839 pro
2291 2772 2378 2825 bis
2433 2786 2553 2841 qua
2597 2770 2727 2824 fecit
2762 2772 3137 2824 adducensea
3184 2784 3305 2837 quae
3344 2785 3452 2823 non

1881 2862 2045 2929 fecit,
2108 2864 2429 2934 supplicium
2476 2864 2687 2927 evadet,
2740 2863 2862 2931 quis
2918 2862 3212 2930 impietatis
3265 2876 3455 2931 pmnas

1873 2952 2060 3005 dabit?
2102 2967 2223 3005 cum
2266 2953 2395 3007 nulli
2436 2954 2544 3006 sint
2582 2952 2802 3005 omnino
2838 2951 3022 3016 impii.
3067 2960 3121 3004 et
3152 2950 3311 3004 liceat
3345 2952 3454 3004 reis

1873 3058 1970 3111 pro
2016 3043 2314 3099 malefactis
2363 3044 2643 3097 benefacta
2676 3040 2937 3111 proferre.
2973 3039 3085 3095 Non
3130 3049 3256 3094 sunt
3291 3055 3319 3092 a
3360 3055 3451 3094 sa-

193 3132 289 3180 καὶ
315 3130 429 3190 τοῖς
450 3132 790 3199 κρινομένοις
845 3131 966 3194 ἐξὸν
1022 3134 1142 3185 ἀντὶ
1207 3134 1317 3185 τῶν
1368 3138 1771 3205 πεπραγμένων

1875 3132 2146 3199 pientibus
2196 3134 2276 3186 ha:
2341 3132 2719 3186 frustrationes
2764 3130 3125 3183 admittenda.
3162 3128 3276 3183 Non
3308 3129 3453 3182 enim

191 3218 260 3267 τά
301 3217 380 3285 μῆ
406 3220 771 3287 πεπραγμένα
819 3220 1228 3289 προτείνεσθαι;
1281 3222 1343 3275 ού
1371 3223 1434 3294 δὴ
1458 3226 1502 3256 ⁷⁸
1532 3225 1706 3278 ταῦτά
1726 3228 1770 3257 ⁵⁸

190 3322 255 3370 γε
294 3305 425 3359 νοῦν
447 3308 678 3376 ἑχόντων
709 3311 806 3372 τάς
824 3310 1091 3373 διαδύσεις
1126 3313 1449 3381 προσίεσθαι
1477 3315 1543 3368 ⁸⁸.
1570 3318 1641 3368 υὺ
1664 3318 1772 3386 γάρ

190 3394 337 3463 ὑπὲρ
375 3389 453 3448 ὧν
483 3412 565 3458 τις
589 3398 688 3449 οὐκ
743 3398 1045 3464 εὐθύνεται,
1068 3402 1165 3470 τὴν
1204 3403 1499 3470 ἀπολογίαν
1530 3407 1773 3475 προσῆκε

193 3484 491 3549 ποιεῖσθαι,
520 3486 635 3538 ἀλλ’
670 3488 754 3555 ἐφ’
779 3483 858 3550 οἷς
880 3490 935 3542 οῖ
955 3507 1014 3543 τε
1047 3492 1318 3559 κρίνοντες
1345 3496 1767 3566 κατηγοροῦσιν,

190 3577 246 3627 οῖ
270 3594 334 3629 τε
362 3576 670 3642 δικάζοντες
701 3580 983 3650 κάθηνται.
1004 3586 1066 3636 Οί
1096 3584 1152 3635 δὲ
1171 3586 1399 3652 ἀφέντες
1420 3588 1481 3639 τὸ
1502 3588 1774 3641 δικαιότα-

189 3681 285 3717 τον
311 3666 407 3717 sui.
440 3667 499 3717 τὸ
551 3669 745 3736 ῥᾷστον
791 3668 1096 3737 βαδίζουσι·
1130 3674 1191 3725 τὸ
1228 3674 1327 3743 μὲν
1359 3676 1469 3745 γάρ
1497 3676 1770 3729 δικαιότα-

190 3771 284 3807 τον
338 3754 488 3808 λύειν
522 3757 583 3808 τδ
634 3757 885 3829 ἔγκλημα
933 3762 1000 3814 δι’
1030 3762 1058 3814 δ
1087 3764 1349 3833 κρίνεται,
1387 3765 1447 3817 τὸ
1477 3767 1671 3835 ῥᾷστον
1715 3767 1772 3819 δὲ

189 3844 579 3911 ἀπολογεῖσθαι
609 3850 739 3916 περὶ
798 3849 1002 3903 τούτων
1042 3854 1126 3919 ἐφ’
1150 3849 1230 3915 οἷς
1255 3854 1316 3906 οὐ
1357 3854 1548 3923 φεύγει
1576 3873 1659 3919 τις
1692 3857 1771 3909 δί-

190 3951 317 3998 κας.
348 3935 415 3987 Εῖ
442 3952 547 4005 περ
578 3932 670 3989 οὖν
694 3939 774 3991 ὅτι
804 3942 878 4008 μή
913 3958 1000 3993 πω
1029 3941 1267 4004 δέδωκας
1288 3942 1464 4012 δίκην.
1504 3946 1602 3997 οὐκ
1632 3942 1771 3999 εἶναι

189 4025 438 4090 νομίζεις
471 4027 747 4093 πρόνοιαν,
778 4028 951 4099 ὀρθῶς
987 4030 1367 4099 βεϐούλευσαι·
1403 4036 1451 4086 εί
1484 4035 1541 4088 δὲ
1562 4036 1648 4089 διά
1673 4036 1771 4107 τὴν

188 4113 355 4182 φύσιν
382 4116 493 4169 τῶν
517 4117 676 4183 ὅλων,
706 4121 734 4171 6
763 4120 919 4188 λόγος
953 4123 1201 4189 μάταιος.
1253 4123 1409 4176 Ἀλλά
1434 4126 1614 4191 πόθεν,
1634 4129 1769 4196 πρὸς

185 4206 299 4257 τῶν
326 4208 546 4275 ἀτόμων
566 4210 661 4260 καὶ
696 4208 790 4262 τοῦ
826 4212 981 4264 κενοῦ
1004 4211 1050 4243 ⁸⁸
1075 4213 1169 4265 τοῦ
1198 4214 1620 4286 πολυθρυλήτου,
1641 4217 1770 4271 ταύ-

184 4312 287 4363 την
325 4296 425 4364 τὴν
486 4297 643 4361 δόξαν
694 4298 1024 4369 ὲξεύρηκαςς
1082 4301 1312 4366 ἄτακτός
1332 4320 1416 4365 τις
1436 4305 1640 4375 ἐνοχλεί
1672 4306 1769 4375 τὴν

184 4386 296 4438 ⁴ιῶν
326 4386 464 4437 ὅλων
521 4389 682 4455 φύσιν
730 4390 874 4458 φορά
898 4390 943 4421 ⁸³
975 4394 1065 4444 καὶ
1118 4393 1331 4461 κίνησις
1357 4409 1372 4423 ⁸
1404 4394 1519 4447 ἀλλ’
1542 4398 1767 4465 ἀρχαῖον

1874 3221 2174 3273 adhibenda
2210 3221 2451 3274 defensio
2481 3228 2564 3273 est
2614 3232 2826 3284 eorum,
2863 3219 2929 3271 de
2975 3218 3171 3286 quibus
3197 3218 3317 3285 quis
3345 3231 3451 3269 non

1878 3320 2189 3375 accusatur,
2218 3326 2404 3365 verum
2442 3312 2509 3365 de
2543 3310 2741 3378 quibus
2774 3325 2957 3365 coram
2990 3308 3262 3375 iudicibus
3290 3323 3451 3362 accu-

1873 3412 2043 3465 satur,
2089 3412 2145 3456 et
2181 3401 2251 3456 ob
2294 3417 2413 3470 quae
2462 3403 2853 3472 disceptatores
2899 3401 3117 3455 sedent.
3166 3399 3246 3455 llli
3297 3414 3451 3461 vero.

1874 3494 2198 3562 aequissimis
2219 3495 2456 3558 omissis,
2488 3495 2556 3548 ad
2580 3493 2833 3547 facillima
2867 3493 3202 3547 dilabuntur.
3229 3490 3453 3560 Equis-

1872 3586 2067 3638 simum
2109 3586 2253 3639 enim
2299 3594 2382 3639 est
2425 3585 2694 3655 objectum
2734 3584 2981 3639 diluere:
3030 3583 3343 3637 facillimum
3387 3598 3451 3637 ea

1873 3674 2184 3739 defendere,
2236 3674 2303 3728 de
2336 3674 2533 3743 quibus
2562 3689 2669 3727 non
2701 3682 3001 3726 accusatur.
3043 3670 3099 3725 Si
3138 3672 3297 3740 igitur
3325 3676 3450 3740 quia

1873 3773 2062 3829 poenas
2105 3762 2339 3814 nondum
2385 3761 2610 3824 dedisti,
2645 3761 2766 3814 ideo
2798 3757 3201 3812 Providentiam
3250 3772 3448 3826 negas,

1874 3850 2286 3920 rectejudicasti
2306 3868 2320 3916 ;
2342 3851 2424 3905 sin
2449 3859 2667 3919 pr0pter
2685 3859 2932 3901 naturam
2953 3847 3217 3911 universi,
3250 3847 3450 3917 357a

1871 3938 2053 3994 stulte.
2092 3935 2197 3991 Sed
2227 3941 2368 3991 unde
2399 3938 2538 3991 hanc
2571 3938 2638 3990 de
2663 3937 2856 3991 atomis
2899 3945 2955 3990 ει
2981 3936 3120 3990 chao
3152 3935 3289 3989 adeo
3324 3938 3451 3989 trito

1871 4027 2175 4095 opinionem
2206 4026 2496 4081 invenisti?
2530 4025 2834 4080 inordinata
2866 4024 3113 4094 quaedam
3138 4023 3365 4089 volutio,
3395 4034 3451 4079 et

1872 4130 2051 4174 motus
2095 4118 2196 4172 hoc
2238 4116 2551 4171 universum
2603 4114 2813 4178 turbat,
2858 4127 2914 4169 ει
2961 4115 3245 4182 antiquum
3282 4115 3449 4169 chaos

1869 4218 1971 4273 est,
2004 4217 2058 4261 et
2087 4206 2193 4260 tuis
2222 4203 2399 4259 verbis
2427 4204 2726 4271 antiquius,
2762 4217 2937 4273 neque
2965 4202 3207 4258 definitis
3233 4213 3443 4257 natura:

1870 4298 2075 4369 legibus
2103 4298 2457 4365 obtemperat.
2491 4293 2660 4348 Porro
2684 4302 2861 4347 autem
2889 4294 3071 4348 omnia
3100 4293 3291 4347 ordine
3317 4307 3441 4361 pro-

1868 4391 2098 4455 cedunt,
2141 4388 2282 4455 quod
2331 4383 2624 4439 maximum
2667 4382 3025 4437 Providentia
3059 4392 3437 4452 argumentqu

182 4476 245 4525 τὸ
269 4476 404 4543 χάος
434 4477 526 4528 καὶ
549 4478 655 4529 τῶν
681 4479 791 4533 σῶν
817 4480 991 4547 λόγων
1037 4482 1425 4552 πρεσϐύτερον.
1474 4484 1615 4537 Ἀλλ’
1644 4486 1765 4537 οὐδὲ

1873 4489 2029 4550 puto,
2075 4480 2257 4533 omnia
2305 4477 2513 4531 scilicet
2560 4466 2903 4539 conservari;
2945 4490 3065 4526 nam
3108 4474 3440 4530 inordinatio

184 4564 439 4616 πείθεται
504 4571 615 4628 τοῖς
666 4567 993 4637 ὡρισμένοις
1043 4572 1227 4640 νόμοις
1256 4572 1354 4640 τῆς
1391 4573 1637 4639 φύσεωςο
1674 4576 1767 4627 καὶ

1876 4569 2301 4639 corruptionem,
2331 4568 2464 4622 ordo
2488 4579 2616 4619 vero
2639 4564 3103 4620 conservationem
3138 4562 3366 4617 inducit.

184 4658 296 4722 μὴν
335 4654 551 4709 ἅπαντα
604 4660 697 4711 καὶ
749 4661 899 4723 τάξει
955 4664 1141 4732 χωρεῖ,
1205 4663 1299 4713 καὶ
1362 4663 1464 4731 τῆς
1508 4666 1770 4735 Προνοίας
1803 4663 2006 4732 ταύτης
2037 4661 2290 4731 μέγιστον
2353 4654 2507 4727 οἶμαι
2552 4656 2849 4727 τεκμήριον
2913 4656 2976 4707 τὸ
3028 4656 3209 4710 πάντα
3271 4654 3442 4717 σώζεο

183 4745 313 4799 σθαι
341 4762 356 4778 ο
384 4748 580 4813 ἀταξία
632 4750 729 4818 μὲν
754 4751 861 4819 γάρ
917 4752 1145 4822 φθορὰν,
1176 4752 1327 4818 τάξις
1364 4754 1421 4807 δὲ
1477 4758 1749 4825 σωτηρίαν
1774 4755 2084 4827 ἐργάζεται.

250 4840 320 4891 Τί
354 4839 518 4909 συλᾷς
539 4843 602 4893 ἐκ
624 4842 864 4911 Δελφῶν,
879 4843 953 4905 ὡς
978 4844 1038 4907 ἐξ
1061 4845 1315 4916 ούρανοῦ,
1348 4846 1446 4915 τὴν
1468 4848 1751 4916 πρόνοιανς

1932 4845 2070 4911 Quid
2093 4842 2288 4898 adimis
2313 4839 2555 4910 Delphis,
2583 4839 2725 4893 sicut
2746 4852 2775 4892 e
2799 4835 2956 4899 caelo,
2997 4835 3393 4907 providentiam
3420 4838 3443 4890 ?

180 4930 299 4981 ἀλλ’
332 4931 483 4999 ὅμως
512 4934 745 4985 ἐκινεῖτο
781 4934 878 5002 μὲν
908 4935 1189 5005 Παρνασὺς
1212 4938 1305 4989 καὶ
1358 4937 1500 4989 κατά
1529 4938 1756 5007 Περσῶν

1873 4943 2234 4989 verumtamen
2263 4932 2580 4986 movebatur
2600 4927 2921 4991 Parnassus,
2954 4935 3009 4981 et
3035 4937 3222 4981 contra
3257 4942 3443 4995 persas

180 5020 557 5088 ἑκραδαίνετο,
618 5024 855 5093 κορυφαὶ⁵
902 5024 958 5076 δὲ
977 5025 1025 5056 ⁸⁸
1056 5025 1198 5096 ὀρῶν
1242 5026 1365 5083 ἀντὶ
1416 5026 1587 5095 βελῶν
1639 5028 1749 5079 tto-

1878 5025 2159 5080 aciebatur
2192 5040 2205 5077 :
2235 5022 2497 5076 montium
2524 5036 2651 5075 vero
2677 5018 2909 5073 vertices
2933 5033 3030 5085 pro
3062 5019 3183 5071 telis
3224 5029 3441 5087 torque—

182 5108 236 5171 ξε
247 5110 427 5175 ύοντο,
455 5113 656 5182 Πέρσαι
684 5113 741 5165 δὲ
763 5113 989 5167 ἔπιπτον
1012 5116 1200 5184 τάφοις
1219 5119 1339 5179 ταῖς
1373 5118 1596 5186 πέτραις
1618 5133 1752 5188 χρη·

1873 5124 2075 5170 Jantur.
2128 5113 2385 5169 Cecidere
2428 5120 2609 5166 autem
2664 5109 2869 5173 Persae,
2915 5108 2970 5162 in
3009 5108 3179 5177 petris
3220 5110 3438 5177 sepulti.

182 5202 429 5270 σάμενοι.
475 5203 794 5273 Ἐπικούρου
842 5202 899 5255 δὲ
934 5203 1109 5258 ταῦτα
1173 5206 1349 5274 λέγειν
1404 5207 1545 5259 κατά
1596 5206 1689 5260 τού
1707 5206 1751 5237 ⁸⁷

1873 5206 2057 5261 Verum
2103 5220 2223 5261 cum
2266 5203 2529 5274 Epicurus
2572 5202 2687 5257 haec
2729 5200 2781 5255 in
2820 5201 2950 5255 deos
2992 5198 3175 5253 dicere
3214 5199 3436 5257 audeat,

1466 5388 1698 5444 VARle
1742 5388 2138 5445 LECTIONES.

249 5512 522 5597 "_1050;_A
563 5533 577 5571 :
608 5536 737 5597 ποτε
763 5536 828 5597 ς.
905 5520 1075 5597 "fat
1110 5534 1221 5597 om.
1251 5522 1317 5576 A.
1348 5521 1438 5597 _"
1466 5532 1591 5577 ante
1621 5522 1921 5597 ὑπεύθυνος
1945 5521 2433 5597 escidisse‘opmor
2472 5518 2703 5597 verbum
2737 5513 2805 5571 εἷ.
2850 5517 2927 5597 ητδ
2953 5513 3329 5597 λαιά.
3365 5515 3434 5572 Α.

181 5584 225 5613 ⁷⁵
248 5586 333 5659 μὴ
363 5587 415 5653 ρο
533 5603 549 5659 ;
586 5589 718 5658 μηδὲ
749 5583 801 5659 ῤ.
833 5606 894 5653 ς.
968 5592 1014 5621 ’⁸
1045 5601 1168 5644 ante
1195 5590 1417 5659 έκφεύξ.
1448 5606 1570 5646 cum
1603 5591 1734 5646 ABG
1766 5583 1923 5646 omisi
1950 5592 2071 5644 οὐκ.
2147 5592 2191 5625 ’ν
2217 5583 2372 5659 δίκην
2400 5604 2510 5652 om,
2536 5590 2600 5659 A_.
2634 5589 2810 5641 πάντα
2850 5583 3107 5659 Scaliger2
3183 5584 3228 5659 ’ξ
3259 5585 3432 5659 έγχωο

184 5652 403 5718 ροῦντος
452 5652 663 5727 tum;
695 5652 910 5711 ἀσεϐεῖν
943 5676 1001 5722 ς.
1077 5661 1123 5692 ⁷⁸
1151 5661 1214 5729 δὴ
1250 5652 1292 5713 Ᾰ
1338 5679 1350 5713 :
1383 5652 1469 5712 δεῖ
1505 5678 1567 5723 ς’
1640 5662 1686 5692 ⁸⁸
1725 5661 1923 5717 ταύτας
1957 5659 2215 5728 Scaliger.
2292 5652 2340 5691 ’ί
2378 5656 2662 5758 π’ροΐεσθαι
2716 5674 2775 5719 ς.
2849 5658 2893 5689 ⁶¹
2916 5652 3049 5706 δι”ὃ
3081 5655 3123 5705 Α
3160 5669 3172 5703 :
3202 5652 3335 5707 διότι
3368 5670 3427 5715 ς’.

184 5723 223 5751 ιι
261 5722 420 5758 εἴση-θη
460 5726 488 5758 Δ
529 5741 541 5753 -
576 5727 621 5758 ει
653 5728 750 5758 ..ιη
783 5745 819 5758 .-
916 5731 960 5758 δι
995 5728 1180 5758 ..-ηψπ
1216 5746 1253 5758 ρ.
1352 5730 1395 5758 sa
1428 5731 1565 5758 .-.ηε
1592 5747 1645 5758 --
1670 5731 1755 5758 ..-ι
1795 5730 1832 5758 n
1928 5730 1973 5758 sa
1998 5730 2050 5758 λλ
2077 5745 2160 5758 ιι...
2222 5728 2258 5758 ι)
2383 5728 2404 5758 a
2454 5726 2569 5758 --.ιι
2602 5742 2698 5758 ...ρ
2733 5727 2760 5758 Δ

179 5723 223 5751 ⁸³
260 5722 420 5791 εἴπερ
453 5726 495 5776 Δ
529 5741 541 5775 :
575 5722 750 5797 εΓμὲν
781 5745 841 5791 ς.
916 5731 960 5760 ⁸⁸
995 5728 1181 5781 καινοῦ
1204 5722 1271 5792 ’ς.
1352 5730 1395 5759 ⁸⁸
1427 5722 1566 5799 φορά
1592 5747 1645 5781 τε
1670 5731 1760 5783 καὶ
1795 5730 1852 5783 Β.
1928 5730 1973 5764 ⁸⁸
1997 5730 2051 5780 δὲ
2076 5722 2185 5783 oin.
2220 5728 2279 5780 Β.
2383 5722 2432 5758 ’ί
2454 5726 2570 5796 τοῦ]
2602 5726 2698 5794 τῆς
2726 5727 2784 5777 Α.
