4206 6436
796 376 932 440 I319
1936 376 2199 438 PHOTII
2248 374 2749 435 PATRIARCHIE
2779 375 2887 433 CP.
3901 372 4046 438 1320

793 495 1004 540 montes
1034 499 1138 537 non
1173 485 1576 551 concutiuntur,
1603 502 1709 541 non
1743 485 2023 556 llymettus
2052 483 2353 538 evibratur?
2384 487 2428 541 Α

2462 480 2580 532 θεοῦ
2638 483 3004 550 τολμήσαντος
3059 496 3159 532 ουκ
3209 480 3309 549 δρη
3356 480 3579 545 σείεται,
3634 481 3733 550 οὑχ
3764 482 4047 551 Ὑμηττὸς

796 589 901 626 non
932 573 1175 638 fulmina,
1212 588 1318 627 non
1348 575 1583 627 tonitrua
1610 576 1753 628 hunc
1780 590 1884 628 una
1925 590 2046 627 cum
2069 571 2357 625 Academia

2466 570 2941 638 συγκραδαίνεται,
2970 570 3031 621 οὑ
3091 569 3408 639 πρηστῆρες
3439 570 3559 621 οὑδὲ
3604 574 3841 639 σκηπτοὶ
3899 574 4044 642 αὐτῇ

790 662 1072 714 hominum
1113 663 1283 715 oculis
1309 664 1564 729 eripiunt.
1606 664 1874 717 Callidum
1906 665 2128 717 deorum
2173 662 2359 713 iuven-

795 759 906 802 tnm
939 750 1201 818 iutelllgo,
1235 752 1379 806 hunc
1409 752 1603 806 vestris
1630 752 1856 819 judiciis
1896 759 2268 819 reservarunt,
2304 756 2361 801 ut

797 840 1138 894 Athe-ictisis
1159 855 1380 895 senatus
1401 844 1589 895 eadem
1612 858 1732 911 quae
1752 842 1975 910 Pythius
2004 852 2152 894 vates
2175 838 2360 905 Apollo

798 936 1069 987 decentat.
1100 934 1155 986 Si
1180 933 1264 987 vel
1290 936 1663 987 tantummodo
1691 934 1931 986 scribere
1956 947 2121 984 ausus
2148 931 2361 996 fuisset,

798 1035 1054 1090 quantum
1083 1026 1213 1075 satis
1242 1031 1388 1075 esset
1421 1023 1487 1075 ad
1533 1012 1768 1075 tollenda
1796 1021 2155 1074 Providentia:
2185 1020 2358 1087 signa,

797 1114 1099 1181 puniendus
1125 1114 1317 1167 fuisset
1342 1122 1400 1167 ut
1426 1114 1646 1181 impius.
1673 1114 1731 1168 Si
1758 1124 1935 1169 autem
1966 1115 2016 1166 in
2045 1130 2161 1166 eam
2190 1114 2358 1179 ipsam

797 1203 1192 1257 Providentiam
1229 1205 1425 1270 impius
1454 1206 1557 1268 sit,
1592 1206 1746 1273 cujus
1774 1206 2059 1259 simulacra
2090 1215 2213 1258 sunt
2246 1217 2359 1256 cte-

798 1296 927 1360 Ium,
967 1305 1134 1356 terra,
1163 1294 1663 1363 elementorumque
1694 1305 1900 1348 natura:
1933 1313 1947 1349 :
1984 1310 2049 1348 an
2081 1308 2361 1361 parcemns

797 1394 1052 1453 tanquam
1085 1386 1351 1437 modicum
1379 1384 1593 1438 facinus
1619 1385 1885 1452 patrarit?
1918 1384 2061 1435 Bene
2088 1384 2231 1435 enim
2255 1392 2359 1445 est,

798 1472 991 1540 inquit,
1024 1473 1325 1540 improbis;
1360 1483 1417 1525 at
1453 1488 1703 1540 quanam
1742 1483 1917 1526 tamen
1962 1474 2131 1540 major
2161 1473 2363 1538 impro-

798 1562 965 1614 bitate
1011 1560 1343 1613 infelicitas?
1388 1561 1527 1616 Ilale
1577 1577 1706 1615 vero
1748 1572 1830 1615 est
1874 1562 2226 1628 sapientibus.
2277 1562 2359 1613 Au

798 1650 955 1702 aliam
982 1650 1295 1703 felicitatem
1324 1662 1483 1717 putas
1529 1652 1726 1703 virtute
1766 1651 2085 1703 meliorem?
2115 1652 2218 1713 ita;
2255 1665 2358 1703 non

796 1754 902 1791 uua
943 1748 1029 1792 est
1072 1739 1331 1807 cujusque
1380 1740 1615 1793 hominis
1658 1742 1779 1793 vita:
1826 1742 1961 1791 ratio
2007 1755 2037 1793 a
2078 1750 2266 1791 natura
2307 1746 2361 1790 et

796 1830 1104 1896 voluntate,
1147 1832 1242 1885 sed
1277 1831 1591 1884 dividuntur
1625 1832 1841 1900 quidem
1876 1832 2149 1884 hominum
2188 1832 2361 1882 iutcn-
2393 1810 2436 1867 Β

800 1922 1011 1974 tiones:
1036 1920 1282 1974 tribuunt
1300 1935 1426 1973 vero
1448 1922 1738 1989 unicuique
1764 1924 2037 1989 proprium
2055 1921 2153 1973 sibi
2180 1921 2358 1973 finem.

796 2012 983 2065 Nullus
1007 2012 1294 2079 imperium
1324 2012 1565 2065 omnium
1596 2013 1767 2064 ambit
1790 2012 2028 2079 sapiens,
2060 2011 2214 2078 cujus
2241 2026 2363 2079 pos-

794 2122 1040 2162 sessores
1076 2106 1295 2175 plurimi
1343 2107 1530 2159 beatos
1578 2106 1891 2172 praedicant,
1936 2120 2054 2168 nec,
2104 2107 2148 2157 si
2186 2105 2364 2157 minus

794 2204 1192 2265 consequatur,
1240 2196 1495 2249 damnum
1546 2205 1721 2262 putat.
1776 2194 1915 2258 Quid
1964 2208 2094 2262 ergo
2134 2202 2361 2260 spectat.

794 2288 925 2355 quid
952 2286 1189 2339 intendit
1211 2324 1229 2348 ,
1258 2300 1360 2339 cur
1387 2284 1621 2345 laborat,
1652 2299 1753 2336 cur
1782 2293 1941 2336 noctu
1969 2282 2173 2351 vigilat,
2199 2292 2254 2334 et
2288 2283 2365 2333 itt-

803 2378 979 2429 terdiu
1029 2373 1245 2427 studet?
1311 2372 1380 2427 Ut
1438 2375 1698 2427 virtutem
1771 2382 2156 2437 consequatur.
2216 2372 2367 2424 Hanc

795 2474 1065 2535 quomodo
1110 2464 1415 2519 obtinebit?
1466 2473 1522 2515 et
1574 2478 1682 2529 qua
1718 2465 1928 2517 ratione
1978 2464 2174 2516 divina:
2225 2464 2365 2515 illius

796 2558 993 2626 prada:
1004 2571 1226 2624 compos
1246 2555 1376 2623 ling
1399 2554 1607 2622 Opibus
1626 2565 1682 2607 et
1704 2553 1907 2607 divitiis
1933 2569 2039 2608 non
2066 2554 2367 2621 acquiritur

796 2650 1008 2714 virtus,
1044 2663 1222 2715 neque
1251 2647 1495 2713 corporis
1532 2648 1746 2701 robore.
1790 2645 2018 2699 Omnem
2050 2646 2193 2700 enim
2223 2646 2367 2699 olea-

797 2741 1011 2808 giueam
1054 2752 1311 2791 coronam
1340 2739 1580 2793 excedit.
1612 2737 1827 2792 Virtute
1870 2738 2098 2793 bellici?
2132 2737 2198 2790 Et
2225 2752 2368 2804 quae-

800 2852 923 2889 nam
970 2846 1169 2904 tropaea
1216 2835 1467 2888 chariora
1526 2851 1687 2905 quam
1739 2836 1807 2888 de
1849 2836 1980 2890 vitio
2023 2836 2369 2888 statuuntur?

799 2926 916 2981 Non
951 2925 1115 2990 igitur
1157 2925 1385 2991 sapienti
1424 2926 1645 2992 pauperi
1684 2934 2058 2992 paupertatem
2106 2924 2362 2990 objicias:

799 3034 907 3071 non
937 3017 1083 3069 enim
1112 3026 1322 3083 spectat
1352 3017 1590 3071 divitias.
1641 3015 1836 3085 357b
1869 3015 2052 3083 Neque
2082 3014 2365 3084 aegrotanti

800 3107 1222 3161 invaletndiuem
1282 3106 1616 3173 exprobres,
1677 3108 1941 3174 siquidem
2003 3103 2193 3159 melior
2241 3120 2434 3189 parsc

801 3200 946 3253 illius
975 3198 1120 3251 salva
1147 3198 1251 3262 sit,
1285 3212 1459 3265 neque
1515 3197 1853 3263 itnprobres,
1888 3198 1932 3249 si
1969 3210 1996 3249 a
2028 3196 2229 3249 civitati
2266 3196 2367 3247 im-

800 3290 1118 3356 perautibns
1153 3289 1419 3350 vincatur,
1452 3286 1888 3355 quandoquidem
1922 3285 2086 3338 etiam
2124 3283 2367 3339 fortiori-

802 3380 904 3430 bus
929 3376 1178 3443 superior
1204 3385 1306 3428 est.
1342 3373 1578 3427 Tantum
1603 3378 1749 3426 enim
1780 3376 1932 3428 abest
1958 3385 2016 3425 ut
2041 3372 2127 3425 vir
2155 3373 2370 3440 sapiens

803 3469 998 3520 horum
1032 3464 1429 3532 possessionem
1476 3472 1735 3523 sectetur,
1765 3462 1849 3515 vel
1885 3477 1943 3515 se
1978 3461 2248 3515 infelicem
2270 3501 2283 3522 ,
2323 3462 2365 3513 si

800 3566 1017 3621 careat,
1056 3555 1352 3617 existimet,
1384 3563 1443 3606 ut
1479 3552 1644 3607 etiam
1686 3553 1872 3619 aliqui,
1918 3554 2148 3606 maxime
2180 3566 2366 3605 eorum

798 3648 897 3717 qui
942 3644 1211 3713 sapientia
1253 3654 1311 3697 et
1353 3642 1557 3696 virtute
1595 3646 1925 3703 claruerunt,
1973 3642 2039 3694 iis
2082 3656 2141 3695 se
2179 3650 2369 3708 sponte

802 3738 1091 3806 privarint,
1112 3750 1219 3803 quo
1244 3734 1401 3787 liberi
1432 3735 1509 3788 ab
1527 3733 1677 3788 omni
1710 3743 1935 3785 externo
1962 3733 2366 3799 impedimento,

803 3827 1127 3881 immortalis
1172 3825 1389 3879 virtutis
1434 3826 1653 3879 divitias
1710 3836 1973 3877 emerent.
2022 3825 2369 3891 Anaxagoras

800 3922 983 3975 omnia
1014 3919 1203 3989 patria:
1233 3933 1431 3987 pascua
1455 3917 1687 3979 dimisit,
1731 3919 1903 3985 reipsa
1928 3916 2207 3969 declarans
2230 3929 2372 3981 qua:-

801 4027 927 4065 nam
970 4009 1299 4078 agricultura
1330 4006 1667 4074 sapientibus
1701 4007 1992 4060 conveniat
2032 4006 2165 4074 (36).
2219 4004 2369 4059 Ultro

802 4102 1137 4157 Democritus
1172 4101 1419 4154 morbum
1447 4098 1711 4162 concivit,
1757 4108 1813 4151 ut
1852 4113 1979 4166 pars
2010 4098 2199 4153 melior
2238 4111 2367 4151 sana

799 4202 965 4247 esset.

870 4284 1009 4351 Quid
1047 4299 1176 4353 ergo
1213 4281 1611 4336 Providentiam
1663 4280 1903 4343 incusas,
1957 4290 2214 4347 tanquam
2263 4293 2365 4331 non

800 4384 949 4430 recte
993 4376 1121 4442 quid
1188 4375 1261 4425 sit
1319 4372 1521 4437 justum
1579 4370 2026 4423 distribuentem!
2101 4370 2157 4422 Si
2224 4371 2366 4422 enim

2460 660 2646 712 τοῦτον
2687 661 2988 729 Ἀκαδημίᾳ
3018 658 3459 727 συναφανίζουσι.
3498 661 3729 729 Συνίημι
3764 662 3826 714 τὸ
3869 679 4045 732 στρα-

2460 752 2685 817 τήγημα
2707 751 2815 802 τῶν
2844 750 2981 803 θεῶν
3000 765 3014 780 ·
3052 750 3345 818 ὑμετέραις
3383 749 3583 819 ψήφοις
3607 750 3795 803 τοῦτον
3841 754 4046 821 ἐτήρη-

2463 855 2581 902 σαν,
2616 841 2702 893 ἴνα
2732 841 2974 892 Ἀττικὸν
3002 841 3352 907 δικαστήριον
3396 840 3485 890 ῐσα
3526 839 3711 908 Πυθίῳ
3743 840 4044 911 βουλεύση-

2460 946 2569 983 ται.
2609 932 2669 981 Ei
2696 931 2793 997 μὲν
2819 926 2911 983 οὖν
2952 929 3163 998 γράψαι
3206 926 3461 980 τοσοῦτον
3516 930 3677 996 μόνον
3730 929 4043 998 ἐτόλμησεν

2461 1020 2582 1070 ὅσον
2610 1020 2893 1089 καθαιρεῖν
2912 1021 2983 1072 τά
3011 1020 3113 1087 τῆς
3153 1020 3407 1088 προνοίας
3439 1018 3753 1087 ἀγάλματα,
3810 1019 3922 1071 εδει
3959 1020 4041 1071 διο

2459 1112 2605 1163 δόναι
2630 1114 2783 1180 δίκην
2804 1113 2879 1175 ὡς
2900 1112 3249 1177 ἀσεδήσαντα
3279 1127 3295 1141 ·
3327 1114 3374 1163 εἰ
3408 1112 3464 1163 δὲ
3493 1115 3574 1173 είς
3620 1113 3792 1181 αὐτὴν
3816 1113 4041 1182 ἐκείνην

2462 1203 2665 1265 ἀσεῆεῖ,
2696 1200 2762 1272 ἦς
2823 1204 3049 1272 οὐρανὸς
3099 1204 3194 1254 καὶ
3246 1203 3315 1269 γῆ
3366 1203 3457 1255 καὶ
3508 1202 3789 1271 στοιχείων
3846 1204 4043 1271 φύσεις

2460 1292 2772 1359 ἀγάλματα,
2809 1295 2885 1355 ὡς
2916 1294 3133 1363 μέτριόν
3164 1310 3216 1344 τι
3239 1293 3432 1361 δρᾶσαι
3456 1292 3829 1361 διανοηθέντος
3854 1294 4041 1361 φεισό-

2465 1382 2634 1449 μεθα;
2664 1383 2963 1450 Εὑτυχοῦσι
2985 1385 3113 1452 γὰρ,
3144 1383 3326 1451 φησιν,
3360 1384 3407 1433 οί
3434 1383 3612 1434 κακοί.
3646 1385 3753 1435 Καὶ.
3776 1384 3822 1415 ⁸³
3863 1384 3918 1435 τί
3947 1401 4040 1435 κα-

2464 1473 2586 1534 κίας
2622 1474 2801 1539 μεῖζον
2854 1473 3205 1539 δυστύχημα;
3242 1472 3562 1540 δυστυχοῦσι
3616 1472 3724 1541 γάρ
3773 1475 3825 1524 οί
3862 1474 4036 1542 σοφοί.

2463 1562 2625 1633 [1088
2650 1562 2741 1633 IL]
2793 1560 2924 1616 Εἶτα
2982 1564 3237 1631 εὐτυχίαν
3298 1562 3463 1632 ἀλλην
3515 1564 3716 1633 ἀρετῆς
3769 1566 3879 1634 ἡγῇ
3924 1566 4039 1633 βελ-

2463 1655 2609 1704 τίονα
2625 1654 2701 1719 ⁸’;
2734 1656 2844 1721 Οὑχ
2875 1648 2950 1717 εἷς
2977 1655 3087 1721 βίος
3106 1653 3390 1721 ἀνθρώπου
3419 1656 3641 1723 γνώμης
3675 1657 3918 1724 ὑπάρχει
3946 1657 4039 1707 καὶ

2465 1745 2697 1811 φύσεως,
2736 1746 2869 1796 ἀλλὰ
2916 1744 3191 1811 σχίζονται
3216 1745 3311 1813 μὲν
3342 1748 3393 1796 οἱ
3445 1744 3554 1798 τῶν
3605 1746 3870 1813 βιούντων
3913 1763 4037 1798 σκο-

2466 1835 2577 1895 ποὶ,
2607 1833 3031 1903 συμμερίξονται
3061 1833 3115 1885 δὲ
3149 1836 3318 1905 πέρας
3349 1834 3564 1901 ἑκάστῳ
3608 1835 3669 1887 τὸ
3700 1837 4034 1905 πρόσφορον.

2464 1924 2576 1973 Οὐκ
2608 1925 2706 1991 ἐρᾷ.
2738 1924 2896 1989 σοφὸς
2922 1926 3023 1993 τὴν
3045 1924 3217 1992 ἀρχὴν
3260 1924 3471 1986 οὐδενὸς
3498 1924 3606 1976 τῶν
3650 1924 3898 1988 πάντων,
3955 1925 4037 1993 ἐφ’

2464 2006 2543 2072 οἷς
2565 2016 2611 2063 οί
2652 2014 2892 2065 πλεῖστοι
2928 2016 3054 2076 τοὺς
3101 2018 3472 2085 κεκτημένους
3523 2012 3996 2082 εὐδαιμονίζουσιν
4020 2030 4036 2045 ο

2465 2103 2657 2154 οὔκουν
2677 2106 2795 2156 οὑδὲ
2833 2106 3035 2173 ζημίαν
3063 2107 3123 2158 τὸ
3156 2108 3231 2176 μὴ
3256 2107 3541 2175 τυγχάνειν
3572 2104 3693 2175 [581
3730 2104 3827 2176 H.]
3883 2106 4039 2159 ὑπεί-

2464 2195 2621 2261 ληφε.
2654 2197 2717 2247 Τί
2743 2193 2833 2248 οὖν
2854 2198 3043 2266 ἐκείνῳ
3066 2198 3239 2261 τέλος,
3264 2199 3360 2250 καὶ
3389 2199 3526 2268 πρὸς
3576 2198 3628 2249 τί
3681 2196 3898 2266 βλέπων
3950 2199 4041 2251 καὶ

2470 2286 2659 2347 πόνους
2687 2290 2837 2338 πονεῖ
2867 2288 2960 2339 καὶ
2977 2288 3475 2360 νύκτωράγρυπνεῖ
3501 2289 3595 2341 καὶ
3613 2288 3731 2357 μεθ’
3760 2290 3979 2358 ἡμέραν
3997 2290 4041 2319 ⁸⁸

2470 2377 2835 2443 ὲσπούδακεν;
2876 2379 3101 2448 Ἀρετῆς
3130 2381 3340 2449 κτῆσις,
3368 2374 3413 2433 ὦ
3435 2381 3552 2433 τάν.
3586 2381 3805 2447 Ταύτην
3835 2382 3894 2433 δὲ
3925 2380 4043 2443 suis;

2469 2468 2632 2534 αἱρεῖ,
2670 2471 2779 2521 κάκ
2832 2469 2974 2531 τίνος
3006 2471 3211 2539 τρόπου
3256 2472 3357 2539 τῆς
3404 2472 3551 2534 θείας
3607 2472 3823 2538 ἐκείνης
3865 2472 4043 2540 θήρας

2471 2558 2745 2626 ἐγκρατὴς
2771 2560 3011 2626 γίνεται,
3053 2561 3267 2630 πλούτῳ
3295 2566 3389 2613 καὶ
3418 2564 3696 2633 χρήμασιν
3748 2564 3851 2615 οὑκ
3895 2562 4044 2613 ἐστιν

2471 2651 2665 2719 αἱρετή
2691 2652 2757 2703 9‘.
2797 2650 2981 2721 Ῥώμῃ
3004 2655 3097 2703 τοὺ
3127 2656 3172 2688 ³⁸
3216 2653 3463 2722 σώματος
3485 2656 3566 2719 ⁹³;
3621 2654 3795 2723 ’Υπὲρ
3827 2654 4044 2707 ἅπαντα

2471 2739 2681 2790 κότινον
2703 2742 2729 2790 ὁ
2756 2742 2959 2807 ταύτης
3000 2744 3282 2806 στέφανος.
3336 2742 3574 2809 Δυνάμει
3606 2744 3673 2811 τῇ
3706 2742 3850 2793 κατὰ
3890 2741 3985 2791 τὸν
4000 2743 4044 2771 ’⁵

2470 2829 2733 2895 πόλεμονς
2776 2830 2883 2879 Καὶ
2916 2830 3036 2881 τίνα
3068 2831 3300 2899 τρόπαια
3324 2833 3431 2882 τῶν
3472 2834 3577 2882 ἀπὸ
3593 2832 3636 2862 ’⁸
3671 2832 3868 2893 κακίας
3928 2830 4045 2899 μείο

2471 2919 2630 2981 Cava;
2662 2920 2787 2987 μήτ’
2832 2920 2926 2972 οὖν
2968 2922 3247 2990 πενομένῳ
3277 2923 3351 2991 τῷ
3387 2922 3534 2991 σοφῷ
3560 2922 3753 2974 πενίαν
3800 2922 4045 2991 πρόφερε

2472 3009 2551 3077 (οὑ
2576 3011 2680 3077 γὰρ
2715 3006 2781 3076 ἦν
2806 3012 3005 3073 σκοπὸς
3032 3013 3098 3064 τά
3143 3015 3440 3082 χρήματα),
3469 3015 3604 3082 μήτε
3650 3013 3897 3065 νοσοῦντι
3948 3013 4045 3080 τὴν

2469 3101 2777 3168 ἀρρωστίαν
2844 3100 3091 3168 ὀνείδιζε,
3150 3105 3307 3173 εἰπερ
3342 3105 3570 3171 ὑγιαίνει
3622 3104 3691 3155 τὰ
3734 3104 4042 3171 κρείττονα,

2472 3193 2607 3258 μήτε
2626 3192 2669 3221 ⁹⁶
2696 3194 2994 3262 ἡττωμένῳ
3036 3194 3144 3245 τῶν
3204 3195 3641 3248 δυναστεύοντων
3687 3194 3745 3245 ὲν
3800 3193 4043 3254 πόλεσιν,

2468 3282 2625 3351 εἰπερ
2655 3287 2848 3349 κρατεῖ
2870 3286 2980 3345 τοῖς
3016 3285 3284 3352 ἀμείνοσι.
3318 3285 3645 3337 Τοσοῦτον⁹⁷
3685 3284 3795 3352 γὰρ
3836 3282 3905 3335 ἂν
3934 3282 4044 3335 δέοι

2470 3373 2756 3434 σπουδαῖος
2776 3374 2916 3442 ἀνὴρ
2953 3374 3309 3441 μεταδιώκειν
3327 3378 3427 3444 τὴν
3460 3376 3569 3427 τῶν
3616 3374 3877 3428 τοιούτων
3909 3373 4042 3440 κτῆ-

2471 3480 2554 3514 σιν
2579 3463 2610 3532 ἢ
2644 3463 2925 3531 δυστυχεῖν
2952 3464 3353 3532 ὑπολαμϐάνειν
3366 3466 3443 3533 τῷ
3465 3466 3510 3495 ⁸⁸
3539 3463 3847 3531 στέρεσθαι,
3898 3461 4041 3514 ὥστε

2468 3550 2567 3618 ἤδη
2588 3551 2731 3611 τινὲς
2760 3552 2851 3602 καὶ
2882 3552 3023 3619 μάλα
3056 3552 3164 3604 τῶν
3218 3553 3536 3619 ὀνομαστῶν
3590 3554 3683 3605 ἰπὶ
3739 3555 3906 3622 σοφία
3950 3552 4044 3603 καὶ

2469 3642 2637 3709 ἀρετῇ
2673 3639 2769 3711 [οἳ]
2803 3642 3005 3693 τούτων
3060 3644 3279 3705 ἑκόντες
3332 3645 3669 3713 ἀπέστησαν,
3726 3647 3814 3697 ἵνα
3864 3644 4043 3708 πάσης

2468 3730 2692 3791 ἑαυτοὺς
2723 3731 2824 3797 τῆς
2869 3729 3069 3795 ἔξωθεν
3127 3734 3382 3800 ἀσχολίας
3438 3733 3907 3803 ἐλευθερώσαντες
3955 3740 4045 3790 τὶν

2468 3821 2735 3873 ἀθάνατον
2766 3820 2864 3889 τῆς
2887 3822 3089 3890 ἀρετῆς
3125 3823 3351 3875 πλοῦτον
3396 3824 3755 3887 ἀλλάξωνται.
3822 3828 4045 3893 ’Δναξα-

2469 3913 2637 3979 γόρας
2667 3911 2767 3979 γῆν
2799 3911 2967 3979 ἀνῆκε
2993 3914 3094 3981 τὴν
3118 3912 3311 3965 ἑαυτοῦ
3336 3914 3516 3966 πᾶσαν
3552 3915 3873 3984 μηλόόοτον,
3896 3918 4043 3985 ἔργῳ

2468 4003 2772 4072 νομοθετῶν
2785 4004 2867 4065 τίς
2880 4007 3121 4074 γεωργία
3132 4009 3246 4069 τοῖς
3266 4008 3591 4075 σοφωτέροις
3609 4008 3959 4075 ἁρμόττουσα
3975 4012 4042 4069 ⁹⁰.

2484 4093 2656 4145 Ἐκὼν
2684 4094 2741 4145 δὲ
2769 4097 2939 4147 ἐνόσει
2971 4096 3031 4147 τὸ
3050 4097 3066 4126 ⁸
3105 4097 3263 4165 σῶμα
3290 4081 3653 4167 λημόκριτος,
3684 4100 3774 4152 ἶνα
3820 4102 4038 4171 ὑγιαίνῃ

2472 4182 2541 4234 τὰ
2568 4200 2599 4233 κ
2605 4199 2663 4250 ρε
2673 4182 2868 4236 ίττονα.
3171 4184 3177 4193 ’

2540 4275 2604 4325 Τί
2638 4274 2732 4327 οὑν
2762 4274 3009 4341 ἐγκαλεῖς
3057 4278 3290 4347 Προνοία
3320 4278 3397 4341 ὡς
3430 4280 3506 4349 μὴ
3568 4281 3866 4352 μεριζούσῃ
3921 4282 4040 4333 κατ’

2470 4367 2626 4427 ἀξίαν
2659 4368 2719 4417 τὸ
2747 4367 2982 4431 δίκαιον;
3013 4368 3075 4420 El
3102 4369 3208 4437 γάρ
3238 4372 3333 4422 καὶ
3372 4374 3669 4439 περιόντων
3724 4374 4039 4442 ὑπερορῶσι

799 4464 981 4519 omnia
1031 4472 1253 4515 externa
1326 4462 1465 4513 bona
1524 4458 1863 4526 despiciunt,
1935 4460 2203 4525 quomodo
2256 4474 2363 4511 non
2400 4460 2435 4514 Β

2469 4454 2577 4504 τῶν
2606 4455 2760 4516 ἐκτὸς
2790 4456 3065 4519 ἁπάντων,
3097 4458 3215 4519 πῶς
3255 4459 3288 4527 ἢ
3314 4458 3569 4529 ἄχθονται
3620 4463 3695 4531 μὴ
3730 4464 4037 4521 παρόντων,

800 4558 1058 4611 habentes
1096 4554 1321 4606 moleste
1380 4549 1588 4611 ferant,
1656 4548 1738 4601 vel
1783 4557 1841 4600 ut
1877 4555 2231 4614 assequamur
2281 4548 2361 4599 la-

802 4645 994 4697 borent
1012 4644 1035 4695 ἲ
1054 4641 1185 4708 Quis
1209 4641 1353 4693 enim
1381 4640 1533 4693 dives
1556 4654 1657 4693 non
1678 4636 1953 4691 existimet
1974 4652 2105 4705 opes
2129 4642 2362 4689 maximo

800 4732 1180 4801 impulimch
1200 4730 1357 4785 esse?
1386 4729 1695 4782 Divinarum
1716 4741 1895 4784 autem
1926 4739 1979 4782 et
2005 4729 2360 4782 humanarqu

800 4838 983 4878 rerum
1020 4824 1273 4891 cognitio.
1316 4832 1375 4875 et
1416 4822 1538 4875 talis
1562 4836 1628 4875 ac
1669 4831 1828 4874 tanta:
1850 4821 2127 4887 sapientia:
2159 4819 2363 4889 magni-

804 4917 952 4974 tudo,
997 4915 1163 4967 tibine
1182 4915 1425 4966 videatur
1448 4926 1904 4981 supervacaneum
1936 4910 2064 4979 quid
2095 4920 2357 4963 mercatu-

802 5021 915 5059 ram
946 5004 1179 5068 facienti,
1205 5013 1262 5058 et
1294 5004 1561 5056 sarcinam
1620 5004 1847 5056 sollicite
1883 5001 2112 5069 gerenti,
2141 5009 2195 5053 et
2221 5014 2360 5053 onus

797 5099 873 5161 ei,
898 5094 990 5162 qui
1018 5093 1249 5147 honores
1280 5107 1344 5146 ac
1375 5093 1724 5160 magistratus
1746 5091 1799 5145 in
1826 5090 2047 5144 civitate
2081 5087 2359 5141 sectatur?

2468 4547 2670 4614 ἦόπως
2705 4549 2926 4619 ὑπάρχῃ
2968 4553 3355 4617 σπουδάζουσι;
3393 4554 3489 4615 Τίς
3521 4554 3630 4622 γὰρ
3666 4554 3913 4607 πλουτῶν
3942 4558 4040 4607 οὐκ

2467 4640 2719 4705 ἀσχολίαν
2746 4640 2868 4706 ἄγει
2901 4642 3163 4710 μεγίστην
3191 4642 3329 4695 αὒτά
3352 4643 3418 4695 τά
3440 4646 3732 4713 χρήματας
3765 4646 3928 4697 θείων
3986 4646 4038 4697 δὲ

2466 4731 2662 4795 γνῶσις
2687 4732 2781 4781 καὶ
2802 4730 3158 4800 ἀνθρωπίνων
3194 4734 3555 4801 πραγμάτων,
3617 4737 3712 4787 καὶ
3766 4734 4039 4803 τοσαύτης

2465 4820 2556 4869 καὶ
2582 4818 2910 4887 τηλικαύτης
2948 4822 3139 4888 σοφίας
3174 4823 3422 4890 μέγεθος,
3458 4820 3567 4891 ἆρά
3597 4841 3680 4875 σοι
3716 4824 3865 4876 δοκεί
3895 4826 4035 4891 πάρ·

2464 4926 2623 4979 εργον
2655 4913 2674 4940 ¹
2708 4913 2806 4979 μὲν
2858 4907 2998 4963 εἶναι
3025 4914 3119 4963 τοὺ
3150 4912 3546 4982 χρηματιστοῦ,
3570 4912 3663 4965 τοῦ
3710 4914 3769 4966 δὲ
3825 4931 4036 4983 παρερ-

2464 5000 2689 5065 γοῦντος
2718 5000 2992 5067 ἐφόλκιον,
3022 5002 3117 5053 τοῦ
3151 5003 3208 5055 δὲ
3236 5004 3332 5065 τὰς
3363 5005 3421 5055 ὲν
3470 5003 3623 5055 πόλει
3680 5006 3848 5073 τιμὰς
3914 5006 4035 5058 διώ·

2466 5106 2649 5152 κοντος
2676 5091 3129 5161 ὲπακολούθημας
3162 5092 3254 5162 Μὴ
3283 5094 3460 5147 τοίνυν
3500 5095 3899 5164 κακοδαίμονας
3932 5096 4031 5148 κά-

2080 5244 2318 5305 νΑῐιυΕ
2363 5246 2775 5303 LECTIONES.

870 5361 917 5392 ⁸⁸
945 5362 1042 5431 καὶ
1074 5377 1183 5414 om.
1212 5364 1277 5415 Α.
1352 5363 1397 5431 Ῥ
1430 5362 1672 5431 βελτίονα
1707 5364 1750 5416 Α
1785 5384 1798 5415 :
1831 5361 2063 5430 βελτίως
2108 5361 2197 5414 ναί
2222 5380 2281 5426 ς’.

797 5446 907 5485 om.
946 5430 1006 5484 Β.
1100 5432 1146 5463 ’⁸
1173 5441 1291 5497 post
1315 5430 1564 5501 σώματος
1595 5450 1711 5486 cum
1757 5432 1801 5484 Α
1828 5434 1981 5485 omisi
2015 5434 2114 5502 αίρλ

800 5501 907 5551 ὑπὸ
930 5503 993 5553 Α.
1022 5567 1039 5570 _
1065 5502 1114 5534 "
1148 5500 1286 5567 μήτε
1333 5501 1410 5570 τῷ
1440 5505 1559 5570 ἡττ.
1591 5520 1649 5565 ς.
1726 5508 1770 5537 ⁸⁷
1800 5502 2022 5554 τοσοῦτο
2054 5518 2114 5564 ς.

1100 5378 1183 5413 ναι.
1212 5364 1277 5415 Α.
1352 5363 1397 5394 ⁶⁹
1430 5362 1672 5431 βελτίονα
1707 5364 1750 5416 Α
1785 5384 1798 5415 :
1831 5362 2063 5430 βελτίως
2108 5362 2197 5414 ναί
2222 5380 2281 5426 ς’,
2356 5362 2401 5393 ⁹⁶
2430 5362 2641 5429 ἡμέρας
2668 5379 2726 5426 ς.
2802 5364 2847 5393 ⁹¹
2882 5362 3097 5433 αἱρετή]
3131 5362 3167 5415 ἀ
3236 5374 3281 5416 τι

1100 5432 1146 5463 ’⁸
1173 5441 1291 5497 post
1315 5430 1564 5501 σώματος
1595 5450 1711 5486 cum
1757 5432 1801 5484 Α
1828 5434 1981 5485 omisi
2015 5433 2227 5502 αἱρετή,
2266 5431 2475 5484 delebat
2510 5435 2668 5483 etiam
2724 5430 2995 5491 Leicltius.
3033 5449 3085 5501 p.
3119 5380 3281 5487 Χῖν.

1100 5502 1114 5531 ⁸
1148 5500 1286 5551 μήτε
1333 5501 1410 5551 τῶ
1440 5505 1559 5551 ἡττ.
1591 5520 1649 5551 ς.
1726 5508 1770 5537 ⁸⁷
1800 5502 2022 5551 τοσοῦτο
2054 5518 2114 5551 c.
2190 5504 2235 5533 "
2266 5501 2342 5551 τῶ
2377 5502 2415 5551 Β
2443 5518 2454 5551 :
2486 5500 2546 5550 τὸ
2571 5517 2630 5551 ς.
2736 5502 2779 5531 ⁹⁹
2813 5501 3127 5551 ἁρμόζουσα
3154 5500 3212 5551 Β.

2266 5518 2342 5569 τῳ
2378 5517 2415 5569 ιι
2443 5518 2454 5552 :
2486 5517 2630 5563 τος.

2802 5364 2847 5393 ⁹¹
2882 5360 3097 5433 αἱρετή]
3131 5362 3302 5485 ἀρετή
3334 5361 3445 5417 AC.
3545 5362 3591 5393 "
3619 5359 3714 5413 τοῦ
3747 5363 3811 5424 Α,
3855 5377 3917 5413 τι
3949 5378 3987 5426 ς
4019 5379 4029 5411 :

2804 5431 2995 5491 icltius.
3033 5449 3085 5501 p.
3119 5433 3175 5501 Χῖ
3220 5432 3281 5487 ν.
3357 5434 3399 5463 "
3433 5432 3522 5483 τὸν
3552 5446 3664 5486 om.
3700 5431 3763 5483 Β.
3838 5433 3883 5463 ’⁸
3906 5429 4031 5501 ἀπὸ]

3381 5439 3399 5463 ⁸
3433 5439 3522 5483 τὸν
3552 5446 3664 5486 om.
3700 5439 3763 5483 Β.
3838 5439 3883 5463 ’⁵
3906 5439 4011 5483 ἀπὸ

2736 5502 2779 5531 ιο
2813 5500 3127 5569 ἁρμόζουσα
3154 5500 3212 5555 B.
3290 5511 3307 5540 ι
3335 5502 3394 5553 τδ
3427 5502 3549 5555 libri
3585 5518 3694 5554 Ollt.
3775 5501 3795 5531 ²
3830 5500 4032 5569 nurse

798 5567 1042 5641 γοῦντος]
1071 5567 1483 5637 ττεριεργοῦντος
1512 5571 1772 5641 Scaliger,
1808 5570 2233 5640 πανουργοῦντος
2263 5567 2529 5631 Ιὶείδιίίυς,
2566 5584 2669 5623 non
2702 5571 2851 5639 pejus
2879 5567 3041 5623 fuerit
3069 5569 3459 5638 γεωργοῦντος.

2302 5676 2531 5730 NOTAE.

879 5766 984 5836 βῦ)
1021 5762 1166 5839 Orig.
1202 5770 1294 5824 lib.
1335 5786 1373 5823 ll
1418 5771 1613 5825 Contra
1657 5770 1896 5836 Celsum;
1944 5769 2183 5825 Lactant.
2214 5770 2306 5823 lib.
2340 5770 2372 5823 3
2412 5770 2486 5822 De
2517 5768 2650 5836 falsa
2677 5787 2789 5837 sap.
2826 5786 2941 5840 cap.
2969 5772 3039 5825 23
3070 5790 3084 5841 ;
3120 5774 3260 5827 i’lut.
3293 5774 3344 5827 iu
3385 5771 3499 5826 Vita
3541 5772 3787 5829 Paridis.
