4206 6436
260 400 396 465 1321

1341 388 1859 450 BlBLIOTHECA.
1897 412 1963 425 ·-·
1997 389 2163 450 COD.
2200 388 2506 451 CCXLIII.

3380 388 3515 455 1322

247 512 336 563 λει
368 508 495 569 τοὺς
525 504 624 576 τὴν
649 502 909 575 μεγίστην
936 499 1284 572 εὐδαιμονίαν
1309 498 1829 569 εὐδαιμονήσαντας,

1953 495 2053 553 Non
2072 512 2201 569 ergo
2218 512 2312 554 eos
2330 496 2572 553 infelices
2590 496 2878 568 appellato,
2898 498 2991 569 qui
3008 498 3249 554 omnium
3266 499 3517 556 suntfeli-

254 598 395 668 μηδὲ
417 595 702 664 δυστυχεῖς
749 592 879 654 τοὺς
928 587 1313 660 όμοιουμένους
1368 589 1482 651 τοῖς
1529 586 1827 657 κρείττοσι,

255 688 397 759 μηδὲ
431 686 693 755 πένητας,
718 677 794 736 ὧν
834 681 1110 753 θησαυρὸς
1157 679 1423 742 ἀθάνατος
1445 679 1487 745 ⁸,
1545 678 1683 747 μηδὲ
1715 674 1833 730 ἀτί-

254 792 419 846 μους,
447 773 541 837 οὓς
579 774 670 827 ίσα
700 771 844 832 θεοῖς
865 768 1242 839 θαυμάζομεν.
1273 766 1468 820 Πολλοὶ
1492 766 1601 837 γὰρ
1637 763 1836 819 πολλά·

254 882 346 928 κις
374 863 533 918 κακοὶ
559 862 657 933 μὲν
684 858 911 929 γνώμην
960 858 1342 927 τυγχάνουσιν,
1370 856 1721 910 ιπαινοῠνται
1776 855 1835 909 δὲ

254 953 521 1015 πολλάκις
549 952 683 1022 παρ’
714 948 896 1013 ἐνίων,
927 947 1027 1019 τῆς
1054 946 1243 1018 χρείας
1274 946 1535 1015 ποιούσης
1569 945 1693 1000 ἀντὶ
1737 944 1836 1015 τῆς

256 1042 521 1114 ἀληθείας
545 1042 638 1096 τὸν
666 1040 912 1095 ἔπαινον.

335 1134 535 1188 Καίτοι
566 1149 630 1201 γε
666 1131 841 1203 ήδίως
881 1130 949 1185 ἂν
984 1130 1215 1201 ἱροίμην
1241 1130 1367 1193 τοὺς
1401 1129 1687 1194 ὀνειδίζειν
1728 1130 1841 1192 τοῖς

260 1225 449 1293 σοφοῖς
510 1221 610 1293 τὴν
684 1220 978 1291 δυστυχίαν
1024 1218 1330 1285 ἐθέλοντας,
1386 1220 1616 1290 πότερον
1699 1213 1843 1289 ἦσαν

258 1315 497 1368 τοιοῦτοι
543 1314 674 1384 πρὶν
708 1312 969 1381 γενέσθαι
1024 1310 1266 1382 σοφοῖ,ἢ
1315 1312 1454 1381 μετὰ
1514 1310 1686 1366 ταῦτα
1733 1309 1844 1363 τῶν

260 1407 574 1476 λεγομένων
621 1406 1021 1474 εὐτυχημάτων
1078 1402 1425 1474 ἀφῄρηνταις
1475 1400 1548 1455 El‘
1584 1402 1682 1471 μὲν
1707 1402 1837 1473 πρό·

260 1515 448 1570 τερον,
502 1497 563 1551 οὐ
615 1497 715 1565 τῆς
747 1495 951 1567 ἀρετῆς
1009 1496 1071 1547 τδ
1109 1494 1403 1563 ἔγκλημα·
1454 1494 1503 1546 εί
1551 1493 1608 1545 δὲ
1659 1491 1719 1556 ἐξ
1785 1482 1845 1545 οὗ

263 1592 477 1662 ταύτην
544 1590 854 1658 εἰλήφασιν,
912 1589 1011 1657 οὐχ
1067 1581 1143 1641 ὧν
1174 1586 1405 1640 ὲπόθουν
1453 1585 1567 1638 ἀλλ’
1619 1579 1693 1639 ὧν
1748 1584 1848 1638 οὐκ

265 1683 499 1737 ἑπόθυυν
526 1680 865 1750 ὲστέρηνται.
912 1678 969 1731 'O
998 1678 1055 1730 δὲ
1108 1678 1201 1731 καὶ
1249 1676 1699 1746 κατειρωνεύεται
1746 1677 1848 1747 τῆς

270 1773 561 1843 συμφορᾶς
582 1771 625 1835 ⁸,
660 1770 755 1823 καὶ
792 1769 1220 1839 παραγράφεται
1250 1768 1342 1821 τὸν
1376 1768 1574 1837 τρόπον
1603 1769 1705 1840 ήδη
1748 1768 1849 1838 τῆς

1933 588 2159 653 cissimi,
2178 602 2353 658 neque
2370 586 2754 654 infortunatos,
2778 588 2869 659 qui
2889 588 3141 643 ditissimi
3166 598 3313 653 sunt,
3346 603 3520 661 neque

1932 694 2197 748 pauperes
2254 694 2484 749 quorum
2532 680 2819 735 thesaurus
2840 680 3160 735 immortalis
3193 689 3311 737 est:
3346 696 3521 751 neque

1935 766 2199 839 ignobiles
2238 779 2294 824 et
2320 770 2578 839 abiectos,
2612 783 2748 839 quos
2778 786 2873 841 pro
2906 770 3013 826 diis
3042 770 3326 827 habemus.
3365 771 3522 842 Saepe

1936 861 2079 914 enim
2096 860 2245 915 multi
2267 860 2492 931 improbi
2510 869 2637 916 sunt
2655 860 2951 926 voluntate,
2971 860 3040 915 ab
3054 860 3323 931 aliquibus
3344 870 3522 916 tamen

1939 950 2157 1005 utilitati
2180 950 2358 1020 potius
2390 964 2553 1020 quam
2579 950 2795 1006 veritati
2826 950 3185 1007 servientibus
3210 951 3521 1009 laudantur.

2004 1142 2262 1199 Libenter
2314 1158 2444 1199 sane
2506 1157 2599 1200 eos
2660 1144 3050 1215 interrogarem
3083 1185 3099 1211 ,
3155 1146 3247 1216 qui
3305 1146 3528 1214 sapien-

1941 1237 2085 1292 tibus
2148 1234 2518 1291 infelicitatem
2575 1238 2907 1305 exprobrare
2969 1237 3217 1300 student,
3282 1253 3349 1292 an
3386 1239 3523 1293 tales

1942 1327 2144 1382 fuerint
2171 1338 2461 1398 antequam
2500 1329 2773 1398 sapientes
2807 1328 3031 1395 fierent,
3064 1343 3132 1381 an
3167 1344 3294 1384 vero
3342 1341 3527 1399 postea

1944 1419 2257 1474 felicitatem
2284 1419 2586 1474 amiserint.
2628 1416 2683 1473 Si
2711 1418 2859 1487 prius
2889 1433 2993 1473 non
3026 1428 3132 1485 est,
3168 1435 3274 1475 non
3307 1429 3390 1474 est
3423 1420 3533 1473 vir-

1946 1510 2075 1564 tutis
2097 1508 2254 1578 culpa
2278 1526 2292 1563 :
2318 1510 2400 1563 sin
2427 1522 2557 1563 vero
2579 1524 2646 1564 ex
2673 1524 2779 1579 quo
2806 1510 3128 1579 sapientiam
3160 1512 3532 1582 acquisierint.

1947 1612 2051 1651 non
2087 1611 2150 1650 ea
2175 1611 2295 1665 quae
2328 1597 2734 1661 desiderabant,
2759 1599 2857 1651 sed
2880 1613 2942 1652 ea
2968 1614 3087 1667 qua:
3118 1615 3225 1655 non
3255 1601 3535 1656 desidera-

1946 1684 2094 1751 bant,
2139 1687 2463 1741 amiserunt.
2497 1685 2601 1741 Hic
2640 1701 2769 1741 vero
2797 1688 3169 1743 calamitatem
3218 1690 3364 1744 illam
3396 1691 3540 1743 deri-

1950 1774 2059 1837 det,
2112 1784 2169 1829 et
2217 1775 2269 1828 in
2316 1774 2523 1843 judicio
2572 1776 2712 1832 hanc
2758 1779 3207 1834 consuetudinem
3261 1780 3537 1835 exsibilat.

268 1866 528 1934 κρίσεως.
562 1857 654 1926 Οἷς
693 1862 804 1931 γὰρ
826 1861 935 1915 οὐδ’
964 1858 1143 1913 ὁτιοῦν
1172 1898 1189 1923 ,
1220 1854 1396 1929 οἶμαι,
1431 1858 1538 1913 τῶν
1591 1859 1851 1914 εἰωθότων

1961 1862 2095 1919 Nam
2116 1864 2316 1934 quibus
2342 1864 2477 1919 nihil
2501 1879 2714 1931 eorum,
2745 1875 2804 1920 ut
2826 1876 2976 1937 puto,
3005 1882 3126 1937 qua:
3159 1878 3319 1924 antea
3351 1869 3542 1925 solitus

267 1959 521 2027 ἠδίκηκε,
554 1957 764 2019 τούτοις
793 1956 874 2009 ὅτι
906 1952 1039 2023 μηδὲ
1056 1951 1156 2023 τὴν
1190 1952 1365 2023 ἀρχὴν
1396 1954 1623 2025 ήδίκηκε
1655 1954 1851 2018 δείξειν

273 2050 596 2119 ὑπείληφεν,
624 2048 811 2118 ὥσπερ
852 2048 913 2101 οὐ
934 2049 1023 2104 διὰ
1058 2046 1218 2102 τοῦτο
1256 2046 1502 2118 μείζονος
1528 2047 1699 2117 ὀργῆς
1757 2046 1854 2099 καὶ

274 2148 614 2219 κατηγορίας
639 2147 897 2219 ὑπάρχων
961 2146 1129 2211 ἄξιος,
1173 2147 1256 2200 ὅτι
1293 2144 1514 2198 τοιαῦτα
1542 2144 1635 2196 καὶ
1664 2142 1855 2213 τηλικ-

272 2241 414 2295 αῦτα
440 2240 740 2311 πεποίηκεν
770 2232 844 2293 ὧν
885 2239 988 2293 οὐκ
1016 2238 1164 2293 ἐστιν
1216 2235 1465 2310 [58211.]
1514 2237 1694 2306 εὑρεῖν
1751 2250 1855 2287 πα-

277 2332 641 2402 ραδείγματα.
669 2330 832 2402 [1089
862 2329 957 2402 [ι.]
1014 2330 1074 2383 El
1130 2329 1175 2382 δ’
1232 2330 1283 2382 oi.
1331 2329 1400 2382 τά
1434 2328 1607 2398 μείζω
1653 2324 1857 2395 τολμή-

277 2439 495 2488 σαντες,
532 2421 709 2475 ὅτιτά
760 2421 931 2490 μείζω
973 2420 1283 2491 δεδράκασι,
1322 2418 1422 2487 τὴν
1470 2416 1743 2487 τιμωρίαν
1794 2414 1855 2467 οὐ

275 2512 531 2573 δώσουσι,
562 2513 645 2575 τίς
674 2511 753 2564 ἔτι
777 2511 931 2579 λόγος
966 2510 1217 2574 κολάζειν
1244 2509 1417 2563 ιθέλει
1436 2509 1456 2539 ⁸
1484 2511 1607 2571 τοὺς
1656 2507 1727 2561 τὰ
1763 2524 1855 2577 μι-

278 2604 549 2675 κρότερας
581 2602 647 2656 Τί
672 2603 730 2657 δέ
757 2620 772 2669 ;
813 2604 861 2656 εί
890 2602 1016 2665 τοὺς
1039 2603 1114 2672 μὴ
1138 2600 1208 2654 τὰ
1241 2599 1445 2670 συνήθη
1479 2596 1859 2669 παρανομοῦν-

278 2712 382 2757 τας
405 2695 709 2765 ἀφήσομεν,
764 2694 881 2756 πῶς
932 2694 1033 2747 οὐκ
1090 2692 1309 2757 ἐξουσία
1355 2693 1508 2745 πᾶσα
1569 2691 1861 2763 γενήσεται

278 2790 396 2849 τοῖς
429 2786 711 2838 ὲθὲλουσι⁶
741 2785 1083 2855 πλημμελεῖν
1113 2782 1149 2837 ἃ
1184 2782 1259 2856 μὴ
1286 2782 1618 2837 συνείθισται
1643 2785 1711 2846 ν,
1733 2784 1863 2835 ὅταν

280 2879 332 2931 oi
359 2877 567 2945 πρῶτοι
632 2876 805 2931 ταῦτα
855 2876 1227 2944 τολμήσαντες
1280 2877 1355 2938 ὡς
1411 2876 1512 2929 οὐκ
1552 2873 1863 2936 ἀδικοῦντες

281 2968 609 3034 ἐκφύγοιεν;
644 2967 765 3035 Χρὴ
814 2965 1002 3020 δὲνσύκ
1049 2967 1275 3035 ἀφέσεις
1317 2965 1427 3019 τῶν
1477 2964 1716 3035 κρίσεων
1768 2964 1865 3026 τὰς

285 3061 391 3113 ύπε
407 3057 601 3129 ρὸολᾶς
626 3048 734 3112 sic“:
761 3058 1113 3128 ἀδικημάτων
1141 3056 1343 3126 μᾶλλον
1360 3058 1393 3126 ἦ
1422 3056 1730 3109 τούναντίον
1781 3057 1865 3107 αί·

1959 1965 2092 2023 erat,
2130 1956 2368 2027 objecit,
2405 1958 2490 2012 his
2532 1958 2660 2027 quia
2702 1973 2877 2027 neque
2912 1960 3199 2029 imperium
3243 1960 3540 2027 obiecerat,

1960 2055 2207 2117 sperarat
2234 2048 2371 2114 fore,
2416 2058 2476 2103 ut
2512 2049 2718 2105 idcirco
2754 2037 2861 2106 non
2903 2051 3093 2119 majori
3133 2066 3293 2122 paena
3324 2063 3379 2107 et
3416 2070 3544 2123 sup-

1959 2142 2120 2213 plicio
2135 2142 2328 2213 dignus
2349 2142 2659 2209 exsisteret,
2678 2146 2934 2215 quoniam
2957 2154 3127 2212 tanta,
3153 2155 3207 2202 et
3234 2149 3358 2202 talia
3378 2148 3512 2204 fecis
3527 2179 3546 2189 -

1961 2247 2073 2302 set,
2105 2252 2334 2305 quorum
2370 2238 2612 2308 exempla
2661 2254 2765 2295 non
2811 2249 3031 2309 possunt
3068 2241 3317 2308 reperiri.
3359 2240 3453 2296 Sin
3492 2240 3545 2295 hi

1967 2328 2057 2399 qui
2088 2328 2291 2398 majora
2328 2332 2443 2385 ausi
2496 2341 2651 2394 sunt,
2704 2332 2829 2400 quia
2874 2329 3081 2398 majora
3128 2332 3543 2393 commiserunt,

1963 2434 2179 2489 pinnam
2211 2435 2316 2475 non
2338 2421 2507 2486 luent,
2534 2436 2779 2491 quaenam
2815 2422 2953 2476 ratio
2978 2430 3064 2476 est
3093 2436 3214 2475 eum
3245 2422 3422 2491 puniri
3453 2423 3547 2491 qui

1967 2511 2175 2564 minora
2228 2512 2533 2567 commisit?
2586 2510 2724 2578 Quid
2775 2514 2998 2568 autem?
3054 2512 3112 2568 Si
3163 2528 3258 2567 eos
3306 2514 3546 2567 dimitta-

1968 2617 2109 2669 mus,
2151 2601 2350 2674 3580
2401 2605 2495 2675 qui
2546 2614 2742 2674 praeter
2795 2605 3010 2661 solitum
3068 2605 3205 2660 nihil
3253 2603 3542 2668 fecerunt,

1969 2710 2146 2750 nonne
2182 2697 2271 2751 tiet
2315 2696 2567 2751 omnibus
2603 2706 2843 2766 potestas
2875 2696 3176 2752 volentibus
3206 2696 3549 2753 committere

1968 2802 2089 2856 quae
2136 2802 2239 2843 non
2290 2796 2729 2852 consueverunt,
2781 2787 3216 2856 quandoquidem
3268 2794 3323 2842 et
3376 2786 3551 2856 primo

1969 2877 2156 2931 eadem
2182 2876 2327 2930 ausis
2350 2876 2568 2946 impune
2592 2877 2795 2932 cessit?
2818 2874 2935 2932 Non
2959 2877 3103 2930 enim
3138 2884 3354 2945 oportet
3381 2876 3551 2944 magis

1971 2968 2258 3022 criminum
2286 2968 2707 3036 exsuperantias
2732 2966 2935 3037 judicia
2968 2966 3180 3031 tollere,
3209 2968 3339 3036 quin
3370 2968 3549 3034 potius

1970 3072 2159 3113 eorum
2208 3073 2402 3112 causas
2450 3059 2711 3112 exsistere
2762 3072 2972 3126 aequum
3024 3065 3156 3123 est,
3193 3058 3337 3125 quod
3384 3070 3548 3124 opera

284 3152 408 3212 τίας
443 3149 714 3216 γίνεσθαι,
735 3149 844 3217 ὅσῳ
871 3147 1008 3216 μετὰ
1036 3146 1143 3199 τῶν
1173 3146 1351 3215 ἔργων
1380 3146 1473 3197 καὶ
1500 3146 1559 3197 τὸ
1598 3146 1697 3215 τῆς
1724 3142 1851 3213 γνώ-

1972 3149 2207 3203 simulet
2230 3149 2474 3203 voluntas
2494 3149 2618 3203 odio
2642 3148 2965 3202 habeantur.
2999 3146 3151 3202 Velle
3183 3146 3326 3201 enim
3350 3161 3547 3200 novum

290 3258 403 3311 μης
436 3242 755 3311 μεμίσηται.
790 3239 863 3290 Τὸ
891 3238 999 3307 γάρ
1022 3232 1100 3300 οἷς
1126 3237 1301 3289 ἀδικεῖ
1331 3253 1412 3299 τις
1439 3237 1535 3290 καὶ
1563 3236 1725 3304 φύσιν
1751 3235 1869 3288 ἀδι-

1975 3236 2161 3307 ﬂagitii
2186 3253 2351 3308 genus
2378 3239 2576 3293 addere
2596 3239 2661 3293 iis
2678 3253 2796 3308 qua:
2820 3236 3306 3305 eommisitduplici
3333 3235 3552 3290 nomine

288 3332 557 3400 κημάτων
578 3329 769 3397 καινὴν
812 3328 1109 3398 προσάγειν
1140 3326 1422 3397 βούλεσθαι
1448 3325 1655 3395 διχόθεν
1690 3323 1756 3377 ἂν
1782 3324 1851 3377 εῖτ

1977 3328 2456 3398 reprehendendus
2489 3329 2581 3391 sit.
2610 3344 2734 3384 cum
2766 3331 2909 3398 quod
2937 3326 3089 3383 nefas
3120 3334 3411 3395 patrassct,
3436 3330 3547 3378 tum

288 3423 393 3490 τὴν
430 3419 731 3491 μοχθηρίαν
763 3418 1102 3487 ἐλέγχοντος,
1126 3417 1220 3469 καὶ
1242 3414 1321 3485 τῷ
1355 3414 1697 3485 πλημμελεῖν
1724 3412 1758 3467 ἃ
1794 3412 1851 3481 μὶ

1976 3422 2115 3489 quod
2154 3433 2216 3473 ea
2252 3420 2590 3476 committere
2618 3435 2737 3490 quas
2767 3427 2922 3474 antea
2966 3432 3124 3473 nemo
3150 3433 3317 3473 ausus
3339 3417 3455 3486 _sit;
3496 3424 3553 3471 at

290 3514 401 3579 δεῖ,
429 3513 523 3564 καὶ
553 3511 629 3580 τῷ
654 3511 827 3563 ποιεῖν
862 3508 1068 3562 ἐθέλειν
1092 3508 1128 3561 ἃ
1155 3508 1228 3577 μή
1276 3523 1362 3570 τις
1398 3506 1661 3577 πρότερον
1682 3506 1701 3537 ⁷
1744 3504 1851 3573 ὁρᾶς

1975 3508 2110 3562 nihil
2153 3518 2207 3562 te
2236 3522 2424 3563 eorum
2462 3524 2582 3578 quae
2614 3519 2773 3565 antea
2843 3508 3218 3572 commiseris,
3250 3506 3445 3563 fecisse
3468 3506 3553 3560 in-

295 3618 463 3655 σειεν.
493 3600 659 3654 Οὐδέν
712 3618 816 3664 σοι,
871 3599 999 3670 φῂς,
1045 3597 1154 3650 τῶν
1196 3596 1466 3650 εἰωθότων
1516 3596 1845 3665 τετόλμηται

1968 3601 2145 3668 Quies.
2175 3600 2353 3670 Ipsum
2393 3601 2506 3670 (57)
2532 3611 2871 3671 acceptorum
2905 3600 3325 3657 infortuniorum
3358 3612 3552 3653 exces-

294 3694 479 3761 Λύτήν
505 3709 595 3760 μοι
623 3690 802 3757 λέγεις
826 3691 924 3761 τὴν
950 3687 1255 3758 ύπερὸολὴν
1298 3680 1373 3739 ὦν
1413 3685 1788 3755 ήτυχήκαμεν.
1808 3686 1849 3736 0

1969 3704 2086 3744 sum
2129 3707 2344 3747 narras.
2384 3692 2487 3758 Qui
2530 3708 2659 3748 vero
2704 3694 2761 3748 in
2808 3693 3199 3749 recentioribus
3244 3692 3399 3745 malis
3445 3706 3549 3744 non

298 3782 403 3851 μὲν
432 3780 540 3850 γὰρ
575 3780 894 3848 ἡδικημὲνοι
923 3778 1074 3830 ταῦθ’
1115 3777 1258 3847 άπερ
1292 3776 1385 3829 καὶ
1407 3773 1627 3844 ἑτέρους
1680 3774 1851 3844 ἠδικηι

1973 3781 2172 3836 habent
2193 3796 2329 3850 quos
2351 3783 2653 3848 imitentur,
2677 3784 3070 3839 intolerabilem
3096 3782 3373 3838 miseriam
3397 3795 3549 3835 suam

300 3871 499 3939 μένους
522 3868 860 3929 ἐπίστανται,
886 3866 1111 3935 φέρουσι
1148 3866 1278 3935 ῥᾷον
1302 3865 1397 3927 τὰς
1430 3862 1733 3932 συμφορὰς,
1770 3880 1851 3916 πα

1973 3870 2306 3937 existimant,
2338 3888 2403 3928 eo
2421 3875 2561 3942 quod
2584 3876 2749 3930 sociis
2779 3876 2846 3929 iis
2876 3876 2928 3929 in
2958 3875 3142 3939 rebus,
3168 3888 3289 3943 qua:
3316 3871 3423 3927 illis
3453 3872 3551 3925 ad-

302 3962 575 4032 ραμυθίαν
614 3955 687 4014 ὧν
711 3958 1009 4012 πεπόνθασι
1040 3956 1138 4025 τὴν
1176 3955 1283 4007 τῶν
1303 3955 1325 3987 ⁸
1360 3955 1528 4017 πέλας
1547 3955 1839 4023 δυστυχίαν

1976 3975 2149 4015 versae
2180 3962 2419 4027 fuerunt,
2451 3978 2709 4034 prospere
2736 3964 2983 4019 cesserit.

298 4051 613 4121 νομίζοντες
646 4068 662 4084 ο
696 4051 743 4101 οἱ
766 4047 821 4100 δὲ
844 4045 1123 4113 νεωτέρων
1143 4043 1495 4111 ἀδικημάτων
1519 4042 1619 4095 οὐκ
1656 4040 1875 4111 ἔχοντες
1913 4049 2333 4120 παραδείγματα
2361 4052 2632 4123 ἀφόρητον
2660 4052 2920 4123 ἡγοῦνται
2948 4051 3046 4121 τὴν
3113 4048 3400 4122 συμφορὰν
3476 4066 3554 4119 τῳ

302 4144 381 4216 μὴ
415 4142 511 4196 ιῶν
535 4140 735 4210 ὁμοίων
765 4139 1018 4208 εὐπορεῖν
1039 4136 1181 4205 ἔχειν
1215 4135 1301 4203 ἐφ’
1326 4130 1407 4197 οἷς
1437 4133 1739 4205 ἠτύχησαν.

1114 4251 1196 4304 Ea:
1233 4250 1659 4314 Declamatione,
1709 4251 1764 4303 in
1794 4268 1956 4306 causa
2002 4257 2171 4324 patris
2196 4255 2518 4324 percussoris
2536 4257 2658 4325 ﬁlii.

384 4372 669 4441 Ἦδίκηταί
688 4387 771 4433 τις
794 4386 870 4433 εις
902 4368 1099 4431 παῖδας
1140 4366 1275 4437 Οὐχὶ
1324 4366 1420 4419 καῖ
1448 4365 1587 4435 γυνή
1620 4367 1851 4436 προσηδί

1953 4384 1958 4413 ι
2052 4372 2336 4440 Aliquisne
2367 4372 2624 4442 injuriam
2660 4386 2688 4425 a
2720 4370 2829 4426 filio
2858 4370 3104 4439 accepit?
3133 4368 3251 4424 Non
3280 4379 3335 4424 et
3366 4370 3556 4424 mulier

299 4482 487 4536 κηται.
521 4462 597 4515 Δι’
628 4463 831 4530 ἀμφοῖν
863 4462 896 4531 ή
961 4459 1132 4529 βλάϐη
1178 4456 1540 4527 κεχώρηκεν;
1582 4456 1659 4510 Οὐ
1705 4459 1851 4529 πρόσς

1977 4464 2175 4518 violata
2225 4463 2345 4518 est?
2389 4463 2471 4516 An
2501 4462 2570 4517 ab
2609 4472 2844 4530 utroque
2890 4460 3145 4517 damnum
3197 4460 3402 4515 illatqu
3435 4461 3557 4515 est?

299 4554 536 4609 κειται¹⁰
567 4553 727 4622 φόνος
776 4553 890 4613 τοῖς
945 4549 1266 4618 ἀδικήμασι.
1299 4548 1531 4621 Σφαγῆς
1558 4563 1643 4610 τις
1706 4549 1851 4599 αῐτιοη

1979 4553 2230 4622 Nunquid
2280 4562 2336 4608 et
2379 4554 2551 4623 stupri
2588 4568 2752 4608 causa
2791 4553 2967 4607 caedes
3007 4552 3193 4607 facta?
3222 4551 3357 4619 Quis
3404 4554 3557 4607 necis

299 4648 529 4717 γέγονε;
569 4644 701 4697 Th“
736 4642 919 4697 λαθεῖν
947 4638 1356 4711 θεραπεύειτὴν
1384 4637 1695 4707 συμφοράν.
1742 4638 1849 4691 Mor.

1980 4652 2171 4695 auctor
2199 4641 2452 4695 exstitit?
2484 4639 2763 4711 Mitigatur
2790 4641 2948 4696 dolor
2978 4642 3105 4711 quia
3141 4642 3347 4711 ignoro.
3377 4642 3557 4697 Audet

298 4737 458 4808 χείαν
490 4734 683 4805 τολμᾷ,
704 4734 797 4786 καὶ
812 4731 1092 4802 λαθραίοις
1131 4730 1520 4799 μηχανήμασιν
1560 4723 1708 4780 οἷκον
1762 4728 1849 4780 δια

1983 4732 2305 4786 adulterium
2344 4732 2703 4797 committere,
2743 4741 2796 4787 et
2834 4732 3063 4787 occultis
3094 4732 3232 4787 dolis
3271 4734 3553 4788 honestam

300 4828 421 4881 λύει
449 4825 735 4895 σώφρονας
758 4825 833 4876 Οὐ
865 4822 968 4892 μὴν
998 4821 1248 4874 τοσοῦτον
1277 4821 1447 4872 κακὸν
1474 4817 1627 4886 κακῷ
1666 4818 1851 4889 μείζον

1985 4820 2240 4872 familiam
2281 4820 2495 4873 evertit.
2528 4818 2641 4874 Non
2675 4829 2853 4875 tamen
2889 4830 3095 4875 tantum
3125 4820 3325 4875 malum
3353 4821 3551 4891 majori

301 4915 705 4978 κατασκευάζει
722 4913 1042 4982 δεινότερον,
1075 4910 1241 4963 παῖδα
1292 4908 1625 4963 ἐπιδαλὼν¹¹
1685 4908 1851 4979 μητρὶ

1983 4910 2215 4978 quodam
2242 4910 2382 4963 malo
2405 4910 2621 4978 gravius
2642 4910 2839 4975 reddit,
2879 4911 3045 4964 lilium
3070 4911 3339 4981 adjiciens
3368 4911 3551 4973 matri.

301 5009 401 5062 καὶ
426 5008 540 5070 τοῖς
570 5005 678 5058 τῶν
698 5000 1054 5073 μοιχευόντων
1082 5000 1299 5070 σώμασι
1345 4998 1547 5068 κοῦφον
1578 4998 1749 5052 ποιῶν
1780 5014 1851 5051 κα

1980 5007 2036 5052 et
2067 4997 2171 5052 illis
2202 4998 2590 5052 mcechantium
2633 4998 2952 5067 corporibus
2977 4999 3094 5055 leve
3126 4998 3358 5054 reddens
3396 4997 3551 5053 adul-

304 5096 442 5151 αὐτὸ
464 5095 523 5148 τὸ
566 5093 668 5163 τῆς
704 5092 949 5163 μοιχείας
982 5089 1169 5143 δοκοῦν
1195 5088 1439 5157 ἀδίκημα
1486 5082 1645 5141 εῐναι.
1692 5086 1851 5141 ’Δδιάι

1984 5088 2102 5143 tcrii
2151 5090 2379 5144 crimen.
2421 5087 2675 5145 Fortuna:
2720 5090 2855 5146 bona
2905 5090 3131 5147 sortitus
3178 5091 3302 5147 est?
3330 5091 3401 5144 At
3441 5105 3549 5145 non

300 5186 571 5261 φθορον¹³
605 5186 707 5256 τὴν
757 5182 935 5253 ψυχὴν
960 5184 1003 5213 ¹⁸
1048 5180 1304 5251 ἔσχηκεν,
1327 5180 1443 5233 ἀλλ’
1468 5179 1591 5249 οὐχ)⁵
1632 5178 1728 5232 καὶ
1774 5178 1851 5251 τὴ1

1977 5190 2032 5235 et
2082 5180 2336 5235 intactam
2382 5180 2499 5250 ejus
2546 5182 2761 5236 domum
2821 5182 3208 5252 relinquemus.
3271 5180 3389 5236 Non
3448 5193 3551 5247 ego

1576 5312 1817 5368 VARIE
1852 5311 2147 5369 LECTION
2154 5315 2257 5371 ES.

387 5414 410 5446 ⁸
452 5411 733 5485 Αάθάνατος
791 5409 834 5462 A
858 5424 895 5485 _:
946 5406 981 5485 ό
1031 5404 1281 5485 θάνατος.⁹
1317 5419 1378 5465 ς.
1453 5408 1480 5485 ξ
1504 5402 1602 5485 τάς
1636 5402 1919 5485 συμφορὰς
1974 5420 2032 5485 ¢:_.
2092 5406 2167 5485 ⁸⁸
2195 5404 2402 5485 ἐθέλειν
2434 5403 2493 5459 Β.
2514 5474 2557 5485 η
2588 5405 2609 5437 ⁸
2632 5403 2871 5485 ἐθέλουσι
2902 5422 2961 5469 ς.
3138 5402 3458 5485 σρνήθισται
3484 5417 3546 5485 ε.

387 5421 410 5446 ³
468 5421 733 5474 ἀθάνατος
791 5421 834 5462 A
881 5424 895 5460 :
952 5421 981 5458 ο
1031 5421 1281 5485 υανατος.
1317 5421 1378 5465 ς.
1453 5421 1476 5440 ν
1504 5421 1602 5465 τας
1636 5421 1815 5484 συμφο
1857 5421 1919 5465 ας
1974 5421 2032 5467 ς.
2147 5421 2167 5437 ’
2198 5421 2402 5459 ευεΑειν
2434 5421 2493 5459 Is.
2588 5421 2871 5458 ἐυεΑουσι
2902 5422 2961 5469 ς.
3065 5421 3103 5434 "
3138 5421 3458 5485 συνηυισται
3484 5421 3546 5465 ς.

302 5495 323 5524 τ
358 5482 623 5555 πρότερος
647 5478 808 5555 Ag.”
856 5479 878 5508 '
904 5474 1106 5555 τῶν.
1126 5490 1153 5555 _:
1188 5490 1282 5555 του
1311 5490 1370 5537 ς.
1415 5541 1430 5555 Δ
1459 5473 1480 5505 ⁹
1524 5421 2049 5555 δυρτυχιανῖ-ξυχιτν
2088 5471 2131 5530 C
2156 5483 2211 5531 et
2244 5490 2327 5545 pr.
2361 5474 2427 5529 Δ.
2514 5474 2558 5507 ⁵⁸
2582 5474 2868 5547 πρόκειται
2896 5490 2955 5537 ς.
3042 5472 3083 5505 ¹¹
3104 5471 3187 5545 τὸ]
3210 5490 3289 5543 τῳ
3318 5487 3459 5529 corr.
3489 5473 3547 5526 Β.

306 5558 349 5587 ⁸⁸
384 5540 565 5608 malitia
599 5540 921 5603 ἐπιϐάλλων.
1017 5544 1062 5578 ³⁸
1083 5543 1376 5613 ἀδιάφορον
1402 5541 1467 5596 Δ.
1568 5542 1609 5573 ιδ
1641 5540 1909 5611 τύχηνἯ.

372 5758 486 5829 (37)
526 5754 611 5812 Al.
639 5753 922 5808 Adversum
953 5751 1087 5805 mihi
1117 5752 1385 5818 fortuna!»
1414 5751 1620 5821 objiu's.
1845 5657 2074 5715 ΝΟΤιΕ.

591 5846 866 5906 Panos.
898 5844 1011 5905 Gn.
1060 5841 1221 5904 Clll.
3060 5828 3139 5890 1ιὲ
