4206 6436
742 396 875 464 1323

1829 402 2094 466 PHOTII
2134 401 2640 465 I‘ATRIARCIIE
2665 400 2776 462 ΟΡ.

3850 383 3991 450 ισσι

737 510 933 563 frustra
974 508 1210 563 minatus
1239 521 1380 575 sum,
1417 521 1448 564 ο
1479 508 1647 565 cives.
1689 509 1881 581 Capti,
1916 512 2173 581 prostrati
2204 527 2296 567 su-
2327 569 2334 582 η

2419 510 2713 574 ιστίανέξει
2760 506 2829 560 δι’
2876 505 3022 576 ἡμᾶς
3067 502 3411 573 ἀδιάφθορον.
3460 499 3574 554 Ούκ
3615 498 3834 569 ἐψεύσω
3878 502 3994 563 τοῖς

738 614 877 664 mus,
910 599 1435 665 obmutescimus,'et
1468 601 1771 671 respublica
1796 602 2054 656 memoria
2078 601 2301 656 excidit.

737 690 986 745 Czedibus
1042 690 1198 744 nobis
1254 705 1439 744 vocem
1488 692 1771 760 eripuisti,
1817 702 1869 747 et
1922 694 2144 763 tragicis
2200 694 2306 749 illis

739 782 1041 836 actionibus
1068 780 1353 835 facundum
1384 783 1484 836 hoc
1514 797 1575 836 os
1614 783 1901 837 obturasti.
1934 783 2031 837 Vix
2070 800 2190 852 qna:
2222 784 2307 836 di-

741 872 911 924 cenda
941 880 1063 925 sunt
1102 870 1317 940 profero
1358 890 1371 925 :
1418 872 1469 924 in
1512 884 1787 940 posterum
1830 889 1937 927 non
1966 876 2194 943 amplius
2229 875 2307 927 ci-

741 964 923 1017 vitatis
962 974 1146 1017 orator
1185 963 1419 1026 futurus,
1462 964 1553 1017 sed
1594 979 1726 1017 mea:
1764 964 1927 1018 solius
1965 966 2307 1019 calamitatis.

741 1054 903 1118 {luitis
980 1064 1103 1107 sunt
1180 1056 1291 1107 lucc
1372 1053 1657 1108 facinora‘l
1711 1056 1898 1111 Nonne
1945 1057 2126 1110 omnia
2183 1058 2313 1110 tua?

743 1141 931 1197 Nonne
973 1159 1089 1197 mea
1129 1143 1217 1196 illa
1267 1143 1483 1209 quidem
1525 1147 1770 1207 dextera,
1811 1145 1901 1198 sed
1949 1154 2038 1197 tuo
2082 1144 2312 1199 consilio

742 1250 931 1290 omnes
967 1235 1280 1302 perierunt?
1311 1232 1551 1287 Nondum
1582 1236 1654 1301 id,
1680 1236 1820 1302 quod
1843 1244 2000 1305 caput
2033 1246 2118 1291 cst
2145 1238 2314 1292 malo-

745 1342 887 1386 rum,
941 1326 1415 1379 commemoravi:
1469 1327 1803 1395 spectacula,
1863 1328 2108 1397 inquam,
2156 1328 2316 1383 clam

744 1421 847 1474 illm
880 1430 981 1473 tuae
1009 1435 1204 1481 secure,
1248 1435 1367 1488 qua:
1410 1434 1505 1473 suo
1543 1428 1782 1486 tempore
1816 1426 1932 1471 acta
1964 1427 2108 1473 sunt.
2145 1415 2315 1483 Quam

744 1516 921 1568 lmtum
954 1514 1111 1566 linem
1156 1511 1377 1580 tragicis
1422 1510 1577 1563 addis
1614 1508 1947 1570 infortuniis,
1984 1518 2039 1562 et
2083 1508 2149 1560 iis
2180 1507 2319 1561 cala-

744 1605 984 1657 mitatem
1030 1616 1229 1669 auges,
1279 1601 1475 1669 quibus
1518 1598 1571 1652 in
1614 1599 1898 1653 c0mtndiis
1945 1597 2123 1651 luctus
2163 1596 2317 1649 leniri

744 1695 900 1749 solet.
939 1694 1028 1749 Sic
1066 1694 1232 1764 igitur
1276 1692 1455 1745 omnia
1506 1706 1625 1760 quae
1672 1700 1858 1743 contra
1897 1704 1993 1743 nos
2038 1688 2321 1742 adornavit

745 1787 981 1854 undique
1042 1785 1301 1855 colligens
1349 1782 1630 1852 proferens
1672 1781 1865 1851 358b
1925 1780 2149 1848 profert.
2183 1778 2319 1847 Quid

2407 603 2587 671 ἔργοις
2617 602 2713 661 τὰς
2736 598 2985 661 ἀπειλὰς,
3011 589 3056 649 ὦ
3092 594 3342 648 πλούσιε·
3382 592 3725 662 ἐαλώκαμεν,
3765 593 3993 660 νενική-

2410 694 2569 762 μεθα,
2594 690 2910 759 σιωπῶμεν,
2938 688 3036 757 τῆς
3070 684 3352 747 πολιτείας
3416 682 3817 749 ἐπελαθόμεθα.
3854 682 3995 732 Ἀπ-

2408 784 2600 850 έτεμες
2634 780 2791 849 ἡμῶν
2813 779 2910 848 τὴν
2940 777 3124 847 φωνὴν
3155 778 3267 837 τοῖς
3286 774 3485 842 φόνοις,
3521 772 3611 825 καὶ
3638 772 3699 823 τὸ
3730 772 3911 839 στόμα
3935 769 3996 821 τὸ

2406 874 2567 926 λάλον
2616 870 2937 939 ἁπέφραξας
3014 870 3125 931 τοῖς
3186 868 3468 937 τραγικοῖς
3531 864 3739 925 τούτοις
3793 864 3995 931 γνωρί-

2412 979 2601 1030 σμασι.
2629 961 2796 1023 Μόλις
2832 961 3133 1025 τάναγκαῖα
3154 957 3298 1023 λέγω
3326 956 3415 1007 καὶ
3440 954 3746 1022 φθέγγομαι
3769 969 3784 981 ·
3807 954 3996 1022 ῥήτωρ

2413 1053 2527 1121 είμὶ
2559 1050 2743 1102 λοιπὸν
2766 1049 2951 1101 οὐκέτι
2985 1047 3082 1115 τῆς
3110 1044 3338 1108 πόλεως,
3387 1042 3502 1095 ἀλλ’
3553 1042 3655 1112 ήδη
3688 1042 3864 1110 μόνης
3897 1040 3996 1107 τῆς

2416 1142 2723 1211 συμφορᾶς.
2782 1139 2940 1201 Τίνος
2980 1138 3047 1190 τὰ
3090 1135 3392 1207 τηλικαῦτα
3445 1134 3760 1203 μιάσματα;
3817 1132 3880 1183 ού
3932 1131 3996 1181 σα

2416 1234 2629 1299 πάντα;
2670 1231 2731 1284 οὐ
2766 1233 2830 1301 τῇ
2884 1229 2983 1299 μὲν
3026 1228 3176 1297 δεξιᾷ
3197 1230 3262 1297 τῇ
3291 1228 3421 1296 ἐμῇ,
3464 1229 3530 1295 τῇ
3589 1227 3655 1295 σῇ
3703 1224 3757 1276 δὲ
3797 1223 3999 1294 γνώμῃ

2417 1327 2619 1387 πάντες
2640 1324 2977 1386 ἀνάλωνται;
3042 1318 3208 1372 Οὗπω
3240 1318 3298 1371 τὸ
3330 1316 3623 1386 κεφάλαιον
3659 1315 3767 1367 τῶν
3803 1315 3999 1381 ἀδικη-

2422 1418 2605 1486 μάτων
2630 1409 2805 1476 εἷπον,
2832 1412 2931 1479 τῆς
2956 1411 3214 1481 λαμπρᾶς
3248 1426 3340 1460 σου
3374 1411 3575 1476 σκηνῆς
3603 1408 3668 1458 τά
3701 1406 3845 1458 κατὰ
3872 1423 3997 1457 και-

2423 1509 2513 1578 ρὸν
2570 1506 2913 1572 άναφανέντα
2987 1503 3367 1570 γνωρίσματα.
3403 1498 3475 1551 Ὦ
3520 1498 3763 1567 κωμικὸν
3820 1497 3998 1566 πέρας

2419 1598 2712 1667 τραγικαῖς
2761 1594 2948 1663 τύχαις
2976 1590 3273 1658 ἐπαγαγὼν
3293 1592 3356 1653 ’³,
3381 1588 3474 1641 καὶ
3512 1588 3719 1649 τούτοις
3749 1588 3998 1656 αὐξήσας

2419 1687 2518 1758 τήν
2572 1687 2880 1757 συμφορὰν,
2927 1680 3075 1747 οἷς¹⁶
3125 1684 3182 1734 ἐν
3236 1681 3545 1750 κωμῳδίαις
3599 1678 3746 1743 πάθη
3785 1678 3998 1730 λύεται.

2422 1778 2578 1832 Οὕτω
2606 1778 2781 1831 τοίνυν
2814 1777 2991 1828 πάντα
3036 1774 3103 1827 τά
3150 1773 3272 1826 καθ’
3312 1773 3468 1841 ήμῶν
3514 1770 4002 1841 διαπεπραγμένος

744 1876 811 1927 de
854 1882 1166 1943 paupertate
1214 1873 1455 1927 diceres?
1492 1874 1595 1935 An,
1639 1872 1783 1939 quod
1830 1871 2007 1923 nullus
2047 1870 2317 1937 prohibet,

2420 1868 2648 1940 περιιὼν
2676 1869 2715 1899 ³⁷
2754 1868 2938 1935 λέγει*
2968 1865 3031 1918 Τί
3068 1866 3111 1917 δ’
3152 1866 3220 1918 ἂν
3264 1864 3439 1926 είποις
3466 1864 3594 1932 περὶ
3624 1863 3667 1893 ¹⁸
3694 1862 3789 1914 τοῦ
3835 1864 4003 1931 πένη-

745 1962 829 2016 lex
883 1972 1125 2026 accuset,
1177 1977 1241 2015 ac
1283 1959 1639 2015 condemnet?
1686 1960 1817 2013 Dein
1871 1974 1954 2011 me
1996 1960 2315 2028 interrogat,

746 2068 873 2107 num
901 2054 1061 2107 liceat
1090 2068 1313 2120 puerum
1351 2066 1562 2113 necare,
1597 2066 1723 2103 tmm
1762 2051 1922 2105 liceat
1956 2051 2113 2119 proli,
2155 2065 2317 2120 quam

747 2144 1054 2213 suscepisti,
1087 2142 1336 2212 iniuriam
1377 2143 1597 2198 facere?
1627 2141 1683 2196 Si
1712 2151 1892 2195 autem
1927 2152 2213 2211 utrumque
2235 2141 2317 2195 lex

748 2234 1060 2303 permittat,
1115 2242 1176 2288 et
1230 2232 1372 2301 quod
1420 2232 1623 2287 licitum
1679 2241 1785 2296 est,
1844 2232 2221 2301 assumpsisti,
2267 2240 2323 2285 et

749 2325 886 2394 quod
920 2341 1023 2380 non
1052 2326 1175 2379 licet
1201 2324 1556 2394 coniunxisti,
1578 2337 1683 2376 non
1710 2337 1809 2392 per
1836 2332 2124 2392 utrumque
2140 2324 2322 2378 absol-

749 2418 893 2470 veris
943 2417 1156 2484 potius,
1206 2431 1364 2485 quam
1417 2430 1633 2484 poenam
1684 2414 1893 2467 subibis
1944 2428 2153 2479 eorum,
2206 2429 2324 2483 qum

752 2508 875 2559 huic
904 2504 1169 2574 adiungis,
1193 2513 1247 2558 et
1275 2518 1393 2573 qum
1419 2519 1522 2556 non
1556 2504 1743 2558 licent.
1772 2501 1924 2556 Licet
1952 2504 2104 2567 mihi,
2131 2504 2323 2574 inquit.

751 2594 943 2651 ﬁivitis
977 2599 1091 2651 lure
1142 2597 1330 2661 verba,
1366 2603 1421 2648 et
1468 2593 1765 2663 tyrannica:
1808 2593 2070 2663 superbire
2105 2610 2328 2664 respon-

753 2704 894 2743 sum.
940 2686 1052 2758 Ego
1088 2702 1215 2741 vero
1252 2688 1343 2741 tibi
1399 2688 1634 2755 benigne
1692 2695 1853 2754 atque
1897 2686 2204 2741 humaniter
2248 2702 2330 2741 re—

754 2782 1011 2848 spondeo.
1048 2780 1208 2833 Dabis
1255 2778 1398 2832 enim
1434 2790 1627 2847 pmnas
1667 2777 1796 2831 dum
1837 2777 1889 2831 hi
1920 2776 2130 2844 iudices
2172 2778 2329 2833 sede-

757 2873 906 2926 bunt.
935 2868 1088 2925 Nosti
1118 2869 1246 2939 quid
1276 2868 1549 2924 hominem
1580 2868 1865 2923 absolvat?
1891 2868 2069 2923 facere
2090 2869 2329 2923 licuisse.

754 2963 823 3017 At
850 2964 894 3017 si
928 2963 1139 3018 licentia
1175 2963 1377 3017 abusus
1412 2976 1489 3024 es,
1526 2962 1666 3016 hanc
1710 2960 1892 3029 punio,
1939 2960 2078 3030 quod
2119 2962 2220 3016 hac
2245 2976 2334 3015 oc-

756 3055 975 3109 casione
1022 3069 1237 3109 omnem
1307 3053 1540 3106 licentia:
1596 3062 1845 3106 naturam
1919 3052 2151 3106 exuerit.
2208 3051 2334 3104 Pul-

2417 1974 2543 2021 τος;
2572 1957 2715 2010 Ὅσα
2745 1955 2931 2025 μηδείς
2966 1953 3169 2007 κωλύει
3222 1954 3409 2021 νόμος,
3458 1954 3783 2021 κατηγορεῖν
3826 1951 4003 2003 ἐθέλει

2421 2053 2513 2103 καὶ
2543 2050 2867 2120 γράφεσθαι.
2910 2045 3041 2101 Εἶτά
3066 2065 3132 2117 με
3192 2047 3372 2117 ἐρωτᾷ
3400 2062 3414 2075 ’
3448 2048 3561 2099 Ούκ
3591 2045 3796 2109 ἔξεστιν
3832 2041 3929 2098 οὖν
3959 2044 4003 2077 ι’

2422 2143 2707 2196 ἀνελέσθαι
2739 2140 2984 2205 παιδίονς
3042 2140 3142 2191 οὐκ
3182 2137 3394 2201 ἔξεστιν
3442 2133 3536 2189 οὖν
3596 2136 3761 2207 μηδὲν
3793 2136 4006 2189 ἀδικεῖν

2420 2234 2866 2301 ἀναλαμϐάνοντα
2896 2248 2910 2297 ;
2940 2233 3003 2283 El
3055 2231 3099 2283 δ’
3134 2230 3394 2298 ἑκάτερον
3426 2228 3520 2281 τοῦ
3554 2228 3719 2298 νόμου
3768 2228 4005 2288 διδόντος

2424 2325 2517 2378 καὶ
2536 2326 2595 2377 τὸ
2625 2323 2743 2389 ὲξδν
2774 2323 2902 2376 εἴλω
2920 2326 2964 2354 ²⁰
2994 2323 3089 2375 καὶ
3131 2322 3191 2374 τὸ
3230 2322 3304 2392 μὴ
3339 2320 3457 2387 ἐξὸν
3510 2320 3886 2391 προσέθηκας,
3940 2318 4002 2371 οὗ

2423 2416 2509 2470 διὰ
2540 2417 2665 2489 [585
2696 2416 2787 2488 H.]
2822 2418 3046 2487 θάτερον
3075 2414 3324 2484 ἀφεθήσῃ
3364 2413 3561 2482 μᾶλλον
3607 2412 3640 2482 ἢ
3679 2412 3841 2481 δίκην
3906 2412 4006 2479 ὑφ·

2428 2508 2567 2572 ἔξεις
2586 2503 2667 2571 οἷς
2690 2509 2729 2539 ⁸¹
2762 2508 2935 2577 τούτῳ
2967 2506 3261 2577 προσάγεις
3287 2504 3381 2557 καὶ
3406 2503 3440 2556 ἃ
3457 2502 3531 2574 μή
3551 2501 4007 2569 ἐξεστιν.Ἐεεστί

2432 2619 2540 2670 μοι,
2573 2600 2723 2670 φησί.
2756 2598 3016 2651 Πλουσίου
3052 2598 3229 2665 λόγος,
3264 2596 3593 2665 τυραννικῆς
3622 2593 4009 2663 ὑπερηφανίας

2429 2691 2739 2762 ἀπόκρισις.
2793 2688 2934 2755 Ἐγὼ
2966 2688 3022 2741 δέ
3060 2704 3140 2740 σοι
3173 2687 3361 2758 πράως
3398 2685 3542 2739 οὕτω
3570 2686 3662 2737 καὶ
3687 2684 4003 2754 δημοτικῶς

2424 2774 2821 2853 ’ἀποκρίνομαιο
2858 2781 3050 2843 δώσεις
3082 2781 3189 2849 γὰρ
3220 2780 3377 2841 δίκας
3404 2778 3541 2841 τέως
3592 2778 3658 2831 ἂν
3685 2771 3830 2831 οὗτοι
3850 2777 4009 2829 δικά-

2432 2876 2596 2939 ζωσιν
2614 2876 2679 2929 ¹¹.
2716 2875 2999 2943 Ἐγνωκάς
3033 2892 3084 2926 τι
3129 2874 3304 2924 ποιεῖν
3323 2872 3369 2902 ’³
3410 2870 3735 2935 ἀνεύθυνον;
3797 2868 3942 2938 ἔχει,
3962 2870 4011 2900 ⁸⁵

2433 2965 2527 3034 τὴν
2550 2964 2817 3027 ἐξουσίαν.
2882 2964 2941 3015 Εί
2996 2963 3051 3015 δὲ
3096 2961 3193 3030 τὴν
3225 2959 3477 3023 ἐξουσίαν
3531 2960 3615 3022 είς
3666 2958 4013 3029 παρανομίαν

2437 3058 2798 3125 μετήνεγκας,
2826 3054 3039 3118 κολάζω
3074 3051 3299 3120 ταύτην,
3327 3050 3487 3122 [1092
3508 3052 3552 3104 R
3581 3048 3601 3122 ]
3645 3051 3729 3102 ὅτι
3776 3052 3843 3118 τῇ
3880 3067 4012 3119 προς

758 3146 947 3199 chrum
980 3153 1065 3199 est
1121 3142 1487 3205 commisceri,
1530 3145 1621 3196 sed
1673 3152 1782 3195 tum
1824 3143 2058 3206 demum,
2107 3157 2228 3197 cum
2281 3143 2332 3197 id

2436 3147 2593 3213 φάσει
2628 3146 2724 3215 τὴν
2753 3145 2914 3212 φύσιν
2945 3144 3040 3197 τοῦ
3097 3144 3294 3213 μηκέτι
3341 3143 3540 3207 ἐξεῖναι
3586 3141 3905 3209 μετείληφε.
3938 3140 4012 3191 Τὸ

759 3235 1074 3303 suspicione
1111 3240 1291 3287 vacat.
1327 3230 1421 3285 Sin
1453 3242 1630 3284 autem
1657 3232 1869 3285 dommn
1906 3232 2025 3300 quis
2054 3232 2334 3299 perfodiat,

2441 3238 2713 3288 κοινωνεῖν
2745 3236 2928 3296 καλὸν,
2959 3235 3070 3287 ἀλλ’
3097 3236 3223 3287 ὅταν
3258 3236 3289 3302 ή
3321 3234 3479 3302 χάρις
3516 3229 3849 3292 ἀνύποπτος.
3890 3233 4011 3297 ,Ἂν

760 3324 1045 3378 insidietur
1072 3322 1252 3385 uxori,
1280 3322 1661 3389 cognationem
1701 3320 1884 3382 violet,
1929 3318 2182 3373 familiam
2214 3333 2337 3374 cor-

762 3423 1023 3481 rumpat,
1080 3412 1260 3465 ﬁctam
1311 3411 1701 3463 humanitatem
1756 3410 1973 3463 simulet
2020 3409 2166 3463 omni
2214 3410 2338 3463 odio

761 3503 1002 3568 plenam,
1036 3514 1157 3570 qua
1191 3499 1499 3569 adiunctam
1532 3498 1746 3553 interim
1792 3498 2057 3567 iustitiam
2106 3513 2209 3551 non
2248 3499 2340 3551 ha-

760 3595 983 3659 bentia,
1038 3592 1309 3662 permissu
1363 3591 1595 3659 quodam
1646 3588 1799 3643 ﬁunt.
1864 3588 1988 3643 limo
2033 3588 2176 3657 quod
2215 3602 2336 3642 eam

759 3684 1151 3753 assumpserint
1188 3698 1295 3752 quo
1361 3683 1614 3735 videntur
1647 3681 1826 3734 minus
1873 3680 2337 3749 reprehendenda,

760 3792 825 3831 eo
856 3786 978 3831 sunt
1018 3777 1323 3846 iniustiora.
1364 3774 1468 3829 Sed
1492 3774 1785 3842 adoptandi
1825 3773 1963 3828 forte
1995 3773 2162 3841 gratia
2191 3787 2337 3840 qum-

762 3866 919 3918 rebas
953 3866 1141 3928 lilium,
1169 3879 1268 3918 cur
1302 3878 1406 3916 non
1442 3873 1567 3916 ante
1591 3872 1802 3932 partum
1831 3863 2157 3914 voluntatem
2190 3870 2335 3911 tuam

762 3957 1060 4011 indicasti?
1097 3966 1189 4010 aut
1222 3972 1317 4011 cur
1352 3956 1524 4009 adhuc
1557 3970 1777 4024 puerum
1822 3962 1938 4022 post
1988 3963 2196 4020 partum
2235 3967 2337 4005 non

762 4048 1087 4113 postulasti?
1130 4050 1208 4101 An
1271 4048 1501 4101 fortasse
1553 4059 1804 4100 neutrum
1852 4048 2042 4099 horum
2093 4043 2339 4098 volebas?

761 4138 867 4193 Sed
911 4139 1121 4192 delectu
1169 4140 1401 4193 hacredis
1443 4138 1837 4207 apprehensum
1899 4151 2001 4188 non
2055 4134 2341 4189 indicasti?

763 4228 949 4281 Nonne
980 4231 1275 4282 secundum
1306 4230 1447 4298 leges
1476 4229 1818 4296 ad0ptionem
1852 4226 2062 4280 fecisti?
2088 4226 2211 4281 llaec
2241 4242 2337 4281 no-

766 4317 847 4370 his
876 4317 996 4384 quis
1026 4317 1393 4386 respondebit,
1428 4326 1615 4369 contra
1641 4316 1784 4384 leges
1816 4313 2009 4367 factam
2048 4329 2151 4368 non
2184 4316 2340 4368 esse?

763 4404 1053 4475 lmpudens
1093 4408 1346 4461 meretrix
1387 4422 1479 4475 per
1511 4406 1752 4459 fraudem
1795 4420 1923 4458 ausa
1957 4414 2072 4468 est,
2107 4413 2161 4458 et
2200 4404 2337 4459 infe-

2437 3327 2489 3379 δὲ
2520 3328 2769 3397 διορύττῃ
2805 3327 2901 3394 μὲν
2932 3328 3107 3389 οἰκίας
3158 3344 3261 3387 τις,
3299 3324 3625 3393 ἐπιϐουλεύῃ
3680 3323 3736 3375 δέ
3786 3323 4009 3391 γάμοις,

2438 3417 2768 3487 λυμαίνηται
2800 3418 2854 3470 δὲ
2885 3417 3043 3485 γένη,
3078 3416 3367 3488 διαφθείρῃ
3417 3416 3471 3467 δὲ
3522 3414 3726 3478 ἐστίας,
3785 3414 4011 3481 ύποπρί⁴

2439 3505 2663 3573 νηταιδὲ
2695 3504 3100 3572 φιλανθρωπίαν
3128 3503 3518 3573 ἀπανθρωπίας
3538 3502 3760 3571 ἁπάσης
3809 3503 4011 3571 γέμον-

2444 3610 2560 3654 σαν,
2585 3593 2619 3646 ἆ
2645 3593 2743 3662 τὴν
2769 3593 3088 3663 προσθήκην
3116 3594 3217 3646 οὐκ
3245 3593 3434 3663 ἔχοντα
3470 3592 3604 3657 τέως
3634 3592 3733 3661 τὴν
3762 3593 3947 3645 ἄδικον
3968 3592 4011 3621 ’³

2443 3682 2558 3749 μετ’
2596 3681 2837 3745 ἐξουσίας
2872 3683 3195 3751 ἐπράττετο,
3228 3683 3402 3735 ταῦτα
3452 3684 3532 3735 ὅτι
3578 3681 3788 3751 ταύτην
3844 3698 4011 3752 προσ-

2441 3772 2625 3841 εἴληφε
2658 3774 2735 3841 τῷ
2756 3773 2930 3823 δοκεῖν
2959 3772 3225 3827 ἀνεύθυνα
3250 3772 3556 3840 φαίνεσθαι,
3590 3772 3881 3842 προσθήκη
3909 3772 4011 3824 τῶν

2441 3863 2786 3932 ἀδικημάτων
2826 3864 3054 3930 γίνεται.
3116 3862 3258 3915 Ἀλλ’
3304 3865 3383 3926 είς
3428 3862 3575 3916 θέσιν
3619 3863 3750 3922 ἴσως
3801 3862 4012 3932 ἐζήτεις

2441 3954 2671 4007 παιδίον.
2706 3954 2845 4006 Τίδέ
2876 3954 2935 4005 οὐ
2965 3953 3068 4024 πρὸ
3096 3952 3188 4007 τοῦ
3209 3955 3370 4007 τόκου
3398 3956 3496 4023 τήν
3514 3953 3739 4023 γνώμην
3768 3970 3863 4006 σου
3886 3970 4010 4006 κατα

2441 4046 2695 4115 εμήνυες,
2726 4045 2757 4115 ἢ
2784 4043 2844 4097 τδ
2872 4045 3082 4098 παιδίον
3100 4046 3243 4113 μετὰ
3272 4044 3371 4106 τὰς
3415 4044 3606 4106 ὠδίνας
3634 4044 3734 4095 ούκ
3770 4043 4006 4112 ᾔτησας

2445 4137 2514 4190 ’Ὴ
2539 4137 2698 4207 τυχὸν
2720 4137 2998 4203 οὐδέτερον
3027 4136 3230 4189 τούτων
3266 4135 3457 4207 ἦθελες
3482 4152 3495 4165 ·
3526 4135 3639 4189 ἀλλ’
3674 4131 3770 4187 οὖν
3820 4138 3885 4189 ἐκ
3918 4139 4011 4203 τῆς

2440 4228 2673 4297 ἐρημίας
2709 4227 2911 4280 ἀνελὼν
2954 4228 3118 4290 εὐθὺς
3158 4229 3259 4281 οὐκ
3304 4226 3701 4296 ἐκοινολογήσω
3753 4227 3887 4296 περὶ
3919 4225 4008 4277 τοῦ

2440 4320 2784 4388 πράγματος,
2826 4319 2886 4370 οὐ
2920 4318 3062 4371 κατὰ
3107 4318 3307 4387 νόμους
3368 4318 3467 4388 τὴν
3506 4316 3654 4371 θέσιν
3720 4316 4007 4387 ἔπραττες.

2440 4407 2622 4461 Ταῦτα
2646 4406 3007 4477 ἀφαιρήσεταί
3037 4423 3117 4469 τις
3167 4407 3395 4476 ήμᾶς¹⁶,
3446 4406 3521 4469 ὡς
3562 4405 3715 4476 παρὰ
3754 4406 3881 4468 τοὺς
3929 4404 4011 4455 νό-

765 4497 837 4551 lix
896 4512 1030 4566 puer
1085 4498 1136 4551 in
1186 4498 1438 4551 miseram
1486 4507 1713 4549 matrem
1759 4495 2081 4550 exsecrabili
2138 4498 2334 4550 amoris

2446 4516 2575 4569 μους
2602 4500 2663 4551 οὺ
2711 4498 3059 4567 «expuat-cat;
3107 4497 3395 4567 Ἐναγὴς²⁷
3456 4498 3676 4566 μοιχεία
3732 4496 3822 4548 διὰ
3868 4514 4013 4563 σοφι-

768 4588 972 4653 scypho
1001 4585 1197 4638 misere
1229 4584 1527 4638 inebriatus
1556 4592 1655 4647 est,
1682 4593 1736 4637 et
1766 4585 1932 4652 patris
1959 4585 2145 4637 dextra
2186 4585 2339 4638 malis

769 4674 977 4728 artibus
1022 4676 1076 4728 in
1108 4674 1552 4728 charissimorum
1590 4689 1809 4727 suorum
1841 4677 2039 4728 credent
2080 4690 2337 4729 conversa

771 4773 874 4820 est.
910 4764 1089 4833 Lugeo
1126 4765 1290 4832 igitur
1316 4779 1408 4818 eos
1437 4779 1569 4833 quos
1594 4779 1699 4818 non
1732 4774 1789 4816 ut
1831 4765 2008 4819 hostes
2047 4766 2253 4829 necavi,
2284 4775 2340 4819 et

772 4855 1081 4924 lacrymans
1132 4855 1363 4908 victimis
1417 4856 1648 4917 assideo,
1698 4869 1833 4923 quas
1880 4855 2113 4921 legitime
2168 4855 2336 4910 factas

772 4944 1028 5013 putabam
1054 4984 1067 5008 ,
1116 4960 1381 5014 quemque
1414 4954 1537 4998 ante
1581 4945 1777 4997 caedem
1812 4945 2111 4999 adulterum
2145 4949 2333 5001 existi-

776 5035 941 5096 mavi,
978 5034 1117 5087 hunc
1142 5043 1260 5101 post
1282 5034 1477 5087 caedem
1511 5033 1673 5085 ﬁlium
1705 5034 1914 5103 agnovi.
1946 5032 2097 5090 Nunc
2121 5038 2339 5090 omnino

777 5123 1090 5178 vulneratus
1136 5138 1229 5187 es,
1258 5137 1400 5177 nunc
1435 5132 1489 5175 et
1520 5122 1716 5176 fascias
1756 5125 2079 5191 sepulcrales
2118 5126 2338 5193 accipis,

778 5216 873 5268 ﬁli.
922 5216 1235 5269 Extremum
1279 5224 1327 5268 le
1381 5214 1639 5269 invocabo
1694 5230 1796 5268 non
1850 5218 2188 5282 nominibus,
2226 5234 2344 5287 qua:

779 5320 873 5372 per
910 5305 1206 5358 adulterum
1248 5304 1469 5357 sortitus
1496 5318 1552 5356 es
1575 5344 1588 5365 ,
1626 5305 1717 5356 sed
1754 5320 1869 5372 qnze
1907 5320 2001 5373 per
2040 5308 2344 5375 generatio-

2448 4592 2669 4658 σμάτων
2694 4592 3043 4661 τετόλμηται,
3069 4591 3162 4643 καλ
3192 4592 3319 4652 παῖς
3346 4589 3613 4658 δυστυχὴς
3634 4588 3775 4641 κατὰ
3808 4588 4012 4658 μητρὸς

2445 4680 2631 4743 ἀθλίας
2650 4682 2695 4713 “
2732 4681 2790 4745 ἐξ
2836 4680 3066 4750 ἐναγοῦς
3093 4681 3137 4712 "
3181 4680 3454 4751 κρατῆρος
3490 4678 3762 4749 ἐμεθύσθη
3809 4679 4012 4740 κακῶς,

2444 4772 2535 4823 καὶ
2556 4770 2705 4836 δεξιὰ
2742 4772 2945 4841 πατρὸς
2974 4771 3067 4822 ἐπὶ
3094 4770 3287 4837 φόνους
3321 4768 3427 4821 τῶν
3454 4769 3729 4836 φιλτάτων
3766 4768 3874 4821 ὑπὸ
3923 4786 4014 4821 κα-

2442 4861 2673 4931 κοήθους
2698 4860 2895 4931 τέχνης
2925 4859 3275 4925 ἐξώπλισται.
3305 4860 3501 4929 Θρηνῶ
3538 4858 3634 4912 νῦν
3670 4858 3765 4922 οὓς
3815 4860 3891 4922 ὠς
3918 4877 4012 4911 πο-

2442 4950 2663 5019 λεμίους
2694 4952 2981 5021 ἐφόνευσα,
3030 4952 3125 5004 καὶ
3182 4953 3413 5019 σφαγαῖς
3473 4949 3872 5019 παρακάθημαι
3929 4950 4015 5003 εα-

2446 5039 2650 5109 κρύων,
2682 5039 2745 5101 ἃς
2790 5038 2947 5109 ᾤμην
2983 5039 3120 5108 μετὰ
3146 5039 3255 5091 τῶν
3283 5039 3460 5107 νόμων
3503 5038 3875 5109 ἐργάζεσθαι·
3927 5040 4014 5091 καὶ

2438 5130 2497 5182 ὃν
2523 5130 2629 5200 πρὸ
2686 5129 2794 5182 τῶν
2849 5130 3024 5197 φόνων
3059 5129 3242 5199 μοιχὸν
3289 5127 3558 5197 ἐνόμιζον,
3606 5129 3799 5182 τοῦτον
3858 5131 4015 5182 παῖδα

2444 5220 2579 5289 μετὰ
2602 5221 2700 5289 τὴν
2728 5219 2941 5289 σφαγὴν
2988 5220 3278 5288 ἐγνώρισα.
3339 5219 3454 5272 Νῦν
3506 5219 3673 5279 ὅντως
3715 5220 4011 5288 τιτρώσκῃ.

2440 5309 2537 5363 νῦν
2565 5311 2663 5380 τὴν
2685 5310 2906 5379 καιρίαν
2939 5308 3257 5377 λαμϐάνεις,
3291 5309 3516 5360 παιδίον.
3554 5308 3786 5360 Καλέσω
3820 5309 3928 5377 γάρ
3959 5324 4012 5358 σε

2059 5441 2291 5495 VARle
2320 5441 2723 5497 LECTEONES.

852 5562 892 5590 ¹⁸
933 5559 1295 5629 ἐπαναγαγὼν
1325 5576 1381 5622 ς.
1461 5557 1548 5629 ﬂ“
1572 5553 1675 5629 οΐςῖ
1704 5560 1776 5622 ὡς
1802 5560 1853 5611 Α.

783 5630 877 5696 μὲν
901 5627 991 5681 οὖν
1013 5630 1123 5682 ἀλλ’
1151 5630 1241 5681 ἐπὶ
1270 5629 1346 5698 τῷ
1376 5627 1540 5697 μηδὲν
1571 5627 1870 5683 Reischius.

782 5700 826 5729 "
856 5701 1023 5750 ποιεῖν
1051 5700 1092 5753 C
1138 5717 1151 5752 :
1181 5702 1323 5751 ποιεῖ
1368 5716 1425 5761 ς.

1954 5561 1992 5589 ³⁷
2027 5558 2228 5628 περιὼν
2260 5561 2322 5614 Α.

1527 5698 1574 5731 ³⁵
1596 5699 1737 5767 ἔχεις
1789 5700 1912 5753 AC:
1948 5699 2091 5766 ἔχειν
2143 5716 2201 5761 ς.

2434 5561 2477 5591 ¹⁸
2510 5559 2660 5631 περὶ]
2689 5560 2831 5631 κατὰ
2867 5561 2927 5616 Β.

1967 5630 2010 5660 ὀ
2040 5645 2135 5697 pro
2159 5629 2286 5681 εῖλω
2322 5630 2508 5683 lacuna
2538 5629 2614 5683 εει
2646 5629 2697 5683 in
2758 5630 2816 5683 Β.

1967 5701 2091 5754 ζνειν
2143 5716 2201 5754 ς.
2297 5702 2341 5738 ’⁸
2393 5700 2607 5751 ἀδικίαν
2647 5703 2711 5754 Λ.
2804 5702 2816 5730 ¹

3016 5563 3062 5630 ξ’
3086 5564 3184 5615 οὐκ
3215 5563 3361 5630 ἐστιν
3392 5556 3485 5614 οὖν
3517 5561 3683 5630 μηδὲν
3737 5559 3795 5623 Β,
3842 5560 4007 5625 ἔξεστι

2915 5628 3087 5701 ἰοἷς]
3140 5634 3248 5685 imo
3299 5625 3397 5685 ὧν.
3490 5625 3531 5661 εί
3581 5625 3894 5701 δικάζουσιν
3949 5642 4004 5687 ς.

2804 5702 2849 5737 ’⁸
2879 5700 3020 5771 ύμᾷς
3046 5697 3109 5754 Ᾱ.
3190 5704 3231 5735 ²⁴⁷
3286 5701 3483 5763 ίναγὴς
3520 5697 3757 5771 μοιχεία]
3806 5697 4002 5763 ἐνάγεις

786 5786 869 5835 μοι
902 5770 1051 5838 χεῖρα
1086 5768 1143 5824 Β.
1222 5766 1265 5800 ’⁸
1299 5766 1505 5840 ἀθλίας]
1532 5766 1741 5837 ἀθρόως
1776 5769 1834 5822 Β.
1907 5772 1949 5801 ’⁸
1980 5769 2037 5831 ἐξ
2072 5769 2296 5834 ἐναγοῦς
2330 5768 2588 5837 Scaliger.
2616 5769 2736 5825 libri
2770 5766 3043 5838 ξεναγούς.
