4206 6436
275 397 419 464 1325

1310 402 1825 465 BlBLIOTHECA.
1857 429 1925 441 -
1945 405 2109 467 COD.
2150 406 2452 469 CCXLIII.

3393 414 3526 478 1826

270 514 465 566 λοιπδν
486 513 549 567 ού
569 515 681 577 τοῖς
711 513 818 567 τῶν
845 513 1196 583 ἀδικημάτων
1221 512 1357 568 ἀλλά
1379 518 1492 578 τοῖς
1520 513 1616 567 τοῦ
1658 516 1840 583 γένους

1954 529 2077 571 netu
2129 527 2394 573 nostram.
2431 515 2548 573 Non
2594 517 2739 574 enim
2785 528 2840 573 tu
2877 534 3116 575 meorum
3156 520 3526 577 calamitatum

268 605 539 675 ὀνόμασιν
562 621 576 636 ·
598 606 657 657 οὐ
686 605 796 675 γάρ
834 605 900 658 σύ
930 622 1019 675 μοι
1057 605 1163 658 τῶν
1194 606 1560 676 ἀτυχημάτων
1588 606 1701 658 ἀλλ’
1732 604 1849 659 Στε-

271 710 372 768 ρος
402 696 595 759 αἴτιος.
636 697 838 759 Ἡδέως
856 697 901 749 δ’
927 696 995 750 ἀν
1022 696 1254 767 ἐροίμην
1282 699 1458 752 έκεῖνο
1482 699 1546 768 δή
1567 716 1671 752 που
1701 698 1853 769 πρῶ-

266 804 367 840 τον
392 787 483 841 τὸν
513 787 785 840 πλούσιον.
822 788 1070 857 Χρηστδς
1092 789 1243 860 αύτῷ
1274 790 1363 842 τὸν
1408 791 1608 860 τρόπον
1640 790 1670 843 ὁ
1720 809 1850 846 νεα-

264 876 462 942 νίσκος
496 877 768 947 ἀφαίνετο,
810 878 844 949 ἢ
901 879 1212 934 τούναντίον
1250 880 1595 952 παράνομος;
1653 881 1716 937 El
1751 884 1853 954 μὲν

265 969 382 1040 γάρ
403 969 820 1041 χρηστὸς,τίνος
843 972 899 1024 αί
924 972 1172 1043 πράξεις,
1190 974 1289 1027 οὐκ
1311 973 1505 1043 ἄδηλον
1527 991 1542 1005 ο
1566 976 1615 1028 εί
1655 975 1711 1029 δὲ
1748 993 1850 1029 πο-

264 1061 646 1133 νηρὸς,ἑχρῆν
683 1062 992 1117 ἀποδιδόναι
1037 1064 1117 1135 τῷ
1145 1064 1396 1133 φύσαντι.
1428 1066 1572 1136 Πρὸς
1623 1068 1680 1121 δὲ
1722 1069 1848 1123 τού-

264 1170 385 1216 τοις
419 1152 646 1223 πότερον
669 1152 912 1223 nemo“
958 1170 1020 1206 σε
1052 1153 1226 1209 ταῦτα
1267 1155 1459 1220 ποιῶν,
1494 1156 1526 1225 ἢ
1575 1157 1844 1226 προειδὼς

265 1243 372 1297 οὐκ
399 1242 667 1309 ικώλυεςς
705 1244 766 1296 Εί
793 1245 891 1314 μὲν
918 1244 1024 1317 γάρ
1048 1245 1287 1314 ἠγνόεις,
1336 1246 1543 1316 πατρός
1587 1263 1651 1315 γε
1678 1247 1847 1312 ὅντως

266 1335 521 1406 φυλακὴν
576 1334 757 1402 λέγεις
782 1350 796 1365 '
833 1337 882 1389 εί
930 1336 975 1389 δ’
1014 1337 1112 1389 οὐκ
1144 1337 1383 1407 ἠγνόεις,
1431 1337 1621 1409 ῶσπερ
1677 1339 1846 1401 είκδς,

268 1424 533 1494 μέλλοντα
558 1427 809 1491 κωλύειν,
838 1427 900 1481 ού
926 1429 1262 1499 πεποιηκότα
1284 1429 1473 1501 ἐχρῆν.
1508 1416 1582 1483 Te
1613 1430 1713 1500 μὲν
1738 1430 1848 1500 γάρ

264 1516 549 1587 προνοίας,
582 1517 644 1569 τὸ
692 1516 749 1570 δὲ
807 1518 1022 1581 ἀδικίας
1085 1520 1425 1589 τεκμήριον·
1497 1522 1593 1573 καὶ
1629 1523 1691 1574 τὸ
1745 1522 1845 1589 μὲν

260 1606 358 1658 τὸν
383 1606 593 1669 εὔνουν,
626 1607 684 1659 τὸ
708 1608 766 1661 δὲ
791 1608 884 1662 τὸν
917 1610 1385 1680 προσποιούμενον
1425 1611 1716 1666 δείκνυσιν.
1784 1610 1844 1665 Ὀ

262 1697 550 1758 νεανίσκος
579 1698 832 1750 ἀπάντων
858 1698 902 1730 ³⁵
915 1699 1107 1761 αίτιος.
1134 1700 1196 1752 El
1225 1702 1330 1769 γάρ
1360 1695 1473 1763 οἷός
1501 1718 1561 1753 τε
1592 1696 1661 1772 ἦν
1689 1702 1845 1769 ἀφεῖ-

260 1803 354 1840 ναι
377 1787 564 1855 φωνὴν
583 1825 598 1848 ,
631 1786 680 1839 εί
714 1787 823 1858 γάρ
861 1804 945 1851 τις
971 1788 1134 1841 αὐτὸν
1164 1789 1300 1842 θεῶν
1321 1830 1335 1855 ,
1366 1787 1454 1845 οἷα
1502 1791 1673 1845 πολλά
1710 1792 1841 1845 πολ-

261 1877 423 1939 λάκις
445 1876 597 1945 παρά
630 1877 739 1930 τῶν
797 1878 1039 1948 ποιητῶν
1072 1879 1364 1949 ἀκούομεν,
1404 1881 1542 1952 πρὸς
1568 1882 1611 1914 "
1646 1884 1841 1954 μικρὸν

259 1968 489 2037 ἀνῆκεν,
528 1968 653 2022 ὅσον
686 1968 1093 2039 παραγενέσθαι
1141 1972 1208 2041 τῇ
1252 1971 1462 2040 κρίσει,
1509 1973 1610 2025 οὐκ
1648 1972 1715 2025 ἂν
1778 1974 1844 2026 ἐκ

263 2058 449 2129 μέσων
479 2058 590 2113 τῶν
621 2059 849 2128 πληγῶν
877 2060 973 2114 καὶ⁵
1006 2060 1116 2114 τῶν
1147 2064 1481 2133 τραυμάτων
1512 2063 1837 2135 ἀνέκραγεν,

262 2150 484 2219 Ἔγωγε
522 2151 739 2221 μοιχός;
776 2152 887 2218 ἐγὼ
936 2152 1287 2222 παράνομος;
1339 2155 1497 2224 ἐχθρὲ
1556 2156 1651 2209 καὶ
1682 2156 1844 2209 πλού-

262 2257 349 2293 σιε
379 2256 395 2271 ο
426 2240 524 2308 ὀψὲ
557 2243 667 2311 γάρ
696 2258 762 2311 με
793 2240 920 2313 [δδι
953 2241 1043 2315 ιι]
1098 2244 1198 2306 τάς
1252 2245 1466 2316 σεαυτῷ
1514 2246 1838 2317 πρεπούσας

258 2328 584 2397 ιπωνυμίας
615 2329 877 2395 ἐδίδαξας.
910 2330 1053 2383 Ἀλλ’
1101 2332 1397 2404 οίκτείρας,
1434 2336 1589 2404 φησι,
1639 2336 1701 2387 τδ
1731 2336 1841 2389 πό.-

259 2418 357 2481 θος
386 2418 638 2483 ῑπέδειξα
664 2419 710 2450 ³¹
777 2420 847 2473 τά
898 2421 1275 2491 γνωρίσματα,
1330 2424 1518 2490 τάφων
1571 2422 1843 2494 πατρῴων

258 2509 558 2579 ἀξιωθῆναι
587 2509 740 2578 παρά
779 2509 874 2562 σοῦ
903 2511 996 2563 τὸν
1036 2512 1316 2565 νεανίσκον
1351 2511 1690 2582 βουλόμενος.
1747 2514 1843 2577 Είς

258 2599 456 2671 καιρόν
485 2616 549 2667 γε
582 2600 666 2670 (οὐ
698 2600 807 2671 γάρ
836 2601 874 2671 ;)
927 2601 1026 2665 τάς
1077 2602 1372 2670 διαλλαγὰς
1400 2605 1699 2674 ἐτήρησας,
1747 2604 1843 2657 καὶ

253 2692 379 2744 τότε
418 2691 769 2761 ἀνεμνήσθης
802 2692 1038 2762 συνάψαι
1069 2695 1131 2747 τὺ
1158 2695 1335 2762 γένος,
1370 2696 1460 2749 ὅτε
1484 2695 1577 2749 τὸν
1606 2695 1841 2767 πόλεμον

257 2784 528 2839 ἄσπονδον
553 2785 612 2837 ὲν
640 2784 784 2852 ξίφει
814 2786 906 2838 καὶ
937 2786 1152 2859 μοιχείᾳ
1188 2787 1516 2859 πεποίηκας.

328 2897 392 2949 Εἰ
416 2896 564 2967 λέγει
608 2898 702 2952 καὶ
749 2900 950 2971 γράφει
999 2899 1093 2953 κα)⁸
1130 2902 1230 2972 τὴν
1275 2905 1547 2977 πατρικὴν
1580 2906 1673 2960 τοῦ
1723 2907 1839 2976 βίου

252 2988 412 3054 τάξιν
436 2989 774 3060 εὑρίσκεται,
813 2992 872 3043 ού
912 2992 1177 3063 δεήσομαι
1218 2997 1618 3065 γνωρισμάτων
1652 2998 1837 3051 πλειό-

254 3097 386 3139 νων,
420 3079 639 3149 γνωριῶ
685 3080 783 3150 τὴν
819 3080 983 3149 φύσιν
1044 3082 1151 3135 ἀπὸ
1189 3084 1281 3136 τοῦ
1316 3084 1581 3154 βήματος.
1619 3088 1716 3150 Δός
1750 3106 1839 3156 μοι

253 3169 399 3239 νόσῳ
431 3171 523 3222 καὶ
555 3170 728 3240 λοιμῷ
771 3170 1146 3241 δαπανηθέντα
1187 3176 1536 3243 κομίσασθαι,
1570 3178 1839 3248 Θρηνήσω

1960 622 2145 673 causa,
2176 609 2272 664 scd
2299 610 2459 667 alius.
2484 609 2750 666 Libenter
2780 622 2960 668 autem
2990 613 3091 668 hoc
3122 613 3355 683 primum
3386 628 3533 681 qua:-

1953 700 2136 754 sierim
2158 714 2189 753 a
2216 700 2399 767 divite,
2424 700 2690 769 bonisque
2717 703 2979 769 moribus,
3006 718 3073 757 an
3097 713 3287 759 contra
3310 702 3478 775 359
3498 721 3531 758 α

1954 788 2233 857 improbus
2251 787 2466 856 juvenis
2489 788 2659 845 fuisse
2681 791 2731 845 ei
2757 790 3039 847 videatur?
3075 791 3132 848 Si
3158 794 3306 848 enim
3334 792 3528 862 bonus.

1953 892 2057 933 non
2086 878 2380 933 obscurum
2409 890 2516 944 est,
2548 878 2703 951 cujus
2728 880 2811 936 hae
2840 883 2946 938 sint
2976 882 3241 939 factiones
3268 900 3283 937 :
3316 884 3404 940 sin
3432 883 3533 939 im-

1953 972 2151 1039 probus
2177 979 2318 1035 erat,
2345 970 2486 1040 patri
2522 970 2669 1026 reddi
2700 973 3006 1041 oportebat.
3048 973 3255 1028 Deinde
3284 988 3395 1029 non
3419 974 3530 1029 sci-

1951 1062 2073 1115 visti
2116 1060 2230 1116 haec
2266 1076 2391 1115 eum
2428 1075 2643 1130 patrare
2666 1062 2924 1119 solitum?
2959 1063 3043 1119 An
3082 1064 3263 1120 sciens
3295 1065 3532 1133 prudens

1953 1168 2057 1207 non
2090 1150 2459 1220 prohibuisti?
2486 1152 2541 1205 Si
2572 1152 2716 1207 enim
2754 1152 3066 1223 ignorabas,
3099 1155 3167 1209 ad
3197 1163 3403 1223 patrem
3434 1169 3529 1208 cu-

1954 1244 2181 1298 stodiam
2216 1245 2488 1313 pertinere
2518 1244 2697 1299 dicis?
2727 1243 2784 1299 Si
2824 1258 2953 1299 vero
2983 1245 3217 1311 sciebas,
3249 1254 3307 1299 ut
3336 1246 3532 1300 verisi-

1950 1336 2073 1388 mile
2099 1342 2205 1399 est,
2230 1332 2411 1388 futura
2435 1335 2612 1389 adhuc
2647 1349 2747 1389 nec
2777 1334 2921 1389 facta
2951 1335 3240 1404 prohibere
3273 1336 3530 1392 debebas.

1951 1422 2069 1479 Huc
2089 1424 2233 1478 enim
2255 1439 2422 1487 curae,
2448 1424 2574 1479 illud
2604 1425 2859 1495 nequitia:
2887 1426 3145 1482 iudicium
3174 1437 3279 1495 est;
3307 1428 3411 1483 hoc
3436 1429 3530 1482 he-

1947 1513 2346 1577 nevolentiam,
2404 1512 2534 1568 illud
2583 1514 2985 1571 simulationem
3036 1517 3293 1571 declarat.
3335 1518 3530 1572 Adole-

1946 1617 2105 1657 scens
2128 1612 2235 1667 est,
2259 1618 2474 1657 omnem
2503 1604 2715 1672 culpam
2738 1606 2992 1661 sustinet.
3026 1605 3082 1661 Si
3105 1606 3250 1660 enim
3274 1606 3528 1661 emittere

1946 1706 2135 1746 vocem
2171 1692 2464 1757 voluisset,
2496 1694 2539 1747 si
2568 1694 2767 1763 aliquis
2797 1696 2929 1750 deus
2957 1696 3160 1764 (qualia
3196 1695 3361 1749 multa
3382 1698 3524 1766 apud

1946 1792 2134 1850 poetas
2167 1782 2441 1852 audimus)
2471 1782 2620 1837 illum
2649 1794 2757 1837 tam
2789 1783 2881 1838 diu
2914 1784 3242 1852 reliquisset,
3280 1785 3406 1838 dum
3432 1786 3525 1855 ju-

1943 1874 2086 1928 dicio
2109 1875 2416 1940 sisteretur,
2442 1889 2619 1929 nonne
2643 1875 2697 1929 in
2726 1874 2923 1931 mediis
2946 1875 3261 1931 vulneribus
3285 1884 3338 1929 et
3361 1876 3529 1945 plagis

1944 1960 2244 2016 clamaret:
2280 1961 2393 2032 Ego
2436 1962 2683 2029 adulter,
2720 1976 2821 2032 ego
2860 1962 3242 2030 praevaricator
3288 1964 3530 2032 improbe

1945 2053 2115 2108 dives.
2141 2051 2279 2107 Sero
2297 2052 2441 2107 enim
2467 2067 2552 2108 me
2573 2052 2967 2123 appellationes
2986 2067 3103 2116 eas.
3127 2068 3249 2123 quae
3273 2052 3369 2107 tibi
3398 2067 3528 2109 con-

1946 2144 2196 2209 veniant,
2247 2143 2514 2208 docuisti,
2562 2146 2656 2198 sed
2686 2143 2971 2198 misertum
2994 2183 3010 2209 ,
3053 2144 3248 2212 inquit,
3280 2153 3331 2199 te
3359 2143 3529 2201 cladis

1944 2218 2076 2289 satis
2120 2234 2402 2298 iudicasti,
2451 2235 2675 2304 cupiens
2700 2249 2729 2288 a
2774 2245 2825 2288 te
2858 2233 3255 2291 adolescentem
3286 2237 3529 2305 paternis

1946 2322 2242 2391 sepulturis
2264 2323 2485 2393 dignum
2517 2323 2687 2387 reddi,
2722 2332 3025 2393 opportune
3054 2338 3204 2381 sane.
3238 2324 3353 2381 Non
3385 2327 3527 2382 enim

1944 2415 2122 2469 foedus
2152 2415 2403 2477 servasti,
2432 2422 2487 2469 et
2518 2422 2643 2469 tunc
2670 2413 2723 2468 in
2756 2423 2990 2469 mentem
3017 2415 3117 2470 tibi
3144 2416 3291 2470 venit
3310 2416 3527 2486 conjun-

1943 2522 2072 2577 gere
2100 2516 2382 2576 cognatos,
2410 2506 2626 2575 quando
2657 2506 3005 2577 implacabile
3030 2510 3235 2567 bellum
3268 2510 3321 2566 in
3348 2511 3528 2583 gladio

1943 2606 2001 2651 et
2033 2596 2298 2652 adulterio
2328 2596 2630 2653 collocasti.

2014 2894 2105 2950 Sic
2138 2894 2315 2960 dicat,
2348 2904 2405 2951 et
2433 2894 2660 2963 scribat,
2692 2903 2747 2951 et
2779 2897 2903 2950 vitae
2936 2904 3178 2964 paternae
3212 2896 3410 2952 seriem
3448 2899 3525 2953 in-

1944 2989 2145 3051 veniat,
2169 2986 2323 3057 plura
2357 2986 2512 3056 signa
2540 3003 2647 3041 non
2681 2994 2863 3056 petam
2890 3000 2922 3041 e
2946 2987 3191 3057 vestigiis
3222 2997 3391 3042 totam
3424 3003 3521 3042 ua-

1944 3090 2117 3133 turam
2149 3076 2687 3146 deprehensamJ‘ae
2719 3077 2910 3132 morbo
2939 3085 2991 3131 et
3020 3086 3169 3145 peste
3194 3077 3519 3134 exstinctum

1940 3168 2145 3233 efferri,
2169 3166 2391 3236 ploraho
2414 3168 2497 3220 vel
2524 3175 2655 3222 tunc
2694 3168 2957 3234 agnitum,
2998 3183 3124 3222 cum
3157 3167 3290 3222 mihi
3322 3183 3517 3224 nomen

254 3258 360 3328 μὲν
391 3259 485 3312 καὶ
529 3260 650 3312 τότε
710 3262 808 3329 τὴν
848 3264 1137 3332 συντυχίαν
1186 3264 1286 3333 τῆς
1312 3267 1586 3333 γνώσεως,
1614 3268 1696 3320 ὃτι
1731 3286 1833 3338 μου

1944 3258 2111 3327 patris
2159 3257 2277 3313 solo
2319 3256 2567 3325 sepulcro
2611 3256 2936 3312 servaveris.
2986 3256 3101 3311 Erit
3150 3257 3282 3311 mihi
3328 3256 3522 3313 solatio

250 3352 357 3419 τὴν
375 3353 689 3420 ἐπωνυμίαν
726 3354 826 3418 τὴν
864 3352 959 3405 τοῦ
991 3355 1197 3425 πατρὸς
1232 3357 1376 3427 μόνῳ
1401 3358 1476 3428 τῷ
1497 3359 1655 3430 τάφῳ
1674 3361 1834 3429 τετή-

255 3456 467 3509 ρηκας·
511 3445 970 3515 παραμυθήσεται
998 3446 1056 3499 δέ
1094 3465 1160 3518 με
1190 3450 1251 3502 τὸ
1295 3449 1512 3517 πέμψαι
1542 3450 1635 3503 τὸν
1671 3450 1835 3503 παῖδα

248 3532 366 3590 τοῖς
406 3530 552 3582 κάτω
603 3532 743 3597 θεοῖς
792 3538 929 3605 νόσῳ
982 3537 1231 3605 λυθέντα,
1278 3540 1353 3611 μὴ
1385 3540 1645 3610 δράμασι.
1696 3541 1835 3594 Νυνὶ

247 3622 306 3674 δὲ
334 3620 401 3690 (ὦ
431 3625 529 3692 τῆς
563 3627 829 3696 τραγικῆς
853 3629 1041 3691 ὄντως,
1075 3630 1119 3681 ὦ
1148 3634 1247 3701 τῆς
1268 3632 1447 3701 ἀώρου
1474 3634 1565 3685 καὶ
1595 3634 1834 3703 ἀπηνοῦς

248 3714 363 3765 τῶν
402 3717 799 3786 γνωρισμάτων
831 3720 1333 3792 καταμηνύσεωςί),
1383 3722 1545 3792 [1095
1591 3722 1681 3793 IL]
1738 3722 1833 3776 νῦν

250 3805 604 3875 ἠνάγκασμαι
652 3809 941 3877 γνωρίζειν
991 3812 1083 3863 τὸν
1122 3812 1308 3878 παῖδα,
1339 3814 1428 3866 ὅτε
1459 3814 1675 3880 ἀγνοεῖν
1711 3831 1835 3866 συν-

251 3896 442 3965 έφερε,
501 3900 594 3949 xui.
631 3899 752 3952 τότε
808 3901 990 3973 πατὴρ
1061 3904 1462 3974 ἁναγορεύομαι
1495 3905 1561 3968 ³³,
1606 3905 1692 3959 ὅτε
1739 3906 1834 3958 καὶ

250 3986 597 4051 παιδοκτόνος
632 3990 976 4061 εὑρίσκομαι.
1012 3993 1116 4045 Ἔα
1150 4011 1216 4063 με
1246 3997 1415 4065 μόνην
1443 3995 1543 4065 τὴν
1585 3996 1832 4066 μοιχείαν

251 4077 498 4147 θρηνεῖν,
536 4079 615 4133 ἑνί
673 4098 777 4150 μου
810 4081 854 4113 ³⁸
911 4085 1310 4155 παραχώρησον
1349 4090 1415 4139 τὰ
1444 4087 1835 4157 δυστυχήματα

248 4167 509 4236 δράματι.
538 4169 601 4221 Τί
640 4170 695 4222 δέ
729 4189 794 4241 με
816 4174 1059 4243 μερίζεις
1090 4178 1200 4238 τοῖς
1229 4179 1513 4245 ποιηταῖς;
1545 4177 1596 4230 τί
1624 4178 1681 4231 δὲ
1713 4178 1836 4231 καθ’

249 4258 483 4311 ἕκαστον
526 4259 632 4313 τῶν
666 4262 812 4330 ὲμῶν
852 4264 1220 4335 ἀτυχημάτων
1250 4268 1455 4338 σκηνὴν
1476 4268 1709 4340 ὲγείρεις
1736 4270 1830 4324 καὶ

252 4346 493 4419 θέατρα;
556 4350 691 4404 Νυνὶ
718 4351 773 4406 δὲ
804 4356 1292 4427 παρηκολούθηκας
1351 4359 1600 4429 ἀριθμῶν
1630 4378 1733 4430 μου
1760 4362 1831 4415 τά

250 4437 664 4508 δυστυχήματα.
717 4443 826 4495 Καὶ
875 4444 997 4498 τότε
1068 4464 1169 4516 μου
1218 4449 1505 4518 πληρῶσαι
1534 4450 1623 4503 τὸν
1662 4451 1832 4520 τάφον

255 4528 454 4592 θέλεις,
488 4530 575 4582 ὅτε
611 4531 702 4586 τὸν
732 4528 878 4585 οἷκον
927 4535 1220 4601 ἑκὲνωσας.
1259 4538 1439 4609 ϐάψαι
1461 4542 1595 4609 με³⁸
1651 4542 1831 4612 βούλει

256 4617 355 4670 τὸν
399 4619 602 4685 παῖδα;
668 4622 840 4692 καλῆς
866 4623 1043 4694 γε(ού
1076 4626 1250 4697 γάρ;)
1318 4646 1407 4697 μοι
1457 4630 1765 4701 φιλοτιμίας
1786 4632 1829 4668 ³⁸

254 4709 678 4781 παρεχώρησας.
723 4713 852 4782 Ἐμὲ
886 4714 939 4766 δὲ
969 4715 1105 4784 ἄφες
1155 4718 1359 4772 στένειν
1382 4720 1479 4783 τὰς
1519 4723 1824 4793 συμφοράς·

250 4799 318 4851 σὺ
348 4800 440 4850 καὶ
472 4800 683 4869 ,θάψον,
718 4804 764 4853 εἰ
808 4802 1002 4865 θέλεις,
1034 4806 1123 4857 τὸν
1174 4807 1537 4877 ἀνῃρημένον,
1601 4810 1694 4863 καὶ
1738 4810 1826 4873 δὸς

245 4887 401 4957 αύτῷ
455 4889 642 4957 φέρειν
698 4891 817 4943 ἀντὶ
877 4892 985 4945 τῶν
1015 4894 1281 4964 ὲνταφίων
1300 4898 1367 4949 τά
1400 4899 1709 4968 σπάργανα.
1757 4902 1824 4952 Δί

250 4979 347 5029 σαὶ
396 4978 579 5047 χεῖρές
628 4981 733 5032 εἰσι
792 4982 1045 5054 τοιαύτης
1077 4986 1253 5054 ταφῆς
1296 4988 1532 5054 ὲπάξιαι.
1566 4990 1737 5042 Πόθεν
1764 4991 1822 5044 δὲ

246 5067 348 5122 καὶ
392 5068 493 5137 τὴν
532 5070 769 5139 ὲκφοράν
816 5074 1141 5144 ποιήσομαις
1180 5078 1287 5130 ἀπὸ
1343 5080 1440 5148 τῆς
1472 5080 1652 5141 ἑστίας
1682 5099 1697 5146 ;
1731 5081 1824 5134 καὶ

244 5161 405 5212 ποῖον
436 5160 654 5230 δρυγμα
719 5163 817 5232 τῆς
868 5164 1157 5236 δυστυχοῦς
1182 5169 1393 5238 ἐκείνης
1428 5171 1818 5240 στυγνότερονς

246 5249 379 5321 περὶ
407 5250 534 5290 ³⁷-³⁸
562 5251 733 5324 αὐτὴν
762 5254 997 5327 δυστυχῆ
1029 5257 1276 5328 σώματα,
1302 5262 1396 5314 καὶ
1424 5260 1653 5332 φοσερὸν
1683 5257 1820 5331 αἷμα

246 5337 390 5391 ιατά
408 5338 516 5392 πᾶν
539 5340 704 5411 μέρος
726 5344 1035 5416 ὶκκέχυται,
1076 5350 1168 5401 καὶ
1196 5350 1362 5415 πολὺς
1387 5352 1544 5421 φόνος
1564 5354 1621 5405 έν
1640 5352 1811 5423 μέσῳ,

1939 3351 2107 3405 lilium
2136 3352 2326 3404 morbo
2358 3349 2687 3403 exstinctum
2726 3364 2831 3402 non
2866 3348 2919 3401 lu
2954 3348 3217 3419 tragtedia
3242 3349 3309 3404 ad
3334 3348 3523 3405 Manes

1940 3442 2174 3495 mittere.
2216 3439 2369 3494 Nunc
2418 3454 2567 3503 vero,
2610 3454 2645 3493 o
2680 3441 2965 3509 tragicam,
3007 3454 3041 3494 o
3085 3440 3429 3495 immaturam
3463 3453 3522 3497 et

1939 3532 2212 3587 crudelem
2244 3533 2520 3600 signorum
2546 3531 2997 3587 declamationem
3022 3534 3035 3585 ι
3058 3530 3182 3587 Iam
3225 3547 3522 3603 agnoscere

1940 3621 2105 3675 filium
2126 3629 2344 3675 coactus
2365 3636 2506 3685 sum,
2547 3622 2763 3689 quando
2784 3622 3035 3690 ignorare
3055 3623 3395 3691 praestitisset
3420 3641 3434 3677 :
3466 3635 3519 3676 et

1940 3726 2048 3771 tum
2075 3717 2289 3771 demum
2319 3719 2487 3787 patris
2514 3733 2712 3773 nomen
2749 3720 2978 3785 ast-isco,
3014 3734 3137 3773 cum
3165 3717 3258 3773 lilii
3294 3733 3518 3789 percus-

1937 3822 2029 3862 sor
2059 3808 2451 3877 deprchendar.
2487 3810 2617 3863 Sine
2648 3825 2735 3863 me
2767 3809 2941 3865 solum
2970 3809 3298 3865 adulterium
3328 3808 3515 3879 deplo-

1936 3916 2087 3966 rare,
2130 3902 2227 3954 des
2265 3902 2317 3955 in
2350 3916 2455 3954 uno
2497 3902 2746 3958 dramate
2793 3902 3104 3958 infortuniis
3140 3904 3276 3958 meis
3316 3903 3512 3958 locum.

1936 3992 2073 4059 Quid
2125 4003 2303 4047 autem
2359 4009 2443 4047 me
2492 3994 2724 4049 diversis
2774 3995 2949 4061 poetis
2998 3993 3210 4049 tradis?
3261 3993 3400 4060 Quid
3447 3995 3513 4046 ad

1935 4080 2173 4147 singulas
2223 4096 2371 4135 meas
2411 4082 2746 4135 calamitates
2798 4096 3049 4147 scenam,
3104 4090 3160 4135 et
3208 4080 3512 4150 spectacula

1935 4172 2214 4226 adornas?
2242 4169 2395 4225 Nunc
2424 4186 2552 4224 vero
2580 4186 2863 4225 numerum
2909 4171 3242 4229 calatnitatis
3275 4186 3407 4225 mea:
3434 4171 3513 4222 vi-

1934 4263 2096 4324 disti,
2141 4269 2197 4315 et
2236 4272 2347 4314 tuut
2396 4261 2693 4328 adimplere
2746 4260 3054 4327 sepulcrum
3110 4275 3289 4315 mcutn
3336 4261 3508 4327 cupis,

1934 4371 2055 4410 cum
2079 4333 2339 4409 familiam
2366 4353 2709 4409 exhauseris.
2739 4353 2979 4420 Sepelire
3006 4367 3183 4404 meum
3210 4353 3294 4406 vis
3318 4352 3512 4406 tilium!

1933 4443 2170 4499 Honeste
2199 4445 2415 4514 quidem
2446 4459 2460 4495 :
2492 4457 2598 4496 non
2642 4426 2789 4496 enini
2832 4442 2961 4495 mihi
3011 4443 3359 4496 contentione
3384 4456 3505 4496 ces-

1937 4536 2080 4590 sisti.
2125 4534 2383 4587 Permitte
2426 4547 2511 4585 me
2548 4532 2822 4585 fortunam
2870 4546 3043 4584 meam
3088 4531 3410 4599 deplorare:
3452 4543 3508 4586 at

1940 4638 1992 4682 tu
2025 4623 2364 4681 interfectum
2400 4623 2445 4676 si
2474 4623 2603 4676 libet
2635 4631 2796 4675 terrm
2839 4623 3055 4683 manda,
3089 4631 3254 4689 atque
3288 4621 3362 4675 illi
3409 4638 3505 4690 pro

1934 4715 2210 4786 sepultura
2264 4714 2331 4767 da
2362 4711 2554 4781 359i:
2587 4712 2806 4765 fascias.
2847 4709 2976 4763 Tuae
3001 4710 3144 4763 enim
3183 4727 3371 4765 manus
3402 4714 3503 4767 hoc

1934 4806 2182 4875 sepulcro
2210 4804 2385 4873 digna:
2417 4811 2563 4856 sunt.
2594 4798 2748 4855 Unde
2778 4810 2958 4855 autem
2992 4801 3151 4855 funus
3174 4802 3427 4859 efferam?
3457 4807 3501 4861 E

1933 4892 2125 4947 domo?
2169 4892 2235 4945 Et
2278 4890 2546 4957 quodnam
2593 4888 2902 4958 sepulcrum
2945 4890 3047 4944 hae
3097 4891 3296 4947 infelici
3341 4895 3503 4951 domo

1932 4984 2144 5039 dirius?
2176 4981 2273 5037 llic
2300 4981 2541 5035 infelicia
2571 4994 2829 5049 corpora,
2864 4990 2918 5034 et
2941 4994 3095 5035 sacer
3123 4984 3403 5053 sanguinis
3430 4989 3500 5039 ab

1929 5075 2073 5130 omni
2124 5080 2280 5141 parte
2325 5070 2528 5125 ell‘usns
2576 5079 2693 5135 est,
2730 5071 3002 5140 multaque
3068 5073 3246 5128 cades
3304 5074 3500 5144 (triste

1928 5161 2345 5234 spectaculum!)
2371 5162 2423 5215 in
2444 5158 2813 5228 mediojaeet:
2838 5161 2974 5217 hanc
2991 5161 3207 5216 domum
3230 5162 3495 5231 dirarum,

1928 5256 2263 5317 darmonum,
2296 5266 2362 5307 ac
2404 5250 2666 5306 furiarum
2702 5252 2875 5307 ambit
2914 5253 3131 5309 cohors.
3173 5252 3327 5311 Nune
3366 5273 3497 5312 vero

1922 5346 2079 5417 (proh
2110 5344 2374 5400 malorum
2408 5343 2677 5414 ingentem
2698 5343 2971 5400 cumulum
2993 5343 3033 5415 ι)
3052 5346 3105 5401 in
3126 5345 3295 5403 filium
3316 5362 3495 5405 arma-

1549 5531 1786 5589 VABIE
1820 5529 2223 5589 LECTIONES.

315 5649 645 5736 “‘dndvimv
674 5656 719 5711 Δ
741 5659 1049 5736 ιΑὸἏπάντων
1081 5679 1140 5736 ςζ.
1197 5665 1258 5736 7³³
1288 5667 1427 5736 πρὸς
1457 5666 1536 5721 B:
1567 5667 1643 5731 ὡς
1673 5686 1735 5733 ς.

1841 5668 1886 5702 ³³
1916 5668 2164 5733 ἐπέδειξα
2192 5666 2235 5721 Α
2267 5675 2323 5722 et
2350 5683 2492 5720 corr.
2526 5669 2595 5721 B:
2625 5665 2906 5733 ἐπέδειξας
2944 5686 3006 5732 ς.

3079 5669 3124 5739 ff
3138 5670 3377 5739 γάναγορε
3386 5668 3491 5725 ύω-

235 5719 496 5857 gfgtﬁid
623 5740 711 5793 μοι
755 5727 863 5782 ΔΒ.
938 5730 983 5762 ³⁸
1012 5719 1426 5801 μενίὶρίδοίιὶίιῦξ
1614 5719 1741 5809 ῥοῦζ
1809 5738 1855 5771 ³⁸
2307 5719 2317 5721 ἡ
2360 5719 2489 5777 ita
2517 5719 2646 5807 ini“-
2674 5719 2747 5777 ;
2763 5719 3002 5808 δυνά-’δίῆ
