4206 6436
774 332 907 397 1327

762 548 855 601 per
885 534 992 586 vim
1022 531 1226 585 occisa.

1872 334 2131 395 PIIOTII
2171 337 2682 399 PATRIARCHRE
2712 342 2820 402 ΕΡ.

766 456 849 498 tus
877 451 960 498 est
984 449 1158 511 pater,
1199 447 1371 496 mater
1404 440 1456 495 in
1490 441 1701 497 nefario
1736 456 1862 498 cum
1890 442 2001 498 tilio
2034 458 2328 515 congressu

2432 451 2677 517 κατηφὲς
2734 450 2915 520 θέαμα
2989 452 3277 523 πρόκειται
3322 468 3337 484 ⁸

3887 352 4025 420 1328

3395 458 3761 529 περικάοηται
3818 466 4024 539 ταύτην

2439 541 2640 593 ποινῶν
2708 543 2806 595 καὶ
2851 542 3124 612 δαιμόνων
3162 545 3255 597 καὶ
3296 546 3613 618 ἀλαστόρων
3634 554 4022 623 στρατόπεδον.

759 622 897 674 Νυνὶ
918 620 974 672 δὶ
1010 618 1075 689 (ῶ
1100 618 1199 687 τῆς
1248 617 1579 686 ὑπερϐολῆςί
1621 620 1666 671 ὣ
1715 620 1813 689 τῆς
1850 620 2231 691 ὑπερηφανίας
2269 624 2375 677 τῶν
2412 629 2596 682 κακῶν
2618 631 2655 700 ί)
2706 632 2889 702 πατὴρ
2953 635 3198 708 ὡπλίσθη
3253 638 3395 692 κατά
3444 617 3667 707 παιδὸς,
3702 617 3913 717 *μήτηρ
3946 651 4024 714 είς

760 715 905 785 μίξιν
938 713 1201 782 ἀθέμιτον
1233 712 1423 773 παιδὸς
1459 712 1759 783 βεϐίασται.

828 808 952 873 Sed,
977 822 1008 861 ο
1030 808 1265 873 hostem,
1296 806 1463 869 bello,
1501 817 1668 872 peste,
1697 809 1979 877 tyrannide
2000 810 2325 879 graviorem,

754 907 809 951 et
839 896 1007 965 magis
1038 897 1243 965 patrize,
1278 910 1439 964 quam
1475 895 1694 951 familia:
1728 906 1932 953 nostra:
1965 901 2321 968 proditorem,

754 1002 913 1053 quam
956 1002 1054 1055 pro
1098 987 1295 1055 quibus
1342 987 1547 1040 meritis
1589 987 1795 1041 civitati
1837 990 2067 1057 gratiam
2117 990 2326 1045 refers?

755 1094 851 1147 pro
887 1079 1136 1146 imperio,
1170 1092 1262 1145 pro
1294 1078 1613 1145 honoribus,
1648 1095 1745 1149 pro
1776 1081 1861 1133 his
1888 1081 2081 1149 quibus
2119 1090 2170 1135 te
2197 1082 2319 1135 tali-

752 1171 851 1221 hns
882 1184 942 1221 ac
969 1169 1132 1221 tantis
1166 1170 1441 1233 indignum
1476 1170 1773 1235 sepissime
1807 1172 2025 1239 dignum
2054 1173 2322 1226 existima-

750 1262 847 1324 vit,
876 1261 1017 1313 illam
1043 1260 1095 1313 in
1125 1264 1391 1314 theatrmn
1426 1261 1744 1328 produxisti,
1770 1270 1823 1315 et
1846 1262 2119 1316 civitatem
2146 1262 2318 1316 fecisti

753 1360 1004 1419 tanquam
1043 1353 1407 1420 tragoadorum
1440 1361 1837 1419 argumentum.
1871 1352 2161 1407 Calamitas
2195 1355 2314 1422 qni-

749 1444 868 1495 dcm
921 1456 1036 1495 mea
1086 1442 1207 1493 vitae
1258 1455 1388 1493 mea:
1438 1441 1685 1495 terminis
1736 1441 2069 1507 definietur;
2118 1454 2167 1496 at
2228 1453 2317 1497 tua

745 1532 944 1600 flagitia
1021 1533 1200 1600 tniqne
1260 1548 1437 1586 mores
1486 1548 1607 1586 cum
1670 1532 1907 1586 civitatis
1967 1534 2077 1587 vita
2153 1535 2318 1589 inter-

745 1624 918 1675 illum.

814 1735 892 1787 Tu
941 1750 1065 1789 vero
1105 1736 1215 1795 die,
1258 1744 1309 1786 et
1355 1734 1554 1797 scribe,
1612 1734 1873 1798 decerne,
1918 1742 1972 1786 et
2014 1731 2316 1787 constitue:

2518 808 2656 861 Ἀλλ’
2694 804 2739 864 ὧ
2773 811 3013 882 πολέμου
3046 816 3140 869 καὶ
3166 816 3355 887 λοιμοῦ
3385 819 3478 871 καὶ
3512 823 3829 891 τυραννίδος
3856 826 4018 897 ἐχθρὲ

2436 900 2724 971 βαρύτερε,
2758 902 2869 955 ἀλλ’
2899 899 2944 956 ὦ
2964 905 3061 974 τῆς
3094 908 3355 977 πατρίδος
3376 910 3536 963 πλέον
3566 914 3596 982 ἢ
3625 914 3725 984 τῆς
3744 915 4019 983 πολιτείας

2432 997 2529 1065 τῆς
2556 998 2827 1066 ἡμετέρας
2848 997 3095 1067 πολέμιε,
3112 1001 3229 1062 οἴας
3250 1002 3365 1053 ἀνθ’
3387 1004 3514 1055 οἴων
3529 1007 3759 1069 ἐκτίνεις
3783 1012 3850 1079 τῇ
3868 1011 4020 1063 πόλει

2439 1088 2641 1151 ταύτας
2658 1088 2757 1150 τὰς
2779 1089 3006 1158 χάριτας
3029 1095 3040 1142 !
3063 1092 3183 1144 ἀντὶ
3213 1095 3521 1164 προεδρίας,
3545 1098 3664 1150 ἀντὶ
3691 1101 3882 1170 τιμῶν,
3906 1104 4018 1155 ἀνθ’

2435 1172 2509 1231 ὧν
2527 1179 2743 1241 ἀνάξιον
2760 1181 2885 1233 ὄντα
2913 1199 2969 1233 σε
2991 1182 3258 1235 τοσούτων
3288 1185 3547 1250 πολλάκις
3576 1190 3669 1241 καὶ
3685 1190 4018 1259 τηλικούτων

2434 1269 2686 1339 ἠξίωσεν,
2715 1270 3017 1335 ἐκδέδωκας
3040 1273 3209 1342 αὐτὴν
3234 1276 3299 1343 τῇ
3333 1279 3504 1345 σκηνῇ
3535 1317 3551 1340 ,
3585 1279 3680 1330 καὶ
3709 1282 3819 1332 τῶν
3844 1278 4017 1351 τραγ-

2433 1359 2584 1427 ῳδῶν
2609 1360 2918 1429 πεποίηκας
2948 1364 3047 1432 τὴν
3097 1363 3251 1416 πόλιν
3292 1366 3447 1433 ἡμῶν
3495 1370 3804 1439 ἀγώνισμα,
3850 1375 3951 1426 καί
3986 1378 4015 1445 ἡ

2434 1451 2535 1517 μὲν
2569 1450 2737 1519 sui)"
2765 1453 3019 1521 συμφορά
3042 1453 3117 1521 τῷ
3147 1453 3246 1523 βίῳ
3274 1455 3349 1524 τῷ
3371 1457 3488 1526 ἐμῷ
3521 1465 4015 1531 περιγραφήσεται,

2426 1542 2488 1599 τὸ
2524 1542 2739 1611 μίασμα
2799 1544 2855 1596 δὲ
2920 1546 3015 1599 καὶ
3044 1547 3072 1597 ὁ
3097 1546 3186 1609 σὸς
3210 1547 3411 1616 τρόπος
3433 1549 3512 1618 τῷ
3543 1552 3643 1620 τῆς
3669 1552 3876 1616 πόλεως
3918 1554 4017 1625 βίῳ

2430 1634 2922 1701 συνεκταθήσεται.

2499 1724 2570 1774 Σὺ
2602 1723 2655 1775 δὲ
2681 1724 2773 1775 καὶ
2792 1725 2836 1755 ⁸ο
2866 1724 2991 1791 λέγε
3044 1726 3141 1778 καὶ
3200 1728 3380 1797 γράφε
3436 1731 3531 1783 καὶ
3577 1733 3859 1801 νομοθέτει
3920 1736 4014 1789 καὶ

743 1834 795 1876 ct
824 1825 962 1879 hanc
1005 1826 1209 1891 primo,
1245 1828 1287 1880 si
1332 1826 1480 1890 libet,
1519 1825 1689 1894 legem
1730 1824 1869 1879 ferto
1901 1844 1912 1878 :
1949 1824 2014 1878 In
2058 1833 2321 1891 posterum

2430 1812 2717 1880 πρέσϐευε.
2772 1814 2880 1866 Καὶ
2912 1816 3149 1885 πρῶτον,
3182 1819 3230 1869 εί
3266 1818 3461 1883 Θέλεις,
3508 1820 3695 1874 τοῦτον
3721 1824 3811 1875 τὸν
3845 1827 4013 1893 νόμον

742 1915 795 1965 in
825 1914 1029 1981 judicio
1056 1931 1253 1982 pauper
1287 1931 1388 1967 non
1419 1916 1686 1981 loquatur,
1722 1914 1952 1982 loquenti
2001 1930 2152 1980 pugna
2186 1915 2322 1967 irro-

741 2013 920 2071 gctur,
951 2008 1085 2056 inter
1110 2004 1333 2071 plebeios
1364 2004 1646 2063 referatur.
1682 2005 1723 2057 A
1769 2014 1822 2058 te
1850 2019 1975 2059 vero
2001 2005 2150 2074 (quid
2176 2008 2319 2057 enim

744 2095 839 2149 tibi
868 2094 1096 2164 amplius
1133 2095 1309 2149 verbis
1335 2104 1387 2149 et
1412 2095 1634 2166 syllabis
1659 2111 1792 2165 opus
1818 2097 1954 2162 est?)
1983 2096 2321 2151 manifestior

740 2188 809 2243 ob
838 2202 957 2241 eam
994 2188 1358 2241 calamitatem
1402 2188 1487 2240 lex
1527 2187 1729 2256 scripta
1763 2195 1878 2253 est,
1910 2188 2189 2256 splendide
2223 2188 2317 2243 tibi

739 2288 1051 2332 exstructus
1077 2288 1160 2331 est
1190 2286 1494 2347 suggestus,
1521 2278 1622 2331 hoc
1651 2276 1897 2347 exemplo
1916 2278 2091 2332 omnis
2122 2292 2318 2347 panpe—

743 2372 890 2424 ribus
923 2371 1148 2438 prmcisa
1198 2380 1281 2423 est
1335 2370 1538 2437 lingua.
1591 2370 1670 2420 ’l‘u
1730 2368 1817 2422 die
1874 2368 2057 2434 solus,
2109 2369 2316 2437 impera

740 2465 917 2528 solus,
965 2479 1123 2519 nemo
1168 2463 1541 2527 contradicet,
1584 2461 1812 2517 forsitan
1870 2477 2044 2531 neque
2088 2462 2313 2516 humilia

740 2554 997 2621 dzinceps
1034 2552 1320 2615 tractabis,
1356 2567 1529 2621 neque
1563 2568 1668 2606 uno
1701 2552 1956 2605 tribunali
1991 2560 2100 2605 tum
2127 2562 2315 2621 poten—

740 2645 870 2697 tiam
902 2644 1147 2697 definies.
1183 2644 1288 2698 Sed
1322 2645 1503 2697 statim
1536 2644 1854 2698 sublimiore
1894 2660 2051 2711 quam
2102 2646 2187 2699 his
2218 2647 2313 2701 tibi

738 2746 875 2797 opus
913 2729 1075 2784 fuerit
1110 2746 1267 2785 scena
1291 2770 1305 2793 ,
1348 2740 1400 2785 et
1441 2732 1774 2785 dramatibus
1807 2731 2079 2787 infandam
2112 2744 2313 2803 tragm-

738 2822 880 2873 diam
924 2823 1463 2888 reprtrscnlantibus.
1506 2820 1575 2874 Ut
1613 2836 1738 2875 vero
1771 2823 1941 2891 magis
1972 2837 2161 2876 omnes
2204 2832 2312 2877 ter-

738 2931 859 2969 reas
908 2917 1046 2984 tinge
1094 2923 1147 2970 et
1202 2918 1360 2984 pinge
1407 2915 1658 2984 injuriam
1714 2930 1921 2980 meam,
1973 2925 2026 2969 et
2075 2918 2311 2985 imagine

740 3019 912 3058 meam
946 3005 1308 3059 calamitatem
1339 3005 1552 3059 exhibe.
1592 3004 1815 3059 Difﬁcile
1846 3016 1929 3059 est
1958 3017 2149 3068 artem,
2190 3023 2310 3076 qua:

740 3092 817 3146 rei
850 3106 1088 3146 naturam
1132 3094 1263 3147 adeo
1298 3102 1534 3147 atrocem
1577 3094 1813 3162 efﬁngat,
1856 3096 2135 3162 reperire:
2177 3097 2307 3150 nihil

740 3194 916 3235 tamen
964 3184 1156 3236 horum
1204 3182 1465 3237 malorum
1516 3198 1621 3240 non
1677 3185 1837 3238 audet
1886 3184 2057 3239 dives.
2110 3186 2380 3260 Adestec

736 3273 955 3340 quidem
988 3286 1052 3325 ex
1082 3281 1235 3341 prato
1267 3273 1448 3341 aliquo
1476 3273 1848 3340 pestilentium
1873 3274 2162 3328 Furiarum
2222 3276 2305 3344 pi-

738 3372 952 3433 gmenta
975 3372 1135 3431 atque
1167 3364 1400 3429 colores;
1429 3373 1759 3432 supponatur
1784 3374 1964 3418 autem
1983 3365 2159 3418 tabula
2192 3366 2309 3419 dira

736 3463 790 3502 et
820 3450 1046 3504 nefanda
1074 3452 1373 3520 composita
1395 3453 1621 3506 materia
1641 3470 1656 3520 ',
1679 3454 1880 3507 serviat
1902 3454 2126 3521 pictura:
2149 3454 2308 3524 ignis,

736 3540 949 3610 q-ialem
992 3540 1193 3596 ultores
1233 3541 1539 3610 huiusmodi
1570 3543 1795 3596 caedium
1828 3543 2099 3597 daemones
2135 3542 2309 3597 solent

736 3634 1010 3687 cat-itare:
1047 3649 1223 3701 qurere
1252 3634 1516 3702 pictorem
1555 3634 1817 3701 tragicum
1855 3633 2068 3702 quidem
2100 3643 2219 3686 arte
2254 3642 2309 3685 et

739 3739 933 3789 manu,
969 3725 1149 3779 animo
1197 3739 1322 3778 vero
1374 3724 1543 3793 magis
1587 3724 1781 3793 360a
1843 3724 2125 3792 tragicum.
2175 3722 2309 3777 lube

736 3828 863 3867 vero
885 3815 1078 3867 seriem
1106 3813 1447 3867 fortunarum
1476 3828 1715 3867 mearum
1745 3815 1795 3866 in
1825 3814 2003 3867 tabula
2033 3816 2304 3884 depingat,

735 3905 865 3959 nihil
899 3916 1024 3959 ante
1056 3907 1417 3958 narrationem
1453 3905 1656 3973 pingat,
1685 3918 1858 3972 neque
1891 3906 2179 3969 dicentem,
2210 3920 2304 3959 ne-

733 4013 838 4066 que
861 3998 1299 4059 concionantetn,
1326 4010 1496 4063 neque
1523 4005 1861 4059 coronatum,
1888 4010 1985 4049 nec
2013 3996 2301 4063 quidquam

733 4104 918 4145 eorum
945 4104 1062 4156 qua:
1096 4086 1387 4142 fortunatis
1409 4087 1585 4140 solent
1615 4086 1883 4139 accidere.
1913 4084 2077 4139 Plena
2102 4088 2169 4138 sit
2196 4096 2302 4139 tota

736 4182 870 4236 meis
908 4180 1308 4235 calamitatibus
1346 4178 1545 4231 tabula.
1597 4179 1779 4229 Primo
1827 4177 2076 4245 pingatur
2119 4176 2301 4230 infelix

733 4283 907 4342 pater,
939 4272 1049 4325 suis
1080 4269 1324 4324 manibus
1357 4268 1617 4322 infantem
1644 4268 1698 4321 in
1723 4268 2066 4321 solitudinem
2100 4266 2298 4333 ferens,

734 4360 1042 4428 deplorans,
1071 4359 1259 4426 lugens
1293 4356 1670 4421 infortunium,
1704 4355 1912 4420 exiens,
1947 4356 2183 4418 rediens,
2210 4357 2301 4409 de-

732 4464 953 4517 penens,
998 4448 1269 4509 attollens,
1303 4447 1498 4500 cedens
1530 4455 1757 4509 naturae,
1789 4455 1843 4499 et
1875 4460 2087 4498 rursum
2121 4460 2299 4500 ncces-

2430 1903 2741 1971 είσένεγκε’
2778 1904 2871 1971 Μὴ
2928 1905 3130 1973 λέγειν
3179 1910 3266 1961 ἐτι
3319 1910 3425 1963 τοῦ
3454 1913 3668 1966 λοιποῦ
3735 1915 4006 1981 πένητα·

2424 1995 2794 2062 τολμήσαντι
2828 1996 2896 2047 δὲ
2950 1998 3171 2065 τίμημα
3235 1999 3568 2054 ἐπικεῖσθαι
3626 2002 3731 2055 τοῦ
3787 2004 4009 2073 γένους

2424 2082 2551 2155 [585
2580 2086 2670 2158 IL]
2715 2090 2981 2156 τίνεσθαι
3026 2091 3259 2160 δήμιον.
3307 2095 3523 2148 Μᾶλλον
3571 2097 3627 2149 δὲ
3671 2098 3743 2166 (τί
3777 2100 3887 2168 γάρ
3922 2117 4007 2153 σοι

2420 2176 2499 2229 δεῖ
2536 2179 2795 2247 ῥημάτων
2828 2180 2905 2233 ἔτι
2938 2183 3031 2235 καὶ
3073 2184 3354 2237 συλλαϐῶν
3378 2186 3415 2254 ;)
3477 2187 3867 2258 ὲναργὲστερός
3922 2207 4005 2243 σοι

2418 2267 2504 2320 διὰ
2540 2270 2637 2339 τῆς
2694 2272 2837 2340 ὲμῆς
2888 2276 3409 2343 συμφορᾶςὸνόμος
3466 2277 3808 2347 γέγραπται·
3863 2282 4004 2334 ἀπο-

2417 2359 2745 2428 τετείχισταί
2798 2380 2877 2415 σοι
2906 2364 3174 2434 λαμπρῶς
3192 2366 3252 2417 τὸ
3286 2366 3454 2435 βῆμα,
3479 2369 3572 2420 καὶ
3601 2371 3748 2420 πᾶσα
3769 2371 4006 2440 πένητος

2417 2449 2749 2504 ἐκκέκοπται
2767 2454 2981 2520 γλῶττα
3003 2456 3043 2485 ⁸⁸
3081 2455 3158 2525 τῷ
3192 2458 3614 2527 παραδείγματι.
3647 2460 3786 2527 Λέγε
3817 2462 4001 2529 μόνος,

2416 2538 2700 2592 πολιτεύου
2745 2542 2936 2610 μόνοςο
2970 2546 3188 2615 ἀντερεῖ
3215 2547 3258 2598 δ’
3305 2547 3500 2609 οὐδείς.
3554 2549 3729 2617 Τυχὸν
3757 2550 3813 2602 δὲ
3870 2552 4002 2615 ἴσως

2414 2630 2535 2683 οὐδὲ
2568 2634 2866 2704 μικρολογή
2877 2652 2985 2697 σεις
3002 2636 3208 2702 λοιπὸν,
3240 2638 3359 2690 οὐδὲ
3377 2641 3546 2708 όριεῖς
3565 2640 3657 2710 τὴν
3679 2642 4004 2696 δυναστείαν

2414 2722 2541 2794 ἄχρι
2571 2724 2665 2777 τοῦ
2699 2726 2960 2795 βήματος.
2990 2728 3204 2799 Σκηνῆς
3241 2730 3585 2800 ὑψηλοτέρας
3616 2733 3723 2785 τῶν
3763 2735 4003 2788 ἐνταῦθα

2412 2813 2601 2882 rixa"
2621 2815 2800 2885 δεήσει
2849 2834 2952 2883 σοι,
2986 2820 3079 2871 καὶ
3107 2819 3399 2889 δραμάτων
3454 2824 3553 2874 οὐκ
3615 2825 3851 2892 ἑχόντων
3901 2829 4003 2895 τὴν

2412 2905 2717 2972 τραγῳδίαν
2748 2908 3080 2978 ἀπόρρητον.
3110 2910 3227 2962 ’Ὶνα
3256 2911 3313 2961 δὲ
3345 2912 3506 2963 πλέον
3543 2914 3787 2984 φοδήσῃς
3824 2916 4005 2968 ᾶπαν-

2408 3009 2525 3057 τας,
2578 2996 2814 3065 μίμησαι
2873 2999 2966 3050 καὶ
3011 3002 3193 3069 γραφῇ
3216 3000 3260 3031 ³⁵³
3291 3001 3351 3053 τὸ
3407 3003 3598 3067 πάἿος,
3667 3004 3760 3056 καὶ
3804 3006 3896 3069 δὺς
3941 3009 4000 3058 ἐν

2410 3084 2577 3137 εἰκόνι
2628 3087 2727 3155 τὴν
2790 3094 3094 3158 συμφοράν.
3139 3091 3391 3142 Χαλεπὸν
3426 3093 3607 3161 εὑρεῖν
3654 3095 3852 3165 τέχνην
3882 3098 4001 3147 οἷαν

2410 3192 2468 3225 τε
2486 3171 2651 3227 οὖσαν
2702 3179 3099 3248 ὑποκρίνασθαι
3137 3183 3459 3250 πράγματος
3511 3184 3671 3251 φύσιν
3700 3186 3874 3249 οὕτως
3903 3189 4000 3239 ἀλ-

2413 3265 2649 3318 λόκοτον.
2713 3269 2858 3335 Πλὴν
2919 3270 3052 3321 ἀλλᾶ
3110 3270 3185 3340 τῷ
3232 3273 3470 3341 πλουσίῳ
3500 3277 3542 3303 ⁵⁵
3596 3276 3705 3327 τῶν
3770 3278 3995 3331 πάντων

2416 3355 2567 3408 οὐδὲν
2633 3358 2964 3428 ἀτόλμητον.
3029 3362 3209 3415 Ἔστω
3259 3364 3357 3431 μὲν
3383 3364 3445 3417 ἔκ
3468 3383 3610 3428 τικος
3659 3368 4000 3421 Ποινῶνλει-

2416 3449 2647 3517 μῶνοςδυ
2673 3451 2764 3502 καὶ
2808 3452 3098 3521 Ἐριννύων
3128 3454 3194 3506 τά
3230 3455 3535 3524 φάρμακα·
3597 3458 3909 3512 ὑποκείσθω
3938 3460 3998 3512 δὲ

2410 3540 2438 3589 ό
2461 3539 2620 3603 πίναξ
2655 3544 2719 3610 τῇ
2751 3546 2934 3611 γραφῇ
2972 3544 3031 3606 ἐξ
3057 3546 3335 3615 ὲπαράτου
3401 3547 3564 3599 ποθὲν
3608 3549 3704 3600 καὶ
3764 3550 3997 3617 ἐναγοῦς

2413 3628 2544 3700 ὕλης
2601 3630 2938 3700 γενόμενος·
2979 3636 3087 3703 πῦρ
3132 3636 3187 3687 δὲ
3223 3637 3600 3705 ὑπηρετείσθω
3662 3642 3727 3707 τῇ
3783 3645 3995 3711 γραφῇ,

2410 3717 2521 3772 οἷον
2580 3722 2840 3775 ἀνάπτειν
2900 3724 3180 3792 πεφύκασι
3207 3728 3441 3796 τιμωροὶ
3464 3728 3720 3782 τοιούτων
3746 3730 3996 3786 θανάτων

2409 3811 2677 3880 δαίμονες.
2742 3815 2982 3883 Ζήτησον
3014 3816 3194 3867 δὲκαὶ
3244 3816 3533 3886 ζωγράφον
3580 3820 3845 3887 τραγικὸν
3894 3821 3996 3890 μὲν

2408 3900 2505 3969 τὴν
2562 3901 2775 3969 χεῖρα¹⁵⁸
2824 3900 2920 3970 τὴν
2973 3902 3027 3955 δὲ
3079 3902 3255 3972 ψυχὴν
3298 3904 3726 3973 τραγικώτερον.
3786 3907 3994 3958 Κέλευε

2406 3990 2461 4041 δὲ
2488 3990 2636 4059 αὐτῷ
2659 3990 2754 4060 τὴν
2772 3992 2921 4053 τάξιν
2945 3992 3051 4043 τῶν
3070 3994 3219 4061 ἐμῶν
3245 3995 3607 4062 ἀτυχημάτων
3626 3995 3780 4058 τάξιν
3812 4000 3960 4048 ποιεῖ

2408 4080 2531 4132 σθαι
2555 4081 2649 4132 καὶ
2676 4081 2776 4149 τῆς
2796 4083 3035 4151 γραφῆς,
3079 4084 3245 4153 μηδὲν
3274 4084 3329 4135 δὲ
3365 4086 3593 4153 γράφειν
3619 4087 3725 4156 πρὸ
3763 4087 3862 4155 τῆς
3900 4090 3993 4141 ὲκ-

2407 4170 2629 4235 θέσεως,
2664 4172 2738 4240 μὴ
2765 4172 3013 4239 λέγοντα,
3082 4173 3157 4242 μὴ
3201 4173 3639 4243 δημηγοροῦντα,
3697 4178 3862 4247 11096
3895 4162 3989 4251 Βί]

2407 4261 2481 4331 μὴ
2523 4262 2973 4331 στεφανούμενον,
3001 4264 3077 4332 μή
3108 4281 3157 4315 τι
3186 4263 3292 4314 τῶν
3323 4266 3731 4335 εὐτυχεστέρων
3757 4269 3947 4339 ἕτερον
3966 4286 3984 4303 ’

2404 4351 2497 4420 ὅλη
2557 4352 2795 4418 γενέσθω
2854 4354 3023 4422 μεστὴ
3080 4356 3177 4423 τῆς
3226 4355 3681 4427 σκυθρωποτέρας
3743 4360 3978 4430 τύχηςή

2404 4444 2610 4509 γραφή.
2654 4440 2712 4494 Ὀ
2745 4443 3011 4511 δυστυχὴς
3036 4445 3251 4514 πρῶτος
3275 4447 3416 4498 ἔστω
3444 4449 3646 4517 πατὴρ,
3693 4450 3880 4519 φέρων
3905 4453 3984 4514 είς

733 4515 889 4594 sitate
908 4538 1112 4601 victus;
1137 4538 1377 4589 imitetur
1403 4537 1596 4602 pictor,
1622 4536 1793 4602 quoad
1819 4535 1934 4602 ejus
1956 4534 2069 4587 fieri
2096 4544 2292 4602 potest,

2415 4530 2498 4599 τὴν
2529 4532 2761 4601 ἐρημίαν
2787 4534 2907 4595 ταῖς
2939 4534 3133 4586 ἑαυτοῦ
3169 4537 3327 4603 χερσὶ
3364 4537 3423 4588 τὸ
3459 4515 3681 4607 βρέφος,
3715 4515 3983 4610 ὀδυρόμε-

732 4645 1035 4684 sermonem
1059 4628 1391 4698 gemebundo
1414 4627 1584 4691 vultu,
1612 4635 1669 4679 ut
1697 4640 1885 4681 omnes
1908 4641 2003 4693 per
2028 4629 2292 4695 picturam

734 4724 895 4775 verba
934 4720 1250 4788 intelligant.
1288 4717 1417 4771 Dein
1450 4718 1606 4786 pinge
1640 4717 1879 4785 insignes
1909 4717 2027 4771 illos
2055 4731 2289 4770 amores:

732 4809 1069 4879 potissimum
1114 4822 1239 4861 vero
1292 4806 1421 4858 nihil
1465 4807 1517 4859 in
1558 4806 1894 4873 depingendo
1943 4805 2049 4858 ﬁlio
2093 4816 2294 4859 temere

733 4904 929 4967 litigas,
960 4896 1044 4949 fac
1087 4898 1231 4949 illum
1276 4896 1508 4956 tardum,
1555 4910 1678 4947 mox
1722 4910 1829 4947 rem
1864 4896 2286 4963 aggredientem,

732 4998 1104 5057 respuentem,
1163 4987 1342 5039 animo
1385 4985 1773 5053 perturbatum,
1817 4995 1960 5039 metu
1991 4995 2169 5039 autem
2201 5000 2293 5040 co-

732 5088 930 5139 actum,
962 5076 1310 5146 refugientem
1340 5075 1683 5138 adulterium,
1718 5076 1949 5130 nondum
1986 5077 2290 5145 intelligen-

733 5179 876 5229 tem,
914 5167 1035 5233 quia
1080 5178 1109 5217 a
1154 5174 1325 5217 matre
1377 5164 1601 5233 COgitur.
1651 5163 1767 5216 Stet
1812 5174 1865 5217 et
1922 5165 2048 5217 alibi
2104 5166 2288 5218 infe-liv

731 5269 885 5315 anus,
932 5263 985 5307 et
1019 5266 1171 5316 eam,
1209 5251 1253 5305 si
1291 5251 1443 5316 libet,
1483 5266 1668 5305 amore
1712 5265 2015 5321 correptam
2047 5254 2290 5307 describe

728 5344 839 5407 jam
869 5357 1139 5411 rugosam,
1172 5351 1224 5395 et
1256 5340 1497 5394 crinibus
1533 5357 1747 5404 canam,
1783 5350 1837 5393 ut
1884 5343 1957 5394 rei
1998 5344 2288 5396 novitatem

2405 4637 2491 4683 νος
2538 4621 2633 4691 τὴν
2664 4623 2852 4691 τύχην,
2908 4622 3119 4690 θρηνῶν
3149 4624 3245 4694 τὴν
3280 4628 3582 4697 συμφοράν,
3624 4627 3806 4692 ἐξιὼν,
3853 4631 3984 4681 ἀνα-

2406 4710 2670 4780 στρέφων,
2711 4712 2896 4776 τιθεὶς,
2925 4714 3338 4784 ἀναιρούμενος,
3384 4716 3545 4767 εἴκων
3668 4719 3852 4783 φύσει,
3882 4718 3983 4785 τῆς

2401 4802 2644 4870 ἀνάγκης
2689 4801 2847 4854 πάλιν
2896 4803 3231 4872 ἡττώμενος.
3260 4805 3608 4873 Μιμησάσθω
3638 4807 3731 4857 καὶ
3764 4806 3981 4873 λόγους,

2401 4892 2448 4939 εἰ
2479 4889 2702 4940 δυνατὸν
2730 4892 2803 4959 ,ἡ
2847 4891 3033 4959 γραφὴ
3095 4891 3181 4943 διὰ
3216 4892 3509 4962 προσώπου
3560 4894 3978 4961 στυγνάζοντος,

2399 4983 2492 5033 καὶ
2524 4982 2628 5041 πᾶ;
2657 4998 2738 5043 τις
2766 4983 2873 5033 τῶν
2916 4984 3175 5052 ῥημάτων
3208 4985 3495 5038 ἀκουσάτω
3522 4984 3609 5037 διὰ
3641 4985 3733 5037 τοῦ
3761 4989 3863 5057 σχή
3876 5007 3981 5054 μα-

2396 5088 2504 5132 τος.
2544 5071 2725 5140 Γράφε
2764 5073 2900 5139 μετὰ
2925 5073 3080 5123 τοῦτο
3106 5090 3230 5135 τους
3269 5073 3470 5136 καλοὺς
3510 5075 3741 5142 ἔρωτας,
3778 5077 3981 5145 μᾶλλον

2396 5161 2448 5211 δὲ
2477 5162 2548 5230 μὴ
2578 5161 2893 5231 καταψεύσῃ
2950 5180 3050 5231 μου
3100 5167 3197 5216 κάν
3246 5167 3310 5233 τῇ
3360 5169 3541 5234 γραφῇ
3598 5165 3692 5217 τοῦ
3749 5168 3976 5228 παιδός·

2397 5252 2618 5319 ποίησον
2675 5251 2951 5317 ὀκνοῦντα,
3025 5254 3313 5322 μέλλοντα,
3368 5255 3648 5323 χωροῦντα
3710 5257 3842 5324 πρὸς
3880 5260 3979 5325 τὴν

2403 5348 2618 5415 πρᾶξιν,
2668 5348 3044 5417 ἀναδυόμενον,
3105 5349 3417 5416 ίλιγγιῶντα
3461 5350 3559 5417 μὲν
3594 5352 3656 5419 τῇ
3696 5350 3867 5420 ψυχῇ,
3901 5352 3979 5421 τῷ

1958 5501 2187 5556 ΥΛΙὶΙᾹύ
2249 5503 2645 5557 LECTIONES.

830 5622 874 5691 ν
910 5622 1016 5691 ιμὴ
1050 5624 1167 5677 add.
1204 5625 1267 5677 Α.
1338 5623 1381 5653 ιο
1407 5621 1499 5673 και
1536 5627 1659 5691 ante
1679 5617 1947 5691 λέγε,οηιο
1980 5618 2044 5671 Α·

736 5689 854 5743 libri
906 5684 1100 5759 γράφε.
1181 5695 1225 5721 ⁸⁸
1287 5691 1525 5758 πλουσίῳ
1550 5688 1627 5741 A:
1657 5684 1881 5754 πλησίον
1911 5702 1971 5747 ς.

2122 5618 2165 5649 ⁸⁸
2189 5618 2405 5687 γλῶσσα
2435 5638 2493 5683 ς.

2069 5690 2112 5720 ⁵⁸
2146 5688 2264 5741 libri
2322 5690 2512 5755 ποινῆς
2545 5688 2842 5758 λειμώνων,
2922 5693 2967 5725 ⁸⁸
3013 5688 3172 5761 χεῖρα
3198 5694 3237 5745 Α
3261 5696 3467 5764 ιχρείαν
3502 5713 3559 5757 ς.

2569 5622 2613 5652 ιι
2638 5622 2777 5697 τςιχα
2803 5632 3032 5697 postea:
3062 5626 3221 5697 ponit,
3262 5642 3321 5689 ς,
3358 5641 3469 5697 om.
3526 5628 3587 5679 B-
3691 5628 3737 5660 “
3762 5626 3975 5697 γραφῇ]
