4206 6436
737 404 869 471 1331

1829 410 2091 472 PHO’I‘II
2118 410 2624 472 PATRIARCHE
2646 411 2751 471 ΟΡ.

3846 391 3991 457 1332

722 521 930 590 copias.
959 534 1101 575 nunc
1133 536 1182 574 ιιι
1213 535 1383 577 sonent
1412 521 1588 592 iacula
1616 564 1630 588 ,
1664 523 1717 579 in
1750 524 1944 580 fluctus
1976 527 2138 597 flagra
2172 526 2299 579 mit-

2417 543 2501 589 σας
2530 526 2875 594 φαινόμενος,
2911 521 3006 575 νῦν
3043 519 3141 591 μέν
3167 517 3256 572 ἐπὶ
3286 518 3384 588 τῆς
3410 512 3645 585 ἠπείρου
3666 510 3736 564 τά
3768 510 3984 579 θαύμα-

725 614 815 667 tis.
851 612 1002 666 Mons
1042 612 1293 682 procellis
1331 614 1570 681 agitatus
1600 617 1907 683 navigatur,
1936 615 2130 669 fretum
2158 618 2295 670 inte-

723 719 876 773 grum
904 712 1067 773 ponte
1094 705 1389 758 commisso
1425 706 1652 772 pedibus
1698 705 1989 771 trajicitur.
2029 706 2133 760 Per
2175 723 2293 761 me-

722 796 869 849 dium
899 796 1074 849 Athon
1113 797 1369 863 navigant
1397 797 1670 861 triremes,
1696 797 1745 848 in
1785 795 2037 851 fluctibus
2069 813 2295 849 curren-

727 894 831 936 tem
877 882 1151 938 Medorum
1195 886 1327 938 vidit
1372 886 1670 955 equitatum
1725 885 2130 954 Hellespontus.
2164 887 2298 940 Tre-

728 974 867 1027 centi
936 974 1189 1043 Spartani
1242 987 1399 1029 erant
1454 979 1693 1042 milites,
1752 978 2045 1032 auxiliares
2096 980 2295 1048 cupiat.

728 1068 919 1136 reliqui
966 1083 1093 1122 vero
1139 1070 1474 1123 diversarum
1518 1082 1673 1125 erant
1717 1071 1977 1140 gentium.
2029 1070 2302 1126 Scivimus

729 1160 927 1213 bellum
964 1161 1321 1226 periculosius
1350 1162 1515 1231 priori
1545 1173 1595 1217 te
1625 1162 1911 1229 conflasse,
1948 1180 2054 1217 non
2085 1162 2231 1217 mille
2250 1172 2303 1215 et

730 1261 1002 1306 trecentas
1034 1253 1100 1306 ad
1152 1254 1338 1307 urbem
1386 1255 1636 1311 triremes
1687 1257 1939 1318 adducis,
1973 1270 2072 1311 nec
2106 1255 2303 1309 fluctus

730 1355 869 1396 terra
896 1346 1032 1412 tegis
1060 1346 1393 1408 continente,
1442 1362 1617 1416 neque
1650 1358 1849 1401 terram
1886 1349 2152 1401 militibus
2202 1360 2301 1399 an-

728 1446 939 1500 gustam
1000 1437 1106 1488 tuis
1141 1438 1343 1503 reddis,
1384 1447 1437 1491 et
1468 1426 1731 1492 elementa
1765 1450 1853 1492 tuo
1877 1438 1994 1491 usui
2030 1440 2147 1491 loco
2188 1452 2304 1491 mo-

730 1524 838 1575 veri
863 1525 1035 1592 cogis.
1075 1524 1279 1578 Novisti
1316 1526 1459 1579 enim
1495 1542 1581 1581 me
1613 1529 1696 1581 his
1731 1529 1985 1581 omnibus
2017 1528 2301 1582 fortiorem

727 1616 1020 1668 exstitisse.
1056 1614 1325 1684 Babylone
1357 1618 1539 1681 copias
1558 1618 1835 1671 adducens
1866 1618 2065 1688 361a
2114 1619 2302 1675 urbem

729 1720 1030 1774 oppugnas,
1076 1717 1127 1758 et
1157 1722 1251 1775 per
1282 1723 1561 1777 praecones
1597 1725 1695 1764 nos
1726 1711 1994 1763 machinis
2026 1713 2132 1763 tuis
2174 1712 2307 1765 ado-

732 1795 878 1859 riris,
911 1805 965 1849 et
993 1796 1240 1865 gloriam,
1284 1799 1613 1867 praecipuum
1649 1799 1957 1866 reipubliezn
1987 1809 2185 1854 nostrae
2218 1815 2308 1853 or-

732 1896 1042 1938 namentum
1091 1888 1453 1956 legationibus
1501 1888 1816 1957 perfringis,
1844 1905 1949 1945 non
1980 1899 2162 1943 autem
2195 1899 2304 1946 tro-

732 1977 861 2041 pmis
917 1986 1056 2031 terra
1104 1981 1351 2047 marique
1387 1981 1617 2044 erectis,
1680 1982 1899 2048 haecque
1956 1980 2200 2037 beneficii
2250 1990 2307 2037 et

732 2069 921 2135 gratiae
949 2072 1165 2125 nomine
1198 2071 1454 2139 appellas.
1488 2072 1542 2124 Si
1578 2073 1661 2123 illa
1700 2072 1985 2126 scribenda
2022 2074 2307 2130 existime-

736 2161 836 2222 tis,
890 2174 1008 2227 quas
1056 2162 1305 2214 manibus
1352 2162 1596 2215 facienda
1644 2173 1765 2215 sunt
1794 2201 1809 2226 ,
1855 2172 1908 2215 at
1940 2179 2059 2232 qua:
2100 2166 2307 2235 scripta

732 2259 859 2303 sunt
909 2266 1012 2303 non
1054 2251 1322 2317 facienda,
1367 2262 1425 2307 ut
1475 2253 1710 2307 illustres
1756 2255 1951 2309 vestris
2000 2258 2309 2325 appareatis

732 2343 982 2404 decretis,
1026 2342 1186 2398 fat-tis
1223 2356 1403 2399 autem
1443 2345 1750 2401 dissimiles.
1790 2346 1933 2401 Bene
1988 2349 2170 2403 liabet.
2209 2348 2307 2403 llic

733 2433 961 2486 consilio
984 2435 1255 2501 egregius,
1283 2437 1452 2504 gestis
1486 2452 1589 2489 non
1618 2438 1687 2489 ita
1712 2437 2004 2501 excellens,
2036 2453 2311 2505 nunquam

736 2523 1036 2587 perfectam
1071 2525 1284 2579 laudem
1336 2529 1650 2593 reportavit,
1689 2530 1781 2581 sed
1820 2544 2037 2597 semper
2062 2545 2184 2582 eum
2216 2545 2315 2583 cx-

735 2614 988 2681 ceptione
1032 2614 1280 2668 laudatus
1307 2627 1408 2669 est.
1438 2616 1570 2669 Nam
1602 2619 1762 2671 finem
1788 2633 1995 2680 omnes,
2030 2627 2086 2670 ttt
2134 2619 2313 2673 consi—

739 2704 869 2755 liutn
906 2703 1267 2770 admirentur,
1321 2716 1663 2773 exspectant.
1706 2706 1807 2761 llic
1858 2716 2039 2762 autem
2082 2723 2113 2762 a
2152 2710 2315 2764 rebus

737 2795 1165 2862 experimentum
1192 2798 1411 2863 capiens
1434 2799 1502 2851 ob
1535 2799 1647 2852 lure
1674 2809 1930 2867 utraque,
1970 2815 2088 2868 qua:
2111 2802 2313 2867 optime

738 2896 914 2950 tenet,
961 2888 1255 2954 suspicitur
1293 2907 1305 2943 :
1344 2890 1413 2943 ob
1472 2890 1793 2944 sententiam
1841 2906 1959 2943 cum
2006 2891 2311 2961 iudicavit:

739 2976 860 3028 dein
889 2977 959 3030 ob
987 2976 1189 3031 factunt
1214 2994 1335 3032 cum
1362 2980 1581 3032 decreta
1612 2978 1769 3034 factis
1802 2995 1906 3033 non
1932 2983 2204 3052 coarguit.

2398 634 2487 679 τα,
2532 617 2627 669 νῦν
2671 617 2727 669 δέ
2774 614 3097 683 μεταφέρων
3142 611 3241 681 τὴν
3281 606 3685 678 μεγαλουργίαν
3734 601 3828 655 ἐπὶ
3879 602 3993 666 τὴν

2399 706 2693 769 θάλατταν,
2747 704 2841 757 καὶ
2892 701 2985 755 νῦν
3038 700 3136 771 μὲν
3203 696 3461 765 ἐπαφιεὶς
3486 698 3599 756 τοῖς
3628 691 3896 760 ποταμοῖς
3922 689 3993 739 τὸ

2400 798 2736 867 στράτευμα,
2791 794 2886 848 νῦν
2922 794 2978 846 δέ
3010 793 3146 863 ἡλίῳ
3183 790 3252 843 τά
3298 789 3448 858 βέλη,
3501 786 3596 838 νῦν
3624 785 3681 838 δέ
3716 782 3793 850 τῷ
3822 779 3993 852 ῥοθίῳ

2399 892 2497 950 τὰς
2550 889 2842 957 μάστιγας.
2876 887 3041 957 Ὄρος
3086 883 3365 937 ἐπλεῖτο⁸⁹
3411 878 3841 950 χειμαζόμενον,
3892 872 3993 924 καὶ

2400 980 2648 1048 πορθμὸς
2705 979 2823 1039 ὅλος
2871 973 3214 1045 γεφυρωθεὶς
3282 970 3605 1036 ἐπεζεύετοο
3661 965 3842 1027 ’Λθως
3899 962 3991 1015 διὰ

2403 1075 2571 1142 μέσου
2616 1071 2863 1141 τριήρεις
2910 1068 3147 1137 ἔπεμπε,
3193 1067 3285 1119 καὶ
3323 1065 3422 1134 τὴν
3485 1062 3653 1113 ἵππον
3700 1058 3843 1126 ὺπέρ
3893 1054 3991 1108 τοῦ

2406 1165 2586 1235 ῥοθίου
2633 1163 2864 1217 θέουσαν
2929 1160 3028 1229 τὴν
3100 1158 3352 1228 Μηδικὴν
3420 1153 3838 1220 Ἑλλήσποντος.
3893 1145 3991 1207 Εἰς

2401 1258 2749 1329 τριακοσίους
2808 1251 2877 1326 ἦν
2918 1254 3146 1315 ὁπλίτας
3202 1251 3264 1303 τὸ
3328 1250 3481 1318 παρὰ
3534 1240 3995 1339 Astabat-pavidi;

2403 1327 2617 1417 ὄφελος,
2667 1346 2717 1397 οἱ
2779 1344 2835 1396 δὲ
2876 1343 3055 1395 λοιποὶ
3098 1341 3242 1410 τύχῃ
3300 1338 3361 1390 τὸ
3399 1336 3558 1402 γένος
3601 1329 3880 1401 ἐμέριζον.
3918 1327 3992 1377 Οὐ

2403 1438 2639 1509 λέληθας
2694 1437 2843 1505 ἡμᾶς
2876 1434 3034 1489 ἄλλον
3063 1433 3363 1501 δεινότερον
3380 1429 3423 1458 ⁸⁰
3464 1426 3688 1491 ἐπάγων
3726 1420 3820 1472 τοῦ
3855 1434 3993 1487 προσ

2405 1530 2569 1599 τέρου
2606 1527 2863 1595 πόλεμον.
2902 1524 3099 1577 Οὐκέτι
3121 1522 3297 1591 χιλίας
3328 1518 3424 1571 καὶ
3454 1513 3734 1574 διακοσίας
3767 1512 3810 1542 ⁶¹
3843 1510 3996 1579 τριή-

2412 1634 2525 1687 ρεις
2560 1617 2787 1684 πληροῖς
2844 1614 2985 1667 κατὰ
3030 1613 3130 1682 τῆς
3172 1610 3402 1673 πόλεως,
3440 1606 3561 1659 οὐδὲ
3615 1600 3998 1669 ἀποκρύπτεις

2408 1708 2623 1777 ἠπείρῳ
2662 1707 2723 1758 τὸ
2792 1706 3005 1777 ῥόθιον,
3059 1703 3181 1755 οὐδὲ
3226 1699 3581 1768 στενοχωρεῖς
3632 1693 3997 1765 στρατιώταις

2409 1796 2507 1868 τὴν
2558 1797 2824 1867 ήπειρον,
2878 1794 3001 1847 οὐδὲ
3055 1791 3132 1845 τά
3175 1794 3416 1860 στοιχεῖα
3459 1788 3595 1859 προς
3644 1786 3747 1854 τὴν
3798 1781 3997 1836 σαυτοῦ

2410 1888 2600 1958 χρείαν
2625 1885 3061 1953 καταναγκάζεις
3093 1881 3617 1953 μετασκευάζεσθαιο
3644 1875 3851 1940 οῖδας⁵¹
3893 1875 4000 1943 γὰρ

2412 1982 2489 2044 ὡς
2512 1979 2732 2034 πάντων
2750 1978 2972 2030 ἐκείνων
2988 1975 3113 2047 [587
3138 1973 3232 2046 ιι]
3252 1974 3517 2043 κρείττων
3536 1970 3805 2039 ἐγενόμην
3829 1966 4000 2038 μαχό-

2419 2088 2603 2141 μενος.
2646 2068 2779 2121 Ἀπὸ
2802 2066 3118 2129 Βαϐυλῶνος
3146 2064 3506 2130 προσϐάλλεις
3525 2063 3570 2094 ⁸³
3598 2064 3665 2130 τῇ
3690 2059 3868 2122 πόλει,
3908 2057 4000 2109 καὶ

2414 2162 2501 2215 διὰ
2526 2160 2632 2214 τῶν
2655 2158 2912 2229 κηρύκων
2940 2158 3069 2228 ἡμῖν
3093 2156 3321 2227 ἐφιστᾷς
3349 2153 3720 2225 μηχανήματα
3753 2150 3852 2202 καὶ
3884 2150 4001 2209 ταῖς

2416 2252 2732 2323 πρεσὸείαις
2780 2250 3080 2321 διορύττεις
3112 2249 3213 2319 τὴν
3251 2248 3349 2301 ἐπὶ
3374 2246 3483 2299 τῶν
3512 2242 3818 2298 καλλίστων
3848 2239 4001 2308 φιλο-

2414 2344 2605 2414 τιμίαν
2635 2342 2735 2412 τῆς
2782 2342 2987 2405 πόλεως
3010 2340 3077 2404 ⁸⁸,
3137 2341 3230 2393 καὶ
3258 2337 3431 2392 ταῦτα
3484 2335 3691 2406 δωρεὰς
3715 2332 4003 2401 ὀνομάζεις

2412 2437 2508 2489 καὶ
2545 2435 2798 2504 χάριτας.
2832 2434 2923 2504 Μὴ
2952 2433 3087 2503 πρὸς
3123 2430 3404 2501 τροπαίων
3437 2428 3524 2480 διὰ
3553 2430 3654 2495 γῆς
3685 2424 3778 2477 καὶ
3806 2422 4004 2475 θαλάτο

2411 2543 2507 2595 της
2530 2527 2574 2557 ⁸⁸
2598 2525 3005 2595 ἐγηγερμένωνί
3032 2524 3094 2577 Ei
3124 2524 3170 2555 "
3201 2522 3301 2590 μὲν
3356 2519 3449 2574 οὖν
3495 2517 3672 2572 οίεσθε
3711 2517 3823 2569 δεῖν
3843 2513 4007 2583 ,γρά-

2420 2634 2543 2685 φειν
2571 2616 2672 2686 μέν
2700 2617 2736 2671 ἃ
2759 2617 2862 2687 χρὴ
2895 2617 3089 2678 ποιεῖν,
3113 2615 3150 2668 ἀ
3180 2614 3224 2665 δ’
3244 2613 3311 2666 ἂν
3338 2610 3589 2682 γράψητε
3618 2608 3663 2638 "
3696 2607 3770 2677 μὴ
3808 2607 4003 2666 ποιεῖν,

2421 2713 2515 2764 καί
2547 2711 2791 2781 λαμπροὶ
2837 2710 2937 2780 μὲν
2965 2710 3058 2762 ἐπὶ
3090 2709 3198 2761 τῶν
3225 2706 3593 2777 ψηφισμάτων
3634 2700 4007 2771 φαίνεσθιι⁶⁸.

2422 2803 2510 2855 διὰ
2536 2803 2593 2855 δὲ
2639 2802 2750 2855 τῶν
2779 2801 2957 2872 ἔργων
3003 2802 3102 2871 οὐχ
3146 2802 3359 2871 ὅμοιοι,
3388 2796 3571 2859 καλῶς
3615 2795 3750 2864 ἔχει.
3820 2793 3877 2845 Ὁ
3915 2791 4009 2862 μὲν

2422 2895 2531 2965 γὰρ
2558 2897 2616 2947 ἐν
2640 2894 2720 2965 τῷ
2750 2894 3095 2963 βουλεύεσθαί
3120 2910 3173 2945 τι
3196 2891 3470 2960 λαμπρός,
3495 2887 3573 2956 τῷ
3614 2887 3688 2956 μή
3717 2904 3806 2938 πω
3853 2882 4011 2952 δῆλος

2422 2980 2619 3037 siut"
2650 2986 2731 3037 ὅτι
2789 2986 2884 3036 καὶ
2916 2984 3172 3052 πράξειεν
3194 2984 3263 3045 τ⁶,
3296 2980 3449 3033 οὔπω
3478 2976 3731 3046 καθαρῶς
3788 2974 3891 3044 τὴν
3924 2973 4013 3024 εὐ-

739 3066 949 3134 φημίαν
1008 3068 1313 3137 κομίζεται,
1345 3070 1459 3121 ἀλλ’
1482 3070 1559 3122 ἔτι
1589 3071 1726 3139 πρὸς
1771 3072 1897 3134 τοὺς
1928 3074 2185 3137 ἐπαίνους
2218 3074 2518 3151 ἀμφίϐολος
2543 3092 2556 3105 ·
2594 3077 2949 3147 περιμένουσι
2976 3078 3084 3146 γὰρ
3107 3074 3169 3127 τὸ
3197 3074 3351 3135 τέλος
3410 3072 3648 3131 ἅπαντες
3676 3108 3693 3132 ,
3764 3068 3855 3119 ῖνα
3916 3063 4012 3133 τὴν

738 3155 964 3225 γνώμην
992 3155 1367 3227 θαυμάσωσιν.
1415 3159 1471 3211 '0
1503 3159 1547 3211 δ’
1574 3156 1655 3223 οἷς
1691 3161 1832 3229 ἔγνω
1860 3163 2039 3225 καλῶς
2112 3166 2208 3218 καὶ
2254 3166 2353 3237 τὴν
2389 3148 2511 3220 ἀπὸν
2550 3169 2657 3221 τῶν
2728 3168 2905 3239 ἔργων
2954 3170 3149 3236 πεῖραν
3205 3165 3481 3234 ἐλόμενος.
3542 3161 3631 3214 ἐπ’
3677 3158 4012 3230 ἀμφοτέροις

741 3248 1099 3317 θαυμάζεται,
1150 3250 1249 3320 τὴν
1303 3250 1400 3320 μὲν
1456 3250 1699 3323 γνώμην,
1756 3249 1837 3318 οἷς
1902 3255 2103 3325 ἔκρινε,
2138 3258 2324 3326 τὴνδέ
2364 3259 2645 3329 πρᾶξιντί,
2680 3254 2762 3323 οἷς
2795 3259 2894 3311 οὐκ
2949 3256 3145 3329 ήλεγξε
3178 3257 3245 3309 τὰ
3286 3254 3631 3326 ψηφισθέντα
3692 3254 3809 3314 τοῖς
3872 3251 4012 3321 ττρά-

742 3355 969 3407 γμασιν.

818 3432 1076 3486 Libenter
1110 3444 1291 3487 autem
1333 3448 1426 3489 eos
1448 3434 1537 3505 qui
1565 3438 1969 3504 contradicunt,
2005 3440 2316 3512 interroga-
2345 3446 2388 3505 (ι

745 3521 869 3587 rint,
906 3533 1109 3587 utrum,
1142 3539 1264 3577 cum
1299 3524 1494 3578 bellum
1526 3530 2072 3597 confirmaveramus,
2100 3542 2289 3587 contra
2311 3564 2323 3574 -

744 3611 979 3664 dixerint
1008 3652 1023 3675 ,
1062 3628 1127 3665 an
1156 3614 1394 3681 quietem
1436 3629 1684 3672 amantes
1716 3620 2023 3673 consentire
2052 3636 2172 3675 cum
2194 3638 2325 3677 cou-

746 3704 1074 3759 sultantibus
1136 3706 1339 3774 dignati
1393 3708 1521 3761 sint.
1579 3709 1635 3763 Si
1684 3725 1787 3763 non
1844 3714 2320 3779 contradixerint,

748 3808 853 3848 n0n
888 3795 1046 3849 modo
1071 3796 1248 3860 nobis,
1279 3812 1464 3852 verum
1500 3800 1662 3853 etiam
1702 3802 1802 3853 sibi
1839 3802 1968 3871 ipsis
2022 3818 2324 3872 repugnan-

750 3887 818 3938 tia
856 3885 1035 3941 fzcere
1060 3889 1333 3953 videntur,
1362 3890 1445 3945 bis
1483 3907 1577 3946 eos
1613 3908 1871 3948 accusare
1905 3895 2162 3961 nitentes,
2185 3912 2323 3964 quos

747 3978 803 4030 in
848 3977 1110 4043 judicium
1142 3993 1337 4033 vocare
1366 3990 1693 4046 statuentes,
1749 3984 1873 4035 dum
1928 3998 2014 4038 res
2054 4000 2324 4055 prospera:

749 4078 955 4135 essent,
993 4071 1267 4125 silentium
1317 4073 1664 4127 itnluxcruat.
1700 4074 1882 4142 Neque
1922 4076 2064 4129 enim
2096 4092 2125 4130 e
2158 4093 2325 4147 pravo

750 4158 965 4227 ingenio
990 4160 1221 4215 libentes
1253 4176 1310 4215 se
1338 4163 1621 4217 utilitatem
1658 4167 1971 4221 occultasse
2000 4167 2200 4221 dicent.
2224 4166 2326 4223 Ve-

751 4264 869 4301 rum
909 4251 952 4303 si
995 4252 1432 4306 contradicentes
1486 4269 1649 4308 causa
1686 4256 2005 4323 ceciderint,
2051 4260 2326 4327 quomodo

750 4354 856 4392 non
896 4340 1123 4407 ignaviae
1169 4342 1265 4405 rei,
1305 4343 1419 4397 bace
1464 4344 1658 4396 iterum
1710 4348 2089 4414 aggredientcs
2118 4349 2325 4415 dicere,

750 4445 870 4495 qtae
900 4432 1049 4497 prius
1087 4432 1179 4499 qui
1212 4433 1327 4484 ausi
1359 4443 1504 4496 sunt,
1541 4435 1774 4489 minores
1799 4450 1921 4490 esse
1951 4439 2327 4492 contradicen-

754 4522 897 4573 tibus
926 4522 1160 4575 convicti
1192 4523 1364 4575 sunt?
1400 4522 1454 4577 Si
1497 4541 1626 4579 vero
1662 4528 2031 4589 dissolvimus,
2078 4545 2197 4596 qua:
2230 4530 2325 4583 de-

751 4614 1041 4675 crevimus,
1075 4629 1181 4665 non
1229 4614 1331 4667 erit
1371 4615 1557 4685 utique
1588 4619 1901 4681 obscurum,
1935 4636 2030 4673 nos
2055 4630 2109 4672 et
2148 4621 2328 4674 nimia;

756 4702 1030 4756 facilitatis
1064 4704 1223 4755 simul
1274 4713 1329 4757 et
1379 4707 1705 4759 temeritatis
1744 4708 1953 4760 crimen
2002 4707 2323 4764 subituros:

2506 3439 2705 3501 Ἡδέως
2734 3436 2779 3489 δ’
2800 3435 2866 3488 ἂν
2900 3434 3131 3504 ἐροίμην
3158 3436 3283 3495 τοὺς
3332 3432 3739 3499 ἀντιλέγοντας,
3782 3434 4013 3504 πότερον

2425 3534 2676 3587 ἀντεῖπον
2723 3528 2886 3599 ἡνίκα
2915 3526 3221 3597 ἐκυροῦμεν
3268 3524 3359 3577 τὸν
3390 3524 3646 3593 πόλεμον,
3669 3524 3703 3593 ῆ
3732 3523 3834 3595 τὴν
3885 3526 4009 3594 ﬂag.

2424 3622 2547 3690 χίαν
2604 3619 2828 3687 ἄγοντες
2879 3615 3046 3668 εἴκειν
3102 3612 3290 3683 ἠξίουν
3338 3614 3453 3675 τοῖς
3514 3612 4011 3682 συμϐουλεύουσινς

2427 3712 2489 3764 Εἰ
2522 3712 2619 3782 μὲν
2676 3709 2784 3777 γάρ
2824 3708 2925 3761 οὐκ
2973 3706 3245 3771 ἀντεῖπον,
3272 3706 3367 3775 οὐχ
3401 3708 3531 3774 ἡμῖν
3561 3707 3720 3775 μόνον
3753 3706 3894 3757 ἀλλὰ
3927 3708 4015 3757 καί

2428 3805 2608 3872 σφίσιν
2666 3802 2847 3861 αὐτοῖς
2917 3798 3178 3850 τάναντία
3252 3798 3579 3867 πράττοντες
3603 3798 3649 3827 ⁷⁸
3708 3798 4014 3865 φαίνονται,

2423 3895 2633 3956 τούτοις
2712 3890 2965 3958 ἐγκαλεῖν
3029 3888 3439 3952 σπουδάζοντες,
3493 3882 3575 3951 οἷς
3622 3887 3698 3950 ὡς
3749 3888 4019 3939 κάλλιστα

2426 3986 2611 4055 ἔχουσι
2669 3981 2883 4051 σιωπὴν
2939 3978 3300 4048 ἐπεφήμιζον.
3343 3979 3418 4031 Οὐ
3451 3978 3558 4046 γάρ
3588 3994 3691 4029 που
3728 3976 4018 4047 δυσνοίᾳ.⁷³

2428 4094 2492 4145 γε
2548 4075 2780 4145 φήσουσι
2831 4072 2891 4124 τὸ
2934 4070 3213 4140 συμφέρον
3268 4068 3490 4130 ἑκόντες
3560 4066 4016 4137 ἀποκρύψασθαι.

2442 4165 2602 4218 Ἀλλά
2629 4164 2737 4233 μὴν
2762 4161 2877 4229 εἴγε
2929 4160 3279 4222 ἀντειπόντες
3334 4159 3671 4228 ἡττήθησαν,
3739 4159 3864 4219 πῶς
3921 4158 4019 4210 οὐκ

2426 4255 2701 4316 ἀναιδείας
2722 4254 2768 4285 ⁷⁵
2806 4250 3097 4305 ὑπεύθυνοι
3124 4251 3194 4304 τά
3218 4249 3361 4303 αὑτά
3399 4249 3578 4317 λέγειν
3607 4248 4019 4319 ἐπιχειροῦντες

2428 4347 2697 4415 δεύτερον,
2720 4346 2755 4398 ἃ
2782 4343 3016 4413 πρόσθεν
3051 4342 3225 4393 εἰπεῖν
3246 4341 3614 4411 τολμήσαντες
3644 4339 3847 4408 ἥττους
3878 4334 4016 4391 εἶναι

2429 4438 2535 4490 τῶν
2568 4435 2952 4501 ἀντιλεγόντων
2974 4431 3352 4501 ἠλέγχθησαν;
3378 4430 3473 4482 καὶ
3506 4429 3611 4498 μὴν
3643 4427 3763 4495 εἴγε
3786 4428 4019 4497 λύσομεν

2435 4530 2469 4583 ἃ
2489 4548 2619 4581 κεκυ
2629 4527 2775 4596 ρώκα
2784 4544 2903 4595 μεν,
2930 4526 3029 4577 οὐκ
3048 4512 3240 4591 ἄδηλον
3260 4521 3528 4591 δήπουθεν
3556 4519 3631 4582 ὡς
3656 4520 3945 4588 εὐχερείας
3963 4535 4019 4571 τε

2433 4620 2567 4690 ὁμοῦ
2600 4621 2694 4672 καὶ
2744 4618 2997 4680 ἀϐουλίας
3030 4616 3231 4678 ὄνειδος
3261 4614 3479 4683 ἕξομεν,
3510 4612 3771 4673 ἀϐουλίας
3818 4613 3921 4682 μέν
3951 4612 4021 4674 ὡς

2437 4718 2496 4767 ἐν
2543 4715 2684 4783 ἀρχῇ
2735 4712 2851 4764 δέον
2906 4711 3085 4780 εὑρεῖν
3130 4710 3191 4761 τὸ
3247 4707 3525 4777 συμφέρον
3557 4707 4020 4776 ἀδυνατήσαντες,

758 4794 1083 4849 temeritatis
1130 4796 1371 4862 quidem,
1407 4798 1547 4864 quod
1596 4798 1749 4851 initio
1782 4814 1901 4851 cum
1932 4808 2210 4867 oporteret
2250 4801 2323 4852 in-

2436 4803 2719 4873 εὺχερείας
2774 4801 2829 4852 δέ
2892 4801 2965 4862 ὼς
3009 4798 3102 4865 ἀφ’
3132 4792 3206 4850 ὧν
3245 4798 3538 4865 ἐκρίναμεν
3587 4794 3801 4863 ταχέως
3868 4790 4022 4857 αὖθις

754 4886 1025 4952 vestigare
1092 4885 1224 4938 utile
1273 4900 1415 4938 nunc
1450 4902 1555 4941 non
1591 4890 1862 4956 potuimus
1894 4907 1906 4940 :
1944 4891 2125 4943 nimim
2154 4888 2330 4944 facili-

760 4978 885 5031 tatis
908 4993 1028 5031 cum
1055 4993 1117 5032 ea
1148 4992 1268 5047 qua:
1291 4976 1633 5034 decrevimus
1660 4983 1870 5045 statim,
1906 4993 1959 5035 et
1991 4997 2055 5034 ex
2091 4992 2332 5049 tempore

758 5071 1236 5126 commutavimus.
1283 5072 1532 5126 Nondum
1590 5072 1885 5124 maximum
1926 5074 2131 5126 crimen
2177 5074 2331 5138 dico,

2448 4894 2927 4965 μεταῦαλλόμενοι.
2965 4890 3077 4943 Καὶ
3109 4889 3262 4941 οὔπω
3300 4888 3442 4955 λέγω
3462 4886 3519 4938 τὸ
3543 4884 3727 4954 μεῖζον
3766 4884 4022 4953 ἔγκλημα

2442 4989 2526 5041 ὅτι
2579 4986 2672 5037 καὶ
2726 4982 2910 5051 χρείας
2946 4981 3239 5050 ἡττημένοι
3263 4978 3484 5046 δόξομεν
3507 4974 3709 5028 ἐθέλειν
3747 4974 3907 5044 ἡμῶν
3933 4974 4023 5025 αὐο

2434 5077 2543 5130 τῶν
2594 5072 3099 5143 καταψηφίζεσθαι·
3132 5072 3287 5138 ὅπερ,
3312 5067 3487 5137 οίμαι,
3526 5067 3619 5118 καὶ
3644 5063 4021 5133 ἀπαραίτητον

758 5159 885 5227 quia
927 5162 1233 5218 videbimur
1274 5165 1597 5218 necessitate
1637 5165 1761 5217 victi
1812 5166 1966 5217 nobis
2016 5166 2147 5234 ipsis
2199 5164 2323 5219 velle

2438 5170 2583 5220 ποιεῖ
2610 5166 2670 5218 τὸ
2694 5165 2964 5232 ἔγκλημα.
2997 5164 3063 5215 Ἀ
3094 5161 3201 5229 γὰρ
3230 5160 3324 5211 καὶ
3358 5160 3527 5228 χωρὶς
3559 5155 3818 5223 τοιαύτης
3844 5155 4021 5212 αἰτίας

763 5253 1064 5321 adversari,
1098 5257 1240 5323 quod
1274 5270 1407 5310 sane
1438 5256 1839 5309 inexcUsabiles
1870 5272 1965 5310 nos
1988 5258 2333 5313 reddit.Cum
2368 5329 2379 5347 ι

2444 5258 2543 5310 οὐκ
2568 5254 2790 5308 ἀνεκτὸν
2819 5252 3207 5323 ἡμαρτηκότας
3235 5246 3577 5317 ἐλέγχεσθαι,
3608 5242 3727 5305 πῶς
3756 5241 3857 5310 οὐχ
3876 5238 4019 5299 am:

2150 5399 2387 5457 VARLE
2448 5397 2847 5455 LECTIONES.

856 5516 900 5547 "
962 5511 1196 5583 ἐπλεῖτο]
1254 5512 1442 5565 ἔπειτα
1505 5513 1569 5565 Α.

774 5725 1000 5785 phautts.
1107 5725 1151 5753 ⁷⁸
1190 5723 1416 5790 πράξειν
1450 5721 1509 5775 C.

1616 5722 1659 5751 7‘
1716 5720 1912 5787 πρᾶξιν
1966 5720 2048 5775 At

775 5791 821 5820 ’δ
856 5792 1128 5855 ἀναιδείας
1165 5791 1411 5847 nciakiUs
1460 5807 1473 5843 :

1524 5790 1644 5843 libri
1680 5788 1744 5841 ἂν
1773 5790 1989 5851 δειλίας.

1673 5512 1717 5543 ⁸⁸
1779 5510 2253 5584 δεινότερονγρυει
2304 5516 2573 5584 προτέρου
2651 5512 2794 5577 ponit
2845 5510 2902 5563 Β.

838 5585 885 5617 ⁸³
910 5580 1235 5646 προσϐάλλει
1266 5586 1329 5640 Δ,
1358 5583 1449 5651 qui
1480 5592 1537 5652 et
1569 5596 1688 5634 mox
1726 5580 2073 5652 ἐφίστησι-
2099 5580 2365 5652 διορύττεὶ
2398 5617 2457 5626 -
2482 5580 2772 5651 όνομάζει.
2848 5582 2993 5652 {ﬁt
3029 5580 3181 5652 πόλει
3222 5596 3281 5652 ς.

769 5653 846 5733 Α.ε
883 5655 1005 5705 ἐπεὶ
1037 5670 1149 5733 ςκ,
1176 5654 1219 5684 ⁸⁷
1245 5648 1492 5733 metu:
1516 5651 1580 5716 Αν
1613 5652 1859 5733 redata
1894 5651 1933 5702 Β
1959 5648 2276 5733 amen?“
2313 5674 2371 5719 ς·
2453 5656 2500 5733 ῗῖ
2527 5648 2811 5733 ιξσίίνεσβαι
2842 5648 3390 5733 Αδοζε..φιιίνεσ9.ε,ς·

2106 5727 2257 5790 τάξιν
2291 5743 2349 5787 ς’.

3632 5499 3680 5531 ⁸⁸
3733 5492 3877 5557 εἶδες
3954 5496 4011 5547 Β.

3001 5511 3043 5541 ⁶¹
3092 5506 3406 5579 τριακοσίας
3463 5520 3523 5566 ς.
3632 5506 3680 5531 "
3733 5506 3877 5557 εἰδες
3902 5506 4011 5597 κω.

3029 5580 3181 5630 πόλει
3222 5596 3281 5630 ς.
3360 5576 3405 5606 ⁸⁸
3434 5573 3709 5630 θαλάσσης
3760 5570 3826 5620 Δ.
3966 5567 4013 5617 σί

3360 5576 3405 5606 ⁸³
3434 5573 3677 5637 θαλάσση

3467 5644 3511 5675 ⁸⁸
3540 5635 3678 5693 εἶναι
3721 5637 3846 5689 add.
3899 5635 4009 5685 Ste-

2457 5727 2501 5757 ⁷³
2533 5704 2951 5793 διαπράττοντες
2980 5704 3125 5776 libri.
3226 5719 3275 5757 ⁷³
3300 5704 3518 5783 δυσνοίᾳ.
3548 5711 3621 5765 Β;
3673 5704 3918 5765 δυσνοίας
3950 5717 4001 5765 ς’.
