4206 6436
251 461 390 525 1333

1277 458 1803 520 BIBLIOTHECA.
1842 480 1910 490 -·
1936 455 2097 516 COD.
2136 450 2438 516 CCXLIII.

3369 439 3501 506 1334

248 570 660 637 ἁσύγγνωστον,
682 570 808 625 ὅταν
834 568 929 623 καὶ
951 569 1237 639 λήμματος
1268 568 1315 639 μ
1335 568 1431 623 100
1456 567 1551 639 R.]
1576 568 1832 621 ἀλλάττε·
1859 564 1909 624 Α

1859 564 2096 635 Aigitur
2144 580 2248 619 non
2294 567 2362 619 sit
2400 560 2681 618 ferendum
2726 558 2806 615 eis
2854 558 2944 629 qui
2991 563 3305 628 pcccarunt,
3337 558 3500 611 etiam

254 661 381 712 σθαι
418 661 518 729 τὴν
571 659 786 723 ἀδοξίαν
813 659 1166 729 φαινώμεθα;
1204 660 1263 711 Εἰ
1293 659 1349 710 δέ
1372 676 1454 722 τις
1485 658 1593 711 τῶν
1611 657 1835 728 συμμά-

252 769 368 818 χων
406 752 504 817 τῆς
540 752 745 813 πόλεως
799 751 1011 820 δωρεὰν
1038 748 1187 819 παρά
1233 748 1497 817 βασιλέως
1544 747 1837 815 δεξάμενος

254 842 407 893 λύειν
465 842 738 909 ἐπεχείρει
784 841 845 894 τὸ
878 841 1051 910 δόγμα
1092 842 1191 909 τῆς
1246 839 1455 901 πόλεως
1484 838 1517 907 ἦ
1545 836 1836 891 καταλύειν

254 928 358 997 τὴν
420 930 735 998 συμμαχίαν
790 929 1109 999 ἐτόλμησεν,
1148 926 1238 998 ἆρ’
1290 928 1390 981 οὐκ
1414 929 1479 980 ἂν
1525 927 1837 997 ὠργίσθητε

255 1020 358 1070 καὶ
378 1021 531 1088 δίκην
561 1020 883 1089 ἀπῃτήσατε
913 1020 1063 1089 παρά
1086 1019 1194 1072 τῶν
1225 1021 1469 1088 ἀναιρεῖν
1495 1017 1838 1087 ἐπιχειρούν-

255 1127 370 1162 των
411 1112 447 1164 ἃ
482 1111 829 1180 κεκυρώκατε
853 1129 868 1177 ;
894 1110 1003 1179 ἐγὼ
1041 1113 1141 1181 μὲν
1180 1110 1423 1181 ἀκριϐῶς
1460 1107 1613 1179 οἶμαι
1635 1108 1702 1163 ⁷⁸.
1726 1103 1840 1161 Εἶθ’

259 1198 471 1267 ἑτέροις
488 1199 553 1251 ἀν
581 1217 632 1252 τι
656 1198 810 1252 λῦσαι
837 1200 944 1252 τῶν
966 1201 1245 1269 ὑμετέρων
1273 1200 1335 1253 οὐ
1363 1200 1839 1269 συγχωρήσαντες,

259 1288 415 1339 αὐτοὶ
455 1289 612 1341 τοῦτο
650 1289 929 1351 ποιοῦντες
949 1290 1296 1360 ὀφθήσεσθε;
1333 1290 1427 1344 καὶ⁵
1465 1289 1551 1357 ἐφ’
1567 1284 1652 1353 οἷς
1678 1290 1841 1344 ἄλλου

262 1380 574 1447 πράξαντος
618 1382 716 1432 οὐκ
739 1381 805 1434 ἂν
827 1381 1119 1450 ἠνέσχεσθε
1137 1382 1182 1413 ⁷⁸
1206 1382 1269 1433 τὸ
1304 1380 1381 1451 μὴ
1403 1380 1496 1432 καὶ
1521 1444 1527 1449 ἰ
1549 1381 1705 1441 δίκας
1729 1380 1844 1431 είσ-

262 1471 598 1542 πράξασθαι,
622 1472 794 1525 ταῦτα
822 1474 1035 1536 ἐκόντες
1057 1474 1209 1526 αὐτοὶ
1237 1472 1585 1543 πλημμελεῖν
1618 1471 1800 1538 δόξετε
1825 1489 1840 1538 ;

262 1564 361 1612 καὶ
393 1562 500 1630 μὴν
550 1560 761 1613 ἅπαντα
816 1567 915 1631 μὲν
947 1563 1270 1631 εὐλαϐητέον
1306 1562 1638 1633 ἐργάζεσθαι
1662 1563 1730 1616 τὰ
1753 1567 1845 1615 καὶ

259 1652 393 1705 ὄντα
421 1654 634 1722 πονηρὰ
681 1656 774 1705 καὶ
816 1655 1166 1724 νομιζόμενα,
1230 1657 1413 1708 ἐκεῖνα
1434 1655 1490 1707 δὲ
1530 1656 1734 1721 πλεῖον,
1770 1651 1846 1709 ὧν

261 1744 428 1805 αὑτός
466 1762 548 1805 τις
605 1746 815 1810 φθάσας
868 1746 1234 1813 κατέγνωκεν.
1298 1746 1412 1815 Ἐφ’
1474 1741 1557 1809 οἷς
1608 1747 1719 1817 γάρ
1763 1765 1847 1811 τις

261 1834 590 1899 ἀγανακτῶν
620 1834 692 1895 ὡς
731 1836 955 1903 φαύλοις
988 1837 1353 1890 ἐπιδείκνυται
1379 1877 1391 1899 ,
1422 1836 1553 1907 [588
1581 1837 1675 1909 IL]
1702 1840 1750 1891 εί
1778 1840 1845 1893 τὰ

1941 656 2151 709 sublato
2174 654 2267 709 tali
2289 652 2543 715 crimine,
2573 648 2843 720 quomodo
2873 662 2977 702 non
3013 645 3172 700 simul
3198 644 3501 699 veniaintti-

1942 751 2028 816 gni
2056 746 2350 809 videamur,
2387 741 2779 810 turpitudinem
2819 744 3031 792 mutare
3062 736 3234 790 lucro.
3280 733 3335 787 Si
3381 733 3504 801 quis

1943 850 2071 889 vero
2107 832 2535 887 commilitonum
2562 828 2722 897 hujus
2746 828 2899 882 urbis
2924 825 3079 881 donis
3117 839 3146 878 a
3183 837 3307 892 rege
3348 836 3506 876 acce-

1946 926 2074 997 ptis.
2106 924 2345 979 civitatis
2390 924 2665 978 decretum
2710 919 2924 974 solvere
2962 917 3373 989 aggrederetur,
3420 914 3504 967 vel

1945 1020 2257 1073 societatem
2280 1016 2530 1086 frangere
2557 1015 2804 1077 auderet,
2834 1012 3073 1082 nunquid
3102 1009 3501 1072 irascercmini,

1945 1118 1998 1163 et
2029 1122 2240 1177 pmnam
2288 1123 2317 1160 a
2345 1106 2553 1161 solvere
2580 1104 2887 1160 volentibus
2915 1117 3032 1173 qua:
3063 1101 3386 1157 decrevistis
3413 1115 3505 1153 su-

1949 1196 2201 1250 meretis?
2228 1196 2421 1265 361i:
2469 1194 2733 1261 Equidem
2774 1193 2996 1248 omnino
3029 1192 3227 1248 sentio.
3256 1192 3340 1245 An
3378 1205 3506 1244 vero

1950 1302 2071 1341 cum
2114 1287 2234 1341 aliis
2262 1297 2443 1341 vestra
2471 1287 2688 1341 decreta
2718 1285 2969 1353 frangere
3001 1300 3106 1338 non
3160 1282 3504 1351 permisistis,

1951 1378 2050 1431 hoc
2079 1393 2173 1431 vos
2219 1377 2411 1433 fecisse
2468 1378 2821 1433 videbimini?
2853 1376 2919 1429 Et
2961 1377 3013 1430 in
3045 1377 3244 1444 quibus
3271 1376 3378 1428 alio
3424 1374 3504 1426 fa-

1950 1468 2125 1521 ciente
2151 1469 2480 1537 supplicium
2520 1483 2625 1522 non
2663 1467 3009 1531 omitteretis,
3060 1467 3113 1519 in
3148 1466 3214 1519 iis
3240 1481 3334 1519 vos
3367 1464 3509 1519 ultro

1951 1558 2267 1627 delinquere
2304 1557 2740 1627 cognosceminii
2782 1556 2955 1611 Porro
3000 1568 3178 1610 autem
3208 1558 3507 1609 cavendum

1952 1659 2054 1715 est,
2089 1666 2154 1704 ne
2181 1651 2387 1716 omnia,
2423 1660 2476 1704 et
2508 1664 2696 1704 revera
2720 1649 2887 1712 mala,
2918 1655 2971 1703 et
2999 1664 3119 1717 quae
3154 1648 3289 1701 mala
3320 1656 3511 1717 putan-

1954 1748 2041 1791 tur
2070 1754 2311 1808 agamus,
2344 1753 2406 1793 ea
2444 1749 2627 1793 autem
2661 1739 2903 1792 cavenda
2939 1747 3065 1791 sunt
3093 1739 3262 1805 magis
3286 1740 3351 1791 de
3387 1739 3508 1804 qui-

1954 1831 2055 1883 bus
2088 1830 2251 1883 alium
2286 1839 2444 1883 antea
2473 1829 2777 1883 accusavit.
2812 1827 2944 1880 Nam
2969 1829 3034 1881 de
3052 1829 3247 1895 quibus
3272 1829 3395 1896 quis
3426 1842 3511 1880 se-

262 1922 406 1973 αύτά
433 1923 687 1992 πράττων
711 1924 1016 1990 ἁλίσκοιτο,
1050 1927 1482 1997 φιλαπεχθήμων
1513 1930 1653 1999 ὁμοῦ
1670 1930 1717 1961 ’⁷
1747 1932 1841 1983 καὶ
1878 1909 1919 1963 Β

1878 1909 1919 1963 Β
1951 1919 2053 1973 incl
2096 1929 2154 1973 ut
2188 1921 2343 1975 malis
2380 1928 2715 1989 conquestus
2760 1919 2928 1975 fuisse
2974 1909 3415 1989 deprehenditur,
3457 1929 3512 1973 ct.

261 2012 521 2083 πονηρὸς,
564 2014 798 2084 πονηρὸς
830 2016 949 2083 μὲν,
989 2011 1070 2079 οἷς
1095 2016 1129 2069 ἆ
1159 2017 1233 2086 μὴ
1265 2017 1371 2088 χρὴ
1400 2017 1660 2088 πράττων
1690 2019 1844 2088 ἐλέγ-

260 2115 443 2167 χεται,
495 2102 983 2171 φιλαπεχθήμων⁷⁸
1016 2104 1093 2169 δὲ,
1115 2104 1258 2156 ὃτι⁷⁹
1299 2105 1507 2158 τούτων
1546 2107 1675 2170 τοὺς
1705 2107 1844 2177 πληο

262 2191 382 2243 σΞον
428 2192 632 2263 εἴργειν
660 2192 832 2263 ζητεῖ,
862 2194 897 2248 ἃ.
930 2196 1006 2265 τῷ
1037 2196 1179 2266 λόγῳ
1217 2201 1396 2267 μισεῖν
1434 2200 1845 2271 προσποιούμε-

261 2299 354 2345 νος
378 2282 559 2354 ἔργοις
597 2286 947 2354 μεταδιώκων
980 2287 1281 2341 ἁλίσκεται.

334 2463 477 2532 Λέγε
512 2464 695 2534 μοιτά
724 2467 831 2518 τῶν
886 2467 1210 2533 νομοθετῶν,
1243 2471 1291 2521 εί
1333 2469 1534 2538 βούλει,
1587 2471 1842 2541 ρήματα’

260 2556 490 2625 ἀρίθμει
530 2574 619 2625 μοι
652 2558 789 2626 μετά
814 2558 1040 2625 τούτων,
1072 2560 1119 2611 εἰ
1159 2560 1353 2627 θέλεις,
1411 2564 1503 2615 καὶ
1526 2564 1594 2614 τὰ
1620 2564 1721 2630 τῆς
1751 2566 1848 2615 πό-

260 2647 406 2706 λεως
434 2649 673 2717 τρόπαια
689 2650 736 2680 ⁸ο
762 2668 774 2681 ·
805 2651 1004 2719 νόμους
1024 2655 1130 2722 γὰρ
1161 2653 1272 2721 ἐγὼ
1290 2654 1624 2722 πολεμικοὺς
1651 2657 1849 2726 ὀνομά-

261 2740 346 2802 ζω
374 2740 442 2792 τὰ
471 2744 569 2808 τῆς
600 2742 807 2803 πόλεως
833 2743 876 2773 ⁸⁸
917 2744 1339 2814 κατορθώματα.
1371 2745 1436 2797 Τί
1462 2746 1557 2798 νῦν
1590 2749 1647 2799 ἐν
1678 2747 1847 2801 ἅπασι

260 2830 476 2893 τούτοις
528 2832 978 2898 διεσπούδασταις
1016 2837 1089 2904 μὴ
1140 2836 1459 2890 σπένδεσθαι
1521 2838 1842 2910 βαρϐάροις,

264 2926 449 2991 μισεῖν
480 2924 539 2976 τὸ
568 2926 723 2988 γένος
753 2928 827 2989 ὡς
852 2927 1150 2996 ἀλιτήριον,
1182 2929 1537 2983 ἀδιάλλακτον
1594 2933 1849 3002 ήγεῖσοαι

259 3012 358 3064 τὸν
390 3014 526 3081 πρὸς
566 3015 830 3085 ἀλλήλους
865 3018 1121 3086 πόλεμον.
1169 3021 1280 3071 Καὶ
1308 3021 1431 3087 μάλ’
1464 3023 1719 3085 εἰκότως·
1756 3026 1849 3089 οὒς

259 3107 379 3175 γὰρ
404 3109 470 3175 τῇ
503 3108 662 3175 φύσει
714 3109 1006 3177 πολεμίους
1044 3110 1315 3178 ἐνόμιζον,
1352 3114 1504 3182 παρά
1533 3114 1740 3168 τούτων
1764 3116 1849 3169 ἀεί

1948 2010 2141 2064 iterum
2186 2014 2375 2065 cadent
2427 2011 2609 2066 facere
2649 2012 3015 2076 convincitur,
3048 2022 3101 2065 et
3136 2012 3406 2075 inimicus,
3456 2021 3512 2066 et

1946 2102 2242 2157 sceleratus
2269 2112 2353 2157 est
2385 2120 2399 2157 :
2426 2102 2726 2157 sceleratus
2751 2102 2967 2170 quidem
2992 2117 3053 2157 ea
3090 2102 3358 2167 faciendo,
3394 2121 3513 2173 qua:

1949 2200 2125 2252 fact-re
2155 2214 2260 2252 non
2286 2200 2571 2267 oportebat
2599 2214 2614 2250 :
2648 2197 2904 2252 inimicus
2946 2213 3092 2262 vero,
3136 2214 3258 2253 cum
3296 2200 3361 2252 iis
3391 2200 3512 2253 illos

1949 2291 2233 2359 prohibere
2260 2291 2473 2355 nititur,
2503 2305 2643 2359 quat,
2669 2289 2797 2343 licet
2829 2290 2995 2345 verbo
3024 2292 3207 2345 odisse
3234 2302 3510 2359 appareat,

1947 2382 2197 2450 operibus
2219 2391 2394 2435 tamen
2426 2381 2650 2450 diligere
2684 2381 2947 2434 videatur.

2023 2472 2133 2533 Dic,
2165 2474 2207 2525 si
2240 2473 2392 2536 libet,
2425 2470 2790 2539 legislatorum
2817 2471 3001 2537 verba,
3024 2485 3246 2525 numera
3298 2471 3512 2533 deinde.

1950 2563 1992 2616 si
2030 2563 2237 2630 cupias,
2283 2563 2522 2616 civitatis
2570 2563 2830 2629 tropbma.
2864 2560 2998 2614 Nam
3047 2564 3227 2615 omnia
3274 2564 3513 2617 civitatis

1951 2653 2187 2707 facinora
2231 2653 2366 2705 bene
2400 2662 2551 2721 gesta
2618 2652 2880 2705 militares
2925 2652 3071 2720 leges
3108 2654 3337 2719 appello.
3378 2654 3515 2719 Quid

1946 2743 2055 2813 jam
2080 2744 2329 2797 omnibus
2369 2745 2451 2796 his
2496 2743 2746 2796 effectum
2781 2742 2900 2797 est?
2926 2759 3031 2797 non
3066 2744 3262 2812 pacisci
3308 2745 3517 2798 scilicet

1950 2853 2070 2892 cum
2104 2835 2377 2902 Barbaris,
2409 2846 2625 2905 gentem
2659 2836 2898 2889 alienam
2933 2838 3228 2899 exsecrari,
3262 2838 3518 2905 implaca-

1950 2929 2057 2982 bile
2084 2929 2279 2981 bellum
2315 2942 2433 2980 cum
2470 2928 2722 2980 hostibus
2758 2925 3079 2980 existimare
3112 2944 3125 2979 :
3157 2935 3211 2980 ct
3240 2942 3371 2981 sane
3404 2940 3519 2980 me-

1952 3023 2077 3073 rito.
2106 3021 2252 3084 Quos
2284 3019 2430 3072 enim
2460 3018 2738 3072 naturales
2770 3018 2955 3071 hostes
2983 3017 3415 3084 arbitrabantur,
3450 3021 3519 3074 ab

1953 3112 2036 3166 bis
2076 3111 2278 3179 aliquid
2322 3110 2633 3163 detrimenti
2679 3124 2897 3179 semper
2950 3120 3356 3177 exspectantes,
3402 3110 3521 3179 lege

258 3214 322 3298 τι,
342 3197 521 3298 ’κακὸν
582 3198 1044 3298 προσδοκήσαντες
1101 3202 1251 3271 νόμῳ
1278 3204 1338 3255 τὸ
1370 3205 1445 3274 μὴ
1470 3205 1667 3259 παθεῖν
1715 3210 1849 3276 ἐφυ-
1880 3241 1919 3298 C

1880 3241 1923 3298 C
1955 3204 2337 3266 cohibuerunt,
2386 3216 2452 3255 ne
2497 3202 2623 3269 quid
2673 3200 2793 3252 mali
2830 3208 3167 3269 paterentur,
3222 3202 3516 3254 maximum

260 3287 513 3351 λάξαντο,
549 3290 801 3357 μέγιστον
832 3287 971 3344 εἶναι
991 3294 1089 3361 τῆς
1119 3293 1327 3356 πόλεως
1348 3295 1720 3368 φυλακτήριον
1750 3300 1850 3369 τὴν

261 3378 530 3431 ἀπιστίαν
589 3382 688 3449 τὴν
753 3382 888 3451 πρὸς
930 3384 1128 3444 αὐτοὺς
1190 3386 1550 3454 ἡγησάμενοι.
1611 3390 1851 3444 Εἰὼθασι

264 3470 379 3537 γὰρ
418 3471 467 3521 οἱ
518 3471 745 3539 πονηροὶ
798 3470 909 3523 τῶν
972 3472 1275 3543 ἀνθρώπων
1333 3478 1427 3528 καὶ
1466 3479 1603 3548 πρὸς
1660 3480 1851 3533 πλεονο

264 3560 419 3624 εξῦαν
508 3559 579 3611 τά
660 3562 841 3613 πάντα
948 3562 1240 3631 βλέποντες
1318 3566 1546 3621 πλείονα
1633 3569 1853 3639 κερδαί-

265 3670 382 3704 νειν
413 3653 505 3704 ἐπὶ
544 3653 725 3720 φιλίας
761 3656 1109 3726 προσχήματι
1137 3658 1246 3709 τῶν
1283 3659 1372 3710 ὅτε
1400 3661 1653 3730 φανερῶς
1704 3662 1855 3732 ὠμο-

264 3742 465 3809 λόγουν
502 3743 592 3795 τὸν
615 3745 870 3815 πόλεμον.
898 3748 1239 3819 Ψηφίσματα
1277 3751 1385 3821 γὰρ
1422 3751 1719 3821 Ἀθηναίων
1742 3754 1854 3821 ἐγὼ

267 3836 425 3889 καλῶ
462 3836 530 3889 τά
557 3836 652 3889 τοῦ
713 3836 859 3891 θείου
916 3839 1118 3892 Πυθίου
1176 3842 1556 3912 μαντεύματα.
1589 3844 1853 3913 Πολέμιος

267 3930 296 3978 6
329 3928 546 3999 Πέρσης
568 3930 628 3981 ού
660 3929 780 3982 καθ’
810 3929 907 3982 ἕνα
937 3931 1128 4001 καιρὸν
1163 3932 1283 3985 οὐδὲ
1316 3934 1528 4002 χρόνον,
1573 3936 1693 3988 οὐδὲ
1724 3940 1855 4007 παρ’

271 4020 448 4088 αὐτὴν
486 4020 651 4090 μόνην
709 4022 807 4091 τὴν
840 4022 936 4074 τοῦ
984 4024 1221 4092 πολέμου
1265 4025 1594 4096 καταῆολὴν,
1626 4026 1742 4079 ἀλλ’
1777 4029 1857 4091 εἰς

274 4111 457 4161 πάντα
486 4110 575 4161 τὸν
605 4111 718 4180 βίον
743 4112 841 4181 τῆς
878 4112 1103 4175 πόλεως.
1128 4113 1200 4165 Οὐ
1239 4115 1347 4183 γὰρ
1380 4114 1657 4178 Πλαταιὰς
1691 4118 1859 4185 μόνας

275 4200 613 4269 κατέσκαψε,
648 4204 739 4253 καὶ
771 4202 943 4272 δῆμον
974 4204 1053 4264 είς
1082 4204 1209 4265 τοὺς
1241 4204 1382 4273 ὑπὲρ
1420 4206 1520 4275 τῆς
1546 4206 1859 4277 ἐλευθερίας

277 4293 549 4361 πολέμους
605 4293 933 4363 αὐτόκλητον
984 4294 1241 4363 ἐποίησεν
1304 4296 1517 4348 ἄπολιν.
1555 4297 1633 4349 Ού
1677 4299 1788 4367 γὰρ
1824 4299 1861 4352 ἀ

277 4385 517 4437 πέπονθε
579 4384 848 4452 βασιλεὺς,
910 4386 1083 4439 ταῦτα
1131 4385 1601 4456 διαλογιζομένους
1653 4391 1861 4444 ἐκεῖνον

274 4477 643 4529 ἀπαλλάττειν
677 4478 772 4545 τῆς
806 4476 1065 4546 μέμψεως
1098 4478 1178 4529 δεῖ
1197 4478 1263 4543 ⁸⁸,
1298 4478 1414 4529 ἀλλ’
1450 4479 1594 4549 ἅπερ
1624 4480 1691 4533 ἂν
1724 4498 1858 4550 κρα-

1958 3295 2105 3347 urbis
2133 3294 2442 3362 praesidium
2487 3307 2674 3346 eorum
2708 3290 3092 3347 inﬁdelitatem
3122 3293 3517 3349 existimantes.

1956 3384 2139 3439 Solent
2178 3385 2321 3438 enim
2345 3383 2596 3438 scelerati
2626 3384 2900 3449 homines,
2933 3393 2988 3451 et
3018 3384 3171 3439 lucro
3204 3385 3370 3440 dediti
3399 3401 3522 3456 spe-

1956 3478 2039 3531 cie
2077 3476 2334 3529 amicitiae
2368 3474 2566 3530 lucrari
2594 3476 2769 3542 plura,
2802 3489 2964 3543 qnam
3006 3484 3132 3529 tunc
3171 3490 3293 3530 cum
3338 3488 3521 3544 aperte

1955 3568 2149 3621 bellum
2201 3566 2545 3620 denuntiant.
2594 3565 3011 3619 Atheniensium
3064 3575 3270 3619 statuta
3328 3566 3520 3637 Pythia

1955 3658 2169 3713 oracula
2218 3673 2487 3726 nuneupo.
2522 3657 2688 3711 Persa
2724 3671 2827 3710 non
2862 3672 2968 3711 uno
3018 3666 3261 3727 tempore
3292 3667 3384 3711 aut
3417 3673 3523 3713 uno

1958 3759 2249 3815 momento,
2300 3764 2472 3818 neque
2523 3750 2624 3803 hoc
2665 3748 2826 3803 modo
2877 3748 3002 3802 belli
3050 3760 3295 3819 tempore
3342 3751 3511 3804 hos-tis

1956 3854 2161 3909 noster,
2200 3843 2296 3897 sed
2333 3842 2480 3896 oumi
2521 3841 2671 3894 urbis
2704 3851 2904 3894 nostra:
2950 3842 3084 3903 vita,
3134 3858 3239 3894 non
3297 3841 3522 3895 Plalaaas

1958 3936 2113 3989 modo
2141 3934 2393 3996 diruit,et
2420 3932 2679 4002 populum
2716 3931 2858 3985 ultro
2885 3932 2951 3985 ad
2981 3930 3177 3985 bellum
3212 3947 3309 4000 pro
3357 3931 3521 3985 liber—

1960 4037 2069 4081 tate
2096 4036 2407 4095 susceptum
2435 4024 2845 4079 exterminavit.
2883 4022 2997 4077 Non
3022 4024 3166 4077 enim
3198 4025 3310 4077 haac
3340 4024 3523 4077 animo

1959 4118 2255 4181 volventes,
2307 4131 2427 4186 qua:
2456 4130 2549 4169 rex
2596 4114 2827 4168 adversa
2859 4115 3067 4177 habuit,
3102 4113 3251 4166 illum
3293 4114 3523 4169 crimine

1960 4209 2190 4262 liberare
2213 4208 2489 4269 debemus,
2516 4204 2608 4259 sed
2635 4220 2698 4260 ea
2727 4214 3057 4271 reputantes,
3084 4219 3204 4273 qua:
3234 4204 3405 4258 victor
3441 4203 3521 4257 fe—

1960 4301 2122 4366 cisset
2143 4299 2387 4353 eamdem
2423 4296 2501 4351 illi
2548 4310 2763 4367 penam
2797 4296 3041 4364 irrogare
3067 4305 3302 4365 oportet.
3336 4295 3522 4364 Neque

1955 4390 2157 4459 justum
2182 4398 2264 4443 est
2290 4388 2478 4442 eadem
2524 4402 2623 4441 nos
2655 4387 2886 4440 victores
2910 4386 3145 4454 perpeti,
3175 4401 3295 4454 qua:
3322 4387 3389 4438 ab
3421 4387 3518 4439 iis-

1961 4482 2080 4534 dem
2123 4481 2250 4533 victi
2296 4478 2670 4533 subiissemus.
2711 4477 2810 4531 Hic
2845 4493 2973 4532 vero
2999 4478 3178 4539 statim
3228 4487 3519 4546 antequam

273 4570 448 4636 στήσας
481 4567 723 4636 ἔδρασεν,
756 4568 813 4618 ἐν
836 4566 912 4635 νῷ
941 4566 1229 4630 λαϐόντας,
1261 4569 1446 4620 πᾶσαν
1471 4570 1604 4631 ἴσως
1633 4570 1681 4601 ⁸³
1706 4572 1858 4640 νομί·
1888 4564 1934 4621 D

1888 4564 1935 4621 D
1964 4574 2144 4627 hostes
2182 4572 2516 4634 inducerent,
2557 4584 2586 4622 a
2610 4570 2810 4639 quibus
2838 4570 3196 4624 circumventi
3228 4578 3405 4631 erant,
3443 4570 3519 4621 ir-

277 4658 392 4722 ζειν
420 4658 573 4726 δ’κην
622 4659 717 4726 τῆς
777 4657 930 4720 ἀξίας
983 4656 1322 4725 κομίζεσθαι.
1376 4658 1511 4711 Οὐδὲ
1549 4658 1761 4713 δίκαιον
1790 4663 1857 4715 τὰ

277 4750 421 4803 αὐτὰ
454 4750 527 4819 μὴ
560 4750 753 4818 δρᾶσαι
792 4749 1193 4818 κρατήσαντας,
1227 4749 1370 4818 ἅπερ
1398 4750 1725 4819 ἡττηθέντες
1755 4751 1858 4805 ὑπὸ

273 4841 389 4893 τῶν
442 4840 856 4909 κεκρατηκότων
910 4838 976 4892 ἂν
1039 4840 1335 4909 ἐπάθομεν.
1403 4840 1461 4893 '0
1525 4842 1656 4911 γὰρ,
1718 4844 1849 4912 πρὶν

275 4936 591 5000 ἀνενεγκεῖν
643 4929 799 4993 αὖθις
830 4931 954 4994 τοὺς
984 4932 1261 4993 ἐναντίους
1295 4932 1389 4999 ἀφ’
1417 4926 1492 4984 ὧν
1514 4935 1852 5003 ἐσφάλησαν,

276 5025 511 5089 ἐπεξιὼν
571 5026 664 5078 καὶ
724 5024 1133 5093 τιμωρούμενος
1190 5024 1310 5075 οὐδὲ
1373 5025 1598 5087 ἐκείνοις
1639 5027 1858 5095 ,καιρὸν

275 5117 375 5193 ἐπ]-
398 5116 443 5147 ⁸⁸
469 5117 565 5185 τῆς
606 5114 820 5185 ἀμύνης
857 5115 1119 5176 ἐνδίδωσι,
1159 5114 1250 5167 καὶ
1280 5115 1459 5167 πᾶσαν
1491 5116 1671 5185 ἐαυτῷ
1718 5131 1858 5187 προ-

279 5208 425 5272 ξενεῖ
478 5206 572 5259 τοῦ
626 5208 754 5276 μήτι
786 5204 980 5258 παθεῖν
1029 5206 1347 5274 ἀσφάλειαν,
1378 5202 1460 5270 οἶς
1494 5208 1637 5260 κατά
1673 5210 1863 5279 καιρὸν

278 5298 542 5364 ἐπέξεισι,
574 5297 779 5360 τούτοις
805 5298 1160 5367 περιγράφων
1185 5296 1403 5352 ἃπασαν
1433 5299 1533 5369 τὴν
1564 5300 1622 5351 ἐν
1654 5300 1865 5371 ὑστέρῳ

279 5390 436 5458 παρὰ
465 5389 574 5442 τῶν
614 5388 989 5441 πεπονθόντων
1019 5389 1279 5443 ἐπίδοσιν.
1312 5389 1419 5443 Καί
1450 5406 1607 5457 φασιο
1639 5393 1859 5463 Δωρεὰς

276 5482 543 5553 τῷδήμῳ
598 5480 847 5551 βασιλεὺς
907 5482 1183 5552 πέπομφε.
1238 5483 1510 5554 Κυρσίλον
1560 5501 1651 5554 μοι
1680 5484 1858 5553 λέγεις

1965 4677 2233 4730 rumpens,
2276 4671 2331 4715 et
2373 4661 2662 4714 vindictam
2688 4661 2946 4728 exigens,
2975 4674 3148 4727 neque
3181 4671 3390 4727 tempus
3422 4659 3523 4712 dc-

1964 4751 2212 4806 fendendi
2239 4752 2322 4806 sui
2345 4751 2541 4821 362a
2571 4751 2679 4805 illis
2721 4748 2886 4813 dedit,
2916 4758 2969 4805 et
2999 4766 3246 4819 magnam
3292 4750 3415 4813 sibi,
3455 4766 3523 4804 ne

1962 4839 2086 4909 quid
2114 4849 2408 4905 pateretur,
2439 4839 2791 4892 securitatem
2815 4838 3012 4902 attulit,
3038 4849 3091 4891 et
3118 4840 3315 4907 quibus
3355 4838 3524 4893 semel

1962 4930 2171 4996 irrupit,
2211 4929 2293 4983 his
2328 4931 2378 4982 iu
2418 4939 2692 4999 posterum
2733 4944 2761 4982 a
2804 4930 2960 4983 victis
2990 4945 3206 4984 omnem
3256 4933 3525 4985 accessio-

1961 5037 2084 5075 nem
2111 5021 2559 5089 circumscripsit.
2596 5020 2764 5083 Dona,
2814 5020 3084 5089 inquiunt,
3139 5022 3335 5090 populo
3378 5022 3527 5075 misit

1964 5129 2074 5168 rex.
2106 5112 2301 5183 Cyrsili
2345 5106 2671 5164 mihi'verba
2721 5111 2878 5175 dicis,
2928 5120 2981 5165 et
3019 5112 3146 5164 mali
3185 5112 3357 5165 nuntii
3395 5127 3521 5165 suc-

1956 5218 2218 5260 cessores.
2251 5202 2315 5256 Et
2345 5204 2456 5257 haec
2489 5217 2650 5256 ausus
2674 5216 2737 5255 es
2762 5202 2988 5256 Athenis
3013 5203 3212 5267 dicere,
3243 5201 3331 5255 ubi
3354 5210 3409 5255 et
3436 5201 3520 5253 al-

1960 5308 2128 5351 terum
2182 5297 2233 5349 id
2280 5294 2431 5363 prius
2466 5294 2740 5349 dicentem
2792 5295 3163 5363 sepelivimus.
3212 5293 3344 5347 Cum
3392 5307 3521 5346 vero

1966 5390 2275 5457 ignoremus
2312 5401 2420 5455 quo
2460 5387 2617 5439 modo
2652 5384 2860 5440 navalis
2899 5401 3078 5455 pugna
3104 5385 3394 5454 iudicanda
3427 5384 3515 5447 sit,

1965 5497 2068 5538 non
2095 5494 2225 5534 sane
2247 5478 2529 5533 honestum
2559 5487 2663 5543 est,
2686 5481 2756 5533 ob
2792 5492 2912 5551 qua
2941 5477 3117 5533 studia
3145 5476 3347 5531 laudati
3371 5475 3519 5528 vide-

1556 5614 1791 5670 VARUE
1834 5613 2240 5676 LECTIONES.

351 5703 407 5778 ’ξ
426 5699 602 5778 οἶμαι]
627 5704 734 5778 imo
760 5701 897 5761 οῖδα.
952 5704 1020 5778 ,⁷⁸
1044 5706 1110 5761 ἂν
1138 5707 1428 5778 ἠνέσχεσθε
1459 5706 1502 5761 Α
1553 5722 1570 5757 ³
1596 5707 1887 5778 ἀνείχεσθε
1927 5727 1988 5773 ς·

278 5776 340 5836 ὃς
376 5773 434 5827 Β.
486 5773 493 5775 ⁷
540 5773 600 5807 3"
618 5776 871 5845 τρόπαια.
947 5777 987 5808 '“
1024 5773 1228 5842 πόλεως
1272 5773 1393 5834 'bm.
1427 5778 1494 5830 Α.

286 5857 395 5899 ttus
427 5844 708 5915 scripseris
734 5844 855 5898 οὔτε
888 5876 949 5887 -
986 5846 1086 5899 ἔτι.

2419 5705 2465 5736 ⁷⁸
2507 5704 3105 5774 φιλαπεχθήμων-θητι-
3164 5700 3245 5774 Α.-
3302 5700 3382 5774 ἀν’
3413 5696 3516 5767 ὅτι]

2083 5707 2126 5739 ⁷⁷
2186 5707 2344 5777 ὁμοῦ.

1590 5776 1637 5809 ⁸¹
1668 5766 1900 5833 δεῖἈΒΟ
1936 5766 1958 5821 ἶ
1986 5777 2088 5850 χρὴ
2114 5794 2170 5841 ς.
2220 5766 2296 5810 ’⁸³
2322 5766 2658 5847 {studui-alim
2685 5766 2853 5843 ἥττω.
2929 5771 2975 5804 ⁸⁵
2999 5772 3119 5824 οὐδὲ
3144 5799 3211 5809 -
3232 5766 3345 5838 ἐπὶ]
3404 5766 3522 5823 τροὲ
