4206 6436
237 386 373 454 1337

1241 392 1763 453 BIBLIOTHECA.
1787 416 1858 427 -
1889 391 2055 454 COD.
2083 388 2390 452 CCXLIlI-

3347 386 3484 453 1338

235 496 346 551 τῶν
402 497 625 553 κακῶνῐ
661 499 963 570 ἡττημένος
1012 517 1112 571 μου
1156 498 1365 573 Ξέρξης
1423 501 1807 572 λαμϐάνειτὴν

1913 513 2188 573 acceptam
2217 504 2421 557 cladem
2454 500 2623 555 armis
2646 498 2950 555 instaurare
2970 512 3149 569 posse,
3186 497 3481 554 exercitum

238 588 415 643 πόλιν.
457 589 521 642 Τί
546 589 591 642 δ’
636 589 704 643 ἂν
731 591 825 643 καὶ
865 592 1010 660 ἡμᾶς
1059 593 1257 657 αὐτοὺς
1310 594 1453 647 κατά
1485 594 1592 646 τῶν
1626 593 1815 663 Ἐλλή-

237 696 343 731 νων
380 679 841 749 συστρατεύεσοαι
860 683 906 713 ’³
940 681 1167 752 κελεύῃ;
1196 684 1254 735 οὐ
1294 681 1413 753 γάρ
1443 680 1579 735 εἶναι
1609 682 1816 736 δίκαιον

237 768 310 836 τῷ
369 770 637 840 τοσαύτην
696 772 1088 843 ὲνδεικνυμένῳ
1140 774 1271 843 περὶ
1329 774 1429 844 τὴν
1477 774 1634 826 πόλιν
1714 790 1813 842 με·

236 858 636 927 γαλοψυχίαν“
702 862 776 930 μὴ
834 862 1011 916 πάντα
1054 864 1255 932 τρόπον
1330 861 1812 931 συναγωνίζεσθαι.

238 947 426 1011 Καλάς
450 952 494 983 ³⁸
541 968 604 1018 γε
674 951 757 1022 (ού
831 954 1010 1022 γάρς)
1068 956 1190 1007 τότε
1242 955 1338 1008 καὶ
1385 954 1492 1006 τῶν
1540 955 1815 1023 τροπαίων

236 1036 398 1101 ἀξίας
452 1038 558 1092 τῶν
611 1043 999 1112 ὲγηγερμένων
1058 1044 1156 1107 τὰς
1238 1044 1573 1114 παρατάξεις
1635 1062 1814 1115 παρα-

235 1128 530 1196 ταξόμεθα,
590 1130 695 1183 ὑπὸ
744 1130 920 1203 Ξέρξῃ
973 1132 1263 1202 στρατηγῷ
1324 1133 1450 1195 τοὺς
1503 1134 1644 1187 κατά
1706 1133 1814 1185 τῶν

236 1218 527 1287 ὁμοφύλων
566 1221 837 1290 πολέμους
890 1224 1235 1293 ἐκφέροντες.
1259 1223 1338 1276 Δι’
1369 1223 1463 1286 οὓς
1488 1224 1641 1294 ὤφθη
1671 1226 1812 1293 Πέρ-

240 1324 363 1370 σαις
419 1310 536 1361 ἀντὶ
580 1312 875 1382 νικηφόρου
902 1318 1086 1384 σχῆμα
1130 1316 1399 1382 δραπέτου
1450 1316 1543 1367 καὶ
1574 1316 1814 1383 φυγάδος

237 1400 636 1470 περικείμενος,
690 1403 959 1465 τούτοις⁹⁶
1020 1406 1173 1458 πόλιν
1231 1407 1478 1472 οἰκίζειν,
1532 1409 1809 1472 τούτους⁹⁷

236 1496 546 1559 εὐεργετεῖν
573 1494 821 1559 ἀνέξεται
847 1513 861 1560 ;
889 1498 949 1549 El
981 1500 1078 1564 μὲν
1109 1499 1217 1568 γὰρ
1246 1500 1409 1562 εὐθὺς
1435 1501 1812 1571 ἀναμάχεσθαι

235 1583 350 1644 τοῖς
384 1583 565 1647 ὅπλοις
602 1584 701 1655 τὴν
742 1580 913 1656 ἦτταν
962 1589 1268 1654 ἐπίστευεν,
1324 1591 1679 1661 ἐστράτευσεν
1724 1592 1810 1656 ἂν,

234 1672 337 1723 οὐκ
354 1675 736 1742 ὲπρεσὸεύετο*
762 1677 884 1731 ἐπεὶ
904 1678 957 1729 δὲ
980 1680 1345 1746 ἀπογινώσκει
1368 1683 1476 1733 τῶν
1506 1683 1808 1752 δυνάμεων,

232 1764 334 1833 τὴν
367 1766 581 1836 ἀπάτην
638 1768 777 1830 τέως
835 1767 961 1839 [590
993 1768 1085 1841 IL]
1116 1772 1235 1823 ἀντὶ
1263 1772 1370 1824 τῶν
1400 1774 1577 1825 ὅπλων
1613 1776 1810 1843 προϐέ-

1915 594 2227 651 adduceret.
2258 607 2361 645 non
2400 601 2582 646 autem
2626 591 2831 659 legatos
2852 590 3113 645 mitteret.
3144 589 3215 643 At
3253 604 3377 643 cum
3405 589 3485 642 vi-

1919 685 2067 737 rihus
2097 682 2297 737 diuidat
2328 684 2460 749 suis,
2497 682 2741 738 fraudem
2757 697 2855 751 pro
2887 682 3053 735 armis
3082 680 3484 735 adhibet.Cum

1916 786 2096 829 autem
2137 777 2320 842 copias
2365 776 2757 835 recensuisset.
2800 782 2911 827 tum
2976 775 3194 826 demum
3244 772 3486 826 lmudcm

1915 880 2189 919 armorum
2237 867 2354 920 loco
2416 867 2693 935 produxit.
2735 864 3045 930 Quinetiam
3104 865 3322 924 urbem
3348 864 3487 918 hanc

1915 956 2054 1023 apud
2098 966 2322 1010 caeteros
2365 955 2583 1010 Grzecos
2616 955 2868 1009 infamem
2920 955 3147 1008 reddere
3186 954 3488 1018 contendit,

1916 1051 1974 1097 ut
2006 1058 2103 1098 nos
2158 1059 2345 1099 eorum
2394 1044 2602 1099 auxilio
2633 1045 2881 1099 desertos
2917 1045 3190 1109 redderet,
3229 1053 3285 1097 et
3333 1043 3491 1097 nobis

1917 1134 2047 1188 solis
2083 1134 2279 1188 bellum
2334 1147 2515 1204 postea
2555 1134 2805 1190 inferret.
2835 1134 2903 1188 Et
2930 1150 2994 1188 ex
3020 1135 3104 1189 his
3136 1134 3316 1189 verbis
3344 1144 3493 1202 patet

1915 1225 2116 1279 doutun
2164 1225 2301 1279 dicis
2358 1226 2531 1293 gratia
2581 1224 2800 1279 offerre.
2860 1226 3008 1279 Illius
3036 1235 3152 1279 erat
3200 1224 3492 1278 manifeste

1916 1315 2113 1369 litteris
2154 1315 2451 1369 inscribere
2502 1317 2641 1369 hanc
2689 1314 2824 1369 velle
2856 1330 2914 1369 se
2952 1317 3139 1368 urbem
3165 1315 3489 1367 instaurare.

1919 1407 2025 1460 lloc
2072 1413 2247 1459 autem
2293 1420 2397 1458 non
2459 1405 2777 1467 declarans,
2815 1405 3135 1472 simpliciter
3185 1418 3245 1458 sc
3296 1404 3491 1456 damna

1914 1497 2049 1552 bello
2094 1497 2239 1551 illata
2272 1509 2624 1551 .resurturum
2668 1497 2831 1560 dicit,
2867 1498 3103 1551 adverbii
3132 1495 3488 1565 amphibolia.

1915 1602 2033 1657 quae
2065 1588 2207 1641 mala
2236 1587 2766 1656 cogitavit,epistola
2817 1588 3168 1655 significavit.
3207 1587 3359 1652 Quod
3396 1602 3493 1639 au-

1917 1690 2022 1735 tem
2054 1690 2171 1733 erat
2197 1680 2349 1732 urhis
2391 1691 2595 1733 nostra:
2624 1680 2885 1749 insigne?
2918 1679 3315 1749 Magniﬁcentiu
3357 1679 3491 1732 aedi-

1917 1772 2195 1834 Iiciornm,
2244 1771 2477 1838 antiquae
2516 1772 2827 1839 ubicunque
2882 1770 3097 1823 virtutis
3146 1769 3489 1841 testimonia,

233 1855 454 1926 ὄληται.
492 1856 612 1910 Ἔτι
642 1858 822 1913 τοίνυν
882 1859 974 1912 καὶ
1024 1860 1330 1915 διαϐάλλειν
1364 1862 1631 1931 ’Έλληνας
1680 1866 1807 1930 πρὸς

1919 1873 2124 1915 natura:
2154 1872 2399 1925 ornatus,
2441 1862 2535 1927 qui
2578 1861 2753 1930 majus
2782 1862 2900 1915 urbi
2936 1860 3084 1914 addit
3109 1871 3491 1913 ornamentum

229 1946 332 2019 τὴν
362 1948 513 1999 πόλιν
536 1948 882 2014 ἐσπούδασεν,
917 1950 1006 2002 ἵνα
1042 1951 1278 2020 ἐρήμους
1299 1951 1401 2021 τῆς
1422 1955 1549 2023 παρ’
1590 1954 1815 2007 ἐκείνων

233 2039 559 2107 συμμαχίας
606 2040 979 2108 ἐργασάμενος
1029 2040 1164 2109 πρὸς
1192 2041 1387 2109 μόνους
1413 2042 1557 2110 ἡμᾶς
1589 2041 1814 2113 ὕστερον

230 2126 494 2198 ἐξενέγκῃ
514 2128 603 2180 τὸν
626 2129 884 2198 πόλεμον.
919 2129 1028 2183 Καὶ
1044 2131 1151 2200 μὴν
1182 2131 1240 2194 ἐξ
1268 2132 1449 2183 αὐτῶν
1470 2134 1514 2164 ⁸⁸
1550 2135 1815 2202 ῥημάτων

228 2218 393 2286 δῆλός
423 2220 539 2272 ἐστι
572 2220 706 2290 πρὸς
728 2222 827 2291 τὴν
860 2222 1067 2293 δωρεὰν
1082 2222 1496 2293 ἀφοσιούμενος.
1526 2224 1687 2296 [MOI
1717 2225 1812 2298 R.]

228 2308 338 2362 Τοῦ
365 2310 465 2378 μὲν
510 2312 618 2383 γάρ
668 2313 941 2366 ἀνοικίσαι
977 2313 1075 2384 τὴν
1107 2313 1259 2367 πόλιν
1303 2315 1400 2385 τὴν
1434 2315 1707 2386 ἡμετέραν
1730 2316 1815 2369 θέο

226 2398 414 2464 λοντος
439 2402 599 2472 ἔργον
636 2398 704 2473 ἦν
752 2404 883 2457 αὐτὸ
929 2404 1088 2459 τοῦτο
1136 2406 1322 2475 σαφῶς
1378 2407 1654 2477 ἐγγράψαι
1700 2411 1813 2473 τοῖς

227 2491 559 2561 γράμμασιν
594 2511 606 2524 ·
654 2496 682 2546 ό
714 2494 770 2546 δὲ
800 2494 959 2548 τοῦτο
1014 2496 1112 2566 μὲν
1175 2497 1273 2551 οὐκ
1306 2496 1496 2563 εἰπὼν,
1540 2499 1726 2563 ἁπλῶς
1756 2501 1812 2553 δὲ

227 2584 697 2654 ἀντικαταστῆσαι
754 2588 933 2655 φήσας
981 2584 1063 2651 οἷς
1093 2588 1399 2659 ἐλυμήνατο
1424 2591 1563 2645 κατά
1597 2592 1684 2643 τὸν
1717 2593 1814 2646 πό-

224 2672 415 2742 λεμον,
443 2677 508 2744 τῇ
537 2675 627 2727 τοῦ
684 2680 1070 2747 προσρήματος
1110 2678 1408 2751 ἀμφιῦολίᾳ
1452 2682 1637 2744 κακῶς
1670 2686 1714 2716 ⁹⁹
1748 2683 1775 2735 ὅ
1796 2684 1811 2713 ⁸

224 2769 533 2835 κακουργεί
582 2767 670 2819 διὰ
702 2768 808 2821 τῶν
839 2770 1187 2839 γραμμάτων
1216 2755 1537 2841 δεδήλωκεν.
1567 2773 1631 2826 Τί
1655 2774 1711 2827 δὲ
1744 2770 1812 2845 ἦν

224 2855 322 2923 τῆς
371 2857 574 2920 πόλεως
630 2858 732 2926 τῆς
794 2860 1066 2929 ἡμετέρας
1097 2861 1157 2912 τὸ
1192 2861 1494 2931 ὲπίσημονς
1547 2863 1812 2933 σεμνότης

223 2946 699 3016 οἰκοδομημάτων,
744 2948 1021 3018 πανταχοῦ
1064 2951 1164 3018 τῆς
1190 2952 1421 3021 ἀρχαίας
1448 2954 1647 3022 ἀρετῆς
1677 2954 1811 3007 ὑπο.

226 3038 514 3105 μνήματα,
548 3039 575 3091 ὁ
613 3038 766 3107 παρά
817 3040 917 3109 τῆς
969 3041 1183 3108 φύσεως
1224 3043 1427 3112 κόσμος
1474 3046 1658 3114 μεῖζον
1716 3045 1810 3099 τοῦ

1916 1967 2077 2021 quam
2109 1952 2419 2005 artilicium.
2453 1951 2638 2016 Qualis
2669 1950 2912 2004 cernitur
2942 1951 3029 2005 hic
3068 1965 3163 2004 arx
3212 1950 3361 2018 (40),
3401 1950 3491 2004 ιιιιί

1919 2042 2043 2101 tale.
2072 2042 2208 2095 coelo
2234 2051 2478 2110 excepto,
2510 2040 2707 2111 3631
2740 2040 3031 2109 hospitium
3096 2050 3181 2094 est
3225 2041 3446 2094 deorum
3470 2041 3495 2091 τ

1916 2131 2085 2197 Quale
2110 2131 2361 2198 templum
2410 2129 2648 2185 Poliadis
2672 2130 2964 2184 Minerva
2998 2139 3053 2183 et
3097 2130 3221 2185 huic
3254 2131 3489 2184 viciuuzn

1917 2220 2194 2275 delubrum
2228 2218 2479 2287 Neptuni.
2511 2220 2914 2287 Conjunximus
2943 2222 3086 2272 enim
3123 2229 3240 2286 post
3268 2228 3491 2273 conten-

1918 2314 2115 2367 tionem
2156 2312 2284 2366 dcos
2318 2326 2409 2380 per
2441 2326 2597 2381 reges
2647 2313 2699 2365 in
2756 2311 2969 2377 templis
3007 2327 3129 2365 cum
3179 2312 3320 2365 aliis.
3372 2309 3487 2364 No-t

1919 2406 2121 2472 recipio
2155 2403 2433 2457 formulam
2456 2419 2737 2458 sacrorum
2770 2405 2836 2457 ah
2872 2405 3110 2465 homine,
3144 2404 3356 2473 qualem
3393 2419 3491 2471 per

1919 2509 2222 2564 praeconem
2259 2508 2449 2548 arcere
2479 2494 2739 2549 solemus.
2772 2494 2904 2560 Quis
2932 2495 3206 2563 reparabit
3240 2495 3489 2550 homines

1913 2602 2050 2655 quos
2094 2585 2234 2640 bello
2281 2585 2559 2653 perdidit?
2589 2585 2721 2651 Quis
2753 2586 2939 2638 reddet
2995 2595 3331 2638 mortuorum
3367 2599 3492 2639 cor-

1916 2691 2063 2744 pora,
2096 2690 2214 2745 qua:
2244 2674 2382 2729 bello
2407 2673 2679 2727 abstulit?
2720 2673 2834 2727 Viri
2860 2674 3025 2735 enim.
3054 2674 3297 2733 utaiunt,
3327 2674 3491 2728 urbes

1914 2776 2059 2830 sunt,
2096 2782 2200 2820 non
2232 2767 2422 2819 domus
2464 2766 2623 2834 ipsa);
2664 2765 2707 2819 si
2738 2768 2929 2820 damna
2977 2780 3035 2819 se
3066 2766 3489 2818 instauraturum

1915 2858 2217 2927 pollicetur,
2250 2873 2316 2913 ex
2364 2859 2447 2912 his
2499 2859 2741 2927 quadam
2792 2873 2893 2910 nou
2946 2858 3154 2925 integre
3205 2857 3510 2911 restituere.

1916 2958 2112 3017 potest,
2138 2948 2378 3015 quaedam
2413 2964 2515 3001 non
2545 2948 2695 3016 paria
2728 2947 2998 3015 prioribus
3025 2948 3251 3001 reddere
3282 2954 3479 3015 potest.

1914 3043 2191 3108 Quomodo
2220 3041 2431 3094 illiusin
2468 3041 2551 3094 his
2578 3039 2865 3109 promissio
2910 3049 2968 3092 ttt
3013 3039 3356 3107 itnpossihilis
3386 3055 3491 3095 non

226 3127 383 3195 παρά
424 3128 521 3194 τῆς
562 3127 759 3199 τέχνης
822 3130 1137 3200 προστιθεὶς
1166 3135 1231 3202 τῇ
1288 3134 1441 3187 πόλει
1498 3135 1559 3187 τὸ
1592 3136 1807 3197 κάλλος.

1919 3134 2272 3200 redarguatur
2290 3133 2356 3187 ab
2396 3130 2685 3185 omnibus?
2709 3129 2788 3183 Illi
2820 3128 3264 3183 Lacedaemonios
3283 3139 3493 3183 trecen-

224 3216 331 3268 Οἷα
359 3217 460 3285 μὲν
493 3219 617 3270 ἰδεῖν
638 3219 954 3289 ἀκρόπολις,
988 3216 1101 3274 οἷον
1127 3223 1254 3276 ἄλλο
1276 3224 1411 3277 Θεῶν
1441 3228 1558 3295 μετ’
1588 3226 1807 3296 ούρανὶν

1919 3231 2001 3277 tos
2033 3223 2098 3277 ad
2126 3223 2286 3293 Pylas
2320 3237 2427 3275 non
2483 3222 2884 3282 sustinuerunt,
2923 3221 3015 3274 sed
3063 3220 3116 3274 in
3154 3220 3323 3274 oculis
3351 3222 3494 3290 regis

221 3308 595 3378 ὲνδιαίτημαῑ
650 3306 760 3374 οἷος
790 3311 847 3363 δὲ
892 3314 919 3364 ό
953 3312 1055 3381 τῆς
1110 3314 1369 3378 Πολιάδος
1426 3317 1580 3379 νεὼς,
1631 3320 1724 3370 καὶ
1753 3320 1807 3371 τὸ

1919 3322 1997 3369 tot
2040 3315 2316 3384 myriades
2356 3313 2670 3368 ceciderunt
2724 3314 2982 3366 adversus
3039 3326 3207 3366 unum
3261 3327 3491 3381 agmen,

224 3398 561 3462 Ποσειδῶνος
595 3403 614 3431 ¹
670 3402 926 3469 τέμενοςί
989 3404 1306 3474 συνήψαμεν
1374 3407 1480 3477 γὰρ
1546 3408 1633 3460 διὰ
1704 3409 1807 3461 τῶν

1915 3406 2067 3475 quasi
2097 3404 2280 3475 ﬂagris
2306 3405 2588 3461 ordinatae.
2627 3404 2744 3474 Ipse
2774 3420 2866 3458 rex
2902 3404 2952 3457 iu
2981 3403 3168 3458 Asiam
3191 3418 3290 3458 nos
3311 3415 3492 3472 vocat,

220 3490 543 3559 ἀνακτόρων
566 3494 689 3553 τοὺς
711 3491 866 3555 θεοὺς
892 3493 1139 3562 ἀλλήλοις
1170 3498 1307 3564 μετὰ
1332 3496 1431 3566 τὴν
1452 3499 1704 3567 ειμιλλαν.
1736 3501 1810 3553 Οὐ

221 3580 492 3648 λαμϐάνω
520 3582 670 3652 παρά
694 3583 886 3653 ἀνδρὸς
911 3584 1002 3637 τὸν
1039 3586 1263 3656 τελετῆς
1295 3587 1459 3640 τόπον
1473 3589 1511 3651 ⁸,
1546 3590 1605 3643 ὃν
1634 3591 1809 3662 εἴργει

220 3670 328 3737 τῆς
367 3670 591 3741 τελετῆς
627 3672 728 3741 τῆς
758 3674 1035 3744 ἡμετέρας
1064 3676 1124 3727 τὸ
1156 3679 1437 3747 κήρυγμα.
1461 3680 1556 3743 Τίς
1579 3684 1812 3753 ἀναστήο

221 3777 309 3812 σει
337 3762 461 3823 τοὺς
488 3761 706 3831 ἄνδρας,
736 3762 829 3827 οὓς
846 3765 1189 3833 ἀπολώλεκε;
1223 3769 1306 3831 τίς
1335 3770 1403 3821 τὰ
1444 3770 1669 3832 σώματα
1703 3776 1811 3829 τῶν

220 3851 523 3917 πεσόντων,
547 3848 627 3917 οἷς
655 3849 811 3918 οὗτος
841 3858 983 3910 κατά
1007 3858 1131 3921 τοὺς
1154 3860 1423 3929 πολέμους
1444 3862 1805 3934 λελύμανται;

224 3943 453 4013 Ἀνδρες
482 3944 612 4015 γὰρ,
645 3949 807 4018 φησὶν
834 3949 875 4012 ⁸,
921 3950 976 4002 αἱ
1013 3950 1216 4013 πόλεις,
1250 3952 1348 4005 οὐκ
1377 3953 1807 4026 οἰκοδομήματα.

220 4034 287 4086 Εἰ
308 4033 365 4084 δὲ
391 4034 461 4086 τά
490 4033 871 4106 λελυμασμένα
903 4040 1036 4108 ἡμῖν
1058 4040 1361 4095 ἀποδώσειν
1386 4046 1806 4112 ἐπαγγέλλεται,

214 4120 427 4174 τούτων
462 4122 516 4175 δὲ
544 4124 612 4176 τὰ
645 4125 745 4193 μὲν
799 4127 910 4179 οὐδ’
964 4128 1100 4191 ὅλως
1140 4130 1377 4201 ἐγχωρεῖ
1416 4133 1621 4199 λαϐεῖν,
1650 4137 1719 4189 τὰ
1750 4138 1806 4190 δὲ

215 4214 334 4274 τοῖς
368 4211 782 4283 διεφθαρμένοις
831 4217 928 4285 οὐχ
993 4218 1177 4286 ὅμοια,
1233 4220 1351 4282 πῶς
1403 4223 1503 4275 οὐκ
1549 4224 1805 4288 ἀδύνατος

214 4301 503 4371 ἐλέγχεται
538 4306 649 4367 τοῖς
678 4307 843 4359 πᾶσιν
873 4308 904 4375 ή
938 4308 1064 4375 περὶ
1096 4308 1299 4361 τούτων
1330 4311 1621 4381 ὑπόσχεσις
1647 4330 1662 4380 ;
1692 4316 1805 4369 Οὐκ

212 4394 459 4461 ἤνεγκαν
484 4396 605 4447 οὐδὲ
655 4399 1000 4466 τριακοσίους
1024 4401 1223 4451 ἐκείνοι
1251 4401 1715 4472 Λακεδαιμονίους
1744 4408 1803 4461 ὲν

1914 3495 2201 3548 ostendens
2226 3492 2459 3563 demptis
2482 3494 2674 3564 pugnis
2703 3501 2873 3547 tutum
2908 3508 3091 3547 secum
3121 3494 3318 3549 bellum
3352 3495 3489 3550 fore.

1919 3584 2030 3638 Una
2062 3585 2209 3640 acies
2237 3594 2425 3639 contra
2461 3594 2627 3638 totam
2661 3585 2845 3639 Asiam
2886 3584 3148 3638 instructa
3177 3596 3231 3639 et
3266 3588 3491 3640 trecenti

1915 3675 2167 3744 Spartani
2210 3676 2359 3743 prius
2405 3675 2574 3729 armis
2624 3674 3037 3745 Thermopylas,
3071 3676 3268 3731 deinde
3322 3687 3494 3730 morte

1911 3766 2294 3829 occludentes,
2340 3767 2710 3822 honorabilius
2784 3767 3125 3835 sepulcrum,
3173 3782 3341 3838 quam
3387 3768 3494 3823 sint

1916 3868 2118 3924 tropma
2156 3858 2484 3911 excitarunt.
2523 3858 2634 3926 Ego
2661 3872 2875 3927 quoque
2904 3856 2972 3913 de
3000 3857 3270 3913 Thebanis
3297 3859 3495 3928 suppli-

1911 3947 2051 4000 cium
2093 3948 2410 4001 sumendum
2444 3948 2648 4013 putavi.
2678 3947 2928 4003 Accusati
2966 3958 3095 4003 sunt
3132 3948 3337 4004 Grmcia
3365 3949 3493 4005 Per-

1909 4038 1984 4091 sis
2031 4036 2347 4105 proditionis
2386 4037 2561 4106 geutis
2602 4052 2734 4101 suae,
2784 4047 2838 4091 et
2875 4040 3005 4093 urhs
3050 4054 3172 4093 mea
3211 4040 3489 4096 l’ersicunt

1907 4137 2093 4182 contra
2135 4126 2350 4182 Graecos
2396 4128 2690 4198 assumpsit
2752 4130 3073 4184 exercitum.
3126 4130 3259 4186 Cum
3312 4133 3490 4188 Persa:

1909 4220 2033 4275 victi
2076 4230 2221 4285 sunt,
2263 4234 2366 4274 non
2404 4226 2562 4275 modo
2612 4221 2997 4287 Athenienses,
3048 4224 3144 4277 sed
3198 4233 3252 4278 et
3299 4240 3488 4281 omnes

1905 4307 2323 4366 Crmci'lucrum
2367 4320 2734 4378 reportarunt.
2783 4309 2995 4368 Utinam
3021 4313 3185 4366 etiam
3221 4313 3289 4367 ad
3334 4312 3489 4384 Pylas

1907 4404 2350 4469 occurrissemus,
2370 4402 2765 4459 Lacedaemonii
2790 4419 2889 4474 pro
2913 4404 3189 4471 sepultura
3225 4413 3485 4472 trapzeum

210 4483 466 4548 Πύλαις,
515 4486 629 4539 ἀλλ’
672 4488 728 4539 έν
782 4487 1080 4559 ὀφθαλμοῖς
1134 4490 1399 4560 βασιλέως
1458 4493 1687 4549 ἔπιπτον
1740 4500 1795 4551 al

1908 4495 2205 4551 ostendant.
2224 4495 2281 4547 In
2301 4492 2528 4549 Xerxem
2558 4498 2675 4549 haec
2698 4494 2840 4557 dico,
2872 4496 2920 4548 in
2955 4494 3210 4560 Xerxem,
3240 4496 3478 4566 inquam,

206 4572 476 4625 τοσαῦται
526 4575 784 4644 μυριάδες
826 4576 962 4646 πρὸς
1008 4578 1103 4630 ἕνα
1156 4578 1313 4647 λόχον
1362 4580 1465 4633 ὑπὸ
1522 4583 1803 4652 μαστίγων

207 4666 692 4734 παραταττόμεναι
715 4667 758 4720 ⁸.
786 4668 957 4731 Αὐτὸς
981 4669 1127 4739 ἡμᾶς
1160 4670 1252 4721 ἐπὶ
1291 4670 1390 4742 τὴν
1434 4673 1618 4725 Ἀσίαν
1648 4676 1804 4728 καλεί

208 4754 468 4824 βασιλεὺς
487 4752 567 4819 οἷς
605 4762 952 4828 παραιτεῖται
982 4762 1075 4823 τάς
1107 4762 1309 4832 μάχας,
1342 4764 1552 4826 τούτοις
1575 4768 1795 4821 ἀκίνδυ-

204 4865 300 4899 νον
354 4843 492 4902 εἶναι
521 4848 615 4902 τὸν
665 4851 802 4919 πρὸς
832 4852 995 4906 αὑτὸν
1036 4854 1298 4909 δεικνύων
1340 4857 1593 4927 πόλεμον.
1625 4859 1795 4929 Λόχος

204 4934 290 5002 εἷς
320 4939 456 5010 πρὸς
485 4939 611 5008 ὅλην
632 4941 732 5011 τὴν
772 4942 955 4996 Ἀσίαν
979 4947 1483 5016 παραταττόμενος,
1522 4949 1614 5002 καλ⁵
1644 4967 1795 5020 τρια-

203 5029 383 5080 κόσιοι
399 5029 737 5099 Σπαρτιᾶται
761 5030 1027 5097 κλείοντες
1051 5035 1319 5105 πρότερον
1351 5036 1449 5107 μὲν
1475 5042 1586 5101 τοῖς
1607 5039 1791 5104 ὅπλοις

204 5117 440 5191 ὕστερον
468 5119 524 5172 δὲ
546 5119 623 5191 τῷ
656 5122 870 5194 θανάτῳ
898 5122 997 5187 τάς
1025 5125 1229 5190 Πύλας.
1258 5126 1591 5198 Σεμνότερον
1634 5130 1788 5200 ἡγεί-

203 5228 349 5281 ρατε»
387 5212 650 5281 τροπαίου
676 5214 738 5268 τὸ
772 5215 1151 5288 πολυάνδριον.
1199 5218 1351 5287 Ἐγὼ
1398 5221 1493 5273 καὶ
1524 5221 1666 5293 ὑπὲρ
1694 5222 1800 5294 Θη-

1904 4602 1937 4640 ο
1976 4587 2187 4657 Apollo,
2210 4589 2303 4656 qui
2338 4603 2508 4656 usque
2542 4589 2609 4642 ad
2650 4603 2777 4643 aras
2805 4596 2923 4643 tuas
2967 4587 3165 4642 bellum
3206 4589 3398 4657 gessit,
3430 4598 3486 4642 et

1904 4677 2083 4748 ignem
2114 4692 2272 4732 sacro
2307 4677 2501 4746 tripodi
2538 4687 2627 4730 tuo
2668 4676 2937 4745 subjicere
2973 4687 3203 4733 conatus
3248 4688 3349 4739 est.
3388 4693 3484 4747 per

1901 4783 2060 4836 quem
2100 4768 2218 4821 edis
2259 4767 2505 4821 oracula.
2539 4764 2675 4822 Volo
2715 4767 3025 4837 regionibus
3050 4767 3117 4821 de
3149 4766 3284 4821 meis
3326 4778 3475 4822 recte

1901 4856 2059 4912 lactis
2089 4872 2286 4911 nomen
2323 4857 2546 4926 imponi,
2572 4866 2626 4911 et
2648 4857 2839 4921 maria,
2881 4872 2944 4911 ac
2974 4854 3195 4910 ﬂumina
3234 4858 3414 4925 potius
3452 4872 3482 4911 ιι

1900 4948 2033 5003 meis
2059 4949 2276 5017 tropais
2297 4989 2312 5014 ,
2340 4963 2501 5017 quam
2529 4947 2766 5017 antiquis
2787 4948 3094 5003 nominibus
3114 4946 3480 5002 denominari-

1895 5039 2130 5110 Objiciet
2150 5041 2365 5109 aliquis,
2385 5040 2602 5110 quando
2624 5040 2834 5103 urbem,
2865 5039 2947 5093 vel
2966 5040 3107 5094 unde
3138 5039 3482 5094 reﬁciemus?

1896 5132 2067 5198 Quam
2103 5129 2333 5198 amplius
2364 5130 2552 5184 urbem
2580 5130 2800 5199 quaeris.
2844 5143 2965 5183 cum
2987 5128 3186 5183 habeas
3214 5128 3434 5181 trireme
3454 5143 3480 5180 s

1905 5236 2005 5292 pro
2035 5236 2174 5277 nova
2198 5221 2352 5286 urbe,
2392 5230 2447 5275 et
2482 5219 2765 5275 ductorem
2788 5218 3112 5289 Apollinem.
3142 5217 3345 5287 Objieit
3375 5233 3477 5272 au-

1490 5358 1727 5415 VARUE
1761 5357 2167 5415 LECTIONES.

278 5439 328 5474 ⁸³
366 5438 759 5506 στρατεύεσθαι
788 5441 855 5499 Δ.
926 5443 975 5477 ’⁵

1008 5445 1203 5519 μεγαλ.
1239 5448 1332 5500 καὶ
1364 5448 1438 5519 μὴ
1471 5467 1531 5514 ς.
1616 5452 1664 5485 ⁸⁸
1694 5452 1875 5515 καλάς
1916 5453 1992 5504 A:
2024 5449 2203 5514 καλῶς
2243 5468 2303 5515 ς.

2375 5451 2421 5487 ⁵⁸
2448 5448 2667 5511 τούτους
2689 5465 2747 5513 ς’.
2830 5449 2877 5487 ’⁷
2907 5446 3117 5511 τούτοις
3148 5464 3208 5511 ς.
3279 5445 3325 5479 ’⁸
3356 5445 3477 5501 τῶν

198 5505 585 5588 l‘bris_de_est.__
642 5513 688 5543 "
716 5512 897 5575 καλῶς
925 5512 988 5568 C.
1008 5505 1021 5514 ’
1047 5505 1141 5588 {3|
1169 5505 1499 5588 malim'at't:
1542 5523 1562 5552 ’
1590 5522 1652 5575 τὸ
1676 5505 2000 5586 ποσειδιῖνιος
2032 5521 2074 5577 C
2100 5537 2113 5573 :
2139 5505 2233 5575 τοῦ
2252 5505 2591 5585 ’Ποσειδῶνος
2625 5505 2717 5584 ἐξ
2738 5518 2761 5553 ³
2788 5518 2949 5573 τόπον
2972 5534 3055 5588 pr.
3092 5505 3134 5574 ἰ)
3157 5505 3175 5571 Ξ
3209 5514 3375 5571 τύπον
3407 5531 3469 5581 ς.

199 5583 225 5615 δ
246 5576 411 5644 φασὶν
442 5576 706 5652 Scaliger.
794 5592 816 5623 ι
840 5576 1237 5656 παραττόμένοι
1284 5586 1347 5642 C.

1725 5682 1959 5739 NOTAE.

273 5762 387 5835 (40)
428 5762 609 5821 Pallas
637 5782 768 5837 quas
799 5768 1032 5824 condidit
1064 5780 1209 5824 arcu
1233 5764 1359 5837 Ipsa
1382 5768 1534 5825 colat.
1581 5769 1787 5843 (νιιιρ.)
