4206 6436
735 396 867 463 1339
1861 388 2121 451 PHOTII
2162 385 2668 449 PATRIARCil/E
2696 390 2804 451 ep.
3858 395 4003 461 13m

731 521 836 562 tem
874 521 971 575 pro
1005 502 1272 559 tua-nibus
1294 513 1465 568 mare,
1504 510 1553 556 ct
1592 516 1691 570 pro
1718 502 1961 556 turribus
1994 501 2220 565 insulas,
2248 509 2298 554 et
2328 508 2377 566 Α

2343 508 2377 566 Α
2406 501 2574 553 δαίων
2632 504 2935 573 ἀπαιτῆσαι
2992 504 3149 567 δίκας
3207 505 3539 559 ἐσπούδακα.
3577 508 3758 576 Δῆμος
3791 507 4004 576 Ἕλλην

730 614 831 670 pro
867 604 1060 650 ornatu
1108 603 1327 663 tropaza.
1372 593 1428 645 Si
1474 602 1530 645 ct
1554 592 1814 645 terminos
1876 591 2063 643 studes
2113 605 2315 655 cogno-

2414 592 2503 643 διὰ
2525 594 2738 660 Πέρσας
2756 594 3043 663 τοῦξκοινοῦ
3070 596 3257 663 γένους
3280 597 3570 665 προδοσίαν
3601 598 4005 665 κατέγνωσταιι

732 703 911 749 scere,
954 686 1126 740 obivit
1174 685 1315 737 fatua
1346 693 1512 736 totum
1568 693 1831 736 terrarum
1876 682 2083 744 orbem,
2120 681 2316 750 363b

2418 684 2511 734 καὶ
2542 684 2695 743 πόλις
2727 684 2832 753 ἐμὴ
2851 686 2871 715 ⁸
2900 687 3166 756 Περσικὸν
3192 688 3411 752 ἐδέξατο
3439 690 3580 741 κατὰ
3606 690 3714 741 τῶν
3732 690 4006 756 Ἑλλήνων

738 789 934 832 terram
975 790 1081 844 qua
1126 774 1257 837 itur,
1299 789 1449 825 mare
1488 788 1590 841 qua
1636 772 1939 836 navigatur.
1989 770 2096 824 llos
2142 772 2313 824 Athe-

2418 771 2799 839 στρατόπεδον.
2832 774 3036 844 Κέρδος
3054 776 3154 827 οὐκ
3188 776 3488 846 Ἀθηναίων
3525 778 3706 846 μόνον,
3740 778 3877 829 ἀλλὰ
3909 778 4008 828 καὶ

738 871 952 923 nienses
978 870 1116 921 duce
1145 864 1509 919 Themistocle
1539 864 1813 917 consecuti
1870 872 1994 916 sunt
2024 863 2308 915 terminos.

2416 860 2593 912 κοινὸν
2617 861 2726 914 τῶν
2758 853 3028 931 Ἑλλήνων
3086 866 3363 930 ἁπάντων,
3422 867 3628 936 Πέρσαι
3684 866 4002 934 νικώμενοι.

735 960 1025 1013 Postulabo
1048 975 1073 1011 a
1107 956 1283 1009 Xerxe
1316 970 1422 1007 non
1452 954 1754 1022 oleaginum
1802 966 2012 1005 ramum
2052 950 2305 1015 Palladis,

2415 953 2541 1005 Εἴθε
2594 952 2689 1005 καὶ
2746 956 2828 1017 είς
2898 956 3083 1020 Πύλας
3144 959 3569 1028 ἀπηντήσαμενῑ
3624 960 3887 1029 τρόπαιον
3942 955 4008 1008 ἂν

732 1050 824 1100 sed
859 1048 1175 1116 platanum:
1204 1054 1263 1097 ut
1292 1046 1401 1097 duo
1427 1044 1663 1097 Palladis
1690 1051 1890 1109 tropaea
1935 1040 2083 1106 juxta
2124 1056 2304 1094 arcem

2414 1044 2731 1098 ἐδείκνυσαν
2767 1046 2863 1099 νῦν
2892 1047 3013 1099 ἀντὶ
3060 1048 3154 1102 τοῦ
3185 1050 3357 1117 τάφου
3402 1050 3839 1118 Λακεδαιμόνιοι.
3880 1048 4006 1100 Ἐπὶ

733 1145 1039 1206 videamur,
1064 1151 1250 1195 contra
1278 1138 1587 1208 Neptunum
1622 1138 1760 1203 olea,
1816 1144 2007 1191 contra
2035 1134 2306 1190 Barbaros

2416 1136 2626 1205 Ξέρξην
2653 1137 2825 1199 καλῶ,
2882 1140 2973 1191 ἐπὶ
2994 1138 3221 1211 Ξέρξην,
3260 1142 3544 1205 Ἄπολλον,
3576 1143 3667 1193 τὸν
3696 1142 3859 1210 μέχρι
3897 1139 4008 1191 τῶν

734 1233 1005 1303 platanus.
2418 1229 2630 1283 ἀδύτων
2681 1232 3113 1300 στρατεύσαντα,
3160 1234 3255 1287 τὸν
3312 1237 3425 1298 τοῖς
3460 1236 3625 1305 ἱεροῖς
3658 1252 3751 1286 σου
3783 1234 4009 1302 τρίποσι

732 1325 793 1378 τὸ
817 1324 927 1394 πῦρ
959 1323 1259 1393 προσάγειν
1302 1320 1776 1389 φιλονεικήσαντα,
1818 1321 1887 1373 δι’
1946 1321 2005 1374 ὃν
2049 1322 2311 1391 ἐκίνησας
2350 1322 2632 1390 φάσματα.
2688 1323 2887 1375 Δοῦναι
2938 1324 3078 1377 Θέλω
3134 1327 3370 1388 καὶτοῖς
3450 1327 3670 1396 χωρίοις
3725 1324 3834 1376 ἀπὸ
3900 1324 4009 1375 τῶν

735 1413 883 1482 ἐμῶν
936 1411 1372 1480 κατορθωμάτων
1422 1409 1683 1477 ὀνόματα,
1744 1410 1927 1462 καὶτὰ
1990 1411 2202 1478 πελάγη
2250 1411 2343 1460 καὶ
2415 1411 2541 1470 τοὺς
2599 1413 2880 1477 ποταμοὺς
2929 1411 3037 1463 ἀπὸ
3083 1413 3190 1465 τῶν
3244 1414 3392 1482 ἐμῶν
3439 1412 3717 1479 τροπαίων
3751 1410 3873 1482 [591
3912 1410 4006 1479 Η.]

734 1504 989 1573 μᾶλλονῆ
1018 1502 1127 1553 τῶν
1180 1501 1421 1571 ἀρχαίων
1473 1500 1753 1567 ὀνομάτων
1789 1500 2315 1569 προσαγορεύεσθαι.
2360 1500 2492 1551 Πότε
2517 1495 2610 1551 οὖν
2638 1498 2670 1566 ἢ
2699 1501 2861 1551 πόθεν
2892 1504 3240 1572 ἀνοικιοῦμεν
3275 1504 3374 1573 τὴν
3438 1507 3628 1573 πόλιν;
3698 1507 4012 1575 ὑπέκρουσέ

730 1616 835 1660 τις.
888 1596 1055 1650 Ποίαν
1087 1596 1195 1665 γάρ
1234 1595 1510 1664 ἐπιζητεῖς
1556 1592 1635 1644 ἐτι
1671 1592 1845 1655 πόλιν,
1904 1593 2003 1654 τὰς
2056 1594 2301 1662 τριήρεις
2343 1594 2501 1660 ἔχων,
2544 1596 2643 1662 τῆς
2690 1598 2818 1658 νέας
2879 1595 3088 1656 πόλεως
3140 1597 3385 1665 οἰκιστὴν
3436 1597 3572 1667 ἔχων
3620 1598 3712 1651 τὸν
3753 1597 4008 1661 Πύθιον;

734 1691 1100 1760 Προὸάλλεται
1140 1690 1197 1741 δὲ
1228 1688 1397 1755 αὐτῆς
1429 1688 1547 1739 ἀντὶ
1575 1687 1671 1755 μὲν
1698 1684 1890 1753 τειχῶν
1913 1685 2011 1748 τὴν
2032 1682 2332 1748 θάλασσαν,
2374 1686 2495 1738 ἀντὶ
2517 1688 2571 1739 δὲ
2606 1689 2854 1756 πύργων,
2878 1688 2976 1749 τὰς
3005 1687 3221 1755 νήσους,
3251 1689 3371 1739 ἀντὶ
3398 1687 3453 1740 δὲ
3489 1688 3697 1759 κόσμου
3746 1688 3814 1740 τά
3879 1688 4012 1756 τρό-

733 1800 888 1835 παια.
919 1782 979 1834 Εί
1006 1780 1061 1833 δὲ
1088 1780 1181 1832 καὶ
1223 1780 1346 1840 τοὺς
1398 1778 1555 1845 ὅρους
1585 1777 1755 1845 αὐτῆς
1823 1774 2102 1843 ἐπιζητεῖς
2173 1776 2385 1843 μαθεῖν,
2428 1794 2493 1829 πε
2506 1778 2681 1845 ρίελθε
2708 1778 2891 1847 κύκλῳ
2910 1778 2988 1847 τῷ
3018 1778 3263 1849 λογισμῷ
3278 1782 3375 1852 τὴν
3416 1784 3742 1853 οἰκουμένην
3770 1782 4013 1843 ἃπασαν,

733 1874 827 1924 καὶ
844 1874 947 1941 γῆν
972 1872 1069 1939 ὅση
1098 1868 1258 1938 βατὴ,
1286 1869 1381 1920 καὶ
1412 1868 1681 1921 θάλατταν
1701 1869 1871 1936 ὁπόση
1892 1866 2160 1935 πλόϊμοςτ
2186 1882 2200 1896 ο
2254 1861 2399 1919 οὗτοι
2463 1868 2573 1921 τῶν
2654 1869 2894 1939 Ἀθηνῶν
2954 1869 3062 1920 τῶν
3110 1872 3202 1922 ἐπὶ
3254 1872 3687 1941 Θεμιστοκλέους
3752 1876 3801 1926 oi
3870 1875 4012 1944 ὅροι.

746 1960 1059 2032 Ἀπαιτήσω
1089 1960 1290 2030 Ξέρξην
1328 1960 1447 2014 ἀντὶ
1498 1959 1592 2011 τοῦ
1645 1960 1839 2013 θαλλοῦ
1870 1963 1967 2029 τῆς
2002 1958 2233 2027 Ἀθηνᾶς
2269 1958 2371 2028 τὴν
2402 1960 2693 2023 πλάτανον,
2737 1962 2825 2014 ἵνα
2857 1961 2949 2013 δύο
2980 1962 3240 2031 βλέπηται
3262 1964 3359 2033 τῆς
3400 1964 3522 2017 θεοῦ
3550 1966 3690 2018 κατὰ
3711 1966 3813 2037 τὴν
3845 1967 4014 2035 ἀκρό-

736 2054 889 2109 πολιν
911 2054 1170 2123 τρόπαια,
1208 2053 1347 2104 κατὰ
1380 2054 1476 2120 μὲν
1500 2053 1830 2114 Ποσειδῶνος
1860 2053 1888 2103 6
1925 2051 2138 2117 θαλλὸς,
2174 2053 2315 2104 κατὰ
2352 2052 2406 2105 δὲ
2432 2054 2539 2105 τῶν
2574 2054 2923 2124 βαρὸάρωνὴ
2959 2055 3249 2119 πλάτανος.

949 2146 1033 2198 Ea:
1065 2144 1316 2197 Oratione
1356 2143 1600 2197 militari.
1635 2174 1705 2183 —
1738 2142 2081 2200 Prommium.
2355 2156 2395 2209 Β
2428 2144 2590 2217 [1105

2355 2156 2395 2209 Β
2428 2144 2590 2217 [1105
2622 2146 2712 2217 ἢ]
2749 2148 2848 2199 Ἐκ
2870 2147 2972 2200 τοῦ
2991 2148 3463 2217 πολεμαρχικοῦ.
3488 2180 3555 2190 -—
3578 2150 3646 2202 Τὸ
3664 2152 4004 2219 προοΙμιον.

810 2238 923 2293 Non
956 2238 1219 2304 astipulur
1250 2237 1336 2299 iis,
1365 2236 1455 2303 qui
1486 2251 1695 2295 eorum,
1737 2235 1827 2303 qui
1870 2235 2185 2288 memoriter
2230 2248 2318 2288 so-

2491 2237 2563 2289 Ού
2588 2240 2699 2300 τοῖς
2725 2238 2953 2306 ψέγουσι
2988 2238 3078 2291 τὸν
3102 2240 3266 2308 νόμον
3295 2239 3407 2290 τῶν
3434 2239 3527 2292 ἐπὶ
3563 2240 3659 2293 τοῦ
3719 2242 4012 2311 μνήματος

739 2332 849 2384 lent
899 2330 1103 2390 dicere,
1139 2327 1309 2396 legem
1358 2328 1783 2394 reprehendunt,
1833 2340 2020 2378 verum
2071 2325 2319 2379 iaudato-

2422 2330 2687 2382 εἰωθότων
2733 2330 2937 2397 λέγειν,
2972 2331 3107 2384 ἀλλὰ
3142 2332 3257 2393 τοῖς
3306 2331 3591 2384 ἐπαινοῦσι
3646 2334 4011 2402 συνθήσομαι.

744 2422 895 2473 ribus
930 2417 1223 2473 assentiar.
1262 2417 1568 2469 Absurdum
1601 2415 1743 2467 enim
1780 2424 1859 2467 est
1897 2429 2019 2466 cum
2049 2430 2077 2466 a
2111 2429 2320 2467 memo-

2424 2418 2533 2469 Καὶ
2562 2418 2669 2486 γάρ
2703 2420 2901 2471 ἄτοπον
2929 2419 3027 2485 τὴν
3061 2419 3154 2471 τοῦ
3184 2419 3366 2485 λέγειν
3420 2419 3671 2481 ἐξουσίαν
3723 2422 3857 2489 παρ’
3916 2424 4011 2474 αὖ·

744 2512 820 2564 ria
853 2510 1063 2563 dicendi
1097 2507 1397 2561 subsidium
1431 2513 1618 2573 petant
1650 2514 1919 2567 oratores,
1952 2515 2139 2558 contra
2175 2520 2321 2558 eam-

2422 2509 2517 2559 τοῦ
2552 2509 2837 2572 λαϐόντας,
2901 2510 3021 2561 κατ’
3062 2509 3262 2562 αὐτοῦ⁸
3327 2513 3392 2579 τῇ
3431 2511 3627 2583 [παρὰ]
3684 2512 3777 2565 τοῦ
3834 2512 4015 2579 λέγειν

742 2607 862 2656 dem
902 2605 1108 2655 dicere.
1144 2599 1449 2667 Legislator
1485 2599 1627 2651 enim
1664 2609 1866 2651 metum
1899 2600 2088 2652 mortis
2122 2601 2322 2653 oratio-

2426 2599 2642 2668 ἐξουσία
2680 2601 2935 2669 χρῆσθαι.
2968 2599 3071 2652 Τὸν
3104 2604 3213 2671 γὰρ
3261 2603 3326 2653 ἐκ
3361 2602 3453 2653 τοῦ
3485 2602 3717 2655 θανάτου
3766 2604 3935 2671 φόϐον
3988 2606 4015 2655 6

744 2695 828 2747 nis
861 2693 1122 2760 dignitate
1166 2692 1432 2751 eximens,
1467 2688 1749 2742 audaciam
1781 2697 2054 2741 strenuam
2088 2689 2139 2741 in
2173 2689 2321 2756 peri-

2426 2690 2720 2757 νομοθέτης
2745 2693 2807 2758 τῇ
2840 2690 2993 2759 παρᾶ
3023 2691 3116 2742 τοῦ
3149 2692 3307 2759 λόγου
3338 2695 3468 2761 τιμῇ
3493 2693 4010 2762 παραμυθούμενος,

742 2783 905 2843 culis,
928 2782 1183 2834 omnibus
1217 2778 1419 2843 injecit.
1452 2777 1651 2832 Laudis
1686 2793 1931 2841 causam,
1963 2793 2074 2831 mea
2106 2779 2321 2845 quidem

2427 2784 2619 2834 ἄοκνον
2649 2786 2780 2834 πᾶσι
2808 2782 2906 2851 τὴν
2930 2785 3133 2853 τόλμαν
3154 2784 3249 2854 τὴν
3279 2785 3417 2854 ὑπὲρ
3445 2784 3554 2836 τῶν
3575 2785 3840 2837 κινδύνων
3875 2786 4009 2838 καθ-

741 2874 1034 2936 scntentia,
1080 2886 1271 2925 omnes
1328 2884 1671 2924 communem
1724 2869 1927 2922 habent
1967 2886 1979 2920 :
2028 2879 2082 2923 at
2130 2870 2323 2923 horum

2432 2873 2661 2941 ίστησιν.
2702 2874 2767 2923 'H
2803 2872 2858 2923 δὲ
2886 2874 2995 2925 τῶν
3044 2874 3337 2941 ἐγκωμίων
3365 2874 3507 2942 ἀρχὴ
3543 2872 3619 2943 τῷ
3662 2873 3760 2941 μὲν
3785 2875 3805 2904 ⁹
3830 2875 4008 2926 δοκεῖν

742 2966 981 3016 virorum
1013 2978 1120 3029 pra:
1146 2962 1357 3015 ca'teris
1394 2961 1593 3013 eximia
1627 2969 1728 3013 est.
1763 2959 1989 3025 Quidam
2022 2960 2165 3012 enim
2200 2960 2323 3013 dum

2432 2963 2583 3031 κοινὴ
2614 2964 2749 3031 πρδς
2787 2964 3035 3025 ἅπαντας
3067 2965 3131 3027 ⁸⁸,
3162 2964 3223 3015 τὸ
3280 2963 3324 3015 δ’
3381 2963 3579 3033 ἀληθὲς
3647 2963 3759 3015 τῶν
3804 2964 4015 3032 ἀνδρῶν

742 3056 879 3108 alios
925 3054 1143 3107 laudare
1186 3061 1473 3115 conantur,
1512 3061 1570 3104 ut
1617 3068 1783 3120 genus
1830 3067 1893 3105 ac
1935 3052 2156 3119 stirpem
2190 3065 2327 3119 prte-

2430 3054 2633 3105 τούτων
2658 3054 2956 3124 ἐξαίρετος.
2996 3056 3058 3107 Ui
3086 3054 3185 3123 μὲν
3215 3054 3322 3125 γὰρ
3353 3056 3478 3117 τοὺς
3520 3054 3714 3116 ἄλλους
3771 3055 4018 3106 ἐπαινεῖν

744 3147 945 3206 dicent,
978 3145 1043 3197 ad
1078 3143 1338 3208 majorum
1371 3142 1616 3195 encomia
1649 3142 1950 3195 orationem
1980 3149 2322 3206 convertunt,

2432 3145 2849 3208 σπουδάζοντες,
2884 3147 2971 3197 ἵνα
3019 3148 3079 3197 τὸ
3126 3146 3281 3212 γένος
3328 3146 3664 3216 ὑμνήσωσιν,
3689 3146 3766 3208 είς
3818 3147 4019 3215 προγό-

745 3246 839 3289 aut
867 3236 1096 3303 patriam
1132 3236 1275 3287 unde
1305 3232 1540 3299 majores
1570 3234 1917 3287 exstiterunt.
1950 3232 2147 3287 Omnes
2182 3234 2324 3287 enim

2431 3252 2537 3288 νων
2571 3235 2724 3297 τινὰς
2754 3236 3029 3304 εὐφημίας
3057 3236 3157 3304 τὴν
3185 3236 3280 3287 τοῦ
3310 3236 3491 3303 λέγειν
3543 3236 3708 3304 φύσιν
3745 3234 4016 3287 ἀναδιδά-

743 3328 835 3396 qui
862 3328 1169 3390 laudantur,
1198 3325 1369 3379 exteri
1399 3324 1511 3378 fere
1543 3323 1783 3378 luerunt.
1810 3327 1914 3379 Sed
1949 3327 2205 3381 adversus
2232 3328 2327 3381 hos

2433 3330 2641 3393 ζουσιν,
2670 3329 2703 3397 ἢ
2734 3328 2831 3397 τὴν
2880 3329 2985 3397 γῆν
3030 3327 3149 3379 ὅθεν
3181 3328 3229 3378 οἱ
3256 3328 3510 3397 πρόγονοι
3540 3327 3647 3379 τῶν
3686 3326 4019 3394 ἐπαινουμέ-

746 3421 861 3474 lucc
884 3419 964 3471 lex
1005 3418 1277 3482 nonvicit,
1306 3416 1399 3471 sed
1426 3415 1583 3469 simul
1612 3417 1972 3471 Athenienses
2008 3420 2327 3472 nominave-
2372 3486 2398 3489 _

2372 3486 2398 3489 _
2434 3438 2539 3471 νων
2567 3420 2832 3487 ἐγένοντο.
2868 3419 3072 3480 Πάντες
3095 3418 3202 3489 γὰρ
3250 3417 3510 3479 ἐπιεικῶς
3544 3419 3592 3470 οἱ
3626 3419 3890 3486 πρόγονοι
3913 3416 4019 3467 τῶν

748 3521 851 3576 rat,
880 3522 933 3563 et
954 3512 1053 3563 hac
1075 3509 1435 3578 appellatione
1458 3507 1701 3561 ostendis
1722 3508 2006 3578 indigenas
2023 3509 2329 3563 esse.Vive-
2357 3486 2402 3546 (ἶ

2361 3486 2402 3546 c
2435 3486 2711 3578 πανταχοῦ
2738 3486 3475 3579 θαυμαζομένων-ἐπήλυδες.
3503 3510 3582 3579 ,ού
3614 3509 3723 3578 μὴν
3756 3509 3855 3559 καὶ
3885 3508 4022 3560 κατὰ

745 3604 875 3655 bant
896 3601 1013 3654 sine
1034 3600 1221 3665 armis,
1257 3599 1361 3652 tela
1386 3613 1489 3651 non
1518 3598 1907 3665 producebant,
1936 3601 2092 3667 equis
2119 3601 2197 3652 uti
2221 3615 2326 3653 non

2435 3599 2641 3650 τούτων
2663 3600 2689 3649 6
2719 3599 2881 3667 νόμος
2917 3595 3071 3660 οὗτος
3101 3599 3408 3667 νενίκηκεν,
3437 3598 3551 3651 ἀλλ’
3591 3597 3727 3667 ὁμοῦ
3759 3615 3822 3649 τε
3858 3598 4018 3666 Ἀθη-

745 3694 1061 3747 didicerant.
1090 3690 1219 3745 Usui
1250 3701 1424 3743 tamen
1452 3702 1572 3743 esse
1599 3687 1781 3741 docuit
1804 3703 1972 3756 equos
2004 3688 2052 3739 in
2076 3688 2331 3741 certami-

2436 3688 2617 3749 ναίους
2653 3688 2904 3755 εἴρηκας,
2951 3688 3046 3739 καὶ
3103 3686 3243 3757 μετὰ
3305 3686 3408 3755 τῆς
3464 3684 3783 3753 ἐπωνυμίας
3841 3685 4021 3755 δηλοῖς

748 3783 904 3835 nibus
951 3795 1013 3833 ac
1052 3778 1269 3847 praeliis.
1305 3777 1363 3830 lu
1399 3776 1789 3831 certaminibus
1818 3790 1971 3829 ramo
2010 3785 2063 3830 et
2089 3776 2329 3845 germine

2435 3781 2560 3841 τοὺς
2589 3779 2939 3847 αὐτόχθονας.
2979 3780 3213 3841 Ἀοπλος
3238 3774 3308 3847 ἦν
3345 3781 3373 3829 6
3404 3777 3517 3847 βίος
3542 3794 3559 3810 ο
3594 3777 3736 3830 ὅπλα
3764 3777 3882 3829 τῶν
3913 3794 4023 3830 κιν-

745 3872 992 3941 olcagino
1053 3870 1335 3924 victoriam
1387 3867 1797 3923 denuntiabant.
1841 3868 1975 3922 Cum
2015 3883 2165 3921 ramo
2200 3869 2331 3923 oleae

2436 3869 3121 3939 δυνευόντωνπρούὸάλετο
3149 3871 3213 3921 ⁸⁸.
3254 3870 3473 3921 Ἵππων
3515 3870 3714 3940 χρῆσιν
3753 3868 3859 3920 οὐκ
3894 3868 4019 3935 ἡπί-

748 3960 889 4023 dico,
932 3961 1087 4012 deam
1123 3959 1319 4011 indico.
1347 3956 1459 4010 lloc
1493 3957 1636 4011 enim
1669 3956 1903 4010 Palladis
1940 3957 2147 4026 insigne
2184 3959 2331 4011 exis-

2441 3979 2604 4014 στατο
2635 3979 2647 3990 ·
2682 3962 2894 4032 μερίζει
2950 3961 3141 4031 πρώτη
3195 3963 3327 4032 πρὸς
3376 3961 3571 4020 ἄθλους
3622 3961 3718 4013 καὶ
3773 3961 4015 4028 πολέμου

747 4054 899 4105 timo.
927 4048 1036 4103 Nec
1068 4064 1196 4101 vero
1219 4049 1268 4101 id
1300 4048 1442 4117 quod
1473 4046 1773 4113 lmjusmodi
1798 4048 1920 4115 quis
1947 4049 2163 4111 dixerit,
2196 4046 2331 4100 ditii-

2438 4052 2629 4121 χρείαν
2659 4053 2757 4118 τὴν
2788 4051 2970 4103 ἵππων
2986 4051 3217 4119 γένεσιν.
3258 4051 3558 4121 Κριθείσης
3577 4050 3631 4102 δὲ
3657 4050 3758 4118 τῆς
3784 4050 4018 4119 ἁμίλλης

748 4144 849 4197 cile
877 4152 957 4195 est
982 4142 1045 4193 ad
1072 4138 1451 4193 inveniendum
1487 4155 1499 4190 :
1539 4138 1726 4191 saltem
1754 4149 1811 4190 ιιι
1834 4139 1948 4190 lucc
1976 4151 2081 4189 non
2110 4135 2330 4188 imitans

2439 4142 2618 4211 θαλλῷ
2648 4159 2705 4195 τε
2729 4143 2770 4171 ’⁸
2800 4142 2895 4193 καὶ
2918 4141 3142 4209 κύματι,
3185 4140 3263 4209 τῷ
3291 4139 3469 4208 θαλλῷ
3494 4140 3592 4209 τὴν
3616 4140 3797 4208 ψῆφον
3852 4140 4022 4192 τίθεν-

753 4233 935 4301 procul
972 4232 1038 4283 ab
1075 4232 1140 4283 iis
1178 4230 1340 4283 rebus
1396 4230 1485 4292 sit,
1536 4244 1670 4296 quas
1718 4228 1936 4295 quidem
1990 4226 2184 4293 partim
2234 4240 2331 4293 pro

2438 4253 2545 4287 ται.
2578 4232 2667 4303 Τῷ
2693 4232 2867 4301 θαλλῷ
2902 4231 2944 4284 δ’
2974 4234 3102 4284 ὅταν
3138 4231 3275 4282 εἴπω
3300 4271 3313 4293 ,
3344 4234 3408 4299 τῇ
3444 4230 3613 4299 θεῷ¹³
3641 4230 3788 4297 λέγω
3808 4245 3823 4261 ⁶
3865 4229 4020 4297 Ἀθη-

750 4325 969 4378 civitate
1017 4322 1249 4389 majores
1298 4321 1409 4374 illic
1452 4318 1775 4387 jacentium,
1818 4321 2012 4387 partim
2062 4334 2188 4371 vero
2236 4333 2332 4386 pro

2439 4326 2535 4385 νᾶς
2566 4322 2696 4389 γὰρ,
2725 4315 2901 4389 οἶμαι,
2937 4319 2998 4370 τὸ
3030 4318 3337 4385 γνώρισμα.
3361 4317 3523 4369 Ἀλλὰ
3554 4317 3660 4387 γὰρ
3686 4319 3785 4385 οὑχ
3809 4318 3838 4369 ὅ
3864 4334 3915 4368 τι
3944 4334 4021 4375 τις

752 4419 1003 4471 Univcrsa
1057 4414 1265 4468 Grzccia
1322 4414 1413 4465 lilii
1474 4422 1727 4479 parentes
1786 4428 1913 4465 suos
1966 4411 2179 4473 imitati,
2236 4425 2332 4477 per

2438 4410 2676 4461 τοιοῦτον
2702 4408 2829 4476 εἴπῃ
2856 4406 2897 4437 ⁸⁸
2925 4404 3161 4475 χαλεπὸν
3206 4406 3410 4475 εὑρεῖν,
3460 4405 3572 4457 ἀλλ’
3615 4400 3761 4475 [οὖν]
3788 4406 3832 4435 ¹¹
3876 4406 4021 4465 ὅπως

751 4524 965 4561 onmem
991 4516 1206 4559 aetatem
1238 4514 1292 4558 et
1322 4504 1721 4557 successionem
1753 4506 1927 4570 gentis
1960 4501 2328 4554 fortitudinem

2444 4503 2515 4569 μὴ
2535 4500 2744 4559 τούτοις
2777 4499 3041 4567 ἑπόμενος
3082 4498 3272 4566 πόρρω
3325 4496 3431 4547 τῶν
3468 4497 3722 4565 πράξεων
3771 4498 4017 4565 γένηται,

754 4600 1090 4668 proferentcs
1114 4602 1504 4662 susceperunt.
1542 4592 1949 4645 lleraclidarum
1985 4606 2114 4644 vero
2143 4602 2331 4659 poten-

2439 4591 2503 4645 ἃς
2532 4588 2687 4641 τοῦτο
2719 4590 2815 4657 μὲν
2852 4588 2991 4657 ὑπὲρ
3014 4590 3112 4656 τῆς
3162 4586 3372 4649 πόλεως
3405 4589 3453 4639 οἱ
3512 4588 3620 4639 τῶν
3664 4589 3792 4656 τῇδε
3829 4587 4016 4655 κειμέ-

756 4691 885 4741 tiam
943 4688 1323 4748 admittentes,
1375 4685 1597 4737 alterius
1650 4684 1865 4751 quidem
1914 4682 2137 4749 injurias
2180 4698 2330 4737 com-

2442 4701 2547 4734 νων
2578 4682 2855 4751 πρόγονοι,
2886 4680 3044 4731 τοῦτο
3072 4680 3129 4731 δέ
3183 4678 3326 4748 ὑπὲρ
3375 4678 3474 4746 τῆς
3522 4679 3648 4747 ὅλης
3687 4679 3731 4707 ’⁸
3774 4678 4019 4736 Ἑλλάδος

754 4787 1107 4845 ρηεςιιετυιιι,
1156 4776 1259 4829 sibi
1306 4790 1435 4827 vero
1488 4774 1763 4827 fortunam
1820 4782 2119 4835 mutantes,
2172 4772 2330 4827 totius
2372 4833 2405 4845 λ

2372 4833 2405 4845 λ
2441 4776 2660 4843 ἤραντο,
2697 4773 2884 4833 παῖδες
2919 4771 3160 4841 πατέρας
3200 4770 3549 4840 μιμούμενοι,
3580 4770 3674 4822 καὶ
3714 4769 3805 4821 διὰ
3842 4769 4019 4836 πάσης

756 4869 1107 4937 1¹ι·Ιοροιιιιρεί
1152 4882 1308 4936 reges
1351 4880 1448 4932 pro
1494 4864 1769 4917 exsulibus
1822 4862 2083 4917 fecerunt.
2130 4863 2333 4918 Invidia
2370 4833 2410 4885 Ι)

2370 4833 2410 4885 D
2440 4865 2655 4934 ἡλικίας
2682 4880 2737 4914 τε
2770 4863 2901 4932 ὁμοῦ
2923 4863 3016 4915 καὶ
3045 4862 3296 4930 διαδοχῆς
3349 4861 3445 4913 τοῦ
3470 4862 3661 4928 γένους
3694 4862 3797 4929 τὴν
3856 4859 4016 4926 εὐψυ-

756 4970 933 5013 autem
967 4969 1092 5012 tunc
1124 4958 1381 5025 temporis
1428 4956 1480 5007 in
1514 4955 1653 5007 hanc
1685 4953 1877 5008 urbem
1918 4955 2017 5007 tria
2052 4955 2187 5009 bella
2235 4955 2338 5011 Do-

2435 4958 2556 5025 χάν
2586 4954 3067 5016 καταϐιϐάζοντες.
3115 4952 3475 5019 Ἡρακλείδας
3526 4951 3581 5003 δέ
3627 4951 4016 5018 ὑποδεξάμενοι

760 5052 929 5105 ricum
975 5050 1154 5115 simul,
1185 5060 1237 5102 et
1277 5047 1573 5099 Bmoticum
1626 5055 1681 5100 et
1730 5047 1951 5115 insuper
1984 5046 2338 5102 Chalcidense

2435 5050 2525 5099 τὸν
2560 5048 2658 5115 μὲν
2693 5046 2981 5113 ὑϐρίζοντα
3013 5045 3111 5113 τῆς
3144 5043 3496 5113 παρανομίας
3532 5042 3806 5103 ἔπαυσαν,
3836 5042 4012 5100 αὐτοῖς

756 5144 1121 5197 concitarunt.
1152 5138 1349 5210 364a
1382 5137 1500 5203 Qua
1532 5137 1694 5206 igitur
1723 5138 1936 5191 ratione
1968 5136 2051 5191 his
2088 5138 2337 5191 omnibus

2437 5139 2625 5209 δὲτὴν
2688 5138 2858 5207 τύχην
2924 5137 3257 5206 ἀμείψαντες
3306 5134 3560 5203 βασιλέας
3606 5133 4014 5201 Πελοποννήσου

758 5234 888 5286 nubs
918 5232 1155 5286 restitit?
1184 5231 1511 5285 Ceciderunt
1539 5228 1732 5291 Boeoti,
1760 5228 1929 5283 Dores
1957 5227 2156 5282 servati
2187 5228 2339 5295 quie-

2440 5232 2620 5298 rtioq;
2652 5230 2773 5282 ἀντὶ
2792 5229 3045 5296 φυγάδων
3064 5228 3102 5258 ¹⁷
3140 5227 3489 5296 εἰργάσαντο.
3541 5226 3798 5292 Ἐκίνησε
3828 5225 4012 5292 φθόνος

758 5333 988 5387 verunt;
1040 5320 1427 5375 Chalcidenses
1482 5333 1671 5373 omnes
1729 5318 1943 5371 abducti
2004 5328 2147 5371 sunt.
2210 5316 2334 5369 Tria

2447 5319 2843 5392 [59211.]1t01é
2870 5318 3008 5371 κατὰ
3060 5319 3158 5387 τῆς
3193 5318 3401 5379 πόλεως
3449 5315 3691 5385 Δωρικὸν
3723 5315 3862 5383 ὁμοῦ
3921 5313 4010 5364 καὶ

762 5428 891 5469 vero
949 5424 1075 5469 tunc
1134 5413 1252 5466 lixit
1304 5420 1540 5479 tropma,
1587 5410 1681 5463 sed
1734 5409 1996 5463 illustrior
2043 5417 2126 5461 est
2174 5421 2334 5474 quam

2445 5411 2699 5463 Βοιώτιον
2735 5412 2829 5463 καὶ
2860 5409 3086 5481 προσέτι
3134 5408 3446 5461 Χαλκιδέων
3488 5406 3598 5459 τῶν
3648 5405 3744 5457 ἀπ’
3798 5404 4014 5463 Εὐϐοίας

2075 5564 2303 5620 νΑῐΠΑΞ
2339 5566 2748 5623 LECTIONES.

837 5686 1305 5766 fépijthn‘qvuﬁj
1328 5684 1752 5766 Wernsdorlius:
1800 5695 1841 5765 ‘7
1868 5682 2113 5766 πλώῖμος
2138 5702 2196 5766 ς.
2262 5684 2281 5716 ⁸
2306 5683 2635 5766 καθ⁹ἐαυτοῦ
2654 5684 2791 5766 (λη’
2823 5682 2924 5766 μὲν
2952 5679 3204 5766 umz‘B.“
3295 5678 3440 5730 ἆπαν
3468 5678 3570 5766 Β.η
3590 5675 4013 5766 ’ξπρούὸάὲλειξο

774 5744 923 5814 ΑΒοί
969 5744 1039 5791 U”
1064 5757 1142 5829 τε]
1165 5744 1223 5810 τε
1253 5744 1435 5819 ἐλαίας
1458 5757 1518 5811 (3.
1573 5757 1614 5788 ”
1638 5758 1702 5825 τῇ
1726 5753 1832 5820 θεῷ
1862 5755 1901 5807 Α
1929 5744 2058 5824 ετῆν
2090 5744 2207 5808 θεδν
2237 5772 2293 5817 ς.
2360 5756 2399 5785 ¹⁵
2422 5755 2563 5807 εἴποι
2599 5752 2655 5806 Β.
2721 5752 2763 5783 ¹³
2791 5744 2881 5805 οὖν
2913 5766 3019 5804 cm.
3054 5752 3112 5804 C.
3163 5751 3205 5784 ¹⁶
3228 5748 3353 5815 ὅλης
3386 5762 3497 5802 om.
3530 5746 3591 5803 C.
3622 5748 3664 5778 ¹⁷
3700 5744 3938 5815 φυγάδος
3955 5744 4006 5793 Β.
