4206 6436
220 415 356 481 1361

1214 422 1733 487 BIBLIOTHECA.
1767 449 1839 463 —
1874 426 2038 489 COD.
2066 427 2372 490 CCXLIII.

3330 416 3467 483 1342

196 530 264 579 ἐκ
283 526 473 597 τρίτου
508 528 765 600 πόλεμον.
805 530 929 592 Πῶς
955 526 1050 585 οὖν
1080 531 1252 587 ἅπασι
1283 535 1496 597 τούτοις
1564 536 1597 604 ή
1633 535 1787 599 πόλις

1892 538 2117 592 victoria
2152 538 2430 593 celeritas.
2465 534 2587 591 Uno
2616 532 2704 589 die
2744 530 2961 587 Eubmis
3001 538 3058 585 et
3104 527 3307 583 Boeotis
3352 537 3469 584 tro-

198 620 479 690 ἀντέστης
514 619 743 673 ἔπιπτον
786 622 1031 686 Βοιωτοὶ,
1075 625 1301 693 Δωριεῖς
1325 626 1554 693 ἠγάπων
1613 624 1787 690 σωζό-

203 726 384 776 μενοι,
419 711 707 773 Χαλκιδεῖς
745 711 982 773 ἇπαντες
1014 714 1227 783 ἤγοντο,
1263 716 1388 784 τρία
1436 715 1491 767 δὲ
1544 716 1789 785 εἱστήκει

199 798 463 867 τρόπαια.
495 800 614 852 Τῶν
637 801 692 854 δὲ
717 804 991 871 τροπαίων
1020 804 1080 855 τὸ
1108 805 1270 873 τάχος
1312 806 1429 857 ἐστὶ
1471 806 1787 878 λαμπρότε-

204 904 300 953 ρον
320 903 338 917 ·
374 891 435 943 τὸ
468 891 577 958 γάρ
601 891 720 944 κατ’
756 891 981 954 Εὐϐοίας
1001 893 1093 945 καὶ
1120 894 1371 946 Βοιωτῶν
1396 896 1524 964 μιᾶς
1552 891 1619 966 ἦν
1653 897 1789 967 ήμέ·

205 996 313 1049 ρας
369 982 431 1033 τὸ
489 984 918 1054 συναμφότερον.
987 984 1147 1036 Ἀλλά
1200 986 1311 1056 γάρ
1361 986 1515 1040 ἔοικα
1563 990 1695 1042 πᾶσι
1728 989 1788 1041 τὸ

202 1072 378 1141 μέρος
404 1073 710 1127 ἀποδιδόναι
772 1076 871 1145 τῆς
925 1076 1199 1147 εὐφημίας
1256 1077 1576 1149 βουλόμενος
1609 1081 1720 1143 τοῖς
1744 1081 1788 1115 ¹⁵

200 1161 322 1213 ἄνω
353 1163 561 1232 χρόνοις
598 1165 739 1236 ὑπὲρ
772 1166 864 1234 τῆς
896 1167 1155 1239 πατρίδος
1196 1168 1291 1221 καὶ
1323 1169 1521 1234 παντὸς
1544 1169 1665 1237 ζτοῦ
1700 1171 1789 1238 γέ-

202 1268 336 1313 νους
366 1253 506 1305 κατὰ
546 1254 645 1317 τὰς
678 1256 858 1325 μάχας
908 1258 1287 1328 πρωτεύσασιν
1312 1260 1379 1325 ",
1416 1259 1540 1313 οὗτε
1577 1264 1787 1325 τούτοις

1890 641 2003 697 paza
2026 637 2207 682 erecta
2242 636 2389 683 sunt.
2424 625 2633 680 Etenim
2665 638 2787 678 cum
2816 622 3037 691 cupiam
3073 620 3327 677 omnibus
3356 619 3470 688 glo-

1894 717 1989 772 ria:
2033 718 2267 789 aliquam
2311 726 2519 786 partem
2567 716 2634 771 iis
2683 714 2941 773 tribuere.
2973 714 3063 782 qui
3098 709 3470 781 superioribus

1890 806 2000 863 illis
2047 808 2379 879 temporibus
2418 821 2515 876 pro
2560 805 2757 876 patria,
2806 804 3061 872 omnique
3110 800 3469 872 pepnlo,.pu-

1891 901 2106 970 gnando
2135 899 2335 969 primas
2379 896 2650 961 ferebam,
2684 896 2829 950 visus
2872 907 2988 948 sum
3026 906 3092 946 ne
3138 892 3222 945 his
3250 890 3469 959 quidem

1895 992 2028 1047 satis
2066 992 2280 1061 dignam
2316 990 2632 1054 contulisse,
2666 1003 2844 1043 rerum
2881 998 3157 1057 gestarum
3199 982 3473 1052 magnitu-

1895 1083 2076 1137 dinem
2112 1082 2400 1136 verborum
2440 1081 2685 1138 exilitate
2728 1078 3042 1142 deterendo,
3074 1088 3247 1143 neque
3293 1072 3471 1127 attin-

1895 1175 2067 1245 gendo
2095 1190 2158 1229 ea
2196 1189 2423 1245 quorum
2472 1175 2684 1229 laudem
2734 1172 3003 1227 auditores
3036 1169 3240 1239 pridem
3276 1182 3472 1237 exspe-

1896 1275 2107 1321 ctantes
2140 1266 2403 1336 indignari
2437 1266 2705 1329 videntur,
2736 1264 2876 1332 quod
2902 1276 3089 1317 eorum
3126 1259 3217 1315 liat
3247 1259 3472 1313 minime

201 1341 305 1409 τὴν
330 1344 485 1405 ἀξίαν
514 1350 698 1415 τηρεῖν
730 1350 806 1416 τῷ
834 1348 895 1399 τὸ
927 1350 1155 1418 μέγεθος
1173 1351 1285 1403 τῶν
1308 1352 1556 1428 πράξεων
1590 1354 1649 1405 ἐν
1702 1352 1782 1424 τῷ

1892 1356 2150 1412 desiderio
2179 1358 2330 1411 satis.
2371 1356 2495 1410 [Lee
2526 1356 2691 1425 igitur
2716 1355 2835 1421 jam
2878 1354 3123 1408 oratione
3160 1350 3467 1405 tractanda.

202 1433 317 1484 τῶν
345 1434 518 1500 λόγων
544 1438 697 1506 τάχει
723 1438 1189 1508 συγκρύπτεσθαι,
1234 1441 1329 1494 καὶ
1378 1443 1543 1511 μήπω
1574 1443 1783 1496 τούτων

204 1527 646 1593 προσάπτεσθαι,
678 1523 754 1582 ὧν
785 1533 817 1599 ἡ
838 1531 942 1583 τῶν
969 1533 1336 1602 ἀκροωμένων
1359 1536 1657 1604 προσδοκία
1689 1537 1784 1606 ζη-

201 1616 378 1669 τοῦσα
404 1620 569 1672 πάλαι
591 1621 684 1673 τὸν
715 1622 938 1675 ἔπαινον
971 1624 1257 1693 ἀσχάλλειν
1284 1624 1457 1678 ἔοικεν
1507 1628 1587 1679 ὅτι
1619 1630 1786 1698 μήπω

1886 1445 2217 1502 Necessitate
2274 1461 2407 1500 vero
2463 1462 2647 1516 parem
2704 1444 2935 1499 dicendo
2993 1458 3098 1497 non
3158 1456 3298 1507 esse,
3363 1456 3467 1494 non

1891 1538 2013 1594 unis
2084 1538 2358 1607 proprium
2437 1537 2685 1604 crimen,
2736 1536 2830 1592 sed
2887 1548 3173 1590 commune
3229 1531 3471 1587 omnium

1894 1629 2077 1686 fuerit.

201 1712 305 1778 τῆς
352 1711 643 1780 ἐπιθυμίας
675 1714 1033 1782 ἐμπίπλαται.
1088 1716 1298 1769 Οὐκοῦν
1350 1717 1443 1770 ἐπὶ
1469 1718 1640 1772 ταῦτα
1688 1720 1788 1791 ήδη
1831 1719 1969 1773 ίτέον
2002 1721 2080 1791 τῷ
2100 1722 2261 1793 λόγῳ.
2299 1722 2372 1775 Τὸ
2400 1722 2456 1776 δέ
2489 1720 2549 1787 ἐξ
2575 1717 2822 1789 ἀνάγκης
2878 1715 3273 1771 ἀπολείπεσθαι
3341 1714 3473 1785 μέλ-

201 1800 320 1855 λεν
351 1803 459 1855 τῶν
496 1804 768 1873 πράξεων,
799 1806 879 1858 ὅτι
920 1806 1096 1859 κοινὸν
1132 1807 1408 1872 ἁπάντων,
1469 1809 1681 1873 οὐδενὸς
1728 1810 1792 1863 ἂν
1826 1810 1913 1881 εἴη
1942 1811 2148 1865 δίκαιον
2178 1812 2450 1883 ἔγκλημα.

278 1896 488 1965 Πέρσαι
553 1896 753 1965 κλῆρον
806 1897 904 1950 ἕνα
943 1898 1041 1968 τὴν
1088 1899 1177 1968 ὑφ’
1212 1900 1348 1970 ήλίῳ
1394 1902 1575 1955 πᾶσαν
1607 1901 1781 1968 δεῖξαι

1959 1902 2137 1960 Persa:
2169 1916 2337 1959 totum
2370 1913 2636 1958 terrarum
2668 1899 2854 1955 orbem
2896 1913 3002 1954 uno
3031 1912 3198 1968 regno
3227 1896 3471 1954 volentes

200 1988 317 2049 τοῖς
342 1987 526 2049 ὅπλοις
558 1986 889 2058 βουλόμενοι,
924 1990 1104 2060 μικρῷ
1149 1991 1304 2063 μέρει
1349 1992 1429 2063 τῷ
1457 1994 1592 2063 πρὸς
1622 1994 1785 2047 ἐσπέ-

206 2095 310 2146 ρον
364 2078 651 2148 πληρῶσαι
699 2080 797 2149 τὴν
827 2080 1125 2149 ἐπιθυμίαν
1171 2080 1518 2150 ἀπείργοντο.
1596 2084 1687 2147 Ὠς
1741 2085 1785 2137 δ’

202 2171 369 2234 ἀφεὶς
397 2169 490 2221 ἀπ’
514 2170 559 2200 ¹⁹
593 2170 795 2233 Ἰωνίας
818 2173 845 2223 6
875 2172 1076 2236 στόλος,
1117 2174 1210 2225 καὶ
1244 2174 1409 2227 πάλιν
1454 2176 1783 2246 ἀποκρύψας

203 2258 408 2328 πλήθει
444 2260 657 2314 νεῶντδ
708 2262 1054 2333 φαινόμενον,
1108 2265 1238 2335 περὶ
1281 2265 1380 2328 τὰς
1440 2267 1637 2336 νήσους
1688 2267 1787 2331 τάς

202 2349 330 2402 κατ’
364 2352 582 2419 Δίγαίον
605 2353 871 2422 ἐσχίζετο,
918 2353 1080 2425 [1108
1127 2354 1219 2427 8.]
1264 2357 1365 2427 τὴν
1420 2356 1519 2427 μὲν
1573 2358 1819 2425 Ναξίων⁵

203 2442 366 2493 πόλιν
393 2443 527 2511 προς
556 2444 652 2513 τὴν
694 2445 962 2497 θάλατταν
993 2446 1152 2509 εὐθὺς
1185 2448 1488 2517 μερίζεται,
1551 2452 1615 2520 τῇ
1679 2452 1779 2521 μὲν

204 2533 369 2600 ἀφεὶς
391 2534 431 2563 ¹¹
466 2534 603 2603 μετά
628 2535 725 2604 τῆς
751 2528 1067 2607 ἐπωνυμίας
1092 2537 1377 2607 τοῦδαφος,
1413 2540 1576 2603 αὐτὸς
1607 2542 1665 2594 δὲ
1720 2542 1781 2595 τὸ

204 2624 366 2688 γένος
394 2626 471 2688 είς
494 2626 589 2688 τάς
616 2627 860 2697 τριήρεις
890 2628 1176 2698 ἐνθέμενος
1202 2646 1215 2659 ⁸
1255 2631 1347 2683 τὸν
1366 2632 1422 2684 δὲ
1465 2632 1787 2703 Ἐρετριέων

204 2714 380 2783 δῆμον
400 2716 578 2768 ὅπλων
604 2716 703 2786 μὲν
729 2717 831 2771 οὐκ
864 2716 1123 2786 ἠξίωσαν,
1192 2719 1451 2773 ἐλάττονα
1508 2720 1781 2792 Περσικοῦ

206 2804 448 2874 πολέμου
475 2806 572 2875 τὴν
600 2806 770 2878 τύχην
803 2808 982 2861 αὐτῶν
1005 2808 1347 2878 νομίσαντες,
1381 2812 1524 2881 χειρὶ
1548 2813 1603 2866 δὲ
1632 2816 1791 2882 χεῖρα

208 2896 413 2959 πάντες
438 2898 683 2967 ἀλλήλων
739 2900 1055 2969 συνέχοντες
1118 2902 1415 2971 σαγηνείας
1465 2904 1650 2957 είκόνα
1688 2904 1788 2975 τὴν

212 2988 548 3059 Ἐρετριέων
572 2990 780 3058 ἔδειξαν
807 2992 1091 3063 πόρθησιν.
1145 2992 1298 3046 Ἐπεὶ
1356 2992 1413 3047 δὲ
1444 2994 1541 3048 καὶ
1592 2996 1789 3067 Μαρα-

207 3081 383 3146 θῶνος
418 3084 647 3153 ἥψαντο,
678 3085 748 3137 τά
780 3085 879 3155 μὲν
906 3085 1014 3137 τῶν
1036 3086 1267 3140 ἐλπίδων
1286 3087 1573 3157 ἠφάνιστο,
1618 3088 1791 3156 ἐγνώ-

210 3191 372 3243 ρισαν
405 3175 459 3229 δὲ
482 3176 658 3240 καλῶς
684 3176 773 3231 διὰ
800 3177 897 3247 τῆς
922 3177 1119 3249 πείρας
1148 3178 1411 3245 μαθόντες
1435 3178 1559 3232 ὅσον
1603 3179 1664 3231 τὸ
1695 3180 1789 3250 μέ-

208 3284 307 3330 σον
339 3266 659 3337 Ἐρετριέων
690 3268 784 3321 καὶ
810 3268 909 3336 τῆς
936 3269 1209 3342 ἡμετέρας
1267 3269 1494 3331 πόλεως.
1544 3269 1677 3323 Τότε
1707 3288 1789 3334 τις
1817 3251 1860 3308 C

206 3358 303 3410 καὶ
331 3359 470 3411 κατὰ
494 3358 753 3430 τριήρους
804 3358 932 3430 ὅλης
962 3359 1213 3422 ναυτικὸς
1267 3358 1605 3431 στρατιώτης
1645 3362 1791 3415 ἐτόλ·

209 3465 390 3518 μησεν
420 3463 433 3477 ·
476 3448 797 3520 ἐπιδραμὼν
825 3450 934 3518 γάρ
962 3452 1073 3513 τοῖς
1102 3448 1394 3518 φεύγουσιν
1420 3452 1498 3514 είς
1548 3452 1645 3522 τὴν
1697 3453 1793 3506 θά-

206 3543 415 3594 λασοαν
444 3539 728 3610 Φοινίσσης
761 3538 897 3603 νεὼς
922 3539 1279 3609 λαμϐάνεται,
1301 3541 1584 3611 κρείττονα
1613 3542 1791 3608 δεξιάν

208 3633 357 3702 ἔχειν
389 3632 648 3701 τριήρους
678 3631 805 3701 ὅλης
833 3633 1098 3701 οἰόμενος.
1129 3631 1415 3696 Δείσαντες
1446 3634 1501 3687 δὲ
1519 3634 1662 3705 ὑπὲρ
1692 3636 1791 3705 τῆς

205 3721 470 3790 τριήρους
497 3720 545 3771 oi
582 3718 867 3790 βάρϐαροι,
909 3719 983 3790 μὴ
1036 3720 1215 3785 δεξιᾶς
1272 3721 1525 3791 Ἀττικῆς
1566 3725 1789 3794 γένηται

206 3814 473 3883 λάφυρον,
513 3811 730 3865 πελέκει
762 3812 862 3881 τὴν
884 3814 1041 3883 χεῖρα
1074 3811 1409 3883 μερίζουσιν.
1446 3814 1504 3868 '0
1559 3816 1617 3868 δὲ
1648 3816 1789 3887 πλη-

204 3906 328 3975 γεὶς
369 3905 544 3958 ἔκειτο
597 3906 697 3975 τῆς
746 3906 845 3975 μὲν
885 3910 1065 3976 χειρὸς
1107 3909 1515 3979 ἀφαιρεθε¹ις”,
1576 3912 1675 3982 τῆς
1732 3911 1789 3965 δὲ

206 3999 471 4068 τριήρους
500 3996 781 4067 ἐχόμενος.
829 3992 901 4051 Ὠ
952 3998 1159 4069 πρῶτοι
1206 4001 1305 4071 τὴν
1352 4000 1578 4071 Περσῶν
1620 4002 1790 4073 τύχην

209 4090 556 4158 ἐλέγξαντεςί
593 4083 637 4143 ὦ
674 4088 957 4160 κρείττους
1019 4091 1117 4160 τῆς
1168 4092 1518 4165 ἀνθρωπίνης
1564 4095 1780 4163 φύσεως

208 4179 368 4241 νίκας
394 4179 745 4249 νικήσαντεςί
778 4172 821 4231 ὦ
851 4178 988 4248 μετὰ
1024 4178 1379 4250 διηγημάτων
1435 4182 1718 4247 πεσόντες,
1750 4183 1787 4237 ἀ

212 4270 356 4340 μήτε
383 4268 490 4340 πρὸ
522 4269 675 4338 ὑμῶν
707 4271 842 4339 μήτε
873 4269 991 4339 μεθ’
1028 4269 1170 4339 ὑμᾶς
1218 4272 1245 4323 6
1284 4272 1473 4341 χρόνος
1522 4273 1784 4343 ήνεγκενί

213 4356 261 4415 ὦ
298 4361 625 4430 σεμνότερον
682 4362 943 4430 τροπαίου
983 4360 1153 4429 τάφον
1232 4363 1596 4431 κτησάμενοιί
1630 4358 1675 4416 ὧ
1728 4364 1790 4416 τὸ

209 4452 555 4522 Μαραθῶνος
620 4452 793 4522 ὄνομα
838 4454 950 4515 τοῖς
991 4451 1143 4519 ήλίου
1203 4451 1422 4522 δρόμοις
1472 4453 1787 4506 συναποτεί-

206 4548 426 4607 νοντεςί
465 4544 740 4614 Μαραθὼν
773 4544 870 4614 μὲν
891 4543 1003 4613 ἔχει
1024 4544 1091 4596 τὰ
1123 4542 1370 4613 σώματα.
1390 4544 1486 4607 τὰς
1528 4544 1583 4597 δέ
1612 4544 1787 4615 ψυχὰς

207 4639 255 4688 0i.
293 4635 693 4703 συστρατιῶται
729 4634 863 4697 θεοὶ,
891 4634 1041 4704 γῆδέ
1072 4634 1132 4686 τὸ
1188 4634 1342 4697 κλέος
1386 4636 1479 4687 καὶ
1528 4636 1785 4691 θάλαττα.

210 4725 567 4797 Θομουμένου
596 4726 652 4777 δὲ
682 4725 777 4778 τοῦ
797 4725 997 4794 Ξέρξου
1044 4725 1183 4778 κατά
1230 4724 1331 4793 τῆς
1384 4724 1592 4787 πόλεως
1640 4725 1794 4777 οὐδὲν

210 4818 320 4870 τῶν
350 4817 569 4871 πάντων
597 4815 892 4886 ἡσύχαζεν,
923 4815 1059 4870 ἀλλά
1106 4816 1214 4868 πᾶν
1266 4814 1414 4885 αύτῷ
1464 4818 1795 4869 συνεκινεῖτο

213 4910 307 4962 καὶ
330 4908 653 4972 συνεσείετο,
680 4907 933 4978 καθάπερ
960 4907 1294 4970 Ποσειδῶνος
1319 4906 1484 4961 αὐτοῦ
1511 4907 1792 4959 τινάσσον-

211 5018 302 5061 τος
323 5000 369 5030 ³³
396 4999 498 5068 γῆν
524 4998 659 5067 ὁμοῦ
679 5001 858 5052 πᾶσαν
903 5000 998 5052 καὶ
1028 4998 1299 5052 θάλατταν
1318 4998 1384 5053 ’⁸.
1438 4998 1510 5067 Γῆ
1537 4998 1667 5069 [593
1697 4998 1787 5069 IL]

213 5090 272 5144 δὲ
329 5090 425 5143 καὶ
470 5090 708 5143 θάλαττα
768 5090 869 5160 τὴν
933 5089 1182 5159 ἀλλήλων
1234 5088 1395 5158 φύσιν
1444 5090 1787 5159 ήλλάττοντο.

213 5184 339 5245 Τοῖς
359 5183 459 5253 μὲν
482 5182 745 5252 πορθμοῖς
772 5181 1010 5234 ἐπετίθει
1030 5180 1127 5251 τὴν
1151 5182 1395 5252 ήπειρον,
1432 5181 1531 5242 τὰς
1563 5180 1621 5233 δὲ
1668 5181 1792 5233 Φοι-

214 5274 403 5335 νίσσας
428 5273 518 5325 διὰ
540 5272 646 5325 τῶν
676 5272 885 5342 ίσθμῶν
907 5271 1173 5341 ἔπεμπεν.
1224 5270 1400 5341 Ὠφθη
1438 5272 1556 5325 τότε
1608 5271 1789 5340 πάσης

213 5364 431 5427 ἐλπίδος
466 5363 748 5435 κρείττονα
779 5363 1054 5434 θαύματα,
1086 5362 1253 5426 ἵππος
1302 5361 1425 5416 καθ’
1456 5361 1787 5433 Ἑλλησπόν-

214 5473 311 5509 του
331 5455 379 5487 ’³
400 5454 639 5527 Μηδικὴ,
672 5455 849 5509 καὶδι*
897 5454 1047 5508 Ἀθω
1103 5453 1271 5523 μέσου
1320 5454 1501 5515 στόλος
1550 5452 1794 5525 τριηρῶν

215 5548 592 5619 πεμπόμενος.
634 5547 914 5619 Ἀπείχετο
941 5546 986 5601 δ’
1008 5549 1036 5601 ό
1060 5546 1265 5619 Ξέρξης
1290 5547 1410 5601 οὐδὲ
1429 5546 1658 5615 ούρανοῦ
1678 5547 1794 5609 τοῖς

1890 1994 2184 2061 includere,
2226 2010 2320 2063 spe
2365 2008 2461 2047 sua
2511 1990 2755 2045 frustrati
2802 1998 2950 2053 sunt,
2989 2003 3111 2043 cum
3166 2003 3271 2041 una
3315 1994 3472 2056 parte

1893 2085 2251 2140 Occidentalis
2293 2084 2442 2154 regni
2473 2080 2825 2151 cupiditatem
2863 2077 3087 2148 implere
3127 2091 3235 2131 non
3281 2086 3469 2146 potue-

1888 2178 2015 2232 rint.
2063 2177 2265 2231 Classis
2313 2178 2455 2230 enim
2498 2189 2565 2229 ex
2619 2173 2764 2228 lonia
2827 2172 3083 2236 solvens,
3164 2170 3473 2237 iterumque

1889 2266 2233 2321 multitudine
2304 2266 2518 2319 navium
2597 2277 2782 2333 mquor
2866 2271 3087 2329 tegens,
3160 2259 3473 2327 insulasque

1887 2358 2055 2428 Αἰεωί
2101 2360 2285 2423 maris,
2318 2359 2578 2428 dissipata
2611 2365 2715 2412 est.
2750 2354 3042 2409 Naxiorum
3078 2353 3295 2422 quidem
3339 2349 3473 2405 civi—

1892 2465 2054 2508 tatein
2110 2454 2175 2507 ad
2226 2467 2376 2507 mare
2430 2452 2612 2506 statim
2676 2448 2915 2513 invadit,
2974 2447 3066 2502 ubi
3110 2461 3227 2501 eam
3283 2444 3471 2499 urbem

1891 2549 2132 2604 funditus
2176 2563 2277 2602 una
2313 2562 2434 2602 cum
2470 2546 2687 2600 nomine
2728 2544 3036 2607 diruerunt,
3068 2550 3123 2595 et
3152 2550 3369 2610 gentem
3416 2537 3470 2591 in

1892 2642 2141 2695 triremes
2169 2642 2551 2706 imposuerunt.
2579 2636 2768 2707 Opera:
2796 2636 3025 2705 pretium
3069 2648 3173 2687 non
3201 2633 3474 2685 duxerunt

1889 2750 2011 2786 cum
2062 2730 2463 2787 Eretriensibus
2515 2730 2681 2783 armis
2730 2730 3028 2789 decertare,
3073 2722 3217 2794 quod
3275 2736 3467 2776 eorum

1891 2821 2159 2877 fortunam
2206 2821 2423 2877 Persico
2460 2820 2601 2875 bello
2645 2818 2952 2873 inferiorem
2998 2822 3268 2885 putarent.
3328 2809 3475 2868 Inter

1890 2930 1951 2969 se
1991 2914 2240 2967 manibus
2268 2913 2534 2967 consertis
2563 2911 2635 2964 ita
2667 2912 2979 2964 invaserunt
3006 2905 3370 2971 Eretrienses,
3411 2916 3474 2958 ac

1891 3003 1936 3058 si
1980 3002 2034 3057 in
2079 3017 2275 3072 sageua
2319 3001 2724 3057 concluderent.
2758 2997 2889 3053 Cum
2934 2996 3306 3051 Marathonem
3348 2994 3475 3049 atti-

1890 3092 2116 3163 gissent,
2151 3106 2276 3159 spes
2320 3090 2641 3145 labefactata
2690 3096 2794 3142 est.
2844 3086 3020 3141 Probe
3067 3086 3214 3141 enim
3258 3086 3475 3152 experi-

1893 3194 2073 3237 mento
2100 3184 2241 3237 docti
2274 3181 2595 3245 didicerant,
2626 3187 2886 3249 quantum
2923 3177 3064 3231 inter
3092 3190 3191 3231 nos
3251 3183 3305 3230 et
3341 3174 3474 3229 Ere-

1898 3274 2133 3327 trienscs
2163 3273 2476 3327 interesset.
2507 3268 2645 3324 Tum
2694 3269 2901 3324 navalis
2929 3266 3147 3338 quidam
3184 3266 3339 3321 miles
3377 3268 3475 3320 ad-

1897 3375 2088 3417 versus
2141 3363 2405 3427 integram
2466 3360 2742 3415 triremem
2799 3373 2963 3413 ausus
3014 3368 3094 3414 est
3148 3359 3473 3427 depugnare.

1900 3452 2106 3521 Urgens
2142 3450 2407 3516 fugientes
2457 3451 2523 3505 ad
2564 3464 2713 3505 mare
2749 3449 3061 3515 thnicizr,
3109 3448 3229 3502 navi
3285 3462 3476 3501 manus

1897 3544 2113 3614 injecit,
2166 3544 2439 3599 fortiorem
2491 3542 2810 3598 existimans
2860 3551 2971 3597 tota
3031 3541 3157 3596 navi
3204 3539 3472 3594 dextram.

1896 3635 2065 3691 Veriti
2128 3644 2307 3691 autem
2372 3634 2632 3697 Barbari,
2696 3650 2765 3689 ne
2830 3633 2982 3687 navis
3036 3647 3225 3687 eorum
3285 3631 3477 3686 Attica:

1897 3727 2098 3780 dextrae
2146 3725 2199 3778 in
2238 3725 2473 3795 praedam
2518 3723 2759 3791 cederet,
2796 3722 2972 3778 securi
3021 3738 3243 3777 manum
3289 3736 3478 3792 ampu-

1897 3824 2013 3870 tant
2050 3832 2064 3869 :
2104 3817 2221 3885 ipse
2250 3830 2373 3871 vero
2419 3815 2638 3871 saucius
2671 3815 2789 3870 sine
2834 3829 2991 3867 manu
3026 3813 3273 3885 jacehat,
3319 3813 3476 3868 trire-

1896 3922 2037 3962 mem
2079 3917 2255 3961 tamen
2307 3909 2583 3961 mordicus
2638 3916 2846 3961 tenens.
2898 3903 2943 3961 0
2993 3921 3087 3961 vos
3139 3905 3337 3974 primi,
3384 3905 3475 3973 qui

1896 3996 2183 4052 Persarum
2241 3995 2508 4052 fortunam
2566 3997 2843 4052 illusis-tis!
2901 3994 2946 4051 Ο
2991 4010 3089 4051 vos
3129 3996 3221 4064 qui
3276 3993 3477 4063 majora

1896 4087 2111 4143 vincitis
2170 4104 2332 4157 quam
2391 4096 2584 4142 natura
2647 4089 2879 4143 humana
2939 4088 3248 4157 permittat!
3290 4084 3335 4141 Ο
3382 4084 3477 4156 qui

1896 4176 2219 4232 occutuhitis
2248 4194 2369 4232 cum
2403 4193 2465 4232 ea
2504 4194 2680 4232 rerum
2715 4187 2986 4248 gestarum
3036 4176 3286 4239 historia,
3315 4192 3476 4244 quam

1895 4280 2070 4344 neque
2120 4275 2243 4320 ante
2286 4280 2403 4329 vos,
2438 4279 2537 4320 nec
2583 4274 2702 4335 post
2742 4277 2953 4332 tempus
3000 4263 3158 4334 tulit}
3201 4262 3245 4318 0
3284 4264 3375 4333 qui
3414 4263 3479 4317 il-

1895 4358 2201 4413 lustriorem
2234 4356 2426 4428 3641)
2451 4358 2589 4410 nacti
2613 4358 2745 4411 estis
2769 4366 2967 4425 tropato
3002 4355 3353 4425 sepulturam,
3385 4354 3476 4424 qui

1896 4463 2090 4503 nomen
2126 4447 2457 4502 Marathonis
2481 4447 2609 4502 solis
2632 4448 2880 4502 cursibus
2924 4447 3248 4501 extenditis!
3297 4444 3477 4499 Mara-

1898 4540 2028 4593 thon
2063 4549 2208 4593 tenet
2239 4550 2414 4593 vesu'a
2461 4554 2711 4606 corpora,
2745 4539 2953 4592 animas
2993 4536 3093 4606 ipsi
3132 4538 3227 4603 dii,
3261 4538 3351 4606 qui
3383 4551 3477 4591 vo-

1895 4630 2105 4685 biscum
2140 4638 2467 4699 pugnarunt,
2496 4629 2717 4698 gloriam
2754 4638 2893 4682 terra
2929 4628 3171 4681 continuet
3204 4642 3267 4679 ac
3303 4642 3471 4681 mare.

1892 4724 2100 4777 Xerxes
2151 4734 2331 4776 autem
2389 4722 2513 4775 huic
2572 4723 2692 4775 urbi
2746 4720 2977 4775 infestus
3022 4719 3155 4773 nihil
3210 4720 3473 4773 intactum

1891 4814 2127 4884 reliquit,
2158 4814 2249 4869 sed
2298 4816 2477 4868 omnia
2524 4815 2774 4868 movebat
2813 4822 2869 4866 et
2909 4812 3276 4874 coneutiehat,
3310 4814 3473 4878 quasi

1892 4906 2173 4975 Neptunus
2229 4916 2427 4960 terram
2462 4915 2517 4958 et
2549 4906 2707 4958 simul
2745 4918 2893 4959 mare
2934 4914 3249 4957 concuteret
3282 4921 3294 4957 :
3333 4914 3474 4958 terra

1899 5008 1952 5053 et
1995 5014 2141 5052 mare
2182 5013 2332 5052 suam
2380 4998 2607 5051 invicem
2649 5006 2895 5049 naturam
2931 4997 3335 5064 permutahant.
3367 4995 3473 5048 lm-

1898 5090 2077 5159 posuit
2111 5098 2308 5143 terram
2343 5087 2516 5150 fretis,
2553 5097 2607 5141 et
2656 5085 2971 5142 Phoenicum
3007 5101 3171 5142 naves
3205 5102 3302 5155 per
3342 5102 3474 5140 con-

1897 5182 2156 5236 tinentem
2204 5181 2371 5235 misit.
2419 5178 2571 5234 Tunc
2616 5180 2765 5234 omni
2814 5193 2909 5247 spe
2957 5178 3161 5247 majora
3212 5179 3470 5230 miraculi

1895 5273 2164 5337 vidimus,
2216 5286 2311 5341 per
2365 5269 2769 5340 Hellespontum
2824 5271 3097 5338 equitatus
3154 5267 3468 5333 Medorum,

1898 5381 1995 5436 per
2049 5365 2315 5420 Athonem
2346 5364 2647 5419 triremium
2680 5363 2868 5418 classis
2909 5363 3011 5417 iter
3053 5361 3199 5417 fecit.
3240 5362 3381 5426 Quin
3417 5372 3472 5417 et

1893 5459 1959 5512 ad
1994 5456 2191 5511 coelum
2232 5469 2400 5525 usque
2445 5454 2726 5509 audaciam
2778 5468 2930 5508 suam
2968 5452 3176 5507 Xerxes
3202 5455 3468 5518 extendit,

1890 5559 1945 5604 et
1984 5550 2097 5604 suis
2143 5546 2465 5618 prodigiosis
2512 5545 2674 5602 factis
2719 5544 3007 5601 transiiivit
3037 5545 3227 5599 amari
3274 5545 3327 5599 in
3360 5554 3472 5600 ter—

1520 5662 1757 5719 νΑιιιΑε
1796 5661 2201 5719 LECTIONES.

303 5754 346 5827 ίέ
377 5753 511 5827 τοῖς]
561 5754 739 5810 malint
772 5758 882 5819 τοῖς
935 5755 1020 5827 ἐνΔ
1045 5756 1175 5818 τοῖς.

217 5825 344 5879 tiani
379 5824 596 5886 άυςεῖσα.
672 5829 715 5859 ³⁸
736 5824 1121 5896 ἀφαιρεθείσης
1156 5826 1220 5881 Δ.

1308 5756 1349 5792 ι’
1376 5754 1736 5808 ποωτεύσασα
1763 5772 1824 5808 ς.

1311 5772 1349 5792 ¹’
1376 5772 1736 5825 πρωτευσασα
1763 5772 1824 5819 ς.
1959 5772 2001 5787 "'
2022 5772 2115 5807 απ
2146 5772 2182 5807 Λ
2215 5774 2227 5809 2
2257 5772 2339 5807 επ
2375 5772 2434 5817 ς’.
2554 5772 2595 5789 ’⁸
2627 5772 2786 5819 αφεις
2811 5772 3025 5807 (τοσιεεδ

1311 5826 1352 5857 ⁸³
1387 5825 1589 5881 τινάσσ.
1623 5825 1719 5895 τὴν
1740 5824 1843 5896 γῆν
1871 5842 1926 5889 ς.
2009 5824 2052 5860 ³³
2087 5824 2355 5879 θάλασσαν
2388 5824 2446 5879 Β.
2526 5825 2569 5863 ³⁸
2595 5823 2952 5893 ἐλλήσποντον
2978 5836 3037 5885 ς’.

1957 5756 2001 5787 ⁹⁰
2022 5756 2115 5807 ἀπ’
2146 5758 2182 5807 Λ
2215 5774 2227 5809 :
2257 5755 2343 5807 ἐπ’
2375 5772 2434 5817 ς’.
2554 5754 2595 5789 ¹¹
2627 5751 2786 5819 ἀφεὶς
2811 5750 3025 5807 codices
3047 5747 3293 5807 llimerii.
3324 5746 3461 5805 Plio-
