4206 6436
781 387 915 454 1343

1920 393 2183 452 ΡΙΙΟΤΙΙ
2210 388 2713 451 ΡΛΤΙΗᾹΠΟΙΙΕ
2741 387 2851 444 CP.

3881 379 4024 445 13M

781 514 916 563 ram,
945 514 973 552 a
1010 507 1149 552 terra
1180 498 1233 552 in
1267 498 1482 561 caelum,
1522 497 1646 553 inde
1690 499 1742 553 itt
1788 501 1976 553 solent.
2012 498 2143 553 Nam
2185 499 2332 567 jacu—
2364 506 2403 557 Α

2441 497 2801 563 τολμήμασιν,
2832 491 2967 545 άλλά
3001 490 3185 560 μετῄει
3224 491 3317 542 καὶ
3356 488 3631 559 μετεπήδα
3659 491 3765 549 τοῖς
3806 488 4024 555 θαύμα-

778 589 895 643 lans
930 588 1056 643 solis
1098 590 1272 641 lumen
1324 590 1559 653 obtexit,
1610 590 1867 657 navigans
1897 588 2063 643 maris
2094 598 2338 642 naturam

782 681 1027 745 mutavit,
1057 681 1158 734 iter
1188 681 1388 733 faciens
1418 695 1539 735 cunt
1574 682 1814 735 exercitu
1848 691 1999 733 terra:
2032 680 2337 748 angustiam

782 774 1060 827 incusavit.
1128 774 1392 825 Praetereo
1451 774 1621 826 maria
1686 772 1992 825 triremibus
2054 780 2335 838 cooperta;

784 876 933 919 taceo
983 864 1277 918 exercitum
1341 874 1545 918 natura:
1609 879 1887 917 numerum
1951 862 2337 926 excedentem;

778 954 969 1007 omitto
999 964 1182 1019 gentes
1220 954 1491 1007 alimentis
1534 956 1835 1023 praebendis
1879 958 2135 1020 impares,
2166 963 2219 1007 et
2253 967 2339 1006 re-

778 1060 896 1113 gem
932 1046 1127 1112 ubique
1158 1056 1355 1099 metunt
1386 1046 1757 1106 incutientent,
1791 1045 2006 1097 ubinam
2039 1059 2165 1097 vero
2198 1056 2341 1097 esset

781 1147 992 1205 propter
1042 1138 1250 1204 copiam
1299 1138 1593 1202 exercitus,
1643 1138 1968 1206 ignoratum.
2027 1135 2341 1203 llujusutodi

783 1226 960 1297 itaque
1010 1230 1270 1293 tumultu,
1321 1244 1383 1283 ac
1440 1238 1588 1281 tanto
1636 1237 1842 1280 terrore
1899 1237 2043 1281 terra
2093 1229 2342 1285 universa

780 1324 1059 1383 fremente.
1102 1331 1154 1374 et
1196 1322 1445 1375 omnibus
1486 1320 1707 1377 Gracia:
1760 1324 2029 1377 interitum
2080 1336 2345 1391 auguran-

781 1415 941 1479 tibus,
971 1412 1022 1467 bi
1058 1415 1268 1483 quidem
1304 1423 1508 1467 tantum
1551 1418 1814 1470 commodi
1855 1417 1905 1468 itt
1944 1416 2343 1470 calamitatibus

778 1504 1085 1571 sperabant,
1118 1514 1377 1572 quantum
1418 1506 1485 1560 ab
1524 1506 1762 1573 ipsorum
1811 1508 2125 1560 civitatibus
2170 1506 2345 1559 Persa:

778 1594 1028 1647 abessent
1064 1612 1075 1647 :
1116 1596 1307 1648 civitas
1341 1608 1467 1648 vero
1512 1604 1693 1648 nostra
1736 1597 1845 1664 regi
1892 1598 2071 1650 omnia
2106 1595 2341 1649 turbanti

779 1699 883 1737 non
915 1685 1101 1747 cessit,
1132 1700 1229 1738 nec
1257 1694 1399 1739 metu
1433 1686 1686 1747 rumoris.
1720 1697 1873 1757 turpe
1898 1688 2023 1755 quid
2056 1698 2339 1755 antequam

777 1774 1093 1828 sentisceret
1130 1775 1389 1838 decrevit,
1419 1776 1511 1830 sed
1552 1779 1730 1830 statim
1773 1789 1890 1845 post
1927 1781 2151 1846 primam
2195 1781 2338 1848 lega-

780 1862 975 1916 tionem
1025 1879 1149 1933 rege
1194 1865 1437 1932 superior
1487 1865 1606 1918 fuit.
1637 1867 1755 1935 Ipse
1795 1868 2008 1933 quidem
2060 1871 2338 1923 servitutis

777 1954 1022 2022 poposcit
1059 1956 1392 2009 conditiones
1424 1971 1437 2009 :
1468 1955 1539 2009 illi
1573 1958 1833 2012 libertatis
1865 1960 2208 2013 remiserunt.
2236 1961 2340 2015 Ca-

776 2043 937 2112 pitale
978 2053 1094 2098 erat
1133 2045 1299 2112 siquis
1329 2045 1520 2115 legatis
1561 2062 1779 2100 munera
1825 2049 1997 2103 daret.
2037 2048 2179 2103 Nihil
2216 2064 2340 2104 vero

772 2131 992 2187 omnino
1028 2132 1147 2187 illos
1194 2138 1453 2197 terrebat,
1484 2136 1636 2200 nihil,
1675 2153 1769 2189 cur
1802 2138 2017 2192 virtutis
2060 2140 2341 2193 oblivisce-

779 2231 987 2286 rentur,
1014 2222 1297 2279 efﬁciebat.
1332 2222 1448 2278 Non
1486 2224 1878 2281 Lacedaemonii
1926 2230 2033 2298 jam
2068 2230 2215 2294 victi,
2248 2231 2337 2299 qui

773 2308 972 2363 Graecis
1015 2312 1149 2365 adeo
1194 2310 1531 2379 profuerunt,
1569 2325 1625 2367 ut
1670 2314 1880 2370 fortiter
1912 2318 2217 2371 dimicando
2246 2332 2339 2370 oc-

775 2400 1083 2466 cubueriut,
1126 2417 1232 2455 non
1265 2404 1541 2456 verberari
1583 2402 1797 2469 ﬂuctus,
1828 2422 1929 2458 non
1964 2410 2133 2475 puniti
2170 2408 2333 2469 venti,

771 2490 1024 2544 etmullis
1068 2501 1255 2545 contra
1309 2501 1560 2547 naturam
1606 2494 1899 2558 Barbarus,
1951 2498 2248 2550 terrebant.
2296 2498 2338 2551 Ο

775 2578 977 2647 majora
1014 2596 1174 2635 ausos
1216 2581 1396 2637 Xerxe
1444 2583 1649 2655 [contra
1679 2585 2009 2657 naturam]:
2047 2586 2090 2641 0
2131 2589 2340 2642 animos

770 2669 1051 2724 elementis
1100 2670 1347 2727 fortiores
1390 2674 1781 2730 ostendentes!
1820 2674 1864 2729 Ο
1890 2676 2172 2730 Persarum
2220 2678 2338 2732 telis

771 2761 951 2814 animo
988 2763 1373 2818 concidentes!
1411 2764 1455 2820 Ο
1487 2767 1697 2821 duobus
1737 2768 1952 2836 tropaeis
1977 2768 2202 2822 classem
2249 2771 2339 2822 de-

771 2866 888 2903 cem
936 2866 1197 2906 annorum
1249 2854 1571 2908 illttdentes!
1606 2856 1709 2910 Vos
1746 2871 1867 2910 eum
1901 2858 1992 2927 qui
2032 2872 2128 2926 per
2168 2866 2337 2912 totum

771 2940 957 2994 orbem
993 2951 1046 2995 et
1080 2958 1226 2997 mare
1274 2944 1389 3009 ivit,
1425 2945 1677 3014 coegistis
1726 2946 1907 3000 furtim
1949 2957 2004 3002 et
2044 2948 2340 3002 clementer

770 3030 997 3084 salutent
1032 3047 1184 3086 suam
1213 3050 1454 3101 qua‘rere
1489 3053 1502 3089 :
1533 3037 1621 3104 qui
1656 3036 1753 3090 soli
1790 3040 2101 3092 ostendistis
2140 3038 2337 3109 365a
2364 3066 2411 3125 ο

771 3123 1019 3177 omnibus
1076 3124 1388 3179 hominibus
1441 3140 1627 3181 omnes
1685 3128 1867 3197 copias
1921 3129 2121 3183 virtute
2176 3146 2337 3199 posse

773 3228 1035 3268 οοετςετι.

841 3413 946 3469 Sed
1005 3414 1117 3467 haec
1174 3414 1335 3468 etiam
1380 3413 1593 3469 silentio
1669 3427 2096 3483 prmtereamus,
2151 3428 2202 3471 et
2254 3418 2336 3470 fa-

770 3519 872 3563 cta:
894 3521 1013 3563 cum
1046 3522 1169 3575 rege
1222 3507 1369 3575 pacis
1428 3507 1788 3571 recordemur,
1824 3524 1942 3577 qua:
1970 3509 2108 3563 banc
2151 3511 2333 3563 urbem

771 3600 919 3653 omni
969 3608 1170 3667 tropmo
1221 3597 1569 3653 illustriorem
1624 3598 1817 3663 reddit,
1864 3606 1915 3652 et
1964 3599 2174 3651 merito.
2224 3597 2335 3651 lloc

768 3705 911 3759 saape
970 3690 1185 3743 fortuna
1242 3690 1333 3752 fit,
1376 3693 1469 3743 sed
1522 3692 1669 3755 illud,
1716 3704 1897 3759 regem
1946 3688 2173 3742 libenter
2219 3690 2335 3741 urbi

768 3782 963 3835 cedere
1019 3783 1193 3849 spatio
1250 3781 1462 3835 itineris
1506 3783 1629 3850 equi
1682 3783 1840 3837 unius
1892 3781 2026 3848 diei,
2070 3782 2335 3850 superiori

770 3874 901 3924 mari
930 3872 1220 3937 abstinere,
1247 3873 1384 3926 intra
1412 3871 1793 3937 Cltelitloneas,
1818 3882 1871 3926 et
1895 3872 2138 3944 Cyaneas
2172 3888 2339 3926 naves

770 3981 873 4016 non
915 3966 1149 4027 mittere,
1197 3965 1467 4032 quomodo
1516 3980 1622 4019 non
1665 3966 1928 4019 sinceram
1980 3968 2336 4036 undecunque

767 4054 885 4108 urbi
920 4053 1143 4123 gloriam
1196 4066 1349 4124 parat
1370 4055 1393 4107 τ

834 4207 1044 4263 Etenim
1085 4210 1486 4265 Atheniensium
1511 4212 1656 4265 varia
1693 4220 1909 4280 tropma,
1940 4219 1994 4266 et
2044 4212 2260 4266 navales
2284 4218 2339 4265 et.

766 4300 1041 4365 petlesttes
1071 4316 1295 4371 pugnas,
1331 4312 1384 4356 et
1409 4317 1511 4370 qua
1546 4304 1751 4356 ratione
1780 4303 2049 4374 tyrannidi
2082 4306 2336 4373 omnique

2447 604 2529 639 σιν
2564 586 2668 636 ἀπὸ
2701 584 2975 650 Θαλάσσης
2998 582 3083 633 ἐπ’
3114 582 3492 651 ἧπειρον,ἀπὺ
3520 579 3624 648 γῆς
3660 579 3749 631 ἀπ’
3786 580 4023 648 οὐρανὸν

2446 677 2655 729 ἐκεῖθεν
2681 677 2775 728 καὶ
2802 675 2950 744 ἣλιον
2973 692 2986 705 ·
3019 673 3113 726 τοῦ
3149 674 3245 742 μὲν
3265 675 3371 740 γὰρ
3398 672 3633 737 τοξεύων
3681 670 3742 722 τὺ
3770 671 3887 738 φῶς
3915 672 4021 723 άπο

2445 766 2733 832 ἐκρυπτεν,
2773 765 2870 830 τῆς
2908 761 2965 812 δὲ
2991 762 3168 812 πλέων
3198 762 3294 830 τὴν
3326 761 3488 828 φύσιν
3522 759 3770 829 ἥμασιν,
3822 760 3921 827 τῆς
3962 760 4021 810 δὲ

2446 854 2686 916 πεζεύων
2711 854 2809 922 τὴν
2839 854 3024 923 χρείαν
3048 854 3296 922 ἧλεγχεν.
3330 854 3440 905 Καὶ
3462 852 3652 904 σιωπῶ
3681 852 3897 921 πελάγη
3920 852 4020 919 μὲν

2446 950 2549 1000 ὑπδ
2573 949 2811 1018 τριηρῶν
2850 948 3225 1017 κρυπτόμενα,
3254 948 3594 1016 στρατόπεδα
3624 947 3723 1013 τῆς
3777 944 4017 1013 ἀριθμοῦ

2446 1038 2658 1105 φύσεως
2690 1038 2998 1106 κρείττονα,
3036 1036 3161 1105 ἔθνη
3188 1036 3241 1088 δὲ
3263 1036 3494 1088 δείπνων
3518 1035 3760 1103 δαπάνης
3793 1036 4018 1104 ἥττονα,

2450 1129 2674 1200 βασιλέα
2704 1129 2761 1179 δὲ
2792 1127 3068 1195 πανταχοῦ
3100 1127 3199 1196 μὲν
3230 1127 3356 1178 ὄντα
3382 1126 3461 1194 τῷ
3501 1126 3668 1193 φόϐῳ,
3696 1119 3759 1176 οὗ
3802 1125 3860 1177 δὲ
3916 1124 4019 1191 γῆς

2447 1222 2531 1284 εἴη
2556 1224 2622 1283 ’⁸,
2651 1219 2739 1271 διὰ.
2766 1220 2826 1271 τὸ
2860 1218 3064 1286 πλῆθος
3116 1217 3467 1269 λανθάνοντα.
3505 1216 3774 1268 Τοσούτου
3835 1217 4018 1267 τοίνυν

2447 1311 2674 1379 θορύϐου
2733 1313 2835 1379 γῆς
2892 1311 3110 1377 ἁπάσης
3167 1309 3491 1378 ὴχήσαντος,
3526 1309 3622 1360 καὶ
3677 1307 4021 1377 κρινομένων

2447 1404 2537 1453 ἐπὶ
2560 1402 2655 1470 τῆς
2704 1401 2949 1463 Ἑλλάδος
2974 1401 3083 1452 τῶν
3109 1400 3265 1461 ὅλων,
3294 1402 3343 1451 οί
3376 1398 3472 1467 μὲν
3521 1399 3670 1452 ἄλλοι
3702 1400 4019 1469 σύμπαντες

2446 1492 2699 1545 τοσοῦτον
2736 1495 2794 1545 ἐν
2822 1494 2930 1554 τοῖς
2956 1492 3145 1552 δεινοῖς
3180 1490 3480 1559 κερδαίνειν
3510 1489 3677 1558 ᾣοντο
3703 1492 3830 1542 ὅσον
3861 1492 4020 1542 ἀπεῖ-

2446 1600 2531 1633 ναι
2571 1583 2785 1649 Πέρσας
2816 1582 2925 1634 τῶν
2952 1582 3180 1644 πόλεων,
3209 1580 3269 1631 οὑ
3301 1579 3408 1649 μὴν
3432 1581 3569 1649 καὶὴ
3597 1580 3749 1641 πόλις
3777 1576 3889 1643 εἶξε
3921 1580 4019 1648 βα-

2450 1671 2588 1722 σιλεῖ
2614 1672 2683 1722 τε
2712 1671 2888 1722 πάντα
2912 1670 3128 1731 σείοντι,
3155 1669 3274 1721 οὐδὲ
3299 1668 3445 1735 φόϐῳ
3460 1669 3559 1736 τῆς
3577 1668 3766 1736 φήμης
3794 1668 4019 1735 αἰσχρόν

2440 1780 2491 1814 τι
2524 1761 2616 1813 καὶ
2650 1761 2754 1831 πρὸ
2782 1762 2878 1831 τῆς
2909 1761 3104 1829 πείρας
3127 1758 3443 1812 ἐδούλευσεν
3474 1761 3538 1823 ⁸⁷,
3576 1758 3690 1811 ἀλλ’
3719 1759 3830 1810 ἀπὸ
3850 1758 3896 1789 ’⁸
3919 1757 4017 1825 τῆς

2444 1852 2737 1920 πρεσϐείας
2784 1850 3005 1922 πρώτης
3030 1852 3075 1881 ²⁹
3121 1849 3385 1919 κρείττων
3428 1847 3689 1917 βασιλέως
3746 1848 4015 1915 ἐγίγνετο.

2453 1945 2510 1996 Ὀ
2546 1943 2644 2012 μὲν
2684 1944 2746 1995 τά
2768 1943 2867 2011 τῆς
2891 1942 3135 2004 δουλείας
3160 1941 3358 2011 ἀπῄτει
3409 1938 3677 2009 σύμϐολα,
3744 1940 3796 1990 οῖ
3860 1939 3918 1991 δὲ
3950 1940 4015 1989 τὰ

2440 2035 2537 2102 τῆς
2567 2034 2879 2102 ἐλευθερίας
2912 2032 3259 2101 ἀντέπεμπον
3286 2048 3301 2060 ·
3335 2027 3404 2100 ἦν
3438 2031 3541 2100 γὰρ
3592 2030 3824 2092 θάνατος
3853 2032 3887 2099 ἡ
3919 2030 4015 2097 τῆς

2440 2126 2733 2197 πρεσϐείας
2762 2125 3049 2185 ἀντίδοσις.
3097 2122 3313 2190 Ἐφόδει
3344 2122 3399 2174 δὲ
3430 2122 3627 2183 αὐτοὺς
3652 2121 3804 2173 οὐδὲν
3833 2121 3876 2152 ³⁸
3909 2120 4018 2172 τῶν

2441 2219 2712 2282 ἁπάντων,
2739 2217 2858 2268 οὐδὲ
2881 2215 3052 2268 ἐποίει
3078 2214 3177 2283 τῆς
3204 2213 3405 2282 ἀρετῆς
3434 2212 3913 2276 ἐπιλανθάνεσθαι,
3950 2211 4015 2265 οὐ

2440 2309 2855 2375 Λακεδαιμόνιοι
2891 2308 3183 2369 πίπτοντες
3228 2306 3322 2357 καὶ
3349 2306 3599 2357 τοσοῦτον
3630 2303 4017 2365 συντελοῦντες

2440 2403 2549 2460 τοῖς
2583 2400 2839 2467 Ἕλλησιν
2866 2400 2987 2451 ὅσον
3019 2397 3282 2468 ἀνδρείως
3318 2397 3459 2466 ὑπὲρ
3489 2396 3723 2449 θανάτου
3787 2395 4017 2463 βουλεύ-

2443 2490 2657 2555 σασθαι,
2720 2492 2779 2541 οὺ
2826 2490 3199 2559 μαστιζόμενα
3256 2490 3479 2558 κύματα
3530 2489 3625 2541 καὶ
3673 2487 4019 2555 κολαζόμενα

2442 2581 2729 2649 πνεύματα
2762 2584 2853 2633 καὶ
2881 2581 3101 2652 τρυφῶν
3155 2580 3428 2651 βάρϐαρος
3466 2578 3609 2632 κατά
3646 2579 3745 2647 τῆς
3775 2577 4016 2645 φύσεως.

2440 2670 2508 2725 Ὅ
2549 2672 2770 2741 μείζονα
2800 2673 3001 2744 Ξέρξου
3046 2672 3413 2741 τολμήσαντες
3435 2671 3511 2722 ³¹ί
3548 2664 3592 2722 ὦ
3648 2669 3828 2738 ψυχὰς
3880 2685 4023 2720 στοι-

2441 2765 2604 2832 χείων
2636 2764 2988 2835 βεὸαιοτέρας
3028 2762 3463 2831 ὲπιδειξάμενοιί
3497 2758 3770 2832 [Ηθθῐὶ]
3821 2753 3867 2811 ὦ
3902 2760 4019 2820 τοῖς

2443 2856 2665 2924 Περσῶν
2694 2855 3025 2921 τοξεύμασιν
3060 2854 3121 2905 οὑ
3156 2852 3522 2920 καλυφθέντες
3542 2852 3585 2883 ³¹
3636 2850 3697 2903 τὸ
3726 2849 4016 2919 φρόνημαί

2441 2946 2484 3001 ὦ
2512 2949 2603 2998 δύο
2642 2946 2924 3016 τροπαίοις
2968 2945 3198 3012 δεκαετῆ
3233 2945 3416 2997 στόλον
3453 2942 3808 3010 ὲλέγξαντεςι
3860 2943 4021 3009 ὑμεῖς

2443 3037 2531 3089 τὸν
2568 3039 2660 3087 ἐπὶ
2694 3038 2874 3087 πᾶσαν
2900 3036 3047 3087 ίόντα
3076 3035 3121 3065 ³³
3151 3034 3253 3102 γῆν
3272 3035 3363 3086 καὶ
3409 3032 3681 3086 θάλατταν
3713 3031 4020 3100 ἀγαπητῶς

2446 3127 2643 3193 κλέψαι
2675 3128 2773 3193 τὴν
2797 3124 3069 3193 σωτηρίαν
3103 3125 3581 3192 κατηναγκάσατε.
3610 3118 3682 3175 *Ω
3711 3122 3862 3192 μόνοι
3911 3123 4021 3174 δείο

2446 3218 2634 3283 ξιντες
2675 3216 2977 3285 ἀνθρώποις
3001 3214 3043 3245 ³⁸
3075 3216 3275 3267 ἄπεισιν
3313 3216 3394 3267 ὅτι
3430 3216 3580 3267 πᾶσα
3614 3214 3732 3283 χεὶρ
3763 3214 3859 3265 ὑπ’
3886 3216 4021 3284 ἀρε-

2443 3310 2540 3378 τῆς
2570 3309 2872 3376 ἐλέγχεται.

2529 3396 2687 3449 ’Λλλὰ
2718 3396 2819 3448 κᾶν
2858 3393 3027 3446 ταῦτα
3059 3396 3183 3463 σιγῇ
3235 3394 3616 3463 παρέλθωμεν,
3658 3392 3758 3446 κᾶν
3799 3398 3903 3464 τῆς
3948 3398 4022 3447 είο

2448 3487 2615 3557 ρήνης
2642 3485 2778 3556 πρὸς
2812 3484 3035 3554 βασιλέα
3058 3489 3429 3554 γεγενημένης
3464 3486 3954 3555 μνημονεύσωμεν,
3986 3488 4019 3554 ἦ

2447 3576 2645 3637 παντὸς
2684 3574 2945 3643 τροπαίου
2982 3575 3316 3643 σεμνοτέραν
3371 3574 3449 3625 ἔτι
3503 3574 3600 3642 τὴν
3645 3576 3798 3627 πόλιν
3860 3578 4023 3645 ἑργάο

2446 3668 2616 3729 ζεται.
2669 3666 2778 3717 Καὶ
2808 3664 2954 3734 μάλα
2991 3664 3234 3726 είκότως.
3276 3666 3342 3716 ’Δ
3373 3664 3417 3694 ³⁸
3447 3664 3546 3731 μὲν
3577 3666 3685 3734 γὰρ
3720 3668 3815 3717 καὶ
3854 3668 4021 3735 τύχης

2446 3758 2604 3827 ἔργον
2636 3756 2932 3817 πολλάκις*
2962 3756 3022 3809 τὸ
3066 3755 3122 3807 δὲ
3160 3756 3352 3808 ἑκόντα
3398 3760 3750 3827 συγχωρῆσαι
3800 3758 4022 3819 βασιλέα

2443 3852 2508 3918 τῇ
2532 3848 2682 3900 πόλει
2706 3848 2873 3899 ἵππου
2905 3847 3003 3911 μὲν
3031 3846 3228 3917 δρόμον
3254 3847 3462 3916 ἡμέρας
3497 3847 3768 3917 θαλάττης
3801 3850 4019 3916 ἀφέξειν

2445 3940 2577 4004 ἄνω,
2612 3940 2738 3990 εῖσω
2782 3938 2837 3990 δὲ
2869 3938 3198 3991 Χελιδονέων
3252 3940 3343 3990 καὶ
3376 3940 3634 3991 Κυανέων
3671 3942 3745 4008 μὴ
3783 3941 4021 4009 πέμψειν

2442 4030 2663 4091 ὁλκάδα,
2695 4030 2808 4091 πῶς
2828 4030 2889 4081 οὐ
2930 4029 3173 4101 καθαρὰν
3219 4030 3553 4097 πανταχόθεν
3581 4032 3647 4099 τῇ
3699 4031 3853 4082 πόλει
3887 4048 4020 4099 προ-

2444 4122 2587 4186 ξενεῖ
2620 4122 2716 4189 τὴν
2740 4120 2988 4174 εὔκλειαν
3014 4138 3028 4183 ;

2526 4211 2688 4286 Ἀ).λᾷ
2720 4214 2828 4281 γὰρ
2870 4212 3164 4280 Ἀθηναίων
3196 4211 3263 4263 τά
3298 4211 3467 4281 μυρία
3495 4212 3729 4281 τρόπαια
3766 4213 3858 4266 καὶ
3891 4232 4019 4266 ναυο

2447 4304 2649 4373 μαχίας
2688 4306 2782 4354 καὶ
2832 4302 3189 4371 πεζομαχίας,
3229 4304 3320 4353 καὶ
3353 4302 3429 4365 ὡς
3470 4302 3606 4372 πρὸς
3653 4302 3875 4355 ἅπασαν
3921 4304 4017 4372 μὲν

766 4392 1013 4458 potentiue
1033 4394 1351 4457 restiterint,
1388 4396 2338 4463 aliasdiversistemporibusprobac
2372 4409 2411 4461 D

2443 4393 2729 4461 τυραννίδα
2760 4393 2893 4460 πρὸς
2932 4394 3148 4445 ἃπασαν
3188 4393 3245 4445 δὲ
3290 4393 3607 4445 δυναστείαν
3660 4395 4017 4462 ἀντέστησαν,

764 4490 924 4545 gente
948 4485 1088 4534 varia
1112 4487 1402 4538 certamina
1434 4486 1775 4555 recipientes,
1800 4502 1897 4540 nec
1924 4486 2055 4539 mihi
2076 4486 2232 4541 facile
2254 4497 2338 4541 est

765 4585 1066 4634 recensere.
1108 4590 1204 4628 nec
1235 4575 1405 4643 siquis
1445 4577 1494 4630 id
1535 4577 1683 4645 prius
1712 4592 1995 4647 aggressus
2039 4580 2126 4631 sit.
2158 4579 2336 4642 Quare

761 4660 1014 4714 existimo
1032 4679 1190 4716 unum
1209 4676 1260 4717 ct
1275 4665 1412 4717 idem
1434 4676 1836 4719 monumentum
1855 4667 2103 4736 conjungi
2128 4678 2335 4735 Oporte-

768 4764 847 4813 re,
874 4754 1426 4821 quemadmodttmqtti
1454 4758 1762 4809 renuntiant
1792 4758 1843 4809 in
1868 4757 2044 4811 stadio
2076 4758 2332 4824 victores,

763 4842 842 4895 sic
860 4841 1050 4895 t-tbuic
1072 4842 1219 4895 verbi
1239 4844 1531 4897 secundum
1549 4846 1717 4914 legem
1738 4846 2161 4902 consecrandum
2186 4860 2327 4901 esse.

762 4929 807 4983 0
840 4931 927 4999 qui
966 4946 1178 4985 omnem
1204 4943 1403 4985 terram
1433 4944 1487 4987 et
1520 4949 1667 4989 mare
1696 4950 1798 5004 qua
1832 4937 1935 4990 iter
1966 4948 2048 4992 est
2077 4937 2329 5009 [victoria

761 5017 839 5090 et]
876 5020 1114 5087 trapreis,
1140 5028 1195 5074 et
1228 5035 1331 5088 qua
1370 5022 1469 5074 iter
1498 5037 1601 5075 non
1630 5033 1731 5087 cst,
1758 5025 1924 5092 gloria
1960 5034 2015 5079 et
2049 5028 2335 5097 splendore

762 5108 1149 5176 cetuplevistis,
1187 5111 1277 5177 qui
1326 5111 1427 5165 soli
1479 5112 1729 5167 maximis
1782 5117 1945 5170 rebus
1988 5118 2156 5185 gestis
2199 5129 2335 5173 tem-

765 5212 861 5268 pus
909 5210 964 5254 et
1015 5200 1270 5255 invidiam
1329 5214 1668 5272 superastis,
1716 5206 1809 5275 qni
1859 5220 2076 5261 omnem
2131 5217 2333 5264 terratn

2441 4485 2626 4536 ἄλλοτε
2661 4483 2783 4534 κατ’
2830 4483 3023 4544 ἄλλους
3054 4483 3274 4551 χρόνους
3298 4483 3341 4515 ⁸⁸
3375 4483 3514 4551 ὑπὲρ
3540 4481 3633 4534 τοῦ
3673 4482 3863 4549 γένους
3914 4500 4015 4548 μυ·

2443 4576 2587 4646 ρίους
2630 4575 2851 4643 ἀγῶνας
2915 4574 3327 4643 ἀναδεξάμενοι,
3383 4573 3504 4627 οὔτε
3549 4574 3673 4642 ἐμοὶ
3729 4573 4017 4638 διεξελθεῖν

2437 4666 2620 4736 ῥᾴδιον
2651 4664 2777 4718 οὕτε
2820 4665 2873 4716 εί
2902 4682 2988 4727 τις
3022 4665 3289 4735 πρότερον
3328 4664 3731 4735 ἐπικεχείρηκε.
3775 4662 3898 4733 [594
3926 4664 4013 4733 IL]

2435 4757 2631 4828 Διόπερ
2656 4751 2811 4825 οἶμαι
2842 4756 2974 4819 δεῖν,
3004 4755 3080 4819 ὡς
3108 4756 3156 4807 oi
3192 4756 3315 4818 τοὺς
3359 4756 3417 4807 ὲν
3448 4757 3561 4817 τοῖς
3595 4754 3832 4817 σταδίοις
3863 4771 4015 4821 νικη-

2436 4847 2633 4915 φόρους
2691 4846 3179 4917 ἀνακηρύττοντες,
3240 4845 3298 4897 ἔν
3357 4846 3456 4899 καὶ
3511 4845 3709 4897 ταυτὸν
3746 4845 4014 4898 συνθεῖναι

2434 4936 2741 5007 γνώρισμα,
2775 4934 2875 4990 εἷθ’
2900 4937 3042 4990 οὓτω
3065 4936 3235 5007 ταύτῃ
3262 4936 3356 4989 καὶ
3389 4936 3525 5007 πρὸς
3578 4935 3672 4988 τδν
3711 4936 3876 5005 νόμον
3904 4936 4011 5002 ἀερ-

2438 5027 2791 5082 οσιώσασθαι.
2817 5023 2888 5079 Ὦ
2916 5029 3098 5081 πᾶσαν
3150 5027 3250 5097 γῆν
3278 5028 3373 5079 καὶ
3430 5027 3729 5092 θάλασσαν,
3776 5028 3875 5096 ὅση
3915 5026 4013 5095 μὲν

2438 5118 2595 5189 βατὴ,
2626 5119 2784 5189 νίκης
2812 5119 2855 5151 ³*
2892 5120 2989 5172 καὶ
3018 5118 3318 5189 τροπαίων,
3346 5119 3444 5188 ὅση
3494 5118 3540 5171 δ’
3593 5117 3817 5182 ἄϐατος,
3859 5118 4014 5186 δόξης

2440 5212 2534 5265 καὶ
2584 5211 2775 5277 κλέους
2824 5209 3245 5281 πληρώσαντεςί
3273 5206 3344 5265 Ὅ
3372 5211 3525 5281 μόνοι
3578 5213 3699 5275 ταῖς
3750 5211 4011 5283 μεγάλαις

2028 5407 2263 5465 νΑιιιιΕ
2316 5407 2725 5467 LECTIONES.

843 5540 889 5661 ἷσ
918 5539 1003 5611 εἴη
1028 5556 1161 5628 mg.,
1194 5542 1254 5665 [Η
1280 5556 1363 5611 pr.
1392 5541 1457 5609 C,
1484 5538 1517 5614 ᾖ
1540 5543 1741 5597 ceteri.

865 5610 954 5665 πδΊ
980 5612 1183 5665 καιποὸ
1282 5622 1335 5665 et
1381 5627 1525 5665 corr.
1560 5614 1621 5665 Α.
1699 5614 1741 5645 ³⁸

759 5611 804 5643 ¹¹
825 5610 954 5689 ἀπο]
980 5610 1183 5689 καίπρρ
1216 5610 1254 5665 Β
1282 5610 1335 5689 et
1354 5610 1525 5689 ‘corr'.

1699 5614 1745 5645 η
1769 5614 2011 5683 πρώτης]
2036 5614 2173 5681 αὐτῆ

762 5681 916 5731 nmisi
945 5681 1085 5732 κατά
1109 5681 1207 5747 τῆς
1232 5681 1467 5749 φύσέως.

1544 5682 1597 5751 "_
1620 5682 1955 5751 καμφθέντες
1989 5701 2048 5746 ς.

1842 5546 1887 5578 "
1919 5545 2012 5597 καὶ
2046 5544 2151 5615 πρὸ
2174 5546 2273 5669 ﬁli
2298 5548 2495 5617 πείρας
2536 5542 2877 5616 ἐϐούλευσεν]
2920 5548 3215 5617 πεποίηκεν
3246 5547 3286 5599 Β
3308 5556 3359 5602 ct
3386 5563 3463 5602 rc.
3497 5548 3561 5603 Α.

1842 5614 2011 5669 iii-mc]
2036 5616 2205 5669 αὐτῆς
2296 5626 2350 5669 et
2379 5632 2524 5669 corr.
2568 5616 2631 5668 A.
2707 5616 2752 5648 ³³
2776 5619 2927 5669 οὐδὲν
2954 5635 3015 5669 c.
3092 5621 3131 5653 ³¹
3163 5628 3284 5669 post
3318 5618 3561 5669 τολμήσει

2126 5618 2167 5643 .”
2398 5616 2404 5617 ί
2707 5616 2752 5648 ³)
2816 5620 2825 5629 ⁵
2901 5638 2910 5647 .

2126 5616 2350 5737 λῗςῑὲνξέ
2379 5616 2666 5751 §Ziiigﬁrk
2712 5619 3060 5739 ιίιίῖδίδὲνῖὶ.

762 5764 839 5798 αι.
916 5750 959 5785 ³⁸
988 5751 1109 5802 κατ’
1138 5750 1329 5813 ἄλλους
1353 5749 1599 5819 χρόνους]
1628 5749 1854 5808 fortasse
1884 5753 2161 5824 legendum
2193 5754 2311 5807 κατ’
2330 5753 2528 5808 ἄλλων.

3092 5564 3215 5617 ηκεν
3247 5564 3286 5599 υ
3308 5564 3359 5602 et
3386 5564 3463 5602 rc.
3497 5564 3561 5603 Α.
3608 5564 3691 5617 pr.
3722 5564 3866 5604 entm
3898 5564 4007 5603 om.

3092 5621 3301 5700 ".pqst“
3318 5618 3488 5700 τολμή
3500 5635 3857 5700 σαντεςῃςωιξ-

2606 5702 2621 5737 r
2654 5700 2666 5734 :
2712 5686 2832 5739 libri
2865 5688 3060 5739 ἰδόντα.
3136 5687 3181 5719 ³⁸
3207 5686 3513 5755 ἀνθρώποις
3543 5703 3650 5742 om.
3674 5689 3736 5743 C.
3813 5690 3858 5722 ³⁸
3889 5689 4006 5742 libri

2606 5756 2648 5793 ³⁷
2675 5755 2828 5825 νίκης
2861 5770 2969 5809 οιιι.
2999 5754 3039 5810 Ο
3074 5764 3125 5811 et
3156 5770 3239 5825 pr.
3269 5757 3332 5809 Α.
