4206 6436
224 398 357 465 13ιὸ

1238 394 1765 458 BlBLIOTHECA.
1799 418 1869 433 -··
1900 395 2064 457 COD.
2090 398 2393 460 CCXLllI.

3337 394 3469 461 1346

220 510 451 580 πράξεσι
482 506 671 578 χρόνον
701 507 794 559 καὶ
849 504 1039 573 φθόνον
1067 507 1424 575 νικήσαντεςῐ
1452 502 1524 558 Ὠ
1566 507 1666 575 τὴν
1705 507 1784 559 ol-

1888 523 1993 562 non
2024 509 2313 574 columnis,
2353 510 2444 564 scd
2489 508 2704 577 tropmis
2739 506 2963 561 dimensi
2998 505 3152 561 estis.
3205 504 3324 559 Dixi
3360 506 3472 561 ior-

220 600 489 669 κουμένην
523 599 738 652 ἅπασαν
767 597 828 650 οὐ
858 596 1080 665 στήλαις
1109 597 1245 650 ἀλλὰ
1273 597 1551 667 τροπαίοις
1578 599 1785 668 μετρή-

224 690 447 753 σαντεςι
500 688 727 758 Ετρηται
777 688 944 758 κάμοὶ
996 688 1095 757 τῆς
1151 689 1248 757 μὲν
1299 688 1610 753 ὑποθέσεως
1659 691 1788 753 τσως

222 782 464 845 ἔλαττον,
508 781 619 836 τῶν
670 781 726 833 δὲ
761 780 970 833 πολλῶν
1000 783 1100 833 οὐκ
1129 781 1406 836 ἐλάττονα.
1440 781 1698 835 Λείπεται
1727 781 1785 834 δὲ

1891 598 2033 653 sitan
2068 599 2245 653 minus
2284 613 2444 667 quam
2495 611 2655 651 causa
2691 596 2958 665 exigebat,
2991 610 3095 650 non
3142 601 3321 650 tamen
3367 594 3471 651 mi-

1894 701 1997 741 nus
2029 701 2192 753 quam
2230 686 2318 740 alii
2353 685 2591 755 plurimi.
2626 684 2909 754 Reliquum
2944 693 3048 750 est,
3078 692 3138 739 ut
3185 693 3469 755 postquam

1896 792 2085 833 omnes
2118 778 2470 833 acclamarint
2493 777 2802 839 memoria).
2836 778 2913 831 sic
2940 790 3127 833 omnes
3165 776 3469 833 discedant.

220 880 454 950 εὐφήμῳ
488 878 584 950 βοῇ
615 879 1066 948 προσηχήσαντας
1102 878 1374 945 πανδημεὶ
1404 878 1609 940 πάντας
1640 876 1685 908 ³⁸
1711 874 1789 944 τῷ
1831 874 2095 944 μνήματι,
2133 872 2275 927 οὕτω
2303 874 2401 941 τῆς
2434 873 2600 943 τιμῆς
2632 872 3084 927 ἀπαλλάττεσθαι.

233 972 334 1023 Ἐκ
381 970 489 1023 τοῦ
549 968 1024 1037 Ἀρεοπαγιτικοῦ
1074 969 1113 1036 ἢ
1164 969 1626 1036 ἐλευθερωτικοῦ
1684 967 1789 1022 τοῦ

287 1040 425 1093 υἱοῦ
455 1039 643 1093 αὑτοῦ
686 1039 787 1092 τοῦ
804 1042 1127 1107 Ῥουφῖνον
1160 1039 1225 1091 ³⁸.
1253 1068 1321 1079 -
1350 1039 1420 1092 Τὸ
1443 1038 1783 1108 Προοίμιον.

295 1135 522 1205 Ἄνδρες
556 1136 605 1186 οἱ
646 1135 740 1187 καὶ
794 1133 935 1196 θεοῖς
985 1133 1126 1202 ὑπὲρ
1158 1132 1314 1204 νίκης
1362 1133 1527 1186 πάλαι
1564 1134 1658 1185 καλ⁸
1696 1131 1790 1186 νῦν

234 1221 540 1289 ’ΛΟηναΞοις
566 1221 706 1289 ὑπὲρ
743 1220 1053 1290 ἐλευθερίας
1104 1220 1433 1285 δικάζοντες.
1471 1220 1680 1274 Οὐκοῦν
1715 1221 1791 1287 τῷ

223 1313 375 1381 νόμῳ
423 1311 744 1380 πειθόμενος
789 1312 858 1364 τὰ
896 1311 991 1380 τῆς
1044 1311 1233 1380 χρείας
1272 1312 1440 1382 μόνης
1468 1312 1793 1381 ῐφθέγξομαι

226 1404 289 1470 et;
302 1419 471 1470 ματα.
511 1401 651 1469 Ἐγὼ
683 1401 771 1453 καὶ
802 1402 1061 1473 σοφιστὴς
1099 1403 1365 1471 ἐγενόμην
1395 1402 1521 1472 πάρ’
1554 1403 1680 1472 ὑμῖν
1700 1403 1795 1455 καλ⁵

224 1493 427 1561 πατήρ.
460 1492 523 1544 Εί
570 1492 827 1561 σοφιστὴς
861 1492 1052 1558 δεξιὸς,
1094 1494 1250 1563 ὑμεῖς
1296 1494 1586 1547 ὶπίστασθε
1610 1512 1622 1525 ·
1653 1495 1793 1561 λέγω

223 1584 331 1652 γὰρ
360 1586 465 1647 ἀεὶ,
500 1584 591 1636 καὶ
622 1586 721 1654 τὴν
758 1585 895 1653 ἐμὴν
926 1585 1202 1637 πολιτείαν
1234 1585 1347 1655 ἔχει
1379 1587 1448 1638 τά
1480 1587 1715 1657 θέατρα¹
1746 1588 1792 1638 εί

226 1676 409 1745 πατὴρ
454 1674 717 1737 Ἀττικὸς,
755 1676 787 1745 ή
826 1675 1072 1745 παροῦσα
1104 1676 1344 1730 δείκνυσι
1393 1678 1692 1748 πρόφασις·
1732 1677 1794 1730 οὐ

225 1765 333 1835 γάρ
370 1766 631 1833 ἀνέχομαι
684 1765 775 1817 τὸν
834 1766 1130 1835 Ἀθηναίων
1180 1767 1346 1819 παῖδα
1402 1768 1477 1837 μὴ
1526 1784 1796 1837 προσαγο-

1895 963 1979 1017 Ex
2018 964 2431 1029 Areopagetica,
2485 979 2576 1017 seu
2630 979 2732 1032 qua
2784 960 3029 1032 Ruﬁnum
3082 962 3250 1028 ﬁlium
3312 977 3468 1014 suum

2032 1033 2236 1087 liberali
2281 1049 2443 1085 causa
2479 1030 2866 1085 uianu’asserit.
2889 1059 2957 1072 -
2986 1030 3304 1084 l’roa'minns

1966 1123 2081 1179 Viri
2117 1125 2207 1193 qui
2251 1125 2379 1178 olim
2422 1126 2487 1179 de
2520 1124 2760 1178 victoriis
2793 1139 2912 1177 cum
2943 1122 3048 1176 diis
3080 1122 3464 1181 decertabatis.

1892 1219 1945 1265 ct
1980 1227 2121 1265 nunc
2150 1228 2270 1265 cum
2308 1210 2732 1265 Atheniensibus
2780 1210 2843 1263 de
2889 1209 3157 1263 libertate.
3193 1208 3360 1278 Igitur
3390 1209 3467 1261 le-

1894 1303 2049 1370 gibus
2077 1303 2460 1370 obtemperans
2502 1316 2564 1354 ea
2596 1298 2769 1354 solum
2807 1299 2948 1364 dico,
2975 1314 3094 1367 quas
3137 1299 3466 1352 necessaria.

1894 1390 2004 1458 Ego
2047 1398 2104 1444 et
2138 1400 2291 1460 pater
2324 1390 2463 1459 apud
2516 1404 2612 1444 vos
2662 1389 2913 1459 sophistae
2957 1388 3175 1453 fuimus,
3237 1396 3291 1442 et
3340 1404 3466 1441 num

1894 1490 2119 1548 argutus
2180 1480 2396 1546 fuerim,
2437 1494 2533 1534 vos
2593 1479 2820 1533 novistis
2866 1478 2997 1547 ’(hoc
3034 1479 3178 1531 enim
3220 1479 3473 1545 frequen-

1896 1578 1979 1621 ter
2007 1585 2236 1638 usurpo,
2266 1577 2322 1629 et
2352 1585 2525 1624 meam
2556 1568 2947 1622 institutionem
2984 1568 3192 1620 theatra
3235 1565 3469 1635 loquun-

1903 1659 2010 1727 tur)
2042 1676 2165 1712 num
2199 1660 2408 1714 Atticus
2436 1668 2587 1727 pater
2618 1657 2802 1721 fuerit,
2835 1658 2949 1711 hazc
2989 1657 3227 1711 declarat
3267 1655 3464 1709 oratio.

1900 1748 2033 1802 Nolo
2091 1750 2233 1803 enim
2295 1749 2707 1804 Atheniensium
2776 1747 3011 1802 sobolem
3077 1747 3297 1801 liberam
3358 1761 3464 1800 non

224 1830 407 1925 ρεόειν
453 1830 755 1924 ἐλεύθερον.
797 1830 1041 1907 Πιστεύω
1068 1856 1162 1907 καὶ
1200 1856 1305 1926 πρὸ
1331 1830 1477 1926 ῆσέιέ
1504 1830 1602 1926 τὴν
1646 1830 1789 1909 ἐλευ-

1899 1840 2189 1909 appellare.
2228 1839 2555 1894 Libertatem
2585 1840 2747 1893 etiam
2800 1849 2925 1892 ante
2970 1830 3311 1908 pubertatem
3358 1834 3467 1889 lilio

223 1947 416 2017 θερίαν
446 1946 521 2015 τῷ
559 1944 729 1999 παιδί.
770 1946 928 2014 Ἑμός
960 1948 1127 2012 ἐστιν,
1181 1948 1462 2016 Ἀθηναῖός
1513 1950 1650 2011 ἔστι,
1697 1948 1793 2001 πό-

221 2037 361 2098 λεως
392 2036 486 2088 καὶ
516 2036 679 2089 πλέον
705 2035 954 2107 τιμώσης
993 2038 1053 2090 τὸ
1085 2038 1263 2090 κοινὸν
1309 2038 1487 2108 γῆρας
1517 2039 1549 2109 ἢ
1594 2040 1655 2091 τὸ
1684 2039 1792 2091 τῶν

222 2120 476 2191 πατέρων
508 2122 704 2191 ἕτεροι.
738 2115 906 2186 Οὗτός
936 2126 1082 2176 ἐστιν
1124 2127 1188 2178 ἐκ
1230 2125 1595 2197 Πλουτάρχου,
1632 2128 1699 2181 δι’
1731 2121 1792 2181 οὗ

220 2214 434 2275 ⁴ε’..άντας
462 2213 618 2282 ὑμεῖς
663 2214 945 2267 παιδεύετε
968 2232 981 2245 ·
1018 2208 1172 2280 οὗτος
1204 2218 1268 2270 ὲκ
1304 2217 1666 2272 Μινουκιανοῦ
1696 2217 1791 2271 τοῦ

217 2303 306 2356 διὰ
332 2303 437 2372 τῆς
469 2303 663 2356 ἑαυτοῦ
705 2306 887 2374 φωνῆς
934 2306 1160 2370 πολλοὺς
1191 2308 1451 2370 πολλάκις
1492 2308 1791 2378 ἐλευθερώ-

219 2412 435 2456 σαντος.
469 2394 571 2447 Τὸν
602 2396 664 2447 ἐκ
710 2396 1017 2466 Νικαγόρου
1051 2398 1402 2468 προσήγαγον
1437 2399 1585 2467 ὑμῖν,
1617 2399 1707 2451 τὸν
1734 2398 1794 2463 ἐξ

220 2484 488 2553 ἐμαυτοῦ.
534 2485 807 2552 Σοφιστῶν
843 2486 969 2556 ὑμῖν
1000 2488 1091 2540 καὶ
1116 2487 1417 2556 φιλοσόφων
1446 2488 1588 2556 λέγω
1623 2491 1792 2545 κατά-

218 2578 400 2645 λογον,
438 2576 689 2647 Ἀττικὴν
734 2578 903 2640 ὅντως
945 2580 1242 2647 εὐγένειαν.
1285 2581 1496 2651 Ἀφῆκα
1538 2581 1793 2646 πολλάκις

219 2669 317 2729 τὰς
347 2668 443 2721 τοῦ
480 2669 730 2736 σοφιστοῦ
756 2670 960 2737 φωνὰς,
980 2670 1073 2723 νῦν
1094 2671 1193 2735 τάς
1221 2671 1314 2726 τοῦ
1346 2673 1549 2743 πατρὸς
1567 2674 1789 2745 ἀφίημι.

231 2760 505 2812 Ἑδὼκατέ
558 2776 645 2827 μοι
698 2760 861 2812 παῖδα
915 2761 980 2813 δι’
1032 2762 1279 2815 Ἀττικοῦ
1331 2765 1553 2831 γένους·
1601 2765 1793 2818 λάϐετε

219 2849 409 2903 τοῦτον
437 2850 531 2902 καὶ
555 2849 642 2902 διά
668 2852 764 2919 τῆς
789 2850 971 2920 ψήφου
992 2852 1036 2883 ⁸⁸
1057 2852 1155 2921 τῆς
1186 2853 1457 2924 ὑμετέρας
1486 2854 1790 2925 ἐλεύθερον.

218 2941 433 2993 αὖκοῦν
477 2940 643 3009 ἄφετέ
675 2959 764 3009 μοι
794 2945 861 3011 τῇ
911 2941 1077 3012 ψήφῳ
1110 2944 1202 2997 τὸν
1255 2945 1441 3008 παῖδα,
1475 2944 1570 2998 καὶ
1610 2946 1792 3014 φωνὴν

217 3031 529 3101 ἐλευθέριον
584 3032 1018 3100 ωνεπηχήσατε,
1053 3030 1139 3085 ἵνα
1186 3032 1262 3095 ὡς
1304 3033 1585 3103 Ἀθηναῖος
1644 3035 1790 3104 (ίσον

216 3122 328 3191 γὰρ
383 3123 554 3173 εἰπεῖν
593 3120 897 3190 ἐλεύθερος)
957 3120 1052 3174 καὶ
1099 3121 1232 3191 λέγῃ
1282 3124 1373 3174 καὶ
1421 3126 1604 3195 γράφῃ
1658 3126 1789 3195 παρ’

218 3215 372 3283 ὖμῖν,
406 3212 508 3265 κᾶν
528 3212 577 3263 οί
618 3210 729 3264 θεοὶ
768 3210 1086 3281 βούλωνται,
1119 3213 1213 3267 καὶ
1241 3213 1611 3285 πολιτεύηται.

214 3368 383 3439 [illi
412 3366 517 3439 IL]!
544 3365 647 3439 Ἐκ
680 3365 792 3439 τῆς
840 3366 1138 3439 μονῳδίας
1182 3368 1293 3439 τῆς
1329 3372 1416 3435 είς
1455 3371 1562 3422 τὸν
1604 3372 1791 3425 αὐτὸν

432 3437 566 3490 υἱὸν
594 3437 638 3466 ⁵⁸
680 3436 1017 3503 Ῥουςοίνον.
1044 3467 1112 3478 --
1135 3438 1205 3491 Τὸ
1245 3441 1577 3507 Προοίμιον.

304 3526 502 3580 ’Λδικῶ
527 3527 624 3595 μὲν
650 3526 787 3589 ὅλως
814 3526 1183 3597 φθεγγόμενος
1213 3528 1489 3597 Ῥουφίνου
1515 3531 1787 3600 κειμένου,

215 3616 363 3687 πλὴν
407 3618 456 3669 εί
488 3617 532 3648 ⁸³
566 3616 643 3687 τῷ
692 3617 904 3687 δαίμονι
947 3619 1258 3688 τετήρημαι
1295 3622 1430 3690 πρὸς
1485 3620 1652 3690 μόνην
1694 3622 1791 3691 τήν

218 3707 493 3776 μονῳδίαν
515 3706 606 3759 τοῦ
636 3708 931 3777 δράματος.
959 3708 1265 3779 Φθέγξομαί
1294 3726 1357 3778 γε
1386 3710 1532 3779 ὅμως
1550 3724 1565 3739 ο
1600 3710 1660 3762 οὐ
1683 3711 1790 3782 γάρ

218 3815 314 3867 μοι
341 3796 499 3866 θέμις
526 3798 601 3866 μὴ
642 3798 736 3850 καὶ⁸
760 3798 902 3868 λόγῳ
942 3799 1208 3869 θρηνῆσαι
1237 3799 1328 3852 τὸν
1368 3799 1546 3852 αὐτῶν
1575 3800 1683 3853 τῶν
1705 3800 1791 3854 λό-

212 3905 333 3955 γων
365 3886 605 3953 ἔκγονον.
648 3884 904 3955 Ἦγνόουν
944 3889 1001 3941 δὲ
1031 3889 1139 3960 ἄρα
1186 3891 1215 3942 ό
1256 3889 1486 3953 δείλαιος
1522 3889 1643 3944 ἀντὶ
1694 3890 1791 3959 μὲν

213 3982 463 4051 λουτρῶν
492 3982 716 4044 ἀνιστάς
770 3998 852 4034 σοι
896 3983 1130 4050 τάφους,
1165 3983 1287 4036 ἀντὶ
1330 3984 1385 4037 δὲ
1428 3984 1614 4038 οἰκιῶν
1656 3984 1791 4054 τύμ-

214 4073 349 4133 ϐους
384 4071 479 4123 καὶ
507 4069 756 4139 χώματα,
785 4071 907 4125 ἀντὶ
931 4072 987 4125 δὲ
1034 4072 1268 4126 πλούτου
1302 4074 1397 4126 καὶ
1431 4074 1613 4143 χλιδῆς
1660 4092 1788 4144 τραο

211 4161 497 4221 γικώτατα
530 4160 675 4230 δῶρα
702 4160 809 4214 τῶν
859 4163 915 4212 ὲν
942 4160 1280 4231 ἀνθρώποις,
1313 4162 1559 4230 ἐντάφια.
1598 4162 1793 4233 Ἐδημ-

210 4251 455 4319 αγώγεις
507 4250 632 4320 ἄρτι
678 4250 747 4303 τὰ
801 4249 948 4322 [595
1001 4250 1115 4322 [1.]
1164 4250 1355 4321 πρῶτα
1402 4252 1787 4321 φθεγγόμενος,

211 4343 495 4410 άνήρτησο
552 4342 731 4394 πᾶσαν
790 4343 887 4410 τὴν
927 4342 1016 4409 ὑφ’
1068 4342 1220 4409 ἥλιον
1247 4344 1359 4404 τοῖς
1427 4344 1659 4412 ἀσήμοις
1710 4343 1790 4396 ἔτι

210 4430 582 4500 κνυζήμασιν.
620 4430 844 4484 Ἔπειθε
887 4431 1177 4499 Περικλῆς,
1210 4431 1344 4484 ἀλλὰ
1391 4432 1529 4502 μετὰ
1566 4433 1790 4497 Ἀναξα-

1896 1930 2196 1984 committo.
2239 1929 2386 1984 Meus
2429 1938 2533 1994 est,
2586 1928 2929 1983 Atheniensis
2980 1937 3087 1994 est,
3137 1930 3333 1981 donum
3383 1934 3466 1980 est

1898 2016 2171 2085 publicum
2202 2018 2408 2072 civitati
2449 2018 2569 2087 plus
2605 2019 2814 2073 caneris
2853 2022 3145 2071 honorate.
3189 2016 3286 2071 llic
3321 2015 3463 2069 enim

1892 2114 1977 2161 est
2020 2107 2315 2172 Plutarchi,
2365 2122 2471 2177 quo
2532 2122 2629 2162 vos
2681 2122 2865 2161 omnes
2917 2107 3174 2176 magistro
3227 2104 3465 2159 utimini.
3512 2095 3519 2101 ’

1892 2195 1981 2250 hic
2013 2196 2329 2263 Minuciani,
2362 2198 2453 2267 qui
2498 2212 2595 2252 sua
2644 2214 2774 2252 voce
2817 2196 3007 2267 3650
3044 2198 3301 2266 plurimos
3344 2210 3464 2265 per-

1892 2302 2037 2356 saepe
2085 2288 2286 2343 liberos
2340 2288 2487 2355 fecit,
2546 2289 2691 2343 hunc
2757 2286 3033 2356 Nicagoras:
3089 2288 3257 2341 lilium
3310 2285 3465 2339 vobis

1894 2378 2252 2442 adduximus,
2302 2388 2355 2433 et
2405 2380 2543 2433 hanc
2591 2393 2767 2433 meam
2814 2380 3036 2447 prolem.
3086 2378 3462 2448 Sophistarum

1893 2470 2067 2533 vobis,
2124 2469 2674 2538 philosophorumque
2724 2483 2977 2524 recenseo
3026 2470 3248 2534 seriem,
3298 2469 3464 2523 decus

1894 2572 2025 2612 sane
2079 2559 2289 2613 Atticae.
2348 2557 2520 2613 Omisi
2577 2573 2719 2627 saepe
2797 2558 3156 2627 sophistarum
3208 2560 3462 2622 nomina,

1897 2663 2040 2701 nunc
2083 2648 2252 2717 patris
2294 2649 2503 2703 omitto.
2538 2648 2771 2701 Dedistis
2817 2647 2979 2701 illium
3021 2648 3175 2712 mihi,
3207 2648 3461 2717 quoniam

1893 2738 2244 2792 Atheniensis
2288 2747 2391 2802 est,
2425 2738 2655 2805 accipite
2690 2737 2804 2807 jam
2843 2740 3086 2791 eumdem
3123 2748 3303 2793 vestra
3339 2754 3465 2793 sen-

1895 2830 2060 2882 tentia
2121 2828 2371 2884 liberum.
2416 2830 2702 2884 redditum.
2759 2829 2932 2895 Quare
3005 2830 3258 2883 dimittite
3330 2831 3459 2885 mihi

1894 2929 2077 2974 vestro
2111 2921 2328 2974 decreto
2370 2920 2557 2983 tilium,
2586 2926 2639 2973 et
2677 2919 2798 2973 dein
2840 2934 3022 2974 vocem
3066 2920 3210 2973 illam
3261 2919 3461 2975 libera-

1895 3010 2019 3076 lem,
2048 3026 2139 3064 seu
2172 3011 2429 3065 vindicias
2451 3010 2747 3065 secundum
2777 3010 3076 3065 libertatem
3102 3009 3458 3076 acclamante,

1894 3113 1953 3156 ut
2004 3115 2259 3171 tanquam
2307 3103 2651 3157 Atheniensis
2698 3101 2861 3169 (quod
2905 3109 2988 3153 est
3028 3115 3092 3154 ac
3136 3100 3183 3154 si
3224 3101 3459 3154 dicerem

1817 3204 1859 3258 (ι
1892 3191 2049 3259 liber)
2081 3193 2218 3260 apud
2249 3206 2341 3244 vos
2373 3200 2428 3245 et
2456 3190 2624 3254 dicat,
2656 3198 2709 3243 et
2737 3188 2956 3251 scribat,
2985 3196 3059 3251 et,
3090 3187 3135 3242 si
3165 3188 3236 3243 dii
3270 3188 3458 3254 velint,

1892 3279 2054 3333 etiam
2086 3279 2139 3331 in
2176 3276 2465 3346 Republica
2500 3279 2736 3332 honores
2765 3286 3104 3345 assequatur.

1891 3370 1941 3422 E
1992 3367 2211 3437 funebri,
2255 3369 2592 3429 laudatione,
2667 3383 2841 3437 qunmi
2882 3368 2934 3419 in
2989 3368 3159 3437 ﬁlium
3220 3367 3458 3423 eumdem

2191 3436 2439 3503 Ruﬁnum
2471 3437 2676 3490 habuit.
2706 3463 2777 3477 -
2810 3436 3150 3490 Proazmt'um.

1966 3550 2121 3615 Quod
2150 3550 2260 3618 jam
2296 3559 2510 3605 mortuo
2554 3549 2745 3604 Ruﬁno
2771 3550 2927 3604 verba
2968 3548 3148 3604 facere
3191 3550 3456 3615 incili-n-

1892 3638 2030 3693 facio
2065 3640 2266 3709 inique,
2301 3641 2402 3694 nisi
2447 3656 2475 3693 a
2518 3640 2737 3694 numine
2769 3640 2998 3707 quodam
3043 3641 3109 3693 ad
3154 3641 3456 3695 monodiam

1894 3724 2150 3781 dramatis
2188 3736 2428 3781 servatus
2476 3727 2577 3779 sim
2611 3743 2625 3781 :
2659 3726 2844 3795 loquar
2894 3735 3093 3780 tamen.
3145 3724 3257 3778 Non
3308 3728 3455 3781 enim

1892 3816 2022 3868 mihi
2055 3815 2133 3869 l'as
2173 3826 2257 3870 est
2302 3819 2547 3871 oratlone
2591 3815 2737 3869 illum
2784 3831 2886 3869 non
2931 3815 3213 3884 deplorare
3262 3816 3454 3871 horum

1890 3903 2214 3971 eloquentia!
2248 3906 2547 3960 studiorum
2588 3906 2885 3959 alumnum.
2924 3904 3236 3958 Nesciebam
3278 3906 3460 3973 itaque

1892 3991 2076 4046 infelix
2108 4009 2205 4063 pro
2236 3994 2440 4049 balneis
2474 4009 2560 4049 me
2593 3994 2687 4047 tibi
2720 3994 3042 4063 sepulcrum,
3074 4008 3171 4062 pro
3209 3995 3458 4049 domibus

1892 4082 2126 4145 bustum,
2159 4093 2211 4137 ct
2242 4084 2525 4148 tumulum,
2573 4100 2671 4153 pro
2720 4085 2917 4139 divitiis
2956 4092 3011 4139 et
3058 4085 3329 4154 voluptate
3367 4086 3458 4142 fu-

1892 4171 2118 4238 neralia,
2150 4188 2283 4241 qum
2316 4174 2625 4228 hominibus
2672 4175 2907 4228 omnium
2948 4176 3257 4229 tristissima
3308 4186 3453 4242 sunt,

1891 4262 2122 4332 erigere.
2152 4263 2364 4326 Dixisti,
2393 4264 2567 4332 primo
2595 4279 2763 4333 nuper
2782 4267 2845 4317 ad
2870 4265 3121 4333 populum
3153 4281 3411 4334 perorans
3436 4285 3453 4323 :

1890 4367 2104 4405 onmem
2152 4367 2271 4419 qum
2324 4352 2426 4406 sub
2478 4353 2590 4406 sole
2636 4362 2719 4407 est
2767 4362 2963 4407 terram
3015 4353 3281 4409 indecoris
3321 4356 3456 4410 meis

1892 4444 2072 4498 verbis
2126 4444 2378 4510 implebo.
2430 4442 2704 4497 Persuasit
2749 4444 3038 4512 aliquando
3068 4443 3325 4508 Pericles,
3360 4447 3455 4500 sed

209 4524 386 4594 γόραν
410 4521 720 4591 δημηγόρος
740 4537 755 4550 ’
800 4522 863 4575 σὺ
893 4522 948 4574 δὲ
987 4521 1131 4592 ἦσθα
1160 4522 1473 4593 δημηγόρος
1512 4524 1576 4575 ἐκ
1611 4524 1789 4593 μέσων

1896 4541 2177 4601 postquam
2228 4533 2294 4585 ab
2339 4532 2653 4599 Anaxagora
2697 4533 2805 4602 (il)
2852 4532 3025 4586 factus
3063 4542 3206 4588 esset
3244 4544 3451 4598 orator,

210 4613 572 4682 σπαργάνων.
627 4606 789 4665 Εἷλεν
853 4612 1197 4682 Ἁλκιϐιάδης
1246 4614 1366 4667 ὅλον
1425 4613 1486 4665 τὸ
1542 4613 1785 4685 θέατρον,

205 4704 331 4758 ἀλλ’
361 4703 623 4772 ἀκμάζων
657 4703 756 4773 ήδη
786 4702 885 4774 τὴν
912 4702 1060 4773 ὥραν
1087 4706 1181 4756 καὶ
1203 4703 1299 4773 τὴν
1344 4703 1561 4773 ήλικίαν
1593 4723 1788 4775 μειρα-

208 4793 531 4862 κιούμενος⁶
566 4795 632 4847 σὺ
678 4793 736 4846 δὲ
766 4792 846 4845 ἔτι
870 4793 949 4863 τῷ
1006 4794 1197 4865 μασθῷ
1220 4794 1267 4826 ⁸⁸
1320 4795 1413 4848 καὶ
1441 4794 1518 4864 τῷ
1553 4796 1784 4864 γάλακτι

209 4884 634 4957 προσκείμενος.

284 4968 355 5024 Ὦ
423 4971 594 5036 πάθος
650 4973 750 5042 τῆς
796 4971 1066 5043 Αἰσχύλου
1123 4975 1534 5043 μεγαλοφωνίας
1586 4975 1773 5041 ἄξιονι

215 5060 489 5133 Ἠρακλεῖ
517 5062 613 5133 μὲν
638 5063 825 5133 ἐδέησε
846 5063 1049 5135 πολλῆς
1069 5064 1316 5135 περιόδου
1345 5066 1561 5118 καὶτῶν
1585 5068 1781 5131 ἄθλων,

203 5146 385 5221 οἶμαι,
413 5150 524 5206 τῶν
561 5150 798 5217 δώδεκα,
852 5153 941 5207 ἵνα
992 5155 1271 5225 μάρτυρας
1298 5154 1398 5223 τῆς
1434 5155 1634 5225 ἀρετῆς
1683 5156 1781 5227 τὴν

206 5243 299 5311 ὑφ’
333 5242 484 5312 ἣλιον
518 5242 696 5295 πᾶσαν
742 5243 1032 5312 κτήσαιτο*
1089 5242 1153 5294 σὺ
1194 5241 1253 5295 δὲ
1289 5243 1419 5296 εἴσω
1439 5241 1533 5295 τοῦ
1578 5242 1774 5297 κύκλου

1886 4631 1940 4674 ιιι
1987 4631 2173 4675 orator
2214 4636 2243 4675 e
2294 4622 2575 4675 cunabulis
2625 4624 2901 4676 exstitisti.
2944 4622 3248 4677 Alcibiades
3283 4633 3451 4677 totum

1883 4720 2192 4781 suggestum
2243 4713 2546 4780 occupavit,
2602 4713 2693 4766 sed
2749 4712 2802 4766 in
2852 4710 2982 4767 ﬂore
3027 4711 3343 4780 iuventutis,
3398 4720 3454 4767 ct

1882 4812 2039 4857 aetate
2083 4803 2483 4856 adolescentia.
2520 4801 2618 4873 [At
2672 4810 2730 4855 tn
2778 4802 3071 4857 etiamnum
3112 4802 3363 4856 uberibus
3398 4810 3453 4856 et

1881 4892 2018 4946 lacte
2050 4890 2332 4963 nutritus.]

1954 4980 2000 5034 Ο
2030 4982 2179 5036 dolor
2214 4981 2451 5052 A-Zscbyli
2489 4981 2679 5050 dignus
2706 4979 3004 5035 cothurno!
3048 4978 3329 5035 Herculem
3376 4989 3456 5034 te-

1890 5082 1977 5121 ras
2008 5069 2313 5139 pervagari,
2344 5067 2583 5136 oportuit
2611 5077 2665 5122 et
2708 5067 2775 5122 12
2819 5066 2952 5121 adeo
3001 5065 3213 5120 labores
3245 5065 3451 5128 subire,

1889 5166 1947 5210 ut
1978 5166 2244 5212 terrarum
2296 5159 2480 5213 orbem
2527 5156 2690 5213 veluti
2740 5156 2956 5210 virtutis
2990 5169 3101 5210 suae
3142 5163 3331 5209 testem
3362 5168 3452 5207 re-
3499 5196 3504 5202 .

1881 5246 2176 5321 linqueret.
2210 5251 2289 5307 Tu
2319 5268 2444 5308 vero
2467 5252 2603 5307 intra
2630 5260 2749 5311 tuos
2776 5257 3137 5305 commoratus
3167 5246 3446 5311 terminos,

1504 5398 1736 5457 νΑιιιΑῑ
1770 5401 2171 5464 LECTIONES.

312 5512 358 5546 ³³
388 5510 592 5580 πάντας
617 5511 875 5580 expungit
924 5510 1001 5580 Α,
1034 5522 1139 5580 om.
1194 5509 1256 5580 C.

210 5581 329 5635 υἱὸν
357 5577 523 5635 αὑτοῦ
557 5578 615 5631 Β.
693 5580 738 5614 ⁸³
767 5577 929 5650 εἶχεν
980 5578 1088 5632 AC.
1164 5579 1211 5610 ⁸³
1273 5582 1462 5651 μαστῷ
1510 5599 1568 5647 ς.

1332 5510 1376 5550 ι’
1411 5511 1503 5587 {ob
1552 5512 1858 5582 Ῥουφίνου]
1881 5513 2098 5583 ροφίνου
2163 5514 2222 5569 Β.
2299 5517 2345 5554 ⁸ο
2388 5516 2480 5585 τῆς
2505 5514 2685 5587 ψήφου
2719 5512 2845 5569 add.
2885 5513 2950 5567 A.
3028 5510 3073 5544 “
3103 5507 3262 5562 αὖτδν
3297 5502 3449 5577 υίδνῘ

1709 5688 1938 5748 NOTAE.

291 5760 405 5827 (ιι)
439 5758 611 5815 Valer.
643 5758 781 5813 Max.
818 5760 909 5814 lib.
945 5774 975 5811 v
1005 5770 1140 5813 extr.
