4206 6436
775 399 907 467 1347

1916 405 2179 467 ΡΗΟΤῙΙ
2210 407 2715 469 PATRIARCILE
2754 409 2866 471 (ΣΡ.

3896 400 4031 473 1348

770 514 985 583 egregie
1030 512 1187 569 factis
1237 513 1483 569 llerculis
1525 514 1804 570 columnas
1849 516 2005 572 nobis
2049 520 2337 587 superasti.

2457 521 2625 587 μένων
2658 519 2933 590 ὑπερέϐης
2992 516 3093 580 τὰς
3144 516 3345 588 στήλας
3362 517 3495 589 ήμῖν
3526 518 3626 582 τὰς
3670 516 4032 588 Ἡρακλείους

770 605 944 670 Quod,
971 618 1172 673 quaeso,
1206 619 1404 657 numen
1436 619 1656 659 auream
1692 607 1971 661 cresaricm
2010 608 2224 661 familia:
2256 609 2347 661 de-

770 694 945 750 tondit
998 709 1129 748 mea:
1182 693 1333 765 (42)?
1385 696 1508 763 quis
1563 696 1749 764 gloria:
1813 713 1944 752 mea:
2004 700 2347 767 splendorem

769 788 1069 843 exstinxit?
1139 802 1387 857 quaenam
1465 786 1663 843 furiam
1735 806 1997 857 genarum
2074 791 2345 854 ruborem,

771 878 1024 933 blandum
1071 876 1481 948 jucundumque
1535 880 1710 935 vultus
1759 882 1833 935 tui
1894 883 2063 935 risum
2111 882 2351 950 eripuit?

771 974 884 1037 Qua
936 973 1160 1036 ratione,
1196 973 1300 1027 bcu
1348 987 1456 1035 me,
1489 988 1678 1040 passus
1712 989 1795 1040 es,
1832 990 1866 1029 ο
1906 973 2090 1041 Liber,
2129 991 2160 1031 e
2202 976 2349 1031 delu-

772 1060 886 1115 bris
940 1062 1046 1115 tuis
1091 1076 1306 1116 sacrum
1361 1062 1521 1128 diripi
1565 1061 1864 1131 juvenem?
1899 1062 2199 1121 Commune
2249 1066 2351 1120 hoc

773 1154 1055 1208 adversum
1090 1164 1141 1208 te
1180 1168 1463 1221 meamque
1499 1155 1759 1208 familiam
1791 1155 2055 1226 Erinnyes
2088 1166 2347 1225 tropmum

774 1244 1029 1296 ﬁxerunt.
1074 1243 1181 1297 Cur
1209 1244 1255 1298 ei
1321 1244 1620 1298 thalamum
1690 1245 1981 1313 nuptialem
2036 1245 2348 1301 inferiorem

771 1350 881 1388 non
916 1334 1192 1402 apparavi,
1222 1335 1658 1403 quandoquidem
1705 1338 2041 1404 superiorem
2080 1335 2129 1390 ei
2162 1334 2350 1389 Parca:

774 1423 1101 1476 inviderunt.
1150 1423 1306 1487 Hem,
1356 1424 1553 1491 quibus
1598 1439 1757 1491 qnam
1814 1425 2057 1479 tristibus
2105 1436 2352 1479 servatus

772 1529 892 1567 sum
956 1512 1213 1567 luctuosis
1271 1513 1655 1568 sermonibus!
1716 1514 1914 1585 366a
1972 1514 2168 1569 Omnia
2230 1531 2352 1569 cum

774 1604 1080 1657 orationum
1109 1610 1427 1671 argumenta
1463 1602 1767 1667 tractarim,
1799 1618 1961 1655 unum
1996 1603 2171 1658 luctus
2205 1621 2353 1659 sern-

772 1706 869 1762 per
900 1692 1199 1757 declinavi;
1241 1693 1548 1745 nesciebam
1597 1692 1741 1745 enim
1792 1707 1876 1745 me
1923 1694 2059 1747 meis
2104 1694 2353 1751 lamentis

776 1782 1004 1837 servari.
1054 1780 1170 1834 Jam
1214 1780 1420 1849 pridem
1474 1780 1755 1849 cogitabas
1804 1793 1950 1835 tuum
1990 1784 2115 1837 hinc
2148 1785 2351 1839 disces-

775 1890 916 1939 sum,
948 1875 1058 1943 jam
1099 1875 1304 1943 pridem
1340 1874 1481 1937 aliis,
1518 1875 1606 1942 qni
1638 1886 1909 1942 poterant,
1952 1878 2349 1946 eonjicicndum

778 1967 1067 2035 reliquisti,
1095 1965 1237 2035 quod
1268 1967 1370 2018 hac
1403 1976 1551 2019 sorte
1582 1966 1772 2019 melior
1795 1982 1967 2021 esses.
2001 1968 2045 2021 0
2076 1968 2164 2037 qui
2196 1981 2351 2024 antea

724 2106 727 2109 ,
775 2060 952 2113 aetatis
1009 2059 1267 2111 terminos
1322 2056 1584 2108 virtutum
1645 2057 1862 2111 dotibus
1910 2060 2192 2124 transisti,
2244 2060 2353 2129 jam

776 2166 906 2202 vero
944 2158 1117 2202 morte
1146 2147 1523 2202 commutas-ti!
1573 2149 1663 2216 qui
1700 2148 1939 2203 fraterno
1976 2166 2161 2204 amore
2190 2153 2353 2206 etiam

779 2240 1069 2295 Dioscnros
1099 2236 1391 2305 superasti.
1432 2236 1515 2290 Illi
1546 2237 1763 2305 quidem
1790 2253 1887 2305 pro
1917 2236 2123 2293 Helena
2158 2240 2355 2294 bellum

778 2335 1087 2397 gesserunt,
1140 2336 1351 2395 raptum
1412 2336 1591 2379 tamen
1646 2327 2061 2395 prohibuerunt.
2102 2328 2182 2383 Tu
2231 2345 2359 2385 vero

780 2418 969 2473 fratris
998 2418 1071 2470 tui
1105 2416 1349 2486 germani
1380 2426 1567 2471 custos
1595 2418 1739 2470 omni
1781 2433 1934 2472 muro
1992 2434 2114 2474 eras
2146 2418 2357 2487 fortior,

783 2519 837 2563 tu
869 2509 1118 2561 omnibus
1146 2506 1351 2559 morbis
1377 2505 1491 2559 solo
1520 2507 1685 2559 animi
1718 2508 1913 2562 robore
1946 2523 2158 2577 semper
2196 2514 2359 2566 resti-

785 2598 918 2653 tisti.
969 2595 1249 2664 Improbus
1304 2594 1535 2650 fortasse
1583 2598 1813 2664 dseinon,
1859 2608 1913 2653 et
1961 2600 2195 2656 crudelis
2244 2602 2361 2659 ideo

786 2717 959 2761 tecum
1005 2704 1303 2767 contendit,
1340 2704 1624 2779 et_multis
1672 2705 1875 2772 prmliis
1916 2718 2201 2776 superatus
2243 2719 2362 2763 lan-

784 2800 904 2851 dcm
938 2796 1225 2863 aliquando
1277 2794 1632 2848 clandestinis
1678 2804 1733 2849 et
1778 2796 2057 2853 fallacibus
2093 2802 2362 2857 machinis

786 2898 839 2941 te
876 2886 1187 2955 prostravit.
1223 2883 1403 2952 Neque
1430 2900 1559 2938 vero
1585 2886 1795 2941 cessisti
1826 2888 1891 2942 ad
1918 2898 2163 2944 extrema
2195 2908 2364 2962 usque

784 2975 1047 3037 darmoni,
1103 2983 1161 3026 ut
1214 2987 1502 3041 possumus
1557 2975 1779 3041 audire,
1831 2978 1921 3030 sed
1966 2993 2196 3047 corpore
2239 2983 2367 3036 licet

785 3066 1039 3127 cesseris,
1085 3064 1265 3117 animo
1321 3077 1426 3116 non
1466 3065 1702 3119 cessisti.
1756 3065 1954 3121 Verum
2008 3071 2366 3138 strangulavit

2450 610 2561 669 τοῖς
2589 606 2853 676 θαύμασι.
2882 606 2981 669 Τίς
3012 605 3275 674 ἀπέκειρε
3300 606 3512 676 δαίμων
3539 606 3641 676 τῆς
3670 607 3813 677 ἐμῆς
3845 608 4029 669 ἐστίας

2448 699 2541 751 τὸν
2586 698 2825 768 χρυσοῦν
2860 697 3192 769 βόστρυχονς
3242 698 3324 760 τίς
3375 697 3469 751 τὸν
3503 698 3709 768 πυρσὸν
3744 698 3845 767 τῆς
3894 698 4031 768 ἐμῆς

2450 786 2607 857 δόξης
2652 788 2880 854 ἐσϐεσε;
2912 788 2997 850 τίς
3036 785 3297 857 Ἐρινύων
3325 787 3372 819 ⁸⁵
3410 787 3473 840 τὸ
3520 787 3765 856 παρειῶν
3807 787 4038 853 ἔρευθος

2453 878 2633 930 καὶτὸ
2666 877 2934 948 προσηνὲς
2974 878 3067 930 καὶ
3092 878 3192 947 ἡδὺ
3241 877 3508 946 μειδίαμα
3556 876 3667 929 τῶν
3721 878 3833 929 σῶν
3864 893 4038 946 προσ-

2450 968 2615 1021 ώπων
2643 968 2943 1039 ἐσύλησεν;
2973 967 3155 1037 οἶμοι,
3179 968 3419 1021 Διόνυσεί
3448 968 3564 1030 πῶς
3585 967 3824 1037 ήνεγκας
3853 968 3923 1021 ἐκ
3941 965 4037 1019 τοῦ

2455 1060 2549 1112 σοῦ
2596 1060 2859 1130 τεμένους
2905 1061 3067 1113 παῖδα
3090 1059 3182 1112 τὸν
3213 1060 3357 1129 ἱερὸν
3396 1059 3812 1128 ἁρπαζόμενον;
3853 1059 4040 1111 κοινὸν

2452 1152 2654 1221 ἕστηκε
2677 1152 2819 1204 κατὰ
2850 1151 2943 1203 σοῦ
2970 1154 3063 1204 καὶ
3086 1154 3183 1222 τῆς
3205 1152 3344 1221 ἐμῆς
3382 1151 3565 1214 ἑστίας
3607 1150 3848 1223 Ἐρινύσι
3881 1150 4038 1203 τοῦτο

2452 1242 2513 1295 τὸ
2542 1244 2585 1273 ⁸⁵
2618 1244 2903 1312 τρόπαιον.
2938 1243 3001 1295 Τί
3031 1242 3087 1296 δέ
3118 1246 3215 1314 οὐχ
3250 1242 3543 1313 ἡτοίμαζον
3576 1242 3724 1311 αύτῷ
3749 1243 3845 1295 τδν
3885 1244 4038 1297 κάτω

2456 1334 2720 1403 θάλαμον,
2755 1334 2943 1403 ἐπειδὴ
2970 1334 3069 1397 τάς
3098 1334 3210 1387 ἄνω
3233 1334 3510 1395 παστάδας
3552 1333 3813 1404 Ἐρινύων
3839 1332 4037 1401 φθόνος

2456 1424 2801 1493 ἐξήρπασεν;
2828 1426 2969 1488 οἵαις
2997 1426 3284 1494 μονῳδίαις
3313 1426 3621 1495 τετήρημαι
3646 1442 3662 1491 ;
3691 1426 3877 1487 πάσας
3907 1426 4039 1477 ὐπο-

2455 1514 2630 1576 θέσεις
2657 1514 2937 1584 τολμήσας
2976 1515 3148 1581 λόγων
3180 1514 3375 1583 μόνους
3406 1516 3533 1575 τοὺς
3565 1513 3796 1584 θρήνους
3827 1513 4039 1577 ἐξέκλι-

2455 1624 2564 1659 νον.
2610 1605 2933 1659 Ἐλάνθανον
2958 1606 3011 1659 δὲ
3036 1605 3143 1675 ἄρα
3170 1610 3284 1668 τοῖς
3312 1605 3553 1676 ἐμαυτοῦ
3582 1607 3802 1677 θρήνοις
3834 1609 4038 1677 τηρού-

2460 1714 2641 1763 μενος.
2696 1696 2989 1768 Πόρρωθεν
3038 1696 3145 1766 άρα
3177 1696 3555 1765 ἐμμελέτησας
3584 1696 3631 1726 ⁸⁸
3672 1697 3773 1766 τὴν
3824 1696 4036 1749 ἐνθένδε

2457 1785 2822 1856 ἀναχώρησιν,
2866 1786 3146 1857 πόρῤωθεν
3192 1786 3382 1848 ἐδίδως
3432 1786 3479 1816 ⁸⁷
3554 1789 3665 1850 τοῖς
3713 1786 4039 1855 δυναμένοις

2455 1872 2834 1943 τεκμήρασθαι
2862 1873 2941 1926 ὅτι
2978 1875 3243 1943 κρείττων
3267 1874 3373 1944 ἄρα
3406 1869 3547 1945 ἦσθα
3576 1876 3671 1943 τῆς
3700 1877 3829 1947 τῇδε
3854 1874 3904 1907 ⁵⁸
3941 1876 4039 1945 λή-

2458 1965 2613 2029 ξεως.
2651 1960 2721 2017 τΩ
2752 1962 3020 2034 πρότερον
3062 1966 3190 2026 τοὺς
3227 1965 3326 2033 τῆς
3372 1966 3589 2035 ήλικίας
3615 1968 3779 2035 ὅρους
3816 1969 3885 2037 τῇ
3930 1967 4039 2019 τῶν

2456 2055 2664 2125 ἀρετῶν
2718 2056 2928 2124 κτήσει,
2968 2056 3086 2108 νυνὶ
3113 2057 3158 2089 δ’
3202 2056 3257 2108 δέ
3293 2058 3372 2128 τῷ
3420 2058 3635 2128 θανάτῳ
3684 2059 4041 2129 παραμειψά-

2461 2151 2649 2219 μενοςί
2684 2146 2728 2204 ὦ
2750 2132 3075 2221 ιριλαδελφίᾳ
3120 2148 3350 2217 νικήσας
3389 2149 3460 2201 τὰ
3488 2149 3831 2218 Διοσκούρων
3862 2149 4039 2217 ἐγκώ-

2462 2245 2597 2311 μιαι
2635 2246 2696 2296 0i
2725 2246 2824 2314 μὲν
2858 2244 2968 2313 γὰρ
3001 2242 3141 2311 ὺπέρ
3193 2240 3413 2311 Ἑλένης
3447 2242 3797 2312 ἐστράτευον,
3849 2243 3953 2313 τὴν
3986 2243 4040 2295 δὲ

2460 2338 2714 2407 ἁρπαγὴν
2734 2338 2833 2391 οὐκ
2864 2336 3174 2389 ἐκώλυσαν·
3204 2336 3268 2387 σὺ
3302 2335 3357 2388 δέ
3384 2336 3560 2405 φύλαξ
3582 2338 3677 2407 τῆς
3698 2339 4039 2407 αύταδέ).φου

2458 2425 2601 2500 ἦσθα
2630 2430 2831 2492 παντὸς
2862 2428 3074 2498 τείχους
3107 2427 3470 2497 ὀχυρώτερος.
3502 2429 3572 2481 Σὺ
3598 2430 3654 2483 δὲ
3692 2430 3833 2500 πρὸς
3860 2432 4041 2493 πάσας

2463 2521 2648 2580 νόσους
2679 2520 2839 2588 ἔστης
2865 2518 2951 2570 ἀεὶ
2985 2518 3131 2587 μόνῳ
3154 2518 3231 2585 τῷ
3270 2518 3367 2586 τῆς
3407 2516 3586 2586 ψυχῆς
3617 2521 4039 2589 παραστήματι.

2474 2609 2878 2679 Ἐφιλονείκησέ
2915 2625 2997 2659 σοι
3044 2608 3131 2659 διά
3164 2607 3321 2660 τοῦτο
3350 2609 3529 2671 [σωςό
3563 2610 3798 2679 πονηρὸς
3831 2610 4042 2679 δαίμων

2463 2701 2555 2753 καὶ
2612 2700 2823 2769 ἄγριος,
2860 2702 2953 2753 καὶ
2992 2699 3191 2762 πολλὰς
3234 2698 3491 2768 ἡττηθεὶς
3542 2700 3722 2769 μάχας
3770 2701 3873 2771 ὀψέ
3912 2720 4041 2756 ποτε

2462 2789 2707 2859 λαθραίῳ
2772 2791 3055 2844 κατέσεισε
3106 2790 3481 2861 μηχανήματι·
3547 2789 3713 2854 Pii-Ea:
3780 2792 3839 2845 δέ
3926 2795 4044 2847 οὐδὲ

2464 2883 2589 2950 ἄχρι
2637 2882 2745 2933 τῶν
2801 2884 3068 2953 ἐσχάτων,
3102 2882 3177 2945 ὼς
3226 2880 3373 2934 ἔστιν
3398 2881 3641 2951 άκούειν,
3687 2883 3765 2952 τῷ
3802 2884 4040 2954 δαίμονι,

2466 2971 2599 3021 ἀλλὰ
2628 2971 2979 3041 παραχωρῶν
3033 2970 3127 3023 τοῦ
3166 2968 3418 3039 σώματος
3456 2970 3549 3023 τοῦ
3598 2975 3951 3040 φρονήματος
3982 2974 4041 3024 ού

2467 3062 2891 3131 παρεχώρησας.
2932 3062 3072 3114 Ἀλλ’
3101 3062 3129 3113 ό
3164 3062 3261 3131 μὲν
3296 3057 3432 3130 ἦγχε
3456 3063 3501 3094 '°
3532 3062 3628 3115 καὶ
3671 3063 3947 3126 ἐϐιάζετο,
3979 3066 4043 3117 σὺ

788 3158 898 3222 ille,
936 3172 1137 3226 perque
1178 3156 1285 3209 vim
1338 3154 1585 3221 abstulit;
1640 3166 1695 3209 tu
1729 3172 1857 3211 vero
1909 3160 1961 3212 in
2011 3161 2127 3229 ipso
2173 3163 2357 3233 laqueo

2467 3152 2521 3204 δέ
2550 3154 2614 3203 ἐκ
2648 3154 2813 3219 μέσου
2859 3152 2952 3205 τοῦ
2984 3153 3182 3223 βρόχου
3224 3153 3481 3215 διετέλεις
3506 3152 3601 3224 τήν
3636 3155 3798 3224 φίλην
3838 3173 3922 3208 σοι
3968 3173 4044 3209 τι·

790 3250 1025 3303 animant
1066 3246 1287 3316 agebas,
1332 3245 1622 3300 amabilem
1661 3246 1751 3300 tibi
1800 3249 2062 3303 nutricem
2103 3266 2233 3306 voce
2280 3255 2367 3306 in-

789 3341 1053 3405 clamans,
1086 3339 1257 3392 donec
1290 3347 1342 3391 te
1374 3338 1522 3390 omni
1556 3352 1656 3405 ope
1688 3339 2025 3404 destitutum,
2057 3341 2135 3395 sic
2177 3342 2369 3411 laqueo

787 3429 1075 3486 conclusit.
1127 3428 1359 3482 Noverat
1396 3428 1540 3481 enim
1589 3430 1730 3495 quod
1785 3444 1928 3496 saepe
1975 3431 2175 3494 victus,
2217 3444 2368 3501 patre

788 3530 1057 3591 praesente
1095 3528 1147 3572 et
1187 3518 1435 3587 juvante,
1470 3518 1817 3573 discesserat.
1852 3518 2073 3575 Viceras
2110 3531 2160 3575 et
2196 3524 2368 3577 obsti-

790 3622 946 3667 natos
1015 3609 1425 3675 immobilesque
1484 3608 1731 3677 judicum
1795 3610 2007 3664 animos
2077 3627 2093 3665 :
2144 3622 2199 3666 et
2255 3622 2364 3666 tum

786 3703 1019 3773 primum
1056 3714 1302 3755 severum
1339 3699 1486 3753 illum
1526 3714 1845 3753 concessum
1878 3701 2064 3755 risisse
2096 3704 2361 3770 apparuit.

790 3795 1069 3851 Desiderio
1109 3795 1182 3849 tui
1225 3801 1433 3848 mentes
1468 3791 1587 3845 illas
1624 3791 1841 3857 ﬂexisti,
1879 3807 2014 3861 quas
2042 3794 2112 3847 dii
2154 3794 2253 3861 ipsi
2279 3793 2365 3860 ju-

792 3885 935 3941 dicio
994 3885 1356 3951 disceptantes
1413 3880 1631 3935 ﬂectere
1682 3880 2021 3950 acquierunt.
2080 3882 2362 3936 Occlusisti

785 3972 897 4042 jam
944 3971 1075 4025 milii
1126 3979 1300 4024 morte
1354 3977 1537 4036 portas
1584 3968 1757 4034 urbis,
1784 3968 2057 4023 occlusisti
2089 3969 2359 4025 Eleusina.

794 4066 910 4131 Qua
944 4064 1153 4118 ratione
1198 4061 1452 4115 Minerva:
1492 4061 1832 4125 sacriﬁcabo,
1878 4076 1997 4130 qua:
2041 4077 2137 4131 pro
2174 4073 2222 4116 te
2254 4063 2360 4116 Fu-

792 4156 929 4210 riam
981 4161 1166 4207 contra
1218 4152 1513 4205 daemonem
1556 4149 1703 4203 illmn
1744 4166 1848 4205 non
1887 4151 2187 4205 excitavit?
2217 4155 2362 4219 Quo-

796 4244 955 4299 modo
1003 4244 1179 4296 deum‘
1208 4240 1441 4309 patrium
1493 4240 1664 4295 colam
1710 4251 1862 4309 pater
1903 4244 1971 4296 ob
2016 4241 2182 4296 filium
2230 4260 2360 4299 con-

792 4332 1072 4389 tristatus?
1120 4329 1164 4385 0
1198 4332 1428 4383 audaces
1469 4333 1777 4385 sermones!
1830 4330 1979 4387 Jacct
2026 4330 2274 4399 Ruﬁnus,
2304 4344 2359 4389 et

2471 3242 2568 3312 θὴν
2596 3244 2639 3273 ⁸⁸
2691 3242 3193 3311 ἀναφθεγγόμενος,
3234 3244 3339 3308 ἐως
3391 3246 3571 3315 πάσης
3619 3261 3677 3297 σε
3723 3247 4044 3314 συμμαχίας

2469 3334 2707 3400 ποιήσας
2746 3332 2978 3401 ἔρημον,
3013 3331 3157 3385 οὕτω
3190 3338 3435 3403 προσῆγε
3491 3335 3583 3386 τὸν
3638 3334 3858 3403 βρόχον.
3891 3335 4046 3404 Ἰιιδει

2468 3421 2573 3491 γὰρ
2603 3421 2676 3483 ὡς
2716 3422 2975 3482 πολλάκις
2999 3422 3259 3491 ἡττηθεὶς
3288 3424 3495 3492 ἀπῆλθε
3526 3423 3619 3476 τοῦ
3663 3424 3873 3493 πατρὸς
3902 3442 4041 3495 παρ’

2467 3512 2618 3572 όντος
2678 3514 2772 3564 καὶ
2825 3514 3269 3577 συνασπίζοντος.
3314 3516 3601 3585 Ἐνίκησας
3639 3517 3736 3569 καὶ
3770 3516 3866 3569 τοῦ
3896 3517 4044 3569 δικαο

2470 3602 2691 3671 στηρίου
2737 3605 2799 3655 τὸ
2852 3606 3113 3671 στεγανόν
3147 3622 3208 3657 τε
3265 3606 3358 3658 καὶ
3388 3606 3688 3677 ἄτρεπτονο
3735 3606 3894 3676 ὤφθη
3924 3608 4042 3659 τότε

2470 3692 2751 3761 μειδιᾶσαν
2809 3692 3025 3763 πρῶτον
3077 3692 3139 3745 τὺ
3190 3694 3413 3747 σύννουν
3472 3697 3562 3749 ἀεὶ
3622 3696 3930 3765 συνέδριον
3964 3699 4043 3758 εἰς

2465 3782 2631 3836 πόθον
2667 3783 2842 3853 ψυχὰς
2883 3784 3168 3852 ἐκίνησας,
3208 3784 3373 3855 [1115
3406 3786 3501 3859 IL]
3547 3788 3613 3850 ἃς
3653 3790 3753 3840 οὐκ
3780 3788 4043 3856 ἐκίνησαν

2463 3875 2584 3927 οὐδὲ
2615 3875 2729 3927 θεοὶ
2770 3876 3136 3945 δικαζόμενοι.
3186 3877 3543 3943 Ἀπέκλεισάς
3584 3898 3672 3949 μοι
3698 3881 3775 3949 τῷ
3826 3880 4040 3949 θανάτῳ

2462 3965 2560 4029 τὰς
2589 3965 2684 4017 τοῦ
2720 3966 2927 4029 ἄστεως
2951 3968 2996 3998 ¹¹
3021 3968 3215 4033 πύλας,
3245 3968 3573 4033 άπέκλεισάς
3609 3988 3698 4041 μοι
3724 3974 3826 4044 τήν
3854 3973 4038 4027 Ἐλευ-

2463 4059 2603 4111 σῖνα.
2648 4058 2773 4121 Πῶς
2818 4057 3017 4128 Ἀθηνᾷ
3065 4058 3234 4124 θύσω,
3281 4060 3437 4131 ήτήν
3474 4062 3712 4131 Γοργόνα
3767 4066 3912 4117 κατά
3944 4065 4037 4118 τοῦ

2460 4148 2714 4218 δαίμονος
2746 4149 2885 4219 ὑπὲρ
2924 4150 3042 4213 σοῦ,
3100 4149 3336 4215 παιδίον,
3389 4153 3488 4204 οὐκ
3522 4152 3733 4218 latice;
3788 4152 3909 4218 πῶς
3962 4154 4037 4223 τῷ

2460 4239 2700 4309 πατρῴῳ
2739 4240 3131 4310 προσεύξομαι,
3174 4242 3355 4311 πατὴρ
3391 4242 3483 4295 ἐπὶ⁹
3522 4245 3719 4314 παιδίῳ
3763 4244 4038 4314 λυπούμε-

2459 4348 2581 4396 νος;
2613 4328 2684 4383 Ὦ
2730 4332 2993 4403 τολμηροὶ
3024 4331 3152 4402 [596
3174 4332 3265 4404 ιι.]
3299 4334 3473 4401 λόγοιί
3510 4338 3684 4388 κεῖται
3729 4336 4032 4404 Ῥουφῖνοςι

789 4442 887 4482 vos
934 4426 1110 4480 adhuc
1158 4422 1399 4478 ﬂoretis?
1451 4421 1495 4476 Ο
1546 4421 1732 4477 infelix
1782 4422 2032 4493 -lingua,
2081 4424 2353 4481 Musarum

2464 4421 2622 4489 ὑμεῖς
2652 4420 2710 4473 δὲ
2751 4422 2831 4474 ἔτι
2864 4422 3228 4477 νεανιεύεσθε.
3259 4419 3329 4476 Ὦ
3358 4426 3405 4456 ⁸⁸
3430 4425 3695 4495 δυστυχής
3725 4425 3960 4492 γλῶττα,
3989 4419 4036 4480 ὦ

786 4520 939 4591 prius
991 4517 1425 4577 instrumentum,
1465 4527 1609 4567 nunc
1656 4527 1785 4567 vero
1839 4514 2011 4583 turpis
2067 4516 2354 4571 daemonis!

2466 4511 2727 4582 πρότερον
2777 4512 2875 4581 μὲν
2920 4511 3150 4581 ὄργανον
3184 4514 3455 4575 Μουσῶν,
3517 4517 3635 4567 νυνὶ
3686 4515 3744 4567 δέ
3789 4516 4033 4583 ἀμούσου

787 4609 833 4664 0
862 4608 951 4677 qui
981 4606 1187 4660 clarius
1223 4602 1476 4659 Lucifero
1509 4602 1860 4671 splenduistil
1895 4606 1985 4675 qui
2026 4606 2360 4661 lzetissintum

786 4698 919 4753 mihi
949 4707 1056 4750 tum
1086 4696 1226 4749 diem
1260 4692 1565 4759 ostendisti,
1599 4707 1721 4746 cum
1758 4704 1807 4747 te
1841 4695 2072 4763 primum
2112 4695 2193 4751 sol
2227 4711 2360 4751 con-

787 4788 994 4858 spexit!
1028 4786 1143 4841 Jam
1180 4800 1309 4841 vero
1360 4798 1577 4839 rursum
1628 4784 2024 4850 tristissimum,
2059 4800 2166 4854 quo
2209 4802 2362 4843 acer-

785 4882 911 4935 bum
953 4879 1125 4943 illum,
1165 4886 1219 4930 et
1254 4875 1517 4943 tragicum
1558 4876 1804 4928 nuntium
1851 4877 2101 4944 percepi!
2143 4876 2187 4931 Ο
2219 4893 2358 4947 qua-

786 4971 891 5024 lcm
924 4982 1107 5023 casum
1141 4981 1239 5036 pro
1269 4966 1367 5019 liae
1401 4978 1516 5035 spe,
1547 4979 1580 5019 ο
1602 4966 1837 5031 daemon,
1876 4966 2005 5019 mihi
2037 4968 2313 5021 destinasti
2340 4969 2353 5021 !

790 5058 966 5114 Deﬂeo
995 5058 1102 5125 iam
1133 5070 1294 5125 quem
1337 5054 1643 5110 Minuciano
1685 5056 2159 5131 vehementiorem,
2196 5058 2358 5113 Nica-

790 5164 916 5219 gora
947 5147 1274 5217 graviorem,
1309 5142 1606 5219 Plutarcho
1638 5144 2085 5214 eloquentiorem,
2115 5147 2357 5203 Musonio

789 5217 1198 5308 sapientiorem,
1232 5217 1731 5299 Sexto°fortiorem,
1759 5242 1813 5289 et
1844 5235 2091 5290 omnibus
2125 5227 2357 5307 denique

2463 4602 2715 4671 δαίμονος
2738 4603 2749 4655 l
2779 4600 2849 4656 Ὦ
2865 4604 3087 4671 λάμψας
3115 4606 3393 4676 ἐωσφόρου
3416 4605 3712 4675 ταχύτερον
3733 4608 3745 4657 l
3768 4601 3814 4660 ὦ
3845 4605 4034 4659 πασῶν

2466 4692 2566 4763 μὲν
2614 4693 2793 4757 δείξας
2843 4694 2968 4765 ἐμοὶ
3004 4696 3365 4767 φαιδροτέραν
3414 4697 3648 4767 ήμέραν,
3682 4698 3771 4750 ὅτε
3817 4713 3877 4749 σε
3923 4692 4031 4749 εἶδε

2464 4783 2677 4853 πρῶτον
2706 4785 2733 4836 ὁ
2766 4784 2937 4853 ἥλιος,
2969 4786 3160 4839 πασῶν
3184 4786 3242 4840 δέ
3289 4788 3702 4857 άφεγγεστάτην
3742 4784 3810 4841 αὖ
3847 4787 4029 4851 πάλιν,

2462 4875 2555 4944 ἀφ’
2596 4871 2663 4947 ἦς
2714 4878 2814 4943 τὴν
2865 4877 3103 4946 δυστυχῆ
3142 4878 3237 4930 καὶ
3282 4879 3549 4949 τραγικήν
3592 4879 3782 4949 φήμην
3814 4879 4034 4947 κεκόμι-

2466 4968 2634 5035 σμαιῑ
2666 4966 2800 5019 υἶαν
2840 4966 3013 5038 τύχην
3052 4967 3170 5020 ἀνθ’
3198 4969 3326 5021 οἴων
3351 4970 3582 5023 ἐλπίδων
3623 4968 3653 5019 δ
3684 4969 3893 5039 δαίμων
3928 4986 4029 5037 μου

2466 5055 2867 5125 κατεψήφισται
2889 5058 2901 5109 l
2937 5057 3131 5127 Θρηνῶ
3160 5056 3255 5111 νῦν
3290 5057 3349 5112 δν
3371 5058 3669 5127 δεινότερον
3688 5058 3894 5129 ήλπισα
3918 5058 4028 5112 Mt-

2464 5147 2748 5199 νουκιανού
2802 5146 3162 5217 φθέγξασθαι,
3215 5148 3538 5219 σεμνότερον
3575 5148 3631 5201 δέ
3694 5148 4025 5217 Νικαγόρου.

2466 5237 2814 5310 Πλουτάρχου
2847 5238 2903 5293 δέ
2942 5238 3392 5311 εὐγλωττότερον,
3433 5240 3751 5296 Μουσωνίου
3795 5240 3851 5293 δέ
3879 5238 4027 5308 φιλο-

2072 5389 2307 5445 VARUS
2348 5390 2754 5449 LECTIONES.

1439 5513 1483 5550 "
1506 5510 1569 5563 τὸ
1620 5524 1731 5564 om.
1788 5512 1853 5564 Α.

866 5521 913 5555 ⁵⁵
972 5513 1228 5585 ἐριννύων
1276 5530 1337 5578 ς.
1439 5513 1483 5550 δ’
1506 5513 1569 5563 τὸ
1620 5524 1731 5564 om.
1788 5513 1853 5564 Δ.
1962 5517 2007 5548 ιο

866 5588 940 5640 ἓδε
973 5603 1035 5651 ς.
1108 5584 1155 5617 ⁵⁸
1181 5584 1274 5638 νῦν
1303 5584 1369 5637 Α.
1464 5582 1508 5613 ⁸ο
1537 5576 1671 5652 ἦγχε
1708 5581 1781 5635 B:
1817 5575 1930 5651 εἶχε
1965 5598 2026 5645 ς.

788 5587 940 5642 τἰὖδε
973 5584 1035 5651 ς.
1108 5584 1155 5617 ⁵⁸
1181 5584 1274 5638 νῦν
1303 5584 1369 5637 Α.

1962 5517 2007 5548 ⁸⁸
2075 5512 2413 5585 ἐμελέτησας
2458 5513 2500 5567 C
2528 5531 2566 5585 _:
2614 5512 2991 5585 ἐμμελετήσας
3014 5531 3077 5579 ς.

2122 5582 2165 5614 ⁸¹
2192 5583 2362 5653 τήθην
2394 5600 2475 5652 pr.
2512 5583 2576 5651 Α,
2608 5582 2778 5655 τήθήν
2802 5582 3055 5653 Ο,’τηθὺν
3078 5582 3140 5643 Β.

3177 5519 3225 5555 δτ
3254 5515 3454 5577 ἐδίδους
3482 5512 3544 5567 Β.

3472 5517 3568 5617 9-.
3642 5517 3855 5617 “si-1“.
3871 5534 4019 5617 απελτ

3310 5585 3497 5648 ἄστεος
3527 5600 3590 5649 ς.

3692 5588 4024 5645 "bona.

2296 5686 2520 5745 NOTAE.

863 5790 974 5861 (ω)
1016 5790 1158 5863 Virg.
1196 5791 1288 5848 lib.
1324 5804 1399 5856 tv,
1435 5803 1572 5845 vcrs.
1599 5787 1701 5845 6S9
1729 5786 1922 5844 zEneid
1954 5828 1967 5853 ,
2003 5786 2243 5844 Nondum
2272 5788 2358 5843 isti
2398 5784 2713 5858 Proserpina
2748 5790 3035 5857 crinem,...
3065 5805 3127 5847 ex
3167 5789 3433 5859 Euripidis
3472 5790 3753 5849 Alceslide.
