4206 6436
203 376 339 444 1389

1228 378 1742 443 BlBLIOTlIECA.
1777 402 1845 416 -
1879 378 2044 441 COD.
2068 377 2371 442 CCXLIlI.

3295 382 3433 452 1350

201 489 534 561 σοφώτερον,
590 489 786 555 Σέξτου
829 489 887 544 δὲ
940 488 1428 564 καρτερικώτερον,
1463 492 1680 546 πάντων
1726 491 1771 545 δ’
1802 498 1845 553 Α

1802 498 1845 553 Α
1874 492 2244 563 superioribus
2276 492 2619 547 illustriorem
2653 490 2848 564 δεδι
2887 492 3274 565 melioremque
3320 511 3443 567 spec

195 580 333 650 ὁμοῦ
360 580 471 633 τῶν
493 582 775 652 προγόνων
797 580 1177 651 λαμπρότερόν
1199 597 1256 633 τε
1286 585 1379 634 καὶ
1401 582 1684 651 κρείττονα
1703 582 1770 637 ⁸⁵.

195 670 369 734 Αὐτὸς
396 669 495 741 μὶν
519 670 629 741 γὰρ
669 669 1027 740 παρεχώρουν
1063 670 1145 723 ἑτι
1178 668 1482 740 κουρίζοντί
1506 671 1671 724 σοιτὰ
1698 690 1775 725 νι-

198 762 461 831 κητήρεα,
489 761 585 814 καὶ
624 762 749 824 τοὺς
790 761 918 823 σοὺς
961 760 1152 829 λόγους
1176 760 1283 814 τῶν
1330 760 1567 830 ἐμαυτοῦ
1599 760 1773 828 λόγων

198 852 454 922 ἡγούμην
474 852 810 921 κρείττονας.
838 850 1173 922 Προῦκρινον
1203 850 1314 904 τῶν
1344 851 1774 921 σπουδασμάτων

196 944 263 994 τὰ
296 944 369 996 σὲ
404 942 769 1013 ψελλίσματα.
813 944 973 997 Ἀλλὰ
1004 944 1176 997 ταῦτα
1227 944 1402 996 πάντα
1439 942 1577 1013 ὁμοῦ
1612 944 1775 1013 συλή-

198 1045 298 1090 σας
329 1029 362 1080 ὁ
385 1030 593 1099 δαίμων
627 1032 853 1100 οἴχεται,
883 1032 1005 1100 ἐμοὶ
1034 1032 1090 1084 δὲ
1108 1032 1318 1101 ἀφῆκεν
1350 1032 1469 1084 ἀντὶ
1507 1031 1601 1085 σοῦ
1636 1030 1769 1102 θρή-

196 1136 325 1181 νους
347 1119 443 1171 καὶ
470 1119 701 1189 δάκρυα.
723 1121 1004 1190 Κοσμήσω
1028 1137 1087 1173 σε
1124 1122 1218 1173 καὶ
1244 1121 1548 1189 ἐπιταφίοις
1578 1122 1770 1189 ἀγῶσι,

195 1209 294 1261 καὶ
318 1207 630 1277 παραδώσω
654 1209 728 1279 τῷ
754 1212 927 1280 χρόνῳ
949 1210 1008 1262 τὸ
1032 1211 1124 1263 σὺν
1145 1210 1337 1279 ὄνομα,
1357 1212 1449 1263 καὶ
1474 1212 1774 1282 γενήσομαι

196 1299 293 1351 τοῦ
329 1301 586 1369 δαίμονος
625 1301 767 1355 κατὰ
798 1302 957 1355 τοῦτο
987 1303 1120 1367 γοῦν
1174 1303 1233 1354 τὸ
1267 1303 1430 1373 μέρος
1481 1303 1777 1371 φιλονεικό-

197 1407 361 1460 τερος
392 1391 480 1443 ἵνα
508 1391 606 1464 ἔχῃ
642 1392 741 1461 μὲν
776 1395 980 1455 ἐκεῖνος
1012 1394 1071 1445 τὸ
1105 1392 1285 1462 σῶμα,
1329 1394 1427 1462 τὴν
1467 1394 1523 1447 δὲ
1549 1394 1724 1465 ψυχὴν
1749 1396 1777 1446 ὁ

196 1482 456 1549 οὐρανὸς,
482 1482 581 1552 τὴν
612 1483 666 1535 δὲ
698 1481 855 1545 δόξαν
889 1483 1127 1545 ἅπαντες
1157 1483 1455 1556 ἄνθρωποι.

208 1594 316 1647 Ἐκ
356 1593 464 1647 τοῦ
504 1595 591 1658 είς
644 1593 909 1662 Σεόἧρον
946 1595 1361 1664 ἐπιϐαλομίου.
1411 1624 1479 1635 -
1535 1596 1635 1649 Ἐκ
1668 1595 1778 1664 τῆς

799 1663 1179 1730 προοεωρίας.

268 1754 444 1817 Ἴσως
472 1754 569 1824 μὲν
596 1755 662 1809 ἄν
688 1771 765 1822 τῳ
792 1755 1081 1825 περίεργον
1112 1752 1250 1809 εἶναι
1272 1755 1437 1821 δόξειε
1462 1756 1523 1810 τὸ
1545 1756 1651 1827 πρὸ
1670 1757 1776 1811 τῶν

1875 594 2119 635 raveram
2159 590 2456 635 oratorum.
2508 579 2620 650 Ego
2663 581 2781 650 ipse
2821 584 3102 638 victoriam
3136 583 3231 638 tibi
3266 585 3445 640 adhuc

1869 669 2053 739 juveni
2079 668 2459 736 concedebam,
2499 678 2755 741 tuamque
2780 673 3081 728 orationem
3123 688 3239 728 mea
3261 674 3444 744 splen-

1872 761 2139 816 didiorem
2166 762 2324 830 longe
2352 762 2678 827 arbitrabar,
2708 772 2762 816 et
2790 763 3118 819 balbutiente
3151 774 3202 819 te
3229 765 3295 820 de
3323 778 3443 830 stu-

1872 850 2083 904 diorum
2140 852 2349 906 ratione
2396 852 2779 921 praeiudicavl,
2829 857 2922 909 sed
2973 856 3088 910 haec
3125 855 3306 909 omnia
3349 854 3442 908 tibi

1875 942 2084 996 daemon
2143 944 2397 997 auferens
2444 942 2648 1013 effugit,
2696 954 2751 999 et
2797 945 2926 999 mihi
2979 945 3217 1001 dolorem
3269 946 3444 1016 lacry-

1875 1047 2099 1102 masque
2127 1048 2224 1104 pro
2252 1042 2303 1089 te
2336 1034 2574 1104 reliquit.
2614 1034 2830 1091 Ornabo
2862 1044 2913 1090 te
2946 1036 3086 1092 ludis
3127 1037 3446 1091 funebribus

1874 1133 1929 1178 et
1973 1124 2274 1193 posteritati
2321 1141 2514 1181 nomen
2563 1128 2769 1180 tradam
2810 1135 2980 1191 tuum,
3015 1137 3068 1181 et
3112 1128 3213 1183 hac
3250 1127 3443 1183 saltem

1875 1226 2027 1284 parte
2059 1214 2356 1271 daemonem
2387 1218 2619 1281 vincam,
2646 1227 2705 1270 ut
2745 1218 2833 1271 ille
2871 1217 3085 1284 quidem
3126 1232 3321 1287 corpus
3347 1219 3446 1273 ha-

1879 1306 2025 1368 bcat,
2059 1305 2293 1359 animam
2327 1314 2499 1370 astra,
2526 1320 2713 1360 omnes
2742 1305 2988 1361 homines
3022 1307 3242 1363 famam.

1950 1586 2034 1641 Ex
2067 1588 2419 1655 Epithalamio
2449 1593 2516 1643 ad
2532 1590 2796 1646 Severum.
2822 1623 2890 1631 -—
2913 1592 2994 1645 Ex
3040 1592 3372 1661 prwfatioue.

1948 1742 2137 1812 Opera:
2179 1746 2409 1813 pretium
2452 1746 2676 1801 forsitan
2726 1748 2900 1802 visum
2946 1764 3048 1803 non
3078 1750 3263 1817 fuerit,
3320 1759 3448 1807 ante

196 1846 581 1915 ἐπιθαλαμίων
608 1824 978 1916 τεχνολογεῖνίσ
1036 1848 1174 1901 ὅπου
1205 1848 1315 1919 γὰρ
1356 1824 1642 1916 Ὑμέναιος
1683 1850 1774 1902 καὶ
1806 1824 1847 1878 Β

1806 1824 1847 1878 Β
1876 1826 2227 1903 epitlialamia
2261 1836 2551 1891 artiﬁciosa
2578 1837 2780 1892 dicere.
2805 1836 2937 1891 Nam
2971 1840 3059 1894 ubi
3101 1840 3442 1912 llymcnazus,

195 1938 353 2007 χοροὶ
405 1938 501 1991 καὶ
536 1938 823 2007 ποιητικῆς
858 1939 1185 2011 αὐτονομίας
1217 1940 1387 2005 ἄδεια,
1418 1941 1502 2003 τίς
1542 1940 1774 1994 ἐνταῦθα

193 2026 398 2095 τέχνης
431 2027 651 2097 καιρός;
693 2026 846 2079 Ἐπεὶ
870 2026 925 2080 δὲ
970 2028 1072 2099 χρὴ
1103 2028 1194 2081 τὸν
1238 2028 1573 2098 ἐπιστήμονα
1598 2028 1692 2081 καὶ
1718 2029 1776 2080 ἐν

195 2120 313 2181 τοῖς
342 2117 607 2181 τοιούτοις
641 2117 809 2189 μηδὲν
834 2118 963 2171 ἄνευ
995 2120 1190 2190 τέχνης
1225 2122 1419 2187 ποιεῖν,
1447 2119 1653 2191 βραχέα
1683 2119 1777 2173 καὶ

194 2211 329 2279 περὶ
366 2208 573 2261 τούτων
604 2210 778 2261 είπείν
828 2209 998 2275 ἄξιον.
1040 2212 1219 2264 Ἔστω
1268 2211 1449 2264 τοίνυν
1478 2212 1507 2262 ὀ
1559 2211 1778 2281 ἄριστος

193 2299 582 2370 ὲπιθαλαμίων
632 2298 812 2353 κανὼν
857 2299 919 2351 τὸ
972 2300 1070 2372 τὴν
1121 2301 1219 2370 μὲν
1274 2300 1417 2364 λέξιν
1461 2300 1598 2369 πρὸς
1650 2300 1777 2362 τοὺς

198 2388 439 2457 ποιητὰς
469 2390 619 2460 ὁρᾷν,
661 2387 732 2440 τὰ
764 2388 1070 2460 πράγματα
1104 2389 1161 2441 δὲ
1184 2389 1319 2460 πρὸς
1357 2391 1454 2460 τὴν
1484 2388 1693 2459 χρείαν,
1717 2389 1778 2442 τδ

194 2479 251 2531 δὲ
283 2479 488 2551 μέτρον
532 2479 666 2549 πρὸς
699 2479 798 2552 τὴν
833 2479 1110 2534 ὑπόθεσιν.
1143 2473 1245 2533 Ὧν
1282 2481 1330 2533 εί
1371 2480 1589 2533 πάντων
1619 2482 1647 2533 ὁ
1681 2480 1777 2533 λό-

196 2588 294 2638 γος
324 2571 674 2641 ὲστὸχασται,
702 2570 1035 2641 σαφέστερον
1058 2570 1220 2636 δείξει
1250 2571 1311 2624 τὸ
1341 2570 1703 2643 σύγγραμμα.

494 2683 563 2736 Τὸ
589 2684 910 2753 Προοίμιον
931 2684 1035 2738 τοῦ
1071 2684 1487 2745 ἐπιθαλαμίου.

281 2772 606 2829 Ἀπόλλωνά
666 2793 800 2844 φασι
852 2778 988 2846 μετὰ
1030 2777 1127 2841 τὰς
1178 2777 1419 2847 μεγάλας
1471 2778 1662 2842 νίκας,
1714 2778 1781 2841 ἃς

197 2864 461 2935 πλήττων
485 2866 582 2934 τὴν
602 2866 772 2937 λύραν
795 2868 984 2938 ἠρατο,
1002 2868 1252 2921 καὶκατὰ
1271 2868 1555 2923 παστάδων
1580 2868 1782 2938 ἠχῆσαι

200 2954 370 3021 μέλος
424 2955 710 3025 γαμήλιον.
766 2958 924 3024 Ἀγει
977 2957 1071 3011 καὶ
1126 2958 1447 3027 Ἀφροδίτην
1497 2957 1581 3024 ἐφ’
1629 2957 1781 3027 ἆρμα

197 3043 487 3112 Χαρίτων,
515 3045 609 3097 καὶ
636 3045 794 3115 χορὸν
829 3044 1075 3117 Ἐρώτων
1111 3048 1512 3117 συμπαίστορα.
1544 3049 1652 3101 Καὶ
1684 3050 1783 3119 τῆς

1873 1925 2047 1990 chori,
2106 1927 2437 1996 poeticarque
2481 1926 2744 1981 libertatis
2787 1928 3001 1983 licentia
3051 1940 3157 1996 est,
3193 1934 3315 2001 quis
3374 1934 3447 1988 ibi

1875 2018 1975 2071 arti
2010 2017 2198 2073 locus?
2224 2018 2352 2073 Cum
2404 2029 2580 2074 autem
2619 2021 2671 2074 in
2708 2020 2807 2075 his'
2832 2021 2961 2089 ipsis
3012 2022 3127 2077 sine
3158 2033 3273 2078 arte
3314 2024 3448 2079 nihil

1876 2109 2109 2177 peritum
2176 2110 2355 2166 facere
2412 2122 2685 2181 oporteat,
2755 2112 2995 2168 breviter
3043 2114 3109 2167 de
3160 2115 3245 2169 bis
3296 2114 3446 2185 loqui

1875 2199 2071 2256 visum.
2108 2201 2190 2255 Sit
2239 2203 2399 2271 igitur
2426 2204 2540 2259 lucc
2575 2205 2776 2272 optima
2815 2204 3289 2273 epithalamiorum
3315 2222 3446 2261 nor-

1877 2306 1985 2358 ma,
2019 2292 2367 2347 considerare
2398 2294 2585 2361 verba,
2620 2304 2679 2348 ut
2708 2298 2760 2349 in
2793 2296 3017 2365 poeticis
3048 2295 3209 2362 solet,
3244 2312 3354 2351 rem
3390 2306 3449 2353 ut

1876 2381 1929 2437 in
1962 2382 2112 2437 chria
2137 2423 2152 2447 ,
2190 2384 2479 2448 modulum,
2513 2401 2612 2455 pro
2653 2388 2951 2455 argumenti
2983 2388 3213 2443 ratiOne.
3238 2388 3447 2455 Quibus

1875 2472 2128 2528 omnibus
2158 2476 2202 2529 si
2234 2476 2527 2530 accesserit
2550 2476 2746 2543 oratio,
2779 2476 3105 2546 apertiorem
3132 2488 3444 2534 contextum

1878 2563 2085 2618 reddet.

2298 2675 2644 2744 Epithalnmii
2677 2674 3019 2733 Prowmium.

1948 2762 2151 2819 Ferunt
2208 2765 2513 2834 Apollinem
2590 2776 2710 2836 post
2770 2767 3105 2824 clarissimas
3163 2769 3446 2836 victorias,

1879 2868 2014 2923 quas
2052 2854 2295 2910 feriendo
2338 2855 2504 2927 lyram
2554 2859 2844 2920 adamavit.
2891 2860 2957 2914 ad
3015 2860 3279 2918 thalamos
3308 2878 3445 2918 con-

1873 2945 2057 3015 jugale
2100 2948 2364 3002 cecinisse
2417 2948 2605 3002 melos.
2650 2948 2913 3004 Venerem
2964 2952 3127 3005 etiam
3178 2953 3231 3007 in
3279 2967 3443 3008 curru

1879 3037 2184 3093 Gratiarum
2224 3048 2281 3093 et
2313 3039 2571 3092 Amorum
2615 3039 2838 3094 chorum
2871 3040 3228 3096 colludentem
3273 3043 3443 3110 ducit,

200 3134 306 3203 μὲν
336 3132 580 3205 ὑακίνθῳ
628 3134 725 3197 τὰς
760 3135 937 3206 κόμας
982 3136 1274 3205 σφίγξασα,
1320 3138 1457 3209 πλὴν
1494 3140 1616 3191 ὅσαι
1650 3155 1781 3209 μετ-
1805 3163 1851 3225 c

1805 3163 1851 3225 ο
1881 3140 1935 3183 ct
1970 3133 2148 3185 crines
2182 3130 2311 3184 ﬂore
2340 3130 2629 3201 hyacintho
2669 3132 3047 3202 constringens
3086 3132 3220 3203 (ιδ),
3250 3145 3447 3203 praeter

194 3223 339 3294 ὡπῳ
364 3224 412 3255 ⁸⁸
445 3225 780 3295 μερίζονται,
815 3227 914 3290 τὰς
960 3226 1151 3290 λοιπὰς
1182 3230 1299 3291 ταῖς
1328 3227 1521 3299 αὔραις
1564 3230 1776 3300 ἀφῆκεν

200 3315 629 3383 ὐποκυμαίνειν,
653 3318 702 3369 εί
754 3316 1075 3387 πλήττοιεν·
1119 3317 1229 3370 τῶν
1255 3318 1404 3371 δὲτὰ
1453 3319 1626 3390 πτερὰ
1682 3320 1776 3371 καὶ

196 3404 330 3467 τοὺς
367 3404 700 3475 βοστρύχους
727 3406 912 3477 χρυσῷ
966 3408 1289 3477 κοσμήσασα
1322 3408 1429 3477 πρὸ
1457 3406 1549 3460 τοῦ
1587 3408 1775 3477 δίφρου

200 3494 435 3548 σπεύδει
478 3494 526 3527 ⁸⁸
581 3496 967 3560 πολιτεύοντας
1010 3498 1103 3550 καὶ
1136 3496 1189 3529 ⁵⁷⁷
1227 3497 1357 3567 δᾷδα
1407 3497 1691 3561 κινοῦντας
1730 3498 1777 3530 ⁸⁸

202 3586 530 3655 μετάρσιον.
594 3586 751 3639 Ἐπεὶ
790 3587 849 3640 δὲ
899 3588 1115 3641 Πέλοπα
1161 3589 1211 3641 oi
1261 3591 1359 3657 τῆς
1400 3588 1778 3658 Ἱπποδαμείας

197 3676 365 3729 πὸοοι
424 3674 549 3747 [597
601 3675 696 3749 8.]
741 3677 944 3748 Ἔρωτι
996 3679 1092 3731 καὶ
1154 3679 1439 3749 Ἀφροδίτῃ
1499 3678 1778 3747 λατρεύειν

197 3764 461 3829 ἔπεισαν,
493 3763 634 3831 ίτότε
686 3766 781 3819 καὶ
819 3769 848 3820 ὁ
889 3766 1159 3820 Ἀπόλλων
1178 3767 1269 3820 τὸν
1322 3766 1429 3820 τῶν
1490 3766 1777 3836 Νηρηΐδων

196 3856 366 3925 χορὸν
396 3854 657 3926 ἁθροίσας
692 3857 872 3927 ἵστησι
909 3857 1007 3928 μὶν
1045 3857 1194 3927 αὐτῷ
1244 3858 1364 3911 κατ’
1413 3858 1588 3927 ἄκρας
1624 3858 1780 3929 ῂόνος

195 3946 296 3997 τὸν
348 3945 630 4015 θάλαμον·
672 3947 823 4018 κῦμα
850 3948 905 4000 δὲ
958 3944 1045 4019 ἦν,
1080 3945 1255 4017 οἶμαι,
1298 3949 1325 4002 ὁ
1365 3948 1603 4018 θάλαμος
1644 3965 1779 4018 πορε-

196 4033 380 4105 φῦρόν
409 4034 453 4066 ⁸⁸
483 4052 541 4087 τε
575 4036 668 4088 καὶ
700 4037 1013 4107 μετάρσιον,
1037 4038 1175 4108 ὑπὲρ
1202 4038 1296 4090 τοῦ
1326 4037 1516 4107 λέχους
1547 4038 1781 4108 κυρτού-

199 4145 375 4198 μενον
400 4168 414 4193 ,
449 4128 533 4181 ἵνα
556 4130 803 4183 παστάδα
836 4131 1159 4201 μιμήσηται.
1187 4125 1294 4183 Ἦν
1320 4131 1436 4195 θεὸς
1466 4132 1559 4184 καὶ
1586 4131 1743 4200 φύσις
1762 4146 1778 4162 ·

197 4216 297 4269 καὶ
332 4218 361 4268 ὁ
392 4216 491 4285 μὲν
513 4217 682 4270 ἐδεῖτο
703 4218 893 4286 γονῆς,
925 4220 959 4289 ἡ
988 4218 1044 4271 δὲ
1075 4219 1168 4272 τοῦ
1200 4220 1445 4273 κυῖσκειν
1473 4220 1777 4290 μέλλοντος.

198 4306 375 4378 [1H6
406 4306 501 4379 IL]
527 4309 642 4362 ἰνα
658 4309 721 4380 δὴ
751 4309 925 4363 ταῦτα
954 4310 1204 4381 ἄρξηται,
1244 4311 1484 4381 Θάλαμος
1507 4312 1584 4382 τῷ
1615 4312 1781 4365 παντὶ

196 4398 261 4451 τὸ
290 4398 408 4450 πᾶν
430 4397 659 4466 ἐγίνετο.
698 4400 792 4452 Ἐκ
822 4400 879 4453 δὲ
898 4400 959 4471 δὴ
979 4402 1087 4454 τῶν
1112 4402 1304 4472 γάμων
1326 4400 1530 4455 τούτων
1554 4402 1781 4473 οὐρανὸς

1881 3236 1974 3276 eos
2016 3221 2106 3289 qui
2158 3222 2332 3277 fronte
2382 3222 2715 3288 dividuntur,
2773 3223 3004 3291 reliquos
3058 3235 3218 3278 vento
3264 3225 3443 3295 spargi

1882 3312 2163 3381 permittit,
2196 3310 2337 3367 lorte
2368 3313 2419 3366 in
2456 3312 2567 3382 lyra
2597 3312 2893 3367 illiduntur.
2927 3311 3128 3368 llornm
3170 3329 3301 3369 vero
3329 3315 3446 3371 alas

1882 3411 1936 3457 et
1968 3401 2243 3457 caesariem
2283 3417 2415 3457 auro
2452 3404 2708 3466 vestiens,
2737 3413 2860 3456 ante
2897 3418 3116 3457 currum
3152 3406 3313 3458 mittit
3344 3406 3447 3459 mi-

1884 3492 2199 3557 nistrantes,
2228 3502 2282 3547 et
2319 3493 2457 3548 altas
2499 3493 2803 3562 quatientes
2835 3493 2998 3549 faces.
3037 3494 3171 3550 Cum
3198 3510 3326 3551 vero
3351 3495 3449 3551 Pe-

1883 3581 1992 3649 lopi
2028 3583 2383 3651 persuasisset
2431 3598 2584 3638 amor
2616 3583 2981 3653 Hippodamia:
3022 3586 3158 3656 (ﬂ),
3196 3585 3444 3656 utCnpi-

1883 3671 1994 3726 dini
2038 3681 2092 3727 et
2124 3672 2315 3728 Veneri
2358 3675 2614 3738 serviret,
2656 3683 2766 3732 tum
2811 3675 2971 3729 etiam
3001 3676 3190 3744 Apollo
3220 3677 3447 3734 collccto

1882 3762 2171 3820 Nereidum
2209 3766 2395 3833 choro,
2436 3768 2490 3822 in
2532 3782 2745 3823 summo
2794 3768 2972 3825 littore
3021 3770 3097 3825 illi
3147 3773 3445 3829 thalamum

1883 3854 2094 3920 statuit,
2130 3853 2280 3922 cuius
2321 3856 2491 3911 vicem
2536 3857 2677 3911 unda
2722 3856 2887 3912 dense
2933 3858 3154 3927 agitata,
3196 3871 3251 3915 et
3277 3863 3449 3917 subli-

1885 3945 1987 3999 mis
2014 3945 2065 3998 in
2100 3944 2222 4000 lecti
2255 3961 2455 4001 morem
2495 3945 2652 4011 ﬂexa,
2698 3947 2769 4000 ita
2804 3957 2863 4003 ut
2899 3949 3115 4005 thorum
3147 3951 3451 4007 imitaretur

1886 4035 2167 4103 implebat.
2215 4035 2384 4089 Erant
2432 4035 2538 4090 illic
2575 4036 2707 4090 deus
2728 4044 2782 4089 et
2828 4047 3052 4094 natura:
3103 4037 3192 4094 ille
3235 4042 3449 4108 quidem

1886 4125 1996 4181 fetu
2053 4125 2345 4196 indigebat,
2394 4126 2509 4181 hac
2555 4141 2684 4183 vero
2723 4142 2842 4198 quae
2871 4138 3106 4198 pareret.
3153 4128 3223 4186 Ut
3267 4140 3448 4185 autem

1886 4217 2001 4273 hac
2052 4217 2465 4285 inchoarentur,
2527 4219 2709 4273 omnia
2759 4220 3013 4273 omnibus
3058 4234 3154 4289 pro
3213 4220 3452 4278 thalamo

1886 4317 2063 4364 erant.
2117 4307 2193 4361 Ex
2231 4308 2316 4362 his
2370 4308 2555 4377 utique
2602 4310 2808 4379 nuptiis
2850 4309 3045 4363 caelum
3096 4309 3207 4379 (45)
3258 4320 3313 4364 et
3365 4313 3448 4367 sol

1886 4405 2139 4467 generata
2188 4403 2335 4459 sunt,
2393 4404 2661 4450 astrorum
2720 4406 2913 4464 cintus,
2970 4395 3111 4451 luna:
3172 4399 3447 4468 splendor,

196 4485 468 4557 γεννᾶται
500 4489 594 4542 καὶ⁸
624 4489 794 4560 ἥλιος,
853 4490 932 4543 ἔτι
981 4492 1037 4544 δὲ
1082 4493 1300 4561 ἄστρων
1342 4492 1520 4563 χορὸς,
1554 4493 1783 4563 σελήνης
1810 4505 1857 4565 D

1810 4505 1859 4565 ῃ
1888 4496 2115 4557 uterque
2144 4487 2320 4556 polus,
2354 4486 2559 4542 circum
2593 4486 2791 4556 367a
2817 4502 2953 4557 quos
3004 4490 3211 4556 primus
3250 4490 3451 4558 prima-

197 4578 438 4647 φέγγος,
470 4578 561 4629 καὶ
586 4577 761 4630 διπλοῖ
790 4578 963 4641 πόλοι,
992 4579 1119 4649 περὶ
1158 4578 1251 4643 οὓς
1286 4579 1319 4648 ὴ
1352 4578 1542 4650 πρώτη
1573 4580 1785 4649 γένεσις

195 4667 314 4720 τῶν
346 4666 581 4737 πρώτων
608 4667 702 4720 τοῦ
771 4667 895 4721 θεοῦ
928 4668 1120 4738 γάμων
1156 4668 1442 4723 ἑλίττεται.
1491 4670 1785 4741 Δευτιρους

195 4755 264 4826 δὴ
287 4755 436 4825 μετὰ
451 4754 669 4819 τούτους
697 4756 909 4826 γάμους
942 4755 1196 4810 Ὠκεανοῦ
1220 4757 1314 4809 καὶ
1338 4755 1598 4827 Τηθύοςή
1626 4756 1786 4826 φύσις

198 4844 412 4909 ἔδειξεν
438 4846 506 4911 ⁸⁸,
537 4848 627 4915 ἀφ’
661 4840 737 4900 ὧν
768 4847 1047 4917 ἀνίσχουσι
1075 4847 1172 4918 μὲν
1201 4848 1437 4917 ποταμοί¹
1458 4848 1554 4901 καὶ
1575 4847 1782 4917 λίμναι,

197 4935 283 4989 ἔτι
320 4935 380 4989 δὲ
412 4936 607 5007 κρῆναι
640 4938 734 4990 καὶ
763 4937 940 5005 πηγαὶ
968 4939 1061 4991 καὶ
1098 4938 1309 5008 φρέατα
1350 4937 1445 4991 καὶ
1496 4938 1530 5008 ἡ
1564 4937 1782 4991 πάντων

203 5028 402 5099 μήτηρ
432 5029 684 5097 ναμάτων
729 5030 993 5095 θάλασσα,
1033 5030 1272 5082 τίκτεται
1301 5028 1359 5081 δὲ
1384 5029 1478 5082 καὶ
1508 5028 1652 5098 φυτὰ
1684 5029 1780 5083 καὶ

200 5115 348 5181 ζῶα,
406 5116 501 5170 καὶ
533 5117 603 5187 γῆ
634 5118 887 5184 οἰκεῖται,
937 5118 1033 5172 καὶ
1068 5119 1129 5171 τὸ
1172 5116 1466 5188 νηχόμενον
1512 5118 1781 5189 λαμόάνει

1887 4593 2007 4633 rum
2077 4578 2386 4647 nuptiarum
2446 4579 2536 4632 Dei
2612 4587 2766 4632 ortus
2827 4578 3078 4632 volvitur.
3140 4578 3448 4634 Secundum

1887 4669 2082 4723 deinde
2108 4668 2433 4724 concubium
2460 4667 2682 4735 Oceani,
2714 4676 2769 4723 et
2792 4667 3029 4739 Tethyos
3055 4678 3244 4724 natura
3276 4667 3452 4741 [mon-

1885 4758 2103 4831 stravit]
2134 4775 2164 4814 a
2205 4759 2402 4829 quibus
2446 4759 2557 4814 nali
2597 4757 2743 4813 ﬂuvii
2778 4770 2833 4815 et
2858 4760 3027 4824 lacus,
3063 4760 3448 4829 scaturigines,

1886 4857 1940 4903 et
1972 4846 2167 4911 fontes,
2198 4845 2372 4915 putei,
2397 4844 2746 4916 omniumque
2776 4860 3034 4913 aquarum
3064 4856 3224 4915 caput
3265 4862 3447 4915 mare;

1887 4938 1975 4992 hic
2020 4944 2200 4991 autem
2260 4942 2397 4990 nata:
2427 4935 2642 5005 planta,
2694 4945 2748 4990 et
2783 4936 3077 5003 animalia;
3128 4937 3255 4992 hinc
3303 4946 3446 4993 terra

1887 5026 2174 5091 incolitur;
2216 5026 2341 5081 hinc
2383 5025 2559 5095 pisces
2588 5026 2814 5081 assumit
2848 5042 3031 5094 mare;
3067 5028 3195 5082 hinc
3230 5028 3332 5082 alis
3356 5044 3450 5097 pe—

1885 5116 2169 5172 netrabilis
2218 5130 2332 5171 aer.
2381 5114 2659 5172 Postremo
2711 5131 2841 5172 vero
2894 5118 3218 5191 connubium
3272 5119 3446 5187 ipsum

1508 5270 1739 5327 VABUE
1772 5270 2169 5328 LECTIONES.

789 5395 833 5427 ⁸³
872 5392 1135 5461 μετώπων
1191 5393 1251 5447 Β.
1345 5394 1391 5427 ⁸⁸
1422 5391 1632 5446 σπένδει
1663 5392 1727 5446 Α.

274 5397 324 5431 ⁸⁸
358 5396 606 5464 κρεῖττον
628 5412 688 5458 ς.
789 5396 833 5427 ⁸³
872 5396 1135 5461 μετώπων
1191 5396 1251 5447 Β.
1345 5396 1391 5427 ⁵⁸
1422 5410 1484 5445 στι

282 5463 609 5533 πορφυροῦν
657 5480 716 5527 ς.
829 5464 872 5494 ⁸⁸
908 5462 1104 5526 ἔδειξεν
1147 5478 1255 5517 om.
1304 5477 1388 5533 pr.
1420 5464 1484 5517 υ.

198 5469 246 5500 ⁸³
282 5463 609 5535 πορφυροῦν
657 5480 716 5527 ς.

1833 5392 1878 5426 "
1913 5393 2009 5448 καὶ
2036 5408 2146 5449 om.
2181 5394 2247 5449 Α.

2345 5393 2391 5426 ³⁸
2416 5392 2547 5465 δᾷδα
2580 5392 2882 5460 κινοῦνταςῖ
2912 5391 3279 5457 διακινοῦντας
3308 5392 3369 5447 C.

1757 5568 1964 5627 ΝΟΤΕ
1976 5610 1991 5625 .

274 5668 395 5737 (i5)
430 5665 617 5733 Quam
664 5667 814 5735 jocm
844 5663 1171 5737 circumvolet
1200 5675 1233 5737 Δς
1260 5672 1312 5737 et
1348 5664 1558 5737 cupido.

950 5733 1157 5802 (llorat.
1190 5732 1290 5784 ΟΔ.
1327 5747 1388 5799 ιι,
1415 5745 1465 5787 et
1487 5732 1699 5801 Lamb.)

1956 5661 2068 5730 (ιι)
2108 5661 2374 5722 Pindarus
2398 5659 2501 5730 0d.
2537 5676 2577 5724 ι,
2612 5658 2818 5730 Olymp.

1950 5729 2061 5805 (i5)
2090 5730 2305 5788 llcsiod.
2344 5733 2394 5785 in
2433 5729 2688 5798 Theogon.
