4206 6436
772 410 900 474 1351

1914 400 2173 460 ΡΗΟΤΙΙ
2214 396 2714 459 PATRIARCIl/E
2737 397 2843 459 CP.

3869 396 4005 458 1352

768 521 1038 577 hominem
1091 513 1571 582 contemplatorem
1629 512 1956 578 divinarum,
2002 510 2415 567 terrenarumA

2363 508 2683 567 Αθάλασοά
2727 510 2796 571 ⁸⁸,
2849 507 2943 559 καὶ
2990 507 3099 576 ἀὴρ
3150 507 3320 577 ἐφάνη
3368 506 3550 576 πτερῷ
3588 505 3919 576 πορεύσιμος
3940 509 4009 562 ⁸⁸.

769 628 894 667 vero
934 609 1179 678 epiﬂcem
1217 620 1394 658 rerum
1424 604 1680 671 produxit
1716 603 2015 672 (hominem
2051 604 2194 656 enim
2229 613 2336 655 ter-

769 723 841 758 ra:
870 718 989 757 esse
1020 701 1207 759 lilium,
1241 707 1295 751 et
1345 696 1575 749 Atticam
1608 704 1799 763 partus
1829 694 2013 748 dolore
2040 692 2193 763 quasi
2230 694 2338 747 dis-

771 806 980 864 ruptam
1039 792 1144 845 tale
1209 802 1425 856 germen
1484 787 1825 855 produxisse,
1887 785 2088 838 ludicra
2150 784 2339 836 Atticae

772 884 1064 939 venustatis
1117 880 1290 933 fabula
1349 877 1659 947 confinxit).
1700 877 2007 942 Quinetiam
2077 875 2335 927 Venerem

775 976 942 1044 ipsam
994 975 1046 1027 in
1096 974 1226 1025 mari
1274 972 1598 1035 latitantem,
1650 968 1834 1023 fractis
1881 979 2037 1036 partu
2069 966 2335 1025 ﬂuctibus.

2441 597 2542 648 Τὸν
2572 597 2628 648 δὲ
2657 596 2857 666 θεωρὸν
2895 598 2991 667 μὲν
3033 597 3142 649 τῶν
3186 596 3361 657 θείων,
3395 597 3631 666 ἐργάτην
3680 596 3735 649 δὲ
3768 597 3880 648 τῶν
3919 598 4018 651 ἐπὶ

2439 689 2539 755 γῆς
2564 689 2903 757 πραγμάτων
2926 688 3208 757 ἄνθρωπον
3228 688 3457 740 ὕστατον
3477 691 3505 741 ὁ
3532 689 3709 757 γάμος
3751 689 4016 759 ἐγέννηπε

2441 777 2524 845 (τὸ
2582 780 2687 847 γὰρ
2739 777 2844 845 γῆς
2900 777 3061 831 παῖδα
3108 777 3359 845 γενέσθαι
3411 776 3728 847 ἄνθρωπον,
3774 779 3873 830 καὶ
3917 781 4019 850 τὴν

2453 867 2704 936 Ἀττικὴν
2721 871 2979 938 ραγεῖσαν
3006 869 3166 921 ὠδῖνα
3182 869 3433 922 τοσοῦτον
3459 868 3762 939 βλαστῆσαι
3785 867 4019 939 βλάστη-

2445 974 2538 1026 μα.
2565 958 2731 1026 μῦθός
2754 960 2901 1012 ἐστιν
2917 959 3165 1028 Ἀττικῆς
3187 960 3405 1029 χάριτος
3424 959 3715 1028 παίγνιον).
3731 953 3906 1022 Οὗτος
3923 962 4020 1013 καὶ

776 1066 885 1119 Soli
946 1063 1312 1131 splendentem
1369 1063 1570 1114 credent
1617 1054 1814 1125 nuptia:
1860 1058 2245 1112 exliihuerunt.
2284 1054 2340 1108 Si

2440 1050 2541 1118 τὴν
2573 1051 2893 1120 Ἀφροδίτην
2932 1051 3101 1121 αὐτὴν
3137 1052 3277 1104 κατὰ
3298 1049 3572 1104 θάλασσαν
3603 1050 3981 1105 λανθάνουσαν
4002 1092 4018 1116 ,

774 1167 825 1210 et
855 1156 1132 1208 ﬂuviorum
1184 1167 1396 1205 amores
1451 1151 1630 1204 dicere
1679 1150 1988 1218 inciperem,
2027 1163 2254 1216 magnus
2287 1161 2345 1201 se

776 1249 985 1303 dicendi
1022 1262 1244 1314 campus
1276 1244 1517 1299 oﬂ'erret.
1551 1243 1683 1295 Nam
1708 1243 1927 1311 diligere
1953 1256 2140 1295 omnes
2169 1242 2341 1308 ipsum

780 1353 929 1391 mare
959 1338 1230 1397 videntur,
1267 1335 1490 1399 ideoque
1523 1333 1573 1384 in
1603 1332 1727 1384 illud
1763 1332 1925 1384 citato
1955 1347 2116 1383 cursu
2143 1342 2191 1384 et
2229 1331 2344 1381 lon-

782 1432 921 1484 tibus
971 1430 1167 1483 deferri
1206 1426 1379 1497 [quasi
1423 1426 1562 1478 inter
1608 1438 1665 1477 se
1693 1434 1876 1476 mutuo
1905 1432 1962 1475 ut
2001 1422 2225 1474 amicam
2256 1436 2345 1474 co-

770 1531 973 1575 nantur
995 1516 1294 1589 amplecti].

850 1790 961 1845 lloc
983 1790 1313 1859 veroIervet,
1333 1802 1393 1841 ac
1412 1785 1704 1840 delectatur
1721 1786 1771 1837 in
1792 1799 1992 1837 morem
2019 1782 2136 1836 lecti
2164 1780 2347 1834 sinua—

783 1894 927 1950 tum;
955 1883 1105 1953 quasi
1136 1889 1316 1935 contra
1338 1879 1469 1931 alios
1510 1876 1704 1929 ﬂuvios
1728 1876 2026 1933 evsultans,
2061 1871 2199 1940 quod
2231 1870 2346 1922 solo

784 1977 1009 2044 Neptuni
1035 1989 1216 2027 amore
1236 1981 1500 2027 teneatur.
1530 1969 1617 2021 Sic
1640 1969 1856 2021 ﬂumina
1881 1966 2159 2035 :equalitcr
2179 1963 2351 2014 orien-

786 2066 855 2117 tia
886 2076 936 2116 et
957 2061 1239 2128 aequaliter
1261 2075 1287 2111 a
1313 2059 1473 2111 simili
1504 2058 1712 2125 origine
1733 2057 1975 2114 deducta,
2012 2051 2350 2105 communio-

786 2168 903 2207 nem
951 2154 1276 2205 dilesernnt.
1313 2147 1509 2203 Fertur
1563 2148 1687 2199 olim
1727 2145 2003 2214 Olympias
2052 2139 2347 2194 Alexandri

786 2256 936 2316 partu
960 2245 1104 2308 felix,
1139 2242 1370 2296 Cabiron
1423 2241 1675 2310 mysteria
1708 2240 1760 2292 in
1792 2235 2188 2298 Samothracia,
2219 2248 2352 2300 per-

785 2336 1024 2407 agendo,
1101 2334 1308 2387 vidisse
1363 2346 1476 2385 rem
1534 2332 1768 2383 divinam
1833 2343 1996 2396 agens
2053 2324 2352 2391 Philippum

786 2431 1080 2482 etiamnum
1128 2427 1397 2496 juvenem,
1433 2432 1486 2476 et
1542 2421 1771 2473 videndo
1812 2432 1995 2472 amore
2040 2426 2272 2485 captam,
2304 2425 2357 2469 et

788 2519 941 2588 quasi
979 2518 1281 2585 nuptiarum
1315 2524 1435 2567 vota
1475 2514 1529 2566 in
1564 2512 1732 2565 sacris
1762 2510 1976 2564 fecisse.
2009 2507 2219 2577 Sponsa
2258 2522 2357 2559 au-

793 2624 898 2664 tem
936 2612 1149 2679 generis
1192 2608 1413 2675 stirpem
1464 2603 1729 2657 referebat
1760 2603 1825 2653 ad
1865 2600 2109 2653 Thracia:
2141 2600 2357 2667 quidem

792 2704 1106 2769 indigenas,
1169 2700 1259 2752 sed
1315 2698 1403 2763 qui
1453 2711 1480 2748 a
1542 2695 1757 2763 regibus
1810 2702 1987 2746 ortum
2050 2690 2354 2744 trahebant.

794 2795 1012 2848 Florent
1052 2792 1274 2862 perinde
1306 2799 1362 2842 ut
1404 2788 1551 2841 verni
1605 2787 1825 2849 calices,
1874 2796 1933 2837 ut
1981 2800 2095 2836 uva:
2139 2783 2360 2851 ejusque

794 2882 931 2950 agri,
988 2896 1107 2949 qua:
1167 2893 1271 2932 uno
1323 2888 1561 2943 tempore
1591 2913 1604 2937 ,
1649 2885 1703 2927 et
1742 2872 1973 2936 ﬂorent,
2017 2882 2070 2926 et
2120 2872 2361 2926 avellun-

799 2985 919 3034 tur,
956 2978 1312 3038 temperantes
1359 2967 1539 3026 ambo,
1570 2963 1753 3018 faciles
1787 2963 2042 3024 moribus,
2077 2962 2206 3014 solis
2232 2975 2362 3026 0pc-

797 3062 948 3115 ribus
1012 3060 1345 3115 naturalibus
1410 3072 1437 3108 a
1511 3072 1570 3111 se
1636 3055 1861 3111 invicem
1928 3053 2177 3121 scjuncti.
2236 3050 2360 3103 Haec

2445 1145 2614 1216 ῥήξας
2658 1146 2733 1214 τῷ
2762 1147 2905 1216 τόκῳ
2952 1146 3021 1199 τὰ
3051 1146 3295 1215 κύματα,
3328 1146 3528 1212 ἔδειξεν
3576 1146 3711 1217 ἡλίῳ
3766 1148 4016 1217 μαρμαί.

2448 1259 2666 1311 ρουσαν.
2704 1242 2842 1303 Τοὺς
2893 1242 2947 1294 δὲ
3001 1240 3262 1311 ποταμῶν
3314 1241 3524 1310 ἔρωτας
3570 1243 3617 1293 εί
3670 1242 3855 1308 λέγειν
3903 1242 4023 1293 ἰθέ-

2447 1331 2587 1398 λοιμι
2620 1333 2684 1391 ⁸³,
2721 1332 2913 1401 μυρίος
2965 1332 3028 1384 ἂν
3079 1332 3341 1397 ποταμῶν
3380 1332 3621 1400 ὲπιρῤέοι
3648 1332 3696 1362 ⁸⁸
3742 1332 3902 1400 ὄχλος
3946 1332 4023 1401 τῷ

2446 1422 2607 1491 λόγῳ.
2646 1424 2853 1483 Πάντες
2884 1423 2990 1491 γάρ
3038 1440 3127 1491 μοι
3162 1421 3379 1475 δοκοῦσι
3408 1422 3677 1490 θαλάττης
3730 1424 3892 1493 ἐρᾷ-ι,
3933 1424 4024 1475 καὶ

2447 1512 2531 1564 διὰ
2562 1512 2719 1564 τοῦτο
2750 1513 2835 1564 ἐπ’
2864 1514 3035 1582 αὐτὴν
3066 1515 3128 1564 ὲκ
3162 1513 3355 1580 πηγῶν
3394 1513 3577 1583 πολλῷ
3616 1513 3693 1583 τῷ
3740 1516 3903 1583 τάχει
3934 1532 4027 1566 κο.

2453 1600 2727 1672 μίξεσθαι,
2766 1604 2953 1671 ὥσπερ
3001 1604 3158 1666 ἄλλος
3190 1605 3295 1673 πρὸ
3334 1604 3493 1657 ἄλλου
3519 1606 3565 1636 ⁸⁸
3596 1606 3695 1675 τὴν
3734 1606 4025 1675 ἐρωμένην

2455 1695 2621 1745 θέλων
2650 1694 3022 1747 ἀσπάσασθαι.

2536 1787 2593 1837 Ὀ
2624 1785 2679 1837 δὲ
2713 1784 2965 1854 κυμαίνει
3000 1786 3091 1838 καὶ
3115 1786 3375 1853 τέρπεται
3407 1785 3697 1856 πορφύρων
3724 1803 3784 1839 τε
3816 1785 3918 1839 καὶ
3952 1786 4028 1845 είς

2457 1876 2697 1928 παστάδα
2735 1874 3124 1944 κυρτούμενος,
3166 1874 3375 1945 ὥσπερ,
3421 1870 3598 1944 οἶμαι,
3635 1874 3850 1944 φρονῶν
3888 1876 4031 1926 κατά

2455 1971 2715 2039 ποταμῶν
2755 1972 2863 2021 τῶν
2897 1969 3093 2032 ἄλλων,
3124 1969 3203 2021 ὅτι
3233 1969 3297 2038 δὴ
3330 1969 3489 2037 μόνος
3521 1968 3645 2030 τοὺς
3685 1967 3731 1998 ⁸⁸
3760 1968 4032 2019 Ποσειδῶο

2455 2080 2540 2125 νος
2570 2064 2766 2125 πόθους
2790 2061 3164 2113 πεπίστευται.
3192 2060 3345 2111 Οὕτω
3365 2060 3459 2111 καὶ
3483 2053 3648 2123 οὗτοι,
3669 2058 3866 2127 φύντες
3903 2058 4031 2121 ἴσως

2456 2154 2548 2206 καὶ
2581 2153 2943 2222 ἐκτραφέντες
2967 2152 3186 2221 ὁμοίως,
3221 2151 3313 2203 ἀπ’
3344 2150 3747 2203 ἴσων-ἀπάντων
3784 2150 3888 2218 τῆς
3926 2168 4025 2201 κοι·

2456 2244 2648 2305 νωνίας
2693 2244 3032 2313 ἠράσθησαν.
3077 2241 3309 2309 Λέγεται
3362 2258 3491 2293 ποτε
3541 2241 3636 2294 καὶ
3693 2240 4033 2310 Ὀλυμπιάδα

2456 2335 2553 2405 τὴν
2598 2336 2690 2386 ἐπὶ
2722 2338 2832 2397 τοῖς
2875 2334 3222 2405 Ἀλεξάνδρου
3254 2334 3431 2395 τόκοις
3475 2332 3766 2401 εὐδαίμονα
3792 2372 3807 2395 ,
3844 2333 4033 2399 όργιάο

2461 2427 2659 2492 ζουσαν
2704 2427 2771 2480 τὰ
2816 2426 3103 2496 Καϐείρων
3139 2427 3194 2476 ὲν
3221 2424 3549 2494 Σαμοθρᾴκῃ
3575 2423 3871 2491 μυστήρια,
3906 2423 4034 2473 ἰδεῖν

2462 2517 2604 2569 κατὰ
2652 2515 2748 2585 τὴν
2789 2515 3009 2584 τελετὴν
3039 2514 3129 2566 τὸν
3168 2514 3430 2565 Φίλιππον
3459 2509 3546 2581 (ἦν
3576 2512 3633 2564 δὲ
3662 2513 3705 2543 ⁸⁷
3752 2513 4037 2581 ύπηνήτης

2463 2605 2591 2674 ἔτι),
2629 2606 2841 2658 ίδοῦσάν
2866 2623 2924 2658 τε
2967 2605 3261 2675 ἐρασθῆναι
3286 2604 3378 2656 τοῦ
3412 2604 3692 2657 νεανίσκου
3720 2604 3815 2655 καὶ
3843 2606 4038 2671 ὁμολο-

2464 2696 2633 2763 γῆσαι
2662 2696 2752 2747 τὸν
2778 2695 2976 2764 γάμον,
3012 2693 3301 2764 προτέλεια
3324 2710 3382 2745 τε
3414 2694 3789 2763 ποιησαμένην
3809 2695 3906 2747 τοῦ
3942 2713 4040 2763 γαο

2468 2786 2659 2855 μηλίου
2689 2786 2859 2855 πυρὸς
2886 2786 2951 2837 τὰ
2986 2786 3281 2855 μυστήρια.
3317 2784 3474 2846 Γὲνος
3495 2785 3552 2836 δὲ
3579 2788 3643 2853 τῇ
3678 2785 3868 2854 νύμφῃ
3897 2786 4041 2856 Θρᾳ·

2464 2880 2575 2929 κῶν
2605 2878 2671 2929 τὰ
2702 2876 2923 2946 πρῶτα,
2959 2876 3293 2946 αὐτόχθονες,
3329 2871 3507 2944 οἴμαι,
3553 2876 3695 2938 τινὲς
3726 2876 3770 2906 ⁸³
3815 2878 3910 2929 καὶ
3960 2880 4041 2939 είς

2467 2968 2771 3036 βασιλείους
2837 2968 3003 3037 τύχας
3055 2968 3153 3029 τὰς
3201 2968 3311 3021 ἄνω
3380 2968 3534 3038 ῥίζας
3595 2965 4038 3029 ἀναϐιϐάζοντες.

2475 3058 2807 3127 Ἀκμάζουσι
2850 3059 2947 3126 μὲν
2992 3057 3100 3128 γὰρ
3127 3058 3212 3110 ἐπ’
3253 3059 3374 3126 ῐσης
3402 3058 3586 3127 ὥσπερ
3624 3060 3840 3127 ἐαριναὶ
3878 3058 4044 3110 κάλυ-

796 3164 967 3207 artem
1031 3152 1279 3205 Minervae
1341 3149 1676 3210 lanilicium,
1727 3147 1816 3199 ille
1876 3146 2148 3199 laboribus
2217 3142 2430 3235 Mer—C

2386 3175 2430 3235 α
2468 3165 2561 3210 κες
2590 3150 2682 3214 ἀφ’
2712 3150 2830 3210 ea;
2868 3149 3131 3217 λειμῶνος
3164 3149 3195 3218 ἢ
3227 3150 3270 3182 ⁸⁸
3298 3148 3544 3218 βότρυες,
3581 3149 3637 3201 αἳ
3668 3148 3791 3201 καθ’
3820 3149 3921 3203 ἕνα
3947 3148 4040 3201 καὶ

798 3244 931 3297 curii
986 3251 1319 3295 venustatem
1376 3249 1701 3291 consecutus
1748 3246 1864 3299 est;
1906 3237 2018 3289 haec
2066 3234 2131 3288 de
2186 3234 2358 3299 radio,

800 3334 887 3387 ille
918 3334 984 3386 de
1032 3346 1283 3387 sermone
1321 3329 1608 3383 sollicitus.
1648 3327 1739 3381 Ille
1784 3327 1996 3395 quidem
2030 3327 2207 3380 adhuc
2245 3328 2367 3378 ado-

800 3426 1029 3485 lescens,
1086 3424 1311 3492 primam
1359 3420 1533 3473 artatis
1576 3419 1879 3486 lanuginem
1936 3417 2204 3484 producit.
2252 3415 2364 3466 lucc

800 3530 927 3567 vero
989 3512 1185 3565 nubilis
1236 3511 1493 3564 redditur.
1549 3509 1841 3574 Cupidines
1906 3521 1936 3559 e
1988 3506 2126 3558 rosis
2168 3504 2363 3574 3610

801 3603 1029 3658 corollas
1072 3612 1371 3661 nectentes,
1417 3614 1551 3667 quas
1577 3613 1605 3651 e
1639 3596 1863 3650 Veneris
1894 3598 2205 3665 decerpunt,
2242 3610 2362 3647 cum

802 3698 948 3758 libet,
992 3694 1184 3755 hortis,
1225 3692 1462 3744 thalamo
1501 3690 1853 3755 suspendunt.
1902 3688 2107 3748 Suada,
2143 3686 2365 3739 Deside-

801 3787 962 3845 rium,
992 3794 1047 3836 ct
1076 3782 1300 3850 Cupido,
1336 3793 1553 3831 omnem
1596 3778 1689 3830 tibi
1719 3788 1969 3830 ornatum
2023 3778 2363 3828 addiderunt.

799 3876 1005 3943 Cupido
1031 3873 1223 3927 insidet
1256 3871 1445 3930 oculis,
1489 3870 1612 3921 inde
1642 3868 1957 3920 mirabiliter
1989 3866 2362 3934 rcsplendens.

804 3966 1135 4020 Desideriuin
1206 3977 1367 4031 genas
1456 3959 1865 4013 rubicundiores
1943 3959 2137 4021 reddit,
2206 3972 2363 4024 quam

804 4070 1046 4109 rosarum
1080 4053 1273 4106 calices
1308 4060 1520 4113 natura,
1550 4050 1764 4115 quando
1804 4062 1968 4101 verno
2002 4056 2240 4116 tempore
2267 4048 2366 4101 sub

803 4146 1013 4197 initium
1049 4152 1248 4211 aperta:
1295 4140 1523 4193 suminis
1573 4138 1715 4190 foliis
1746 4137 2059 4192 rubescunt.
2100 4137 2280 4200 Suada
2314 4138 2364 4189 in

802 4233 960 4286 labiis
997 4233 1101 4284 tuis
1152 4231 1421 4290 habitans,
1462 4229 1689 4295 gratiam
1729 4242 1878 4281 suam
1911 4242 2033 4281 cum
2075 4227 2256 4281 verbis
2284 4228 2366 4279 in-

803 4322 989 4375 stillat.
1018 4320 1074 4373 ln
1106 4321 1281 4387 capite
1328 4318 1558 4385 plurima
1606 4317 1893 4371 etﬂorescit
1934 4317 2070 4369 ﬂava
2099 4332 2274 4383 coma,
2313 4326 2366 4370 et

806 4416 855 4465 in
887 4413 1066 4466 fronte
1108 4412 1297 4464 divisa.
1336 4409 1547 4461 Etenim
1576 4410 1618 4461 si
1648 4424 1747 4477 ego
1778 4419 1932 4462 natus
1978 4419 2135 4477 poeta
2163 4423 2363 4471 esseni,

2468 3238 2763 3308 σχίζονται.
2803 3239 3087 3305 Σώφρονες
3122 3238 3306 3308 ἄμφω,
3338 3238 3501 3303 δεξιοὶ
3532 3238 3624 3289 τὸν
3671 3238 3897 3307 τρόπον,
3942 3241 4041 3307 μό-

2465 3347 2572 3394 νοις
2607 3332 2713 3393 τοῖς
2740 3330 2920 3397 ἔργοις
2951 3331 3063 3391 τοῖς
3091 3330 3231 3381 κατὰ
3263 3328 3425 3395 φύσιν
3452 3327 3786 3397 σχιζόμενοι.
3845 3328 3911 3380 Ἢ
3943 3328 4041 3398 μὲν

2467 3423 2574 3489 γὰρ
2608 3422 2868 3471 ταλασίαν
2906 3419 3004 3489 τὴν
3042 3418 3269 3488 Ἀθηνᾶς
3312 3419 3525 3491 τέχνην,
3558 3420 3585 3470 ὀ
3615 3420 3671 3472 δὲ
3698 3421 3815 3481 τοῖς
3860 3420 4040 3483 πόνοις

2468 3512 2561 3581 τὴν
2596 3511 2795 3581 Ἑρμοῦ
2824 3511 2985 3578 χάριν
3020 3508 3371 3576 κεκάρπωται
3401 3526 3413 3537 ’
3445 3511 3538 3561 καὶ
3580 3512 3647 3579 τῇ
3683 3509 3784 3579 μὲν
3822 3513 4038 3579 κερκὶς,

2464 3602 2541 3670 τῷ
2580 3601 2635 3652 δὲ
2671 3602 2824 3668 λόγος
2864 3601 3032 3670 μέλει.
3077 3602 3134 3653 '0
3164 3600 3261 3670 μὲν
3290 3601 3570 3670 ύπηνήτης
3599 3601 3701 3663 ἔτι,
3735 3602 4039 3670 πρωῖτερον

2464 3692 2557 3756 τῆς
2588 3690 2806 3758 ἡλικίας
2835 3689 3142 3758 βλαστήσας
3183 3689 3355 3741 ῐουλον
3385 3706 3399 3719 ·
3450 3690 3484 3758 ή
3530 3689 3586 3740 δὲ
3635 3690 3879 3758 ἀκμάζει
3913 3689 4039 3761 [598

2467 3781 2559 3852 IL]
2593 3784 2729 3849 πρὸς
2754 3782 2947 3851 γάμον.
2990 3781 3233 3850 Ἔρωτες
3266 3781 3323 3833 δὲ
3370 3781 3536 3849 ῥόδων
3572 3782 3871 3847 στεφάνους
3911 3784 4039 3835 πλε-

2466 3874 2705 3942 ξάμενοι,
2735 3873 2828 3935 οὒς
2852 3872 2911 3937 ἐξ
2945 3872 3260 3940 ’Λφροδίτης
3277 3873 3489 3940 κήπων,
3512 3872 3638 3925 ὅταν
3664 3872 3878 3938 θέλωσι,
3914 3876 4039 3944 δρέ-

2468 3980 2677 4027 πονται,
2711 3962 2807 4032 τὴν
2841 3963 3088 4015 παστάδα
3124 3964 3298 4015 πᾶσαν
3320 3962 3637 4017 ἀνάπτουσι.
3664 3963 3846 4018 Πειθὼ
3867 3966 3924 4017 δὲ
3946 3967 4039 4019 καί

2468 4054 2627 4106 Πόθοι
2659 4055 2753 4106 καὶ
2789 4054 3007 4123 Ἵμερος
3038 4053 3097 4105 τὺ
3131 4053 3222 4105 σὸν
3256 4055 3302 4085 ⁷⁸
3326 4054 3519 4117 κάλλος
3553 4054 3696 4108 ἃπαν
3731 4057 4036 4125 ἐνείμαντο,

2466 4146 2494 4196 ό
2520 4145 2617 4212 μὲν
2647 4142 2915 4213 ἐφιζάνων
2944 4146 3054 4205 tot;
3081 4144 3124 4176 "
3144 4142 3377 4213 δμμασι,
3404 4145 3658 4198 κάκεῖθεν
3680 4146 4036 4215 ἐκπυρσεύων

2465 4236 2746 4304 ἀμήχανον
2775 4250 2789 4265 ·
2838 4235 2888 4286 οἱ
2938 4234 2993 4286 δὲ
3042 4235 3142 4297 τὰς
3197 4234 3431 4304 παρειὰς
3480 4235 3622 4288 αἰδοῖ
3669 4237 4039 4304 φοινίσσοντες

2466 4326 2631 4378 πλέον
2669 4327 2701 4397 ἢ
2737 4326 2835 4389 τὰς
2866 4326 2976 4377 τῶν
3013 4326 3179 4395 ῥόδων
3204 4326 3237 4393 ἡ
3268 4324 3431 4394 φύσις
3468 4326 3727 4390 κάλυκας,
3758 4328 3888 4379 ὅταν
3917 4330 4037 4398 ἠρι-

2467 4420 2587 4478 ναῖς
2640 4415 2810 4485 ῶραις
2862 4416 2966 4466 ὑπὸ
3014 4415 3113 4483 τῆς
3170 4415 3357 4485 ἀκμῆς
3419 4416 3733 4485 σχιζόμεναι
3788 4417 4038 4479 πετάλοις

805 4515 861 4558 ut
896 4505 1060 4558 libere
1091 4505 1155 4557 de
1188 4517 1380 4567 sponsa
1416 4501 1666 4568 loquerer
1702 4500 1854 4567 juxta
1906 4500 2198 4553 thalamum
2230 4514 2363 4553 con-
2396 4498 2442 4553 ι)

2396 4498 2442 4553 ι)
2470 4508 2657 4575 ἄκροις
2687 4507 2731 4536 ⁷⁸
2755 4504 3106 4574 ὲρεύθωνται.
3132 4503 3309 4557 Πειθὼ
3331 4504 3386 4556 δὲ
3430 4506 3476 4535 ⁷³
3507 4505 3647 4557 κατὰ
3673 4504 3783 4558 τῶν
3816 4505 4038 4574 χειλέων

806 4596 1025 4656 sistens,
1054 4594 1302 4648 Fortuna:
1341 4604 1393 4645 et
1425 4591 1783 4657 cupidinibus,
1814 4600 1867 4643 et
1896 4591 2236 4660 generalibus
2266 4590 2369 4644 diis

806 4698 927 4739 vota
970 4684 1227 4746 facerem,
1279 4685 1363 4736 bis
1398 4692 1453 4735 nt
1497 4682 1563 4734 ad
1597 4690 1893 4733 extremum
1947 4696 2115 4747 usque
2146 4681 2369 4749 Sagittas

810 4776 1100 4837 vibrarent,
1153 4773 1223 4826 illi
1272 4782 1328 4825 ut
1373 4773 1531 4824 vitam
1580 4772 1762 4835 daret;
1815 4770 1989 4823 tertiis
2030 4771 2281 4838 denique,
2315 4783 2373 4827 ut

809 4865 1058 4933 legitima:
1107 4863 1270 4931 prolis
1330 4860 1731 4929 generationem
1784 4860 2128 4927 largirenlur,
2165 4871 2222 4912 ut
2267 4876 2370 4913 una

807 4971 926 5008 cum
958 4957 1160 5025 scypho
1192 4953 1409 5020 nuptiali
1447 4962 1500 5005 et
1542 4965 1725 5003 curam
1765 4950 1827 5004 de
1856 4950 2115 5002 natalitiis
2150 4951 2373 5005 adhibe.

810 5061 1011 5099 remus.

2474 4594 2800 4662 σκηνώσασα
2832 4592 2929 4660 τὴν
2968 4593 3164 4661 ἑαυτῆς
3196 4592 3357 4662 χάριν
3389 4593 3786 4656 συναποστάξει
3807 4596 3920 4657 τοῖς
3948 4595 4041 4663 ῥῆ·

2477 4702 2662 4755 μασιν.
2728 4682 2983 4734 Ἐπανθεῖ
3022 4682 3079 4733 δὲ
3117 4684 3183 4752 τῇ
3218 4682 3424 4751 κεφαλῇ
3462 4683 3626 4744 πολὺς
3665 4684 3694 4734 ό
3724 4682 4039 4752 βόστρυχος,

2474 4775 2766 4845 πορφύρων
2808 4791 2867 4825 τε
2916 4773 3010 4825 καὶ
3055 4773 3197 4825 κατὰ
3223 4774 3471 4841 μέτωπον
3504 4773 3844 4843 σχιζόμενος.
3904 4773 4041 4826 Ἀλλ’

2474 4870 2521 4919 εί
2561 4867 2604 4897 ⁷⁵
2629 4869 2737 4933 γὰρ
2767 4862 2877 4932 ὲγὼ
2920 4865 3198 4933 ποιητικὸς
3246 4864 3343 4933 τὴν
3393 4864 3578 4933 φύσιν,
3634 4864 3775 4917 ὥστε
3827 4867 4041 4932 ἀερεῖναι

2481 4958 2621 5011 κατὰ
2647 4958 2744 5023 τῆς
2774 4955 2992 5023 νύμφης
3021 4954 3267 5021 γλῶτταν
3297 4955 3341 4985 ⁷⁸
3368 4956 3685 5024 αὐτόνομον.
3740 4953 3884 5020 Ἐγὼ
3910 4954 3968 5005 δὲ
3998 4952 4042 4983 τ’

2483 5049 2613 5109 στὰς
2642 5046 2771 5117 παρ’
2792 5045 2954 5099 αὐτὸν
2976 5046 3067 5098 τὸν
3090 5045 3333 5115 θάλαμον
3358 5046 3507 5116 Τύχῃ
3533 5046 3624 5097 καὶ
3655 5045 3863 5114 Ἔρωσι
3894 5059 4044 5110 γενε-

808 5140 973 5200 θλίοις
1008 5137 1394 5208 προσεύξομαι,
1436 5139 1551 5198 τοῖς
1585 5136 1682 5205 μὲν
1715 5132 1955 5197 τῡξεύειν
1983 5136 2060 5196 εἰς
2092 5135 2264 5203 τέλος,
2290 5146 2354 5214 τῇ
2389 5146 2444 5198 δὲ
2482 5144 2677 5196 διδόναι
2708 5141 2839 5211 βίον,
2869 5141 2979 5203 τοῖς
2998 5138 3054 5193 δὲ
3083 5139 3285 5194 παίδων
3312 5141 3549 5210 γνησίων
3582 5140 3816 5208 γένεσιν,
3843 5139 3930 5190 ἕνα
3966 5137 4042 5206 τῷ

806 5229 1059 5299 γαμηλίῳ
1081 5229 1316 5299 κρατῆρι
1346 5230 1439 5280 καὶ
1461 5227 1556 5297 τὴν
1597 5227 1867 5295 γενέθλιον
1902 5230 2132 5284 σπονδὴν
2167 5232 2208 5265 ⁷⁷
2243 5238 2587 5309 συνάψωμεν,

2082 5393 2317 5452 νΑιιιιΕ
2355 5395 2761 5453 LECTIONES.

880 5486 922 5519 “
960 5484 1194 5538 θάλαττα
1222 5501 1281 5547 ς.

846 5554 989 5627 exiget
1037 5558 1107 5627 Α.
1141 5626 1148 5627 7
1213 5556 1255 5586 ⁸³
1286 5554 1390 5627 πρὸ
1433 5555 1617 5619 ἄλλου]
1654 5557 1777 5627 libri
1820 5554 1955 5627 πρὸς
1977 5558 2157 5611 ἄλλον.

835 5572 989 5635 [suaet
1044 5572 1107 5609 Α.
1213 5572 1255 5586 ··
1286 5572 1390 5655 προ
1433 5572 1617 5619 αΛΑου]
1654 5572 1770 5609 nun
1820 5572 1953 5627 προς
1977 5572 2051 5609 αλ.

837 5640 852 5697 ί
906 5622 957 5697 δὲ
986 5624 1187 5676 aild.A.
1397 5640 1551 5697 Itys;
1589 5640 1697 5679 om.
1751 5626 1816 5678 Δ.
1941 5626 2051 5697 "fit

809 5692 875 5763 '_‘_.
911 5691 1103 5760 ἄκραις
1136 5710 1215 5763 Αςο
1274 5761 1283 5763 ι
1321 5694 1376 5763 ⁷³,
1418 5691 1474 5744 δὲ
1526 5694 1596 5763 Α.
1642 5708 1654 5742 ε
1692 5710 1753 5763 γε
1808 5712 1865 5759 ς.

817 5759 1112 5817 llimerius.
1134 5760 1379 5816 Photiani
1410 5762 1668 5830 σπουδὴν.

1364 5485 1408 5561 ξ’
1441 5485 1623 5561 Ereth
1654 5487 2619 5561 πορεύσιμοςρι’πτεροπορευσιμος
2651 5509 2710 5554 ς.

2104 5628 2224 5681 add.
2272 5632 2485 5681 codices
2525 5629 2768 5681 lliinerii.
2844 5629 2889 5664 ⁷ο
2924 5628 3013 5679 σὸν
3044 5629 3126 5680 A:
3170 5626 3254 5677 σοὶ
3284 5639 3345 5685 ς.

1965 5694 2147 5763 ’δἐί]
2203 5698 2384 5751 malim
2443 5700 2527 5751 οὐ.

3795 5487 3843 5521 ⁸⁸
3885 5482 4040 5550 ἑπιρο

2788 5497 2833 5529 ⁸³
2862 5487 3123 5558 ἐθέλοιμι,
3140 5485 3405 5558 μυρίους-
3418 5483 3610 5558 μυρίος
3639 5501 3698 5547 ς.

2275 5563 2319 5593 ⁸⁸
2352 5550 2477 5621 τοὺς
2503 5550 2571 5603 -ζ-
2600 5550 2809 5622 *πόθους
2840 5550 3053 5612 codices
3084 5550 3305 5611 Hitnerii
3331 5571 3344 5605 :
3379 5550 3619 5608 Photiani
3647 5552 3740 5605 τοῦ
3770 5550 4037 5603 -πόθου,

3444 5624 3489 5654 ⁷⁸
3539 5624 3717 5684 τοῖςΔ
3764 5622 3925 5681 εσοῐς
3979 5635 4038 5680 ς.

2626 5699 2670 5735 ⁷⁸
2732 5696 2979 5765 γλῶσσαν
3027 5697 3087 5750 Β.
3162 5699 3209 5731 ⁷⁸
3260 5693 3314 5747 δὲ
3372 5706 3480 5747 om.
3552 5694 3617 5747 Δ.
3706 5698 3752 5729 ’⁷
3812 5688 4040 5755 σπονδὴν
