4206 6436
256 404 395 468 1353

1331 400 1858 462 BIBLIOTHECA.
1884 425 1957 436 -
1992 400 2154 461 COD.
2198 402 2503 463 CCXLIII.

3366 405 3501 472 1354

236 521 284 591 μ
304 520 320 570 l
342 517 406 591 l_7
430 514 524 588 IL]
548 516 652 591 Ἐξ
682 512 797 591 τοξ
812 512 1290 591 ἐπιγραφομένου
1319 511 1609 591 διαῖξόγοιί
1641 530 1661 562 ι
1679 514 1813 565 Διο-

1953 512 1999 567 ε
2034 515 2243 585 dialogo
2298 516 2547 591 inscripto
2604 532 2621 565 ι
2684 513 2974 591 υῇιςιειιρε.Δ
3025 534 3044 591 ι
3103 518 3181 571 vel
3244 537 3263 570 ι
3338 517 3474 573 Pro-

305 582 523 652 γένηςξ
561 602 580 636 ι
615 584 653 652 ἢ
684 601 703 633 ι
744 582 1220 652 Προκεμπτικός.
1267 599 1286 632 ι
1314 611 1383 622 -
1418 582 1512 634 Ἐκ
1536 582 1648 649 τῆς
1676 596 1793 649 προ

306 657 555 722 θεωρίας
569 652 637 708 ’⁸.

307 748 425 808 Τάς
454 745 773 813 κοινότητας
816 741 925 795 τῶν
960 741 1274 795 ὑποθέσεων
1308 741 1441 802 ίδίας
1478 741 1536 793 αἱ
1575 757 1830 811 μεταχει-

236 839 417 910 ρῖσεις
452 835 774 907 ἐργάζονται
800 850 815 864 ’
862 834 945 888 διὸ
976 833 1072 887 καὶ
1098 834 1224 896 τοὺς
1257 832 1709 901 προπεμπτικοὺς
1741 832 1832 885 λό-

234 948 395 999 γους,
428 931 531 983 κᾶν
551 929 660 981 νέοι
680 928 759 996 τῷ
783 928 936 997 νόμῳ
957 925 1323 994 τυγχάνωσιν,
1348 923 1462 977 ἀλλ’
1492 923 1586 976 οὖν
1609 921 1832 990 ἐξέσται

233 1024 301 1090 τῇ
336 1022 503 1091 τέχνῃ
525 1020 620 1072 καὶ
642 1019 1048 1089 πρεσὸυτέρους
1072 1016 1434 1086 ἐργάσασθαι.
1461 1014 1644 1084 Ὅπερ
1668 1014 1830 1083 ἡμεῖς

235 1113 624 1181 πεποιήκαμεν
648 1125 661 1138 ο
699 1108 801 1178 τὴν
846 1107 957 1176 γὰρ
990 1106 1276 1177 παροῦσαν
1306 1105 1563 1159 ὑπόθεσιν
1592 1105 1673 1168 είς
1702 1104 1831 1174 σχῆ-

239 1220 318 1273 μα
352 1202 603 1269 διαλόγου
641 1200 1151 1269 μετασκευάσαντες
1211 1196 1338 1251 οὔτε
1366 1196 1465 1266 τὴν
1510 1196 1704 1267 χρείαν
1757 1196 1835 1249 δι-

235 1293 578 1364 εφθείραμεν
598 1290 714 1344 οὗθ’
733 1292 859 1344 ὅσον
886 1289 1082 1358 σεμνὸν
1108 1291 1221 1352 τοῖς
1247 1288 1515 1355 διαλόγοις
1534 1286 1831 1355 ὀφείλεται.

236 1385 403 1437 Κατά
450 1382 713 1435 Πλάτωνα
760 1382 815 1435 δὲ
860 1383 910 1413 ’⁸
935 1380 1032 1433 καὶ
1059 1381 1241 1450 ἡμεῖς,
1280 1378 1472 1449 ἠθικοῦ
1516 1379 1615 1439 ¹τοῦ
1668 1378 1832 1446 λόγου

234 1475 626 1543 τυγχάνοντος,
672 1473 826 1542 ὅμως
870 1471 1107 1540 φυσικῆς
1142 1486 1204 1523 τε
1237 1470 1332 1523 καὶ⁸
1357 1468 1676 1537 θεολογικῆς
1696 1467 1836 1521 θεω-

236 1567 388 1635 ρίας,
421 1564 923 1634 έγκαταμιγνύντες
953 1562 1156 1626 ταύτας
1193 1564 1306 1624 τοῖς
1338 1562 1572 1630 ἠθικοῖς,
1596 1562 1837 1630 ἐφαπτό-

240 1662 406 1729 μεθα.
457 1661 570 1715 Καὶ
624 1660 780 1729 μύθῳ
811 1659 868 1711 δὴ
892 1660 1017 1721 τοὺς
1055 1657 1362 1725 θειοτέρους
1386 1655 1494 1708 τῶν
1529 1656 1707 1723 λόγων
1734 1654 1831 1708 τοῦ

2256 587 2542 653 pemptiron
2580 604 2599 637 ι
2628 613 2697 623 -
2723 584 2805 637 Ex
2836 586 3165 655 prwfatioae.

2003 740 2532 795 Faciendum‘semel
2574 750 2658 795 est
2686 740 2898 795 initium
2926 741 2979 795 in
3010 755 3152 796 novo
3187 756 3392 809 genere
3416 757 3509 796 ar-

1933 844 2333 902 gnmentorttm,
2384 832 2525 901 quod
2582 834 2879 899 pramisste
2908 834 3184 889 orationes
3223 834 3328 889 etsi
3360 850 3513 889 novae

1930 925 2059 991 sint,
2096 938 2201 978 non
2252 924 2461 993 possint
2508 922 2742 978 artilicio
2786 933 3111 981 vetustatem
3161 925 3410 990 induere,
3451 936 3511 979 nt

1932 1027 2075 1067 nunc
2110 1010 2358 1066 fecimus.
2385 1010 2497 1065 lloc
2525 1013 2671 1065 enim
2702 1024 3077 1082 argumentum
3110 1030 3263 1070 more
3310 1015 3507 1084 dialogi

1933 1103 2341 1166 concinnautes,
2391 1116 2490 1157 nec
2540 1115 2696 1155 usum
2742 1117 2844 1158 nec
2889 1105 3211 1173 gravitatem
3261 1106 3507 1176 dialogos

1932 1194 2211 1249 decentem
2240 1196 2603 1263 corrupitnus.
2641 1194 2790 1250 More
2832 1194 3073 1251 Platonis
3094 1211 3194 1251 nos
3230 1197 3284 1251 id
3315 1213 3511 1268 aggre-

1934 1289 2134 1351 dimur,
2173 1286 2300 1343 licet
2329 1287 2551 1342 moralis
2594 1287 2665 1342 sit
2702 1289 2903 1351 oratio,
2934 1297 3115 1343 tamen
3162 1289 3408 1359 physica,
3442 1305 3512 1345 ae

1936 1376 2234 1446 theologica
2287 1375 2585 1430 moralibus
2624 1378 3062 1439 commiscentes,
3119 1384 3176 1431 et
3219 1378 3509 1433 videndum

1934 1476 2019 1523 est
2068 1479 2249 1521 utrum
2300 1468 2402 1523 hoc
2428 1482 2596 1539 genus
2638 1467 2853 1523 dicendi
2896 1467 3138 1523 Platonis
3181 1470 3273 1537 qui
3310 1469 3510 1527 fabulis

1934 1574 2023 1613 res
2050 1559 2261 1614 divinas
2286 1558 2532 1623 involvit,
2564 1560 2799 1614 assecuti
2832 1559 3024 1625 simus,
3053 1569 3109 1614 et
3136 1572 3364 1617 cateras
3393 1562 3512 1615 dia-

1936 1648 2175 1719 logorum
2225 1650 2474 1715 virtutes,
2530 1648 2936 1716 iuspirationes,
2969 1650 3214 1717 inquam,
3262 1652 3508 1720 ordines,

238 1751 531 1812 Πλάτωνος
558 1749 1081 1819 έναποκρύπτοντος,
1120 1749 1225 1818 χρὴ
1271 1749 1496 1799 σκοπεῖν
1528 1748 1577 1799 εί
1598 1746 1691 1797 τὸν
1726 1762 1832 1797 τοι-

1937 1749 1991 1795 et
2037 1742 2312 1811 episodia:
2361 1742 2483 1796 dein
2532 1750 2585 1796 et
2639 1740 2872 1809 lepores,
2918 1750 2973 1796 et
3017 1742 3165 1796 actio
3218 1743 3270 1796 in
3309 1758 3510 1812 genere

232 1840 397 1893 οὖτον
427 1840 589 1907 ζῆλον
617 1839 1043 1910 μετεδιώεαμεν.
1072 1839 1185 1901 Τάς
1214 1838 1273 1890 δὲ
1303 1836 1473 1899 ἄλλας
1496 1836 1698 1905 ἀρετὰς
1718 1834 1827 1887 τῶν

234 1930 535 1997 διαλόγων,
568 1928 887 1990 ἀναπαύλας
914 1927 1060 1994 λέγω
1088 1927 1183 1979 καὶ
1214 1924 1486 1986 διαθέσεις
1521 1922 1568 1953 ⁸⁸
1604 1922 1702 1974 καὶ
1728 1922 1830 1973 έπ-

227 2023 470 2086 νεισόδια,
503 2022 585 2076 ἔτι
623 2022 681 2075 δὲ
713 2022 945 2093 χάριτας
973 2020 1068 2072 καὶ
1093 2017 1154 2070 τὸ
1198 2017 1267 2072 δι’
1302 2015 1428 2069 ὅλου
1464 2011 1827 2082 δραματικὸν,

236 2112 490 2180 ἄμεινον,
533 2113 583 2164 εί
624 2110 987 2181 κατωρθώθη,
1014 2107 1178 2172 δείξει
1209 2106 1271 2159 se
1302 2106 1665 2174 σύγγραμμα.
1705 2100 1829 2155 Τῶν

234 2203 294 2254 δὲ
315 2202 583 2268 διαλόγων
600 2202 921 2273 ἀρχομένων
941 2201 1049 2254 ἀπὸ
1068 2200 1167 2268 τῆς
1191 2196 1509 2268 ίσχνοτέρας
1535 2194 1702 2257 ίδέας,
1736 2193 1828 2246 ἶνα

236 2295 341 2363 τὴν
378 2294 637 2362 ἀφέλειαν
679 2294 709 2347 ὁ
752 2294 923 2357 τύπος
965 2276 1351 2363 προσϐάλλῃῖί
1384 2289 1487 2358 τῆς
1514 2285 1735 2352 λέξεως.
1772 2288 1831 2339 ὲν

235 2388 297 2440 δὲ
344 2390 458 2447 τοῖς
506 2387 701 2457 ἑφεξῆς
731 2388 1198 2458 συνεξαιρομένων
1243 2387 1289 2418 “
1318 2383 1454 2455 ὁμοῦ
1487 2383 1601 2445 τοῖς
1647 2382 1963 2452 πράγμασιν
1990 2423 2005 2447 ,
2057 2384 2107 2435 εί
2180 2382 2277 2436 καὶ
2340 2379 2499 2435 τοῦτο
2544 2382 2705 2452 ἡμεῖς

1934 1832 2209 1887 meliorem
2235 1833 2474 1888 ostendit
2513 1833 2987 1900 compositionem,
3017 1835 3063 1887 si
3106 1844 3253 1890 recte
3285 1849 3509 1890 succes-

1932 1920 2086 1973 serit.
2127 1920 2258 1985 Cum
2318 1931 2498 1976 autem
2544 1919 2742 1990 dialogi
2794 1921 2951 1975 initio
3001 1922 3230 1976 humiles
3268 1925 3396 1990 sint,
3450 1933 3511 1980 ut

1935 2011 2048 2080 ipse
2101 2010 2313 2067 dicendi
2371 2012 2660 2066 character
2702 2011 3107 2081 simplicitatem
3158 2014 3399 2081 adjiciat.
3454 2015 3507 2069 in

1938 2104 2287 2171 sequentibus
2318 2102 2482 2157 simul
2510 2112 2565 2156 et
2596 2116 2709 2156 rem
2742 2101 3024 2167 auferant;
3055 2119 3123 2158 an
3158 2105 3262 2159 hoc
3297 2106 3511 2174 praesti-

1939 2193 2186 2255 terimus,
2224 2192 2453 2249 aliorqu
2491 2202 2609 2249 esto
2627 2193 2916 2260 judicium,
2944 2193 3142 2263 quibus
3166 2194 3281 2250 hac
3316 2196 3511 2251 audire

1939 2286 2244 2355 contigerit.

2787 2383 3195 2456 τετηρήκαμεν,
3274 2384 3509 2457 πάρεστι

240 2480 455 2552 κρίνειν
472 2474 555 2541 οἷς
576 2480 739 2548 τέχνη
762 2480 899 2548 πρὸς
918 2481 1187 2550 ἀκρόασιν
1207 2479 1309 2548 τὴν
1326 2478 1497 2546 ἀκοὴν
1514 2474 1951 2548 παρεσκεύασεν.

483 2570 675 2627 Αὐτοῦ
702 2570 811 2623 τοῦ
840 2568 1127 2638 διαλόγου
1151 2569 1219 2623 τὸ
1248 2567 1584 2637 Προοίμιον.

315 2658 539 2727 Σιωπῆς
564 2658 662 2727 μὲν
689 2660 899 2727 καιρὸς,
928 2659 990 2710 οὐ
1020 2658 1216 2725 λόγων,
1252 2659 1380 2710 ὅταν
1409 2658 1459 2708 οί
1509 2656 1657 2722 λόγοι
1708 2672 1837 2706 στυ-

241 2749 490 2816 γνάζωσι
514 2788 529 2811 ,
564 2748 691 2809 τοὺς
734 2747 943 2799 ἑαυτῶν
989 2748 1293 2817 τροφίμους
1331 2746 1440 2798 ἀπὸ
1487 2748 1585 2815 τῆς
1625 2745 1836 2798 ἑαυτῶν

243 2841 447 2909 ἀγέλης
474 2840 875 2907 ἐκπέμποντες.
928 2838 1117 2907 Ὅμως
1158 2838 1213 2889 δὲ
1246 2836 1373 2907 (χρὴ
1403 2837 1510 2907 γάρ
1550 2837 1731 2906 λέγειν
1775 2839 1833 2891 ὲν

242 2929 399 2998 πάσῃ
421 2927 559 2997 τύχῃ
579 2928 704 2988 τοὺς
728 2926 943 2994 λόγους)
970 2926 1101 2995 φέρε
1129 2928 1221 2979 καὶ
1245 2927 1430 2990 αὐτὸς,
1456 2928 1514 2979 ὃν
1541 2930 1575 2999 ὴ
1606 2927 1831 2997 φροντὶς

242 3024 279 3091 ἠ
314 3023 704 3092 προσπεσοῦσα
751 3022 881 3094 [599
917 3023 1009 3095 Η.]
1041 3024 1198 3090 λόγον
1228 3023 1538 3091 ἐγέννησεν,
1587 3024 1637 3075 εί
1686 3023 1837 3091 φίλον

241 3116 395 3183 ὑμῖν,
424 3114 519 3166 καὶ
546 3114 679 3183 πρὸς
711 3115 857 3183 ὑμᾶς
887 3116 1265 3183 ἀφηγήσομαι.
1310 3114 1604 3184 Ἐκάτερος
1635 3114 1831 3166 τοσούο

240 3222 357 3267 τοις
399 3205 730 3275 διαστήμασι
780 3207 877 3273 τῆς
920 3207 1119 3276 ἀρετῆς
1160 3207 1534 3275 ἀφεστηκότες
1559 3204 1827 3276 ἀλλήλων,

240 3300 369 3351 ὅσον
399 3296 669 3368 Εὐρώπης
696 3297 765 3350 τὰ
800 3300 941 3367 μέσα
967 3299 1102 3368 πρὸς
1126 3300 1250 3359 τοὺς
1272 3298 1386 3350 ἄνω
1414 3298 1617 3367 μυχοὺς
1644 3296 1830 3359 Ἀσίας

245 3390 516 3457 σχίζεται,
553 3391 633 3450 είς
671 3390 766 3440 τὸν
797 3389 989 3441 τούτου
1040 3388 1203 3441 πόθον
1236 3389 1592 3459 συνέδραμον,
1636 3389 1827 3441 ἑκάτε-

250 3497 340 3549 ρος
398 3478 757 3547 προαρπάσαι
821 3478 921 3540 τὰς
978 3476 1201 3547 πρώτας
1245 3478 1441 3539 ὠδῖνας
1491 3477 1592 3543 τῆς
1638 3476 1830 3529 τούτου

248 3569 502 3638 γλώττης
553 3570 895 3638 βουλόμενος.
928 3570 1002 3622 Οὐ
1034 3572 1417 3638 μιμησάμενος
1449 3569 1540 3620 τὸν
1570 3568 1832 3637 μυστικὸν

248 3664 438 3730 νόμον,
470 3662 528 3725 ὃς
560 3663 775 3733 ὲπόπτῃ
801 3678 861 3713 τε
907 3661 1001 3713 καὶ
1038 3660 1216 3730 μύστῃ
1255 3660 1463 3729 μερίζει
1489 3658 1581 3711 τὸν
1618 3659 1827 3728 χρόνον,

244 3754 385 3805 ἀλλά
405 3754 496 3804 τὸν
521 3752 684 3804 αὐτὸν
712 3754 770 3803 έν
795 3750 980 3820 ταυτῷ
1016 3750 1228 3820 μύστην
1248 3768 1305 3803 τε
1331 3749 1467 3819 ὁμοῦ
1496 3750 1589 3801 καὶ
1615 3748 1829 3818 προφή-

242 3860 349 3911 την
378 3844 476 3910 τῆς
505 3844 655 3910 ἱερᾶς
680 3842 903 3910 τελετῆς
940 3841 1050 3893 τῶν
1080 3842 1139 3895 ιν
1185 3842 1268 3893 σοὶ
1309 3841 1483 3908 λόγων
1515 3840 1828 3907 δεξάμενος,

248 3934 460 3994 ἔδωκας
506 3933 797 3999 ἀπλήστως
843 3949 951 3983 των
990 3932 1201 3986 ἐκεῖθεν
1248 3932 1505 4001 ναμάτων
1542 3930 1829 4001 ἐμπλήσα-

251 4024 400 4077 σθαι.
431 4024 507 4077 Ἦ
534 4024 633 4077 οὐκ
659 4025 903 4093 ἀκήκοας
931 4023 1006 4085 ὡς
1028 4023 1180 4085 δντες
1201 4024 1478 4094 ἄνθρωποι
1510 4022 1572 4074 τδ
1602 4022 1832 4075 παλαιὸν

245 4111 396 4171 οὗτοι
416 4118 464 4169 οί
492 4116 762 4183 τέττιγες,
790 4115 909 4168 εἶτα
939 4116 1101 4184 ἔρωτι
1130 4115 1178 4147 ⁸⁸
1208 4116 1441 4168 Μουσῶν
1472 4116 1536 4167 ὲκ
1561 4114 1657 4167 τοῦ
1682 4114 1833 4185 ᾄδειν

246 4212 337 4264 ἀεὶ
368 4211 621 4271 λυθέντες
653 4210 735 4272 είς
770 4209 949 4277 μέλος,
988 4210 1053 4260 ὲκ
1099 4208 1197 4276 μὲν
1223 4206 1533 4276 ἀνθρώπων
1564 4208 1643 4269 είς
1680 4206 1833 4275 δρνι-

246 4303 368 4365 θας.
403 4304 466 4355 ὲκ
489 4301 547 4355 δὲ
575 4301 721 4370 ᾠδῆς
754 4302 834 4363 είς
857 4300 1001 4371 ᾠδὴν
1032 4299 1197 4367 ἀλλην
1217 4298 1604 4368 μετέϐαλον⁸⁸ς
1630 4299 1832 4351 Ἄκουε

244 4399 311 4467 δὴ
346 4398 439 4450 τὸν
469 4398 637 4467 μῦθον
664 4412 680 4428 ·
722 4396 852 4449 Ὅτε
904 4397 1031 4456 τοὺς
1057 4394 1379 4463 ἀνθρώπους
1426 4396 1453 4446 δ
1505 4394 1639 4455 Ζεὺς
1680 4394 1833 4460 ἐγέν-

2221 2564 2422 2638 3684
2444 2565 2491 2619 Η
2500 2567 2621 2636 ttqu
2662 2567 2860 2637 dialogi
2885 2568 3222 2625 Prooemium.

2010 2656 2218 2712 Silentii
2248 2658 2361 2725 jam
2394 2668 2603 2728 tempus
2634 2668 2736 2723 est,
2768 2675 2873 2714 non
2918 2661 3192 2730 loquendi,
3230 2678 3352 2717 cum
3379 2679 3507 2719 ora-

1941 2749 2016 2803 tio
2100 2751 2355 2819 proprios
2428 2749 2678 2805 alumnos
2752 2766 2783 2805 a
2830 2767 2993 2821 grege
3060 2768 3159 2807 suo
3219 2756 3508 2812 demittens

1936 2840 2199 2911 deploret.
2229 2839 2613 2897 Verumtamen
2649 2843 2796 2912 (nam
2829 2844 2882 2897 in
2917 2846 3062 2899 omni
3090 2857 3285 2901 eventu
3318 2849 3506 2903 dicen-

1932 2934 2057 2985 dum
2096 2932 2201 2997 εει)
2234 2948 2331 3003 age
2358 2942 2409 2987 et
2455 2934 2591 3003 ipsc,
2623 2934 2830 2989 sustine
2868 2936 3191 3002 orationem,
3230 2954 3391 3007 quam
3421 2939 3508 2992 in-

1934 3022 2117 3075 cidens
2170 3023 2476 3077 sollicitudo
2527 3023 2802 3083 conﬂavit.
2856 3027 2901 3079 si
2934 3020 3091 3081 vobis
3144 3039 3359 3097 gratum
3399 3040 3504 3092 est,

1932 3114 2092 3165 etiam
2123 3114 2189 3166 ad
2218 3128 2315 3167 vos
2340 3113 2721 3181 pronuntiabo.
2781 3112 3019 3182 Uterque
3044 3118 3213 3171 tantis
3246 3118 3506 3172 interval-

1934 3202 2000 3257 lis
2032 3217 2060 3256 a
2127 3203 2304 3273 capite
2352 3204 2419 3258 ab
2464 3204 2692 3258 invicem
2736 3206 3019 3269 distantes,
3075 3218 3276 3275 quanto
3326 3213 3503 3264 media

1933 3292 2158 3363 Europa:
2188 3296 2254 3349 ab
2283 3297 2545 3349 extremis
2588 3296 2729 3351 Asia:
2759 3296 2893 3352 locis
2933 3309 3278 3367 separantur,
3315 3302 3367 3354 in
3401 3302 3505 3355 htt-

1926 3385 2015 3455 jus
2070 3402 2305 3440 amorem
2337 3397 2754 3453 concurrerunt,
2791 3399 3018 3459 uterque
3068 3392 3363 3460 praeripere
3395 3394 3507 3461 pri-

1933 3494 2049 3533 mos
2102 3489 2286 3548 partus
2332 3480 2490 3545 hujus
2545 3480 2741 3550 lingnte
2782 3493 3029 3548 conatus,
3089 3500 3196 3539 non
3257 3486 3504 3540 imitatus

1932 3585 2141 3623 sacram
2195 3571 2390 3640 legem,
2446 3572 2537 3640 qui
2589 3572 2903 3641 inspectori,
2961 3583 3017 3629 et
3066 3577 3240 3631 sacris
3294 3578 3506 3633 initiato

1935 3671 2142 3729 tempus
2187 3663 2454 3725 attribuit,
2498 3663 2593 3717 sed
2642 3664 2912 3729 eumdem,
2946 3676 3001 3719 et
3038 3668 3378 3722 sacerdotem
3425 3671 3503 3723 si-

1934 3752 2063 3816 mul,
2096 3762 2149 3805 et
2194 3752 2548 3821 inspectorem
2594 3769 2765 3809 sacra:
2804 3756 2992 3812 hostize
3032 3758 3084 3810 in
3117 3758 3220 3814 hac
3258 3769 3346 3815 tua
3376 3776 3507 3816 ora-

1934 3844 2078 3896 tione
2102 3859 2220 3897 esse
2257 3845 2556 3910 declarans,
2589 3845 2786 3899 dedisti
2819 3846 2903 3899 his
2936 3848 3089 3913 aquis
3114 3849 3233 3904 siue
3252 3851 3504 3908 satietate

1935 3933 2164 4003 impleri.
2211 3934 2403 3988 Annon
2474 3936 2729 3990 audivisti
2802 3939 3067 4006 quomodo
3121 3940 3370 3996 homines
3426 3944 3504 3999 illi

1932 4037 2056 4079 ante
2109 4027 2307 4081 cicada:
2354 4024 2589 4093 iuerint;
2631 4027 2827 4083 deinde
2876 4028 3152 4085 Musarum
3200 4047 3389 4089 amore
3432 4038 3502 4090 oh

1934 4121 2251 4184 perpetuum
2293 4124 2513 4169 cantum
2563 4117 2615 4171 in
2659 4118 2830 4173 melos
2873 4119 3053 4185 soluti,
3091 4137 3157 4176 ex
3188 4123 3502 4181 hominibus

1936 4206 1988 4259 in
2043 4221 2190 4269 aves,
2241 4222 2308 4260 ex
2359 4222 2466 4261 una
2498 4208 2750 4262 cautione
2803 4207 2855 4262 in
2906 4209 3065 4263 aliam
3114 4213 3496 4271 transformati

1934 4293 2074 4347 sint?
2126 4292 2262 4347 Audi
2299 4293 2535 4348 fabulam
2568 4308 2583 4349 :
2627 4294 2762 4349 Cum
2791 4294 3005 4365 Jupiter
3032 4298 3281 4356 homines
3313 4305 3501 4357 condi-

1934 4384 2121 4446 disset,
2152 4385 2331 4438 omnia
2368 4385 2468 4438 alia
2498 4400 2562 4439 eo
2594 4396 2917 4441 ornamento
2947 4387 3187 4455 fuerunt,
3221 4406 3330 4459 quo
3353 4409 3499 4448 nunc

244 4506 403 4558 νησε,
429 4489 498 4541 τά
528 4488 626 4557 μὲν
656 4487 789 4541 ἀλλα
818 4488 998 4540 πάντα
1020 4483 1166 4555 εἶχον
1197 4484 1272 4549 ὡς
1303 4484 1399 4538 νῦν
1427 4485 1819 4555 κεκόσμηνται,

1931 4485 2052 4527 sunt
2080 4475 2235 4545 (ιδ’).
2273 4475 2481 4545 Cupido
2510 4486 2686 4530 autem
2721 4476 2953 4530 nondum
2989 4478 3184 4533 animis
3212 4480 3493 4537 hominum

248 4579 432 4647 Ἔρως
464 4578 521 4629 δὲ
552 4576 706 4630 οὔπω
747 4580 865 4639 ταῖς
900 4577 1098 4646 ψυχαῖς
1129 4576 1238 4627 τῶν
1281 4574 1583 4645 ἀνθρώπων
1624 4576 1823 4641 ἐγκατ-

240 4670 490 4741 ῳκίζετο,
525 4668 637 4721 ἀλλ’
666 4669 803 4738 έχων
825 4668 903 4721 ἔτι
926 4672 986 4721 τὸ
1016 4668 1210 4736 πτερὸν
1230 4670 1256 4719 ὁ
1275 4667 1410 4728 θεὸς
1434 4661 1587 4728 οὗτος
1615 4667 1819 4735 μετάρ-

242 4777 359 4812 σιον
389 4759 603 4829 οὐρανῷ
625 4775 684 4811 τε
732 4758 983 4827 ὲνωμὶλει
1024 4757 1118 4809 καὶ
1158 4758 1238 4818 είς
1276 4756 1429 4817 θεοὺς
1470 4754 1662 4823 μόνους
1701 4756 1821 4806 ἐτό-

243 4852 389 4918 ξευε.
434 4853 626 4912 Δείσας
661 4849 716 4902 δὲ
748 4850 822 4918 μὴ
864 4848 1012 4918 αὐτῷ
1039 4847 1308 4916 ἀφανισθῇ
1344 4846 1450 4899 τῶν
1499 4845 1824 4915 ποιημάτων

241 4945 305 4996 τὸ
352 4943 666 5004 κάλλιστον,
712 4942 935 5010 Ἔρωτα
982 4940 1191 5007 πέμπει
1231 4935 1324 4989 τοῦ
1368 4936 1475 4989 τῶν
1516 4934 1823 5004 ἀνθρώπων

241 5032 435 5101 γένους
461 5031 717 5099 ἐσόμενον
765 5030 1004 5099 φύλακα.
1046 5030 1105 5081 Ὀ
1142 5029 1197 5081 δὲ
1226 5027 1429 5094 ταύτην
1468 5028 1532 5078 ὲκ
1572 5024 1689 5087 Διὸς
1721 5024 1819 5093 τὴν

240 5122 541 5192 ἐπιτροπὴν
568 5121 765 5183 λαϐὼν,
794 5121 853 5173 τὸ
878 5121 977 5190 μὲν
1010 5120 1246 5181 ἀπάταις
1273 5117 1473 5186 ψυχαῖς
1504 5113 1811 5183 έγκατοικί-

243 5210 434 5276 ζεσθαι
458 5210 492 5279 ἢ
532 5211 637 5262 πᾶν
663 5210 748 5263 ἐπ’
778 5210 900 5279 ίσης
931 5205 1060 5278 ἦθος
1094 5206 1333 5269 νεοτελές
1359 5221 1417 5258 τε
1459 5211 1555 5257 καὶ
1594 5203 1821 5274 βέϐηλον

1930 4563 2213 4627 insidebat,
2262 4566 2355 4618 sed
2407 4564 2609 4618 habens
2659 4565 2793 4619 deus
2841 4564 2928 4620 ille
2972 4569 3221 4636 lugentes
3274 4571 3389 4624 alas
3438 4572 3492 4626 in

1930 4653 2065 4707 caelo
2095 4654 2394 4719 habitabat,
2429 4663 2483 4709 et
2514 4656 2564 4707 in
2598 4654 2743 4709 solos
2772 4658 2901 4711 deos
2942 4657 3049 4711 tela
3091 4659 3345 4714 vibravit.
3382 4661 3495 4716 Me-

1930 4752 2086 4798 tuens
2116 4755 2291 4799 autem
2320 4759 2388 4798 ne
2425 4746 2783 4812 pulcherrima
2809 4748 3050 4803 omnium
3083 4760 3337 4806 creatura
3364 4770 3493 4823 pes-

1930 4836 2170 4900 sumiret,
2202 4834 2519 4905 Cupidinem
2554 4837 2621 4890 ad
2667 4837 2913 4893 homines
2944 4842 3331 4900 custodiendos
3388 4850 3493 4901 mi-

1928 4925 2020 4977 sit.
2050 4924 2139 4978 Ille
2184 4924 2365 4980 datam
2401 4941 2430 4978 a
2461 4926 2591 4980 Jove
2636 4937 2957 4994 potestatem
2993 4931 3287 5001 abripiens,
3318 4938 3490 4990 omni-

1928 5016 2026 5068 bus
2062 5015 2270 5071 scilicet
2319 5018 2587 5072 mentibus
2618 5018 2876 5083 insidere,
2903 5020 2987 5074 vel
3019 5021 3071 5075 in
3099 5025 3350 5080 omnibus
3376 5041 3490 5082 cae-

1926 5106 2145 5163 lestibus
2192 5123 2256 5162 ac
2306 5109 2564 5178 profanis,
2622 5124 2774 5181 aeque
2844 5112 3085 5169 habitare
3128 5114 3246 5170 loco
3299 5118 3484 5186 templi

1930 5200 2116 5254 voluit.
2160 5200 2264 5255 Sed
2310 5201 2507 5258 multas
2548 5210 2600 5257 et
2628 5202 2869 5273 gregales
2901 5214 3113 5262 mentes
3146 5222 3331 5264 amore
3368 5210 3486 5264 vul-

1533 5362 1771 5417 ὙΑΒΙᾸΞ
1811 5360 2207 5415 LECTIONES.

312 5486 358 5518 "
378 5485 610 5553 θεωρίας
629 5483 691 5537 C.
778 5486 823 5518 ‘”
846 5484 903 5536 δὲ
926 5486 999 5537 At
1028 5500 1091 5550 γε
1126 5500 1184 5547 ς.

240 5552 1002 5624 ιιοτῦιιδενσυνεξαιρουμὲνων
1055 5571 1115 5616 ς.
1221 5553 1268 5594 ⁸⁸
1300 5552 1463 5620 ἔρωσι
1493 5567 1553 5613 ς.

1254 5482 1299 5513 ⁸⁸
1323 5480 1591 5542 διαθέσεις
1623 5477 1688 5531 A:
1720 5478 1897 5538 θέσεις
1930 5495 1989 5541 ς.

1648 5548 1994 5618 ⁸⁸μετέ6αλον
2023 5547 2087 5600 B:
2115 5548 2438 5616 μετέϐαλλον
2461 5564 2519 5610 ς.

2092 5476 2134 5508 ³¹
2183 5476 2462 5549 προσϐάλῃ
2520 5475 2619 5531 BC.
2672 5477 2719 5510 "
2747 5477 3210 5549 συνεξαιρομένων
3252 5473 3481 5531 Werns-

1768 5653 1999 5709 ΝΟΤιΕ.

310 5775 464 5843 (45³⁸)
507 5772 707 5829 Confer
754 5788 872 5841 quae
904 5772 998 5826 inl‘.
1045 5773 1096 5825 in
1132 5771 1321 5826 exord.
1356 5780 1495 5823 orat.
1547 5770 1597 5823 in
1628 5769 1919 5823 adventum
1946 5768 2285 5839 Cypriorum.

569 5867 837 5927 ΡΑτιιοι.
886 5867 1002 5924 Gn.
1048 5864 1205 5923 (ΠΗ.
