  <div class='ocr_page' id='page_1' title='image "/cluster/home/n/w/nwhite01/storage/ocr_20150623/103/nnc1.0046979689/701.png"; bbox 0 0 4206 6436; ppageno 0'>
   <div class='ocr_carea' id='block_1_1' title="bbox 722 390 859 457">
    <p class='ocr_par' dir='ltr' id='par_1_1' title="bbox 722 390 859 457">
     <span class='ocr_line' id='line_1_1' title="bbox 722 390 859 457; baseline 0.029 -4"><span class='ocrx_word' id='word_1_1' title='bbox 722 390 859 457; x_wconf 82' lang='grc'><strong>1355</strong></span> 
     </span>
    </p>
   </div>
   <div class='ocr_carea' id='block_1_2' title="bbox 1883 389 2833 451">
    <p class='ocr_par' dir='ltr' id='par_1_2' title="bbox 1883 389 2833 451">
     <span class='ocr_line' id='line_1_2' title="bbox 1883 389 2833 451; baseline 0 0"><span class='ocrx_word' id='word_1_2' title='bbox 1883 390 2141 451; x_wconf 82' lang='lat' dir='ltr'><strong>PllUTlI</strong></span> <span class='ocrx_word' id='word_1_3' title='bbox 2183 389 2685 451; x_wconf 66' lang='lat' dir='ltr'><strong>PATRIARCILE</strong></span> <span class='ocrx_word' id='word_1_4' title='bbox 2726 391 2833 450; x_wconf 85' lang='lat' dir='ltr'><strong>Cl’.</strong></span> 
     </span>
    </p>
   </div>
   <div class='ocr_carea' id='block_1_3' title="bbox 3858 389 3993 455">
    <p class='ocr_par' dir='ltr' id='par_1_3' title="bbox 3858 389 3993 455">
     <span class='ocr_line' id='line_1_3' title="bbox 3858 389 3993 455; baseline -0.015 -1"><span class='ocrx_word' id='word_1_5' title='bbox 3858 389 3993 455; x_wconf 79' lang='lat'><strong>1356</strong></span> 
     </span>
    </p>
   </div>
   <div class='ocr_carea' id='block_1_4' title="bbox 721 498 2319 571">
    <p class='ocr_par' dir='ltr' id='par_1_4' title="bbox 721 500 2291 571">
     <span class='ocr_line' id='line_1_4' title="bbox 721 500 2291 571; baseline -0.001 -18"><span class='ocrx_word' id='word_1_6' title='bbox 721 508 832 570; x_wconf 72' lang='lat' dir='ltr'><strong>gari</strong></span> <span class='ocrx_word' id='word_1_7' title='bbox 872 516 1191 571; x_wconf 78' lang='lat' dir='ltr'><strong>sponsarum</strong></span> <span class='ocrx_word' id='word_1_8' title='bbox 1244 503 1499 571; x_wconf 88' lang='lat' dir='ltr'><strong>occupari</strong></span> <span class='ocrx_word' id='word_1_9' title='bbox 1537 501 1703 556; x_wconf 81' lang='lat' dir='ltr'><strong>dedit.</strong></span> <span class='ocrx_word' id='word_1_10' title='bbox 1756 500 1871 569; x_wconf 90' lang='lat' dir='ltr'><strong>Ipse</strong></span> <span class='ocrx_word' id='word_1_11' title='bbox 1903 516 2033 555; x_wconf 89' lang='lat' dir='ltr'><strong>vero</strong></span> <span class='ocrx_word' id='word_1_12' title='bbox 2063 500 2291 554; x_wconf 80' lang='lat' dir='ltr'><strong>deorum</strong></span> 
     </span>
    </p>
   </div>
   <div class='ocr_carea' id='block_1_5' title="bbox 2419 498 3998 571">
    <p class='ocr_par' dir='ltr' id='par_1_5' title="bbox 2419 498 3998 570">
     <span class='ocr_line' id='line_1_5' title="bbox 2419 498 3998 570; baseline 0.002 -21"><span class='ocrx_word' id='word_1_13' title='bbox 2419 498 2546 567; x_wconf 72' lang='grc' dir='ltr'>ἔχειν</span> <span class='ocrx_word' id='word_1_14' title='bbox 2570 501 2796 567; x_wconf 85' lang='grc' dir='ltr'>τέμενος</span> <span class='ocrx_word' id='word_1_15' title='bbox 2820 500 2920 551; x_wconf 84' lang='grc' dir='ltr'><strong>οὐκ</strong></span> <span class='ocrx_word' id='word_1_16' title='bbox 2958 499 3302 569; x_wconf 73' lang='grc' dir='ltr'>ἐδοκίμαζεν,</span> <span class='ocrx_word' id='word_1_17' title='bbox 3332 501 3467 553; x_wconf 80' lang='grc' dir='ltr'>ἀλλά</span> <span class='ocrx_word' id='word_1_18' title='bbox 3498 502 3594 563; x_wconf 81' lang='grc' dir='ltr'><strong>τάς</strong></span> <span class='ocrx_word' id='word_1_19' title='bbox 3641 508 3743 570; x_wconf 75' lang='grc' dir='ltr'>μὲν</span> <span class='ocrx_word' id='word_1_20' title='bbox 3793 502 3998 563; x_wconf 77' lang='grc' dir='ltr'>πολλὰς</span> 
     </span>
    </p>
   </div>
   <div class='ocr_carea' id='block_1_6' title="bbox 721 588 2294 660">
    <p class='ocr_par' dir='ltr' id='par_1_6' title="bbox 721 588 2294 660">
     <span class='ocr_line' id='line_1_6' title="bbox 721 588 2294 660; baseline -0.003 -17"><span class='ocrx_word' id='word_1_21' title='bbox 721 591 1132 660; x_wconf 74' lang='lat' dir='ltr'><strong>coelestiumque</strong></span> <span class='ocrx_word' id='word_1_22' title='bbox 1188 600 1395 645; x_wconf 86' lang='lat' dir='ltr'><strong>mentes</strong></span> <span class='ocrx_word' id='word_1_23' title='bbox 1440 591 1687 655; x_wconf 89' lang='lat' dir='ltr'><strong>incoluit,</strong></span> <span class='ocrx_word' id='word_1_24' title='bbox 1739 600 1793 643; x_wconf 91' lang='lat' dir='ltr'><strong>et</strong></span> <span class='ocrx_word' id='word_1_25' title='bbox 1837 588 1956 643; x_wconf 90' lang='lat' dir='ltr'><strong>illas</strong></span> <span class='ocrx_word' id='word_1_26' title='bbox 2000 590 2053 641; x_wconf 90' lang='lat' dir='ltr'><strong>in</strong></span> <span class='ocrx_word' id='word_1_27' title='bbox 2113 588 2294 641; x_wconf 87' lang='lat' dir='ltr'><strong>libidi-</strong></span> 
     </span>
    </p>
   </div>
   <div class='ocr_carea' id='block_1_7' title="bbox 721 678 2299 743">
    <p class='ocr_par' dir='ltr' id='par_1_7' title="bbox 721 678 2299 743">
     <span class='ocr_line' id='line_1_7' title="bbox 721 678 2299 743; baseline -0.001 -10"><span class='ocrx_word' id='word_1_28' title='bbox 721 696 910 735; x_wconf 82' lang='lat' dir='ltr'><strong>nosam</strong></span> <span class='ocrx_word' id='word_1_29' title='bbox 969 682 1265 735; x_wconf 86' lang='lat' dir='ltr'><strong>amentiam</strong></span> <span class='ocrx_word' id='word_1_30' title='bbox 1320 681 1505 737; x_wconf 87' lang='lat' dir='ltr'><strong>furore</strong></span> <span class='ocrx_word' id='word_1_31' title='bbox 1550 682 1810 743; x_wconf 86' lang='lat' dir='ltr'><strong>incitans,</strong></span> <span class='ocrx_word' id='word_1_32' title='bbox 1864 680 2091 733; x_wconf 79' lang='lat' dir='ltr'><strong>infinitis</strong></span> <span class='ocrx_word' id='word_1_33' title='bbox 2143 678 2299 732; x_wconf 89' lang='lat' dir='ltr'><strong>bonis</strong></span> 
     </span>
    </p>
   </div>
   <div class='ocr_carea' id='block_1_8' title="bbox 721 770 2302 841">
    <p class='ocr_par' dir='ltr' id='par_1_8' title="bbox 721 770 2302 841">
     <span class='ocr_line' id='line_1_8' title="bbox 721 770 2302 841; baseline -0.001 -19"><span class='ocrx_word' id='word_1_34' title='bbox 721 771 1014 824; x_wconf 86' lang='lat' dir='ltr'><strong>humanum</strong></span> <span class='ocrx_word' id='word_1_35' title='bbox 1059 788 1228 841; x_wconf 88' lang='lat' dir='ltr'><strong>genus</strong></span> <span class='ocrx_word' id='word_1_36' title='bbox 1251 771 1451 826; x_wconf 82' lang='lat' dir='ltr'><strong>allecit.</strong></span> <span class='ocrx_word' id='word_1_37' title='bbox 1493 770 1721 838; x_wconf 82' lang='lat' dir='ltr'><strong>Quando</strong></span> <span class='ocrx_word' id='word_1_38' title='bbox 1769 771 1932 839; x_wconf 95' lang='lat' dir='ltr'><strong>igitur</strong></span> <span class='ocrx_word' id='word_1_39' title='bbox 1964 770 2165 824; x_wconf 90' lang='lat' dir='ltr'><strong>videris</strong></span> <span class='ocrx_word' id='word_1_40' title='bbox 2199 779 2302 822; x_wconf 82' lang='lat' dir='ltr'><strong>tar-</strong></span> 
     </span>
    </p>
   </div>
   <div class='ocr_carea' id='block_1_9' title="bbox 717 861 2297 930">
    <p class='ocr_par' dir='ltr' id='par_1_9' title="bbox 717 861 2297 930">
     <span class='ocr_line' id='line_1_9' title="bbox 717 861 2297 930; baseline -0.001 -17"><span class='ocrx_word' id='word_1_41' title='bbox 717 864 839 914; x_wconf 77' lang='lat' dir='ltr'><strong>dant</strong></span> <span class='ocrx_word' id='word_1_42' title='bbox 898 865 1185 930; x_wconf 85' lang='lat' dir='ltr'><strong>quamdam</strong></span> <span class='ocrx_word' id='word_1_43' title='bbox 1249 874 1526 927; x_wconf 85' lang='lat' dir='ltr'><strong>naturam,</strong></span> <span class='ocrx_word' id='word_1_44' title='bbox 1568 874 1621 918; x_wconf 90' lang='lat' dir='ltr'><strong>et</strong></span> <span class='ocrx_word' id='word_1_45' title='bbox 1665 864 1730 916; x_wconf 86' lang='lat' dir='ltr'><strong>ad</strong></span> <span class='ocrx_word' id='word_1_46' title='bbox 1780 877 2024 916; x_wconf 90' lang='lat' dir='ltr'><strong>amorem</strong></span> <span class='ocrx_word' id='word_1_47' title='bbox 2073 861 2297 924; x_wconf 79' lang='lat' dir='ltr'><strong>lentam,</strong></span> 
     </span>
    </p>
   </div>
   <div class='ocr_carea' id='block_1_10' title="bbox 720 951 2296 1022">
    <p class='ocr_par' dir='ltr' id='par_1_10' title="bbox 720 951 2296 1022">
     <span class='ocr_line' id='line_1_10' title="bbox 720 951 2296 1022; baseline 0 -19"><span class='ocrx_word' id='word_1_48' title='bbox 720 954 893 1020; x_wconf 80' lang='lat' dir='ltr'><strong>mgita</strong></span> <span class='ocrx_word' id='word_1_49' title='bbox 921 968 1066 1007; x_wconf 91' lang='lat' dir='ltr'><strong>nunc</strong></span> <span class='ocrx_word' id='word_1_50' title='bbox 1094 955 1251 1007; x_wconf 91' lang='lat' dir='ltr'><strong>donis</strong></span> <span class='ocrx_word' id='word_1_51' title='bbox 1296 954 1443 1008; x_wconf 90' lang='lat' dir='ltr'><strong>illius</strong></span> <span class='ocrx_word' id='word_1_52' title='bbox 1470 954 1741 1022; x_wconf 85' lang='lat' dir='ltr'><strong>cupidinis</strong></span> <span class='ocrx_word' id='word_1_53' title='bbox 1769 954 2050 1021; x_wconf 87' lang='lat' dir='ltr'><strong>indignum</strong></span> <span class='ocrx_word' id='word_1_54' title='bbox 2084 951 2254 1004; x_wconf 85' lang='lat' dir='ltr'><strong>fuisse</strong></span> <span class='ocrx_word' id='word_1_55' title='bbox 2284 969 2296 1003; x_wconf 90' lang='lat'><strong>:</strong></span> 
     </span>
    </p>
   </div>
   <div class='ocr_carea' id='block_1_11' title="bbox 720 1040 2303 1105">
    <p class='ocr_par' dir='ltr' id='par_1_11' title="bbox 720 1040 2303 1105">
     <span class='ocr_line' id='line_1_11' title="bbox 720 1040 2303 1105; baseline 0 -11"><span class='ocrx_word' id='word_1_56' title='bbox 720 1059 840 1094; x_wconf 91' lang='lat' dir='ltr'><strong>cum</strong></span> <span class='ocrx_word' id='word_1_57' title='bbox 879 1058 1005 1096; x_wconf 90' lang='lat' dir='ltr'><strong>vero</strong></span> <span class='ocrx_word' id='word_1_58' title='bbox 1051 1045 1331 1098; x_wconf 85' lang='lat' dir='ltr'><strong>incitatam</strong></span> <span class='ocrx_word' id='word_1_59' title='bbox 1364 1054 1417 1096; x_wconf 91' lang='lat' dir='ltr'><strong>et</strong></span> <span class='ocrx_word' id='word_1_60' title='bbox 1460 1045 1719 1097; x_wconf 81' lang='lat' dir='ltr'><strong>fervidam</strong></span> <span class='ocrx_word' id='word_1_61' title='bbox 1762 1056 2022 1105; x_wconf 83' lang='lat' dir='ltr'><strong>mentem,</strong></span> <span class='ocrx_word' id='word_1_62' title='bbox 2061 1052 2116 1095; x_wconf 93' lang='lat' dir='ltr'><strong>et</strong></span> <span class='ocrx_word' id='word_1_63' title='bbox 2155 1040 2303 1094; x_wconf 75' lang='lat' dir='ltr'><strong>ﬂam-</strong></span> 
     </span>
    </p>
   </div>
   <div class='ocr_carea' id='block_1_12' title="bbox 721 1133 2302 1200">
    <p class='ocr_par' dir='ltr' id='par_1_12' title="bbox 721 1133 2302 1200">
     <span class='ocr_line' id='line_1_12' title="bbox 721 1133 2302 1200; baseline 0 -17"><span class='ocrx_word' id='word_1_64' title='bbox 721 1147 818 1184; x_wconf 71' lang='lat' dir='ltr'><strong>ma:</strong></span> <span class='ocrx_word' id='word_1_65' title='bbox 847 1134 1020 1186; x_wconf 85' lang='lat' dir='ltr'><strong>instar</strong></span> <span class='ocrx_word' id='word_1_66' title='bbox 1055 1133 1121 1187; x_wconf 90' lang='lat' dir='ltr'><strong>ad</strong></span> <span class='ocrx_word' id='word_1_67' title='bbox 1169 1134 1455 1187; x_wconf 78' lang='lat' dir='ltr'><strong>amabilem</strong></span> <span class='ocrx_word' id='word_1_68' title='bbox 1494 1134 1789 1187; x_wconf 87' lang='lat' dir='ltr'><strong>amicitiam</strong></span> <span class='ocrx_word' id='word_1_69' title='bbox 1828 1134 2140 1195; x_wconf 85' lang='lat' dir='ltr'><strong>ducentem,</strong></span> <span class='ocrx_word' id='word_1_70' title='bbox 2174 1139 2302 1200; x_wconf 91' lang='lat' dir='ltr'><strong>puta</strong></span> 
     </span>
    </p>
   </div>
   <div class='ocr_carea' id='block_1_13' title="bbox 722 1220 2304 1293">
    <p class='ocr_par' dir='ltr' id='par_1_13' title="bbox 722 1220 2304 1293">
     <span class='ocr_line' id='line_1_13' title="bbox 722 1220 2304 1293; baseline -0.002 -19"><span class='ocrx_word' id='word_1_71' title='bbox 722 1223 864 1276; x_wconf 85' lang='lat' dir='ltr'><strong>illam</strong></span> <span class='ocrx_word' id='word_1_72' title='bbox 893 1238 920 1274; x_wconf 92' lang='lat' dir='ltr'><strong>a</strong></span> <span class='ocrx_word' id='word_1_73' title='bbox 958 1226 1095 1277; x_wconf 92' lang='lat' dir='ltr'><strong>dono</strong></span> <span class='ocrx_word' id='word_1_74' title='bbox 1125 1223 1404 1293; x_wconf 82' lang='lat' dir='ltr'><strong>Cupidinis</strong></span> <span class='ocrx_word' id='word_1_75' title='bbox 1434 1224 1641 1277; x_wconf 89' lang='lat' dir='ltr'><strong>venire.</strong></span> <span class='ocrx_word' id='word_1_76' title='bbox 1672 1221 1851 1277; x_wconf 89' lang='lat' dir='ltr'><strong>Unum</strong></span> <span class='ocrx_word' id='word_1_77' title='bbox 1891 1221 2042 1284; x_wconf 91' lang='lat' dir='ltr'><strong>mihi,</strong></span> <span class='ocrx_word' id='word_1_78' title='bbox 2074 1236 2105 1273; x_wconf 93' lang='grc' dir='ltr'><strong>ο</strong></span> <span class='ocrx_word' id='word_1_79' title='bbox 2131 1220 2304 1271; x_wconf 89' lang='lat' dir='ltr'><strong>amice</strong></span> 
     </span>
    </p>
   </div>
   <div class='ocr_carea' id='block_1_14' title="bbox 722 1311 2305 1383">
    <p class='ocr_par' dir='ltr' id='par_1_14' title="bbox 722 1311 2305 1383">
     <span class='ocr_line' id='line_1_14' title="bbox 722 1311 2305 1383; baseline -0.002 -16"><span class='ocrx_word' id='word_1_80' title='bbox 722 1315 997 1377; x_wconf 84' lang='lat' dir='ltr'><strong>Socrates,</strong></span> <span class='ocrx_word' id='word_1_81' title='bbox 1032 1317 1195 1379; x_wconf 90' lang='lat' dir='ltr'><strong>dicis,</strong></span> <span class='ocrx_word' id='word_1_82' title='bbox 1236 1326 1541 1368; x_wconf 89' lang='lat' dir='ltr'><strong>amatorum</strong></span> <span class='ocrx_word' id='word_1_83' title='bbox 1583 1316 1808 1383; x_wconf 91' lang='lat' dir='ltr'><strong>optime,</strong></span> <span class='ocrx_word' id='word_1_84' title='bbox 1844 1324 2051 1381; x_wconf 88' lang='lat' dir='ltr'><strong>partem</strong></span> <span class='ocrx_word' id='word_1_85' title='bbox 2089 1311 2305 1365; x_wconf 87' lang='lat' dir='ltr'><strong>virtutis</strong></span> 
     </span>
    </p>
   </div>
   <div class='ocr_carea' id='block_1_15' title="bbox 721 1403 2302 1471">
    <p class='ocr_par' dir='ltr' id='par_1_15' title="bbox 721 1403 2302 1471">
     <span class='ocr_line' id='line_1_15' title="bbox 721 1403 2302 1471; baseline -0.006 -12"><span class='ocrx_word' id='word_1_86' title='bbox 721 1406 932 1468; x_wconf 67' lang='lat' dir='ltr'><strong>Cliniae,</strong></span> <span class='ocrx_word' id='word_1_87' title='bbox 989 1405 1361 1459; x_wconf 87' lang='lat' dir='ltr'><strong>fortitudinem</strong></span> <span class='ocrx_word' id='word_1_88' title='bbox 1437 1405 1645 1459; x_wconf 90' lang='lat' dir='ltr'><strong>scilicet</strong></span> <span class='ocrx_word' id='word_1_89' title='bbox 1696 1405 1746 1457; x_wconf 92' lang='lat' dir='ltr'><strong>in</strong></span> <span class='ocrx_word' id='word_1_90' title='bbox 1794 1403 2071 1471; x_wconf 88' lang='lat' dir='ltr'><strong>periculis,</strong></span> <span class='ocrx_word' id='word_1_91' title='bbox 2139 1415 2302 1469; x_wconf 89' lang='lat' dir='ltr'><strong>quam</strong></span> 
     </span>
    </p>
   </div>
   <div class='ocr_carea' id='block_1_16' title="bbox 722 1496 2305 1567">
    <p class='ocr_par' dir='ltr' id='par_1_16' title="bbox 722 1496 2305 1567">
     <span class='ocr_line' id='line_1_16' title="bbox 722 1496 2305 1567; baseline -0.004 -19"><span class='ocrx_word' id='word_1_92' title='bbox 722 1498 1111 1550; x_wconf 76' lang='lat' dir='ltr'><strong>exercitatione</strong></span> <span class='ocrx_word' id='word_1_93' title='bbox 1136 1496 1335 1567; x_wconf 77' lang='lat' dir='ltr'><strong>368b</strong></span> <span class='ocrx_word' id='word_1_94' title='bbox 1367 1512 1506 1563; x_wconf 55' lang='lat' dir='ltr'><strong>sape</strong></span> <span class='ocrx_word' id='word_1_95' title='bbox 1536 1496 1775 1560; x_wconf 77' lang='lat' dir='ltr'><strong>exhibet,</strong></span> <span class='ocrx_word' id='word_1_96' title='bbox 1796 1498 2149 1561; x_wconf 77' lang='lat' dir='ltr'><strong>interpretem</strong></span> <span class='ocrx_word' id='word_1_97' title='bbox 2178 1507 2305 1544; x_wconf 81' lang='lat' dir='ltr'><strong>ora-</strong></span> 
     </span>
    </p>
   </div>
   <div class='ocr_carea' id='block_1_17' title="bbox 728 1580 2309 1655">
    <p class='ocr_par' dir='ltr' id='par_1_17' title="bbox 728 1580 2309 1655">
     <span class='ocr_line' id='line_1_17' title="bbox 728 1580 2309 1655; baseline -0.002 -19"><span class='ocrx_word' id='word_1_98' title='bbox 728 1590 931 1640; x_wconf 87' lang='lat' dir='ltr'><strong>tionum</strong></span> <span class='ocrx_word' id='word_1_99' title='bbox 970 1602 1075 1639; x_wconf 92' lang='lat' dir='ltr'><strong>non</strong></span> <span class='ocrx_word' id='word_1_100' title='bbox 1109 1596 1435 1654; x_wconf 82' lang='lat' dir='ltr'><strong>exspectans</strong></span> <span class='ocrx_word' id='word_1_101' title='bbox 1467 1587 1603 1655; x_wconf 73' lang='grc'><strong>(46).</strong></span> <span class='ocrx_word' id='word_1_102' title='bbox 1648 1586 1748 1639; x_wconf 87' lang='lat' dir='ltr'><strong>Dat</strong></span> <span class='ocrx_word' id='word_1_103' title='bbox 1778 1586 1952 1637; x_wconf 88' lang='lat' dir='ltr'><strong>eidem</strong></span> <span class='ocrx_word' id='word_1_104' title='bbox 1984 1584 2120 1636; x_wconf 88' lang='lat' dir='ltr'><strong>hanc</strong></span> <span class='ocrx_word' id='word_1_105' title='bbox 2148 1580 2309 1634; x_wconf 85' lang='lat' dir='ltr'><strong>licen-</strong></span> 
     </span>
    </p>
   </div>
   <div class='ocr_carea' id='block_1_18' title="bbox 728 1671 2306 1743">
    <p class='ocr_par' dir='ltr' id='par_1_18' title="bbox 728 1671 2306 1743">
     <span class='ocr_line' id='line_1_18' title="bbox 728 1671 2306 1743; baseline -0.004 -16"><span class='ocrx_word' id='word_1_106' title='bbox 728 1676 1050 1743; x_wconf 83' lang='lat' dir='ltr'><strong>tiam,quam</strong></span> <span class='ocrx_word' id='word_1_107' title='bbox 1086 1676 1261 1743; x_wconf 91' lang='lat' dir='ltr'><strong>primo</strong></span> <span class='ocrx_word' id='word_1_108' title='bbox 1284 1675 1474 1730; x_wconf 87' lang='lat' dir='ltr'><strong>Pericli</strong></span> <span class='ocrx_word' id='word_1_109' title='bbox 1502 1692 1621 1729; x_wconf 88' lang='lat' dir='ltr'><strong>ctnn</strong></span> <span class='ocrx_word' id='word_1_110' title='bbox 1656 1690 1751 1743; x_wconf 90' lang='lat' dir='ltr'><strong>pro</strong></span> <span class='ocrx_word' id='word_1_111' title='bbox 1768 1676 1899 1727; x_wconf 91' lang='lat' dir='ltr'><strong>urbe</strong></span> <span class='ocrx_word' id='word_1_112' title='bbox 1924 1671 2120 1725; x_wconf 92' lang='lat' dir='ltr'><strong>bellum</strong></span> <span class='ocrx_word' id='word_1_113' title='bbox 2150 1685 2306 1739; x_wconf 79' lang='lat' dir='ltr'><strong>gere-</strong></span> 
     </span>
    </p>
   </div>
   <div class='ocr_carea' id='block_1_19' title="bbox 729 1761 2310 1830">
    <p class='ocr_par' dir='ltr' id='par_1_19' title="bbox 729 1761 2310 1830">
     <span class='ocr_line' id='line_1_19' title="bbox 729 1761 2310 1830; baseline -0.004 -11"><span class='ocrx_word' id='word_1_114' title='bbox 729 1776 829 1819; x_wconf 90' lang='lat' dir='ltr'><strong>ret.</strong></span> <span class='ocrx_word' id='word_1_115' title='bbox 856 1764 979 1819; x_wconf 70' lang='lat' dir='ltr'><strong>Hzec</strong></span> <span class='ocrx_word' id='word_1_116' title='bbox 1006 1776 1088 1819; x_wconf 90' lang='lat' dir='ltr'><strong>est</strong></span> <span class='ocrx_word' id='word_1_117' title='bbox 1122 1767 1335 1820; x_wconf 86' lang='lat' dir='ltr'><strong>sincera</strong></span> <span class='ocrx_word' id='word_1_118' title='bbox 1368 1769 1522 1819; x_wconf 90' lang='lat' dir='ltr'><strong>ratio.</strong></span> <span class='ocrx_word' id='word_1_119' title='bbox 1554 1766 1609 1819; x_wconf 87' lang='lat' dir='ltr'><strong>Si</strong></span> <span class='ocrx_word' id='word_1_120' title='bbox 1643 1780 1771 1819; x_wconf 84' lang='lat' dir='ltr'><strong>vero</strong></span> <span class='ocrx_word' id='word_1_121' title='bbox 1800 1765 1943 1817; x_wconf 90' lang='lat' dir='ltr'><strong>hunc</strong></span> <span class='ocrx_word' id='word_1_122' title='bbox 1968 1761 2310 1830; x_wconf 86' lang='lat' dir='ltr'><strong>videasjudi-</strong></span> 
     </span>
    </p>
   </div>
   <div class='ocr_carea' id='block_1_20' title="bbox 726 1853 2307 1926">
    <p class='ocr_par' dir='ltr' id='par_1_20' title="bbox 726 1853 2307 1926">
     <span class='ocr_line' id='line_1_20' title="bbox 726 1853 2307 1926; baseline -0.003 -17"><span class='ocrx_word' id='word_1_123' title='bbox 726 1858 893 1909; x_wconf 88' lang='lat' dir='ltr'><strong>ciaria</strong></span> <span class='ocrx_word' id='word_1_124' title='bbox 917 1858 1043 1910; x_wconf 91' lang='lat' dir='ltr'><strong>sede</strong></span> <span class='ocrx_word' id='word_1_125' title='bbox 1069 1858 1375 1926; x_wconf 77' lang='lat' dir='ltr'><strong>expulsum,</strong></span> <span class='ocrx_word' id='word_1_126' title='bbox 1409 1856 1635 1925; x_wconf 86' lang='lat' dir='ltr'><strong>implora</strong></span> <span class='ocrx_word' id='word_1_127' title='bbox 1682 1872 1805 1909; x_wconf 93' lang='lat' dir='ltr'><strong>cum</strong></span> <span class='ocrx_word' id='word_1_128' title='bbox 1852 1855 2051 1923; x_wconf 79' lang='lat' dir='ltr'><strong>gemitu</strong></span> <span class='ocrx_word' id='word_1_129' title='bbox 2116 1853 2307 1921; x_wconf 82' lang='lat' dir='ltr'><strong>legem,</strong></span> 
     </span>
    </p>
   </div>
   <div class='ocr_carea' id='block_1_21' title="bbox 728 1946 2311 2016">
    <p class='ocr_par' dir='ltr' id='par_1_21' title="bbox 728 1946 2311 2016">
     <span class='ocr_line' id='line_1_21' title="bbox 728 1946 2311 2016; baseline -0.003 -16"><span class='ocrx_word' id='word_1_130' title='bbox 728 1952 852 2016; x_wconf 80' lang='lat' dir='ltr'><strong>quia</strong></span> <span class='ocrx_word' id='word_1_131' title='bbox 885 1963 1018 2001; x_wconf 89' lang='lat' dir='ltr'><strong>auro</strong></span> <span class='ocrx_word' id='word_1_132' title='bbox 1045 1950 1219 2003; x_wconf 81' lang='lat' dir='ltr'><strong>victus</strong></span> <span class='ocrx_word' id='word_1_133' title='bbox 1253 1959 1357 2003; x_wconf 93' lang='lat' dir='ltr'><strong>est.</strong></span> <span class='ocrx_word' id='word_1_134' title='bbox 1402 1947 1534 2001; x_wconf 85' lang='lat' dir='ltr'><strong>Nam</strong></span> <span class='ocrx_word' id='word_1_135' title='bbox 1581 1948 1741 2003; x_wconf 83' lang='lat' dir='ltr'><strong>simul</strong></span> <span class='ocrx_word' id='word_1_136' title='bbox 1772 1947 1971 2000; x_wconf 86' lang='lat' dir='ltr'><strong>florens</strong></span> <span class='ocrx_word' id='word_1_137' title='bbox 2014 1961 2138 1999; x_wconf 91' lang='lat' dir='ltr'><strong>cum</strong></span> <span class='ocrx_word' id='word_1_138' title='bbox 2180 1946 2311 1996; x_wconf 85' lang='lat' dir='ltr'><strong>urbe</strong></span> 
     </span>
    </p>
   </div>
   <div class='ocr_carea' id='block_1_22' title="bbox 732 2041 2310 2110">
    <p class='ocr_par' dir='ltr' id='par_1_22' title="bbox 732 2041 2310 2110">
     <span class='ocr_line' id='line_1_22' title="bbox 732 2041 2310 2110; baseline -0.003 -17"><span class='ocrx_word' id='word_1_139' title='bbox 732 2043 898 2109; x_wconf 88' lang='lat' dir='ltr'><strong>regia,</strong></span> <span class='ocrx_word' id='word_1_140' title='bbox 944 2042 1153 2095; x_wconf 87' lang='lat' dir='ltr'><strong>circum</strong></span> <span class='ocrx_word' id='word_1_141' title='bbox 1224 2056 1386 2110; x_wconf 81' lang='lat' dir='ltr'><strong>quam</strong></span> <span class='ocrx_word' id='word_1_142' title='bbox 1437 2042 1676 2109; x_wconf 81' lang='lat' dir='ltr'><strong>ingentia</strong></span> <span class='ocrx_word' id='word_1_143' title='bbox 1740 2041 1909 2092; x_wconf 86' lang='lat' dir='ltr'><strong>maria</strong></span> <span class='ocrx_word' id='word_1_144' title='bbox 1966 2046 2310 2105; x_wconf 86' lang='lat' dir='ltr'><strong>separantur,</strong></span> 
     </span>
    </p>
   </div>
   <div class='ocr_carea' id='block_1_23' title="bbox 730 2128 2311 2201">
    <p class='ocr_par' dir='ltr' id='par_1_23' title="bbox 730 2128 2311 2201">
     <span class='ocr_line' id='line_1_23' title="bbox 730 2128 2311 2201; baseline -0.003 -16"><span class='ocrx_word' id='word_1_145' title='bbox 730 2145 785 2186; x_wconf 86' lang='lat' dir='ltr'><strong>et</strong></span> <span class='ocrx_word' id='word_1_146' title='bbox 842 2134 980 2186; x_wconf 91' lang='lat' dir='ltr'><strong>idem</strong></span> <span class='ocrx_word' id='word_1_147' title='bbox 1026 2148 1147 2187; x_wconf 92' lang='lat' dir='ltr'><strong>cum</strong></span> <span class='ocrx_word' id='word_1_148' title='bbox 1184 2147 1249 2187; x_wconf 88' lang='lat' dir='ltr'><strong>ea</strong></span> <span class='ocrx_word' id='word_1_149' title='bbox 1299 2133 1481 2201; x_wconf 71' lang='lat' dir='ltr'><strong>gloria:</strong></span> <span class='ocrx_word' id='word_1_150' title='bbox 1522 2147 1631 2185; x_wconf 70' lang='lat' dir='ltr'><strong>sua:</strong></span> <span class='ocrx_word' id='word_1_151' title='bbox 1675 2130 2033 2183; x_wconf 89' lang='lat' dir='ltr'><strong>fundamenta</strong></span> <span class='ocrx_word' id='word_1_152' title='bbox 2077 2128 2311 2198; x_wconf 83' lang='lat' dir='ltr'><strong>jaciens,</strong></span> 
     </span>
    </p>
   </div>
   <div class='ocr_carea' id='block_1_24' title="bbox 731 2218 2311 2289">
    <p class='ocr_par' dir='ltr' id='par_1_24' title="bbox 731 2218 2311 2289">
     <span class='ocr_line' id='line_1_24' title="bbox 731 2218 2311 2289; baseline -0.003 -16"><span class='ocrx_word' id='word_1_153' title='bbox 731 2223 965 2289; x_wconf 76' lang='lat' dir='ltr'><strong>quandiu</strong></span> <span class='ocrx_word' id='word_1_154' title='bbox 1010 2222 1067 2275; x_wconf 92' lang='lat' dir='ltr'><strong>in</strong></span> <span class='ocrx_word' id='word_1_155' title='bbox 1112 2221 1400 2275; x_wconf 88' lang='lat' dir='ltr'><strong>cunabulis</strong></span> <span class='ocrx_word' id='word_1_156' title='bbox 1442 2222 1619 2273; x_wconf 90' lang='lat' dir='ltr'><strong>adhuc</strong></span> <span class='ocrx_word' id='word_1_157' title='bbox 1647 2234 1845 2286; x_wconf 84' lang='lat' dir='ltr'><strong>corpus</strong></span> <span class='ocrx_word' id='word_1_158' title='bbox 1882 2218 2035 2272; x_wconf 89' lang='lat' dir='ltr'><strong>urbis</strong></span> <span class='ocrx_word' id='word_1_159' title='bbox 2070 2219 2311 2285; x_wconf 79' lang='lat' dir='ltr'><strong>fingeba-</strong></span> 
     </span>
    </p>
   </div>
   <div class='ocr_carea' id='block_1_25' title="bbox 734 2306 2311 2381">
    <p class='ocr_par' dir='ltr' id='par_1_25' title="bbox 734 2306 2311 2381">
     <span class='ocr_line' id='line_1_25' title="bbox 734 2306 2311 2381; baseline -0.005 -16"><span class='ocrx_word' id='word_1_160' title='bbox 734 2325 839 2375; x_wconf 90' lang='lat' dir='ltr'><strong>tur,</strong></span> <span class='ocrx_word' id='word_1_161' title='bbox 874 2314 977 2365; x_wconf 86' lang='lat' dir='ltr'><strong>alia</strong></span> <span class='ocrx_word' id='word_1_162' title='bbox 1030 2314 1254 2381; x_wconf 89' lang='lat' dir='ltr'><strong>imperia</strong></span> <span class='ocrx_word' id='word_1_163' title='bbox 1309 2327 1337 2364; x_wconf 90' lang='lat' dir='ltr'><strong>e</strong></span> <span class='ocrx_word' id='word_1_164' title='bbox 1373 2312 1517 2379; x_wconf 82' lang='lat' dir='ltr'><strong>rcgia</strong></span> <span class='ocrx_word' id='word_1_165' title='bbox 1569 2319 1837 2380; x_wconf 85' lang='lat' dir='ltr'><strong>potestate</strong></span> <span class='ocrx_word' id='word_1_166' title='bbox 1876 2308 2139 2362; x_wconf 86' lang='lat' dir='ltr'><strong>decrevit.</strong></span> <span class='ocrx_word' id='word_1_167' title='bbox 2177 2306 2311 2359; x_wconf 87' lang='lat' dir='ltr'><strong>Cum</strong></span> 
     </span>
    </p>
   </div>
   <div class='ocr_carea' id='block_1_26' title="bbox 735 2401 2312 2472">
    <p class='ocr_par' dir='ltr' id='par_1_26' title="bbox 735 2401 2312 2472">
     <span class='ocr_line' id='line_1_26' title="bbox 735 2401 2312 2472; baseline -0.004 -17"><span class='ocrx_word' id='word_1_168' title='bbox 735 2418 865 2458; x_wconf 73' lang='lat' dir='ltr'><strong>vero</strong></span> <span class='ocrx_word' id='word_1_169' title='bbox 912 2403 1177 2472; x_wconf 78' lang='lat' dir='ltr'><strong>indigeret</strong></span> <span class='ocrx_word' id='word_1_170' title='bbox 1215 2401 1396 2456; x_wconf 86' lang='lat' dir='ltr'><strong>sedula</strong></span> <span class='ocrx_word' id='word_1_171' title='bbox 1444 2416 1607 2469; x_wconf 87' lang='lat' dir='ltr'><strong>opera</strong></span> <span class='ocrx_word' id='word_1_172' title='bbox 1663 2410 1921 2467; x_wconf 84' lang='lat' dir='ltr'><strong>tanquam</strong></span> <span class='ocrx_word' id='word_1_173' title='bbox 1965 2408 2141 2452; x_wconf 86' lang='lat' dir='ltr'><strong>statua</strong></span> <span class='ocrx_word' id='word_1_174' title='bbox 2192 2412 2312 2464; x_wconf 84' lang='lat' dir='ltr'><strong>per-</strong></span> 
     </span>
    </p>
   </div>
   <div class='ocr_carea' id='block_1_27' title="bbox 736 2492 2313 2562">
    <p class='ocr_par' dir='ltr' id='par_1_27' title="bbox 736 2492 2313 2562">
     <span class='ocr_line' id='line_1_27' title="bbox 736 2492 2313 2562; baseline -0.003 -17"><span class='ocrx_word' id='word_1_175' title='bbox 736 2496 895 2557; x_wconf 76' lang='lat' dir='ltr'><strong>lecta,</strong></span> <span class='ocrx_word' id='word_1_176' title='bbox 932 2510 1095 2562; x_wconf 91' lang='lat' dir='ltr'><strong>quam</strong></span> <span class='ocrx_word' id='word_1_177' title='bbox 1129 2493 1505 2546; x_wconf 89' lang='lat' dir='ltr'><strong>adumbratam</strong></span> <span class='ocrx_word' id='word_1_178' title='bbox 1549 2493 1702 2561; x_wconf 88' lang='lat' dir='ltr'><strong>prius</strong></span> <span class='ocrx_word' id='word_1_179' title='bbox 1750 2492 2019 2551; x_wconf 83' lang='lat' dir='ltr'><strong>viderant,</strong></span> <span class='ocrx_word' id='word_1_180' title='bbox 2067 2492 2313 2543; x_wconf 87' lang='lat' dir='ltr'><strong>eamdem</strong></span> 
     </span>
    </p>
   </div>
   <div class='ocr_carea' id='block_1_28' title="bbox 738 2581 2315 2652">
    <p class='ocr_par' dir='ltr' id='par_1_28' title="bbox 738 2581 2315 2652">
     <span class='ocr_line' id='line_1_28' title="bbox 738 2581 2315 2652; baseline -0.003 -17"><span class='ocrx_word' id='word_1_181' title='bbox 738 2595 1059 2652; x_wconf 87' lang='lat' dir='ltr'><strong>potestatem</strong></span> <span class='ocrx_word' id='word_1_182' title='bbox 1120 2584 1438 2651; x_wconf 87' lang='lat' dir='ltr'><strong>assumpsit,</strong></span> <span class='ocrx_word' id='word_1_183' title='bbox 1503 2592 1557 2635; x_wconf 92' lang='lat' dir='ltr'><strong>ut</strong></span> <span class='ocrx_word' id='word_1_184' title='bbox 1606 2584 1746 2636; x_wconf 87' lang='lat' dir='ltr'><strong>idem</strong></span> <span class='ocrx_word' id='word_1_185' title='bbox 1794 2582 2007 2634; x_wconf 90' lang='lat' dir='ltr'><strong>initium</strong></span> <span class='ocrx_word' id='word_1_186' title='bbox 2057 2592 2111 2635; x_wconf 91' lang='lat' dir='ltr'><strong>et</strong></span> <span class='ocrx_word' id='word_1_187' title='bbox 2154 2581 2315 2633; x_wconf 84' lang='lat' dir='ltr'><strong>finem</strong></span> 
     </span>
    </p>
   </div>
   <div class='ocr_carea' id='block_1_29' title="bbox 736 2672 2315 2734">
    <p class='ocr_par' dir='ltr' id='par_1_29' title="bbox 736 2672 2315 2734">
     <span class='ocr_line' id='line_1_29' title="bbox 736 2672 2315 2734; baseline -0.004 -4"><span class='ocrx_word' id='word_1_188' title='bbox 736 2679 882 2731; x_wconf 91' lang='lat' dir='ltr'><strong>omni</strong></span> <span class='ocrx_word' id='word_1_189' title='bbox 930 2685 1254 2730; x_wconf 88' lang='lat' dir='ltr'><strong>ornamento</strong></span> <span class='ocrx_word' id='word_1_190' title='bbox 1324 2675 1472 2727; x_wconf 86' lang='lat' dir='ltr'><strong>urbis</strong></span> <span class='ocrx_word' id='word_1_191' title='bbox 1529 2672 1738 2728; x_wconf 81' lang='lat' dir='ltr'><strong>fecerit.</strong></span> <span class='ocrx_word' id='word_1_192' title='bbox 1790 2672 1965 2728; x_wconf 84' lang='lat' dir='ltr'><strong>Urbes</strong></span> <span class='ocrx_word' id='word_1_193' title='bbox 2026 2675 2315 2734; x_wconf 82' lang='lat' dir='ltr'><strong>excitatas,</strong></span> 
     </span>
    </p>
   </div>
   <div class='ocr_carea' id='block_1_30' title="bbox 737 2763 2318 2840">
    <p class='ocr_par' dir='ltr' id='par_1_30' title="bbox 737 2763 2318 2840">
     <span class='ocr_line' id='line_1_30' title="bbox 737 2763 2318 2840; baseline -0.007 -17"><span class='ocrx_word' id='word_1_194' title='bbox 737 2770 994 2840; x_wconf 87' lang='lat' dir='ltr'><strong>populum</strong></span> <span class='ocrx_word' id='word_1_195' title='bbox 1027 2777 1384 2828; x_wconf 90' lang='lat' dir='ltr'><strong>crescentem,</strong></span> <span class='ocrx_word' id='word_1_196' title='bbox 1444 2764 1682 2817; x_wconf 83' lang='lat' dir='ltr'><strong>Tartessi</strong></span> <span class='ocrx_word' id='word_1_197' title='bbox 1714 2765 1902 2826; x_wconf 84' lang='lat' dir='ltr'><strong>vitam,</strong></span> <span class='ocrx_word' id='word_1_198' title='bbox 1936 2778 2105 2817; x_wconf 91' lang='lat' dir='ltr'><strong>cornu</strong></span> <span class='ocrx_word' id='word_1_199' title='bbox 2133 2763 2318 2815; x_wconf 83' lang='lat' dir='ltr'><strong>Amal-</strong></span> 
     </span>
    </p>
   </div>
   <div class='ocr_carea' id='block_1_31' title="bbox 739 2854 2317 2928">
    <p class='ocr_par' dir='ltr' id='par_1_31' title="bbox 739 2854 2317 2928">
     <span class='ocr_line' id='line_1_31' title="bbox 739 2854 2317 2928; baseline -0.006 -14"><span class='ocrx_word' id='word_1_200' title='bbox 739 2864 897 2923; x_wconf 66' lang='lat' dir='ltr'><strong>theae,</strong></span> <span class='ocrx_word' id='word_1_201' title='bbox 944 2869 1109 2928; x_wconf 92' lang='lat' dir='ltr'><strong>caput</strong></span> <span class='ocrx_word' id='word_1_202' title='bbox 1157 2858 1339 2913; x_wconf 92' lang='lat' dir='ltr'><strong>omnis</strong></span> <span class='ocrx_word' id='word_1_203' title='bbox 1398 2856 1693 2909; x_wconf 86' lang='lat' dir='ltr'><strong>felicitatis.</strong></span> <span class='ocrx_word' id='word_1_204' title='bbox 1738 2854 1843 2909; x_wconf 87' lang='lat' dir='ltr'><strong>Sed</strong></span> <span class='ocrx_word' id='word_1_205' title='bbox 1881 2869 2000 2923; x_wconf 62' lang='lat' dir='ltr'><strong>quae</strong></span> <span class='ocrx_word' id='word_1_206' title='bbox 2049 2866 2132 2907; x_wconf 86' lang='lat' dir='ltr'><strong>est</strong></span> <span class='ocrx_word' id='word_1_207' title='bbox 2190 2868 2317 2922; x_wconf 83' lang='lat' dir='ltr'><strong>erga</strong></span> 
     </span>
    </p>
   </div>
   <div class='ocr_carea' id='block_1_32' title="bbox 739 2948 2318 3019">
    <p class='ocr_par' dir='ltr' id='par_1_32' title="bbox 739 2948 2318 3019">
     <span class='ocr_line' id='line_1_32' title="bbox 739 2948 2318 3019; baseline -0.006 -12"><span class='ocrx_word' id='word_1_208' title='bbox 739 2956 881 3007; x_wconf 91' lang='lat' dir='ltr'><strong>hunc</strong></span> <span class='ocrx_word' id='word_1_209' title='bbox 920 2952 1171 3019; x_wconf 88' lang='lat' dir='ltr'><strong>juvenem</strong></span> <span class='ocrx_word' id='word_1_210' title='bbox 1222 2950 1384 3003; x_wconf 90' lang='lat' dir='ltr'><strong>studii</strong></span> <span class='ocrx_word' id='word_1_211' title='bbox 1429 2949 1629 3001; x_wconf 85' lang='lat' dir='ltr'><strong>causa?</strong></span> <span class='ocrx_word' id='word_1_212' title='bbox 1680 2948 1812 2999; x_wconf 88' lang='lat' dir='ltr'><strong>Tota</strong></span> <span class='ocrx_word' id='word_1_213' title='bbox 1875 2962 2027 2999; x_wconf 89' lang='lat' dir='ltr'><strong>meus</strong></span> <span class='ocrx_word' id='word_1_214' title='bbox 2078 2962 2246 3014; x_wconf 87' lang='lat' dir='ltr'><strong>nuper</strong></span> <span class='ocrx_word' id='word_1_215' title='bbox 2291 2962 2318 2997; x_wconf 84' lang='lat' dir='ltr'><strong>a</strong></span> 
     </span>
    </p>
   </div>
   <div class='ocr_carea' id='block_1_33' title="bbox 738 3037 2320 3113">
    <p class='ocr_par' dir='ltr' id='par_1_33' title="bbox 738 3037 2320 3113">
     <span class='ocr_line' id='line_1_33' title="bbox 738 3037 2320 3113; baseline -0.005 -16"><span class='ocrx_word' id='word_1_216' title='bbox 738 3048 987 3113; x_wconf 88' lang='lat' dir='ltr'><strong>supernis</strong></span> <span class='ocrx_word' id='word_1_217' title='bbox 1040 3042 1259 3097; x_wconf 86' lang='lat' dir='ltr'><strong>sedibus</strong></span> <span class='ocrx_word' id='word_1_218' title='bbox 1328 3040 1662 3107; x_wconf 81' lang='lat' dir='ltr'><strong>digrediens,</strong></span> <span class='ocrx_word' id='word_1_219' title='bbox 1719 3038 1936 3090; x_wconf 80' lang='lat' dir='ltr'><strong>infixam</strong></span> <span class='ocrx_word' id='word_1_220' title='bbox 1990 3038 2166 3090; x_wconf 89' lang='lat' dir='ltr'><strong>adhuc</strong></span> <span class='ocrx_word' id='word_1_221' title='bbox 2218 3037 2320 3089; x_wconf 87' lang='lat' dir='ltr'><strong>fert</strong></span> 
     </span>
    </p>
   </div>
   <div class='ocr_carea' id='block_1_34' title="bbox 738 3128 2317 3204">
    <p class='ocr_par' dir='ltr' id='par_1_34' title="bbox 738 3128 2317 3204">
     <span class='ocr_line' id='line_1_34' title="bbox 738 3128 2317 3204; baseline -0.006 -16"><span class='ocrx_word' id='word_1_222' title='bbox 738 3136 971 3204; x_wconf 90' lang='lat' dir='ltr'><strong>speciem</strong></span> <span class='ocrx_word' id='word_1_223' title='bbox 1042 3132 1457 3186; x_wconf 85' lang='lat' dir='ltr'><strong>simulacrorum</strong></span> <span class='ocrx_word' id='word_1_224' title='bbox 1533 3129 1768 3191; x_wconf 87' lang='lat' dir='ltr'><strong>illorum,</strong></span> <span class='ocrx_word' id='word_1_225' title='bbox 1827 3143 1945 3195; x_wconf 66' lang='lat' dir='ltr'><strong>qute</strong></span> <span class='ocrx_word' id='word_1_226' title='bbox 1997 3138 2104 3179; x_wconf 89' lang='lat' dir='ltr'><strong>tum</strong></span> <span class='ocrx_word' id='word_1_227' title='bbox 2163 3128 2317 3191; x_wconf 76' lang='lat' dir='ltr'><strong>vidit,</strong></span> 
     </span>
    </p>
   </div>
   <div class='ocr_carea' id='block_1_35' title="bbox 739 3203 2389 3280">
    <p class='ocr_par' dir='ltr' id='par_1_35' title="bbox 739 3203 2389 3280">
     <span class='ocr_line' id='line_1_35' title="bbox 739 3203 2389 3280; baseline -0.007 0"><span class='ocrx_word' id='word_1_228' title='bbox 739 3243 863 3280; x_wconf 90' lang='lat' dir='ltr'><strong>cum</strong></span> <span class='ocrx_word' id='word_1_229' title='bbox 917 3224 1143 3278; x_wconf 75' lang='lat' dir='ltr'><strong>hilarem</strong></span> <span class='ocrx_word' id='word_1_230' title='bbox 1192 3223 1447 3277; x_wconf 88' lang='lat' dir='ltr'><strong>choream</strong></span> <span class='ocrx_word' id='word_1_231' title='bbox 1508 3236 1630 3274; x_wconf 91' lang='lat' dir='ltr'><strong>cum</strong></span> <span class='ocrx_word' id='word_1_232' title='bbox 1689 3221 1855 3272; x_wconf 86' lang='lat' dir='ltr'><strong>variis</strong></span> <span class='ocrx_word' id='word_1_233' title='bbox 1923 3220 2024 3273; x_wconf 87' lang='lat' dir='ltr'><strong>diis</strong></span> <span class='ocrx_word' id='word_1_234' title='bbox 2082 3203 2389 3272; x_wconf 88' lang='lat' dir='ltr'><strong>saltavit.C</strong></span> 
     </span>
    </p>
   </div>
   <div class='ocr_carea' id='block_1_36' title="bbox 738 3311 2323 3385">
    <p class='ocr_par' dir='ltr' id='par_1_36' title="bbox 738 3311 2323 3385">
     <span class='ocr_line' id='line_1_36' title="bbox 738 3311 2323 3385; baseline -0.006 -14"><span class='ocrx_word' id='word_1_235' title='bbox 738 3318 872 3371; x_wconf 79' lang='lat' dir='ltr'><strong>Cum</strong></span> <span class='ocrx_word' id='word_1_236' title='bbox 913 3316 1076 3385; x_wconf 90' lang='lat' dir='ltr'><strong>igitur</strong></span> <span class='ocrx_word' id='word_1_237' title='bbox 1102 3314 1299 3367; x_wconf 86' lang='lat' dir='ltr'><strong>viderit</strong></span> <span class='ocrx_word' id='word_1_238' title='bbox 1336 3312 1447 3365; x_wconf 88' lang='lat' dir='ltr'><strong>illic</strong></span> <span class='ocrx_word' id='word_1_239' title='bbox 1473 3311 1952 3379; x_wconf 86' lang='lat' dir='ltr'><strong>pulchritudinem,</strong></span> <span class='ocrx_word' id='word_1_240' title='bbox 1994 3325 2154 3377; x_wconf 89' lang='lat' dir='ltr'><strong>quam</strong></span> <span class='ocrx_word' id='word_1_241' title='bbox 2194 3322 2323 3362; x_wconf 93' lang='lat' dir='ltr'><strong>tunc</strong></span> 
     </span>
    </p>
   </div>
   <div class='ocr_carea' id='block_1_37' title="bbox 740 3400 2323 3472">
    <p class='ocr_par' dir='ltr' id='par_1_37' title="bbox 740 3400 2323 3472">
     <span class='ocr_line' id='line_1_37' title="bbox 740 3400 2323 3472; baseline -0.004 -15"><span class='ocrx_word' id='word_1_242' title='bbox 740 3422 868 3461; x_wconf 70' lang='lat' dir='ltr'><strong>vere</strong></span> <span class='ocrx_word' id='word_1_243' title='bbox 915 3405 1229 3472; x_wconf 72' lang='lat' dir='ltr'><strong>descripsit,</strong></span> <span class='ocrx_word' id='word_1_244' title='bbox 1275 3404 1417 3455; x_wconf 89' lang='lat' dir='ltr'><strong>intra</strong></span> <span class='ocrx_word' id='word_1_245' title='bbox 1469 3412 1705 3455; x_wconf 89' lang='lat' dir='ltr'><strong>mentem</strong></span> <span class='ocrx_word' id='word_1_246' title='bbox 1761 3400 1997 3453; x_wconf 82' lang='lat' dir='ltr'><strong>divinam</strong></span> <span class='ocrx_word' id='word_1_247' title='bbox 2037 3401 2323 3453; x_wconf 84' lang='lat' dir='ltr'><strong>abscondi-</strong></span> 
     </span>
    </p>
   </div>
   <div class='ocr_carea' id='block_1_38' title="bbox 742 3489 2323 3558">
    <p class='ocr_par' dir='ltr' id='par_1_38' title="bbox 742 3489 2323 3558">
     <span class='ocr_line' id='line_1_38' title="bbox 742 3489 2323 3558; baseline -0.003 -12"><span class='ocrx_word' id='word_1_248' title='bbox 742 3506 889 3558; x_wconf 88' lang='lat' dir='ltr'><strong>tam,</strong></span> <span class='ocrx_word' id='word_1_249' title='bbox 936 3493 1211 3546; x_wconf 90' lang='lat' dir='ltr'><strong>desiderat</strong></span> <span class='ocrx_word' id='word_1_250' title='bbox 1257 3500 1311 3545; x_wconf 91' lang='lat' dir='ltr'><strong>et</strong></span> <span class='ocrx_word' id='word_1_251' title='bbox 1354 3492 1551 3556; x_wconf 85' lang='lat' dir='ltr'><strong>gaudet</strong></span> <span class='ocrx_word' id='word_1_252' title='bbox 1604 3491 1707 3543; x_wconf 92' lang='lat' dir='ltr'><strong>hoc</strong></span> <span class='ocrx_word' id='word_1_253' title='bbox 1759 3489 2068 3557; x_wconf 80' lang='lat' dir='ltr'><strong>SpCClaCUIO</strong></span> <span class='ocrx_word' id='word_1_254' title='bbox 2103 3528 2118 3552; x_wconf 93' lang='lat'><strong>,</strong></span> <span class='ocrx_word' id='word_1_255' title='bbox 2166 3500 2219 3542; x_wconf 91' lang='lat' dir='ltr'><strong>et</strong></span> <span class='ocrx_word' id='word_1_256' title='bbox 2266 3502 2323 3541; x_wconf 91' lang='lat' dir='ltr'><strong>se</strong></span> 
     </span>
    </p>
   </div>
   <div class='ocr_carea' id='block_1_39' title="bbox 742 3580 2325 3653">
    <p class='ocr_par' dir='ltr' id='par_1_39' title="bbox 742 3580 2325 3653">
     <span class='ocr_line' id='line_1_39' title="bbox 742 3580 2325 3653; baseline -0.005 -15"><span class='ocrx_word' id='word_1_257' title='bbox 742 3585 915 3653; x_wconf 83' lang='lat' dir='ltr'><strong>ipsam</strong></span> <span class='ocrx_word' id='word_1_258' title='bbox 960 3583 1249 3651; x_wconf 90' lang='lat' dir='ltr'><strong>splendore</strong></span> <span class='ocrx_word' id='word_1_259' title='bbox 1292 3582 1625 3647; x_wconf 89' lang='lat' dir='ltr'><strong>scientiaque</strong></span> <span class='ocrx_word' id='word_1_260' title='bbox 1651 3581 1889 3641; x_wconf 77' lang='lat' dir='ltr'><strong>elevans,</strong></span> <span class='ocrx_word' id='word_1_261' title='bbox 1926 3594 2046 3632; x_wconf 91' lang='lat' dir='ltr'><strong>cum</strong></span> <span class='ocrx_word' id='word_1_262' title='bbox 2080 3580 2179 3631; x_wconf 92' lang='lat' dir='ltr'><strong>hoc</strong></span> <span class='ocrx_word' id='word_1_263' title='bbox 2207 3580 2325 3631; x_wconf 91' lang='lat' dir='ltr'><strong>loco</strong></span> 
     </span>
    </p>
   </div>
   <div class='ocr_carea' id='block_1_40' title="bbox 742 3668 2326 3743">
    <p class='ocr_par' dir='ltr' id='par_1_40' title="bbox 742 3668 2326 3743">
     <span class='ocr_line' id='line_1_40' title="bbox 742 3668 2326 3743; baseline -0.006 -13"><span class='ocrx_word' id='word_1_264' title='bbox 742 3676 1070 3743; x_wconf 89' lang='lat' dir='ltr'><strong>conjungere</strong></span> <span class='ocrx_word' id='word_1_265' title='bbox 1096 3673 1332 3726; x_wconf 88' lang='lat' dir='ltr'><strong>festinat.</strong></span> <span class='ocrx_word' id='word_1_266' title='bbox 1384 3670 1512 3723; x_wconf 85' lang='lat' dir='ltr'><strong>Tale</strong></span> <span class='ocrx_word' id='word_1_267' title='bbox 1544 3670 1671 3738; x_wconf 90' lang='lat' dir='ltr'><strong>quid</strong></span> <span class='ocrx_word' id='word_1_268' title='bbox 1713 3671 1842 3723; x_wconf 92' lang='lat' dir='ltr'><strong>mihi</strong></span> <span class='ocrx_word' id='word_1_269' title='bbox 1882 3669 1935 3721; x_wconf 92' lang='lat' dir='ltr'><strong>in</strong></span> <span class='ocrx_word' id='word_1_270' title='bbox 1982 3668 2326 3721; x_wconf 89' lang='lat' dir='ltr'><strong>adolescente</strong></span> 
     </span>
    </p>
   </div>
   <div class='ocr_carea' id='block_1_41' title="bbox 744 3761 2325 3833">
    <p class='ocr_par' dir='ltr' id='par_1_41' title="bbox 744 3761 2325 3833">
     <span class='ocr_line' id='line_1_41' title="bbox 744 3761 2325 3833; baseline -0.005 -12"><span class='ocrx_word' id='word_1_271' title='bbox 744 3769 965 3823; x_wconf 87' lang='lat' dir='ltr'><strong>accidit.</strong></span> <span class='ocrx_word' id='word_1_272' title='bbox 1003 3766 1136 3819; x_wconf 79' lang='lat' dir='ltr'><strong>Nam</strong></span> <span class='ocrx_word' id='word_1_273' title='bbox 1171 3765 1335 3819; x_wconf 90' lang='lat' dir='ltr'><strong>veluti</strong></span> <span class='ocrx_word' id='word_1_274' title='bbox 1385 3764 1437 3817; x_wconf 92' lang='lat' dir='ltr'><strong>in</strong></span> <span class='ocrx_word' id='word_1_275' title='bbox 1474 3763 1693 3833; x_wconf 89' lang='lat' dir='ltr'><strong>speculo</strong></span> <span class='ocrx_word' id='word_1_276' title='bbox 1722 3762 1883 3831; x_wconf 85' lang='lat' dir='ltr'><strong>hujus</strong></span> <span class='ocrx_word' id='word_1_277' title='bbox 1912 3761 1965 3814; x_wconf 91' lang='lat' dir='ltr'><strong>in</strong></span> <span class='ocrx_word' id='word_1_278' title='bbox 1993 3762 2178 3814; x_wconf 89' lang='lat' dir='ltr'><strong>animo</strong></span> <span class='ocrx_word' id='word_1_279' title='bbox 2204 3775 2325 3829; x_wconf 89' lang='lat' dir='ltr'><strong>spe-</strong></span> 
     </span>
    </p>
   </div>
   <div class='ocr_carea' id='block_1_42' title="bbox 743 3850 2326 3921">
    <p class='ocr_par' dir='ltr' id='par_1_42' title="bbox 743 3850 2326 3921">
     <span class='ocr_line' id='line_1_42' title="bbox 743 3850 2326 3921; baseline -0.005 -10"><span class='ocrx_word' id='word_1_280' title='bbox 743 3859 879 3912; x_wconf 87' lang='lat' dir='ltr'><strong>ciem</strong></span> <span class='ocrx_word' id='word_1_281' title='bbox 932 3857 1096 3910; x_wconf 91' lang='lat' dir='ltr'><strong>animi</strong></span> <span class='ocrx_word' id='word_1_282' title='bbox 1135 3855 1237 3908; x_wconf 91' lang='lat' dir='ltr'><strong>mei</strong></span> <span class='ocrx_word' id='word_1_283' title='bbox 1288 3865 1639 3921; x_wconf 86' lang='lat' dir='ltr'><strong>apparentem</strong></span> <span class='ocrx_word' id='word_1_284' title='bbox 1674 3852 1880 3915; x_wconf 89' lang='lat' dir='ltr'><strong>videns,</strong></span> <span class='ocrx_word' id='word_1_285' title='bbox 1930 3865 1991 3904; x_wconf 90' lang='lat' dir='ltr'><strong>ea</strong></span> <span class='ocrx_word' id='word_1_286' title='bbox 2030 3866 2148 3903; x_wconf 92' lang='lat' dir='ltr'><strong>sum</strong></span> <span class='ocrx_word' id='word_1_287' title='bbox 2181 3850 2326 3903; x_wconf 88' lang='lat' dir='ltr'><strong>dele-</strong></span> 
     </span>
    </p>
   </div>
   <div class='ocr_carea' id='block_1_43' title="bbox 743 3940 2325 4008">
    <p class='ocr_par' dir='ltr' id='par_1_43' title="bbox 743 3940 2325 4008">
     <span class='ocr_line' id='line_1_43' title="bbox 743 3940 2325 4008; baseline -0.005 -8"><span class='ocrx_word' id='word_1_288' title='bbox 743 3957 942 4007; x_wconf 86' lang='lat' dir='ltr'><strong>ctatus,</strong></span> <span class='ocrx_word' id='word_1_289' title='bbox 987 3955 1041 3998; x_wconf 92' lang='lat' dir='ltr'><strong>et</strong></span> <span class='ocrx_word' id='word_1_290' title='bbox 1086 3945 1208 3997; x_wconf 87' lang='lat' dir='ltr'><strong>ideo</strong></span> <span class='ocrx_word' id='word_1_291' title='bbox 1259 3942 1457 4003; x_wconf 89' lang='lat' dir='ltr'><strong>amavi,</strong></span> <span class='ocrx_word' id='word_1_292' title='bbox 1490 3951 1543 3994; x_wconf 89' lang='lat' dir='ltr'><strong>et</strong></span> <span class='ocrx_word' id='word_1_293' title='bbox 1582 3942 1734 4007; x_wconf 88' lang='lat' dir='ltr'><strong>quasi</strong></span> <span class='ocrx_word' id='word_1_294' title='bbox 1781 3942 2009 3994; x_wconf 88' lang='lat' dir='ltr'><strong>alterum</strong></span> <span class='ocrx_word' id='word_1_295' title='bbox 2048 3955 2133 3993; x_wconf 91' lang='lat' dir='ltr'><strong>me</strong></span> <span class='ocrx_word' id='word_1_296' title='bbox 2167 3940 2325 4008; x_wconf 86' lang='lat' dir='ltr'><strong>hujus</strong></span> 
     </span>
    </p>
   </div>
   <div class='ocr_carea' id='block_1_44' title="bbox 745 4031 2325 4102">
    <p class='ocr_par' dir='ltr' id='par_1_44' title="bbox 745 4031 2325 4102">
     <span class='ocr_line' id='line_1_44' title="bbox 745 4031 2325 4102; baseline -0.006 -11"><span class='ocrx_word' id='word_1_297' title='bbox 745 4039 987 4091; x_wconf 85' lang='lat' dir='ltr'><strong>animum</strong></span> <span class='ocrx_word' id='word_1_298' title='bbox 1050 4033 1295 4102; x_wconf 67' lang='lat' dir='ltr'><strong>qumsivi.</strong></span> <span class='ocrx_word' id='word_1_299' title='bbox 1351 4031 1526 4085; x_wconf 88' lang='lat' dir='ltr'><strong>Probe</strong></span> <span class='ocrx_word' id='word_1_300' title='bbox 1590 4042 1769 4099; x_wconf 87' lang='lat' dir='ltr'><strong>potest</strong></span> <span class='ocrx_word' id='word_1_301' title='bbox 1810 4033 1991 4085; x_wconf 83' lang='lat' dir='ltr'><strong>omnia</strong></span> <span class='ocrx_word' id='word_1_302' title='bbox 2061 4031 2325 4085; x_wconf 89' lang='lat' dir='ltr'><strong>memoria</strong></span> 
     </span>
    </p>
   </div>
   <div class='ocr_carea' id='block_1_45' title="bbox 744 4123 2327 4195">
    <p class='ocr_par' dir='ltr' id='par_1_45' title="bbox 744 4123 2327 4195">
     <span class='ocr_line' id='line_1_45' title="bbox 744 4123 2327 4195; baseline -0.004 -13"><span class='ocrx_word' id='word_1_303' title='bbox 744 4128 1039 4190; x_wconf 87' lang='lat' dir='ltr'><strong>custodire,</strong></span> <span class='ocrx_word' id='word_1_304' title='bbox 1099 4138 1435 4195; x_wconf 77' lang='lat' dir='ltr'><strong>quzecunque</strong></span> <span class='ocrx_word' id='word_1_305' title='bbox 1495 4125 1594 4177; x_wconf 90' lang='lat' dir='ltr'><strong>sub</strong></span> <span class='ocrx_word' id='word_1_306' title='bbox 1660 4124 1794 4175; x_wconf 88' lang='lat' dir='ltr'><strong>duce</strong></span> <span class='ocrx_word' id='word_1_307' title='bbox 1857 4124 2084 4191; x_wconf 89' lang='lat' dir='ltr'><strong>gesserit</strong></span> <span class='ocrx_word' id='word_1_308' title='bbox 2146 4123 2327 4176; x_wconf 90' lang='lat' dir='ltr'><strong>animo</strong></span> 
     </span>
    </p>
   </div>
   <div class='ocr_carea' id='block_1_46' title="bbox 746 4213 2329 4288">
    <p class='ocr_par' dir='ltr' id='par_1_46' title="bbox 746 4213 2329 4288">
     <span class='ocr_line' id='line_1_46' title="bbox 746 4213 2329 4288; baseline -0.004 -15"><span class='ocrx_word' id='word_1_309' title='bbox 746 4218 1122 4288; x_wconf 82' lang='lat' dir='ltr'><strong>philosOphus,</strong></span> <span class='ocrx_word' id='word_1_310' title='bbox 1154 4218 1493 4270; x_wconf 84' lang='lat' dir='ltr'><strong>orationibus</strong></span> <span class='ocrx_word' id='word_1_311' title='bbox 1526 4230 1632 4268; x_wconf 90' lang='lat' dir='ltr'><strong>non</strong></span> <span class='ocrx_word' id='word_1_312' title='bbox 1665 4213 1750 4267; x_wconf 86' lang='lat' dir='ltr'><strong>his</strong></span> <span class='ocrx_word' id='word_1_313' title='bbox 1790 4214 1971 4277; x_wconf 87' lang='lat' dir='ltr'><strong>modo,</strong></span> <span class='ocrx_word' id='word_1_314' title='bbox 2003 4215 2094 4269; x_wconf 90' lang='lat' dir='ltr'><strong>sed</strong></span> <span class='ocrx_word' id='word_1_315' title='bbox 2128 4224 2181 4267; x_wconf 89' lang='lat' dir='ltr'><strong>et</strong></span> <span class='ocrx_word' id='word_1_316' title='bbox 2211 4228 2329 4266; x_wconf 89' lang='lat' dir='ltr'><strong>om-</strong></span> 
     </span>
    </p>
   </div>
   <div class='ocr_carea' id='block_1_47' title="bbox 745 4307 2328 4379">
    <p class='ocr_par' dir='ltr' id='par_1_47' title="bbox 745 4307 2328 4379">
     <span class='ocr_line' id='line_1_47' title="bbox 745 4307 2328 4379; baseline -0.004 -14"><span class='ocrx_word' id='word_1_317' title='bbox 745 4313 927 4372; x_wconf 90' lang='lat' dir='ltr'><strong>nibus,</strong></span> <span class='ocrx_word' id='word_1_318' title='bbox 984 4324 1101 4378; x_wconf 70' lang='lat' dir='ltr'><strong>quze</strong></span> <span class='ocrx_word' id='word_1_319' title='bbox 1148 4324 1177 4362; x_wconf 93' lang='lat' dir='ltr'><strong>e</strong></span> <span class='ocrx_word' id='word_1_320' title='bbox 1207 4309 1502 4373; x_wconf 81' lang='lat' dir='ltr'><strong>Musarum,</strong></span> <span class='ocrx_word' id='word_1_321' title='bbox 1550 4320 1606 4363; x_wconf 95' lang='lat' dir='ltr'><strong>et</strong></span> <span class='ocrx_word' id='word_1_322' title='bbox 1653 4310 1919 4379; x_wconf 84' lang='lat' dir='ltr'><strong>Apollinis</strong></span> <span class='ocrx_word' id='word_1_323' title='bbox 1963 4309 2133 4377; x_wconf 86' lang='lat' dir='ltr'><strong>pratis</strong></span> <span class='ocrx_word' id='word_1_324' title='bbox 2161 4307 2328 4376; x_wconf 83' lang='lat' dir='ltr'><strong>pullu-</strong></span> 
     </span>
    </p>
   </div>
   <div class='ocr_carea' id='block_1_48' title="bbox 745 4399 2327 4467">
    <p class='ocr_par' dir='ltr' id='par_1_48' title="bbox 745 4399 2327 4467">
     <span class='ocr_line' id='line_1_48' title="bbox 745 4399 2327 4467; baseline -0.003 -11"><span class='ocrx_word' id='word_1_325' title='bbox 745 4405 877 4456; x_wconf 84' lang='lat' dir='ltr'><strong>lant.</strong></span> <span class='ocrx_word' id='word_1_326' title='bbox 920 4400 1075 4456; x_wconf 89' lang='lat' dir='ltr'><strong>Unde</strong></span> <span class='ocrx_word' id='word_1_327' title='bbox 1108 4401 1288 4455; x_wconf 88' lang='lat' dir='ltr'><strong>onmis</strong></span> <span class='ocrx_word' id='word_1_328' title='bbox 1314 4402 1573 4453; x_wconf 70' lang='lat' dir='ltr'><strong>doctrinae</strong></span> <span class='ocrx_word' id='word_1_329' title='bbox 1604 4399 1811 4454; x_wconf 84' lang='lat' dir='ltr'><strong>fructus</strong></span> <span class='ocrx_word' id='word_1_330' title='bbox 1859 4400 2171 4467; x_wconf 88' lang='lat' dir='ltr'><strong>discerpcns</strong></span> <span class='ocrx_word' id='word_1_331' title='bbox 2205 4406 2327 4452; x_wconf 91' lang='lat' dir='ltr'><strong>tan-</strong></span> 
     </span>
    </p>
   </div>
   <div class='ocr_carea' id='block_1_49' title="bbox 746 4488 2404 4582">
    <p class='ocr_par' dir='ltr' id='par_1_49' title="bbox 746 4488 2404 4582">
     <span class='ocr_line' id='line_1_49' title="bbox 746 4488 2404 4582; baseline -0.002 -39"><span class='ocrx_word' id='word_1_332' title='bbox 746 4506 908 4562; x_wconf 86' lang='lat' dir='ltr'><strong>quam</strong></span> <span class='ocrx_word' id='word_1_333' title='bbox 938 4490 1083 4543; x_wconf 85' lang='lat' dir='ltr'><strong>veris</strong></span> <span class='ocrx_word' id='word_1_334' title='bbox 1136 4488 1419 4552; x_wconf 86' lang='lat' dir='ltr'><strong>corollam,</strong></span> <span class='ocrx_word' id='word_1_335' title='bbox 1474 4489 1558 4541; x_wconf 90' lang='lat' dir='ltr'><strong>his</strong></span> <span class='ocrx_word' id='word_1_336' title='bbox 1599 4489 1841 4541; x_wconf 90' lang='lat' dir='ltr'><strong>animum</strong></span> <span class='ocrx_word' id='word_1_337' title='bbox 1890 4504 2046 4541; x_wconf 89' lang='lat' dir='ltr'><strong>suum</strong></span> <span class='ocrx_word' id='word_1_338' title='bbox 2088 4489 2322 4541; x_wconf 90' lang='lat' dir='ltr'><strong>ornavit.</strong></span> <span class='ocrx_word' id='word_1_339' title='bbox 2357 4526 2404 4582; x_wconf 67' lang='grc' dir='ltr'><strong>Β</strong></span> 
     </span>
    </p>
   </div>
   <div class='ocr_carea' id='block_1_50' title="bbox 748 4577 2325 4647">
    <p class='ocr_par' dir='ltr' id='par_1_50' title="bbox 748 4577 2325 4647">
     <span class='ocr_line' id='line_1_50' title="bbox 748 4577 2325 4647; baseline -0.002 -12"><span class='ocrx_word' id='word_1_340' title='bbox 748 4584 806 4635; x_wconf 73' lang='lat' dir='ltr'><strong>Si</strong></span> <span class='ocrx_word' id='word_1_341' title='bbox 836 4582 1017 4635; x_wconf 91' lang='lat' dir='ltr'><strong>dicere</strong></span> <span class='ocrx_word' id='word_1_342' title='bbox 1068 4593 1291 4633; x_wconf 88' lang='lat' dir='ltr'><strong>necesse</strong></span> <span class='ocrx_word' id='word_1_343' title='bbox 1343 4577 1527 4641; x_wconf 90' lang='lat' dir='ltr'><strong>fuerit,</strong></span> <span class='ocrx_word' id='word_1_344' title='bbox 1562 4593 1629 4633; x_wconf 91' lang='lat' dir='ltr'><strong>ne</strong></span> <span class='ocrx_word' id='word_1_345' title='bbox 1672 4579 1902 4645; x_wconf 92' lang='lat' dir='ltr'><strong>amplius</strong></span> <span class='ocrx_word' id='word_1_346' title='bbox 1933 4593 2145 4646; x_wconf 68' lang='lat' dir='ltr'><strong>quaeras</strong></span> <span class='ocrx_word' id='word_1_347' title='bbox 2170 4580 2325 4647; x_wconf 75' lang='lat' dir='ltr'><strong>cujus</strong></span> 
     </span>
    </p>
   </div>
   <div class='ocr_carea' id='block_1_51' title="bbox 746 4670 2332 4739">
    <p class='ocr_par' dir='ltr' id='par_1_51' title="bbox 746 4670 2332 4739">
     <span class='ocr_line' id='line_1_51' title="bbox 746 4670 2332 4739; baseline -0.004 -11"><span class='ocrx_word' id='word_1_348' title='bbox 746 4676 819 4728; x_wconf 87' lang='lat' dir='ltr'><strong>sit</strong></span> <span class='ocrx_word' id='word_1_349' title='bbox 842 4672 1011 4737; x_wconf 84' lang='lat' dir='ltr'><strong>filius,</strong></span> <span class='ocrx_word' id='word_1_350' title='bbox 1044 4682 1098 4726; x_wconf 91' lang='lat' dir='ltr'><strong>et</strong></span> <span class='ocrx_word' id='word_1_351' title='bbox 1130 4674 1193 4725; x_wconf 87' lang='lat' dir='ltr'><strong>ad</strong></span> <span class='ocrx_word' id='word_1_352' title='bbox 1221 4686 1379 4739; x_wconf 90' lang='lat' dir='ltr'><strong>quem</strong></span> <span class='ocrx_word' id='word_1_353' title='bbox 1416 4672 1683 4737; x_wconf 86' lang='lat' dir='ltr'><strong>pertineat</strong></span> <span class='ocrx_word' id='word_1_354' title='bbox 1712 4688 1726 4723; x_wconf 89' lang='lat'><strong>:</strong></span> <span class='ocrx_word' id='word_1_355' title='bbox 1760 4671 1840 4724; x_wconf 90' lang='lat' dir='ltr'><strong>sic</strong></span> <span class='ocrx_word' id='word_1_356' title='bbox 1872 4672 2100 4739; x_wconf 90' lang='lat' dir='ltr'><strong>primam</strong></span> <span class='ocrx_word' id='word_1_357' title='bbox 2142 4670 2332 4738; x_wconf 86' lang='lat' dir='ltr'><strong>imagi-</strong></span> 
     </span>
    </p>
   </div>
   <div class='ocr_carea' id='block_1_52' title="bbox 746 4760 2329 4831">
    <p class='ocr_par' dir='ltr' id='par_1_52' title="bbox 746 4760 2329 4831">
     <span class='ocr_line' id='line_1_52' title="bbox 746 4760 2329 4831; baseline -0.006 -9"><span class='ocrx_word' id='word_1_358' title='bbox 746 4783 869 4822; x_wconf 91' lang='lat' dir='ltr'><strong>nem</strong></span> <span class='ocrx_word' id='word_1_359' title='bbox 905 4765 1214 4820; x_wconf 85' lang='lat' dir='ltr'><strong>accuratius</strong></span> <span class='ocrx_word' id='word_1_360' title='bbox 1260 4778 1421 4831; x_wconf 90' lang='lat' dir='ltr'><strong>quam</strong></span> <span class='ocrx_word' id='word_1_361' title='bbox 1467 4763 1645 4830; x_wconf 90' lang='lat' dir='ltr'><strong>quivis</strong></span> <span class='ocrx_word' id='word_1_362' title='bbox 1685 4762 1859 4831; x_wconf 92' lang='lat' dir='ltr'><strong>pictor</strong></span> <span class='ocrx_word' id='word_1_363' title='bbox 1906 4761 2195 4829; x_wconf 77' lang='lat' dir='ltr'><strong>expressit.</strong></span> <span class='ocrx_word' id='word_1_364' title='bbox 2227 4760 2329 4813; x_wconf 86' lang='lat' dir='ltr'><strong>Bo-</strong></span> 
     </span>
    </p>
   </div>
   <div class='ocr_carea' id='block_1_53' title="bbox 746 4852 2330 4925">
    <p class='ocr_par' dir='ltr' id='par_1_53' title="bbox 746 4852 2330 4925">
     <span class='ocr_line' id='line_1_53' title="bbox 746 4852 2330 4925; baseline -0.007 -12"><span class='ocrx_word' id='word_1_365' title='bbox 746 4874 849 4913; x_wconf 84' lang='lat' dir='ltr'><strong>nus</strong></span> <span class='ocrx_word' id='word_1_366' title='bbox 901 4858 1117 4925; x_wconf 88' lang='lat' dir='ltr'><strong>quidem</strong></span> <span class='ocrx_word' id='word_1_367' title='bbox 1157 4856 1359 4917; x_wconf 85' lang='lat' dir='ltr'><strong>socius,</strong></span> <span class='ocrx_word' id='word_1_368' title='bbox 1404 4854 1448 4907; x_wconf 86' lang='lat' dir='ltr'><strong>si</strong></span> <span class='ocrx_word' id='word_1_369' title='bbox 1498 4869 1618 4907; x_wconf 91' lang='lat' dir='ltr'><strong>cum</strong></span> <span class='ocrx_word' id='word_1_370' title='bbox 1651 4854 1787 4905; x_wconf 89' lang='lat' dir='ltr'><strong>duce</strong></span> <span class='ocrx_word' id='word_1_371' title='bbox 1836 4853 2183 4919; x_wconf 86' lang='lat' dir='ltr'><strong>pugnandum</strong></span> <span class='ocrx_word' id='word_1_372' title='bbox 2237 4852 2330 4914; x_wconf 89' lang='lat' dir='ltr'><strong>sit,</strong></span> 
     </span>
    </p>
   </div>
   <div class='ocr_carea' id='block_1_54' title="bbox 746 4944 2329 5016">
    <p class='ocr_par' dir='ltr' id='par_1_54' title="bbox 746 4944 2329 5016">
     <span class='ocr_line' id='line_1_54' title="bbox 746 4944 2329 5016; baseline -0.004 -12"><span class='ocrx_word' id='word_1_373' title='bbox 746 4951 920 5004; x_wconf 84' lang='lat' dir='ltr'><strong>bonus</strong></span> <span class='ocrx_word' id='word_1_374' title='bbox 946 4949 1111 5003; x_wconf 90' lang='lat' dir='ltr'><strong>etiam</strong></span> <span class='ocrx_word' id='word_1_375' title='bbox 1137 4963 1232 5002; x_wconf 90' lang='lat' dir='ltr'><strong>sua</strong></span> <span class='ocrx_word' id='word_1_376' title='bbox 1268 4957 1479 5016; x_wconf 87' lang='lat' dir='ltr'><strong>sponte.</strong></span> <span class='ocrx_word' id='word_1_377' title='bbox 1525 4945 1675 4999; x_wconf 85' lang='lat' dir='ltr'><strong>Juste</strong></span> <span class='ocrx_word' id='word_1_378' title='bbox 1709 4946 1873 5014; x_wconf 90' lang='lat' dir='ltr'><strong>igitur</strong></span> <span class='ocrx_word' id='word_1_379' title='bbox 1903 4953 2072 5013; x_wconf 70' lang='lat' dir='ltr'><strong>poeta:</strong></span> <span class='ocrx_word' id='word_1_380' title='bbox 2104 4944 2237 5013; x_wconf 64' lang='lat' dir='ltr'><strong>(l7),</strong></span> <span class='ocrx_word' id='word_1_381' title='bbox 2274 4954 2329 4997; x_wconf 92' lang='lat' dir='ltr'><strong>et</strong></span> 
     </span>
    </p>
   </div>
   <div class='ocr_carea' id='block_1_55' title="bbox 748 5036 2323 5109">
    <p class='ocr_par' dir='ltr' id='par_1_55' title="bbox 748 5036 2323 5109">
     <span class='ocr_line' id='line_1_55' title="bbox 748 5036 2323 5109; baseline -0.004 -14"><span class='ocrx_word' id='word_1_382' title='bbox 748 5056 870 5095; x_wconf 89' lang='lat' dir='ltr'><strong>cum</strong></span> <span class='ocrx_word' id='word_1_383' title='bbox 913 5041 979 5095; x_wconf 84' lang='lat' dir='ltr'><strong>iis</strong></span> <span class='ocrx_word' id='word_1_384' title='bbox 1026 5040 1264 5109; x_wconf 89' lang='lat' dir='ltr'><strong>pictores</strong></span> <span class='ocrx_word' id='word_1_385' title='bbox 1307 5048 1363 5092; x_wconf 90' lang='lat' dir='ltr'><strong>et</strong></span> <span class='ocrx_word' id='word_1_386' title='bbox 1419 5038 1635 5091; x_wconf 83' lang='lat' dir='ltr'><strong>ﬁctores</strong></span> <span class='ocrx_word' id='word_1_387' title='bbox 1688 5036 1935 5104; x_wconf 90' lang='lat' dir='ltr'><strong>Cupidini</strong></span> <span class='ocrx_word' id='word_1_388' title='bbox 1989 5045 2323 5089; x_wconf 85' lang='lat' dir='ltr'><strong>senectutem</strong></span> 
     </span>
    </p>
   </div>
   <div class='ocr_carea' id='block_1_56' title="bbox 750 5126 2325 5199">
    <p class='ocr_par' dir='ltr' id='par_1_56' title="bbox 750 5126 2325 5199">
     <span class='ocr_line' id='line_1_56' title="bbox 750 5126 2325 5199; baseline -0.004 -14"><span class='ocrx_word' id='word_1_389' title='bbox 750 5133 993 5196; x_wconf 87' lang='lat' dir='ltr'><strong>demunt,</strong></span> <span class='ocrx_word' id='word_1_390' title='bbox 1050 5130 1304 5199; x_wconf 82' lang='lat' dir='ltr'><strong>juvenem</strong></span> <span class='ocrx_word' id='word_1_391' title='bbox 1362 5128 1507 5183; x_wconf 86' lang='lat' dir='ltr'><strong>hunc</strong></span> <span class='ocrx_word' id='word_1_392' title='bbox 1573 5129 1753 5191; x_wconf 88' lang='lat' dir='ltr'><strong>deum,</strong></span> <span class='ocrx_word' id='word_1_393' title='bbox 1824 5137 1879 5180; x_wconf 88' lang='lat' dir='ltr'><strong>el.</strong></span> <span class='ocrx_word' id='word_1_394' title='bbox 1942 5126 2325 5195; x_wconf 88' lang='lat' dir='ltr'><strong>pubescentem</strong></span> 
     </span>
    </p>
   </div>
   <div class='ocr_carea' id='block_1_57' title="bbox 2402 591 4001 659">
    <p class='ocr_par' dir='ltr' id='par_1_57' title="bbox 2402 591 4001 659">
     <span class='ocr_line' id='line_1_57' title="bbox 2402 591 4001 659; baseline 0.001 -18"><span class='ocrx_word' id='word_1_395' title='bbox 2402 593 2494 643; x_wconf 70' lang='grc' dir='ltr'><strong>καὶ</strong></span> <span class='ocrx_word' id='word_1_396' title='bbox 2536 591 2821 657; x_wconf 74' lang='grc' dir='ltr'><strong>ἀγελαίους</strong></span> <span class='ocrx_word' id='word_1_397' title='bbox 2872 591 3047 659; x_wconf 79' lang='grc' dir='ltr'>ψυχὰς</span> <span class='ocrx_word' id='word_1_398' title='bbox 3104 594 3216 653; x_wconf 86' lang='grc' dir='ltr'>τοῖς</span> <span class='ocrx_word' id='word_1_399' title='bbox 3270 594 3572 659; x_wconf 81' lang='grc' dir='ltr'>πανδήμοις</span> <span class='ocrx_word' id='word_1_400' title='bbox 3625 594 3838 659; x_wconf 84' lang='grc' dir='ltr'>Ἔρωσι</span> <span class='ocrx_word' id='word_1_401' title='bbox 3884 595 4001 653; x_wconf 78' lang='grc' dir='ltr'>τοῖς</span> 
     </span>
    </p>
   </div>
   <div class='ocr_carea' id='block_1_58' title="bbox 2402 679 4002 749">
    <p class='ocr_par' dir='ltr' id='par_1_58' title="bbox 2402 679 4002 749">
     <span class='ocr_line' id='line_1_58' title="bbox 2402 679 4002 749; baseline 0.001 -19"><span class='ocrx_word' id='word_1_402' title='bbox 2402 681 2510 731; x_wconf 87' lang='grc' dir='ltr'><strong>τῶν</strong></span> <span class='ocrx_word' id='word_1_403' title='bbox 2545 679 2793 747; x_wconf 80' lang='grc' dir='ltr'><strong>Νυμφῶν</strong></span> <span class='ocrx_word' id='word_1_404' title='bbox 2822 682 2981 731; x_wconf 74' lang='grc' dir='ltr'>παισὶ</span> <span class='ocrx_word' id='word_1_405' title='bbox 3025 682 3335 749; x_wconf 77' lang='grc' dir='ltr'><strong>ποιμαίνειν</strong></span> <span class='ocrx_word' id='word_1_406' title='bbox 3372 682 3692 749; x_wconf 77' lang='grc' dir='ltr'><strong>ἀπένειμεν,</strong></span> <span class='ocrx_word' id='word_1_407' title='bbox 3727 681 3894 741; x_wconf 77' lang='grc' dir='ltr'>αὐτὸς</span> <span class='ocrx_word' id='word_1_408' title='bbox 3946 682 4002 731; x_wconf 76' lang='grc' dir='ltr'>δὲ</span> 
     </span>
    </p>
   </div>
   <div class='ocr_carea' id='block_1_59' title="bbox 2400 768 4001 839">
    <p class='ocr_par' dir='ltr' id='par_1_59' title="bbox 2400 768 4001 839">
     <span class='ocr_line' id='line_1_59' title="bbox 2400 768 4001 839; baseline 0 -19"><span class='ocrx_word' id='word_1_409' title='bbox 2400 771 2499 831; x_wconf 77' lang='grc' dir='ltr'><strong>τὰς</strong></span> <span class='ocrx_word' id='word_1_410' title='bbox 2529 768 2677 830; x_wconf 87' lang='grc' dir='ltr'>θείας</span> <span class='ocrx_word' id='word_1_411' title='bbox 2710 770 2802 821; x_wconf 70' lang='grc' dir='ltr'><strong>καὶ</strong></span> <span class='ocrx_word' id='word_1_412' title='bbox 2830 771 3090 839; x_wconf 75' lang='grc' dir='ltr'>οὐρανίας</span> <span class='ocrx_word' id='word_1_413' title='bbox 3114 772 3292 839; x_wconf 67' lang='grc' dir='ltr'>ψυχὰς</span> <span class='ocrx_word' id='word_1_414' title='bbox 3319 772 3645 837; x_wconf 77' lang='grc' dir='ltr'>ὲνῳκίσατο,</span> <span class='ocrx_word' id='word_1_415' title='bbox 3666 772 3763 823; x_wconf 80' lang='grc' dir='ltr'>καὶ</span> <span class='ocrx_word' id='word_1_416' title='bbox 3794 770 4001 829; x_wconf 84' lang='grc' dir='ltr'>ταύτας</span> 
     </span>
    </p>
   </div>
   <div class='ocr_carea' id='block_1_60' title="bbox 2404 859 4003 931">
    <p class='ocr_par' dir='ltr' id='par_1_60' title="bbox 2404 859 4003 931">
     <span class='ocr_line' id='line_1_60' title="bbox 2404 859 4003 931; baseline -0.001 -19"><span class='ocrx_word' id='word_1_417' title='bbox 2404 859 2799 925; x_wconf 77' lang='grc' dir='ltr'>ἀναϐακχευων</span> <span class='ocrx_word' id='word_1_418' title='bbox 2834 862 2926 911; x_wconf 74' lang='grc' dir='ltr'><strong>ἐπὶ</strong></span> <span class='ocrx_word' id='word_1_419' title='bbox 2978 862 3174 929; x_wconf 88' lang='grc' dir='ltr'>μανίαν</span> <span class='ocrx_word' id='word_1_420' title='bbox 3208 865 3476 931; x_wconf 77' lang='grc' dir='ltr'>ἐρωτικὴν</span> <span class='ocrx_word' id='word_1_421' title='bbox 3512 862 3682 929; x_wconf 89' lang='grc' dir='ltr'>μυρία</span> <span class='ocrx_word' id='word_1_422' title='bbox 3719 861 3907 927; x_wconf 86' lang='grc' dir='ltr'>ἀγαθά</span> <span class='ocrx_word' id='word_1_423' title='bbox 3941 861 4003 910; x_wconf 74' lang='grc' dir='ltr'><strong>τὸ</strong></span> 
     </span>
    </p>
   </div>
   <div class='ocr_carea' id='block_1_61' title="bbox 2403 949 4003 1022">
    <p class='ocr_par' dir='ltr' id='par_1_61' title="bbox 2403 949 4003 1022">
     <span class='ocr_line' id='line_1_61' title="bbox 2403 949 4003 1022; baseline 0 -21"><span class='ocrx_word' id='word_1_424' title='bbox 2403 950 2511 1002; x_wconf 88' lang='grc' dir='ltr'><strong>τῶν</strong></span> <span class='ocrx_word' id='word_1_425' title='bbox 2563 949 2865 1017; x_wconf 56' lang='grc' dir='ltr'>ἀνθρώπων</span> <span class='ocrx_word' id='word_1_426' title='bbox 2912 953 3067 1017; x_wconf 82' lang='grc' dir='ltr'>γένος</span> <span class='ocrx_word' id='word_1_427' title='bbox 3112 953 3427 1020; x_wconf 82' lang='grc' dir='ltr'>εἰργάσατο.</span> <span class='ocrx_word' id='word_1_428' title='bbox 3476 951 3639 1022; x_wconf 60' lang='lat' dir='ltr'><strong>[MEO</strong></span> <span class='ocrx_word' id='word_1_429' title='bbox 3685 950 3779 1021; x_wconf 65' lang='lat' dir='ltr'><strong>1L]</strong></span> <span class='ocrx_word' id='word_1_430' title='bbox 3833 952 4003 1002; x_wconf 86' lang='grc' dir='ltr'>Ὀταν</span> 
     </span>
    </p>
   </div>
   <div class='ocr_carea' id='block_1_62' title="bbox 2414 1040 4004 1113">
    <p class='ocr_par' dir='ltr' id='par_1_62' title="bbox 2414 1040 4004 1113">
     <span class='ocr_line' id='line_1_62' title="bbox 2414 1040 4004 1113; baseline -0.001 -19"><span class='ocrx_word' id='word_1_431' title='bbox 2414 1044 2513 1111; x_wconf 82' lang='grc' dir='ltr'><strong>μὲν</strong></span> <span class='ocrx_word' id='word_1_432' title='bbox 2541 1040 2633 1097; x_wconf 79' lang='grc' dir='ltr'><strong>οὖν</strong></span> <span class='ocrx_word' id='word_1_433' title='bbox 2672 1044 2783 1113; x_wconf 78' lang='grc' dir='ltr'>ἴδῃς</span> <span class='ocrx_word' id='word_1_434' title='bbox 2813 1046 2934 1096; x_wconf 75' lang='grc' dir='ltr'>τινά</span> <span class='ocrx_word' id='word_1_435' title='bbox 2966 1045 3167 1113; x_wconf 82' lang='grc' dir='ltr'>βραδύν</span> <span class='ocrx_word' id='word_1_436' title='bbox 3200 1062 3258 1096; x_wconf 88' lang='grc' dir='ltr'><strong>τε</strong></span> <span class='ocrx_word' id='word_1_437' title='bbox 3282 1044 3378 1113; x_wconf 83' lang='grc' dir='ltr'>τὴν</span> <span class='ocrx_word' id='word_1_438' title='bbox 3419 1044 3579 1111; x_wconf 73' lang='grc' dir='ltr'>φύσιν</span> <span class='ocrx_word' id='word_1_439' title='bbox 3608 1044 3702 1096; x_wconf 77' lang='grc' dir='ltr'>καὶ</span> <span class='ocrx_word' id='word_1_440' title='bbox 3736 1044 3877 1111; x_wconf 77' lang='grc' dir='ltr'>πρὸς</span> <span class='ocrx_word' id='word_1_441' title='bbox 3917 1060 4004 1107; x_wconf 82' lang='grc' dir='ltr'><strong>φι-</strong></span> 
     </span>
    </p>
   </div>
   <div class='ocr_carea' id='block_1_63' title="bbox 2407 1135 4005 1203">
    <p class='ocr_par' dir='ltr' id='par_1_63' title="bbox 2407 1135 4005 1203">
     <span class='ocr_line' id='line_1_63' title="bbox 2407 1135 4005 1203; baseline -0.001 -18"><span class='ocrx_word' id='word_1_442' title='bbox 2407 1135 2527 1186; x_wconf 90' lang='grc' dir='ltr'>λίαν</span> <span class='ocrx_word' id='word_1_443' title='bbox 2553 1135 2896 1203; x_wconf 74' lang='grc' dir='ltr'>δυσκίνητον,</span> <span class='ocrx_word' id='word_1_444' title='bbox 2932 1135 3126 1203; x_wconf 80' lang='grc' dir='ltr'>νόησον</span> <span class='ocrx_word' id='word_1_445' title='bbox 3148 1136 3231 1187; x_wconf 88' lang='grc' dir='ltr'><strong>δτι</strong></span> <span class='ocrx_word' id='word_1_446' title='bbox 3263 1136 3371 1186; x_wconf 90' lang='grc' dir='ltr'><strong>τῶν</strong></span> <span class='ocrx_word' id='word_1_447' title='bbox 3408 1136 3647 1203; x_wconf 81' lang='grc' dir='ltr'>Ἔρωτος</span> <span class='ocrx_word' id='word_1_448' title='bbox 3678 1135 3894 1186; x_wconf 80' lang='grc' dir='ltr'>ἐκείνου</span> <span class='ocrx_word' id='word_1_449' title='bbox 3923 1136 4005 1197; x_wconf 80' lang='grc' dir='ltr'>ξε-</span> 
     </span>
    </p>
   </div>
   <div class='ocr_carea' id='block_1_64' title="bbox 2407 1220 4002 1291">
    <p class='ocr_par' dir='ltr' id='par_1_64' title="bbox 2407 1220 4002 1291">
     <span class='ocr_line' id='line_1_64' title="bbox 2407 1220 4002 1291; baseline 0 -18"><span class='ocrx_word' id='word_1_450' title='bbox 2407 1223 2533 1274; x_wconf 88' lang='grc' dir='ltr'>νίων</span> <span class='ocrx_word' id='word_1_451' title='bbox 2566 1222 2814 1290; x_wconf 75' lang='grc' dir='ltr'>οὐδαμῶς</span> <span class='ocrx_word' id='word_1_452' title='bbox 2839 1220 2991 1285; x_wconf 73' lang='grc' dir='ltr'>οὗτος</span> <span class='ocrx_word' id='word_1_453' title='bbox 3031 1222 3263 1291; x_wconf 76' lang='grc' dir='ltr'>ἠξίωται</span> <span class='ocrx_word' id='word_1_454' title='bbox 3295 1240 3307 1251; x_wconf 92' lang='grc'><strong>·</strong></span> <span class='ocrx_word' id='word_1_455' title='bbox 3338 1224 3463 1275; x_wconf 88' lang='grc' dir='ltr'>ὃταν</span> <span class='ocrx_word' id='word_1_456' title='bbox 3504 1224 3559 1274; x_wconf 77' lang='grc' dir='ltr'>δὲ</span> <span class='ocrx_word' id='word_1_457' title='bbox 3596 1224 3721 1286; x_wconf 75' lang='grc' dir='ltr'>ὀξὺν</span> <span class='ocrx_word' id='word_1_458' title='bbox 3754 1224 3852 1273; x_wconf 76' lang='grc' dir='ltr'><strong>καὶ</strong></span> <span class='ocrx_word' id='word_1_459' title='bbox 3878 1223 4002 1291; x_wconf 82' lang='grc' dir='ltr'>θερ-</span> 
     </span>
    </p>
   </div>
   <div class='ocr_carea' id='block_1_65' title="bbox 2413 1311 4004 1382">
    <p class='ocr_par' dir='ltr' id='par_1_65' title="bbox 2413 1311 4004 1382">
     <span class='ocr_line' id='line_1_65' title="bbox 2413 1311 4004 1382; baseline -0.003 -18"><span class='ocrx_word' id='word_1_460' title='bbox 2413 1313 2510 1381; x_wconf 85' lang='grc' dir='ltr'><strong>μὸν</strong></span> <span class='ocrx_word' id='word_1_461' title='bbox 2546 1311 2646 1380; x_wconf 84' lang='grc' dir='ltr'>τὴν</span> <span class='ocrx_word' id='word_1_462' title='bbox 2702 1311 2929 1382; x_wconf 79' lang='grc' dir='ltr'>γνώμην</span> <span class='ocrx_word' id='word_1_463' title='bbox 2986 1314 3079 1364; x_wconf 83' lang='grc' dir='ltr'>καὶ</span> <span class='ocrx_word' id='word_1_464' title='bbox 3134 1313 3332 1381; x_wconf 79' lang='grc' dir='ltr'>φλογὸς</span> <span class='ocrx_word' id='word_1_465' title='bbox 3381 1312 3535 1377; x_wconf 77' lang='grc' dir='ltr'>δίκην</span> <span class='ocrx_word' id='word_1_466' title='bbox 3588 1312 3676 1363; x_wconf 78' lang='grc' dir='ltr'><strong>ἐπ’</strong></span> <span class='ocrx_word' id='word_1_467' title='bbox 3729 1312 4004 1379; x_wconf 69' lang='grc' dir='ltr'>ἐρωτικὴν</span> 
     </span>
    </p>
   </div>
   <div class='ocr_carea' id='block_1_66' title="bbox 2410 1397 4007 1473">
    <p class='ocr_par' dir='ltr' id='par_1_66' title="bbox 2410 1397 4007 1473">
     <span class='ocr_line' id='line_1_66' title="bbox 2410 1397 4007 1473; baseline -0.002 -19"><span class='ocrx_word' id='word_1_468' title='bbox 2410 1404 2592 1473; x_wconf 78' lang='grc' dir='ltr'>φιλίαν</span> <span class='ocrx_word' id='word_1_469' title='bbox 2632 1405 2859 1456; x_wconf 84' lang='grc' dir='ltr'>ἀττοντα</span> <span class='ocrx_word' id='word_1_470' title='bbox 2904 1404 2970 1469; x_wconf 79' lang='grc'><strong>⁸⁸,</strong></span> <span class='ocrx_word' id='word_1_471' title='bbox 3006 1404 3197 1473; x_wconf 85' lang='grc' dir='ltr'>νόησον</span> <span class='ocrx_word' id='word_1_472' title='bbox 3245 1403 3433 1455; x_wconf 72' lang='grc' dir='ltr'>τοῦτον</span> <span class='ocrx_word' id='word_1_473' title='bbox 3481 1397 3619 1453; x_wconf 71' lang='grc' dir='ltr'>εἶναι</span> <span class='ocrx_word' id='word_1_474' title='bbox 3668 1402 3884 1453; x_wconf 75' lang='grc' dir='ltr'>ἐκείνου</span> <span class='ocrx_word' id='word_1_475' title='bbox 3928 1401 4007 1463; x_wconf 78' lang='grc' dir='ltr'><strong>ξέ-</strong></span> 
     </span>
    </p>
   </div>
   <div class='ocr_carea' id='block_1_67' title="bbox 2412 1486 4003 1564">
    <p class='ocr_par' dir='ltr' id='par_1_67' title="bbox 2412 1486 4003 1564">
     <span class='ocr_line' id='line_1_67' title="bbox 2412 1486 4003 1564; baseline -0.004 -15"><span class='ocrx_word' id='word_1_476' title='bbox 2412 1515 2498 1549; x_wconf 87' lang='grc' dir='ltr'><strong>νον</strong></span> <span class='ocrx_word' id='word_1_477' title='bbox 2531 1497 2575 1528; x_wconf 67' lang='grc'><strong>⁸⁵</strong></span> <span class='ocrx_word' id='word_1_478' title='bbox 2610 1495 2704 1548; x_wconf 78' lang='grc' dir='ltr'><strong>τοῦ</strong></span> <span class='ocrx_word' id='word_1_479' title='bbox 2747 1496 3013 1564; x_wconf 83' lang='grc' dir='ltr'>Ἔρωτος.</span> <span class='ocrx_word' id='word_1_480' title='bbox 3051 1494 3147 1547; x_wconf 78' lang='grc' dir='ltr'>Ἐν</span> <span class='ocrx_word' id='word_1_481' title='bbox 3178 1494 3284 1564; x_wconf 83' lang='grc' dir='ltr'><strong>γάρ</strong></span> <span class='ocrx_word' id='word_1_482' title='bbox 3315 1512 3402 1563; x_wconf 79' lang='grc' dir='ltr'><strong>μοι</strong></span> <span class='ocrx_word' id='word_1_483' title='bbox 3441 1494 3640 1559; x_wconf 84' lang='grc' dir='ltr'>λέγεις,</span> <span class='ocrx_word' id='word_1_484' title='bbox 3668 1486 3713 1543; x_wconf 80' lang='grc' dir='ltr'><strong>ὦ</strong></span> <span class='ocrx_word' id='word_1_485' title='bbox 3742 1493 3864 1558; x_wconf 69' lang='grc' dir='ltr'>φίλε</span> <span class='ocrx_word' id='word_1_486' title='bbox 3892 1491 4003 1543; x_wconf 59' lang='lat' dir='ltr'><strong>Ed).</strong></span> 
     </span>
    </p>
   </div>
   <div class='ocr_carea' id='block_1_68' title="bbox 2412 1583 4004 1657">
    <p class='ocr_par' dir='ltr' id='par_1_68' title="bbox 2412 1583 4004 1657">
     <span class='ocr_line' id='line_1_68' title="bbox 2412 1583 4004 1657; baseline -0.006 -16"><span class='ocrx_word' id='word_1_487' title='bbox 2412 1604 2632 1657; x_wconf 83' lang='grc' dir='ltr'>κρατες,</span> <span class='ocrx_word' id='word_1_488' title='bbox 2667 1584 2911 1655; x_wconf 79' lang='grc' dir='ltr'>ἐραστῶν</span> <span class='ocrx_word' id='word_1_489' title='bbox 2945 1586 3157 1655; x_wconf 84' lang='grc' dir='ltr'><strong>ἄριστε,</strong></span> <span class='ocrx_word' id='word_1_490' title='bbox 3190 1586 3388 1655; x_wconf 81' lang='grc' dir='ltr'>ἀρετῆς</span> <span class='ocrx_word' id='word_1_491' title='bbox 3426 1585 3673 1636; x_wconf 77' lang='grc' dir='ltr'><strong>Κλεινίου</strong></span> <span class='ocrx_word' id='word_1_492' title='bbox 3712 1583 3756 1613; x_wconf 83' lang='grc'><strong>⁸⁷</strong></span> <span class='ocrx_word' id='word_1_493' title='bbox 3795 1584 4004 1651; x_wconf 78' lang='grc' dir='ltr'>μόριον,</span> 
     </span>
    </p>
   </div>
   <div class='ocr_carea' id='block_1_69' title="bbox 2414 1675 4004 1747">
    <p class='ocr_par' dir='ltr' id='par_1_69' title="bbox 2414 1675 4004 1747">
     <span class='ocr_line' id='line_1_69' title="bbox 2414 1675 4004 1747; baseline -0.004 -16"><span class='ocrx_word' id='word_1_494' title='bbox 2414 1680 2666 1747; x_wconf 83' lang='grc' dir='ltr'>ἀνδρείαν</span> <span class='ocrx_word' id='word_1_495' title='bbox 2702 1681 2758 1730; x_wconf 79' lang='grc' dir='ltr'><strong>ὲν</strong></span> <span class='ocrx_word' id='word_1_496' title='bbox 2791 1676 3000 1746; x_wconf 78' lang='grc' dir='ltr'>φόϐοις,</span> <span class='ocrx_word' id='word_1_497' title='bbox 3030 1679 3096 1745; x_wconf 85' lang='grc' dir='ltr'>ἢν</span> <span class='ocrx_word' id='word_1_498' title='bbox 3131 1678 3225 1728; x_wconf 77' lang='grc' dir='ltr'>καὶ</span> <span class='ocrx_word' id='word_1_499' title='bbox 3249 1676 3447 1746; x_wconf 84' lang='grc' dir='ltr'>μελέτη</span> <span class='ocrx_word' id='word_1_500' title='bbox 3474 1675 3731 1735; x_wconf 73' lang='grc' dir='ltr'>πολλάκις</span> <span class='ocrx_word' id='word_1_501' title='bbox 3763 1675 4004 1735; x_wconf 79' lang='grc' dir='ltr'>δίδωσιν,</span> 
     </span>
    </p>
   </div>
   <div class='ocr_carea' id='block_1_70' title="bbox 2421 1767 4008 1838">
    <p class='ocr_par' dir='ltr' id='par_1_70' title="bbox 2421 1767 4008 1838">
     <span class='ocr_line' id='line_1_70' title="bbox 2421 1767 4008 1838; baseline -0.003 -18"><span class='ocrx_word' id='word_1_502' title='bbox 2421 1768 2693 1838; x_wconf 71' lang='grc' dir='ltr'>ἐξηγητὴν</span> <span class='ocrx_word' id='word_1_503' title='bbox 2724 1770 2882 1835; x_wconf 87' lang='grc' dir='ltr'>λόγον</span> <span class='ocrx_word' id='word_1_504' title='bbox 2912 1770 3013 1821; x_wconf 82' lang='grc' dir='ltr'><strong>οὐκ</strong></span> <span class='ocrx_word' id='word_1_505' title='bbox 3050 1769 3094 1799; x_wconf 83' lang='grc'><strong>⁸⁸</strong></span> <span class='ocrx_word' id='word_1_506' title='bbox 3134 1768 3499 1836; x_wconf 78' lang='grc' dir='ltr'>άναμείνασα.</span> <span class='ocrx_word' id='word_1_507' title='bbox 3529 1768 3723 1818; x_wconf 88' lang='grc' dir='ltr'>Δίδωσι</span> <span class='ocrx_word' id='word_1_508' title='bbox 3771 1767 3815 1817; x_wconf 83' lang='grc' dir='ltr'>δ’</span> <span class='ocrx_word' id='word_1_509' title='bbox 3858 1767 4008 1833; x_wconf 81' lang='grc' dir='ltr'>αὐτῷ</span> 
     </span>
    </p>
   </div>
   <div class='ocr_carea' id='block_1_71' title="bbox 2349 1852 4009 1929">
    <p class='ocr_par' dir='ltr' id='par_1_71' title="bbox 2349 1852 4009 1929">
     <span class='ocr_line' id='line_1_71' title="bbox 2349 1852 4009 1929; baseline -0.002 -18"><span class='ocrx_word' id='word_1_510' title='bbox 2349 1852 2387 1905; x_wconf 82' lang='grc' dir='ltr'><strong>Β</strong></span> <span class='ocrx_word' id='word_1_511' title='bbox 2415 1862 2510 1929; x_wconf 77' lang='grc' dir='ltr'><strong>τὴν</strong></span> <span class='ocrx_word' id='word_1_512' title='bbox 2553 1862 2904 1929; x_wconf 67' lang='grc' dir='ltr'>παρρησίαν,</span> <span class='ocrx_word' id='word_1_513' title='bbox 2949 1863 3085 1927; x_wconf 79' lang='grc' dir='ltr'>ὅπερ</span> <span class='ocrx_word' id='word_1_514' title='bbox 3131 1861 3225 1913; x_wconf 69' lang='grc' dir='ltr'><strong>κα)⁵</strong></span> <span class='ocrx_word' id='word_1_515' title='bbox 3273 1858 3529 1928; x_wconf 87' lang='grc' dir='ltr'>Περικλεί</span> <span class='ocrx_word' id='word_1_516' title='bbox 3576 1860 3883 1928; x_wconf 82' lang='grc' dir='ltr'>πρότερον,</span> <span class='ocrx_word' id='word_1_517' title='bbox 3933 1860 4009 1909; x_wconf 74' lang='grc' dir='ltr'><strong>ὅτ’</strong></span> 
     </span>
    </p>
   </div>
   <div class='ocr_carea' id='block_1_72' title="bbox 2416 1951 4006 2023">
    <p class='ocr_par' dir='ltr' id='par_1_72' title="bbox 2416 1951 4006 2023">
     <span class='ocr_line' id='line_1_72' title="bbox 2416 1951 4006 2023; baseline -0.003 -18"><span class='ocrx_word' id='word_1_518' title='bbox 2416 1956 2737 2023; x_wconf 73' lang='grc' dir='ltr'>ἐστρατήγει</span> <span class='ocrx_word' id='word_1_519' title='bbox 2770 1954 2865 2022; x_wconf 81' lang='grc' dir='ltr'>τῆς</span> <span class='ocrx_word' id='word_1_520' title='bbox 2894 1953 3120 2014; x_wconf 86' lang='grc' dir='ltr'>πόλεως.</span> <span class='ocrx_word' id='word_1_521' title='bbox 3147 1952 3315 2003; x_wconf 81' lang='grc' dir='ltr'>Τοῦτο</span> <span class='ocrx_word' id='word_1_522' title='bbox 3342 1952 3399 2003; x_wconf 78' lang='grc' dir='ltr'>δέ</span> <span class='ocrx_word' id='word_1_523' title='bbox 3426 1952 3542 2002; x_wconf 79' lang='grc' dir='ltr'>ἐστι</span> <span class='ocrx_word' id='word_1_524' title='bbox 3566 1952 3768 2021; x_wconf 75' lang='grc' dir='ltr'>τρόπος</span> <span class='ocrx_word' id='word_1_525' title='bbox 3793 1951 4006 2010; x_wconf 68' lang='grc' dir='ltr'>ἄδολος.</span> 
     </span>
    </p>
   </div>
   <div class='ocr_carea' id='block_1_73' title="bbox 2415 2043 4008 2113">
    <p class='ocr_par' dir='ltr' id='par_1_73' title="bbox 2415 2043 4008 2113">
     <span class='ocr_line' id='line_1_73' title="bbox 2415 2043 4008 2113; baseline -0.003 -16"><span class='ocrx_word' id='word_1_526' title='bbox 2415 2046 2477 2097; x_wconf 78' lang='grc' dir='ltr'><strong>Εἰ</strong></span> <span class='ocrx_word' id='word_1_527' title='bbox 2532 2044 2587 2097; x_wconf 86' lang='grc' dir='ltr'><strong>δὲ</strong></span> <span class='ocrx_word' id='word_1_528' title='bbox 2636 2044 2823 2096; x_wconf 76' lang='grc' dir='ltr'>τοῦτον</span> <span class='ocrx_word' id='word_1_529' title='bbox 2868 2046 2995 2107; x_wconf 80' lang='grc' dir='ltr'>ἴδοις</span> <span class='ocrx_word' id='word_1_530' title='bbox 3034 2043 3365 2097; x_wconf 81' lang='grc' dir='ltr'>δικαστικῶν</span> <span class='ocrx_word' id='word_1_531' title='bbox 3410 2043 3613 2113; x_wconf 81' lang='grc' dir='ltr'>θρόνων</span> <span class='ocrx_word' id='word_1_532' title='bbox 3662 2043 4008 2111; x_wconf 75' lang='grc' dir='ltr'>εἰργόμενον,</span> 
     </span>
    </p>
   </div>
   <div class='ocr_carea' id='block_1_74' title="bbox 2417 2133 4011 2203">
    <p class='ocr_par' dir='ltr' id='par_1_74' title="bbox 2417 2133 4011 2203">
     <span class='ocr_line' id='line_1_74' title="bbox 2417 2133 4011 2203; baseline -0.001 -17"><span class='ocrx_word' id='word_1_533' title='bbox 2417 2133 2677 2198; x_wconf 82' lang='grc' dir='ltr'>στέναξον</span> <span class='ocrx_word' id='word_1_534' title='bbox 2708 2135 2797 2186; x_wconf 80' lang='grc' dir='ltr'><strong>τὸν</strong></span> <span class='ocrx_word' id='word_1_535' title='bbox 2820 2134 3003 2203; x_wconf 90' lang='grc' dir='ltr'>νόμον,</span> <span class='ocrx_word' id='word_1_536' title='bbox 3032 2135 3112 2187; x_wconf 80' lang='grc' dir='ltr'>ὅτι</span> <span class='ocrx_word' id='word_1_537' title='bbox 3147 2135 3371 2203; x_wconf 82' lang='grc' dir='ltr'>χρυσίου</span> <span class='ocrx_word' id='word_1_538' title='bbox 3400 2134 3695 2202; x_wconf 81' lang='grc' dir='ltr'>νενίκηται.</span> <span class='ocrx_word' id='word_1_539' title='bbox 3724 2133 4011 2202; x_wconf 79' lang='grc' dir='ltr'>Συνακμά·</span> 
     </span>
    </p>
   </div>
   <div class='ocr_carea' id='block_1_75' title="bbox 2416 2224 4011 2295">
    <p class='ocr_par' dir='ltr' id='par_1_75' title="bbox 2416 2224 4011 2295">
     <span class='ocr_line' id='line_1_75' title="bbox 2416 2224 4011 2295; baseline -0.001 -18"><span class='ocrx_word' id='word_1_540' title='bbox 2416 2243 2515 2287; x_wconf 89' lang='grc' dir='ltr'><strong>σας</strong></span> <span class='ocrx_word' id='word_1_541' title='bbox 2543 2228 2652 2295; x_wconf 80' lang='grc' dir='ltr'><strong>γάρ</strong></span> <span class='ocrx_word' id='word_1_542' title='bbox 2688 2227 2753 2295; x_wconf 80' lang='grc' dir='ltr'>τῇ</span> <span class='ocrx_word' id='word_1_543' title='bbox 2786 2225 3048 2293; x_wconf 81' lang='grc' dir='ltr'>βασιλέως</span> <span class='ocrx_word' id='word_1_544' title='bbox 3082 2224 3254 2287; x_wconf 87' lang='grc' dir='ltr'>πόλει,</span> <span class='ocrx_word' id='word_1_545' title='bbox 3288 2227 3417 2295; x_wconf 81' lang='grc' dir='ltr'>περὶ</span> <span class='ocrx_word' id='word_1_546' title='bbox 3447 2227 3514 2295; x_wconf 76' lang='grc' dir='ltr'>ἢν</span> <span class='ocrx_word' id='word_1_547' title='bbox 3542 2226 3611 2277; x_wconf 82' lang='grc' dir='ltr'><strong>τά</strong></span> <span class='ocrx_word' id='word_1_548' title='bbox 3658 2225 3877 2293; x_wconf 86' lang='grc' dir='ltr'>μεγάλα</span> <span class='ocrx_word' id='word_1_549' title='bbox 3919 2242 4011 2275; x_wconf 83' lang='grc' dir='ltr'>πε-</span> 
     </span>
    </p>
   </div>
   <div class='ocr_carea' id='block_1_76' title="bbox 2416 2316 4011 2387">
    <p class='ocr_par' dir='ltr' id='par_1_76' title="bbox 2416 2316 4011 2387">
     <span class='ocr_line' id='line_1_76' title="bbox 2416 2316 4011 2387; baseline -0.004 -16"><span class='ocrx_word' id='word_1_550' title='bbox 2416 2319 2553 2387; x_wconf 79' lang='grc' dir='ltr'>λάγη</span> <span class='ocrx_word' id='word_1_551' title='bbox 2611 2316 2876 2384; x_wconf 77' lang='grc' dir='ltr'>σχίζεται,</span> <span class='ocrx_word' id='word_1_552' title='bbox 2914 2318 3007 2369; x_wconf 72' lang='grc' dir='ltr'>καὶ</span> <span class='ocrx_word' id='word_1_553' title='bbox 3048 2318 3148 2386; x_wconf 76' lang='grc' dir='ltr'>τὴν</span> <span class='ocrx_word' id='word_1_554' title='bbox 3184 2316 3353 2386; x_wconf 82' lang='grc' dir='ltr'>αὐτὴν</span> <span class='ocrx_word' id='word_1_555' title='bbox 3395 2318 3578 2386; x_wconf 80' lang='grc' dir='ltr'>ἐκείνῃ</span> <span class='ocrx_word' id='word_1_556' title='bbox 3622 2317 3865 2386; x_wconf 81' lang='grc' dir='ltr'>κρηπῖδα</span> <span class='ocrx_word' id='word_1_557' title='bbox 3915 2316 4011 2383; x_wconf 77' lang='grc' dir='ltr'>τῆς</span> 
     </span>
    </p>
   </div>
   <div class='ocr_carea' id='block_1_77' title="bbox 2418 2408 4011 2477">
    <p class='ocr_par' dir='ltr' id='par_1_77' title="bbox 2418 2408 4011 2477">
     <span class='ocr_line' id='line_1_77' title="bbox 2418 2408 4011 2477; baseline -0.003 -15"><span class='ocrx_word' id='word_1_558' title='bbox 2418 2409 2611 2462; x_wconf 80' lang='grc' dir='ltr'>ἑαυτοῦ</span> <span class='ocrx_word' id='word_1_559' title='bbox 2634 2409 2790 2477; x_wconf 78' lang='grc' dir='ltr'>δόξης</span> <span class='ocrx_word' id='word_1_560' title='bbox 2823 2408 3120 2477; x_wconf 82' lang='grc' dir='ltr'>βαλόμενος</span> <span class='ocrx_word' id='word_1_561' title='bbox 3144 2408 3211 2470; x_wconf 77' lang='grc'><strong>⁸⁸,</strong></span> <span class='ocrx_word' id='word_1_562' title='bbox 3248 2409 3351 2470; x_wconf 79' lang='grc' dir='ltr'>ἓως</span> <span class='ocrx_word' id='word_1_563' title='bbox 3406 2410 3503 2477; x_wconf 76' lang='grc' dir='ltr'>μὲν</span> <span class='ocrx_word' id='word_1_564' title='bbox 3555 2412 3614 2460; x_wconf 84' lang='grc' dir='ltr'>ὲν</span> <span class='ocrx_word' id='word_1_565' title='bbox 3670 2409 4011 2477; x_wconf 69' lang='grc' dir='ltr'>σπαργάνοις</span> 
     </span>
    </p>
   </div>
   <div class='ocr_carea' id='block_1_78' title="bbox 2418 2497 4013 2567">
    <p class='ocr_par' dir='ltr' id='par_1_78' title="bbox 2418 2497 4013 2567">
     <span class='ocr_line' id='line_1_78' title="bbox 2418 2497 4013 2567; baseline -0.001 -18"><span class='ocrx_word' id='word_1_566' title='bbox 2418 2499 2497 2549; x_wconf 78' lang='grc' dir='ltr'>ἔτι</span> <span class='ocrx_word' id='word_1_567' title='bbox 2528 2499 2586 2549; x_wconf 81' lang='grc' dir='ltr'><strong>τὸ</strong></span> <span class='ocrx_word' id='word_1_568' title='bbox 2616 2497 2771 2566; x_wconf 80' lang='grc' dir='ltr'>σῶμα</span> <span class='ocrx_word' id='word_1_569' title='bbox 2798 2498 2897 2564; x_wconf 74' lang='grc' dir='ltr'><strong>τῆς</strong></span> <span class='ocrx_word' id='word_1_570' title='bbox 2934 2498 3141 2557; x_wconf 86' lang='grc' dir='ltr'>πόλεως</span> <span class='ocrx_word' id='word_1_571' title='bbox 3175 2497 3490 2562; x_wconf 77' lang='grc' dir='ltr'>ἐπλάττετο,</span> <span class='ocrx_word' id='word_1_572' title='bbox 3521 2498 3715 2566; x_wconf 80' lang='grc' dir='ltr'>ἑτέρας</span> <span class='ocrx_word' id='word_1_573' title='bbox 3745 2500 3925 2567; x_wconf 72' lang='grc' dir='ltr'>ἀρχάς</span> <span class='ocrx_word' id='word_1_574' title='bbox 3952 2501 4013 2549; x_wconf 76' lang='grc' dir='ltr'>ἐκ</span> 
     </span>
    </p>
   </div>
   <div class='ocr_carea' id='block_1_79' title="bbox 2420 2588 4012 2662">
    <p class='ocr_par' dir='ltr' id='par_1_79' title="bbox 2420 2588 4012 2662">
     <span class='ocr_line' id='line_1_79' title="bbox 2420 2588 4012 2662; baseline 0 -21"><span class='ocrx_word' id='word_1_575' title='bbox 2420 2591 2682 2659; x_wconf 80' lang='grc' dir='ltr'>βασιλέως</span> <span class='ocrx_word' id='word_1_576' title='bbox 2736 2588 3095 2655; x_wconf 80' lang='grc' dir='ltr'>κατηύθυνεν,</span> <span class='ocrx_word' id='word_1_577' title='bbox 3152 2591 3273 2640; x_wconf 76' lang='grc' dir='ltr'>ἐπεὶ</span> <span class='ocrx_word' id='word_1_578' title='bbox 3324 2590 3379 2641; x_wconf 84' lang='grc' dir='ltr'>δὲ</span> <span class='ocrx_word' id='word_1_579' title='bbox 3436 2590 3541 2642; x_wconf 77' lang='grc' dir='ltr'>ἔδει</span> <span class='ocrx_word' id='word_1_580' title='bbox 3594 2592 3692 2659; x_wconf 80' lang='grc' dir='ltr'>τῆς</span> <span class='ocrx_word' id='word_1_581' title='bbox 3747 2591 4012 2662; x_wconf 71' lang='grc' dir='ltr'>ἀκριϐοῦς</span> 
     </span>
    </p>
   </div>
   <div class='ocr_carea' id='block_1_80' title="bbox 2420 2679 4015 2751">
    <p class='ocr_par' dir='ltr' id='par_1_80' title="bbox 2420 2679 4015 2751">
     <span class='ocr_line' id='line_1_80' title="bbox 2420 2679 4015 2751; baseline 0.001 -20"><span class='ocrx_word' id='word_1_582' title='bbox 2420 2683 2599 2751; x_wconf 66' lang='grc' dir='ltr'>χειρὸς</span> <span class='ocrx_word' id='word_1_583' title='bbox 2658 2682 2909 2749; x_wconf 84' lang='grc' dir='ltr'>καθάπερ</span> <span class='ocrx_word' id='word_1_584' title='bbox 2973 2680 3027 2730; x_wconf 81' lang='grc' dir='ltr'>ὲν</span> <span class='ocrx_word' id='word_1_585' title='bbox 3066 2679 3255 2742; x_wconf 79' lang='grc' dir='ltr'>τύποις</span> <span class='ocrx_word' id='word_1_586' title='bbox 3308 2680 3640 2748; x_wconf 82' lang='grc' dir='ltr'>ἀγάλματος,</span> <span class='ocrx_word' id='word_1_587' title='bbox 3697 2683 3785 2733; x_wconf 69' lang='grc' dir='ltr'><strong>ἐπ’</strong></span> <span class='ocrx_word' id='word_1_588' title='bbox 3845 2684 4015 2751; x_wconf 77' lang='grc' dir='ltr'>αὐτὴν</span> 
     </span>
    </p>
   </div>
   <div class='ocr_carea' id='block_1_81' title="bbox 2420 2771 4013 2843">
    <p class='ocr_par' dir='ltr' id='par_1_81' title="bbox 2420 2771 4013 2843">
     <span class='ocr_line' id='line_1_81' title="bbox 2420 2771 4013 2843; baseline 0 -18"><span class='ocrx_word' id='word_1_589' title='bbox 2420 2776 2720 2835; x_wconf 74' lang='grc' dir='ltr'>ἐπάνεισιν,</span> <span class='ocrx_word' id='word_1_590' title='bbox 2756 2774 2841 2824; x_wconf 82' lang='grc' dir='ltr'><strong>ἵνα</strong></span> <span class='ocrx_word' id='word_1_591' title='bbox 2874 2771 3035 2832; x_wconf 90' lang='grc' dir='ltr'>αὐτός</span> <span class='ocrx_word' id='word_1_592' title='bbox 3069 2788 3128 2822; x_wconf 87' lang='grc' dir='ltr'><strong>τε</strong></span> <span class='ocrx_word' id='word_1_593' title='bbox 3164 2772 3307 2840; x_wconf 82' lang='grc' dir='ltr'>ἀρχὴ</span> <span class='ocrx_word' id='word_1_594' title='bbox 3352 2774 3447 2824; x_wconf 79' lang='grc' dir='ltr'><strong>καὶ</strong></span> <span class='ocrx_word' id='word_1_595' title='bbox 3480 2774 3635 2835; x_wconf 81' lang='grc' dir='ltr'>τέλος</span> <span class='ocrx_word' id='word_1_596' title='bbox 3682 2775 3901 2839; x_wconf 74' lang='grc' dir='ltr'>γένοιτο</span> <span class='ocrx_word' id='word_1_597' title='bbox 3940 2776 4013 2843; x_wconf 80' lang='grc' dir='ltr'>τῷ</span> 
     </span>
    </p>
   </div>
   <div class='ocr_carea' id='block_1_82' title="bbox 2423 2865 4016 2935">
    <p class='ocr_par' dir='ltr' id='par_1_82' title="bbox 2423 2865 4016 2935">
     <span class='ocr_line' id='line_1_82' title="bbox 2423 2865 4016 2935; baseline 0 -18"><span class='ocrx_word' id='word_1_598' title='bbox 2423 2867 2584 2917; x_wconf 72' lang='grc' dir='ltr'>παντὶ</span> <span class='ocrx_word' id='word_1_599' title='bbox 2614 2867 2804 2933; x_wconf 84' lang='grc' dir='ltr'>κόσμῳ</span> <span class='ocrx_word' id='word_1_600' title='bbox 2845 2867 2943 2935; x_wconf 75' lang='grc' dir='ltr'>τῆς</span> <span class='ocrx_word' id='word_1_601' title='bbox 2978 2866 3210 2927; x_wconf 82' lang='grc' dir='ltr'>πόλεως.</span> <span class='ocrx_word' id='word_1_602' title='bbox 3256 2865 3445 2926; x_wconf 83' lang='grc' dir='ltr'>Πόλεις</span> <span class='ocrx_word' id='word_1_603' title='bbox 3493 2866 3881 2935; x_wconf 81' lang='grc' dir='ltr'>ἐγειρομένας,</span> <span class='ocrx_word' id='word_1_604' title='bbox 3928 2867 4016 2934; x_wconf 80' lang='grc' dir='ltr'><strong>δή·</strong></span> 
     </span>
    </p>
   </div>
   <div class='ocr_carea' id='block_1_83' title="bbox 2428 2957 4014 3026">
    <p class='ocr_par' dir='ltr' id='par_1_83' title="bbox 2428 2957 4014 3026">
     <span class='ocr_line' id='line_1_83' title="bbox 2428 2957 4014 3026; baseline 0 -19"><span class='ocrx_word' id='word_1_605' title='bbox 2428 2975 2559 3025; x_wconf 86' lang='grc' dir='ltr'>μους</span> <span class='ocrx_word' id='word_1_606' title='bbox 2604 2958 2979 3025; x_wconf 77' lang='grc' dir='ltr'>ἀκμάζοντας,</span> <span class='ocrx_word' id='word_1_607' title='bbox 3027 2957 3352 3026; x_wconf 81' lang='grc' dir='ltr'>Ταρτησσοῦ</span> <span class='ocrx_word' id='word_1_608' title='bbox 3392 2959 3438 2987; x_wconf 86' lang='grc'><strong>⁹⁰</strong></span> <span class='ocrx_word' id='word_1_609' title='bbox 3487 2957 3622 3025; x_wconf 85' lang='grc' dir='ltr'>βίον,</span> <span class='ocrx_word' id='word_1_610' title='bbox 3686 2958 4014 3025; x_wconf 78' lang='grc' dir='ltr'>Ἀμαλθείας</span> 
     </span>
    </p>
   </div>
   <div class='ocr_carea' id='block_1_84' title="bbox 2424 3048 4014 3120">
    <p class='ocr_par' dir='ltr' id='par_1_84' title="bbox 2424 3048 4014 3120">
     <span class='ocr_line' id='line_1_84' title="bbox 2424 3048 4014 3120; baseline 0.004 -23"><span class='ocrx_word' id='word_1_611' title='bbox 2424 3048 2611 3115; x_wconf 86' lang='grc' dir='ltr'>κέρας,</span> <span class='ocrx_word' id='word_1_612' title='bbox 2645 3049 2752 3098; x_wconf 82' lang='grc' dir='ltr'>πᾶν</span> <span class='ocrx_word' id='word_1_613' title='bbox 2782 3048 2903 3100; x_wconf 80' lang='grc' dir='ltr'>ὅσον</span> <span class='ocrx_word' id='word_1_614' title='bbox 2930 3048 3277 3117; x_wconf 83' lang='grc' dir='ltr'>εὐδαιμονίας</span> <span class='ocrx_word' id='word_1_615' title='bbox 3314 3049 3629 3116; x_wconf 81' lang='grc' dir='ltr'>κεφάλαιον.</span> <span class='ocrx_word' id='word_1_616' title='bbox 3690 3050 3859 3101; x_wconf 80' lang='grc' dir='ltr'>Ἀλλά</span> <span class='ocrx_word' id='word_1_617' title='bbox 3893 3050 4014 3120; x_wconf 73' lang='grc' dir='ltr'><strong>[(5οῡ</strong></span> 
     </span>
    </p>
   </div>
   <div class='ocr_carea' id='block_1_85' title="bbox 2424 3137 4012 3211">
    <p class='ocr_par' dir='ltr' id='par_1_85' title="bbox 2424 3137 4012 3211">
     <span class='ocr_line' id='line_1_85' title="bbox 2424 3137 4012 3211; baseline 0.003 -22"><span class='ocrx_word' id='word_1_618' title='bbox 2424 3137 2520 3205; x_wconf 74' lang='grc'><strong>11.]</strong></span> <span class='ocrx_word' id='word_1_619' title='bbox 2564 3138 2648 3199; x_wconf 85' lang='grc' dir='ltr'><strong>τίς</strong></span> <span class='ocrx_word' id='word_1_620' title='bbox 2692 3138 2790 3203; x_wconf 78' lang='grc' dir='ltr'>τῆς</span> <span class='ocrx_word' id='word_1_621' title='bbox 2832 3140 2961 3207; x_wconf 74' lang='grc' dir='ltr'>περὶ</span> <span class='ocrx_word' id='word_1_622' title='bbox 2999 3140 3090 3191; x_wconf 74' lang='grc' dir='ltr'><strong>τὸν</strong></span> <span class='ocrx_word' id='word_1_623' title='bbox 3151 3141 3432 3193; x_wconf 81' lang='grc' dir='ltr'>νεανίσκον</span> <span class='ocrx_word' id='word_1_624' title='bbox 3471 3142 3513 3171; x_wconf 79' lang='grc'><strong>¹¹</strong></span> <span class='ocrx_word' id='word_1_625' title='bbox 3557 3142 3795 3211; x_wconf 79' lang='grc' dir='ltr'>σπουδῆς</span> <span class='ocrx_word' id='word_1_626' title='bbox 3832 3144 4012 3205; x_wconf 67' lang='lat' dir='ltr'><strong>uitia;</strong></span> 
     </span>
    </p>
   </div>
   <div class='ocr_carea' id='block_1_86' title="bbox 2426 3229 4014 3301">
    <p class='ocr_par' dir='ltr' id='par_1_86' title="bbox 2426 3229 4014 3301">
     <span class='ocr_line' id='line_1_86' title="bbox 2426 3229 4014 3301; baseline 0.002 -22"><span class='ocrx_word' id='word_1_627' title='bbox 2426 3229 2586 3299; x_wconf 75' lang='grc' dir='ltr'>Ψυχὴ</span> <span class='ocrx_word' id='word_1_628' title='bbox 2617 3231 2786 3291; x_wconf 79' lang='grc' dir='ltr'>πᾶσα,</span> <span class='ocrx_word' id='word_1_629' title='bbox 2821 3229 2944 3297; x_wconf 82' lang='grc' dir='ltr'>ἄρτι</span> <span class='ocrx_word' id='word_1_630' title='bbox 2968 3231 3250 3299; x_wconf 81' lang='grc' dir='ltr'>σχισθεῖσα</span> <span class='ocrx_word' id='word_1_631' title='bbox 3276 3231 3377 3298; x_wconf 83' lang='grc' dir='ltr'>τῆς</span> <span class='ocrx_word' id='word_1_632' title='bbox 3404 3232 3515 3283; x_wconf 85' lang='grc' dir='ltr'><strong>ἀνω</strong></span> <span class='ocrx_word' id='word_1_633' title='bbox 3534 3232 3763 3301; x_wconf 82' lang='grc' dir='ltr'>λήξεως,</span> <span class='ocrx_word' id='word_1_634' title='bbox 3794 3232 4014 3283; x_wconf 81' lang='grc' dir='ltr'>ἔναυλον</span> 
     </span>
    </p>
   </div>
   <div class='ocr_carea' id='block_1_87' title="bbox 2426 3319 4012 3389">
    <p class='ocr_par' dir='ltr' id='par_1_87' title="bbox 2426 3319 4012 3389">
     <span class='ocr_line' id='line_1_87' title="bbox 2426 3319 4012 3389; baseline 0.003 -20"><span class='ocrx_word' id='word_1_635' title='bbox 2426 3319 2505 3369; x_wconf 78' lang='grc' dir='ltr'>ἔτι</span> <span class='ocrx_word' id='word_1_636' title='bbox 2541 3322 2694 3389; x_wconf 77' lang='grc' dir='ltr'>φέρει</span> <span class='ocrx_word' id='word_1_637' title='bbox 2733 3324 2831 3386; x_wconf 70' lang='grc' dir='ltr'><strong>τὴν</strong></span> <span class='ocrx_word' id='word_1_638' title='bbox 2868 3320 2997 3372; x_wconf 83' lang='grc' dir='ltr'>θέαν</span> <span class='ocrx_word' id='word_1_639' title='bbox 3032 3322 3140 3372; x_wconf 90' lang='grc' dir='ltr'><strong>τῶν</strong></span> <span class='ocrx_word' id='word_1_640' title='bbox 3171 3322 3507 3389; x_wconf 82' lang='grc' dir='ltr'>ἀγαλμάτων</span> <span class='ocrx_word' id='word_1_641' title='bbox 3546 3325 3798 3387; x_wconf 72' lang='grc' dir='ltr'>ἐκείνων,</span> <span class='ocrx_word' id='word_1_642' title='bbox 3834 3324 3871 3375; x_wconf 75' lang='grc' dir='ltr'><em>ἃ</em></span> <span class='ocrx_word' id='word_1_643' title='bbox 3899 3325 4012 3375; x_wconf 83' lang='grc' dir='ltr'>τότε</span> 
     </span>
    </p>
   </div>
   <div class='ocr_carea' id='block_1_88' title="bbox 2428 3403 4013 3482">
    <p class='ocr_par' dir='ltr' id='par_1_88' title="bbox 2428 3403 4013 3482">
     <span class='ocr_line' id='line_1_88' title="bbox 2428 3403 4013 3482; baseline 0.004 -23"><span class='ocrx_word' id='word_1_644' title='bbox 2428 3403 2584 3467; x_wconf 77' lang='grc' dir='ltr'>εἶδεν,</span> <span class='ocrx_word' id='word_1_645' title='bbox 2619 3412 2705 3459; x_wconf 74' lang='grc' dir='ltr'><strong>ὅτε</strong></span> <span class='ocrx_word' id='word_1_646' title='bbox 2759 3410 3053 3479; x_wconf 85' lang='grc' dir='ltr'>εὐδαίμονα</span> <span class='ocrx_word' id='word_1_647' title='bbox 3100 3413 3319 3481; x_wconf 86' lang='grc' dir='ltr'>χορείαν</span> <span class='ocrx_word' id='word_1_648' title='bbox 3373 3413 3469 3464; x_wconf 73' lang='grc' dir='ltr'><strong>σὺν</strong></span> <span class='ocrx_word' id='word_1_649' title='bbox 3514 3413 3652 3464; x_wconf 86' lang='grc' dir='ltr'>θεῶν</span> <span class='ocrx_word' id='word_1_650' title='bbox 3704 3414 3919 3482; x_wconf 71' lang='grc' dir='ltr'>δίφροις</span> <span class='ocrx_word' id='word_1_651' title='bbox 3970 3418 4013 3445; x_wconf 78' lang='grc'><strong>’⁸</strong></span> 
     </span>
    </p>
   </div>
   <div class='ocr_carea' id='block_1_89' title="bbox 2428 3499 4014 3573">
    <p class='ocr_par' dir='ltr' id='par_1_89' title="bbox 2428 3499 4014 3573">
     <span class='ocr_line' id='line_1_89' title="bbox 2428 3499 4014 3573; baseline 0.004 -23"><span class='ocrx_word' id='word_1_652' title='bbox 2428 3501 2700 3570; x_wconf 78' lang='grc' dir='ltr'>ἐχόρευεν.</span> <span class='ocrx_word' id='word_1_653' title='bbox 2748 3503 2915 3553; x_wconf 84' lang='grc' dir='ltr'>Ὅταν</span> <span class='ocrx_word' id='word_1_654' title='bbox 2971 3499 3063 3555; x_wconf 79' lang='grc' dir='ltr'><strong>οὖν</strong></span> <span class='ocrx_word' id='word_1_655' title='bbox 3115 3504 3199 3573; x_wconf 81' lang='grc' dir='ltr'><strong>ἴδῃ</strong></span> <span class='ocrx_word' id='word_1_656' title='bbox 3244 3506 3337 3557; x_wconf 72' lang='grc' dir='ltr'><strong>καὶ</strong></span> <span class='ocrx_word' id='word_1_657' title='bbox 3384 3506 3511 3573; x_wconf 76' lang='grc' dir='ltr'>τῇδε</span> <span class='ocrx_word' id='word_1_658' title='bbox 3556 3506 3774 3571; x_wconf 79' lang='grc' dir='ltr'>κάλλος,</span> <span class='ocrx_word' id='word_1_659' title='bbox 3828 3508 3857 3557; x_wconf 89' lang='grc' dir='ltr'>ὃ</span> <span class='ocrx_word' id='word_1_660' title='bbox 3898 3507 4014 3559; x_wconf 88' lang='grc' dir='ltr'>τότε</span> 
     </span>
    </p>
   </div>
   <div class='ocr_carea' id='block_1_90' title="bbox 2430 3592 4015 3666">
    <p class='ocr_par' dir='ltr' id='par_1_90' title="bbox 2430 3592 4015 3666">
     <span class='ocr_line' id='line_1_90' title="bbox 2430 3592 4015 3666; baseline 0.004 -24"><span class='ocrx_word' id='word_1_661' title='bbox 2430 3592 2746 3660; x_wconf 71' lang='grc' dir='ltr'>πλάσματος</span> <span class='ocrx_word' id='word_1_662' title='bbox 2792 3594 2920 3646; x_wconf 83' lang='grc' dir='ltr'>ἄνευ</span> <span class='ocrx_word' id='word_1_663' title='bbox 2956 3595 3265 3665; x_wconf 79' lang='grc' dir='ltr'>ἱστόρησεν,</span> <span class='ocrx_word' id='word_1_664' title='bbox 3304 3598 3432 3648; x_wconf 77' lang='grc' dir='ltr'>εἵσω</span> <span class='ocrx_word' id='word_1_665' title='bbox 3468 3598 3644 3665; x_wconf 63' lang='grc' dir='ltr'>ψυχῆς</span> <span class='ocrx_word' id='word_1_666' title='bbox 3691 3598 3848 3659; x_wconf 80' lang='grc' dir='ltr'>Θείας</span> <span class='ocrx_word' id='word_1_667' title='bbox 3884 3615 4015 3666; x_wconf 82' lang='grc' dir='ltr'>κρυ-</span> 
     </span>
    </p>
   </div>
   <div class='ocr_carea' id='block_1_91' title="bbox 2430 3685 4018 3758">
    <p class='ocr_par' dir='ltr' id='par_1_91' title="bbox 2430 3685 4018 3758">
     <span class='ocr_line' id='line_1_91' title="bbox 2430 3685 4018 3758; baseline 0.005 -27"><span class='ocrx_word' id='word_1_668' title='bbox 2430 3685 2723 3749; x_wconf 86' lang='grc' dir='ltr'>πτόμενον,</span> <span class='ocrx_word' id='word_1_669' title='bbox 2770 3686 2992 3754; x_wconf 79' lang='grc' dir='ltr'>σπαργᾷ</span> <span class='ocrx_word' id='word_1_670' title='bbox 3034 3703 3089 3737; x_wconf 88' lang='grc' dir='ltr'><strong>τε</strong></span> <span class='ocrx_word' id='word_1_671' title='bbox 3127 3687 3221 3737; x_wconf 79' lang='grc' dir='ltr'><strong>καὶ</strong></span> <span class='ocrx_word' id='word_1_672' title='bbox 3254 3688 3437 3756; x_wconf 81' lang='grc' dir='ltr'>χαίρει</span> <span class='ocrx_word' id='word_1_673' title='bbox 3462 3692 3529 3756; x_wconf 84' lang='grc' dir='ltr'>τῇ</span> <span class='ocrx_word' id='word_1_674' title='bbox 3562 3689 3678 3758; x_wconf 79' lang='grc' dir='ltr'>θέᾳ,</span> <span class='ocrx_word' id='word_1_675' title='bbox 3712 3691 3808 3741; x_wconf 87' lang='grc' dir='ltr'><strong>καί</strong></span> <span class='ocrx_word' id='word_1_676' title='bbox 3834 3688 4018 3756; x_wconf 75' lang='grc' dir='ltr'>συμϐι-</span> 
     </span>
    </p>
   </div>
   <div class='ocr_carea' id='block_1_92' title="bbox 2430 3773 4015 3849">
    <p class='ocr_par' dir='ltr' id='par_1_92' title="bbox 2430 3773 4015 3849">
     <span class='ocr_line' id='line_1_92' title="bbox 2430 3773 4015 3849; baseline 0.003 -25"><span class='ocrx_word' id='word_1_677' title='bbox 2430 3773 2615 3835; x_wconf 75' lang='grc' dir='ltr'>ϐάζειν</span> <span class='ocrx_word' id='word_1_678' title='bbox 2636 3776 2836 3843; x_wconf 69' lang='grc' dir='ltr'>ἑαυτὴν</span> <span class='ocrx_word' id='word_1_679' title='bbox 2857 3778 2992 3845; x_wconf 81' lang='grc' dir='ltr'>πρὸς</span> <span class='ocrx_word' id='word_1_680' title='bbox 3018 3777 3109 3829; x_wconf 72' lang='grc' dir='ltr'><strong>τὸν</strong></span> <span class='ocrx_word' id='word_1_681' title='bbox 3140 3780 3257 3829; x_wconf 83' lang='grc' dir='ltr'>ἐκεῖ</span> <span class='ocrx_word' id='word_1_682' title='bbox 3287 3780 3451 3830; x_wconf 82' lang='grc' dir='ltr'>τόπον</span> <span class='ocrx_word' id='word_1_683' title='bbox 3478 3781 3779 3844; x_wconf 78' lang='grc' dir='ltr'>ἐπείγεται,</span> <span class='ocrx_word' id='word_1_684' title='bbox 3805 3780 3932 3849; x_wconf 70' lang='grc' dir='ltr'>δόξῃ</span> <span class='ocrx_word' id='word_1_685' title='bbox 3959 3797 4015 3830; x_wconf 88' lang='grc' dir='ltr'><strong>τε</strong></span> 
     </span>
    </p>
   </div>
   <div class='ocr_carea' id='block_1_93' title="bbox 2430 3865 4017 3935">
    <p class='ocr_par' dir='ltr' id='par_1_93' title="bbox 2430 3865 4017 3935">
     <span class='ocr_line' id='line_1_93' title="bbox 2430 3865 4017 3935; baseline 0.006 -20"><span class='ocrx_word' id='word_1_686' title='bbox 2430 3866 2523 3916; x_wconf 76' lang='grc' dir='ltr'><strong>καὶ</strong></span> <span class='ocrx_word' id='word_1_687' title='bbox 2583 3865 2862 3935; x_wconf 79' lang='grc' dir='ltr'>ἐπιστήμῃ</span> <span class='ocrx_word' id='word_1_688' title='bbox 2906 3869 3236 3935; x_wconf 77' lang='grc' dir='ltr'>κουφίσασα.</span> <span class='ocrx_word' id='word_1_689' title='bbox 3292 3870 3544 3923; x_wconf 80' lang='grc' dir='ltr'>Τοιοῦτόν</span> <span class='ocrx_word' id='word_1_690' title='bbox 3590 3887 3643 3923; x_wconf 87' lang='grc' dir='ltr'><strong>τι</strong></span> <span class='ocrx_word' id='word_1_691' title='bbox 3701 3871 3874 3933; x_wconf 82' lang='grc' dir='ltr'>πάθος</span> <span class='ocrx_word' id='word_1_692' title='bbox 3925 3875 4017 3924; x_wconf 74' lang='grc' dir='ltr'><strong>καὶ</strong></span> 
     </span>
    </p>
   </div>
   <div class='ocr_carea' id='block_1_94' title="bbox 2431 3955 4016 4033">
    <p class='ocr_par' dir='ltr' id='par_1_94' title="bbox 2431 3955 4016 4033">
     <span class='ocr_line' id='line_1_94' title="bbox 2431 3955 4016 4033; baseline 0.007 -26"><span class='ocrx_word' id='word_1_693' title='bbox 2431 3955 2593 4015; x_wconf 82' lang='grc' dir='ltr'>αὐτὸς</span> <span class='ocrx_word' id='word_1_694' title='bbox 2662 3958 2790 4025; x_wconf 73' lang='grc' dir='ltr'>περὶ</span> <span class='ocrx_word' id='word_1_695' title='bbox 2821 3958 2910 4009; x_wconf 79' lang='grc' dir='ltr'><strong>τὸν</strong></span> <span class='ocrx_word' id='word_1_696' title='bbox 2938 3960 3055 4010; x_wconf 80' lang='grc' dir='ltr'>νέον</span> <span class='ocrx_word' id='word_1_697' title='bbox 3088 3960 3308 4015; x_wconf 79' lang='grc' dir='ltr'>ἔπαθον.</span> <span class='ocrx_word' id='word_1_698' title='bbox 3343 3964 3606 4032; x_wconf 83' lang='grc' dir='ltr'>Καθάπερ</span> <span class='ocrx_word' id='word_1_699' title='bbox 3642 3964 3749 4033; x_wconf 81' lang='grc' dir='ltr'><strong>γάρ</strong></span> <span class='ocrx_word' id='word_1_700' title='bbox 3790 3966 3848 4016; x_wconf 82' lang='grc' dir='ltr'>ἐν</span> <span class='ocrx_word' id='word_1_701' title='bbox 3885 3983 4016 4018; x_wconf 83' lang='grc' dir='ltr'>κατ-</span> 
     </span>
    </p>
   </div>
   <div class='ocr_carea' id='block_1_95' title="bbox 2429 4046 4017 4127">
    <p class='ocr_par' dir='ltr' id='par_1_95' title="bbox 2429 4046 4017 4127">
     <span class='ocr_line' id='line_1_95' title="bbox 2429 4046 4017 4127; baseline 0.008 -31"><span class='ocrx_word' id='word_1_702' title='bbox 2429 4046 2613 4115; x_wconf 80' lang='grc' dir='ltr'>όπτρῳ</span> <span class='ocrx_word' id='word_1_703' title='bbox 2636 4050 2699 4116; x_wconf 79' lang='grc' dir='ltr'>τῇ</span> <span class='ocrx_word' id='word_1_704' title='bbox 2730 4047 2879 4101; x_wconf 84' lang='grc' dir='ltr'>τοῦδε</span> <span class='ocrx_word' id='word_1_705' title='bbox 2910 4050 3053 4120; x_wconf 71' lang='grc' dir='ltr'><strong>ψυχῇ</strong></span> <span class='ocrx_word' id='word_1_706' title='bbox 3084 4052 3301 4104; x_wconf 77' lang='grc' dir='ltr'>εἴδωλόν</span> <span class='ocrx_word' id='word_1_707' title='bbox 3327 4071 3376 4105; x_wconf 89' lang='grc' dir='ltr'><strong>τι</strong></span> <span class='ocrx_word' id='word_1_708' title='bbox 3402 4054 3502 4122; x_wconf 77' lang='grc' dir='ltr'>τῆς</span> <span class='ocrx_word' id='word_1_709' title='bbox 3531 4056 3765 4123; x_wconf 81' lang='grc' dir='ltr'>ἐμαυτοῦ</span> <span class='ocrx_word' id='word_1_710' title='bbox 3790 4057 4017 4127; x_wconf 81' lang='grc' dir='ltr'>γνώμης</span> 
     </span>
    </p>
   </div>
   <div class='ocr_carea' id='block_1_96' title="bbox 2434 4134 4015 4214">
    <p class='ocr_par' dir='ltr' id='par_1_96' title="bbox 2434 4134 4015 4214">
     <span class='ocr_line' id='line_1_96' title="bbox 2434 4134 4015 4214; baseline 0.009 -27"><span class='ocrx_word' id='word_1_711' title='bbox 2434 4134 2555 4187; x_wconf 84' lang='grc' dir='ltr'>ίδὼν</span> <span class='ocrx_word' id='word_1_712' title='bbox 2596 4138 2919 4208; x_wconf 79' lang='grc' dir='ltr'>φαινόμενον</span> <span class='ocrx_word' id='word_1_713' title='bbox 2952 4142 3125 4211; x_wconf 70' lang='grc' dir='ltr'>ἥσθην</span> <span class='ocrx_word' id='word_1_714' title='bbox 3159 4161 3217 4195; x_wconf 91' lang='grc' dir='ltr'><strong>τε</strong></span> <span class='ocrx_word' id='word_1_715' title='bbox 3248 4146 3415 4214; x_wconf 83' lang='grc' dir='ltr'>αὐτῷ,</span> <span class='ocrx_word' id='word_1_716' title='bbox 3444 4147 3539 4199; x_wconf 78' lang='grc' dir='ltr'>καὶ</span> <span class='ocrx_word' id='word_1_717' title='bbox 3571 4147 3659 4198; x_wconf 72' lang='grc' dir='ltr'><strong>διὰ</strong></span> <span class='ocrx_word' id='word_1_718' title='bbox 3692 4148 3854 4199; x_wconf 84' lang='grc' dir='ltr'>τοῦτο</span> <span class='ocrx_word' id='word_1_719' title='bbox 3886 4151 4015 4201; x_wconf 77' lang='grc' dir='ltr'>ἑπό-</span> 
     </span>
    </p>
   </div>
   <div class='ocr_carea' id='block_1_97' title="bbox 2431 4226 4017 4309">
    <p class='ocr_par' dir='ltr' id='par_1_97' title="bbox 2431 4226 4017 4309">
     <span class='ocr_line' id='line_1_97' title="bbox 2431 4226 4017 4309; baseline 0.009 -32"><span class='ocrx_word' id='word_1_720' title='bbox 2431 4226 2591 4297; x_wconf 87' lang='grc' dir='ltr'>θησα,</span> <span class='ocrx_word' id='word_1_721' title='bbox 2626 4230 2718 4281; x_wconf 72' lang='grc' dir='ltr'><strong>καὶ</strong></span> <span class='ocrx_word' id='word_1_722' title='bbox 2768 4231 3015 4302; x_wconf 86' lang='grc' dir='ltr'>καθάπερ</span> <span class='ocrx_word' id='word_1_723' title='bbox 3052 4235 3208 4287; x_wconf 86' lang='grc' dir='ltr'>ἄλλον</span> <span class='ocrx_word' id='word_1_724' title='bbox 3239 4237 3473 4304; x_wconf 78' lang='grc' dir='ltr'>ἐμαυτὸν</span> <span class='ocrx_word' id='word_1_725' title='bbox 3506 4239 3603 4306; x_wconf 77' lang='grc' dir='ltr'><strong>τὴν</strong></span> <span class='ocrx_word' id='word_1_726' title='bbox 3645 4239 3799 4291; x_wconf 75' lang='grc' dir='ltr'>τοῦδε</span> <span class='ocrx_word' id='word_1_727' title='bbox 3840 4243 4017 4309; x_wconf 59' lang='grc' dir='ltr'>ψυχὴν</span> 
     </span>
    </p>
   </div>
   <div class='ocr_carea' id='block_1_98' title="bbox 2432 4315 4016 4397">
    <p class='ocr_par' dir='ltr' id='par_1_98' title="bbox 2432 4315 4016 4397">
     <span class='ocr_line' id='line_1_98' title="bbox 2432 4315 4016 4397; baseline -0.002 -15"><span class='ocrx_word' id='word_1_728' title='bbox 2432 4315 2764 4387; x_wconf 75' lang='grc' dir='ltr'>[ἐξεζήτησα</span> <span class='ocrx_word' id='word_1_729' title='bbox 2790 4320 2833 4351; x_wconf 74' lang='grc'><strong><em>’³</em></strong></span> <span class='ocrx_word' id='word_1_730' title='bbox 2943 4322 3242 4392; x_wconf 80' lang='grc' dir='ltr'>ἐξήσκησα.</span> <span class='ocrx_word' id='word_1_731' title='bbox 3280 4326 3460 4387; x_wconf 86' lang='grc' dir='ltr'>Δεινὸς</span> <span class='ocrx_word' id='word_1_732' title='bbox 3489 4328 3587 4394; x_wconf 83' lang='grc' dir='ltr'><strong>μὲν</strong></span> <span class='ocrx_word' id='word_1_733' title='bbox 3638 4324 3732 4379; x_wconf 78' lang='grc' dir='ltr'><strong>οὖν</strong></span> <span class='ocrx_word' id='word_1_734' title='bbox 3761 4330 3855 4379; x_wconf 76' lang='grc' dir='ltr'>καὶ</span> <span class='ocrx_word' id='word_1_735' title='bbox 3884 4332 4016 4397; x_wconf 77' lang='grc' dir='ltr'>μνήο</span> 
     </span>
    </p>
   </div>
   <div class='ocr_carea' id='block_1_99' title="bbox 2440 4409 4012 4487">
    <p class='ocr_par' dir='ltr' id='par_1_99' title="bbox 2440 4409 4012 4487">
     <span class='ocr_line' id='line_1_99' title="bbox 2440 4409 4012 4487; baseline 0.007 -27"><span class='ocrx_word' id='word_1_736' title='bbox 2440 4427 2517 4479; x_wconf 76' lang='grc' dir='ltr'><strong>μη</strong></span> <span class='ocrx_word' id='word_1_737' title='bbox 2550 4409 2782 4478; x_wconf 78' lang='grc' dir='ltr'>φυλάξαι</span> <span class='ocrx_word' id='word_1_738' title='bbox 2822 4414 2952 4473; x_wconf 78' lang='grc' dir='ltr'>πᾶν,</span> <span class='ocrx_word' id='word_1_739' title='bbox 3003 4413 3139 4482; x_wconf 82' lang='grc' dir='ltr'>ὅπερ</span> <span class='ocrx_word' id='word_1_740' title='bbox 3199 4415 3263 4467; x_wconf 84' lang='grc' dir='ltr'><strong>ἂν</strong></span> <span class='ocrx_word' id='word_1_741' title='bbox 3299 4415 3390 4483; x_wconf 81' lang='grc' dir='ltr'><strong>ὑφ’</strong></span> <span class='ocrx_word' id='word_1_742' title='bbox 3450 4417 3677 4485; x_wconf 77' lang='grc' dir='ltr'>ἡγεμόνι</span> <span class='ocrx_word' id='word_1_743' title='bbox 3738 4421 4012 4487; x_wconf 82' lang='grc' dir='ltr'>πονήσειε.</span> 
     </span>
    </p>
   </div>
   <div class='ocr_carea' id='block_1_100' title="bbox 2430 4501 4015 4574">
    <p class='ocr_par' dir='ltr' id='par_1_100' title="bbox 2430 4501 4015 4574">
     <span class='ocr_line' id='line_1_100' title="bbox 2430 4501 4015 4574; baseline 0.005 -22"><span class='ocrx_word' id='word_1_744' title='bbox 2430 4501 2718 4569; x_wconf 80' lang='grc' dir='ltr'>Φιλόσοφος</span> <span class='ocrx_word' id='word_1_745' title='bbox 2755 4502 2850 4571; x_wconf 79' lang='grc' dir='ltr'>μὲν</span> <span class='ocrx_word' id='word_1_746' title='bbox 2898 4503 2995 4572; x_wconf 81' lang='grc' dir='ltr'>τὴν</span> <span class='ocrx_word' id='word_1_747' title='bbox 3030 4505 3294 4573; x_wconf 82' lang='grc' dir='ltr'>γνώμην,</span> <span class='ocrx_word' id='word_1_748' title='bbox 3333 4507 3455 4567; x_wconf 71' lang='grc' dir='ltr'>τοὺς</span> <span class='ocrx_word' id='word_1_749' title='bbox 3508 4507 3563 4558; x_wconf 79' lang='grc' dir='ltr'>δὲ</span> <span class='ocrx_word' id='word_1_750' title='bbox 3592 4506 3782 4574; x_wconf 82' lang='grc' dir='ltr'>λόγους</span> <span class='ocrx_word' id='word_1_751' title='bbox 3810 4511 3869 4561; x_wconf 80' lang='grc' dir='ltr'><strong>οὐ</strong></span> <span class='ocrx_word' id='word_1_752' title='bbox 3895 4511 4015 4561; x_wconf 73' lang='grc' dir='ltr'>τού-</span> 
     </span>
    </p>
   </div>
   <div class='ocr_carea' id='block_1_101' title="bbox 2430 4594 4015 4666">
    <p class='ocr_par' dir='ltr' id='par_1_101' title="bbox 2430 4594 4015 4666">
     <span class='ocr_line' id='line_1_101' title="bbox 2430 4594 4015 4666; baseline 0.006 -23"><span class='ocrx_word' id='word_1_753' title='bbox 2430 4610 2553 4655; x_wconf 86' lang='grc' dir='ltr'>τους</span> <span class='ocrx_word' id='word_1_754' title='bbox 2586 4595 2766 4662; x_wconf 83' lang='grc' dir='ltr'>μόνον,</span> <span class='ocrx_word' id='word_1_755' title='bbox 2800 4594 2933 4647; x_wconf 89' lang='grc' dir='ltr'><strong>ἀλλά</strong></span> <span class='ocrx_word' id='word_1_756' title='bbox 2958 4598 3051 4648; x_wconf 76' lang='grc' dir='ltr'>καὶ</span> <span class='ocrx_word' id='word_1_757' title='bbox 3090 4599 3197 4650; x_wconf 77' lang='grc' dir='ltr'>πᾶν</span> <span class='ocrx_word' id='word_1_758' title='bbox 3223 4599 3249 4649; x_wconf 83' lang='grc' dir='ltr'><strong>δ</strong></span> <span class='ocrx_word' id='word_1_759' title='bbox 3272 4615 3322 4649; x_wconf 84' lang='grc' dir='ltr'><strong>τι</strong></span> <span class='ocrx_word' id='word_1_760' title='bbox 3367 4598 3544 4666; x_wconf 76' lang='grc' dir='ltr'>βούλει</span> <span class='ocrx_word' id='word_1_761' title='bbox 3584 4599 3691 4649; x_wconf 82' lang='grc' dir='ltr'><strong>τῶν</strong></span> <span class='ocrx_word' id='word_1_762' title='bbox 3736 4601 3837 4653; x_wconf 80' lang='grc' dir='ltr'><strong>ὅσα</strong></span> <span class='ocrx_word' id='word_1_763' title='bbox 3868 4603 4015 4654; x_wconf 76' lang='lat' dir='ltr'><strong>Mou-</strong></span> 
     </span>
    </p>
   </div>
   <div class='ocr_carea' id='block_1_102' title="bbox 2433 4682 4016 4761">
    <p class='ocr_par' dir='ltr' id='par_1_102' title="bbox 2433 4682 4016 4761">
     <span class='ocr_line' id='line_1_102' title="bbox 2433 4682 4016 4761; baseline 0.006 -28"><span class='ocrx_word' id='word_1_764' title='bbox 2433 4682 2542 4734; x_wconf 89' lang='grc' dir='ltr'><strong>σῶν</strong></span> <span class='ocrx_word' id='word_1_765' title='bbox 2574 4701 2634 4735; x_wconf 88' lang='grc' dir='ltr'><strong>τε</strong></span> <span class='ocrx_word' id='word_1_766' title='bbox 2684 4690 2777 4737; x_wconf 74' lang='grc' dir='ltr'>καὶ</span> <span class='ocrx_word' id='word_1_767' title='bbox 2815 4687 3151 4751; x_wconf 76' lang='grc' dir='ltr'>’Λπόλλωνος</span> <span class='ocrx_word' id='word_1_768' title='bbox 3186 4689 3447 4757; x_wconf 84' lang='grc' dir='ltr'>λειμῶνες</span> <span class='ocrx_word' id='word_1_769' title='bbox 3482 4690 3737 4759; x_wconf 74' lang='grc' dir='ltr'>βρύουσιν</span> <span class='ocrx_word' id='word_1_770' title='bbox 3766 4710 3778 4722; x_wconf 92' lang='grc'><strong>·</strong></span> <span class='ocrx_word' id='word_1_771' title='bbox 3820 4694 3913 4761; x_wconf 80' lang='grc' dir='ltr'><strong>ἀφ’</strong></span> <span class='ocrx_word' id='word_1_772' title='bbox 3942 4690 4016 4745; x_wconf 80' lang='grc' dir='ltr'><strong>ῶν</strong></span> 
     </span>
    </p>
   </div>
   <div class='ocr_carea' id='block_1_103' title="bbox 2429 4773 4016 4851">
    <p class='ocr_par' dir='ltr' id='par_1_103' title="bbox 2429 4773 4016 4851">
     <span class='ocr_line' id='line_1_103' title="bbox 2429 4773 4016 4851; baseline 0.009 -29"><span class='ocrx_word' id='word_1_773' title='bbox 2429 4773 2769 4844; x_wconf 76' lang='grc' dir='ltr'>δρεψάμενος</span> <span class='ocrx_word' id='word_1_774' title='bbox 2798 4778 3015 4846; x_wconf 85' lang='grc' dir='ltr'>ἀπάσης</span> <span class='ocrx_word' id='word_1_775' title='bbox 3041 4780 3290 4841; x_wconf 81' lang='grc' dir='ltr'>παιδείας</span> <span class='ocrx_word' id='word_1_776' title='bbox 3316 4781 3502 4842; x_wconf 85' lang='grc' dir='ltr'>λωτὸν,</span> <span class='ocrx_word' id='word_1_777' title='bbox 3537 4777 3646 4833; x_wconf 79' lang='grc' dir='ltr'>οἷόν</span> <span class='ocrx_word' id='word_1_778' title='bbox 3669 4800 3793 4835; x_wconf 85' lang='grc' dir='ltr'>τινα</span> <span class='ocrx_word' id='word_1_779' title='bbox 3822 4786 4016 4851; x_wconf 72' lang='grc' dir='ltr'>στέφα-</span> 
     </span>
    </p>
   </div>
   <div class='ocr_carea' id='block_1_104' title="bbox 2432 4863 4016 4940">
    <p class='ocr_par' dir='ltr' id='par_1_104' title="bbox 2432 4863 4016 4940">
     <span class='ocr_line' id='line_1_104' title="bbox 2432 4863 4016 4940; baseline 0.008 -28"><span class='ocrx_word' id='word_1_780' title='bbox 2432 4877 2520 4913; x_wconf 89' lang='grc' dir='ltr'><strong>νον</strong></span> <span class='ocrx_word' id='word_1_781' title='bbox 2559 4863 2745 4931; x_wconf 75' lang='grc' dir='ltr'>ἡρινὺν</span> <span class='ocrx_word' id='word_1_782' title='bbox 2785 4865 2883 4933; x_wconf 85' lang='grc' dir='ltr'><strong>τὴν</strong></span> <span class='ocrx_word' id='word_1_783' title='bbox 2922 4866 3115 4918; x_wconf 80' lang='grc' dir='ltr'>ἑαυτοῦ</span> <span class='ocrx_word' id='word_1_784' title='bbox 3152 4866 3327 4935; x_wconf 72' lang='grc' dir='ltr'>ψυχὴν</span> <span class='ocrx_word' id='word_1_785' title='bbox 3372 4870 3763 4938; x_wconf 82' lang='grc' dir='ltr'>ἀπείργασται.</span> <span class='ocrx_word' id='word_1_786' title='bbox 3812 4872 3873 4923; x_wconf 85' lang='grc' dir='ltr'><strong>Εἰ</strong></span> <span class='ocrx_word' id='word_1_787' title='bbox 3922 4874 4016 4940; x_wconf 82' lang='grc' dir='ltr'><strong>μὲν</strong></span> 
     </span>
    </p>
   </div>
   <div class='ocr_carea' id='block_1_105' title="bbox 2433 4950 4016 5030">
    <p class='ocr_par' dir='ltr' id='par_1_105' title="bbox 2433 4950 4016 5030">
     <span class='ocr_line' id='line_1_105' title="bbox 2433 4950 4016 5030; baseline 0.007 -29"><span class='ocrx_word' id='word_1_788' title='bbox 2433 4950 2543 5021; x_wconf 83' lang='grc' dir='ltr'>γὰρ</span> <span class='ocrx_word' id='word_1_789' title='bbox 2574 4952 2751 5019; x_wconf 84' lang='grc' dir='ltr'>λέγειν</span> <span class='ocrx_word' id='word_1_790' title='bbox 2773 4953 3037 5023; x_wconf 83' lang='grc' dir='ltr'>δεήσειεν,</span> <span class='ocrx_word' id='word_1_791' title='bbox 3070 4956 3253 5008; x_wconf 83' lang='grc' dir='ltr'>οὐκέτ’</span> <span class='ocrx_word' id='word_1_792' title='bbox 3285 4957 3350 5009; x_wconf 87' lang='grc' dir='ltr'><strong>ἀν</strong></span> <span class='ocrx_word' id='word_1_793' title='bbox 3378 4958 3639 5029; x_wconf 79' lang='grc' dir='ltr'>ζητήσαις</span> <span class='ocrx_word' id='word_1_794' title='bbox 3680 4962 3789 5030; x_wconf 85' lang='grc' dir='ltr'><strong>ὅτῳ</strong></span> <span class='ocrx_word' id='word_1_795' title='bbox 3812 4964 3857 4993; x_wconf 60' lang='grc' dir='ltr'><strong>’δ</strong></span> <span class='ocrx_word' id='word_1_796' title='bbox 3892 4967 4016 5023; x_wconf 76' lang='grc' dir='ltr'>παῖς</span> 
     </span>
    </p>
   </div>
   <div class='ocr_carea' id='block_1_106' title="bbox 2436 5044 4017 5121">
    <p class='ocr_par' dir='ltr' id='par_1_106' title="bbox 2436 5044 4017 5121">
     <span class='ocr_line' id='line_1_106' title="bbox 2436 5044 4017 5121; baseline 0.006 -28"><span class='ocrx_word' id='word_1_797' title='bbox 2436 5044 2518 5111; x_wconf 76' lang='grc' dir='ltr'><strong>εἴη</strong></span> <span class='ocrx_word' id='word_1_798' title='bbox 2550 5046 2642 5095; x_wconf 80' lang='grc' dir='ltr'><strong>καὶ</strong></span> <span class='ocrx_word' id='word_1_799' title='bbox 2671 5046 2776 5113; x_wconf 80' lang='grc' dir='ltr'><strong>ὅτῳ</strong></span> <span class='ocrx_word' id='word_1_800' title='bbox 2800 5046 3076 5116; x_wconf 80' lang='grc' dir='ltr'>προσῆκεν</span> <span class='ocrx_word' id='word_1_801' title='bbox 3106 5064 3119 5077; x_wconf 78' lang='grc' dir='ltr'><strong>ο</strong></span> <span class='ocrx_word' id='word_1_802' title='bbox 3154 5047 3297 5100; x_wconf 82' lang='grc' dir='ltr'>οὓτω</span> <span class='ocrx_word' id='word_1_803' title='bbox 3329 5050 3508 5121; x_wconf 83' lang='grc' dir='ltr'>πάσης</span> <span class='ocrx_word' id='word_1_804' title='bbox 3540 5052 3765 5121; x_wconf 67' lang='grc' dir='ltr'>Γραφῆς</span> <span class='ocrx_word' id='word_1_805' title='bbox 3793 5054 4017 5121; x_wconf 71' lang='grc' dir='ltr'>ἀκριϐέ-</span> 
     </span>
    </p>
   </div>
   <div class='ocr_carea' id='block_1_107' title="bbox 2437 5136 4018 5215">
    <p class='ocr_par' dir='ltr' id='par_1_107' title="bbox 2437 5136 4018 5215">
     <span class='ocr_line' id='line_1_107' title="bbox 2437 5136 4018 5215; baseline 0.009 -30"><span class='ocrx_word' id='word_1_806' title='bbox 2437 5150 2626 5203; x_wconf 66' lang='grc' dir='ltr'>στερον</span> <span class='ocrx_word' id='word_1_807' title='bbox 2645 5136 2741 5207; x_wconf 83' lang='grc' dir='ltr'>τὴν</span> <span class='ocrx_word' id='word_1_808' title='bbox 2760 5139 2944 5192; x_wconf 85' lang='grc' dir='ltr'>εἰκόνα</span> <span class='ocrx_word' id='word_1_809' title='bbox 2966 5139 3061 5193; x_wconf 80' lang='grc' dir='ltr'>τοῦ</span> <span class='ocrx_word' id='word_1_810' title='bbox 3096 5141 3471 5213; x_wconf 84' lang='grc' dir='ltr'>καθηγεμόνος</span> <span class='ocrx_word' id='word_1_811' title='bbox 3502 5162 3566 5213; x_wconf 84' lang='grc' dir='ltr'><strong>με</strong></span> <span class='ocrx_word' id='word_1_812' title='bbox 3576 5145 3834 5215; x_wconf 84' lang='grc' dir='ltr'>μίμηται.</span> <span class='ocrx_word' id='word_1_813' title='bbox 3857 5147 4018 5213; x_wconf 81' lang='grc' dir='ltr'>Ἀγα-</span> 
     </span>
    </p>
   </div>
   <div class='ocr_carea' id='block_1_108' title="bbox 2098 5239 2799 5304">
    <p class='ocr_par' dir='ltr' id='par_1_108' title="bbox 2098 5239 2799 5304">
     <span class='ocr_line' id='line_1_108' title="bbox 2098 5239 2799 5304; baseline 0.017 -12"><span class='ocrx_word' id='word_1_814' title='bbox 2098 5239 2333 5294; x_wconf 67' lang='lat' dir='ltr'><strong>VARI/E</strong></span> <span class='ocrx_word' id='word_1_815' title='bbox 2394 5243 2799 5304; x_wconf 75' lang='lat' dir='ltr'><strong>LECTIONES.</strong></span> 
     </span>
    </p>
   </div>
   <div class='ocr_carea' id='block_1_109' title="bbox 1337 5354 2203 5423">
    <p class='ocr_par' dir='ltr' id='par_1_109' title="bbox 1337 5354 2203 5423">
     <span class='ocr_line' id='line_1_109' title="bbox 1337 5354 2203 5423; baseline 0.009 -35"><span class='ocrx_word' id='word_1_816' title='bbox 1337 5358 1382 5388; x_wconf 74' lang='lat' dir='ltr'><strong>se</strong></span> <span class='ocrx_word' id='word_1_817' title='bbox 1415 5357 1563 5423; x_wconf 80' lang='grc' dir='ltr'>ξένον</span> <span class='ocrx_word' id='word_1_818' title='bbox 1619 5354 1901 5408; x_wconf 77' lang='lat' dir='ltr'><strong>Reiskius:</strong></span> <span class='ocrx_word' id='word_1_819' title='bbox 1936 5354 2107 5419; x_wconf 82' lang='grc' dir='ltr'>ξένιον</span> <span class='ocrx_word' id='word_1_820' title='bbox 2144 5373 2203 5418; x_wconf 83' lang='grc' dir='ltr'>ς,</span> 
     </span>
    </p>
   </div>
   <div class='ocr_carea' id='block_1_110' title="bbox 1237 5428 1789 5496">
    <p class='ocr_par' dir='ltr' id='par_1_110' title="bbox 1237 5428 1789 5496">
     <span class='ocr_line' id='line_1_110' title="bbox 1237 5428 1789 5496; baseline -0.004 -17"><span class='ocrx_word' id='word_1_821' title='bbox 1237 5428 1283 5459; x_wconf 77' lang='grc'><strong>⁸⁸</strong></span> <span class='ocrx_word' id='word_1_822' title='bbox 1319 5428 1640 5496; x_wconf 86' lang='grc' dir='ltr'>βαλλόμενος</span> <span class='ocrx_word' id='word_1_823' title='bbox 1684 5429 1789 5478; x_wconf 65' lang='lat' dir='ltr'><strong>At).</strong></span> 
     </span>
    </p>
   </div>
   <div class='ocr_carea' id='block_1_111' title="bbox 1208 5496 1991 5567">
    <p class='ocr_par' dir='ltr' id='par_1_111' title="bbox 1208 5496 1991 5567">
     <span class='ocr_line' id='line_1_111' title="bbox 1208 5496 1991 5567; baseline 0.001 -17"><span class='ocrx_word' id='word_1_824' title='bbox 1208 5500 1253 5531; x_wconf 82' lang='lat'><strong>&quot;</strong></span> <span class='ocrx_word' id='word_1_825' title='bbox 1278 5498 1574 5567; x_wconf 77' lang='grc' dir='ltr'>ἐξήσκησα]</span> <span class='ocrx_word' id='word_1_826' title='bbox 1609 5497 1902 5561; x_wconf 78' lang='grc' dir='ltr'>ἐξεκάκισα</span> <span class='ocrx_word' id='word_1_827' title='bbox 1930 5496 1991 5551; x_wconf 88' lang='lat' dir='ltr'><strong>C.</strong></span> 
     </span>
    </p>
   </div>
   <div class='ocr_carea' id='block_1_112' title="bbox 828 5356 1195 5425">
    <p class='ocr_par' dir='ltr' id='par_1_112' title="bbox 828 5356 1195 5425">
     <span class='ocr_line' id='line_1_112' title="bbox 828 5356 1195 5425; baseline 0.003 -15"><span class='ocrx_word' id='word_1_828' title='bbox 828 5358 873 5388; x_wconf 83' lang='lat'><strong>&quot;</strong></span> <span class='ocrx_word' id='word_1_829' title='bbox 910 5356 1111 5425; x_wconf 77' lang='grc' dir='ltr'>ἄγοντα</span> <span class='ocrx_word' id='word_1_830' title='bbox 1133 5361 1195 5412; x_wconf 86' lang='grc' dir='ltr'><strong>Α.</strong></span> 
     </span>
    </p>
   </div>
   <div class='ocr_carea' id='block_1_113' title="bbox 749 5428 1164 5484">
    <p class='ocr_par' dir='ltr' id='par_1_113' title="bbox 749 5428 1164 5484">
     <span class='ocr_line' id='line_1_113' title="bbox 749 5428 1164 5484; baseline 0.012 -5"><span class='ocrx_word' id='word_1_831' title='bbox 749 5428 795 5459; x_wconf 80' lang='grc'><strong>⁸⁸</strong></span> <span class='ocrx_word' id='word_1_832' title='bbox 816 5430 916 5480; x_wconf 84' lang='grc' dir='ltr'><strong>οὐκ</strong></span> <span class='ocrx_word' id='word_1_833' title='bbox 961 5444 1071 5483; x_wconf 89' lang='lat' dir='ltr'><strong>om.</strong></span> <span class='ocrx_word' id='word_1_834' title='bbox 1101 5430 1164 5484; x_wconf 82' lang='lat' dir='ltr'><strong>A.</strong></span> 
     </span>
    </p>
   </div>
   <div class='ocr_carea' id='block_1_114' title="bbox 748 5499 1105 5569">
    <p class='ocr_par' dir='ltr' id='par_1_114' title="bbox 748 5499 1105 5569">
     <span class='ocr_line' id='line_1_114' title="bbox 748 5499 1105 5569; baseline 0.006 -18"><span class='ocrx_word' id='word_1_835' title='bbox 748 5499 1020 5569; x_wconf 70' lang='grc' dir='ltr'>διαφόροις</span> <span class='ocrx_word' id='word_1_836' title='bbox 1044 5501 1105 5553; x_wconf 83' lang='lat' dir='ltr'><strong>C.</strong></span> 
     </span>
    </p>
   </div>
   <div class='ocr_carea' id='block_1_115' title="bbox 2332 5356 2674 5431">
    <p class='ocr_par' dir='ltr' id='par_1_115' title="bbox 2332 5356 2674 5431">
     <span class='ocr_line' id='line_1_115' title="bbox 2332 5356 2674 5431; baseline 0.006 -22"><span class='ocrx_word' id='word_1_837' title='bbox 2332 5356 2375 5389; x_wconf 82' lang='grc'><strong>⁸⁷</strong></span> <span class='ocrx_word' id='word_1_838' title='bbox 2401 5358 2674 5431; x_wconf 73' lang='grc' dir='ltr'>Κλεινίου]</span> 
     </span>
    </p>
   </div>
   <div class='ocr_carea' id='block_1_116' title="bbox 1867 5425 2964 5499">
    <p class='ocr_par' dir='ltr' id='par_1_116' title="bbox 1867 5425 2964 5499">
     <span class='ocr_line' id='line_1_116' title="bbox 1867 5425 2964 5499; baseline 0.031 -44"><span class='ocrx_word' id='word_1_839' title='bbox 1867 5426 1912 5455; x_wconf 77' lang='lat' dir='ltr'><strong>oo</strong></span> <span class='ocrx_word' id='word_1_840' title='bbox 1938 5425 2209 5499; x_wconf 43' lang='lat' dir='ltr'><strong>Eam-0505i</strong></span> <span class='ocrx_word' id='word_1_841' title='bbox 2242 5426 2346 5499; x_wconf 70' lang='lat' dir='ltr'><strong>BC.</strong></span> <span class='ocrx_word' id='word_1_842' title='bbox 2384 5428 2547 5495; x_wconf 85' lang='grc' dir='ltr'>κέρας</span> <span class='ocrx_word' id='word_1_843' title='bbox 2572 5425 2870 5499; x_wconf 78' lang='grc' dir='ltr'>ἀμαλθείας</span> <span class='ocrx_word' id='word_1_844' title='bbox 2906 5436 2964 5489; x_wconf 82' lang='grc' dir='ltr'><strong>Β.</strong></span> 
     </span>
    </p>
   </div>
   <div class='ocr_carea' id='block_1_117' title="bbox 2092 5495 2664 5567">
    <p class='ocr_par' dir='ltr' id='par_1_117' title="bbox 2092 5495 2664 5567">
     <span class='ocr_line' id='line_1_117' title="bbox 2092 5495 2664 5567; baseline -0.005 -10"><span class='ocrx_word' id='word_1_845' title='bbox 2092 5500 2135 5533; x_wconf 65' lang='grc'><strong>’³</strong></span> <span class='ocrx_word' id='word_1_846' title='bbox 2161 5495 2416 5567; x_wconf 74' lang='grc' dir='ltr'>ζητῆσαι]</span> <span class='ocrx_word' id='word_1_847' title='bbox 2445 5500 2567 5551; x_wconf 80' lang='grc' dir='ltr'>ὅτου</span> <span class='ocrx_word' id='word_1_848' title='bbox 2599 5495 2664 5554; x_wconf 81' lang='grc' dir='ltr'><strong>Ᾱ.</strong></span> 
     </span>
    </p>
   </div>
   <div class='ocr_carea' id='block_1_118' title="bbox 2724 5364 4009 5440">
    <p class='ocr_par' dir='ltr' id='par_1_118' title="bbox 2724 5364 4009 5440">
     <span class='ocr_line' id='line_1_118' title="bbox 2724 5364 4009 5440; baseline 0.009 -27"><span class='ocrx_word' id='word_1_849' title='bbox 2724 5364 2935 5440; x_wconf 74' lang='lat' dir='ltr'><strong>ntalim_</strong></span> <span class='ocrx_word' id='word_1_850' title='bbox 2962 5366 3054 5420; x_wconf 75' lang='grc' dir='ltr'>τοῦ</span> <span class='ocrx_word' id='word_1_851' title='bbox 3110 5369 3381 5422; x_wconf 85' lang='grc' dir='ltr'>Κλεινίου.</span> <span class='ocrx_word' id='word_1_852' title='bbox 3431 5370 3503 5424; x_wconf 85' lang='lat' dir='ltr'><strong>cf.</strong></span> <span class='ocrx_word' id='word_1_853' title='bbox 3536 5386 3588 5440; x_wconf 76' lang='grc' dir='ltr'><strong>ῃ.</strong></span> <span class='ocrx_word' id='word_1_854' title='bbox 3654 5370 3721 5424; x_wconf 82' lang='lat' dir='ltr'><strong>R.</strong></span> <span class='ocrx_word' id='word_1_855' title='bbox 3771 5371 3925 5432; x_wconf 76' lang='lat'><strong>“37,</strong></span> <span class='ocrx_word' id='word_1_856' title='bbox 3957 5373 4009 5425; x_wconf 91' lang='lat'><strong>9.</strong></span> 
     </span>
    </p>
   </div>
   <div class='ocr_carea' id='block_1_119' title="bbox 3042 5440 4015 5515">
    <p class='ocr_par' dir='ltr' id='par_1_119' title="bbox 3042 5440 4015 5515">
     <span class='ocr_line' id='line_1_119' title="bbox 3042 5440 4015 5515; baseline 0.014 -25"><span class='ocrx_word' id='word_1_857' title='bbox 3042 5440 3085 5470; x_wconf 78' lang='grc'><strong>³⁸</strong></span> <span class='ocrx_word' id='word_1_858' title='bbox 3116 5440 3225 5493; x_wconf 85' lang='grc' dir='ltr'><strong>τῶν</strong></span> <span class='ocrx_word' id='word_1_859' title='bbox 3252 5442 3548 5495; x_wconf 82' lang='grc' dir='ltr'>νεανίσκων</span> <span class='ocrx_word' id='word_1_860' title='bbox 3584 5441 3647 5496; x_wconf 90' lang='lat' dir='ltr'><strong>C.</strong></span> <span class='ocrx_word' id='word_1_861' title='bbox 3710 5443 3754 5473; x_wconf 84' lang='lat'><strong>&quot;</strong></span> <span class='ocrx_word' id='word_1_862' title='bbox 3779 5443 4015 5515; x_wconf 77' lang='grc' dir='ltr'>δίφροις]</span> 
     </span>
    </p>
   </div>
   <div class='ocr_carea' id='block_1_120' title="bbox 2262 5610 2498 5669">
    <p class='ocr_par' dir='ltr' id='par_1_120' title="bbox 2262 5610 2498 5669">
     <span class='ocr_line' id='line_1_120' title="bbox 2262 5610 2498 5669; baseline 0.021 -5"><span class='ocrx_word' id='word_1_863' title='bbox 2262 5610 2498 5669; x_wconf 61' lang='lat' dir='ltr'><strong>NOTAE.</strong></span> 
     </span>
    </p>
   </div>
   <div class='ocr_carea' id='block_1_121' title="bbox 827 5702 2447 5775">
    <p class='ocr_par' dir='ltr' id='par_1_121' title="bbox 827 5702 2447 5775">
     <span class='ocr_line' id='line_1_121' title="bbox 827 5702 2447 5775; baseline 0 -16"><span class='ocrx_word' id='word_1_864' title='bbox 827 5706 939 5775; x_wconf 63' lang='grc' dir='ltr'>(ιο)</span> <span class='ocrx_word' id='word_1_865' title='bbox 979 5705 1131 5760; x_wconf 87' lang='lat' dir='ltr'><strong>Plato</strong></span> <span class='ocrx_word' id='word_1_866' title='bbox 1177 5706 1229 5759; x_wconf 89' lang='lat' dir='ltr'><strong>in</strong></span> <span class='ocrx_word' id='word_1_867' title='bbox 1280 5704 1526 5767; x_wconf 73' lang='lat' dir='ltr'><strong>P/twdro,</strong></span> <span class='ocrx_word' id='word_1_868' title='bbox 1554 5707 1638 5759; x_wconf 72' lang='lat' dir='ltr'><strong>vel</strong></span> <span class='ocrx_word' id='word_1_869' title='bbox 1674 5706 1915 5775; x_wconf 71' lang='lat' dir='ltr'><strong>Sympos.</strong></span> <span class='ocrx_word' id='word_1_870' title='bbox 1955 5704 2151 5761; x_wconf 73' lang='lat' dir='ltr'><strong>Alciat.</strong></span> <span class='ocrx_word' id='word_1_871' title='bbox 2187 5702 2447 5759; x_wconf 77' lang='lat' dir='ltr'><strong>Embfcm.</strong></span> 
     </span>
    </p>
   </div>
   <div class='ocr_carea' id='block_1_122' title="bbox 828 5770 1719 5846">
    <p class='ocr_par' dir='ltr' id='par_1_122' title="bbox 828 5770 1719 5846">
     <span class='ocr_line' id='line_1_122' title="bbox 828 5770 1719 5846; baseline -0.004 -15"><span class='ocrx_word' id='word_1_872' title='bbox 828 5770 939 5843; x_wconf 72' lang='grc' dir='ltr'><strong>(Π)</strong></span> <span class='ocrx_word' id='word_1_873' title='bbox 970 5777 1323 5833; x_wconf 76' lang='lat' dir='ltr'><strong>Philostratus</strong></span> <span class='ocrx_word' id='word_1_874' title='bbox 1354 5786 1406 5831; x_wconf 83' lang='lat' dir='ltr'><strong>et</strong></span> <span class='ocrx_word' id='word_1_875' title='bbox 1433 5775 1719 5846; x_wconf 62' lang='lat' dir='ltr'><strong>Gyt&#39;a&#39;idus.</strong></span> 
     </span>
    </p>
   </div>
  </div>
