4206 6436
232 420 374 489 135τ

1310 416 1835 480 BIBLIOTHECA.
1854 440 1921 449 -
1952 414 2111 474 COD.
2153 414 2436 476 CCXLI”
2448 460 2460 471 .

3355 413 3491 479 1358

226 532 323 595 θδς
355 534 458 602 μὲν
482 534 976 605 συμπαραστάτης,
1014 532 1066 585 εί
1095 548 1197 585 που
1230 530 1340 584 δέοι
1366 532 1447 601 τῷ
1472 529 1811 599 καθηγεμόνι

1918 523 2402 595 lingunt,,l‘raudem
2438 524 2581 581 illius
2601 533 2762 580 etate
2792 525 3012 594 juvenili
3040 524 3240 597 3690
3276 525 3502 583 demon-

227 625 723 691 συναγωνίζεσθαι,
757 624 958 691 ἀγαθὸς
991 624 1049 676 δὲ
1078 625 1171 677 καὶ
1215 620 1677 692 αύτοπροσώπως.
1726 622 1817 670 Δι-

229 716 404 778 ιιαίως
447 715 557 784 άρα
598 717 649 769 oi
680 715 929 787 ποιηταὶ,
970 715 1063 767 καὶ
1110 713 1226 783 μετ’
1267 712 1445 765 αὐτῶν
1486 712 1719 780 γραφεῖς
1758 724 1818 762 τε

224 806 324 858 καὶ
363 808 621 871 πλάσται,
676 808 919 877 Ἔρωτος
976 806 1155 877 γῆρας
1201 804 1647 873 ἀποσυλήσαντες
1698 800 1819 853 νέον

220 896 447 948 ποιοῦσι
475 896 565 949 τδν
585 896 717 949 Θεὸν
749 896 938 949 τοῦτον
966 898 1060 949 καὶ
1081 896 1306 965 ἔφηϐον,
1336 895 1406 947 τὰ
1432 896 1530 965 τῆς
1558 894 1820 955 ἀπιστίας

218 986 399 1039 αὐτοῦ
442 987 520 1056 τῷ
564 987 745 1058 νεαρῷ
778 989 823 1018 ⁸⁸
858 988 957 1056 τῆς
990 988 1205 1058 ἡλικίας
1255 986 1610 1057 ἐμφαίνοντες
1649 986 1717 1040 ⁸⁸.
1748 980 1822 1040 Ὅ

217 1078 484 1131 τοσοῦτον
520 1079 749 1148 ίσχύσας
786 1082 899 1140 τοῖς
926 1080 1125 1147 λόγοις,
1156 1079 1281 1131 ὅσον
1308 1079 1403 1130 καὶ
1435 1078 1530 1129 τὸν
1549 1076 1822 1130 Θετταλόν

218 1168 417 1221 ἀκούω
448 1168 651 1221 Κινέαν
678 1168 748 1231 ⁸⁷,
788 1168 849 1223 ὃς
879 1169 975 1220 σὺν
1012 1166 1223 1238 βασιλεῖ
1260 1166 1464 1237 Πύρῤῳ
1504 1166 1608 1235 γῆν
1647 1164 1821 1217 ἐπιὼν

217 1257 415 1308 πᾶσαν
445 1258 542 1307 καὶ
578 1254 855 1309 θάλασσαν
884 1257 990 1327 πρὸ
1016 1256 1125 1309 τῶν
1157 1255 1567 1327 μηχανημάτων
1587 1258 1701 1319 τοῖς
1732 1254 1821 1307 λό-

218 1362 347 1413 γοις
373 1345 471 1407 τὰς
499 1344 684 1407 πόλεις
719 1346 946 1400 ἔκλινεν.
970 1348 1045 1400 Οὐ
1079 1348 1191 1419 γὰρ
1211 1348 1371 1409 αὑτός
1412 1364 1475 1416 γε
1512 1347 1706 1399 τούτου
1741 1346 1818 1399 δι-

215 1436 587 1501 δάσκαλος,ού
609 1437 684 1505 μὰ
711 1440 835 1499 τοὺς
866 1439 1188 1508 ὑμετέρους,
1222 1433 1267 1491 ὦ
1293 1437 1463 1505 λόγοι,
1482 1437 1722 1503 πόθους,
1750 1436 1818 1489 δι’

216 1529 318 1593 οὓς
350 1529 463 1598 ἑγὼ
492 1530 757 1599 ¹πατρικὸν
781 1530 939 1585 δλϐον
972 1531 1134 1602 ῥίψας
1161 1532 1457 1599 εὐδαίμονα
1486 1533 1618 1601 παρ’
1685 1530 1911 1583 Ἰλισσοῦ
1947 1531 1993 1564 ’³
2059 1535 2351 1602 μυστικαῖς
2402 1532 2593 1602 όχθαις

1926 623 2185 668 strantes.
2214 613 2261 668 0
2287 615 2378 684 qui
2408 622 2612 668 tantum
2637 613 2816 685 lingua
2846 616 3015 681 vales,
3050 624 3315 685 quantum
3343 618 3503 671 audio

1925 706 2143 759 Cineam
2178 704 2497 761 Thessalum
2526 706 2665 775 (ιε),
2694 707 2787 774 qui
2814 722 2935 761 cum
2976 721 3107 777 rege
3134 706 3346 777 Pyrrho
3380 722 3500 760 om-

1926 813 2048 851 nem
2095 806 2295 852 terram
2337 808 2392 853 et
2441 812 2588 852 mare
2630 812 2882 852 emensus
2922 814 3026 852 non
3070 800 3383 875 machinis,
3408 799 3502 851 sed

1924 891 2170 945 oratione
2197 892 2359 945 urbes
2381 891 2565 945 evicit.
2597 888 2715 944 Non
2746 891 2889 945 enim
2937 891 3026 945 ille
3055 890 3217 959 hujus
3248 891 3504 959 magister

1921 995 2017 1050 per
2047 991 2278 1046 vestros,
2313 996 2349 1036 ο
2372 996 2674 1045 sermones,
2703 997 2938 1048 amores,
2973 991 3195 1051 propter
3223 996 3359 1051 quos
3401 996 3506 1051 ego

1917 1072 2104 1127 beatas
2128 1081 2379 1139 paternas
2421 1072 2684 1139 abjiciens
2707 1088 2858 1140 opes,
2877 1073 3031 1140 juxta
3093 1082 3336 1127 secretas
3361 1073 3502 1127 llissi

1919 1166 2065 1235 ripas
2123 1168 2383 1222 babitavi.
2447 1168 2760 1223 Alexander
2808 1169 2975 1225 totius
3027 1168 3211 1223 mundi
3265 1168 3501 1236 partium

1921 1257 2139 1325 tropmis
2169 1258 2393 1326 potitus.
2413 1256 2549 1310 Tum
2575 1258 2725 1310 enim
2758 1272 2789 1311 e
2815 1256 3041 1312 meridie
3070 1254 3294 1311 conﬂuit
3318 1263 3503 1318 aestas.

1924 1363 2117 1402 aurora
2168 1349 2381 1416 mitigat
2424 1349 2613 1414 solem,
2648 1358 2704 1403 et
2748 1348 2925 1405 elatos
2975 1350 3026 1403 in
3062 1363 3281 1417 proram
3311 1345 3505 1399 tinctus

1927 1437 2118 1492 dividit
2140 1438 2408 1509 Zephyro.

2676 1531 2882 1601 ὲσκήνη
2890 1549 3005 1602 μαι.
3052 1529 3400 1599 Ἀλέξανδρος
3471 1527 3504 1578 δ

214 1625 336 1685 τοῖς
366 1622 649 1691 τροπαίοις
690 1622 841 1690 ὅροις
875 1622 972 1688 τῆς
1004 1621 1133 1692 ὅλης
1161 1623 1207 1654 ’⁸
1238 1621 1609 1690 χρησάμενος.
1642 1620 1716 1672 Τό
1750 1636 1809 1673 τε
1848 1620 1957 1690 γάρ
1990 1622 2089 1691 τῆς
2124 1622 2472 1692 μεσημϐρίας
2503 1623 2733 1693 ὑπορρεῖ
2761 1621 2904 1687 ζέον,
2940 1619 3086 1691 αὔρα
3146 1638 3205 1674 τε
3269 1619 3504 1689 πραΰνει

214 1715 313 1767 τὸν
341 1713 532 1781 ἥλιον,
571 1712 666 1763 καὶ
693 1711 874 1779 σχίσαι
909 1711 1135 1780 Ζεφύρῳ
1162 1710 1511 1780 πορφύροντα
1542 1711 1672 1777 περὶ
1702 1708 1801 1778 τὴν
1839 1709 2064 1781 πρῶραν
2086 1713 2155 1765 τὰ
2179 1711 2417 1780 κύματα.

215 1803 239 1877 [
261 1801 401 1857 1121
541 1799 601 1877 ]_
623 1800 725 1877 Ἐκ
743 1799 874 1877 τῆς
910 1800 1250 1877 ᾳρὸς-τοὺς-
1276 1799 1560 1877 ἑταίρους.
1588 1813 1813 1877 συντα-

1989 1800 2069 1854 Εεε
2120 1806 2357 1858 oratione
2394 1804 2465 1857 ad
2498 1803 2683 1877 Sogios
2717 1806 2841 1857 dum
2880 1806 2975 1859 iret
3004 1803 3333 1859 Corinthum.
3358 1832 3428 1849 —-

286 1868 666 1939 κακῆς-[ὅτε
699 1868 863 1938 ἐξῄει
898 1871 998 1922 ἐπὶ
1038 1870 1347 1937 Κόρινθον.
1383 1897 1456 1908 -ο
1498 1870 1568 1923 Τὸ
1604 1870 1809 1937 προοί-

282 1957 453 2010 year.

290 2030 361 2082 0i
406 2026 578 2080 πάλαι
622 2027 721 2096 τὴν
766 2026 937 2097 λύραν
967 2025 1290 2094 κάμνοντες,
1324 2024 1379 2077 εί
1412 2041 1543 2077 ποτε
1574 2024 1679 2093 γῆν
1713 2022 1813 2075 ἐπ’

214 2123 391 2190 ἄλλην
410 2120 693 2184 ἔσπευδον,
708 2119 809 2171 οὐκ
831 2118 1105 2185 ἄφθογγον
1124 2119 1222 2186 τὴν
1242 2116 1415 2187 άποδη
1425 2113 1808 2184 μίανμοοίουν,

216 2216 340 2267 ἀλλ’
378 2215 489 2285 ᾠδῇ
529 2212 624 2266 καὶ
667 2210 819 2281 μέλει
860 2209 954 2263 τὸν
990 2209 1148 2279 χορὸν
1190 2209 1281 2263 τὸν
1312 2206 1521 2260 ἑαυτῶν
1548 2206 1810 2279 άπησπά-

216 2307 405 2372 ζοντο.

344 2400 445 2451 ἐκ
482 2394 600 2450 τῶν
636 2394 1006 2456 ὑπολοίπων,
1045 2392 1344 2459 διαφόρων
1382 2390 1571 2443 ὄντων
1607 2390 1707 2445 καὶ

514 2466 835 2533 διαφόρους
872 2464 1137 2529 ἐχόντων
1174 2460 1517 2525 ὑποθέσεις.

291 2558 421 2632 [SOI
462 2556 557 2628 H.]
602 2555 712 2616 Τάς
749 2554 1011 2623 βασιλέως
1062 2552 1231 2614 αὐλάς
1260 2551 1357 2604 καὶ⁵
1389 2551 1598 2621 χρυσῆν
1639 2551 1811 2621 τύχην

217 2652 561 2719 ὑπόπτερον.
592 2648 665 2701 Οὐ
701 2646 812 2715 γάρ
841 2643 1124 2714 άφῃρέθης
1157 2644 1257 2711 τὴν
1289 2643 1483 2713 ἀρχὴν,
1519 2643 1635 2696 ἀλλ’
1668 2644 1841 2695 ἑκὼν.

217 2739 483 2813 ἔρριψας,
501 2737 691 2806 ῶσπερ
715 2752 798 2797 τις
831 2734 1147 2803 ὑπερόπτης
1187 2733 1329 2785 κατὰ
1358 2733 1624 2786 παιδικῶν
1647 2734 1663 2764 ¹
1683 2748 1813 2801 τρυ-

216 2835 401 2901 φῆσαι
428 2829 748 2900 βουλόμενος
788 2827 885 2896 τὴν
915 2826 1118 2896 χρυσῆν
1150 2826 1328 2896 κόμην
1351 2826 1519 2895 ῥόδων
1562 2825 1812 2891 στεφάνῳ

217 2922 602 2994 πορφύροντιί
648 2920 809 2974 Ἀλλὰ
842 2920 925 2981 τίς
967 2918 1175 2971 τούτων
1223 2922 1256 2987 ἡ
1281 2919 1471 2987 χάρις;
1505 2917 1656 2986 Φυγὴ
1714 2917 1810 2969 καὶ

215 3016 470 3085 δρασμὸς
498 3014 589 3065 καὶ
616 3010 886 3080 τοσαύτης
932 3009 1115 3078 φιλίας
1146 3011 1393 3081 ἄρνησις.
1414 3010 1672 3077 Ἐνίκησα
1714 3008 1813 3076 μὲν

216 3107 329 3159 ὑπὸ
368 3106 452 3157 σοὶ
487 3105 647 3174 κριτῇ
680 3103 823 3155 κατὰ
851 3101 951 3171 τὴν
997 3101 1215 3170 θερινὴν
1252 3100 1401 3169 ὥραν
1437 3100 1530 3152 τὸν
1563 3100 1809 3165 τέττιγα,

216 3194 505 3266 ἠπείλησα
536 3194 593 3246 δὲ
624 3191 717 3246 καὶ
748 3194 868 3254 ταῖς
901 3192 1087 3259 άηδόσι
1121 3192 1241 3252 ταῖς
1274 3189 1564 3252 ’Δττικαῖς,
1600 3188 1656 3241 εί
1682 3187 1813 3241 ποτέ

220 3304 322 3357 μοι
352 3286 450 3339 καὶ
483 3284 725 3337 Ἀττικὸν
759 3282 961 3355 πήξαιο
993 3281 1243 3352 θέατρον,
1280 3278 1448 3349 μῦθον
1494 3279 1666 3340 ὅντως
1713 3277 1814 3339 τὰς

216 3378 457 3430 ἐκείνων
487 3374 731 3443 γλώττας
760 3377 878 3435 ταῖς
903 3374 995 3425 επὶ
1024 3373 1106 3424 σοὶ
1136 3372 1341 3439 φωναῖς
1367 3368 1809 3440 ἀπεργάσασθαι.

216 3463 295 3519 '0
352 3467 450 3518 καὶ
495 3463 632 3516 τοῦ¹
668 3462 865 3516 σαυτοῦ
911 3463 1101 3530 γένους
1149 3463 1307 3531 ὄμμα
1355 3460 1689 3529 φανότατον,
1718 3460 1814 3511 καὶ

218 3555 426 3607 ταυτὸν
454 3553 530 3622 τῷ
559 3554 703 3620 γένει
736 3554 1049 3623 γενόμενος,
1088 3554 1223 3622 ὅπερ
1253 3553 1347 3605 καὶ
1378 3553 1461 3603 σοὶ
1492 3551 1755 3612 πολλάκις
1784 3551 1813 3601 ό

218 3645 532 3714 προπάτωρ
560 3642 732 3711 ἥλιος·
767 3643 878 3711 Τῆς
906 3643 1016 3713 γὰρ
1045 3641 1335 3711 συνωρίδθς
1373 3640 1578 3709 ταύτης
1614 3641 1680 3709 δὴ
1712 3642 1810 3711 τῆς

220 3730 403 3801 καλῆς
431 3733 460 3783 ό
495 3733 594 3799 μὲν
625 3730 1021 3797 καταυγάζοντι
1045 3732 1168 3791 τοὺς
1197 3729 1464 3799 μεγάλους
1490 3729 1713 3799 θρόνους
1736 3730 1809 3792 ὥς

218 3840 309 3885 τις
341 3822 621 3890 ἑωσφόρος
654 3822 979 3889 συνανέσχεν
1018 3821 1258 3892 ὀρθριος,
1286 3822 1405 3883 ταῖς
1434 3819 1597 3873 αὑτοῦ
1629 3819 1811 3889 pom;

220 3915 326 3975 τὰς
377 3914 477 3974 σὰς
509 3912 731 3974 ἀκτῖνας
781 3912 1117 3982 μιμούμενος
1140 3929 1155 3944 ’
1211 3914 1241 3966 ό
1269 3914 1345 3976 δὲ,
1385 3913 1485 3982 τῆς
1520 3913 1631 3967 τῶν
1675 3913 1813 3965 νέων

222 4006 435 4075 ἀγέλης
484 4005 783 4074 ὲκλάμπων
829 4005 1081 4076 καθάπερ
1128 4023 1211 4068 τις
1257 4006 1457 4074 ταῦρος
1498 4005 1811 4075 άγελάρχης

220 4100 535 4169 ἀγέρωχος,
564 4099 854 4167 ἐσκίρτησε
888 4099 985 4167 μὲν
1018 4099 1159 4151 κατὰ
1190 4099 1316 4161 τοὺς
1349 4098 1582 4151 Μουσῶν
1605 4098 1807 4167 λειμῶο

216 4208 318 4251 νας
344 4189 537 4259 ὥσπερ
557 4207 639 4253 τις
663 4188 840 4249 πῶλος
872 4190 1120 4259 ὑψαύχην
1151 4190 1246 4241 καὶ
1276 4188 1474 4253 ἔνθεος,
1498 4189 1810 4260 ἐμιμήσατο

214 4279 276 4332 δὲ
309 4280 407 4332 καὶ
438 4280 531 4331 τὸν
570 4279 870 4349 ὐμηρικδν
900 4280 1183 4331 νεανίσκον
1209 4277 1300 4330 τὸν
1319 4277 1557 4343 Θέτιδος,
1584 4279 1680 4329 καὶ
1704 4277 1809 4348 μύο

216 4368 333 4422 θων
354 4368 552 4435 ρητὴρ
579 4369 802 4436 ἀγαθὸς
828 4368 924 4420 καὶ
950 4366 1224 4434 πρηκτθῳ
1241 4366 1263 4397 ³
1290 4366 1479 4435 ἔργων
1497 4368 1804 4435 γενόμενος.

2565 1871 2909 1927 Prooemium.

1984 2028 2206 2084 Veteres
2237 2029 2408 2103 lyram
2432 2028 2781 2092 fabricantes,
2810 2028 2853 2082 si
2879 2027 3158 2097 quandoin
3189 2028 3349 2082 aliam
3388 2039 3499 2083 ter-

1914 2136 2025 2175 ram
2082 2130 2449 2190 properarent,
2508 2118 2997 2189 peregrinationem
3054 2134 3160 2174 non
3211 2130 3496 2174 vacantem

1912 2211 2112 2284 ilusica
2154 2211 2442 2277 faciebant,
2500 2227 2596 2266 seu
2654 2217 2841 2276 cantu,
2875 2218 2932 2266 et
2989 2211 3233 2266 carmine
3267 2211 3496 2267 chorum

1913 2320 2073 2359 suum
2106 2304 2471 2358 retinuerunt.

1947 2393 2028 2449 Er
2057 2395 2386 2449 orationibus
2422 2393 2640 2465 reliquis
2682 2395 2903 2448 diversis
2936 2395 3261 2449 diversorum
3296 2409 3462 2463 argu-

2604 2476 2919 2519 mentorum.

1972 2553 2018 2609 Ο
2041 2554 2216 2607 aulam
2247 2556 2475 2625 regiam,
2514 2564 2570 2609 et
2595 2554 2865 2609 fortunam
2901 2556 3017 2610 auri
3048 2556 3275 2609 alatam!
3301 2553 3416 2608 Non
3447 2554 3498 2608 vi

1912 2660 1943 2699 e
1977 2660 2140 2713 regno
2168 2646 2373 2714 cjectns
2404 2661 2485 2710 es,
2526 2647 2617 2700 sed
2648 2647 2877 2701 libenter
2897 2648 3169 2713 excidisti,
3202 2662 3305 2700 non
3333 2659 3500 2701 secus

1912 2750 2075 2804 quam
2093 2737 2138 2789 si
2156 2737 2421 2805 superbus
2434 2738 2555 2806 quis
2570 2738 2621 2789 in
2643 2738 2942 2806 puerilibus
2960 2738 3286 2807 voluptatein
3303 2751 3500 2806 capere

1913 2828 2278 2882 contenderet.
2309 2829 2543 2882 Auream
2586 2830 2863 2883 czesarietn
2911 2829 3231 2898 permutasti
3272 2829 3502 2882 rubente

1914 2930 2111 2970 corona
2142 2934 2412 2973 rosarum.
2449 2917 2557 2973 Sed
2596 2933 2845 2987 quaenam
2890 2921 3077 2974 horum
3109 2920 3280 2987 gratia
3315 2925 3503 2986 repen'

1912 3007 2059 3060 ditur
2093 3008 2216 3075 fuga
2250 3018 2303 3062 et
2332 3024 2528 3064 cursus
2549 3050 2563 3072 ,
2594 3020 2648 3063 et
2682 3018 2841 3064 tantm
2870 3009 3123 3065 amicitias
3150 3009 3499 3064 renuntiatio.

1924 3097 2056 3165 Vici,
2094 3110 2146 3154 te
2172 3101 2377 3169 judice,
2413 3102 2620 3157 aestatis
2674 3110 2916 3171 tempore
2954 3101 3220 3167 cicadam,
3261 3101 3501 3154 minatus

1917 3190 2079 3241 etiam
2102 3204 2219 3242 sum
2250 3189 2557 3255 philomelis
2587 3189 2806 3252 Atticis,
2836 3190 2882 3245 si
2926 3190 3142 3260 quando
3172 3188 3303 3242 mihi
3333 3189 3498 3242 etiam

1918 3279 2151 3333 Atticum
2188 3281 2461 3335 theatrum
2504 3281 2784 3343 statueris,
2830 3294 2917 3334 me
2957 3280 3182 3334 omnino
3222 3281 3323 3334 hac
3372 3293 3504 3334 voce

1916 3364 2232 3421 cﬂecturum
2265 3383 2434 3438 penes
2464 3378 2539 3433 te,
2570 3380 2622 3423 ut
2650 3384 2838 3424 eorum
2883 3370 3080 3440 lingua!
3114 3371 3285 3424 instar
3308 3368 3504 3424 fabulae

1916 3459 2045 3514 sint.
2099 3459 2144 3513 Ο
2176 3460 2250 3515 tui
2303 3462 2609 3516 stemmatis
2659 3461 2839 3515 lumen
2890 3462 3287 3527 clarissimum,
3343 3461 3504 3529 idque

1913 3564 2057 3618 stepe
2078 3554 2260 3619 generi
2290 3564 2380 3606 tuo
2404 3552 2681 3614 exstitisti,
2714 3554 2857 3621 quod
2891 3554 3087 3623 sapius
3114 3567 3248 3607 avus
3275 3552 3368 3607 tibi
3400 3550 3501 3605 sol.

1920 3634 2130 3689 Etenim
2163 3650 2231 3690 ex
2292 3638 2393 3690 hac
2436 3637 2664 3706 pulchra
2709 3637 3106 3704 conjunctione,
3157 3640 3245 3693 hic
3284 3639 3502 3709 quidem

1915 3726 2135 3781 altiores
2163 3726 2645 3791 sedeslllustranti,
2677 3729 2835 3796 quasi
2861 3731 3162 3784 matutinus
3198 3732 3397 3800 aliquis
3420 3733 3504 3785 Iu-

1912 3818 2051 3872 cifer
2075 3823 2438 3882 consurrexit,
2478 3820 2591 3875 suis
2620 3821 3125 3888 repercussionibus
3164 3823 3342 3877 radios
3370 3838 3501 3879 suos

1914 3909 2179 3965 imitatus.
2213 3910 2306 3965 ille
2327 3924 2455 3965 vero
2474 3912 2734 3980 juvenum
2752 3920 2952 3967 etetum
2975 3912 3276 3976 illustrans.
3299 3924 3355 3969 ut
3393 3924 3505 3969 tan'

1915 4015 2011 4055 rus
2060 4001 2257 4070 aliquis
2311 4002 2525 4066 ductor,
2585 4004 2818 4058 armenti
2867 4005 3135 4072 petulcus,
3182 4004 3419 4059 lasciviit
3446 4008 3500 4060 in

1916 4093 2186 4147 Musarum
2216 4093 2406 4161 pratis,
2440 4102 2498 4146 ut
2523 4093 2699 4161 pullus
2732 4094 3027 4159 lunaticus,
3064 4104 3121 4149 et
3141 4097 3363 4150 numine
3389 4098 3504 4166 ple-

1913 4199 2036 4247 nus,
2086 4193 2141 4237 et
2173 4181 2515 4238 Homericum
2549 4185 2799 4252 juvenem
2857 4187 3100 4241 Thetidis
3155 4188 3497 4259 (Achilles)

1913 4277 2103 4339 ﬁlium,
2134 4285 2188 4329 et
2227 4277 2341 4330 haec
2366 4278 2547 4339 verba,
2570 4275 2749 4330 Bonus
2786 4289 2969 4331 orator
3006 4288 3256 4345 actorque
3283 4296 3494 4343 rerum,

1914 4358 2157 4421 imitatus
2180 4377 2284 4422 est.
2315 4366 2370 4421 Si
2402 4368 2468 4421 ad
2489 4375 2572 4422 me
2598 4378 2876 4437 poetarum
2917 4369 3130 4423 licentia
3177 4371 3495 4438 pertineret,

215 4461 283 4512 Εί
314 4460 370 4511 δέ
405 4476 493 4527 μοι
532 4458 625 4510 καὶ
652 4459 749 4526 τῆς
779 4457 1016 4527 ποιητῶν
1044 4458 1290 4521 ἐξουσίας
1322 4457 1511 4526 μετῆν,
1536 4456 1712 4521 ἔδειξα
1741 4457 1808 4510 άν

1915 4460 2265 4513 ostendissem
2286 4460 2379 4513 tibi
2402 4469 2455 4514 et
2472 4460 2686 4514 llissum
2706 4462 2849 4514 hunc
2868 4460 3277 4532 lacrymantem,
3297 4462 3493 4532 3690

215 4565 305 4600 σοι
337 4548 434 4599 καὶ
467 4545 689 4598 Ἰλισσὸν
715 4546 902 4598 τοῦτον
936 4545 1236 4614 δακρύοντα
1255 4583 1270 4608 ,
1302 4545 1515 4613 ἐχρωσα
1549 4544 1592 4594 δ’
1614 4544 1680 4596 ἂν
1710 4543 1803 4594 καὶ

1915 4548 2262 4614 lepinxissem
2313 4551 2456 4604 tristi
2486 4550 2669 4605 colore
2708 4552 2989 4620 pulchram
3019 4551 3349 4607 Callirrhoes
3380 4569 3484 4605 un-

213 4638 463 4703 κατηφεί
490 4634 737 4704 χρώματι
755 4635 823 4687 τὰ
846 4634 985 4688 καλά
1019 4635 1355 4704 Καλλιρρόης
1387 4634 1620 4703 νάματα.
1653 4634 1803 4703 Πέμ⁶

213 4742 315 4777 ποι
354 4726 454 4793 μέν
488 4741 548 4775 σε
595 4725 707 4776 Πὰν
741 4725 963 4788 ὲνόδιος,
1002 4728 1277 4793 πομπαῖον
1303 4725 1397 4776 καὶ
1424 4725 1595 4792 γλυκὺ
1627 4741 1800 4795 προσ-

1900 4640 2045 4694 dam.
2077 4639 2329 4694 Trivialis
2363 4640 2473 4694 Pan
2508 4652 2559 4697 te
2601 4652 2942 4697 evocatorem
2976 4644 3305 4708 animarum,
3333 4644 3489 4697 dulte

1902 4729 2078 4783 ﬁstula
2100 4746 2319 4786 carmen
2365 4748 2659 4801 personatus
2692 4734 3004 4790 deduceret.
3040 4734 3222 4789 Venus
3249 4751 3408 4801 vero,
3436 4743 3493 4790 et

215 4817 376 4885 ηχῶν
409 4814 567 4883 μέλος
598 4818 665 4885 τῇ
698 4815 950 4884 σύριγγι·
996 4814 1278 4885 Ἀφροδίτη
1308 4815 1365 4866 δὲ
1396 4816 1488 4866 καὶ
1519 4816 1567 4866 oi
1594 4814 1799 4883 ταύτης

1918 4822 2057 4889 tujns
2098 4822 2188 4876 lilii
2219 4822 2532 4893 Cupidines,
2570 4825 2823 4879 desiderii
2850 4826 2944 4880 tibi
2970 4827 3259 4883 miscentes
3275 4837 3488 4895 potum,

216 4905 685 4974 παῖδεςἚρωτες,
712 4905 877 4957 πόθου
905 4905 1157 4975 κρατῆρα
1183 4906 1536 4973 κεράσαντες,
1576 4908 1669 4958 σοῦ
1701 4906 1801 4975 τῆς

1915 4910 2052 4963 viam
2077 4919 2223 4965 tuam
2258 4913 2553 4967 honoriﬁce
2579 4914 2988 4969 comitarentur.

214 4994 346 5049 ὀδοῦ
384 4996 847 5065 προπομπεύοιεν.

327 5087 826 5152 Προπεμπτηρίου
861 5086 1068 5154 λόγου.
1102 5116 1175 5128 --
1207 5087 1277 5140 Τὸ
1314 5090 1629 5157 Προοίμιον
1647 5090 1690 5142 ⁸.

306 5174 368 5227 ὐ
396 5174 489 5226 τοῦ
520 5176 637 5237 Διὸς
669 5179 795 5239 παῖς
830 5177 1171 5248 Ἀλέξανδρος
1194 5178 1478 5246 (συνάπτει
1508 5182 1616 5251 γὰρ
1638 5183 1802 5236 αὐτὸν

215 5265 437 5337 ούρανῷ
462 5267 554 5318 καὶ
576 5268 660 5319 Διὶ
685 5268 745 5320 τὸ
771 5268 906 5321 πολὺ
930 5268 1083 5332 κλέος
1112 5268 1233 5322 καθ’
1251 5270 1538 5342 Ἕλληνας)
1564 5275 1644 5326 ὅτι
1668 5274 1812 5343 πλη-

2081 5092 2163 5146 Ea:
2193 5094 2429 5147 oratione
2476 5096 2850 5163 propemptica.
2883 5116 2950 5137 -ι
2974 5094 3315 5151 Prooemium.

1978 5185 2279 5240 Alexander
2305 5186 2443 5240 illius
2481 5186 2627 5241 lovis
2652 5187 2947 5256 (comparat
2984 5190 3127 5245 enini
3160 5192 3305 5244 illum
3346 5191 3485 5245 cteln

1919 5285 1972 5328 et
1998 5273 2115 5329 «Ιονί
2144 5290 2323 5329 rerum
2347 5286 2621 5345 gestarum
2640 5288 2828 5333 contra
2864 5279 3080 5334 Grtccos
3113 5281 3327 5352 gloria),
3359 5298 3480 5337 cum

1506 5434 1737 5491 VARIA‘I
1776 5435 2180 5492 LECTIONES.

292 5550 341 5581 "
378 5546 448 5629 τά
478 5548 648 5627 νεαρὰ
679 5548 744 5601 C.
818 5548 1166 5629 ξ⁶,φαίνοντες
1197 5546 1261 5603 C.
1316 5550 1381 5629 _"
1412 5550 1531 5603 libri
1550 5554 1799 5629 .théav.
1876 5555 1921 5587 ’⁸
1951 5552 2117 5629 ἱλισοῦ
2147 5553 2213 5606 Α.
2289 5554 2449 5629 "sip;
2470 5556 2596 5625 ὅλης
2626 5555 2686 5621 Β,
2715 5558 2827 5619 τοῖς
2852 5554 2985 5610 ὅλων
3005 5554 3047 5611 C
3085 5575 3099 5611 :
3129 5561 3239 5622 τοῖς
3264 5559 3389 5629 ὅλης
3415 5574 3477 5623 ς.

221 5619 242 5651 ⁸
287 5616 434 5671 κατὰ
453 5617 560 5669 τῶν
590 5634 649 5671 π.
680 5636 741 5682 ς·.
822 5621 841 5649 ¹
868 5616 963 5670 τοῦ
988 5620 1032 5671 A
1058 5617 1149 5670 ετὸ
1176 5632 1235 5677 ς.
1314 5618 1333 5649 ³
1361 5622 1613 5690 πρακτὴρ
1642 5640 1704 5686 ς.

1780 5624 1801 5653 ⁸
1825 5625 2106 5692 προοίμιον
2136 5640 2302 5691 προπ.
2335 5624 2489 5691 λόγου
2533 5632 2599 5679 A.

1737 5715 1972 5771 NOTAE.

295 5804 420 5877 (48)
480 5806 677 5865 Cineas
753 5807 1056 5879 Thessalus,
1086 5812 1497 5867 .Dcmosthcnis
1568 5813 1803 5867 auditor.
1848 5811 2119 5867 Plutarch.
2156 5811 2207 5865 in
2242 5807 2465 5880 Pyrrho.
