4206 6436
738 395 873 460 1359

1879 392 2141 454 ΡΗΟΤΙΙ
2182 394 2687 456 PATRIARCII/E
2724 396 2835 457 (ΞΡ.

3870 400 4016 465 1360

730 504 997 573 Europam
1029 500 1266 556 nominis
1292 500 1375 554 sui
1416 499 1552 554 fama
1608 498 1904 568 implesset,
1934 502 1986 553 in
2036 506 2221 554 Astam
2253 517 2312 556 se

2423 505 2598 573 ρώσας
2631 505 2731 573 τῆς
2765 501 2960 559 ἑαυτοῦ
2999 503 3159 573 δόξης
3209 506 3310 573 τὴν
3343 505 3617 576 Εὐρώπην
3660 508 3885 562 ἃπασαν
3913 514 4015 564 ἐπὶ

729 595 1021 655 convertit,
1074 591 1442 645 continentem
1489 590 1600 645 suis
1656 591 1889 659 propriis
1939 590 2190 645 adnitens
2221 604 2311 659 ge-

730 687 831 738 stis
871 682 1219 751 conjungere.
1283 679 1551 734 Timothei
1587 694 1887 748 provocans
1937 681 2121 735 tibiam
2153 683 2309 744 (nam

728 776 864 828 adeo
919 789 1169 839 magnum
1203 781 1260 826 et
1300 772 1389 824 tali
1425 787 1549 841 rege
1591 773 1812 840 dignum
1852 773 2103 835 canebat)
2137 781 2195 824 ut
2223 771 2312 824 illo

727 876 959 920 canente
996 865 1218 919 solverit
1266 865 1477 916 navium
1522 864 1795 918 rudentes.
1826 862 1930 918 Fer
1961 863 2225 927 tabulam,
2257 874 2313 916 et

727 976 829 1029 ego
867 961 1143 1014 orationes
1204 959 1440 1027 pingam.
1476 957 1607 1010 Nam
1667 957 1830 1010 habet
1883 958 2047 1009 etiam
2099 957 2310 1020 oratio,

730 1063 788 1104 nt
817 1062 964 1120 puto,
988 1065 1097 1104 non
1137 1050 1351 1117 ineptos
1379 1050 1445 1102 ad
1494 1050 1814 1102 imitandum
1842 1048 2072 1101 colores.
2111 1047 2239 1100 Erat
2258 1048 2311 1100 in

730 1144 938 1211 pictura
970 1142 1140 1204 navis,
1178 1151 1234 1195 et
1259 1156 1430 1203 mare,
1460 1152 1512 1194 et
1537 1149 1594 1194 ut
1620 1139 1891 1200 existimo,
1918 1137 2162 1208 Egmum
2191 1137 2312 1192 fuit.

729 1233 903 1287 Multa
932 1234 1075 1286 enim
1137 1232 1327 1285 insula:
1368 1233 1513 1293 hinc,
1556 1240 1611 1285 et
1644 1231 1791 1284 illinc
1841 1245 2051 1299 sparsas
2092 1229 2145 1281 in
2177 1228 2310 1282 mari

728 1336 903 1389 erant,
933 1334 992 1377 ut
1022 1322 1267 1393 ligatum
1300 1323 1534 1377 auteaﬁa
1562 1322 1825 1389 imprimis
1854 1337 2001 1374 mare
2022 1336 2145 1375 esse
2168 1321 2317 1374 video

731 1426 909 1482 retur,
940 1417 1139 1484 pictum
1171 1426 1288 1469 erat
1313 1430 1416 1468 non
1446 1414 1764 1477 violentum,
1790 1423 1881 1468 aut
1913 1413 2186 1477 terribile,
2219 1428 2314 1465 ne-

726 1525 831 1578 que
864 1525 1032 1578 usque
1049 1509 1267 1563 elevans
1292 1507 1504 1573 ﬂuetus,
1534 1507 1714 1575 qualia
1738 1515 1928 1559 contra
1950 1515 2171 1557 naturas
2201 1502 2313 1555 illic

727 1605 887 1658 audet
926 1606 1120 1673 smpius
1158 1602 1427 1671 Egzeum,
1494 1606 1586 1655 sed
1637 1599 1926 1668 tranquille
1963 1598 2116 1652 strati
2160 1605 2315 1651 erant

727 1696 936 1760 ﬂuctus,
969 1694 1144 1748 omnis
1174 1710 1308 1762 aqua
1351 1694 1402 1745 in
1461 1692 1728 1745 littoribus
1781 1690 2117 1753 volvebatur,
2151 1688 2204 1739 in
2232 1688 2316 1739 lu-

730 1798 871 1840 teum
918 1786 1152 1839 colorem
1206 1799 1404 1853 parum
1431 1792 1633 1837 mutata
1668 1784 1831 1836 unda.
1874 1780 2037 1833 Primi
2079 1780 2317 1847 Phryges

2415 600 2515 669 τὴν
2546 599 2728 653 Ἀσίαν
2755 600 3054 664 ἐστέλλετο,
3082 600 3318 667 συνάψαι
3346 600 3447 662 τάς
3477 599 3742 669 ἠπείρους
3767 602 3856 673 τῷ
3877 606 4017 656 καθ’

2418 692 2611 743 ἑαυτὸν
2659 691 2859 744 ὲθὲλων
2895 690 3156 760 θαύματι,
3189 692 3282 743 τὸν
3317 692 3584 759 Τιμοθέου
3618 695 4016 761 παρακαλέσας

2417 782 2579 834 αὐλὸν
2607 783 2624 846 (
2644 775 2833 844 οῦτος⁵
2868 781 2975 852 γὰρ
3005 782 3127 851 ἤχει
3161 782 3305 849 μέγα
3338 782 3431 835 καὶ
3460 784 3717 835 τοσούτου
3744 784 4016 851 βασιλέως

2418 872 2592 939 ἄξιον)
2624 873 2728 925 ὑπὸ
2773 874 2887 934 τοίς
2937 872 3151 924 ἐκείνου
3184 873 3400 941 μέλεσιν
3431 874 3551 925 ἔλυε
3586 873 3681 926 τοῦ
3717 874 3910 927 στόλου
3945 878 4015 925 τὰ

2415 964 2715 1033 πείσματα.
2735 963 2871 1033 Φέρε
2896 962 2959 1031 δὴ
2984 964 3180 1031 γράψω
3204 964 3279 1031 τῷ
3301 963 3445 1031 λόγῳ
3474 964 3565 1014 τὸν
3591 964 3799 1015 πίνακα
3818 982 3830 994 ·
3860 963 3975 1033 ἔχει
3992 964 4016 994 ⁸

2416 1056 2544 1123 γὰρ,
2570 1052 2754 1122 οἶμαι,
2773 1055 2909 1126 πρὸς
2938 1057 3171 1123 μίμησιν
3192 1056 3366 1106 οίκεῖα
3389 1055 3482 1106 καὶ
3502 1054 3659 1121 λόγος
3681 1054 3954 1122 φάρμακα
3972 1055 4013 1107 '.

2416 1147 2567 1209 Ναῦς
2598 1142 2667 1217 ἦν
2709 1146 2851 1199 κατὰ
2887 1146 2989 1214 τῆς
3018 1146 3238 1216 γραφῆς
3289 1147 3384 1198 καὶ
3436 1146 3779 1198 Silana.“
3818 1146 3880 1198 δὲ
3915 1145 4014 1197 θά-

2416 1237 2583 1289 λαττα
2601 1239 2642 1301 ⁸,
2692 1233 2845 1306 οἶμαι
2869 1277 2883 1300 ,
2924 1239 3147 1304 Αἰγαῖος
3175 1232 3275 1305 ἦν’
3309 1239 3363 1289 αί
3398 1236 3507 1305 γὰρ
3541 1235 3734 1288 πολλαὶ
3767 1235 3927 1300 νῆσοι
3961 1236 4015 1287 αἱ

2416 1334 2535 1383 κατ’
2560 1331 2686 1384 ἄλλο
2718 1332 2811 1383 καὶ
2853 1332 2980 1385 ἄλλο
3015 1330 3181 1401 μέρος
3221 1331 3323 1399 τῆς
3352 1330 3627 1398 θαλάσσης
3665 1328 4015 1397 σχιζόμεναι,

2417 1425 2634 1490 Αἰγαῖος
2680 1424 2814 1476 ὑπ”
2861 1423 3043 1476 αι’ντῶν
3088 1422 3365 1474 ἐδείκνυτο
3415 1419 3553 1474 εἶναι
3603 1423 3637 1491 ἡ
3674 1420 3922 1473 θάλαττα
3946 1420 4010 1473 ⁸⁸.

2417 1512 2703 1581 Γέγραπτο
2730 1513 2785 1565 δὲ
2813 1513 2911 1565 οὒκ
2935 1512 3153 1582 ἀπηνής
3185 1529 3244 1564 τε
3277 1513 3370 1564 καὶ
3392 1511 3605 1581 ἄγριος,
3637 1510 3761 1563 οὑδὲ
3794 1512 3879 1570 είς
3912 1510 4010 1562 αύ-

2416 1604 2513 1665 τάς
2547 1604 2778 1673 ἐγείρων
2825 1605 3051 1672 νεφέλας
3090 1603 3161 1656 τὰ
3191 1603 3436 1670 κύματα,
3469 1598 3557 1653 οἷα
3586 1601 3657 1653 τὰ
3699 1600 3876 1652 πολλά
3921 1602 4016 1651 Αί-

2419 1697 2571 1760 γαῖος
2608 1694 2752 1748 κατά
2794 1696 2904 1747 τῶν
2954 1696 3072 1747 ἐκεῖ
3118 1694 3423 1762 πλωτήρων
3481 1692 3836 1761 θρασύνεται,
3885 1690 4017 1743 ἀλλ’

2420 1786 2706 1853 ὲστόρεστο
2753 1786 2851 1855 μὲν
2898 1787 2974 1847 είς
3017 1785 3258 1854 γαλήνην
3296 1785 3363 1837 τά
3409 1784 3653 1853 κύματα,
3690 1782 3750 1834 τδ
3776 1782 3831 1834 δὲ
3868 1781 4014 1850 ὕδωρ

728 1878 910 1930 tibiam
963 1878 1149 1930 iullare
1212 1876 1553 1940 invenerunt,
1609 1883 1663 1928 et
1721 1873 2001 1927 sacriﬁciis
2055 1871 2309 1923 adhibere

2423 1876 2529 1927 Ξλον
2550 1878 2593 1906 ’⁸
2616 1876 2890 1945 ὲπόρφυρε
2922 1875 3059 1946 πρὸς
3086 1877 3277 1935 αὐταῖς
3297 1876 3469 1945 ᾐόσιν,
3493 1875 3571 1937 είς
3588 1873 3828 1941 γλαυκὸν
3848 1872 4010 1933 ἄνθος

726 1963 990 2035 cymbala.
1054 1964 1164 2018 lloc
1198 1978 1326 2016 vero
1366 1973 1551 2016 contra
1586 1972 1876 2030 utramque
1909 1960 2059 2013 navis
2101 1966 2307 2027 partem

728 2060 777 2113 in
809 2074 1022 2129 proram
1044 2059 1156 2127 jam
1189 2057 1457 2124 attritum,
1484 2067 1738 2126 tanquam
1770 2070 1986 2108 auream
2027 2052 2307 2106 materiam

728 2150 1001 2203 reddebat.
1055 2148 1153 2203 llic
1187 2164 1317 2202 vero
1344 2159 1397 2203 et
1437 2160 1606 2201 artem
1658 2147 1921 2200 admirari
1954 2161 2164 2214 :cquum
2202 2154 2311 2199 est.

726 2244 875 2309 Aqua
905 2242 1048 2295 enim
1076 2241 1286 2294 marina
1322 2241 1491 2293 divisa
1520 2242 1665 2292 circa
1706 2253 1944 2306 proram,
1980 2237 2095 2291 auri
2135 2250 2309 2305 reper-

724 2332 1067 2386 eussionibus
1096 2330 1386 2401 splenduit,
1415 2331 1536 2385 etin
1561 2330 1786 2384 similem
1812 2331 2045 2384 colorem
2079 2341 2317 2383 mutasse

728 2438 875 2475 mare
902 2421 1206 2475 videbatur.
1260 2419 1492 2474 Proinde
1529 2422 1651 2473 date
1676 2420 1802 2472 mihi
1833 2420 2120 2471 artificium
2173 2419 2316 2472 Zeu-

728 2514 888 2578 xidis,
933 2523 988 2566 et
1040 2512 1316 2566 Parrhasii
1372 2512 1672 2565 scientiam.
1741 2510 1929 2579 Delphi
1974 2510 2135 2578 igitur
2186 2510 2317 2564 urbs

728 2606 900 2659 dicata
934 2603 1190 2672 Apollini,
1243 2602 1371 2656 colit
1422 2618 1636 2672 semper
1668 2603 1809 2654 hunc
1838 2604 2018 2663 deum,
2054 2612 2109 2653 et
2144 2604 2318 2669 tripu-

730 2697 881 2748 diant
926 2694 1167 2747 adhibito
1204 2708 1392 2761 paeane
1429 2694 1632 2746 circum
1692 2692 1955 2759 tripodem
1990 2691 2125 2759 (49).
2169 2690 2316 2755 Quin

727 2788 891 2841 etiam
921 2784 1032 2839 Elei
1062 2786 1452 2855 lacrymantur,
1482 2798 1693 2837 amnem
1734 2781 2056 2852 [Alpltwum]
2095 2784 2320 2836 Pisaeunt

728 2878 793 2929 ad
816 2876 1054 2929 Siculum
1086 2890 1256 2944 usque
1295 2874 1492 2927 fontem
1528 2875 2035 2942 eomitantes,quasi
2077 2884 2323 2927 metuen-

732 2981 840 3031 tes,
882 2983 948 3020 ne
1010 2967 1184 3020 amnis
1235 2969 1512 3021 decessum
1563 2966 1845 3031 meditans,
1878 2966 1996 3019 aliis
2021 2968 2326 3023 hominibus

729 3074 926 3125 aquam
982 3058 1259 3125 largiatur.
1304 3057 1568 3109 Celeriter
1607 3066 1658 3108 et
1691 3056 1995 3123 philomela:
2048 3066 2102 3109 et
2136 3059 2321 3125 cygni,

730 3148 1013 3214 omnisque
1028 3157 1217 3200 cantus
1246 3145 1402 3198 simul
1436 3146 1713 3197 vuluhunt.
1740 3144 1951 3199 Nostra
1986 3146 2126 3199 enim
2158 3144 2323 3199 Musa!

728 3242 838 3306 jam
867 3238 1164 3291 naviculam
1196 3236 1779 3304 audenteompingere,
1814 3247 1869 3291 et
1897 3236 2071 3307 fugam
2111 3238 2321 3290 minan-

735 3342 819 3383 tnr
856 3331 1051 3400 370a
1070 3342 1123 3383 et
1158 3345 1334 3391 mare,
1374 3329 1498 3382 licet
1524 3331 1771 3382 ﬂuetibus
1815 3330 2019 3383 saeviat.
2051 3330 2322 3397 Abjiciens

730 3442 760 3479 e
785 3425 1029 3475 manibus
1054 3421 1243 3487 lyram,
1269 3421 1540 3472 silentium
1568 3422 1880 3473 cantionum
1916 3421 2181 3473 suadebit.
2216 3419 2323 3472 Na-

734 3518 814 3570 vis
838 3515 1083 3582 praetoria
1115 3514 1165 3565 in
1196 3512 1478 3580 portubus,
1504 3511 1679 3564 velum
1718 3525 2028 3577 supremum
2064 3512 2327 3574 sublime,

749 3605 909 3675 quale
942 3604 1106 3657 radiis
1132 3604 1290 3658 claris
1311 3611 1364 3655 et
1400 3602 1688 3656 maritimis
1717 3602 1930 3655 extendi
1964 3602 2123 3656 solet.
2152 3602 2323 3656 Parva

734 3700 787 3749 in
812 3695 1040 3764 gratiam
1083 3693 1436 3760 Hesperidum
1479 3702 1651 3760 prata,
1690 3707 1867 3761 parvae
1902 3694 1967 3745 ad
1999 3694 2323 3763 magnitudi-

733 3801 854 3839 nem
912 3784 1216 3853 pyramides
1266 3780 1553 3851 Egyptiaa,
1604 3790 1659 3835 et
1692 3783 1736 3835 si
1773 3781 1900 3851 quid
1956 3781 2242 3835 Persarum
2272 3794 2325 3837 et

732 3875 1076 3944 Assyriorum
1102 3888 1290 3926 manus
1308 3880 1684 3925 construentes
1713 3872 1943 3940 posteris
1969 3873 2319 3940 spectandum

734 3966 1089 4019 tradiderunt.
1139 3962 1243 4016 Sed
1290 3963 1356 4015 ad
1410 3961 1614 4016 amicas
1661 3961 1905 4015 Athenas
1967 3961 2081 4015 haec
2110 3962 2320 4024 classis,

730 4069 850 4124 qua:
884 4055 997 4108 suis
1026 4054 1161 4107 adeo
1196 4062 1246 4106 te
1270 4053 1548 4105 amoribus
1584 4052 1981 4115 incenderunt,
2005 4061 2061 4103 ut
2086 4065 2324 4105 amorem

730 4161 856 4212 erga
892 4146 1029 4199 hanc
1058 4144 1295 4212 linguam
1324 4157 1539 4209 semper
1563 4141 1939 4196 circumferas.
1967 4140 2103 4206 Quid
2147 4151 2324 4195 autem

735 4249 1047 4302 responsum
1079 4234 1380 4287 communis
1409 4233 1646 4285 omnium
1671 4240 1869 4285 statuae
1907 4233 2046 4301 apud
2069 4231 2204 4285 alias
2228 4233 2326 4284 ha-

738 4327 984 4379 bitatura
1014 4323 1284 4391 denegas?
1323 4321 1526 4376 Fabula
1574 4323 1883 4377 Cimmeriis
1913 4324 2125 4391 populis
2176 4324 2328 4377 oeci-

735 4417 1036 4471 dentalibus
1088 4415 1253 4469 solem
1288 4414 1505 4483 eripuit,
1533 4415 1625 4468 sed
1661 4422 1929 4479 metuens,
1953 4428 2019 4468 ne
2043 4415 2328 4485 redargue-

2415 1968 2599 2036 ήρέμα
2635 1967 3033 2037 μεθισταμένου
3063 1965 3159 2019 τοῦ
3191 1968 3456 2035 κύματος.
3489 1965 3701 2035 Πρῶτοι
3727 1967 3837 2034 γὰρ
3864 1965 4011 2033 Φρύ-

2417 2077 2511 2126 γες
2542 2060 2719 2112 αίτίαν
2746 2060 2963 2130 ἔχουσιν
2989 2059 3137 2128 αὐλῷ
3161 2077 3217 2111 τε
3251 2058 3555 2129 ἐμπνεῦσαι
3587 2059 3680 2111 καὶ
3709 2059 3831 2119 ταῖς
3881 2056 4014 2128 [6οΞ

2418 2152 2509 2214 IL]
2544 2154 2783 2214 τελεταῖς
2815 2152 3073 2219 ἀναμῖξαι
3098 2152 3167 2204 τὰ
3197 2148 3827 2221 κύμϐαλα¹¹.[112ι1ἶ.]
3846 2150 3923 2201 Τὸ
3953 2150 4012 2201 δὲ

2420 2246 2512 2297 ἐπὶ
2541 2245 2799 2314 θάτερα¹⁸
2827 2244 2923 2312 τῆς
2950 2242 3086 2306 νεὼς
3123 2244 3288 2313 μέρος
3325 2246 3404 2307 είς
3439 2243 3665 2313 πρώραν
3692 2243 3791 2311 ἢδη
3832 2242 4010 2294 θλιϐό-

2424 2353 2607 2403 μενον,
2641 2335 2873 2405 χρυσοῦν
2896 2335 2991 2402 τῆς
3023 2332 3157 2405 ῦλης
3183 2335 3645 2401 πεποίητο.”Ενθα
3676 2337 3772 2385 καὶ
3796 2333 4011 2402 θαυμά-

2423 2444 2513 2477 σαι
2548 2428 2645 2495 τὴν
2675 2428 2871 2495 τέχνην
2897 2424 3046 2490 ἀξιον
3068 2443 3083 2458 ·
3126 2426 3188 2478 τὸ
3217 2426 3323 2496 γὰρ
3353 2426 3483 2496 περὶ
3512 2425 3612 2495 τὴν
3646 2426 3879 2494 πρῶραν
3914 2426 4015 2490 τῆς

2422 2516 2696 2585 θαλάσσης
2732 2515 2881 2588 ὕδωρ
2905 2518 3249 2586 σχιζόμενον,
3277 2520 3396 2579 ταῖς
3430 2502 3538 2569 τοῦ’
3570 2514 3774 2586 χρυσοῦ
3830 2516 4011 2583 βολαῖς

2425 2608 2759 2674 ὲπαυγὰζον,
2786 2603 2866 2671 είς
2899 2611 3084 2674 ὅμοιον
3115 2610 3274 2670 ἄνθος
3306 2608 3556 2677 ἀμείϐειν
3584 2608 3758 2660 ἐδόκει
3793 2610 3895 2676 τὴν
3925 2608 4016 2657 6d-

2428 2706 2647 2758 ασσαν.
2682 2700 2888 2753 Οὐκοῦν
2936 2701 3052 2752 δότε
3103 2719 3193 2770 μοι
3234 2701 3332 2770 τὴν
3383 2700 3630 2765 Ζεύξιδος
3676 2701 3901 2768 τέχνην,
3945 2697 4015 2751 τὰ

2426 2790 2739 2861 Παρρασίου
2796 2792 3124 2860 σοφίσματα.
3155 2792 3347 2859 Δελφοὶ
3395 2791 3451 2843 δὲ
3497 2792 3626 2859 ἄρα,
3677 2792 3799 2860 ίερά
3858 2790 4015 2852 πόλις

2439 2883 2793 2946 Ἀπόλλωνος,
2826 2883 3144 2952 λατρεύουσι
3178 2885 3276 2951 μὲν
3302 2885 3388 2936 ἀεὶ
3416 2884 3491 2951 τῷ
3520 2882 3637 2951 Θεῷ
3661 2884 3753 2934 καὶ
3788 2898 4015 2950 περιχο-

2432 2973 2645 3041 ρεύουσι
2697 2976 2832 3043 μετὰ
2884 2976 3127 3027 παιάνων
3169 2975 3260 3026 τὸν
3307 2975 3551 3044 τρίποδα.
3592 2976 3704 3027 Καὶ
3759 2975 3870 3044 μὴν
3923 2972 4015 3024 καὶ

2441 3068 2639 3119 Ἠλεῖοι
2680 3066 2997 3134 δακρύουσι,
3028 3068 3122 3118 τὸν
3164 3067 3411 3135 ποταμὸν
3455 3067 3547 3118 τὸν
3593 3068 3890 3118 Πισαῖον¹⁸
3922 3068 4017 3118 ἐπὶ

2429 3158 2525 3227 τὴν
2552 3157 2836 3225 Σικελικὴν
2867 3159 3076 3226 κρήνην
3112 3158 3552 3226 προπέμποντες,
3594 3157 3809 3226 ὥσπερ,
3838 3152 4015 3225 οἶμαι,

2425 3245 2584 3297 τοῦτο
2615 3245 2961 3314 φοϐούμενοι,
2996 3247 3071 3314 μὴ
3107 3245 3345 3313 μελετῶν
3370 3245 3470 3314 τὴν
3516 3245 3832 3312 ἀποδημίαν
3861 3248 3888 3296 ὁ
3920 3260 4018 3295 πο-

2425 3338 2596 3406 ταμὸς
2626 3338 2809 3399 ἄλλοις
2838 3337 3147 3405 ἀνθρώποις
3173 3338 3468 3405 χαρίσηται
3502 3337 3567 3388 τὰ
3603 3337 3846 3403 νάματα.
3866 3335 4019 3402 Τάχα

2426 3429 2481 3481 δέ
2525 3446 2605 3481 σοι
2658 3430 2747 3481 καὶ
2784 3430 3005 3495 ἀηδόνες
3060 3432 3153 3480 καὶ
3203 3429 3393 3480 κύκνοι
3427 3430 3519 3480 καὶ
3555 3428 3733 3479 πάντα
3766 3428 3836 3479 τὰ
3882 3429 4015 3495 μέλη

2430 3519 2992 3587 συναποπτήσεται¹³.
3040 3520 3107 3571 Al
3141 3520 3241 3587 μὲν
3276 3521 3384 3588 γὰρ
3422 3520 3688 3588 ἡμέτεραι
3732 3518 3948 3571 Μοῦσαι
3975 3520 4018 3549 ¹⁵

2430 3611 2521 3659 καὶ
2557 3610 2735 3675 σκάφη
2755 3610 2796 3640 ¹⁷
2824 3608 2928 3678 ἤδη.
2958 3609 3196 3676 τολμῶσι
3227 3611 3568 3676 πήγνυσθαι,
3608 3609 3703 3663 καὶ
3730 3609 4024 3661 ἀπειλοῦσι

2430 3702 2609 3769 φυγὴν
2637 3701 2730 3752 καὶ
2761 3701 3051 3758 Θάλατταν.
3085 3701 3251 3753 xiv"
3277 3702 3535 3771 ἁγριαίνῃ
3557 3702 3597 3733 ⁸⁵
3629 3704 3742 3761 τοῖς
3784 3702 4013 3770 κύμασι.

2441 3790 2630 3859 Ῥίψας
2659 3794 2722 3845 ὲκ
2747 3793 2856 3845 τῶν
2885 3794 3083 3863 χειρῶν
3108 3794 3207 3863 τὴν
3236 3795 3428 3863 λύραν.
3462 3796 3672 3865 σιωπὴν
3699 3796 3810 3848 τῶν
3840 3796 4016 3865 μελῶν

2429 3883 2885 3951 καταψηφίζεται.
2920 3884 3072 3945 Ναῦς
3120 3886 3178 3936 ὲν
3224 3885 3414 3954 ὅρμοις
3463 3885 3797 3955 στρατηγὶς,
3850 3888 4021 3937 ἱστίον

2431 3972 2632 4040 ὑψηλὸν
2669 3974 2979 4042 μετάρσιον,
3007 3969 3119 4026 οἷον
3156 3976 3250 4027 καὶ
3294 3976 3576 4044 λαμπραῖς
3617 3976 3812 4045 αὔραις
3832 3980 3879 4009 ⁸ο
3920 3980 4013 4030 καὶ

2431 4062 2711 4128 πελαγίοις
2741 4067 3128 4119 πετάννυσθαι.
3162 4068 3365 4136 Μικροὶ
3393 4068 3492 4137 μὲν
3522 4071 3601 4131 είς
3626 4070 3788 4137 χάριν
3825 4071 4017 4122 Ἐσπε-

2432 4154 2592 4223 ρίδων
2640 4153 2923 4224 λειμῶνες,
2966 4160 3159 4227 μικραὶ⁵
3202 4158 3259 4210 δὲ
3304 4160 3384 4217 είς
3438 4160 3671 4227 μέγεθος
3710 4163 4015 4231 πυραμίδες

2428 4238 2747 4306 Αἰγύπτιαι,
2776 4243 2870 4294 κα)⁸
2924 4246 2978 4296 εῐ
3023 4262 3074 4297 τι
3129 4245 3358 4315 Περσῶν
3387 4248 3480 4299 καὶ
3508 4248 3807 4317 Ἀσσυρίων
3836 4254 4013 4318 χεῖρες

2430 4333 2734 4399 πονήσασαι
2766 4333 2957 4403 θαῦμα
2983 4336 3207 4403 ἀφῆκαν
3224 4342 3337 4399 τοῖς
3373 4338 3615 4409 ὕστερον.
3636 4340 3894 4393 ἌλλἿπὶ
3917 4344 4013 4402 τὰς

2431 4420 2590 4489 φίλας
2611 4423 2846 4493 Ἀθήνας
2870 4428 2898 4478 ό
2934 4428 3147 4492 στόλος,
3175 4430 3236 4481 αῖ
3272 4446 3330 4481 σε
3358 4432 3475 4492 τοῖς
3512 4431 3695 4489 πόθοις
3729 4432 3900 4494 οὕτως
3930 4434 4014 4497 ἐξ·

739 4524 908 4574 retur,
946 4509 1193 4563 obscuris
1234 4509 1423 4561 verbis
1459 4516 1635 4577 tegere
1666 4522 1937 4561 rumorem
1992 4509 2186 4560 adnixa
2224 4518 2317 4561 est.

2434 4511 2668 4565 έκαυσαν
2699 4514 2773 4576 ὡς
2814 4517 2909 4569 καὶ
2958 4519 3045 4569 ἐπ’
3074 4520 3245 4586 αὐτῆς
3276 4521 3593 4589 περιφέρειν
3629 4523 3877 4590 γλώττης
3923 4526 4013 4577 τὸν

736 4598 843 4655 Nos
871 4614 997 4653 vero
1028 4598 1204 4651 nullus
1228 4607 1387 4664 poeta
1420 4598 1634 4650 mentiri
1673 4598 1961 4665 putaverit,
2016 4608 2137 4665 post
2172 4609 2314 4651 tuam

736 4690 1217 4760 peregrinationem
1253 4686 1467 4740 auferre
1498 4688 1665 4741 solem
1694 4690 1936 4755 cupiens,
1967 4702 2000 4741 ο
2024 4689 2193 4742 amica
2218 4705 2315 4756 pa-

741 4784 861 4835 tria.
916 4779 1069 4833 Nune
1111 4777 1486 4847 tibiinjuriam
1542 4778 1785 4831 intulisse
1833 4793 1920 4832 me
1956 4780 2162 4845 sentio,
2200 4791 2320 4834 tuos

736 4887 951 4927 artiores
974 4872 1298 4941 despiciens,
1332 4870 1507 4922 insido
1522 4870 1746 4922 amatori
1763 4871 1941 4922 omnia
1963 4872 2186 4936 cupiens
2209 4872 2320 4925 Iar-

739 4962 861 5030 giri.
891 4959 995 5013 Sed
1021 4974 1213 5029 parum
1247 4958 1435 5011 horum
1502 4957 1670 5024 legem
1726 4968 1963 5022 seetitus,
1998 4960 2061 5011 ad
2096 4961 2314 5015 inhoae-

737 5062 933 5106 statem
968 5054 1267 5106 orationem
1297 5049 1565 5116 converti,
1586 5049 1709 5101 licet
1739 5049 1869 5102 mihi
1895 5049 2217 5103 desiderium
2249 5051 2325 5104 Dii

740 5142 1098 5213 impleverim.
1121 5141 1316 5197 lterum
1335 5142 1477 5196 enim
1495 5149 1731 5210 sceptra,
1745 5139 1937 5194 iterum
1949 5140 2136 5209 iudicii
2152 5143 2329 5197 sedes.

2431 4602 2628 4672 ἔρωτα.
2651 4606 2716 4657 Τί
2747 4606 2803 4659 δὲ
2828 4609 3005 4671 ὀκνεῖς
3036 4611 3134 4679 τὴν
3160 4612 3452 4679 ἀπόκρισιν
3475 4613 3568 4665 τοῦ
3592 4615 3772 4667 κοινοῦ
3799 4618 4011 4668 πάντων

2422 4694 2738 4764 ἀγάλματος
2798 4701 3181 4769 μετασκηνοῦν
3236 4703 3364 4771 παρ’
3414 4705 3621 4773 ἑτέροις
3686 4707 4011 4774 μέλλοντος;

2426 4784 2772 4854 Κιμμερίους
2813 4791 2911 4857 μὲν
2937 4791 3022 4860 δὴ,
3054 4792 3227 4860 δῆμον
3259 4794 3535 4863 ἑσπέριον,
3564 4798 3820 4865 ἀφείλετο
3850 4800 4011 4868 μῦθος

2424 4872 2515 4924 τὸν
2545 4874 2718 4942 ἥλιον,
2751 4872 2872 4929 εἶτα
2898 4880 3155 4949 φοϐηθεὶς
3185 4883 3278 4933 τὸν
3308 4883 3529 4953 ἔλεγχον
3563 4887 3890 4953 ἀμφιϐόλοις
3914 4892 4011 4959 ρή-

2436 4982 2567 5033 μασι
2604 4968 2807 5035 κρύψαι
2830 4970 2927 5041 τὴν
2957 4974 3145 5041 φήμην
3174 4975 3543 5028 ἐσπούδασεν
3568 4982 3719 5048 ἡμᾶς
3753 4980 3809 5032 δὲ
3841 4983 4012 5043 οὐδεὶς

2438 5057 2667 5125 ποιητὴς
2700 5057 2992 5125 ψεύδεσθαι
3026 5063 3195 5127 δόξειε
3230 5066 3367 5134 μετά
3413 5068 3513 5140 τὴν
3560 5070 3660 5139 σὴν
3704 5072 4014 5139 ἀποδημίαν

2440 5145 2732 5215 ἀφελέσθαι
2776 5151 2949 5208 θέλων
2990 5154 3083 5207 τὸν
3116 5153 3364 5226 ἧλιον.Ὠ
3406 5159 3532 5227 φίλη
3578 5164 3805 5232 πατρὶς,
3833 5164 3928 5216 νῦν
3956 5181 4012 5216 σε

2022 5297 2263 5352 VARUE
2306 5300 2712 5362 LECTIONES.

809 5397 833 5427 ⁸
858 5390 1011 5458 οὗτος
1043 5392 1291 5448 Reislu'us
1326 5412 1339 5446 :
1376 5392 1492 5444 libri
1528 5390 1686 5443 οὕτω.
1784 5390 1803 5420 ⁸
1831 5390 1962 5459 ἔχει.

2063 5394 2082 5423 ⁷
2108 5392 2377 5463 φάρμακα
2394 5410 2506 5450 om.
2566 5400 2672 5453 ΑΒ.

2786 5404 2805 5434 ⁸
2840 5404 2955 5474 ἡδὲ
3002 5407 3240 5461 θάλαττα
3279 5426 3388 5465 om.
3422 5415 3485 5467 Α.
3597 5415 3619 5446 ⁸
3664 5415 3759 5466 ὑπ’
3788 5414 4013 5469 Werns-

993 5448 1010 5458 '
1052 5468 1058 5474 .
1140 5466 1149 5476 .
1192 5464 1202 5477 .
1541 5462 1575 5474 ,ς
1861 5448 1888 5473 'r
1980 5462 1992 5474 .
2122 5448 2131 5460 -
2190 5448 2237 5463 ι·
2406 5448 2413 5449 ί
2494 5448 2502 5450 έ
2555 5448 2672 5480 ,ν--ν
2847 5448 2955 5474 -ι--
3005 5448 3240 5461 νυ-ι-υ---υ-
3279 5448 3388 5465 υιιιο
3422 5448 3485 5467 n.
3666 5448 3739 5466 νη
3802 5448 4013 5469 "cum-

740 5466 1151 5554 ε¹.οι;¹ῑιξεξῑε.1·¹ιξι
1184 5459 2384 5554 “fit_ff.9f"3°““..";.'_'_‘31I§I‘i°ii‘i‘?‘-.
2696 5468 3094 5554 κεξειίυευ
3193 5481 3539 5554 ηφεύμσίαλα]
3570 5486 3905 5554 meum
3947 5490 4013 5541 Α.

744 5538 785 5566 ⁸³
821 5535 1043 5605 θάτερον
1080 5534 1141 5605 ll.
1238 5536 1282 5564 ⁸⁵
1304 5536 1551 5605 πισσαῖον
1584 5531 1641 5584 Β.

744 5605 785 5636 ¹⁹
821 5603 1074 5675 ἀγριαίνῃ
1098 5604 1173 5658 C:
1205 5603 1507 5673 ἀγριαίνειν
1549 5617 1608 5663 ς.

1686 5530 2420 5630 ,σ’ίτῗῖῗῗτὶθτῗτῖλξέἒξῗὶλ·
2499 5530 2960 5617 ¹⁶μ⁰δ⁵αιφυγὴν
2994 5551 3087 5602 καὶ
3116 5565 3177 5613 ς·
3260 5530 3539 5621 ¹⁷ἆκάφος³
3603 5530 3898 5612 ¹⁸κᾶνῖωο
3944 5530 4014 5611 ΑΖ

1752 5600 1948 5672 αὔραις
1972 5602 2017 5654 A
2051 5620 2064 5656 :
2091 5600 2285 5672 αὐγαῖς
2309 5622 2368 5665 ς.

2286 5672 2518 5729 ΝΟΤΞ.

814 5768 931 5839 (49)
960 5768 1178 5825 Proclus
1198 5782 1316 5835 sup.
1350 5766 1401 5819 in
1429 5762 1873 5822 Chretlomatht'a.
