4206 6436
260 379 397 445 1361

1342 392 1866 456 BIBLIOTHECA.
1888 420 1955 435 --
1974 397 2141 458 COD.
2170 397 2479 461 CCXLI“.

3372 397 3511 466 1362

254 492 433 555 ὅντως
485 496 743 567 ἀδικήσας
799 496 1149 566 αίσθάνομαι,
1205 498 1331 561 τοὺς
1380 503 1508 564 σοὺς
1561 503 1864 572 ὑπεριδὼν.

1940 504 2046 559 Hoc
2075 505 2285 576 Ephyra
2311 508 2514 570 attulit,
2536 507 2663 562 urbs
2691 519 2799 561 non
2823 506 2994 561 solum
3018 507 3085 563 ad
3103 508 3511 566 admirationem

256 581 498 650 ἔρωτας,
524 586 725 655 ἐραστῇ
780 584 950 639 θέλων
997 585 1210 654 ἀπίστῳ
1256 587 1435 639 πάντα
1480 591 1833 658 χαρίσασθαι.

270 675 442 727 Ἀλλὰ
474 675 669 745 μικροῦ
694 676 775 745 τῷ
802 677 952 746 νόμῳ
978 677 1057 746 τῷ
1086 678 1435 746 περὶτούτων
1456 681 1837 750 ἑπόμενος.εξς

257 766 540 836 ἀκοσμίαν
589 766 680 819 τὸν
726 767 881 834 λόγον
919 766 1153 837 ετρεψα,
1186 768 1360 821 καίτοι
1401 786 1492 838 μοι
1542 769 1649 823 τῶν
1696 770 1838 823 θεῶν

259 857 619 926 πληρούντων
646 858 738 910 τὸν
766 858 930 910 πόθον
952 874 966 888 ·
1006 860 1167 911 πάλιν
1214 859 1325 929 γάρ
1370 860 1647 929 σκῆπτρα,
1674 862 1839 916 πάλιν

260 948 370 1017 τῆς
402 949 559 1019 δίκης
580 950 629 1001 oi
650 950 851 1020 θρόνοι.
872 949 1069 1005 Τοῦτον
1096 950 1305 1021 Ἐφύρα
1334 952 1431 1021 μὲν
1450 954 1670 1023 ἧνεγκε,
1687 955 1841 1019 πόλις

260 1039 327 1090 ού
350 1040 511 1109 μόνον
528 1040 981 1111 καλλωπιζομένη
1000 1042 1190 1112 μύθοις
1214 1044 1351 1113 πρὸς
1366 1044 1426 1096 τὸ
1443 1044 1842 1114 θαυμάζεσθαι,

259 1125 360 1185 οἷα
386 1132 494 1185 τῶν
528 1131 847 1203 Ἐλληνίδων
872 1135 927 1187 αἱ
958 1134 1225 1201 πλείονες,
1258 1134 1374 1189 ἀλλ’
1388 1134 1655 1207 ὀφθαλμῷ
1678 1140 1840 1209 κριτῇ

262 1230 375 1298 τὴν
407 1229 749 1299 εὐδαιμονίαν
778 1228 1243 1298 προϐάλλουσα¹¹.’
1265 1228 1421 1281 Οὕτω
1447 1230 1541 1282 καὶ
1564 1229 1627 1281 τδ
1653 1229 1844 1284 τούτου

261 1320 436 1388 γένος
470 1319 683 1387 μυρίοις
716 1317 814 1386 μιν
842 1317 1043 1385 λόγοις,
1080 1317 1294 1387 μυρίοις
1319 1316 1378 1370 δὲ
1406 1315 1589 1387 ἔργοις
1616 1319 1712 1371 καὶ
1740 1336 1847 1371 πα-

267 1413 600 1483 ραπλησίοις
627 1411 941 1479 ἀγάλλεται.
980 1410 1261 1480 Μνηστέον
1296 1409 1395 1480 ἢδη
1430 1411 1527 1463 καὶ
1548 1404 1718 1465 ἀὐτοῦ
1751 1410 1845 1465 τοῦ

268 1505 490 1570 γένους,
524 1501 640 1555 οὓτι
671 1502 900 1562 παντός’
935 1501 1104 1567 κάμοι
1126 1500 1234 1570 γάρ
1260 1500 1349 1565 ἂν,
1381 1496 1555 1565 οἶμαι,
1583 1501 1678 1554 καὶ
1702 1502 1848 1553 ιστο-

271 1597 373 1664 pia
401 1592 651 1647 τοσοῦτον
680 1591 940 1660 πλῆθοςη
970 1588 1347 1660 φροντίζουσα.
1390 1592 1452 1643 Οἱ
1497 1592 1592 1645 ἀπ’
1626 1591 1849 1646 έκείνων

270 1687 392 1739 τῶν
420 1687 614 1755 γάμων
650 1683 1181 1753 ἀποϐλαστήσαντες,
1216 1682 1349 1734 εἰκώ
1376 1699 1499 1736 τινα
1517 1684 1617 1753 τῆς
1638 1684 1848 1737 ἐκείνου

274 1781 478 1848 σοφίας
508 1781 619 1840 τοῖς
643 1778 743 1848 τῆς
773 1778 955 1847 ψυχῆς
991 1776 1212 1846 φέροντ’
1237 1776 1535 1845 ἀγάλμασι.
1571 1777 1850 1847 Eponam-

1941 596 2134 651 fabnlis
2148 598 2497 661 illustrata,ut
2515 598 2780 667 pleraque
2791 612 2979 653 omnes
2993 597 3334 666 Gmcic,sed
3350 603 3515 655 etiam

1938 687 2197 756 iudicanti
2236 690 2395 743 oculo
2429 688 2735 743 felicitatem
2774 687 3020 743 εσσε-ειη.
3053 690 3146 744 Sic
3188 689 3346 755 bujus
3384 703 3516 758 gens

1948 779 2168 835 inﬁnitis
2224 780 2577 844 orationibus,
2605 780 2860 849 operibus
2882 789 2935 835 et
2949 781 3213 835 similibus
3248 780 3505 836 exsultat.

1947 872 2353 927 Recordandum
2380 880 2463 927 est
2492 871 2652 939 bujus
2670 871 2781 939 jam
2818 872 2991 941 gentis
3014 888 3116 926 non
3149 881 3326 925 tamen
3355 870 3519 923 totius

1942 964 2076 1033 (non
2094 963 2272 1017 omnia
2298 977 2539 1029 narrare,
2569 978 2764 1030 magno
2787 964 2915 1016 mihi
2941 964 3089 1017 oneri
3109 963 3274 1031 esset)
3306 980 3321 1015 :
3349 977 3518 1015 unum

1942 1067 2013 1108 es
2039 1054 2105 1108 iis
2132 1054 2222 1122 qui
2271 1055 2338 1109 ab
2367 1054 2472 1110 illis
2523 1054 2723 1125 nuptiis
2749 1054 3013 1123 progeniti
3042 1062 3188 1117 sunt,
3215 1051 3521 1107 assimilabo

1949 1143 2263 1210 sapientiam
2288 1146 2481 1199 anima
2499 1146 2712 1202 statuis.
2739 1143 2901 1198 Sinus
2926 1145 3139 1199 Ionicus
3164 1143 3368 1198 alluens
3386 1142 3523 1196 miti.

1950 1243 2040 1302 gat
2063 1233 2209 1289 littus
2226 1234 2412 1303 luctu,
2429 1236 2581 1305 juxta
2606 1234 2745 1290 banc
2762 1250 2911 1290 oram
2950 1234 3207 1302 tripudiat
3236 1234 3520 1291 Nereidum

1952 1327 2147 1380 chorus
2165 1335 2213 1390 ι,
2236 1342 2425 1382 omnes
2464 1328 2617 1391 albae,
2657 1328 2740 1381 lac
2776 1327 2932 1394 quale
2959 1327 3109 1381 fieret
3160 1334 3277 1380 arte
3343 1336 3525 1395 pasto-

1953 1428 2093 1477 rum,
2119 1413 2289 1468 oculis
2318 1414 2542 1485 glaucis,
2602 1424 2809 1468 ornata
2825 1429 3029 1480 musco,
3060 1423 3318 1483 praeterea
3343 1415 3523 1468 albata

1952 1515 2196 1568 spumam
2212 1514 2243 1556 e
2272 1496 2407 1555 mari
2432 1501 2656 1555 summis
2680 1499 2942 1554 stillantes
2958 1501 3217 1561 crinibus.
3251 1501 3341 1556 Illa
3364 1501 3519 1556 vicis-

1954 1593 2054 1647 sim
2081 1608 2331 1660 sponsum
2348 1594 2580 1657 amabat,
2596 1607 2651 1649 et
2665 1596 3194 1663 arrliabone‘nuptias
3217 1594 3520 1649 continuat-

1953 1684 2203 1740 Producit
2225 1686 2367 1740 enim
2401 1688 2573 1743 medio
2604 1688 2735 1742 mari
2773 1687 2992 1742 fontem.
3018 1688 3141 1744 llaec
3181 1703 3312 1743 vero
3337 1689 3522 1744 sciens

1958 1779 2058 1833 boc
2076 1779 2393 1835 beneﬁcium
2409 1795 2439 1833 a
2455 1794 2648 1848 sponsa
2663 1789 2961 1848 protectum
3009 1794 3150 1843 esse,
3184 1779 3305 1834 aliis
3347 1780 3526 1834 nautis

275 1872 395 1934 ζων
426 1872 624 1931 κόλπος
642 1870 824 1932 Ἰόνιος
846 1868 1049 1921 λεαίνει
1070 1868 1168 1937 τὴν
1192 1868 1312 1921 θῖνα
1339 1867 1417 1937 τῷ
1448 1868 1677 1938 κύματι.
1697 1870 1856 1923 Κατὰ

1959 1868 2152 1922 undam
2169 1868 2351 1936 eripit,
2372 1870 2501 1924 solis
2512 1882 2641 1923 vero
2662 1868 2745 1923 his
2779 1877 3020 1922 reservat
3035 1868 3321 1922 amabilem
3345 1877 3526 1938 potum

276 1964 350 2034 δὴ
383 1966 587 2033 ταύτης
606 1963 707 2032 τῆς
728 1963 889 2033 ῂόνος
919 1961 1076 2033 χορὸς
1092 1960 1383 2031 Νηρηΐδων
1406 1961 1647 2030 ὲχόρευε,
1664 1962 1856 2015 λευκαὶ

1957 1970 2013 2016 ιιι
2034 1961 2283 2016 hauriant
2311 1962 2399 2029 qui
2458 1976 2490 2016 e
2536 1974 2735 2030 sponsa
2790 1969 2937 2025 sunt,
2962 1962 3105 2028 quod
3137 1959 3330 2030 370b
3364 1961 3527 2014 etiam

276 2058 481 2121 πᾶσαι,
515 2055 655 2122 γάλα
698 2054 862 2119 αὐτὸ,
891 2046 1003 2105 οἷον
1063 2052 1129 2105 ἂν
1180 2053 1355 2105 έκεῖνο
1391 2054 1599 2120 γένοιτο
1640 2052 1857 2122 τέχναις

1956 2064 2141 2107 contra
2172 2053 2424 2109 virtutem
2451 2053 2648 2108 factum
2682 2061 2785 2107 est.
2812 2053 3093 2121 Promptus
3130 2051 3194 2105 ad
3214 2050 3528 2106 discendum

278 2145 561 2215 ποιμένων
618 2141 742 2215 [603
773 2142 865 2215 Η.]
926 2143 1244 2212 ἱστάμενον,
1276 2143 1510 2210 γλαυκαὶ
1560 2144 1623 2197 τὺ
1679 2144 1855 2213 ὄμμα,

1960 2147 2032 2205 illi
2070 2157 2154 2202 est
2184 2146 2413 2213 animus,
2446 2147 2591 2202 celer
2619 2146 2687 2199 ad
2715 2145 3130 2214 intelligendum,
3159 2144 3415 2199 memoria
3440 2143 3533 2197 ir-

281 2237 539 2306 κομὼσαι
588 2236 665 2305 τῷ
718 2234 888 2305 βρύῳ,
920 2235 1001 2287 ἔτι
1034 2234 1229 2287 λευκὸν
1278 2235 1343 2287 ἐκ
1389 2235 1488 2303 τῆς
1505 2236 1551 2266 ³⁸
1591 2236 1861 2306 Θαλάττης

1960 2250 2109 2305 nata,
2130 2250 2373 2309 prompta
2400 2251 2482 2295 est
2502 2240 2570 2296 ad
2590 2239 2896 2301 dicendum,
2923 2241 2989 2293 ad
3010 2238 3293 2308 tegendum
3316 2239 3529 2302 idonea,

280 2330 468 2399 άφρδν
487 2327 546 2392 ἐξ
569 2328 753 2397 ἄκρων
782 2326 1079 2397 πλοκάμων
1109 2325 1400 2389 στάζουσαι
1415 2328 1483 2381 ⁸³.
1497 2326 1564 2380 Ἥ
1584 2327 1642 2380 δὲ
1661 2329 1865 2398 ἀντερᾷ

282 2419 387 2473 τοῦ
421 2419 652 2489 νυμφίου
677 2460 692 2485 ,
720 2420 813 2472 καὶ
844 2418 1003 2488 δώρῳ
1052 2417 1337 2471 πιστοῦται
1368 2418 1459 2471 τὸν
1490 2420 1669 2488 γάμον
1691 2435 1705 2450 ⁸
1738 2422 1867 2473 άνα·

282 2513 476 2566 δίδωσι
509 2513 616 2582 γὰρ
648 2516 714 2565 ὲκ
749 2512 920 2579 μέσης
950 2510 1218 2578 θαλάττης
1247 2512 1531 2580 πηγήν.ᾝ
1568 2511 1649 2575 δὲ,
1678 2511 1866 2581 ὥσπερ

282 2603 631 2671 ἐπισταμένη
660 2601 754 2654 τοῦ
786 2602 943 2670 χάριν
974 2602 1081 2655 ὑπὸ
1108 2602 1208 2673 τῆς
1237 2601 1455 2671 νύμφης
1484 2603 1722 2672 ἐγένετο,
1749 2604 1868 2658 κλέ-

287 2711 419 2745 πτει
452 2695 549 2763 μὲν
572 2700 683 2757 τοῖς
708 2695 887 2750 ἄλλοις
914 2696 1193 2766 πλωτῆρσι
1218 2698 1287 2750 τὰ
1319 2698 1535 2765 νάματα
1555 2739 1570 2761 ,
1601 2700 1783 2767 μόνοις
1814 2699 1869 2750 δὲ

285 2790 455 2855 τηρεῖ
502 2792 609 2849 τοῖς
659 2790 723 2840 ἐκ
768 2789 869 2856 τῆς
920 2788 1135 2856 νύμφης
1167 2788 1266 2858 τὴν
1299 2789 1526 2857 πότιμον
1556 2790 1873 2859 φιλοτησίαν

288 2879 808 2947 ἁρύσασθαι.ὐπερ
857 2880 953 2933 καὶ
998 2880 1138 2932 κατὰ
1169 2881 1269 2948 τῆς
1300 2881 1501 2949 ἀρετῆς
1540 2882 1867 2952 άνύμνηται.

284 2973 371 3023 Εὐ
382 2971 557 3039 μαθής
582 2971 697 3021 ἐστι
722 2970 891 3038 ψυχὴ,
916 2973 1106 3037 ταχεῖα
1129 2972 1365 3032 σύνεσιν,
1389 2974 1577 3041 μνήμῃ
1600 2973 1871 3042 συμφυὴς,

283 3062 514 3128 ἕτοιμος
540 3061 675 3129 πρὸς
705 3060 914 3127 λόγους,
940 3059 1107 3131 [1125
1136 3059 1230 3131 [1.]
1259 3061 1405 3129 δεινὴ
1454 3062 1551 3130 μὲν
1591 3062 1875 3133 κρύπτειν,

289 3152 566 3219 κρείττων
614 3150 898 3203 λανθάνειν
948 3151 1278 3221 (σοφώτερον
1306 3151 1362 3203 δὲ
1407 3151 1566 3205 τοῦτο
1609 3154 1704 3205 καὶ
1757 3154 1873 3221 ἅμα
1898 3190 1941 3245 c

283 3243 446 3303 θεοῖς
474 3242 969 3311 προσφιλέστερον),
1000 3242 1273 3310 δεινοτέρα
1300 3244 1356 3295 δὲ
1387 3246 1641 3312 φωρᾶσαι
1667 3245 1759 3296 τὸν
1786 3246 1874 3297 έν-

291 3330 531 3397 τυχόντα
552 3344 565 3358 ·
612 3329 879 3398 κρείττων
918 3330 1133 3398 ἡδονῆς,
1166 3329 1345 3399 ἥττων
1392 3330 1807 3401 φιλίας.”Δκρος
1827 3333 1873 3365 ⁸⁸

296 3420 517 3486 σοφίαν,
546 3419 714 3480 δεινὸς
760 3421 966 3484 εἰπεῖν,
1001 3419 1275 3481 ἀνάλωτος
1325 3420 1503 3491 φιλίᾳ,
1537 3424 1785 3489 γενναῖος
1818 3422 1874 3474 έν

294 3508 521 3576 φόϐοις,
565 3507 768 3577 ὑψηλὸς
820 3508 1054 3578 ἰδιώτης,
1090 3510 1274 3579 ἄρχων
1318 3510 1597 3581 ἐπιεικὴς,
1630 3512 1723 3565 τὸν
1778 3513 1876 3581 μὲν

298 3598 522 3667 ἰδιώτην
559 3599 950 3665 ἀποσεμνύνων
983 3601 1312 3669 φρονήματι,
1340 3601 1481 3669 λόγῳ
1528 3602 1584 3654 δὲ
1617 3602 1877 3669 πραΰνων

297 3688 361 3740 τὸ
392 3688 490 3757 τῆς
518 3688 764 3753 ἐξουσίας
783 3688 1133 3742 αὐθέκαστον.
1152 3689 1308 3741 Ἀλλά
1334 3690 1438 3760 μὴν
1462 3692 1554 3743 καὶ
1586 3690 1684 3761 τὴν
1707 3692 1876 3762 τύχην

300 3779 434 3837 ἴδοις
470 3778 537 3831 ἂν
566 3778 754 3848 ὥσπερ
803 3779 861 3844 ἐξ
906 3780 1093 3848 οὐρίας
1121 3780 1212 3834 τὸν
1242 3780 1392 3835 τοῦδε
1437 3782 1551 3851 βίον
1585 3800 1877 3852 συμπαρα-

301 3870 648 3936 πέμπουσαν.
692 3870 1005 3939 Πρεσϐύτης
1036 3887 1117 3933 τις
1152 3866 1220 3941 ἦν
1251 3870 1445 3939 σεμνὸς
1477 3872 1624 3935 ἰδεῖν,
1651 3874 1877 3943 ἀρχαῖος

302 3962 398 4011 τὸν
447 3959 579 4027 βίον,
615 3961 706 4012 τὸν
753 3960 909 4026 λόγον
958 3962 1159 4030 ὅμοιος.
1192 3963 1361 4030 Σοφὸς
1415 3964 1609 4028 εἰπεῖν,
1640 3964 1877 4032 ἀμείνων

303 4049 562 4112 ἀκοῦσαι,
593 4050 663 4102 τὰ
695 4051 868 4102 πάντα
900 4056 1164 4117 γενναῖος.
1196 4052 1415 4121 Πλήρης
1457 4054 1513 4106 δὲ
1553 4052 1628 4106 ὢν
1650 4054 1751 4124 ἤδη
1781 4054 1876 4107 τοῦ

303 4140 518 4201 κλέους,
553 4140 646 4193 καὶ
690 4142 870 4192 πᾶσαν
907 4143 985 4202 εἰς
1033 4142 1223 4194 ἑαυτὸν
1252 4144 1596 4212 ἐπιστρέφων
1625 4144 1725 4214 τὴν
1759 4146 1878 4199 Ἐλ-

302 4229 461 4291 λάδα,
494 4229 757 4282 διαϐαίνει
806 4231 899 4283 καὶ
944 4233 1024 4293 εἰς
1079 4232 1304 4300 βασιλέα
1334 4233 1411 4301 τῷ
1436 4233 1698 4303 θαύματι,
1747 4238 1877 4308 πρὶν

298 4318 589 4388 ὑπηνήτης
618 4320 890 4386 γενέσθαι,
920 4320 1049 4390 πρὶν
1095 4321 1437 4389 καθερπύσαι
1476 4324 1813 4393 τδνιπρῶτον
1833 4326 1876 4356 ³⁷

300 4410 498 4462 ῐουλον.
521 4410 749 4475 Ποιητοῦ
770 4411 814 4443 ³⁸
836 4412 893 4462 δὲ
915 4412 1022 4481 ἄρα
1047 4408 1114 4481 ἦν
1140 4413 1369 4465 ἐνταῦθα
1402 4414 1495 4466 τοῦ
1522 4415 1678 4482 λόγου
1706 4416 1880 4485 ῥόδοις

1964 2333 2029 2386 ad
2053 2333 2323 2387 latendum
2366 2334 2619 2401 paratior.
2654 2330 2767 2387 Hoc
2789 2332 3103 2400 sapientius,
3131 2329 3402 2399 simulque
3428 2330 3531 2383 diis

1965 2424 2167 2495 gratius
2198 2443 2212 2479 :
2258 2425 2430 2493 aptior
2454 2438 2580 2478 vero
2605 2424 2670 2477 ad
2722 2422 2938 2477 obvium
2997 2420 3529 2491 deprehendendum,

1967 2516 2237 2584 voiuptate
2262 2515 2482 2580 fortior,
2515 2515 2746 2569 amicitia
2787 2513 3028 2578 inferior,
3068 2527 3162 2583 per
3210 2512 3531 2579 sapientiam

1969 2620 2202 2671 summa,
2238 2617 2358 2676 apta
2388 2606 2456 2661 ad
2492 2605 2798 2668 dicendum,
2822 2604 3247 2675 inexpugnabilis
3270 2604 3531 2665 amicitia,

1972 2708 2223 2750 strenuus
2268 2698 2319 2748 in
2384 2698 2593 2762 timore,
2630 2712 2749 2749 cum
2773 2698 3015 2765 privatus
3036 2705 3117 2750 est
3135 2710 3535 2760 summus,cum

1975 2786 2026 2838 in
2078 2786 2394 2856 magistratu
2422 2799 2622 2854 azquns.
2653 2783 2931 2839 Privatum
2968 2786 3261 2839 bonestans
3287 2784 3533 2847 consilio,

1969 2878 2278 2946 eloquentia
2311 2878 2520 2945 imperii
2548 2878 2889 2932 severitatem
2916 2878 3185 2948 mitigans.
3228 2876 3534 2942 Quinetiam

1974 2964 2248 3021 fortunam
2274 2968 2478 3030 videas,
2510 2968 2666 3036 quasi
2695 2965 2855 3031 huius
2882 2966 3005 3019 vitae
3027 2968 3290 3019 rationem
3318 2974 3538 3033 propter

1980 3056 2293 3110 felicitatem
2345 3065 2707 3110 aversantem.
2758 3056 2992 3125 Legatus
3040 3055 3141 3109 fuit
3186 3055 3238 3108 in
3293 3054 3541 3107 animad-

1984 3146 2240 3201 vertendo
2269 3148 2468 3211 serius,
2498 3148 2624 3213 vita,
2656 3158 2715 3200 ut
2763 3148 2925 3200 etiam
2972 3146 3025 3200 in
3056 3146 3322 3208 oratione,
3370 3160 3539 3214 gran-

1976 3239 2089 3293 dis:
2115 3239 2181 3291 ad
2208 3238 2490 3293 dicendum
2505 3238 2739 3303 sapiens,
2756 3240 2823 3291 ad
2845 3238 3167 3291 audiendum
3200 3237 3539 3299 instructior,

1976 3325 2029 3379 in
2064 3327 2313 3381 omnibus
2342 3330 2609 3397 egregius.
2647 3325 2844 3381 Plenus
2882 3326 3041 3380 laude
3074 3324 3211 3393 jam,
3237 3334 3292 3379 et
3317 3340 3536 3380 omnem

1975 3418 2031 3471 in
2058 3435 2119 3474 se
2142 3420 2405 3474 Graciam
2444 3427 2790 3481 convertens,
2822 3417 2938 3471 suis
2980 3416 3315 3472 facinoribus
3348 3416 3418 3470 ad
3454 3430 3542 3469 re-

1977 3511 2117 3580 giam
2168 3510 2484 3577 dignitatem
2538 3505 2827 3570 ascendit,
2883 3505 3200 3575 priusquam
3254 3504 3541 3573 pullularet

1978 3601 2166 3664 barba,
2194 3601 2474 3669 primaque
2506 3598 2698 3667 lanugo
2734 3597 3064 3652 tonderetur.
3099 3595 3225 3650 llaec
3256 3606 3539 3664 poetarum

1979 3692 2147 3745 instar
2176 3693 2302 3746 fecit
2329 3692 2526 3754 oratio,
2567 3692 2705 3744 rosis
2750 3698 2971 3743 nectere
3024 3703 3307 3750 coronam,
3344 3689 3543 3742 (lucere

1979 3787 2182 3837 circum
2209 3784 2393 3838 urbem
2416 3784 2554 3837 banc
2571 3798 2637 3837 ex
2664 3780 2917 3835 Helicone
2935 3780 3132 3845 Musas,
3152 3795 3310 3847 quam
3329 3778 3543 3847 Europa

1977 3880 2219 3923 extrema
2238 3872 2430 3940 exiguo
2448 3869 2591 3924 freto
2616 3885 2646 3923 a
2683 3869 2925 3924 Gadibus
2948 3884 3117 3938 usque
3134 3869 3323 3923 Asiam
3355 3879 3541 3923 exten-

1980 3960 2074 4012 dit.
2109 3961 2186 4012 Ad
2211 3960 2410 4014 lstrum
2458 3975 2518 4015 se
2548 3961 2839 4023 convertit,
2882 3976 2979 4015 nec
3007 3961 3213 4015 veritus
3237 3971 3320 4014 est
3344 3960 3543 4015 ﬂumen

1979 4048 2278 4103 Barbarum
2317 4050 2487 4119 glacie
2557 4053 2609 4105 in
2666 4065 2871 4105 morem
2932 4053 3109 4122 campi
3182 4061 3543 4107 constratum.

1978 4138 2112 4190 Cum
2148 4153 2276 4193 vero
2306 4140 2440 4193 deus
2475 4155 2691 4195 omnem
2754 4142 2900 4194 illam
2954 4141 3213 4195 virtutem
3260 4141 3546 4207 explorare

1980 4228 2263 4292 voluisset,
2314 4239 2370 4284 et
2410 4231 2651 4284 adversae
2707 4230 2996 4299 aliquando
3042 4230 3273 4285 fortuna:
3324 4241 3545 4284 ventum

1980 4319 2281 4384 constituit,
2325 4328 2383 4373 ut
2425 4320 2597 4389 qualis
2661 4328 2826 4383 esset,
2885 4320 3009 4374 talis
3075 4320 3350 4386 opinione,
3389 4329 3445 4373 et
3493 4322 3547 4373 in

1982 4426 2161 4462 rerum
2196 4412 2444 4465 fluctibus
2476 4413 2706 4480 vitaeque
2742 4420 3060 4480 tempestate
3100 4412 3363 4465 omnibus
3394 4412 3548 4465 vide—

305 4502 406 4568 μὲν
436 4500 733 4565 ἀναπλέξαι
783 4502 876 4554 τὸν
911 4504 1193 4570 στέφανον,
1228 4504 1382 4569 άγειν
1415 4505 1470 4557 δὲ
1505 4505 1565 4568 ἐξ
1597 4507 1864 4559 Ἑλικῶνα

1940 4510 2163 4565 )retur,
2209 4512 2263 4556 et
2317 4507 2369 4556 in
2409 4503 2512 4558 hac
2562 4505 2725 4555 etiam
2775 4512 2926 4570 parte
2972 4503 3368 4557 celebraretur.
3412 4501 3547 4568 Quis

298 4592 402 4655 τὰς
430 4590 671 4655 Μούσας.
714 4593 849 4660 Περὶ
876 4593 973 4663 τὴν
1003 4594 1156 4645 πόλιν
1182 4596 1413 4663 ἐκείνην,
1445 4596 1511 4666 ἢν
1551 4597 1657 4649 ἀπὸ
1689 4598 1877 4651 Γαδεί-

299 4698 415 4750 ρων
454 4680 686 4752 Εὐρώπη
719 4683 958 4750 λήγουσα
994 4683 1223 4752 πορθμῷ
1267 4684 1539 4755 θαλάσσης
1588 4688 1723 4755 πρὸς
1776 4688 1875 4758 τὴν

313 4772 499 4825 Ἀσίαν
549 4772 845 4841 μερίζεται.
875 4774 1105 4825 Ἥλασεν
1157 4766 1310 4838 οὗτος
1348 4777 1441 4828 καὶ
1489 4778 1610 4829 κατ’
1636 4778 1871 4848 Ἴστρου,

298 4864 395 4916 καὶ
426 4863 667 4933 ποταμὸν
696 4865 794 4915 οὐκ
824 4866 993 4917 ἔδεισε
1039 4864 1311 4935 βάρϐαρον
1353 4867 1669 4938 κρυστάλλῳ
1716 4870 1873 4922 πεδία

302 4955 656 5024 μιμούμενον.
677 4957 827 5007 Ἐπεὶ
864 4956 919 5009 δὲ
960 4956 1078 5018 θεὸς
1114 4959 1247 5025 πρὸς
1274 4961 1452 5010 πᾶσαν
1480 4961 1641 5012 αὐτὸν
1672 4962 1873 5031 ἀρετὴν

296 5044 607 5112 ἁκριϐὦσαι
655 5045 997 5113 βουλόμενος,
1056 5048 1147 5098 καὶ
1196 5048 1290 5099 ἀπ’
1327 5050 1573 5112 ἐναντίας
1622 5052 1753 5102 ποτὲ
1808 5051 1875 5103 τὸ

300 5133 522 5201 πνεῦμα
576 5134 663 5203 ,ἧς
696 5134 865 5206 τύχης
900 5135 1159 5205 ἔστησεν,
1194 5138 1259 5189 ἵν’
1292 5134 1404 5200 οἷος
1442 5135 1510 5209 ἦν
1528 5142 1598 5205 ",
1639 5139 1876 5204 τοιοῦτος

298 5226 401 5292 τὴν
433 5224 655 5295 γνώμην
688 5230 782 5279 καὶ
805 5231 863 5279 ἐν
892 5228 1208 5298 τρικυμίαις
1238 5232 1574 5300 πραγμάτων
1627 5231 1721 5284 καὶ
1771 5249 1876 5301 χει-

303 5316 445 5385 μῶνι
475 5315 589 5385 βίου
624 5318 860 5389 δειχθείη
891 5321 1001 5382 τοῖς
1034 5321 1165 5373 πᾶσι
1196 5322 1287 5374 καὶ
1321 5322 1440 5375 κατ’
1464 5322 1596 5375 αὐτὸ
1622 5322 1684 5375 τὸ
1711 5322 1879 5392 μέρος

382 5463 409 5491 ι
436 5454 620 5510 llorat.
656 5460 803 5511 οιιω.

1986 4602 2157 4660 poeta,
2198 4595 2280 4648 vel
2310 4596 2498 4650 orandi
2544 4598 2748 4666 peritus
2787 4611 2916 4652 voce
2962 4598 3121 4665 digna
3165 4595 3397 4664 explicet
3458 4609 3543 4658 ea,

1986 4696 2103 4749 qua:
2162 4683 2251 4739 ille
2296 4686 2469 4740 fecit?
2508 4688 2616 4742 Nec
2666 4688 2865 4743 Siciliae
2917 4688 3156 4755 aliquam
3208 4685 3449 4755 Scyllam
3491 4695 3547 4737 et

1984 4775 2286 4844 Charybdin
2322 4779 2533 4843 stravit,
2566 4780 2664 4834 sed
2708 4780 2945 4835 virorum
2972 4780 3142 4833 etiam
3172 4776 3411 4846 Cyclope
3454 4775 3547 4829 illo

1983 4879 2201 4936 pastore
2237 4867 2418 4925 Siculo
2452 4872 2838 4935 crudeliorutn,
2871 4872 3013 4926 mille
3050 4881 3240 4925 contra
3267 4884 3330 4924 se
3371 4878 3548 4923 motas

1984 4959 2150 5025 aries,
2180 4976 2283 5014 non
2310 4964 2579 5018 consertis
2607 4965 2875 5028 manibus,
2913 4980 3011 5018 nec
3051 4963 3195 5025 telis,
3218 4971 3311 5015 aut
3352 4960 3542 5021 hastis,

1984 5050 2075 5102 sed
2097 5053 2387 5116 prudentia
2416 5064 2469 5106 et
2490 5054 2739 5107 oratione
2783 5055 2981 5121 ubique
3016 5062 3282 5105 terrarum
3308 5050 3543 5116 subegit.

1988 5139 2083 5195 llic
2112 5157 2238 5196 vero
2260 5142 2575 5198 Telchinum
2604 5147 2802 5207 dux,et
2822 5145 3148 5215 Coryphaeus
3170 5152 3543 5211 nuncupatus,

1988 5232 2167 5287 letltali
2198 5245 2418 5305 accepto
2453 5236 2698 5301 vulnere,
2749 5236 2944 5290 bellqu
3000 5250 3223 5303 gemens
3276 5233 3544 5301 deplorat.

1989 5323 2253 5380 Universa
2317 5327 2443 5381 Asia
2476 5343 2580 5381 non
2638 5342 2798 5397 quam
2856 5326 2936 5381 sic
2985 5341 3128 5380 nunc
3186 5324 3545 5395 appellamus,

1610 5568 1842 5624 ἿΑΚΙιΕ
1872 5568 2284 5624 LECTIONES.

403 5686 445 5716 "
476 5683 872 5752 προϐάλλουσαι
904 5686 967 5738 Α.
1041 5686 1085 5751 ’ξ
1122 5684 1359 5753 πλήθους
1393 5683 1450 5738 Β.

1556 5685 1603 5717 ³³
1632 5686 1811 5753 φέρων
1842 5684 1903 5748 C,
1939 5685 2128 5754 ἔφερον
2155 5684 2415 5753 Scaliger.

2513 5683 2556 5714 ’δ
2587 5683 2637 5735 λ.
2668 5682 2758 5734 τὸν
2803 5682 2863 5732 ὲκ
2894 5682 2953 5734 Β.
3058 5682 3105 5713 ’⁸
3135 5680 3424 5743 στάζουσαι
3446 5678 3491 5735 G
3515 5694 3537 5733 :

303 5747 673 5824 βαστάζουσαι
701 5772 759 5818 ς.
837 5747 1106 5825 θαλάσσης
1138 5747 1226 5817 ς.’
1275 5756 1320 5786 ’⁸
1350 5755 1493 5824 ἄκρα
1528 5772 1589 5818 ς.
1643 5747 1715 5789 ’νί
1744 5756 1960 5826 πρῶτον
1980 5747 2099 5810 οἴη.
2126 5756 2186 5806 Β.
2262 5747 2563 5823 ’δ’ποιητὰς
2592 5754 2649 5807 C.
2731 5753 2774 5783 ’³
2918 5752 3036 5805 libri
