  <div class='ocr_page' id='page_1' title='image "/cluster/home/n/w/nwhite01/storage/ocr_20150623/103/nnc1.0046979689/706.png"; bbox 0 0 4206 6436; ppageno 0'>
   <div class='ocr_carea' id='block_1_1' title="bbox 402 511 1679 585">
    <p class='ocr_par' dir='ltr' id='par_1_1' title="bbox 402 511 1679 585">
     <span class='ocr_line' id='line_1_1' title="bbox 402 511 1679 585; baseline 0.005 -20"><span class='ocrx_word' id='word_1_1' title='bbox 402 511 636 580; x_wconf 70' lang='grc' dir='ltr'><strong>Ἐτὲρου</strong></span> <span class='ocrx_word' id='word_1_2' title='bbox 661 512 1096 580; x_wconf 73' lang='grc' dir='ltr'><strong>προτρεπτικοῦ</strong></span> <span class='ocrx_word' id='word_1_3' title='bbox 1124 513 1312 582; x_wconf 66' lang='grc' dir='ltr'><strong>,λόγου</strong></span> <span class='ocrx_word' id='word_1_4' title='bbox 1341 517 1679 585; x_wconf 71' lang='grc' dir='ltr'><strong>Προοίμιον.</strong></span> 
     </span>
    </p>
   </div>
   <div class='ocr_carea' id='block_1_2' title="bbox 318 597 1828 677">
    <p class='ocr_par' dir='ltr' id='par_1_2' title="bbox 318 597 1828 677">
     <span class='ocr_line' id='line_1_2' title="bbox 318 597 1828 677; baseline 0.005 -24"><span class='ocrx_word' id='word_1_5' title='bbox 318 601 503 661; x_wconf 83' lang='grc' dir='ltr'><strong>Δεινὸς</strong></span> <span class='ocrx_word' id='word_1_6' title='bbox 534 601 591 653; x_wconf 76' lang='grc' dir='ltr'><strong>δέ</strong></span> <span class='ocrx_word' id='word_1_7' title='bbox 615 597 685 671; x_wconf 84' lang='grc' dir='ltr'><strong>ῆν</strong></span> <span class='ocrx_word' id='word_1_8' title='bbox 709 601 817 670; x_wconf 84' lang='grc' dir='ltr'><strong>ἀρα</strong></span> <span class='ocrx_word' id='word_1_9' title='bbox 843 601 906 653; x_wconf 86' lang='grc' dir='ltr'><strong>ού</strong></span> <span class='ocrx_word' id='word_1_10' title='bbox 931 605 1089 672; x_wconf 83' lang='grc' dir='ltr'><strong>χεῖρα</strong></span> <span class='ocrx_word' id='word_1_11' title='bbox 1121 603 1280 671; x_wconf 88' lang='grc' dir='ltr'><strong>μόνον</strong></span> <span class='ocrx_word' id='word_1_12' title='bbox 1305 603 1439 657; x_wconf 87' lang='grc' dir='ltr'><strong>ἀλλά</strong></span> <span class='ocrx_word' id='word_1_13' title='bbox 1471 606 1566 658; x_wconf 76' lang='grc' dir='ltr'><strong>καὶ</strong></span> <span class='ocrx_word' id='word_1_14' title='bbox 1596 607 1828 677; x_wconf 78' lang='grc' dir='ltr'><strong>γνώμην</strong></span> 
     </span>
    </p>
   </div>
   <div class='ocr_carea' id='block_1_3' title="bbox 240 686 1830 767">
    <p class='ocr_par' dir='ltr' id='par_1_3' title="bbox 240 686 1830 767">
     <span class='ocr_line' id='line_1_3' title="bbox 240 686 1830 767; baseline 0.006 -26"><span class='ocrx_word' id='word_1_15' title='bbox 240 690 271 741; x_wconf 83' lang='grc' dir='ltr'><strong>ό</strong></span> <span class='ocrx_word' id='word_1_16' title='bbox 297 688 601 754; x_wconf 76' lang='grc' dir='ltr'><strong>Λύσιππος.</strong></span> <span class='ocrx_word' id='word_1_17' title='bbox 633 686 737 745; x_wconf 76' lang='grc' dir='ltr'><strong>Οἷα</strong></span> <span class='ocrx_word' id='word_1_18' title='bbox 773 690 902 762; x_wconf 83' lang='lat'><strong>[605</strong></span> <span class='ocrx_word' id='word_1_19' title='bbox 933 690 1024 763; x_wconf 74' lang='lat' dir='ltr'><strong>IL]</strong></span> <span class='ocrx_word' id='word_1_20' title='bbox 1055 693 1185 761; x_wconf 81' lang='grc' dir='ltr'><strong>γοῦν</strong></span> <span class='ocrx_word' id='word_1_21' title='bbox 1210 694 1416 757; x_wconf 79' lang='grc' dir='ltr'><strong>ἐκεῖνος</strong></span> <span class='ocrx_word' id='word_1_22' title='bbox 1443 695 1530 748; x_wconf 84' lang='grc' dir='ltr'><strong>διὰ</strong></span> <span class='ocrx_word' id='word_1_23' title='bbox 1558 698 1659 767; x_wconf 91' lang='grc' dir='ltr'><strong>τῆς</strong></span> <span class='ocrx_word' id='word_1_24' title='bbox 1699 699 1830 751; x_wconf 74' lang='grc' dir='ltr'><strong>ἐαυ-</strong></span> 
     </span>
    </p>
   </div>
   <div class='ocr_carea' id='block_1_4' title="bbox 242 780 1829 854">
    <p class='ocr_par' dir='ltr' id='par_1_4' title="bbox 242 780 1829 854">
     <span class='ocr_line' id='line_1_4' title="bbox 242 780 1829 854; baseline 0.007 -23"><span class='ocrx_word' id='word_1_25' title='bbox 242 780 340 832; x_wconf 78' lang='grc' dir='ltr'><strong>τοῦ</strong></span> <span class='ocrx_word' id='word_1_26' title='bbox 391 782 620 851; x_wconf 82' lang='grc' dir='ltr'><strong>γνώμης</strong></span> <span class='ocrx_word' id='word_1_27' title='bbox 663 783 999 852; x_wconf 78' lang='grc' dir='ltr'><strong>τετόλμηκεν</strong></span> <span class='ocrx_word' id='word_1_28' title='bbox 1033 785 1048 837; x_wconf 83' lang='grc' dir='ltr'><strong>ι</strong></span> <span class='ocrx_word' id='word_1_29' title='bbox 1089 787 1355 854; x_wconf 79' lang='grc' dir='ltr'><strong>ἐγγράφει</strong></span> <span class='ocrx_word' id='word_1_30' title='bbox 1397 790 1511 851; x_wconf 76' lang='grc' dir='ltr'><strong>τοῖς</strong></span> <span class='ocrx_word' id='word_1_31' title='bbox 1561 788 1705 851; x_wconf 77' lang='grc' dir='ltr'><strong>θεοῖς</strong></span> <span class='ocrx_word' id='word_1_32' title='bbox 1737 790 1829 842; x_wconf 83' lang='grc' dir='ltr'><strong>τὸν</strong></span> 
     </span>
    </p>
   </div>
   <div class='ocr_carea' id='block_1_5' title="bbox 244 872 1830 948">
    <p class='ocr_par' dir='ltr' id='par_1_5' title="bbox 244 872 1830 948">
     <span class='ocr_line' id='line_1_5' title="bbox 244 872 1830 948; baseline 0.008 -27"><span class='ocrx_word' id='word_1_33' title='bbox 244 872 467 940; x_wconf 77' lang='grc' dir='ltr'><strong>καιρὸν,</strong></span> <span class='ocrx_word' id='word_1_34' title='bbox 492 874 586 925; x_wconf 76' lang='grc' dir='ltr'><strong>καὶ</strong></span> <span class='ocrx_word' id='word_1_35' title='bbox 610 874 911 942; x_wconf 74' lang='grc' dir='ltr'><strong>μορφώσας</strong></span> <span class='ocrx_word' id='word_1_36' title='bbox 964 877 1241 946; x_wconf 85' lang='grc' dir='ltr'><strong>ἀγάλματι</strong></span> <span class='ocrx_word' id='word_1_37' title='bbox 1292 877 1391 948; x_wconf 80' lang='grc' dir='ltr'><strong>τὴν</strong></span> <span class='ocrx_word' id='word_1_38' title='bbox 1439 878 1602 946; x_wconf 78' lang='grc' dir='ltr'><strong>φύσιν</strong></span> <span class='ocrx_word' id='word_1_39' title='bbox 1660 878 1830 933; x_wconf 73' lang='grc' dir='ltr'><strong>αὑτοῦ</strong></span> 
     </span>
    </p>
   </div>
   <div class='ocr_carea' id='block_1_6' title="bbox 242 960 1829 1036">
    <p class='ocr_par' dir='ltr' id='par_1_6' title="bbox 242 960 1829 1036">
     <span class='ocr_line' id='line_1_6' title="bbox 242 960 1829 1036; baseline 0.007 -25"><span class='ocrx_word' id='word_1_40' title='bbox 242 960 337 1014; x_wconf 81' lang='grc' dir='ltr'><strong>διὰ</strong></span> <span class='ocrx_word' id='word_1_41' title='bbox 364 963 461 1030; x_wconf 83' lang='grc' dir='ltr'><strong>τῆς</strong></span> <span class='ocrx_word' id='word_1_42' title='bbox 502 964 712 1026; x_wconf 79' lang='grc' dir='ltr'><strong>εἰκόνος</strong></span> <span class='ocrx_word' id='word_1_43' title='bbox 761 964 1087 1035; x_wconf 81' lang='grc' dir='ltr'><strong>ἐξηγήσατο.</strong></span> <span class='ocrx_word' id='word_1_44' title='bbox 1119 968 1275 1036; x_wconf 83' lang='grc' dir='ltr'><strong>Ἔχει</strong></span> <span class='ocrx_word' id='word_1_45' title='bbox 1319 967 1377 1020; x_wconf 73' lang='grc' dir='ltr'><strong>δέ</strong></span> <span class='ocrx_word' id='word_1_46' title='bbox 1407 962 1511 1021; x_wconf 79' lang='grc' dir='ltr'><strong>ὧδέ</strong></span> <span class='ocrx_word' id='word_1_47' title='bbox 1580 985 1721 1031; x_wconf 85' lang='grc' dir='ltr'><strong>πως.</strong></span> <span class='ocrx_word' id='word_1_48' title='bbox 1752 968 1829 1032; x_wconf 82' lang='grc' dir='ltr'><strong>ὡς</strong></span> 
     </span>
    </p>
   </div>
   <div class='ocr_carea' id='block_1_7' title="bbox 242 1052 1832 1124">
    <p class='ocr_par' dir='ltr' id='par_1_7' title="bbox 242 1052 1832 1124">
     <span class='ocr_line' id='line_1_7' title="bbox 242 1052 1832 1124; baseline 0.005 -22"><span class='ocrx_word' id='word_1_49' title='bbox 242 1052 353 1119; x_wconf 81' lang='grc' dir='ltr'><strong>ἐμὲ</strong></span> <span class='ocrx_word' id='word_1_50' title='bbox 388 1052 769 1121; x_wconf 76' lang='grc' dir='ltr'><strong>μνημονεύειν,</strong></span> <span class='ocrx_word' id='word_1_51' title='bbox 789 1055 851 1106; x_wconf 83' lang='grc' dir='ltr'><strong>τὸ</strong></span> <span class='ocrx_word' id='word_1_52' title='bbox 878 1055 1145 1124; x_wconf 82' lang='grc' dir='ltr'><strong>δαίδαλμα</strong></span> <span class='ocrx_word' id='word_1_53' title='bbox 1164 1072 1178 1087; x_wconf 89' lang='grc'><strong>·</strong></span> <span class='ocrx_word' id='word_1_54' title='bbox 1217 1059 1369 1109; x_wconf 85' lang='grc' dir='ltr'><strong>Ποιεί</strong></span> <span class='ocrx_word' id='word_1_55' title='bbox 1418 1058 1583 1112; x_wconf 81' lang='grc' dir='ltr'><strong>παῖδα</strong></span> <span class='ocrx_word' id='word_1_56' title='bbox 1607 1058 1668 1111; x_wconf 79' lang='grc' dir='ltr'><strong>τὸ</strong></span> <span class='ocrx_word' id='word_1_57' title='bbox 1692 1054 1832 1121; x_wconf 73' lang='grc' dir='ltr'><strong>εἶδος</strong></span> 
     </span>
    </p>
   </div>
   <div class='ocr_carea' id='block_1_8' title="bbox 248 1143 1834 1217">
    <p class='ocr_par' dir='ltr' id='par_1_8' title="bbox 248 1143 1834 1217">
     <span class='ocr_line' id='line_1_8' title="bbox 248 1143 1834 1217; baseline 0.003 -22"><span class='ocrx_word' id='word_1_58' title='bbox 248 1143 449 1211; x_wconf 81' lang='grc' dir='ltr'><strong>ἀϐρὸν,</strong></span> <span class='ocrx_word' id='word_1_59' title='bbox 477 1145 577 1212; x_wconf 75' lang='grc' dir='ltr'><strong>τὴν</strong></span> <span class='ocrx_word' id='word_1_60' title='bbox 596 1146 780 1214; x_wconf 80' lang='grc' dir='ltr'><strong>ἀκμὴν</strong></span> <span class='ocrx_word' id='word_1_61' title='bbox 801 1145 1022 1215; x_wconf 78' lang='grc' dir='ltr'><strong>ἔφηϐον,</strong></span> <span class='ocrx_word' id='word_1_62' title='bbox 1056 1146 1316 1215; x_wconf 79' lang='grc' dir='ltr'><strong>κομῶντα</strong></span> <span class='ocrx_word' id='word_1_63' title='bbox 1363 1148 1461 1215; x_wconf 82' lang='grc' dir='ltr'><strong>μὲν</strong></span> <span class='ocrx_word' id='word_1_64' title='bbox 1485 1148 1546 1200; x_wconf 81' lang='grc' dir='ltr'><strong>τὸ</strong></span> <span class='ocrx_word' id='word_1_65' title='bbox 1572 1149 1639 1201; x_wconf 81' lang='grc' dir='ltr'><strong>ἐκ</strong></span> <span class='ocrx_word' id='word_1_66' title='bbox 1667 1163 1834 1217; x_wconf 81' lang='grc' dir='ltr'><strong>’κρο-</strong></span> 
     </span>
    </p>
   </div>
   <div class='ocr_carea' id='block_1_9' title="bbox 244 1235 1833 1305">
    <p class='ocr_par' dir='ltr' id='par_1_9' title="bbox 244 1235 1833 1305">
     <span class='ocr_line' id='line_1_9' title="bbox 244 1235 1833 1305; baseline 0.003 -19"><span class='ocrx_word' id='word_1_67' title='bbox 244 1235 439 1303; x_wconf 76' lang='grc' dir='ltr'><strong>τάφων</strong></span> <span class='ocrx_word' id='word_1_68' title='bbox 484 1238 567 1297; x_wconf 84' lang='grc' dir='ltr'><strong>είς</strong></span> <span class='ocrx_word' id='word_1_69' title='bbox 620 1236 890 1304; x_wconf 77' lang='grc' dir='ltr'><strong>μέτωπον,</strong></span> <span class='ocrx_word' id='word_1_70' title='bbox 925 1237 1129 1305; x_wconf 83' lang='grc' dir='ltr'><strong>γυμνὸν</strong></span> <span class='ocrx_word' id='word_1_71' title='bbox 1155 1237 1212 1290; x_wconf 75' lang='grc' dir='ltr'><strong>δὲ</strong></span> <span class='ocrx_word' id='word_1_72' title='bbox 1240 1236 1302 1289; x_wconf 75' lang='grc' dir='ltr'><strong>τὸ</strong></span> <span class='ocrx_word' id='word_1_73' title='bbox 1340 1238 1465 1291; x_wconf 77' lang='grc' dir='ltr'><strong>ὅσον</strong></span> <span class='ocrx_word' id='word_1_74' title='bbox 1495 1237 1709 1292; x_wconf 79' lang='grc' dir='ltr'><strong>ἐκεῖθεν</strong></span> <span class='ocrx_word' id='word_1_75' title='bbox 1737 1237 1833 1291; x_wconf 77' lang='grc' dir='ltr'><strong>ἐπὶ</strong></span> 
     </span>
    </p>
   </div>
   <div class='ocr_carea' id='block_1_10' title="bbox 244 1326 1830 1402">
    <p class='ocr_par' dir='ltr' id='par_1_10' title="bbox 244 1326 1830 1402">
     <span class='ocr_line' id='line_1_10' title="bbox 244 1326 1830 1402; baseline 0.005 -24"><span class='ocrx_word' id='word_1_76' title='bbox 244 1328 319 1380; x_wconf 80' lang='grc' dir='ltr'><strong>τὰ</strong></span> <span class='ocrx_word' id='word_1_77' title='bbox 354 1327 503 1380; x_wconf 82' lang='grc' dir='ltr'><strong>νῶτα</strong></span> <span class='ocrx_word' id='word_1_78' title='bbox 536 1326 839 1397; x_wconf 76' lang='grc' dir='ltr'><strong>μερίζεται,</strong></span> <span class='ocrx_word' id='word_1_79' title='bbox 880 1328 1084 1399; x_wconf 84' lang='grc' dir='ltr'><strong>σιδήρῳ</strong></span> <span class='ocrx_word' id='word_1_80' title='bbox 1108 1327 1205 1398; x_wconf 78' lang='grc' dir='ltr'><strong>τὴν</strong></span> <span class='ocrx_word' id='word_1_81' title='bbox 1237 1328 1417 1393; x_wconf 81' lang='grc' dir='ltr'><strong>δεξιάν</strong></span> <span class='ocrx_word' id='word_1_82' title='bbox 1462 1331 1830 1402; x_wconf 71' lang='grc' dir='ltr'><strong>ὠπλισμινον.</strong></span> 
     </span>
    </p>
   </div>
   <div class='ocr_carea' id='block_1_11' title="bbox 250 1417 1833 1495">
    <p class='ocr_par' dir='ltr' id='par_1_11' title="bbox 250 1417 1833 1495">
     <span class='ocr_line' id='line_1_11' title="bbox 250 1417 1833 1495; baseline 0.004 -24"><span class='ocrx_word' id='word_1_83' title='bbox 250 1417 409 1486; x_wconf 76' lang='grc' dir='ltr'><strong>ζυγῷ</strong></span> <span class='ocrx_word' id='word_1_84' title='bbox 445 1418 546 1486; x_wconf 76' lang='grc' dir='ltr'><strong>τὴν</strong></span> <span class='ocrx_word' id='word_1_85' title='bbox 581 1419 741 1471; x_wconf 83' lang='grc' dir='ltr'><strong>λαιὰν</strong></span> <span class='ocrx_word' id='word_1_86' title='bbox 765 1418 1051 1487; x_wconf 77' lang='grc' dir='ltr'><strong>ἐπέχοντα,</strong></span> <span class='ocrx_word' id='word_1_87' title='bbox 1090 1420 1372 1490; x_wconf 78' lang='grc' dir='ltr'><strong>πτερωτὸν</strong></span> <span class='ocrx_word' id='word_1_88' title='bbox 1404 1422 1470 1475; x_wconf 72' lang='grc' dir='ltr'><strong>τὰ</strong></span> <span class='ocrx_word' id='word_1_89' title='bbox 1509 1418 1833 1495; x_wconf 81' lang='grc' dir='ltr'><strong>σφυρά,οὐχ</strong></span> 
     </span>
    </p>
   </div>
   <div class='ocr_carea' id='block_1_12' title="bbox 244 1507 1835 1580">
    <p class='ocr_par' dir='ltr' id='par_1_12' title="bbox 244 1507 1835 1580">
     <span class='ocr_line' id='line_1_12' title="bbox 244 1507 1835 1580; baseline 0.006 -23"><span class='ocrx_word' id='word_1_90' title='bbox 244 1507 327 1569; x_wconf 78' lang='grc' dir='ltr'><strong>ὡς</strong></span> <span class='ocrx_word' id='word_1_91' title='bbox 363 1510 657 1578; x_wconf 83' lang='grc' dir='ltr'><strong>μετάρσιον</strong></span> <span class='ocrx_word' id='word_1_92' title='bbox 700 1510 842 1578; x_wconf 76' lang='grc' dir='ltr'><strong>ὑπὲρ</strong></span> <span class='ocrx_word' id='word_1_93' title='bbox 890 1510 991 1577; x_wconf 84' lang='grc' dir='ltr'><strong>γῆς</strong></span> <span class='ocrx_word' id='word_1_94' title='bbox 1038 1511 1150 1565; x_wconf 87' lang='grc' dir='ltr'><strong>άνω</strong></span> <span class='ocrx_word' id='word_1_95' title='bbox 1204 1512 1576 1580; x_wconf 76' lang='grc' dir='ltr'><strong>κουφίζεσθαι,</strong></span> <span class='ocrx_word' id='word_1_96' title='bbox 1614 1513 1732 1567; x_wconf 82' lang='grc' dir='ltr'><strong>ἀλλ’</strong></span> <span class='ocrx_word' id='word_1_97' title='bbox 1748 1515 1835 1566; x_wconf 87' lang='grc' dir='ltr'><strong>ίνα</strong></span> 
     </span>
    </p>
   </div>
   <div class='ocr_carea' id='block_1_13' title="bbox 244 1599 1833 1675">
    <p class='ocr_par' dir='ltr' id='par_1_13' title="bbox 244 1599 1833 1675">
     <span class='ocr_line' id='line_1_13' title="bbox 244 1599 1833 1675; baseline 0.004 -25"><span class='ocrx_word' id='word_1_98' title='bbox 244 1599 427 1652; x_wconf 83' lang='grc' dir='ltr'><strong>δοκῶν</strong></span> <span class='ocrx_word' id='word_1_99' title='bbox 466 1601 754 1670; x_wconf 76' lang='grc' dir='ltr'><strong>ἐπιψαύειν</strong></span> <span class='ocrx_word' id='word_1_100' title='bbox 785 1603 884 1671; x_wconf 87' lang='grc' dir='ltr'><strong>τῆς</strong></span> <span class='ocrx_word' id='word_1_101' title='bbox 922 1603 1027 1671; x_wconf 85' lang='grc' dir='ltr'><strong>γῆς</strong></span> <span class='ocrx_word' id='word_1_102' title='bbox 1075 1604 1310 1675; x_wconf 79' lang='grc' dir='ltr'><strong>λανθάνῃ</strong></span> <span class='ocrx_word' id='word_1_103' title='bbox 1363 1604 1610 1660; x_wconf 73' lang='grc' dir='ltr'><strong>κλέπτων</strong></span> <span class='ocrx_word' id='word_1_104' title='bbox 1646 1605 1709 1657; x_wconf 59' lang='lat' dir='ltr'><strong>cs</strong></span> <span class='ocrx_word' id='word_1_105' title='bbox 1758 1605 1833 1675; x_wconf 81' lang='grc' dir='ltr'><strong>μὴ</strong></span> 
     </span>
    </p>
   </div>
   <div class='ocr_carea' id='block_1_14' title="bbox 249 1692 1831 1767">
    <p class='ocr_par' dir='ltr' id='par_1_14' title="bbox 249 1692 1831 1767">
     <span class='ocr_line' id='line_1_14' title="bbox 249 1692 1831 1767; baseline 0.003 -23"><span class='ocrx_word' id='word_1_106' title='bbox 249 1693 398 1744; x_wconf 87' lang='grc' dir='ltr'><strong>κατά</strong></span> <span class='ocrx_word' id='word_1_107' title='bbox 420 1694 523 1761; x_wconf 84' lang='grc' dir='ltr'><strong>γῆς</strong></span> <span class='ocrx_word' id='word_1_108' title='bbox 543 1694 931 1764; x_wconf 81' lang='grc' dir='ltr'><strong>ἐπερείδεσθαι.</strong></span> <span class='ocrx_word' id='word_1_109' title='bbox 963 1697 1021 1748; x_wconf 87' lang='grc' dir='ltr'><strong>Ὀ</strong></span> <span class='ocrx_word' id='word_1_110' title='bbox 1044 1696 1099 1749; x_wconf 81' lang='grc' dir='ltr'><strong>δὲ</strong></span> <span class='ocrx_word' id='word_1_111' title='bbox 1128 1695 1391 1759; x_wconf 83' lang='grc' dir='ltr'><strong>Γλαῦκος,</strong></span> <span class='ocrx_word' id='word_1_112' title='bbox 1418 1695 1627 1766; x_wconf 78' lang='grc' dir='ltr'><strong>ὥσπερ,</strong></span> <span class='ocrx_word' id='word_1_113' title='bbox 1654 1692 1831 1767; x_wconf 71' lang='grc' dir='ltr'><strong>οἶμαι,</strong></span> 
     </span>
    </p>
   </div>
   <div class='ocr_carea' id='block_1_15' title="bbox 248 1782 1836 1856">
    <p class='ocr_par' dir='ltr' id='par_1_15' title="bbox 248 1782 1836 1856">
     <span class='ocr_line' id='line_1_15' title="bbox 248 1782 1836 1856; baseline 0.004 -21"><span class='ocrx_word' id='word_1_114' title='bbox 248 1784 427 1854; x_wconf 78' lang='grc' dir='ltr'><strong>λοχῶν</strong></span> <span class='ocrx_word' id='word_1_115' title='bbox 443 1786 575 1839; x_wconf 71' lang='grc' dir='ltr'><strong>αὐτὸ</strong></span> <span class='ocrx_word' id='word_1_116' title='bbox 585 1788 683 1855; x_wconf 89' lang='grc' dir='ltr'><strong>τῆς</strong></span> <span class='ocrx_word' id='word_1_117' title='bbox 699 1786 938 1854; x_wconf 80' lang='grc' dir='ltr'><strong>ἀγωνίας</strong></span> <span class='ocrx_word' id='word_1_118' title='bbox 950 1788 1009 1839; x_wconf 83' lang='grc' dir='ltr'><strong>τὸ</strong></span> <span class='ocrx_word' id='word_1_119' title='bbox 1035 1788 1265 1855; x_wconf 85' lang='grc' dir='ltr'><strong>καίριον.</strong></span> <span class='ocrx_word' id='word_1_120' title='bbox 1289 1782 1395 1856; x_wconf 79' lang='grc' dir='ltr'><strong>ἧκέ</strong></span> <span class='ocrx_word' id='word_1_121' title='bbox 1412 1804 1469 1839; x_wconf 86' lang='grc' dir='ltr'><strong>τε</strong></span> <span class='ocrx_word' id='word_1_122' title='bbox 1491 1789 1583 1840; x_wconf 76' lang='grc' dir='ltr'><strong>ἐπὶ</strong></span> <span class='ocrx_word' id='word_1_123' title='bbox 1600 1787 1693 1842; x_wconf 79' lang='grc' dir='ltr'><strong>τὸν</strong></span> <span class='ocrx_word' id='word_1_124' title='bbox 1713 1805 1836 1841; x_wconf 76' lang='grc' dir='ltr'><strong>στι·</strong></span> 
     </span>
    </p>
   </div>
   <div class='ocr_carea' id='block_1_16' title="bbox 248 1872 1833 1946">
    <p class='ocr_par' dir='ltr' id='par_1_16' title="bbox 248 1872 1833 1946">
     <span class='ocr_line' id='line_1_16' title="bbox 248 1872 1833 1946; baseline 0.003 -20"><span class='ocrx_word' id='word_1_125' title='bbox 248 1877 491 1944; x_wconf 75' lang='grc' dir='ltr'><strong>φανίτην</strong></span> <span class='ocrx_word' id='word_1_126' title='bbox 527 1877 707 1945; x_wconf 83' lang='grc' dir='ltr'><strong>μόνος,</strong></span> <span class='ocrx_word' id='word_1_127' title='bbox 759 1878 853 1928; x_wconf 75' lang='grc' dir='ltr'><strong>καὶ</strong></span> <span class='ocrx_word' id='word_1_128' title='bbox 907 1876 1125 1946; x_wconf 87' lang='grc' dir='ltr'><strong>πρῶτος</strong></span> <span class='ocrx_word' id='word_1_129' title='bbox 1189 1872 1300 1945; x_wconf 74' lang='grc' dir='ltr'><strong>εἶχε</strong></span> <span class='ocrx_word' id='word_1_130' title='bbox 1332 1876 1377 1908; x_wconf 69' lang='grc' dir='ltr'>δ’</span> <span class='ocrx_word' id='word_1_131' title='bbox 1405 1877 1496 1929; x_wconf 83' lang='grc' dir='ltr'><strong>τὸν</strong></span> <span class='ocrx_word' id='word_1_132' title='bbox 1547 1878 1833 1945; x_wconf 73' lang='grc' dir='ltr'><strong>στέφανον.</strong></span> 
     </span>
    </p>
   </div>
   <div class='ocr_carea' id='block_1_17' title="bbox 252 1966 1833 2037">
    <p class='ocr_par' dir='ltr' id='par_1_17' title="bbox 252 1966 1833 2037">
     <span class='ocr_line' id='line_1_17' title="bbox 252 1966 1833 2037; baseline 0.003 -21"><span class='ocrx_word' id='word_1_133' title='bbox 252 1967 446 2019; x_wconf 79' lang='grc' dir='ltr'><strong>Ιιάντα</strong></span> <span class='ocrx_word' id='word_1_134' title='bbox 469 1966 579 2037; x_wconf 87' lang='grc' dir='ltr'><strong>γάρ</strong></span> <span class='ocrx_word' id='word_1_135' title='bbox 601 1967 743 2020; x_wconf 82' lang='grc' dir='ltr'><strong>καλά</strong></span> <span class='ocrx_word' id='word_1_136' title='bbox 794 1968 854 2017; x_wconf 80' lang='grc' dir='ltr'><strong>ἐν</strong></span> <span class='ocrx_word' id='word_1_137' title='bbox 911 1966 1111 2036; x_wconf 80' lang='grc' dir='ltr'><strong>καιρῷ,</strong></span> <span class='ocrx_word' id='word_1_138' title='bbox 1134 1969 1229 2020; x_wconf 75' lang='grc' dir='ltr'><strong>καὶ</strong></span> <span class='ocrx_word' id='word_1_139' title='bbox 1256 1966 1479 2035; x_wconf 82' lang='grc' dir='ltr'><strong>τοξότης</strong></span> <span class='ocrx_word' id='word_1_140' title='bbox 1512 1968 1833 2029; x_wconf 80' lang='grc' dir='ltr'><strong>ἐπίσκοπος,</strong></span> 
     </span>
    </p>
   </div>
   <div class='ocr_carea' id='block_1_18' title="bbox 246 2054 1835 2129">
    <p class='ocr_par' dir='ltr' id='par_1_18' title="bbox 246 2054 1835 2129">
     <span class='ocr_line' id='line_1_18' title="bbox 246 2054 1835 2129; baseline 0.001 -21"><span class='ocrx_word' id='word_1_141' title='bbox 246 2059 404 2119; x_wconf 77' lang='grc' dir='ltr'><strong>ὅστις</strong></span> <span class='ocrx_word' id='word_1_142' title='bbox 432 2054 542 2110; x_wconf 74' lang='grc' dir='ltr'><strong>οῐδε</strong></span> <span class='ocrx_word' id='word_1_143' title='bbox 602 2058 792 2129; x_wconf 87' lang='grc' dir='ltr'><strong>καίρια</strong></span> <span class='ocrx_word' id='word_1_144' title='bbox 845 2058 1059 2127; x_wconf 80' lang='grc' dir='ltr'><strong>βάλλειν</strong></span> <span class='ocrx_word' id='word_1_145' title='bbox 1106 2057 1434 2127; x_wconf 79' lang='grc' dir='ltr'><strong>τοξεύματα.</strong></span> <span class='ocrx_word' id='word_1_146' title='bbox 1483 2059 1593 2110; x_wconf 82' lang='grc' dir='ltr'><strong>Καὶ</strong></span> <span class='ocrx_word' id='word_1_147' title='bbox 1637 2057 1703 2127; x_wconf 80' lang='grc' dir='ltr'><strong>δὴ</strong></span> <span class='ocrx_word' id='word_1_148' title='bbox 1756 2060 1835 2121; x_wconf 83' lang='grc' dir='ltr'><strong>είς</strong></span> 
     </span>
    </p>
   </div>
   <div class='ocr_carea' id='block_1_19' title="bbox 249 2149 1837 2221">
    <p class='ocr_par' dir='ltr' id='par_1_19' title="bbox 249 2149 1837 2221">
     <span class='ocr_line' id='line_1_19' title="bbox 249 2149 1837 2221; baseline 0.002 -20"><span class='ocrx_word' id='word_1_149' title='bbox 249 2150 487 2219; x_wconf 73' lang='grc' dir='ltr'><strong>οὐρανὸν</strong></span> <span class='ocrx_word' id='word_1_150' title='bbox 514 2150 733 2218; x_wconf 84' lang='grc' dir='ltr'><strong>ἀηδόνες</strong></span> <span class='ocrx_word' id='word_1_151' title='bbox 762 2150 871 2205; x_wconf 83' lang='grc' dir='ltr'><strong>ἀπὸ</strong></span> <span class='ocrx_word' id='word_1_152' title='bbox 900 2150 1004 2218; x_wconf 90' lang='grc' dir='ltr'><strong>γῆς</strong></span> <span class='ocrx_word' id='word_1_153' title='bbox 1037 2150 1315 2203; x_wconf 80' lang='grc' dir='ltr'><strong>ἴπτανται’</strong></span> <span class='ocrx_word' id='word_1_154' title='bbox 1385 2149 1559 2220; x_wconf 77' lang='grc' dir='ltr'><strong>τολμᾷ</strong></span> <span class='ocrx_word' id='word_1_155' title='bbox 1603 2150 1713 2221; x_wconf 74' lang='grc' dir='ltr'><strong>γὰρ</strong></span> <span class='ocrx_word' id='word_1_156' title='bbox 1745 2152 1837 2204; x_wconf 86' lang='grc' dir='ltr'><strong>ἀν-</strong></span> 
     </span>
    </p>
   </div>
   <div class='ocr_carea' id='block_1_20' title="bbox 248 2236 1836 2309">
    <p class='ocr_par' dir='ltr' id='par_1_20' title="bbox 248 2236 1836 2309">
     <span class='ocr_line' id='line_1_20' title="bbox 248 2236 1836 2309; baseline 0 -18"><span class='ocrx_word' id='word_1_157' title='bbox 248 2237 413 2303; x_wconf 80' lang='grc' dir='ltr'><strong>άγειν</strong></span> <span class='ocrx_word' id='word_1_158' title='bbox 454 2238 591 2307; x_wconf 82' lang='grc' dir='ltr'><strong>ὑπὲρ</strong></span> <span class='ocrx_word' id='word_1_159' title='bbox 618 2238 763 2308; x_wconf 81' lang='grc' dir='ltr'><strong>ᾠδῆς</strong></span> <span class='ocrx_word' id='word_1_160' title='bbox 818 2239 898 2301; x_wconf 85' lang='grc' dir='ltr'><strong>είς</strong></span> <span class='ocrx_word' id='word_1_161' title='bbox 935 2238 1096 2291; x_wconf 80' lang='grc' dir='ltr'><strong>αὑτὸν</strong></span> <span class='ocrx_word' id='word_1_162' title='bbox 1122 2236 1317 2308; x_wconf 66' lang='grc' dir='ltr'><strong>[τδνδἺ</strong></span> <span class='ocrx_word' id='word_1_163' title='bbox 1363 2238 1590 2309; x_wconf 80' lang='grc' dir='ltr'><strong>οὐρανὸν</strong></span> <span class='ocrx_word' id='word_1_164' title='bbox 1618 2242 1646 2290; x_wconf 90' lang='grc' dir='ltr'><strong>ό</strong></span> <span class='ocrx_word' id='word_1_165' title='bbox 1669 2238 1836 2307; x_wconf 80' lang='grc' dir='ltr'><strong>μῦθος</strong></span> 
     </span>
    </p>
   </div>
   <div class='ocr_carea' id='block_1_21' title="bbox 246 2323 1836 2398">
    <p class='ocr_par' dir='ltr' id='par_1_21' title="bbox 246 2323 1836 2398">
     <span class='ocr_line' id='line_1_21' title="bbox 246 2323 1836 2398; baseline 0.001 -18"><span class='ocrx_word' id='word_1_166' title='bbox 246 2329 498 2397; x_wconf 77' lang='grc' dir='ltr'><strong>ὄρνιθας.</strong></span> <span class='ocrx_word' id='word_1_167' title='bbox 530 2323 703 2383; x_wconf 82' lang='grc' dir='ltr'><strong>Ἧκον</strong></span> <span class='ocrx_word' id='word_1_168' title='bbox 750 2328 846 2383; x_wconf 75' lang='grc' dir='ltr'><strong>οὖν</strong></span> <span class='ocrx_word' id='word_1_169' title='bbox 905 2328 1059 2398; x_wconf 84' lang='grc' dir='ltr'><strong>παρὰ</strong></span> <span class='ocrx_word' id='word_1_170' title='bbox 1100 2329 1192 2381; x_wconf 82' lang='grc' dir='ltr'><strong>τὸν</strong></span> <span class='ocrx_word' id='word_1_171' title='bbox 1244 2328 1460 2382; x_wconf 87' lang='grc' dir='ltr'><strong>κύκνον.</strong></span> <span class='ocrx_word' id='word_1_172' title='bbox 1502 2330 1559 2383; x_wconf 89' lang='lat'><strong>&#39;0</strong></span> <span class='ocrx_word' id='word_1_173' title='bbox 1584 2328 1836 2398; x_wconf 77' lang='grc' dir='ltr'><strong>δ’ἐτυχεν</strong></span> 
     </span>
    </p>
   </div>
   <div class='ocr_carea' id='block_1_22' title="bbox 247 2418 1836 2490">
    <p class='ocr_par' dir='ltr' id='par_1_22' title="bbox 247 2418 1836 2490">
     <span class='ocr_line' id='line_1_22' title="bbox 247 2418 1836 2490; baseline 0 -20"><span class='ocrx_word' id='word_1_174' title='bbox 247 2419 345 2472; x_wconf 84' lang='grc' dir='ltr'><strong>ἐπί</strong></span> <span class='ocrx_word' id='word_1_175' title='bbox 377 2436 525 2481; x_wconf 86' lang='grc' dir='ltr'><strong>τινος</strong></span> <span class='ocrx_word' id='word_1_176' title='bbox 575 2418 838 2488; x_wconf 86' lang='grc' dir='ltr'><strong>λειμῶνος</strong></span> <span class='ocrx_word' id='word_1_177' title='bbox 870 2418 1061 2490; x_wconf 70' lang='grc' dir='ltr'><strong>ἠρινοῦ</strong></span> <span class='ocrx_word' id='word_1_178' title='bbox 1092 2419 1215 2487; x_wconf 75' lang='grc' dir='ltr'><strong>ἄρτι</strong></span> <span class='ocrx_word' id='word_1_179' title='bbox 1265 2418 1494 2489; x_wconf 80' lang='grc' dir='ltr'><strong>Ζεφύρῳ</strong></span> <span class='ocrx_word' id='word_1_180' title='bbox 1526 2420 1662 2490; x_wconf 81' lang='grc' dir='ltr'><strong>πρὸς</strong></span> <span class='ocrx_word' id='word_1_181' title='bbox 1693 2420 1836 2489; x_wconf 75' lang='grc' dir='ltr'><strong>ᾠδὴν</strong></span> 
     </span>
    </p>
   </div>
   <div class='ocr_carea' id='block_1_23' title="bbox 247 2509 1221 2579">
    <p class='ocr_par' dir='ltr' id='par_1_23' title="bbox 247 2509 1221 2579">
     <span class='ocr_line' id='line_1_23' title="bbox 247 2509 1221 2579; baseline 0.003 -19"><span class='ocrx_word' id='word_1_182' title='bbox 247 2510 522 2571; x_wconf 76' lang='grc' dir='ltr'><strong>ἐκδιδόναι</strong></span> <span class='ocrx_word' id='word_1_183' title='bbox 551 2510 760 2579; x_wconf 81' lang='grc' dir='ltr'><strong>μέλλων</strong></span> <span class='ocrx_word' id='word_1_184' title='bbox 799 2509 898 2571; x_wconf 82' lang='grc' dir='ltr'><strong>τὰς</strong></span> <span class='ocrx_word' id='word_1_185' title='bbox 923 2510 1221 2577; x_wconf 79' lang='grc' dir='ltr'><strong>πτέρυγας.</strong></span> 
     </span>
    </p>
   </div>
   <div class='ocr_carea' id='block_1_24' title="bbox 444 2600 1651 2668">
    <p class='ocr_par' dir='ltr' id='par_1_24' title="bbox 444 2600 1651 2668">
     <span class='ocr_line' id='line_1_24' title="bbox 444 2600 1651 2668; baseline 0.001 -16"><span class='ocrx_word' id='word_1_186' title='bbox 444 2601 546 2653; x_wconf 80' lang='grc' dir='ltr'><strong>Ἐκ</strong></span> <span class='ocrx_word' id='word_1_187' title='bbox 574 2600 681 2653; x_wconf 85' lang='grc' dir='ltr'><strong>τοῦ</strong></span> <span class='ocrx_word' id='word_1_188' title='bbox 701 2601 786 2662; x_wconf 84' lang='grc' dir='ltr'><strong>είς</strong></span> <span class='ocrx_word' id='word_1_189' title='bbox 813 2600 920 2652; x_wconf 75' lang='grc' dir='ltr'><strong>τὸν</strong></span> <span class='ocrx_word' id='word_1_190' title='bbox 944 2601 1175 2666; x_wconf 75' lang='grc' dir='ltr'><strong>νέηλυν</strong></span> <span class='ocrx_word' id='word_1_191' title='bbox 1189 2601 1295 2653; x_wconf 71' lang='grc' dir='ltr'><strong>τόν</strong></span> <span class='ocrx_word' id='word_1_192' title='bbox 1327 2600 1651 2668; x_wconf 77' lang='grc' dir='ltr'><strong>Αίγύπτιον</strong></span> 
     </span>
    </p>
   </div>
   <div class='ocr_carea' id='block_1_25' title="bbox 320 2690 1833 2759">
    <p class='ocr_par' dir='ltr' id='par_1_25' title="bbox 320 2690 1833 2759">
     <span class='ocr_line' id='line_1_25' title="bbox 320 2690 1833 2759; baseline 0.003 -19"><span class='ocrx_word' id='word_1_193' title='bbox 320 2690 530 2758; x_wconf 86' lang='grc' dir='ltr'><strong>Πήχεις</strong></span> <span class='ocrx_word' id='word_1_194' title='bbox 556 2692 607 2741; x_wconf 87' lang='grc' dir='ltr'><strong>οἱ</strong></span> <span class='ocrx_word' id='word_1_195' title='bbox 636 2690 680 2721; x_wconf 77' lang='grc'>“</span> <span class='ocrx_word' id='word_1_196' title='bbox 716 2690 1005 2757; x_wconf 75' lang='grc' dir='ltr'><strong>Αἰγύπτιοι</strong></span> <span class='ocrx_word' id='word_1_197' title='bbox 1065 2692 1164 2758; x_wconf 78' lang='grc' dir='ltr'><strong>τὴν</strong></span> <span class='ocrx_word' id='word_1_198' title='bbox 1214 2690 1443 2759; x_wconf 77' lang='grc' dir='ltr'><strong>αὔξησιν</strong></span> <span class='ocrx_word' id='word_1_199' title='bbox 1498 2692 1593 2745; x_wconf 83' lang='grc' dir='ltr'><strong>τοῦ</strong></span> <span class='ocrx_word' id='word_1_200' title='bbox 1635 2693 1833 2745; x_wconf 77' lang='grc' dir='ltr'><strong>Νείλου</strong></span> 
     </span>
    </p>
   </div>
   <div class='ocr_carea' id='block_1_26' title="bbox 245 2781 1836 2853">
    <p class='ocr_par' dir='ltr' id='par_1_26' title="bbox 245 2781 1836 2853">
     <span class='ocr_line' id='line_1_26' title="bbox 245 2781 1836 2853; baseline 0.003 -21"><span class='ocrx_word' id='word_1_201' title='bbox 245 2782 719 2850; x_wconf 76' lang='grc' dir='ltr'><strong>προσαγορεύουσι</strong></span> <span class='ocrx_word' id='word_1_202' title='bbox 752 2782 820 2846; x_wconf 75' lang='grc'><strong>⁸⁸,</strong></span> <span class='ocrx_word' id='word_1_203' title='bbox 859 2783 951 2835; x_wconf 76' lang='grc' dir='ltr'><strong>καὶ</strong></span> <span class='ocrx_word' id='word_1_204' title='bbox 1011 2781 1267 2853; x_wconf 82' lang='grc' dir='ltr'><strong>μετροῦσι</strong></span> <span class='ocrx_word' id='word_1_205' title='bbox 1301 2782 1351 2814; x_wconf 70' lang='grc'><strong>⁸⁸</strong></span> <span class='ocrx_word' id='word_1_206' title='bbox 1376 2784 1445 2839; x_wconf 65' lang='grc' dir='ltr'><strong>τὰ</strong></span> <span class='ocrx_word' id='word_1_207' title='bbox 1476 2784 1719 2851; x_wconf 81' lang='grc' dir='ltr'><strong>νάματα,</strong></span> <span class='ocrx_word' id='word_1_208' title='bbox 1742 2785 1836 2836; x_wconf 75' lang='grc' dir='ltr'><strong>καὶ</strong></span> 
     </span>
    </p>
   </div>
   <div class='ocr_carea' id='block_1_27' title="bbox 248 2872 1833 2942">
    <p class='ocr_par' dir='ltr' id='par_1_27' title="bbox 248 2872 1833 2942">
     <span class='ocr_line' id='line_1_27' title="bbox 248 2872 1833 2942; baseline 0.001 -19"><span class='ocrx_word' id='word_1_209' title='bbox 248 2875 566 2941; x_wconf 85' lang='grc' dir='ltr'><strong>πανήγυρις</strong></span> <span class='ocrx_word' id='word_1_210' title='bbox 615 2874 798 2935; x_wconf 75' lang='grc' dir='ltr'><strong>αὐτοῖς</strong></span> <span class='ocrx_word' id='word_1_211' title='bbox 829 2874 857 2925; x_wconf 84' lang='grc' dir='ltr'>ὀ</span> <span class='ocrx_word' id='word_1_212' title='bbox 890 2874 1068 2942; x_wconf 84' lang='grc' dir='ltr'><strong>πῆχυς</strong></span> <span class='ocrx_word' id='word_1_213' title='bbox 1094 2872 1323 2939; x_wconf 88' lang='grc' dir='ltr'><strong>γίνεται.</strong></span> <span class='ocrx_word' id='word_1_214' title='bbox 1375 2873 1487 2924; x_wconf 75' lang='grc' dir='ltr'><strong>Καὶ</strong></span> <span class='ocrx_word' id='word_1_215' title='bbox 1536 2875 1663 2934; x_wconf 73' lang='grc' dir='ltr'><strong>τοὺς</strong></span> <span class='ocrx_word' id='word_1_216' title='bbox 1706 2888 1833 2939; x_wconf 78' lang='grc' dir='ltr'><strong>γεν-</strong></span> 
     </span>
    </p>
   </div>
   <div class='ocr_carea' id='block_1_28' title="bbox 246 2963 1833 3033">
    <p class='ocr_par' dir='ltr' id='par_1_28' title="bbox 246 2963 1833 3033">
     <span class='ocr_line' id='line_1_28' title="bbox 246 2963 1833 3033; baseline 0 -17"><span class='ocrx_word' id='word_1_217' title='bbox 246 2966 435 3026; x_wconf 82' lang='grc' dir='ltr'><strong>ναίους</strong></span> <span class='ocrx_word' id='word_1_218' title='bbox 459 2965 578 3031; x_wconf 73' lang='grc' dir='ltr'><strong>ὖψει</strong></span> <span class='ocrx_word' id='word_1_219' title='bbox 603 2965 713 3017; x_wconf 91' lang='grc' dir='ltr'><strong>τῶν</strong></span> <span class='ocrx_word' id='word_1_220' title='bbox 739 2965 1073 3033; x_wconf 83' lang='grc' dir='ltr'><strong>στρατηγῶν</strong></span> <span class='ocrx_word' id='word_1_221' title='bbox 1103 2964 1198 3017; x_wconf 78' lang='grc' dir='ltr'><strong>ἀπ’</strong></span> <span class='ocrx_word' id='word_1_222' title='bbox 1224 2963 1529 3016; x_wconf 78' lang='grc' dir='ltr'><strong>ἐλαττόνων</strong></span> <span class='ocrx_word' id='word_1_223' title='bbox 1553 2963 1833 3033; x_wconf 82' lang='grc' dir='ltr'><strong>τροπαίων</strong></span> 
     </span>
    </p>
   </div>
   <div class='ocr_carea' id='block_1_29' title="bbox 244 3050 1835 3125">
    <p class='ocr_par' dir='ltr' id='par_1_29' title="bbox 244 3050 1835 3125">
     <span class='ocr_line' id='line_1_29' title="bbox 244 3050 1835 3125; baseline -0.002 -17"><span class='ocrx_word' id='word_1_224' title='bbox 244 3057 353 3118; x_wconf 84' lang='grc' dir='ltr'><strong>τὰς</strong></span> <span class='ocrx_word' id='word_1_225' title='bbox 382 3056 580 3124; x_wconf 85' lang='grc' dir='ltr'><strong>μυρίας</strong></span> <span class='ocrx_word' id='word_1_226' title='bbox 633 3057 789 3118; x_wconf 84' lang='grc' dir='ltr'><strong>νίκας</strong></span> <span class='ocrx_word' id='word_1_227' title='bbox 836 3056 1225 3124; x_wconf 88' lang='grc' dir='ltr'><strong>κηρύττοντας.</strong></span> <span class='ocrx_word' id='word_1_228' title='bbox 1272 3054 1483 3125; x_wconf 75' lang='grc' dir='ltr'><strong>Μικρὸς</strong></span> <span class='ocrx_word' id='word_1_229' title='bbox 1508 3050 1575 3123; x_wconf 85' lang='grc' dir='ltr'><strong>ῆν</strong></span> <span class='ocrx_word' id='word_1_230' title='bbox 1610 3056 1669 3107; x_wconf 91' lang='grc' dir='ltr'><strong>ἐν</strong></span> <span class='ocrx_word' id='word_1_231' title='bbox 1708 3055 1835 3124; x_wconf 83' lang='grc' dir='ltr'><strong>’Λρ-</strong></span> 
     </span>
    </p>
   </div>
   <div class='ocr_carea' id='block_1_30' title="bbox 244 3145 1904 3239">
    <p class='ocr_par' dir='ltr' id='par_1_30' title="bbox 244 3145 1904 3239">
     <span class='ocr_line' id='line_1_30' title="bbox 244 3145 1904 3239; baseline 0 -41"><span class='ocrx_word' id='word_1_232' title='bbox 244 3150 488 3215; x_wconf 85' lang='grc' dir='ltr'><strong>τεμισίῳ</strong></span> <span class='ocrx_word' id='word_1_233' title='bbox 534 3147 908 3214; x_wconf 83' lang='grc' dir='ltr'><strong>Θεμιστοκλῆς</strong></span> <span class='ocrx_word' id='word_1_234' title='bbox 956 3145 1122 3215; x_wconf 83' lang='grc' dir='ltr'><strong>(κατὰ</strong></span> <span class='ocrx_word' id='word_1_235' title='bbox 1152 3145 1197 3177; x_wconf 70' lang='grc'>⁸⁷</span> <span class='ocrx_word' id='word_1_236' title='bbox 1237 3146 1347 3214; x_wconf 84' lang='grc' dir='ltr'><strong>γὰρ</strong></span> <span class='ocrx_word' id='word_1_237' title='bbox 1395 3145 1505 3198; x_wconf 92' lang='grc' dir='ltr'><strong>τῶν</strong></span> <span class='ocrx_word' id='word_1_238' title='bbox 1550 3146 1832 3217; x_wconf 85' lang='grc' dir='ltr'><strong>προπατό-</strong></span> <span class='ocrx_word' id='word_1_239' title='bbox 1859 3178 1904 3239; x_wconf 77' lang='lat' dir='ltr'>C</span> 
     </span>
    </p>
   </div>
   <div class='ocr_carea' id='block_1_31' title="bbox 246 3234 1835 3305">
    <p class='ocr_par' dir='ltr' id='par_1_31' title="bbox 246 3234 1835 3305">
     <span class='ocr_line' id='line_1_31' title="bbox 246 3234 1835 3305; baseline 0.001 -18"><span class='ocrx_word' id='word_1_240' title='bbox 246 3254 367 3305; x_wconf 85' lang='grc' dir='ltr'><strong>ρων</strong></span> <span class='ocrx_word' id='word_1_241' title='bbox 394 3236 439 3267; x_wconf 74' lang='grc'><strong><em>⁵³</em></strong></span> <span class='ocrx_word' id='word_1_242' title='bbox 463 3237 543 3288; x_wconf 76' lang='grc' dir='ltr'><strong>ἔτι</strong></span> <span class='ocrx_word' id='word_1_243' title='bbox 581 3236 690 3289; x_wconf 88' lang='grc' dir='ltr'><strong>τῶν</strong></span> <span class='ocrx_word' id='word_1_244' title='bbox 729 3236 994 3304; x_wconf 79' lang='grc' dir='ltr'><strong>βασιλέως</strong></span> <span class='ocrx_word' id='word_1_245' title='bbox 1022 3234 1320 3305; x_wconf 78' lang='grc' dir='ltr'><strong>ήρίστευε),</strong></span> <span class='ocrx_word' id='word_1_246' title='bbox 1350 3234 1552 3302; x_wconf 77' lang='grc' dir='ltr'><strong>μείζων</strong></span> <span class='ocrx_word' id='word_1_247' title='bbox 1596 3238 1655 3289; x_wconf 80' lang='grc' dir='ltr'><strong>ἐν</strong></span> <span class='ocrx_word' id='word_1_248' title='bbox 1686 3236 1835 3289; x_wconf 77' lang='grc' dir='ltr'><strong>Ψυτ-</strong></span> 
     </span>
    </p>
   </div>
   <div class='ocr_carea' id='block_1_32' title="bbox 243 3322 1814 3395">
    <p class='ocr_par' dir='ltr' id='par_1_32' title="bbox 243 3322 1814 3395">
     <span class='ocr_line' id='line_1_32' title="bbox 243 3322 1814 3395; baseline 0 -18"><span class='ocrx_word' id='word_1_249' title='bbox 243 3326 429 3395; x_wconf 76' lang='grc' dir='ltr'><strong>ταλίᾳ,</strong></span> <span class='ocrx_word' id='word_1_250' title='bbox 465 3324 638 3395; x_wconf 69' lang='grc' dir='ltr'><strong>μέγας</strong></span> <span class='ocrx_word' id='word_1_251' title='bbox 669 3325 759 3377; x_wconf 77' lang='grc' dir='ltr'><strong>ἐπὶ</strong></span> <span class='ocrx_word' id='word_1_252' title='bbox 776 3324 1071 3391; x_wconf 75' lang='grc' dir='ltr'><strong>Σαλαμῖνα⁵</strong></span> <span class='ocrx_word' id='word_1_253' title='bbox 1108 3322 1367 3386; x_wconf 73' lang='grc' dir='ltr'><strong>ἐϐάπτιιςε</strong></span> <span class='ocrx_word' id='word_1_254' title='bbox 1393 3325 1501 3394; x_wconf 84' lang='grc' dir='ltr'><strong>γὰρ</strong></span> <span class='ocrx_word' id='word_1_255' title='bbox 1537 3325 1667 3394; x_wconf 84' lang='grc' dir='ltr'><strong>ὅλην</strong></span> <span class='ocrx_word' id='word_1_256' title='bbox 1696 3327 1814 3378; x_wconf 76' lang='grc' dir='ltr'><strong>ἐκεῖ</strong></span> 
     </span>
    </p>
   </div>
   <div class='ocr_carea' id='block_1_33' title="bbox 244 3415 942 3485">
    <p class='ocr_par' dir='ltr' id='par_1_33' title="bbox 244 3415 942 3485">
     <span class='ocr_line' id='line_1_33' title="bbox 244 3415 942 3485; baseline -0.001 -16"><span class='ocrx_word' id='word_1_257' title='bbox 244 3417 351 3484; x_wconf 84' lang='grc' dir='ltr'><strong>τὴν</strong></span> <span class='ocrx_word' id='word_1_258' title='bbox 389 3416 577 3468; x_wconf 76' lang='grc' dir='ltr'><strong>Ἀσίαν</strong></span> <span class='ocrx_word' id='word_1_259' title='bbox 611 3415 942 3485; x_wconf 83' lang='grc' dir='ltr'><strong>μαχόμενος.</strong></span> 
     </span>
    </p>
   </div>
   <div class='ocr_carea' id='block_1_34' title="bbox 566 3504 1560 3576">
    <p class='ocr_par' dir='ltr' id='par_1_34' title="bbox 566 3504 1560 3576">
     <span class='ocr_line' id='line_1_34' title="bbox 566 3504 1560 3576; baseline 0.004 -18"><span class='ocrx_word' id='word_1_260' title='bbox 566 3504 727 3576; x_wconf 71' lang='grc'><strong>[1129</strong></span> <span class='ocrx_word' id='word_1_261' title='bbox 760 3504 851 3575; x_wconf 85' lang='lat' dir='ltr'><strong>R.|</strong></span> <span class='ocrx_word' id='word_1_262' title='bbox 885 3508 987 3559; x_wconf 80' lang='grc' dir='ltr'><strong>Ἐκ</strong></span> <span class='ocrx_word' id='word_1_263' title='bbox 1008 3505 1053 3539; x_wconf 75' lang='grc'><strong>⁸⁸</strong></span> <span class='ocrx_word' id='word_1_264' title='bbox 1083 3507 1560 3573; x_wconf 76' lang='grc' dir='ltr'><strong>προπεμπτικοῦ.</strong></span> 
     </span>
    </p>
   </div>
   <div class='ocr_carea' id='block_1_35' title="bbox 320 3595 1833 3667">
    <p class='ocr_par' dir='ltr' id='par_1_35' title="bbox 320 3595 1833 3667">
     <span class='ocr_line' id='line_1_35' title="bbox 320 3595 1833 3667; baseline -0.001 -18"><span class='ocrx_word' id='word_1_265' title='bbox 320 3598 430 3649; x_wconf 65' lang='grc' dir='ltr'><strong>Καὶ</strong></span> <span class='ocrx_word' id='word_1_266' title='bbox 463 3596 622 3649; x_wconf 79' lang='grc' dir='ltr'><strong>τοῦτο</strong></span> <span class='ocrx_word' id='word_1_267' title='bbox 654 3596 752 3661; x_wconf 72' lang='grc' dir='ltr'><strong>μὲν</strong></span> <span class='ocrx_word' id='word_1_268' title='bbox 776 3597 908 3657; x_wconf 72' lang='grc' dir='ltr'><strong>ἴσως</strong></span> <span class='ocrx_word' id='word_1_269' title='bbox 938 3596 1117 3658; x_wconf 88' lang='grc' dir='ltr'><strong>καλῶς</strong></span> <span class='ocrx_word' id='word_1_270' title='bbox 1144 3598 1337 3659; x_wconf 81' lang='grc' dir='ltr'><strong>ποιεῖς·</strong></span> <span class='ocrx_word' id='word_1_271' title='bbox 1386 3598 1600 3666; x_wconf 81' lang='grc' dir='ltr'><strong>ἀνάγκη</strong></span> <span class='ocrx_word' id='word_1_272' title='bbox 1638 3595 1749 3667; x_wconf 75' lang='grc' dir='ltr'><strong>γάρ</strong></span> <span class='ocrx_word' id='word_1_273' title='bbox 1771 3595 1833 3667; x_wconf 86' lang='grc' dir='ltr'><strong>δή</strong></span> 
     </span>
    </p>
   </div>
   <div class='ocr_carea' id='block_1_36' title="bbox 247 3686 1833 3755">
    <p class='ocr_par' dir='ltr' id='par_1_36' title="bbox 247 3686 1833 3755">
     <span class='ocr_line' id='line_1_36' title="bbox 247 3686 1833 3755; baseline 0 -15"><span class='ocrx_word' id='word_1_274' title='bbox 247 3704 363 3740; x_wconf 72' lang='grc' dir='ltr'><strong>που</strong></span> <span class='ocrx_word' id='word_1_275' title='bbox 395 3688 487 3740; x_wconf 78' lang='grc' dir='ltr'><strong>τὸν</strong></span> <span class='ocrx_word' id='word_1_276' title='bbox 517 3686 859 3739; x_wconf 78' lang='grc' dir='ltr'><strong>ἐπαινεῖσθαι</strong></span> <span class='ocrx_word' id='word_1_277' title='bbox 886 3687 1210 3755; x_wconf 77' lang='grc' dir='ltr'><strong>βουλόμενον</strong></span> <span class='ocrx_word' id='word_1_278' title='bbox 1267 3687 1364 3739; x_wconf 81' lang='grc' dir='ltr'><strong>καὶ</strong></span> <span class='ocrx_word' id='word_1_279' title='bbox 1421 3688 1530 3740; x_wconf 89' lang='grc' dir='ltr'><strong>τῶν</strong></span> <span class='ocrx_word' id='word_1_280' title='bbox 1574 3686 1833 3755; x_wconf 78' lang='grc' dir='ltr'><strong>πράξεων</strong></span> 
     </span>
    </p>
   </div>
   <div class='ocr_carea' id='block_1_37' title="bbox 249 3770 1830 3848">
    <p class='ocr_par' dir='ltr' id='par_1_37' title="bbox 249 3770 1830 3848">
     <span class='ocr_line' id='line_1_37' title="bbox 249 3770 1830 3848; baseline 0.001 -19"><span class='ocrx_word' id='word_1_281' title='bbox 249 3778 483 3830; x_wconf 78' lang='grc' dir='ltr'><strong>ἐκείνων</strong></span> <span class='ocrx_word' id='word_1_282' title='bbox 517 3776 825 3846; x_wconf 84' lang='grc' dir='ltr'><strong>ἐπιθυμεῖν,</strong></span> <span class='ocrx_word' id='word_1_283' title='bbox 852 3778 944 3845; x_wconf 81' lang='grc' dir='ltr'><strong>ἀφ’</strong></span> <span class='ocrx_word' id='word_1_284' title='bbox 969 3770 1044 3831; x_wconf 81' lang='grc' dir='ltr'><strong>ὧν</strong></span> <span class='ocrx_word' id='word_1_285' title='bbox 1071 3777 1307 3848; x_wconf 81' lang='grc' dir='ltr'><strong>ὑπάρχει</strong></span> <span class='ocrx_word' id='word_1_286' title='bbox 1334 3778 1396 3831; x_wconf 80' lang='grc' dir='ltr'><strong>τὸ</strong></span> <span class='ocrx_word' id='word_1_287' title='bbox 1428 3778 1830 3848; x_wconf 73' lang='grc' dir='ltr'><strong>θαυμάζεσθαι.</strong></span> 
     </span>
    </p>
   </div>
   <div class='ocr_carea' id='block_1_38' title="bbox 248 3867 1834 3939">
    <p class='ocr_par' dir='ltr' id='par_1_38' title="bbox 248 3867 1834 3939">
     <span class='ocr_line' id='line_1_38' title="bbox 248 3867 1834 3939; baseline -0.001 -17"><span class='ocrx_word' id='word_1_288' title='bbox 248 3870 327 3922; x_wconf 83' lang='grc' dir='ltr'><strong>Οὐ</strong></span> <span class='ocrx_word' id='word_1_289' title='bbox 372 3868 481 3937; x_wconf 89' lang='grc' dir='ltr'><strong>γάρ</strong></span> <span class='ocrx_word' id='word_1_290' title='bbox 527 3868 807 3937; x_wconf 80' lang='grc' dir='ltr'><strong>ἀπέχρησε</strong></span> <span class='ocrx_word' id='word_1_291' title='bbox 855 3871 968 3931; x_wconf 86' lang='grc' dir='ltr'><strong>τοῖς</strong></span> <span class='ocrx_word' id='word_1_292' title='bbox 1025 3869 1183 3921; x_wconf 76' lang='grc' dir='ltr'><strong>παισὶ</strong></span> <span class='ocrx_word' id='word_1_293' title='bbox 1239 3870 1307 3921; x_wconf 83' lang='grc' dir='ltr'><strong>τά</strong></span> <span class='ocrx_word' id='word_1_294' title='bbox 1361 3867 1456 3921; x_wconf 83' lang='grc' dir='ltr'><strong>τοῦ</strong></span> <span class='ocrx_word' id='word_1_295' title='bbox 1503 3868 1834 3939; x_wconf 71' lang='grc' dir='ltr'><strong>Περικλέους</strong></span> 
     </span>
    </p>
   </div>
   <div class='ocr_carea' id='block_1_39' title="bbox 248 3958 1830 4030">
    <p class='ocr_par' dir='ltr' id='par_1_39' title="bbox 248 3958 1830 4030">
     <span class='ocr_line' id='line_1_39' title="bbox 248 3958 1830 4030; baseline -0.001 -17"><span class='ocrx_word' id='word_1_296' title='bbox 248 3960 734 4030; x_wconf 87' lang='grc' dir='ltr'><strong>σεμνολογήματα,</strong></span> <span class='ocrx_word' id='word_1_297' title='bbox 789 3958 904 4011; x_wconf 78' lang='grc' dir='ltr'><strong>ἀλλ’</strong></span> <span class='ocrx_word' id='word_1_298' title='bbox 956 3959 1166 4023; x_wconf 81' lang='grc' dir='ltr'><strong>ἀνάξιοι</strong></span> <span class='ocrx_word' id='word_1_299' title='bbox 1187 3960 1287 4027; x_wconf 82' lang='grc' dir='ltr'><strong>τῆς</strong></span> <span class='ocrx_word' id='word_1_300' title='bbox 1317 3958 1576 4029; x_wconf 82' lang='grc' dir='ltr'><strong>πατρῴας</strong></span> <span class='ocrx_word' id='word_1_301' title='bbox 1624 3960 1830 4029; x_wconf 85' lang='grc' dir='ltr'><strong>ἀρετῆς</strong></span> 
     </span>
    </p>
   </div>
   <div class='ocr_carea' id='block_1_40' title="bbox 244 4048 1822 4122">
    <p class='ocr_par' dir='ltr' id='par_1_40' title="bbox 244 4048 1822 4122">
     <span class='ocr_line' id='line_1_40' title="bbox 244 4048 1822 4122; baseline 0.001 -20"><span class='ocrx_word' id='word_1_302' title='bbox 244 4052 534 4118; x_wconf 85' lang='grc' dir='ltr'><strong>γενόμενοι</strong></span> <span class='ocrx_word' id='word_1_303' title='bbox 572 4050 818 4118; x_wconf 77' lang='grc' dir='ltr'><strong>μείζονος</strong></span> <span class='ocrx_word' id='word_1_304' title='bbox 850 4048 1022 4117; x_wconf 89' lang='grc' dir='ltr'><strong>δήπου</strong></span> <span class='ocrx_word' id='word_1_305' title='bbox 1051 4050 1304 4118; x_wconf 80' lang='grc' dir='ltr'><strong>διαὸολῆς</strong></span> <span class='ocrx_word' id='word_1_306' title='bbox 1335 4052 1514 4104; x_wconf 73' lang='grc' dir='ltr'><strong>αἰτίαν</strong></span> <span class='ocrx_word' id='word_1_307' title='bbox 1552 4052 1651 4122; x_wconf 80' lang='grc' dir='ltr'><strong>τὴν</strong></span> <span class='ocrx_word' id='word_1_308' title='bbox 1713 4069 1822 4104; x_wconf 87' lang='grc' dir='ltr'><strong>πα-</strong></span> 
     </span>
    </p>
   </div>
   <div class='ocr_carea' id='block_1_41' title="bbox 245 4140 1831 4212">
    <p class='ocr_par' dir='ltr' id='par_1_41' title="bbox 245 4140 1831 4212">
     <span class='ocr_line' id='line_1_41' title="bbox 245 4140 1831 4212; baseline 0.002 -19"><span class='ocrx_word' id='word_1_309' title='bbox 245 4141 435 4211; x_wconf 79' lang='grc' dir='ltr'><strong>τρῴαν</strong></span> <span class='ocrx_word' id='word_1_310' title='bbox 458 4140 616 4204; x_wconf 79' lang='grc' dir='ltr'><strong>δόξαν</strong></span> <span class='ocrx_word' id='word_1_311' title='bbox 643 4142 965 4210; x_wconf 71' lang='grc' dir='ltr'><strong>ἐκτήσαντο.</strong></span> <span class='ocrx_word' id='word_1_312' title='bbox 999 4143 1107 4194; x_wconf 76' lang='grc' dir='ltr'><strong>Καὶ</strong></span> <span class='ocrx_word' id='word_1_313' title='bbox 1167 4142 1377 4194; x_wconf 87' lang='grc' dir='ltr'><strong>πολλῶν</strong></span> <span class='ocrx_word' id='word_1_314' title='bbox 1409 4143 1465 4195; x_wconf 74' lang='grc' dir='ltr'><strong>δὲ</strong></span> <span class='ocrx_word' id='word_1_315' title='bbox 1489 4143 1697 4212; x_wconf 69' lang='grc' dir='ltr'><strong>ξάλλων</strong></span> <span class='ocrx_word' id='word_1_316' title='bbox 1730 4145 1831 4196; x_wconf 86' lang='grc' dir='ltr'><strong>άν-</strong></span> 
     </span>
    </p>
   </div>
   <div class='ocr_carea' id='block_1_42' title="bbox 246 4230 1833 4306">
    <p class='ocr_par' dir='ltr' id='par_1_42' title="bbox 246 4230 1833 4306">
     <span class='ocr_line' id='line_1_42' title="bbox 246 4230 1833 4306; baseline 0.001 -21"><span class='ocrx_word' id='word_1_317' title='bbox 246 4233 397 4303; x_wconf 89' lang='grc' dir='ltr'><strong>δρῶν</strong></span> <span class='ocrx_word' id='word_1_318' title='bbox 443 4232 685 4302; x_wconf 77' lang='grc' dir='ltr'><strong>ἀρίστων</strong></span> <span class='ocrx_word' id='word_1_319' title='bbox 727 4233 985 4300; x_wconf 88' lang='grc' dir='ltr'><strong>γεγόνασι</strong></span> <span class='ocrx_word' id='word_1_320' title='bbox 1021 4234 1231 4300; x_wconf 79' lang='grc' dir='ltr'><strong>παῖδες,</strong></span> <span class='ocrx_word' id='word_1_321' title='bbox 1264 4230 1344 4297; x_wconf 71' lang='grc' dir='ltr'><strong>οἷς</strong></span> <span class='ocrx_word' id='word_1_322' title='bbox 1369 4234 1573 4288; x_wconf 73' lang='grc' dir='ltr'><strong>ἅπασιν</strong></span> <span class='ocrx_word' id='word_1_323' title='bbox 1598 4237 1660 4288; x_wconf 83' lang='grc' dir='ltr'><strong>οὐ</strong></span> <span class='ocrx_word' id='word_1_324' title='bbox 1690 4237 1833 4306; x_wconf 82' lang='grc' dir='ltr'><strong>πρὸς</strong></span> 
     </span>
    </p>
   </div>
   <div class='ocr_carea' id='block_1_43' title="bbox 250 4321 1831 4392">
    <p class='ocr_par' dir='ltr' id='par_1_43' title="bbox 250 4321 1831 4392">
     <span class='ocr_line' id='line_1_43' title="bbox 250 4321 1831 4392; baseline 0 -15"><span class='ocrx_word' id='word_1_325' title='bbox 250 4324 538 4391; x_wconf 83' lang='grc' dir='ltr'><strong>ἐγκωμίου</strong></span> <span class='ocrx_word' id='word_1_326' title='bbox 567 4322 746 4387; x_wconf 81' lang='grc' dir='ltr'><strong>πλέον,</strong></span> <span class='ocrx_word' id='word_1_327' title='bbox 773 4321 995 4391; x_wconf 77' lang='grc' dir='ltr'><strong>ἐλεγχος</strong></span> <span class='ocrx_word' id='word_1_328' title='bbox 1019 4325 1076 4376; x_wconf 84' lang='grc' dir='ltr'><strong>δὲ</strong></span> <span class='ocrx_word' id='word_1_329' title='bbox 1105 4326 1302 4386; x_wconf 87' lang='grc' dir='ltr'><strong>κακίας</strong></span> <span class='ocrx_word' id='word_1_330' title='bbox 1339 4325 1556 4392; x_wconf 72' lang='grc' dir='ltr'><strong>ἐγένετο</strong></span> <span class='ocrx_word' id='word_1_331' title='bbox 1606 4326 1676 4379; x_wconf 85' lang='grc' dir='ltr'><strong>τά</strong></span> <span class='ocrx_word' id='word_1_332' title='bbox 1721 4326 1831 4378; x_wconf 87' lang='grc' dir='ltr'><strong>τῶν</strong></span> 
     </span>
    </p>
   </div>
   <div class='ocr_carea' id='block_1_44' title="bbox 208 4408 1833 4485">
    <p class='ocr_par' dir='ltr' id='par_1_44' title="bbox 208 4408 1833 4485">
     <span class='ocr_line' id='line_1_44' title="bbox 208 4408 1833 4485; baseline -0.001 -18"><span class='ocrx_word' id='word_1_333' title='bbox 208 4450 220 4467; x_wconf 59' lang='grc' dir='ltr'><strong>,η</strong></span> <span class='ocrx_word' id='word_1_334' title='bbox 248 4413 511 4483; x_wconf 83' lang='grc' dir='ltr'><strong>πατέρων</strong></span> <span class='ocrx_word' id='word_1_335' title='bbox 549 4412 809 4479; x_wconf 83' lang='grc' dir='ltr'><strong>ὀνόματα.</strong></span> <span class='ocrx_word' id='word_1_336' title='bbox 855 4413 951 4474; x_wconf 87' lang='grc' dir='ltr'><strong>Τίς</strong></span> <span class='ocrx_word' id='word_1_337' title='bbox 980 4408 1094 4478; x_wconf 74' lang='grc' dir='ltr'><strong>οὖν,</strong></span> <span class='ocrx_word' id='word_1_338' title='bbox 1124 4415 1254 4476; x_wconf 77' lang='grc' dir='ltr'><strong>ἴσως</strong></span> <span class='ocrx_word' id='word_1_339' title='bbox 1286 4414 1354 4466; x_wconf 83' lang='grc' dir='ltr'><strong>ἂν</strong></span> <span class='ocrx_word' id='word_1_340' title='bbox 1400 4416 1571 4483; x_wconf 78' lang='grc' dir='ltr'><strong>ἐρεῖς,</strong></span> <span class='ocrx_word' id='word_1_341' title='bbox 1607 4416 1640 4485; x_wconf 87' lang='grc' dir='ltr'><strong>ή</strong></span> <span class='ocrx_word' id='word_1_342' title='bbox 1667 4415 1833 4484; x_wconf 88' lang='grc' dir='ltr'><strong>θερα-</strong></span> 
     </span>
    </p>
   </div>
   <div class='ocr_carea' id='block_1_45' title="bbox 1291 402 1923 469">
    <p class='ocr_par' dir='ltr' id='par_1_45' title="bbox 1291 402 1923 469">
     <span class='ocr_line' id='line_1_45' title="bbox 1291 402 1923 469; baseline 0.016 -7"><span class='ocrx_word' id='word_1_343' title='bbox 1291 402 1812 469; x_wconf 77' lang='lat' dir='ltr'><strong>BIBLIOTHBCA.</strong></span> <span class='ocrx_word' id='word_1_344' title='bbox 1851 431 1923 445; x_wconf 90' lang='grc'><strong>-</strong></span> 
     </span>
    </p>
   </div>
   <div class='ocr_carea' id='block_1_46' title="bbox 1852 527 1900 581">
    <p class='ocr_par' dir='ltr' id='par_1_46' title="bbox 1852 527 1900 581">
     <span class='ocr_line' id='line_1_46' title="bbox 1852 527 1900 581; baseline 0 0"><span class='ocrx_word' id='word_1_345' title='bbox 1852 527 1900 581; x_wconf 77' lang='grc' dir='ltr'><strong>Δ</strong></span> 
     </span>
    </p>
   </div>
   <div class='ocr_carea' id='block_1_47' title="bbox 1956 399 2454 475">
    <p class='ocr_par' dir='ltr' id='par_1_47' title="bbox 1956 399 2454 475">
     <span class='ocr_line' id='line_1_47' title="bbox 1956 399 2454 475; baseline 0.004 -2"><span class='ocrx_word' id='word_1_346' title='bbox 1956 412 2116 474; x_wconf 86' lang='lat' dir='ltr'><strong>COD.</strong></span> <span class='ocrx_word' id='word_1_347' title='bbox 2152 399 2454 475; x_wconf 65' lang='lat' dir='ltr'><strong>CCXLI“.</strong></span> 
     </span>
    </p>
   </div>
   <div class='ocr_carea' id='block_1_48' title="bbox 2202 521 3179 580">
    <p class='ocr_par' dir='ltr' id='par_1_48' title="bbox 2202 521 3179 580">
     <span class='ocr_line' id='line_1_48' title="bbox 2202 521 3179 580; baseline 0 0"><span class='ocrx_word' id='word_1_348' title='bbox 2202 525 2287 580; x_wconf 71' lang='lat' dir='ltr'><strong>Ea;</strong></span> <span class='ocrx_word' id='word_1_349' title='bbox 2314 526 2422 579; x_wconf 80' lang='lat' dir='ltr'><strong>alia</strong></span> <span class='ocrx_word' id='word_1_350' title='bbox 2450 523 2712 579; x_wconf 77' lang='lat' dir='ltr'><strong>suasoria.</strong></span> <span class='ocrx_word' id='word_1_351' title='bbox 2740 552 2807 565; x_wconf 88' lang='lat'><strong>-—</strong></span> <span class='ocrx_word' id='word_1_352' title='bbox 2842 521 3179 580; x_wconf 68' lang='lat' dir='ltr'><strong>Praemium.</strong></span> 
     </span>
    </p>
   </div>
   <div class='ocr_carea' id='block_1_49' title="bbox 2001 612 3497 685">
    <p class='ocr_par' dir='ltr' id='par_1_49' title="bbox 2001 612 3497 685">
     <span class='ocr_line' id='line_1_49' title="bbox 2001 612 3497 685; baseline 0.001 -16"><span class='ocrx_word' id='word_1_353' title='bbox 2001 612 2262 685; x_wconf 83' lang='lat' dir='ltr'><strong>Lysippus</strong></span> <span class='ocrx_word' id='word_1_354' title='bbox 2315 617 2495 684; x_wconf 88' lang='lat' dir='ltr'><strong>itaque</strong></span> <span class='ocrx_word' id='word_1_355' title='bbox 2535 630 2642 671; x_wconf 87' lang='lat' dir='ltr'><strong>non</strong></span> <span class='ocrx_word' id='word_1_356' title='bbox 2686 616 2934 671; x_wconf 89' lang='lat' dir='ltr'><strong>manibus</strong></span> <span class='ocrx_word' id='word_1_357' title='bbox 2974 616 3173 682; x_wconf 88' lang='lat' dir='ltr'><strong>solum,</strong></span> <span class='ocrx_word' id='word_1_358' title='bbox 3206 617 3298 671; x_wconf 87' lang='lat' dir='ltr'><strong>sed</strong></span> <span class='ocrx_word' id='word_1_359' title='bbox 3331 615 3497 671; x_wconf 85' lang='lat' dir='ltr'><strong>etiam</strong></span> 
     </span>
    </p>
   </div>
   <div class='ocr_carea' id='block_1_50' title="bbox 1930 706 3501 775">
    <p class='ocr_par' dir='ltr' id='par_1_50' title="bbox 1930 706 3501 775">
     <span class='ocr_line' id='line_1_50' title="bbox 1930 706 3501 775; baseline 0 -15"><span class='ocrx_word' id='word_1_360' title='bbox 1930 706 2144 775; x_wconf 85' lang='lat' dir='ltr'><strong>ingenio</strong></span> <span class='ocrx_word' id='word_1_361' title='bbox 2180 706 2421 775; x_wconf 89' lang='lat' dir='ltr'><strong>insignis.</strong></span> <span class='ocrx_word' id='word_1_362' title='bbox 2456 706 2643 773; x_wconf 79' lang='lat' dir='ltr'><strong>Qualia</strong></span> <span class='ocrx_word' id='word_1_363' title='bbox 2678 708 2822 761; x_wconf 85' lang='lat' dir='ltr'><strong>enim</strong></span> <span class='ocrx_word' id='word_1_364' title='bbox 2861 708 2949 762; x_wconf 76' lang='lat' dir='ltr'><strong>ille</strong></span> <span class='ocrx_word' id='word_1_365' title='bbox 2978 707 3047 764; x_wconf 88' lang='lat' dir='ltr'><strong>ab</strong></span> <span class='ocrx_word' id='word_1_366' title='bbox 3089 707 3307 775; x_wconf 90' lang='lat' dir='ltr'><strong>ingenio</strong></span> <span class='ocrx_word' id='word_1_367' title='bbox 3334 721 3501 761; x_wconf 88' lang='lat' dir='ltr'><strong>ausus</strong></span> 
     </span>
    </p>
   </div>
   <div class='ocr_carea' id='block_1_51' title="bbox 1930 796 3501 866">
    <p class='ocr_par' dir='ltr' id='par_1_51' title="bbox 1930 796 3501 866">
     <span class='ocr_line' id='line_1_51' title="bbox 1930 796 3501 866; baseline -0.001 -17"><span class='ocrx_word' id='word_1_368' title='bbox 1930 796 2045 849; x_wconf 78' lang='lat' dir='ltr'><strong>est?</strong></span> <span class='ocrx_word' id='word_1_369' title='bbox 2087 796 2335 865; x_wconf 79' lang='lat' dir='ltr'><strong>Depinxit</strong></span> <span class='ocrx_word' id='word_1_370' title='bbox 2380 796 2485 851; x_wconf 91' lang='lat' dir='ltr'><strong>diis</strong></span> <span class='ocrx_word' id='word_1_371' title='bbox 2517 796 2882 859; x_wconf 89' lang='lat' dir='ltr'><strong>occasionem,</strong></span> <span class='ocrx_word' id='word_1_372' title='bbox 2920 805 2977 851; x_wconf 90' lang='lat' dir='ltr'><strong>et</strong></span> <span class='ocrx_word' id='word_1_373' title='bbox 3024 797 3259 866; x_wconf 75' lang='lat' dir='ltr'><strong>imagine</strong></span> <span class='ocrx_word' id='word_1_374' title='bbox 3309 797 3501 856; x_wconf 84' lang='lat' dir='ltr'><strong>adum-</strong></span> 
     </span>
    </p>
   </div>
   <div class='ocr_carea' id='block_1_52' title="bbox 1928 885 3501 956">
    <p class='ocr_par' dir='ltr' id='par_1_52' title="bbox 1928 885 3501 956">
     <span class='ocr_line' id='line_1_52' title="bbox 1928 885 3501 956; baseline -0.001 -15"><span class='ocrx_word' id='word_1_375' title='bbox 1928 887 2113 950; x_wconf 86' lang='lat' dir='ltr'><strong>brans.</strong></span> <span class='ocrx_word' id='word_1_376' title='bbox 2138 895 2383 941; x_wconf 87' lang='lat' dir='ltr'><strong>naturam</strong></span> <span class='ocrx_word' id='word_1_377' title='bbox 2409 885 2525 954; x_wconf 85' lang='lat' dir='ltr'><strong>ejus</strong></span> <span class='ocrx_word' id='word_1_378' title='bbox 2545 902 2641 955; x_wconf 88' lang='lat' dir='ltr'><strong>per</strong></span> <span class='ocrx_word' id='word_1_379' title='bbox 2661 886 2873 942; x_wconf 89' lang='lat' dir='ltr'><strong>colores</strong></span> <span class='ocrx_word' id='word_1_380' title='bbox 2898 887 3164 956; x_wconf 79' lang='lat' dir='ltr'><strong>exposuit.</strong></span> <span class='ocrx_word' id='word_1_381' title='bbox 3196 886 3289 941; x_wconf 89' lang='lat' dir='ltr'><strong>Sic</strong></span> <span class='ocrx_word' id='word_1_382' title='bbox 3319 895 3501 939; x_wconf 81' lang='lat' dir='ltr'><strong>autem</strong></span> 
     </span>
    </p>
   </div>
   <div class='ocr_carea' id='block_1_53' title="bbox 1930 974 3505 1043">
    <p class='ocr_par' dir='ltr' id='par_1_53' title="bbox 1930 974 3505 1043">
     <span class='ocr_line' id='line_1_53' title="bbox 1930 974 3505 1043; baseline -0.002 -14"><span class='ocrx_word' id='word_1_383' title='bbox 1930 975 2215 1030; x_wconf 80' lang='lat' dir='ltr'><strong>artiﬁcium</strong></span> <span class='ocrx_word' id='word_1_384' title='bbox 2243 985 2500 1043; x_wconf 89' lang='lat' dir='ltr'><strong>quantum</strong></span> <span class='ocrx_word' id='word_1_385' title='bbox 2534 976 2661 1031; x_wconf 90' lang='lat' dir='ltr'><strong>licet</strong></span> <span class='ocrx_word' id='word_1_386' title='bbox 2689 977 3020 1041; x_wconf 78' lang='lat' dir='ltr'><strong>meminisse,</strong></span> <span class='ocrx_word' id='word_1_387' title='bbox 3052 991 3111 1031; x_wconf 88' lang='lat' dir='ltr'><strong>se</strong></span> <span class='ocrx_word' id='word_1_388' title='bbox 3160 976 3340 1029; x_wconf 91' lang='lat' dir='ltr'><strong>habet.</strong></span> <span class='ocrx_word' id='word_1_389' title='bbox 3377 974 3505 1027; x_wconf 91' lang='lat' dir='ltr'><strong>Pin-</strong></span> 
     </span>
    </p>
   </div>
   <div class='ocr_carea' id='block_1_54' title="bbox 1931 1067 3504 1137">
    <p class='ocr_par' dir='ltr' id='par_1_54' title="bbox 1931 1067 3504 1137">
     <span class='ocr_line' id='line_1_54' title="bbox 1931 1067 3504 1137; baseline -0.001 -16"><span class='ocrx_word' id='word_1_390' title='bbox 1931 1068 2005 1137; x_wconf 91' lang='lat' dir='ltr'><strong>git</strong></span> <span class='ocrx_word' id='word_1_391' title='bbox 2031 1068 2315 1137; x_wconf 79' lang='lat' dir='ltr'><strong>quemdam</strong></span> <span class='ocrx_word' id='word_1_392' title='bbox 2344 1068 2510 1137; x_wconf 85' lang='lat' dir='ltr'><strong>figura</strong></span> <span class='ocrx_word' id='word_1_393' title='bbox 2550 1077 2711 1124; x_wconf 64' lang='lat' dir='ltr'><strong>etate</strong></span> <span class='ocrx_word' id='word_1_394' title='bbox 2744 1078 3054 1133; x_wconf 84' lang='lat' dir='ltr'><strong>venustum,</strong></span> <span class='ocrx_word' id='word_1_395' title='bbox 3084 1067 3375 1135; x_wconf 86' lang='lat' dir='ltr'><strong>ephebum,</strong></span> <span class='ocrx_word' id='word_1_396' title='bbox 3409 1080 3504 1120; x_wconf 79' lang='grc' dir='ltr'><strong>ω-</strong></span> 
     </span>
    </p>
   </div>
   <div class='ocr_carea' id='block_1_55' title="bbox 1932 1155 3502 1228">
    <p class='ocr_par' dir='ltr' id='par_1_55' title="bbox 1932 1155 3502 1228">
     <span class='ocr_line' id='line_1_55' title="bbox 1932 1155 3502 1228; baseline -0.002 -17"><span class='ocrx_word' id='word_1_397' title='bbox 1932 1167 2134 1211; x_wconf 89' lang='lat' dir='ltr'><strong>matum</strong></span> <span class='ocrx_word' id='word_1_398' title='bbox 2182 1172 2214 1213; x_wconf 93' lang='lat' dir='ltr'><strong>e</strong></span> <span class='ocrx_word' id='word_1_399' title='bbox 2255 1158 2585 1225; x_wconf 88' lang='lat' dir='ltr'><strong>temporibus</strong></span> <span class='ocrx_word' id='word_1_400' title='bbox 2632 1158 2703 1212; x_wconf 90' lang='lat' dir='ltr'><strong>ad</strong></span> <span class='ocrx_word' id='word_1_401' title='bbox 2746 1158 2975 1213; x_wconf 79' lang='lat' dir='ltr'><strong>frontem</strong></span> <span class='ocrx_word' id='word_1_402' title='bbox 3019 1173 3238 1228; x_wconf 87' lang='lat' dir='ltr'><strong>usque:</strong></span> <span class='ocrx_word' id='word_1_403' title='bbox 3273 1156 3401 1210; x_wconf 87' lang='lat' dir='ltr'><strong>hinc</strong></span> <span class='ocrx_word' id='word_1_404' title='bbox 3434 1155 3502 1208; x_wconf 87' lang='lat' dir='ltr'><strong>ad</strong></span> 
     </span>
    </p>
   </div>
   <div class='ocr_carea' id='block_1_56' title="bbox 1934 1248 3505 1319">
    <p class='ocr_par' dir='ltr' id='par_1_56' title="bbox 1934 1248 3505 1319">
     <span class='ocr_line' id='line_1_56' title="bbox 1934 1248 3505 1319; baseline -0.001 -16"><span class='ocrx_word' id='word_1_405' title='bbox 1934 1258 2081 1319; x_wconf 86' lang='lat' dir='ltr'><strong>terga</strong></span> <span class='ocrx_word' id='word_1_406' title='bbox 2110 1263 2277 1317; x_wconf 86' lang='lat' dir='ltr'><strong>usque</strong></span> <span class='ocrx_word' id='word_1_407' title='bbox 2305 1250 2526 1312; x_wconf 91' lang='lat' dir='ltr'><strong>nudum,</strong></span> <span class='ocrx_word' id='word_1_408' title='bbox 2558 1248 2807 1304; x_wconf 82' lang='lat' dir='ltr'><strong>dextram</strong></span> <span class='ocrx_word' id='word_1_409' title='bbox 2843 1256 3107 1303; x_wconf 87' lang='lat' dir='ltr'><strong>armatam</strong></span> <span class='ocrx_word' id='word_1_410' title='bbox 3143 1248 3309 1310; x_wconf 87' lang='lat' dir='ltr'><strong>ferro,</strong></span> <span class='ocrx_word' id='word_1_411' title='bbox 3337 1254 3392 1301; x_wconf 91' lang='lat' dir='ltr'><strong>et</strong></span> <span class='ocrx_word' id='word_1_412' title='bbox 3424 1256 3505 1301; x_wconf 85' lang='lat' dir='ltr'><strong>te-</strong></span> 
     </span>
    </p>
   </div>
   <div class='ocr_carea' id='block_1_57' title="bbox 1934 1338 3505 1407">
    <p class='ocr_par' dir='ltr' id='par_1_57' title="bbox 1934 1338 3505 1407">
     <span class='ocr_line' id='line_1_57' title="bbox 1934 1338 3505 1407; baseline -0.003 -12"><span class='ocrx_word' id='word_1_413' title='bbox 1934 1350 2148 1395; x_wconf 92' lang='lat' dir='ltr'><strong>nentem</strong></span> <span class='ocrx_word' id='word_1_414' title='bbox 2198 1339 2418 1396; x_wconf 88' lang='lat' dir='ltr'><strong>sinistra</strong></span> <span class='ocrx_word' id='word_1_415' title='bbox 2462 1340 2752 1406; x_wconf 87' lang='lat' dir='ltr'><strong>bilancem,</strong></span> <span class='ocrx_word' id='word_1_416' title='bbox 2794 1338 2954 1393; x_wconf 92' lang='lat' dir='ltr'><strong>alatis</strong></span> <span class='ocrx_word' id='word_1_417' title='bbox 3009 1340 3232 1407; x_wconf 88' lang='lat' dir='ltr'><strong>plantis,</strong></span> <span class='ocrx_word' id='word_1_418' title='bbox 3284 1352 3389 1392; x_wconf 87' lang='lat' dir='ltr'><strong>non</strong></span> <span class='ocrx_word' id='word_1_419' title='bbox 3444 1345 3505 1391; x_wconf 91' lang='lat' dir='ltr'><strong>ut</strong></span> 
     </span>
    </p>
   </div>
   <div class='ocr_carea' id='block_1_58' title="bbox 1934 1427 3505 1496">
    <p class='ocr_par' dir='ltr' id='par_1_58' title="bbox 1934 1427 3505 1496">
     <span class='ocr_line' id='line_1_58' title="bbox 1934 1427 3505 1496; baseline -0.003 -13"><span class='ocrx_word' id='word_1_420' title='bbox 1934 1429 2179 1484; x_wconf 87' lang='lat' dir='ltr'><strong>sublimis</strong></span> <span class='ocrx_word' id='word_1_421' title='bbox 2198 1444 2359 1496; x_wconf 90' lang='lat' dir='ltr'><strong>super</strong></span> <span class='ocrx_word' id='word_1_422' title='bbox 2380 1439 2577 1484; x_wconf 89' lang='lat' dir='ltr'><strong>terram</strong></span> <span class='ocrx_word' id='word_1_423' title='bbox 2599 1430 2655 1483; x_wconf 89' lang='lat' dir='ltr'><strong>in</strong></span> <span class='ocrx_word' id='word_1_424' title='bbox 2681 1430 2848 1483; x_wconf 90' lang='lat' dir='ltr'><strong>altum</strong></span> <span class='ocrx_word' id='word_1_425' title='bbox 2874 1427 3153 1493; x_wconf 80' lang='lat' dir='ltr'><strong>efferatur,</strong></span> <span class='ocrx_word' id='word_1_426' title='bbox 3178 1428 3270 1481; x_wconf 87' lang='lat' dir='ltr'><strong>sed</strong></span> <span class='ocrx_word' id='word_1_427' title='bbox 3304 1438 3362 1481; x_wconf 93' lang='lat' dir='ltr'><strong>ut</strong></span> <span class='ocrx_word' id='word_1_428' title='bbox 3394 1436 3505 1481; x_wconf 69' lang='lat' dir='ltr'><strong>tero</strong></span> 
     </span>
    </p>
   </div>
   <div class='ocr_carea' id='block_1_59' title="bbox 1936 1519 3508 1589">
    <p class='ocr_par' dir='ltr' id='par_1_59' title="bbox 1936 1519 3508 1589">
     <span class='ocr_line' id='line_1_59' title="bbox 1936 1519 3508 1589; baseline -0.004 -14"><span class='ocrx_word' id='word_1_429' title='bbox 1936 1535 2049 1575; x_wconf 87' lang='lat' dir='ltr'><strong>ram</strong></span> <span class='ocrx_word' id='word_1_430' title='bbox 2078 1522 2342 1589; x_wconf 76' lang='lat' dir='ltr'><strong>attingere</strong></span> <span class='ocrx_word' id='word_1_431' title='bbox 2363 1521 2625 1584; x_wconf 82' lang='lat' dir='ltr'><strong>videatur,</strong></span> <span class='ocrx_word' id='word_1_432' title='bbox 2655 1520 2931 1589; x_wconf 73' lang='lat' dir='ltr'><strong>ignoretur</strong></span> <span class='ocrx_word' id='word_1_433' title='bbox 2956 1533 3083 1573; x_wconf 84' lang='lat' dir='ltr'><strong>vero</strong></span> <span class='ocrx_word' id='word_1_434' title='bbox 3105 1519 3314 1573; x_wconf 86' lang='lat' dir='ltr'><strong>occulte</strong></span> <span class='ocrx_word' id='word_1_435' title='bbox 3346 1526 3508 1570; x_wconf 68' lang='lat' dir='ltr'><strong>terra:</strong></span> 
     </span>
    </p>
   </div>
   <div class='ocr_carea' id='block_1_60' title="bbox 3366 416 3498 482">
    <p class='ocr_par' dir='ltr' id='par_1_60' title="bbox 3366 416 3498 482">
     <span class='ocr_line' id='line_1_60' title="bbox 3366 416 3498 482; baseline 0.023 -3"><span class='ocrx_word' id='word_1_436' title='bbox 3366 416 3498 482; x_wconf 69' lang='lat' dir='ltr'><strong>I366</strong></span> 
     </span>
    </p>
   </div>
   <div class='ocr_carea' id='block_1_61' title="bbox 1938 1610 3506 1676">
    <p class='ocr_par' dir='ltr' id='par_1_61' title="bbox 1938 1610 3506 1676">
     <span class='ocr_line' id='line_1_61' title="bbox 1938 1610 3506 1676; baseline -0.003 -10"><span class='ocrx_word' id='word_1_437' title='bbox 1938 1614 2202 1668; x_wconf 89' lang='lat' dir='ltr'><strong>insistere.</strong></span> <span class='ocrx_word' id='word_1_438' title='bbox 2263 1612 2497 1668; x_wconf 86' lang='lat' dir='ltr'><strong>Glaucus</strong></span> <span class='ocrx_word' id='word_1_439' title='bbox 2545 1622 2746 1676; x_wconf 86' lang='lat' dir='ltr'><strong>autem,</strong></span> <span class='ocrx_word' id='word_1_440' title='bbox 2802 1621 2860 1666; x_wconf 93' lang='lat' dir='ltr'><strong>ut</strong></span> <span class='ocrx_word' id='word_1_441' title='bbox 2917 1611 3171 1674; x_wconf 85' lang='lat' dir='ltr'><strong>arbitror,</strong></span> <span class='ocrx_word' id='word_1_442' title='bbox 3228 1610 3506 1664; x_wconf 84' lang='lat' dir='ltr'><strong>occultans</strong></span> 
     </span>
    </p>
   </div>
   <div class='ocr_carea' id='block_1_62' title="bbox 1938 1702 3503 1767">
    <p class='ocr_par' dir='ltr' id='par_1_62' title="bbox 1938 1702 3503 1767">
     <span class='ocr_line' id='line_1_62' title="bbox 1938 1702 3503 1767; baseline -0.005 -8"><span class='ocrx_word' id='word_1_443' title='bbox 1938 1708 2075 1760; x_wconf 93' lang='lat' dir='ltr'><strong>hanc</strong></span> <span class='ocrx_word' id='word_1_444' title='bbox 2109 1704 2422 1760; x_wconf 86' lang='lat' dir='ltr'><strong>certaminis</strong></span> <span class='ocrx_word' id='word_1_445' title='bbox 2454 1704 2817 1767; x_wconf 84' lang='lat' dir='ltr'><strong>occasionem,</strong></span> <span class='ocrx_word' id='word_1_446' title='bbox 2850 1702 3000 1757; x_wconf 90' lang='lat' dir='ltr'><strong>solus</strong></span> <span class='ocrx_word' id='word_1_447' title='bbox 3028 1702 3093 1756; x_wconf 91' lang='lat' dir='ltr'><strong>ad</strong></span> <span class='ocrx_word' id='word_1_448' title='bbox 3124 1708 3503 1755; x_wconf 87' lang='lat' dir='ltr'><strong>coronatorem</strong></span> 
     </span>
    </p>
   </div>
   <div class='ocr_carea' id='block_1_63' title="bbox 1939 1791 3507 1864">
    <p class='ocr_par' dir='ltr' id='par_1_63' title="bbox 1939 1791 3507 1864">
     <span class='ocr_line' id='line_1_63' title="bbox 1939 1791 3507 1864; baseline -0.005 -14"><span class='ocrx_word' id='word_1_449' title='bbox 1939 1798 2104 1861; x_wconf 89' lang='lat' dir='ltr'><strong>venit,</strong></span> <span class='ocrx_word' id='word_1_450' title='bbox 2131 1805 2185 1850; x_wconf 93' lang='lat' dir='ltr'><strong>et</strong></span> <span class='ocrx_word' id='word_1_451' title='bbox 2210 1798 2416 1864; x_wconf 88' lang='lat' dir='ltr'><strong>primus</strong></span> <span class='ocrx_word' id='word_1_452' title='bbox 2442 1809 2697 1850; x_wconf 89' lang='lat' dir='ltr'><strong>coronam</strong></span> <span class='ocrx_word' id='word_1_453' title='bbox 2726 1794 2948 1863; x_wconf 86' lang='lat' dir='ltr'><strong>accepit.</strong></span> <span class='ocrx_word' id='word_1_454' title='bbox 2976 1791 3169 1847; x_wconf 88' lang='lat' dir='ltr'><strong>Omnia</strong></span> <span class='ocrx_word' id='word_1_455' title='bbox 3192 1792 3336 1845; x_wconf 90' lang='lat' dir='ltr'><strong>enim</strong></span> <span class='ocrx_word' id='word_1_456' title='bbox 3361 1791 3507 1845; x_wconf 87' lang='lat' dir='ltr'><strong>bona</strong></span> 
     </span>
    </p>
   </div>
   <div class='ocr_carea' id='block_1_64' title="bbox 1941 1879 3511 1955">
    <p class='ocr_par' dir='ltr' id='par_1_64' title="bbox 1941 1879 3511 1955">
     <span class='ocr_line' id='line_1_64' title="bbox 1941 1879 3511 1955; baseline -0.005 -15"><span class='ocrx_word' id='word_1_457' title='bbox 1941 1889 1992 1941; x_wconf 92' lang='lat' dir='ltr'><strong>in</strong></span> <span class='ocrx_word' id='word_1_458' title='bbox 2021 1886 2323 1955; x_wconf 83' lang='lat' dir='ltr'><strong>occasione,</strong></span> <span class='ocrx_word' id='word_1_459' title='bbox 2375 1894 2430 1941; x_wconf 90' lang='lat' dir='ltr'><strong>et</strong></span> <span class='ocrx_word' id='word_1_460' title='bbox 2478 1886 2704 1955; x_wconf 75' lang='lat' dir='ltr'><strong>diligens</strong></span> <span class='ocrx_word' id='word_1_461' title='bbox 2746 1886 3010 1954; x_wconf 78' lang='lat' dir='ltr'><strong>iaculator</strong></span> <span class='ocrx_word' id='word_1_462' title='bbox 3060 1892 3163 1949; x_wconf 85' lang='lat' dir='ltr'><strong>est,</strong></span> <span class='ocrx_word' id='word_1_463' title='bbox 3213 1881 3307 1951; x_wconf 88' lang='lat' dir='ltr'><strong>qui</strong></span> <span class='ocrx_word' id='word_1_464' title='bbox 3356 1879 3511 1934; x_wconf 89' lang='lat' dir='ltr'><strong>novit</strong></span> 
     </span>
    </p>
   </div>
   <div class='ocr_carea' id='block_1_65' title="bbox 1936 1972 3507 2048">
    <p class='ocr_par' dir='ltr' id='par_1_65' title="bbox 1936 1972 3507 2048">
     <span class='ocr_line' id='line_1_65' title="bbox 1936 1972 3507 2048; baseline -0.004 -17"><span class='ocrx_word' id='word_1_465' title='bbox 1936 1990 2237 2048; x_wconf 90' lang='lat' dir='ltr'><strong>opportuna</strong></span> <span class='ocrx_word' id='word_1_466' title='bbox 2282 1979 2386 2034; x_wconf 89' lang='lat' dir='ltr'><strong>tela</strong></span> <span class='ocrx_word' id='word_1_467' title='bbox 2429 1979 2665 2034; x_wconf 90' lang='lat' dir='ltr'><strong>mittere.</strong></span> <span class='ocrx_word' id='word_1_468' title='bbox 2720 1978 2984 2032; x_wconf 58' lang='lat' dir='ltr'><strong>Luscinia;</strong></span> <span class='ocrx_word' id='word_1_469' title='bbox 3026 1989 3159 2031; x_wconf 87' lang='lat' dir='ltr'><strong>sane</strong></span> <span class='ocrx_word' id='word_1_470' title='bbox 3200 1984 3405 2029; x_wconf 87' lang='lat' dir='ltr'><strong>eterra</strong></span> <span class='ocrx_word' id='word_1_471' title='bbox 3453 1972 3507 2026; x_wconf 87' lang='lat' dir='ltr'><strong>iu</strong></span> 
     </span>
    </p>
   </div>
   <div class='ocr_carea' id='block_1_66' title="bbox 1938 2065 3507 2127">
    <p class='ocr_par' dir='ltr' id='par_1_66' title="bbox 1938 2065 3507 2127">
     <span class='ocr_line' id='line_1_66' title="bbox 1938 2065 3507 2127; baseline -0.008 -1"><span class='ocrx_word' id='word_1_472' title='bbox 1938 2072 2130 2126; x_wconf 66' lang='lat' dir='ltr'><strong>caelum</strong></span> <span class='ocrx_word' id='word_1_473' title='bbox 2156 2072 2401 2127; x_wconf 81' lang='lat' dir='ltr'><strong>volitant.</strong></span> <span class='ocrx_word' id='word_1_474' title='bbox 2438 2070 2640 2124; x_wconf 82' lang='lat' dir='ltr'><strong>Fabula</strong></span> <span class='ocrx_word' id='word_1_475' title='bbox 2670 2070 2814 2122; x_wconf 91' lang='lat' dir='ltr'><strong>enim</strong></span> <span class='ocrx_word' id='word_1_476' title='bbox 2850 2070 3009 2121; x_wconf 88' lang='lat' dir='ltr'><strong>audet</strong></span> <span class='ocrx_word' id='word_1_477' title='bbox 3044 2067 3098 2120; x_wconf 89' lang='lat' dir='ltr'><strong>in</strong></span> <span class='ocrx_word' id='word_1_478' title='bbox 3126 2065 3323 2121; x_wconf 78' lang='lat' dir='ltr'><strong>ccelum</strong></span> <span class='ocrx_word' id='word_1_479' title='bbox 3344 2070 3507 2118; x_wconf 87' lang='lat' dir='ltr'><strong>cantu</strong></span> 
     </span>
    </p>
   </div>
   <div class='ocr_carea' id='block_1_67' title="bbox 1937 2151 3511 2229">
    <p class='ocr_par' dir='ltr' id='par_1_67' title="bbox 1937 2151 3511 2229">
     <span class='ocr_line' id='line_1_67' title="bbox 1937 2151 3511 2229; baseline -0.008 -11"><span class='ocrx_word' id='word_1_480' title='bbox 1937 2178 2063 2218; x_wconf 79' lang='lat' dir='ltr'><strong>aves</strong></span> <span class='ocrx_word' id='word_1_481' title='bbox 2092 2164 2298 2219; x_wconf 91' lang='lat' dir='ltr'><strong>tollere.</strong></span> <span class='ocrx_word' id='word_1_482' title='bbox 2336 2163 2569 2217; x_wconf 84' lang='lat' dir='ltr'><strong>Veniunt</strong></span> <span class='ocrx_word' id='word_1_483' title='bbox 2598 2161 2763 2229; x_wconf 79' lang='lat' dir='ltr'><strong>igitur</strong></span> <span class='ocrx_word' id='word_1_484' title='bbox 2807 2160 2871 2213; x_wconf 91' lang='lat' dir='ltr'><strong>ad</strong></span> <span class='ocrx_word' id='word_1_485' title='bbox 2899 2157 3128 2220; x_wconf 87' lang='lat' dir='ltr'><strong>olorem,</strong></span> <span class='ocrx_word' id='word_1_486' title='bbox 3177 2156 3269 2220; x_wconf 89' lang='lat' dir='ltr'><strong>qui</strong></span> <span class='ocrx_word' id='word_1_487' title='bbox 3310 2151 3511 2206; x_wconf 84' lang='lat' dir='ltr'><strong>mansit</strong></span> 
     </span>
    </p>
   </div>
   <div class='ocr_carea' id='block_1_68' title="bbox 1939 2244 3505 2322">
    <p class='ocr_par' dir='ltr' id='par_1_68' title="bbox 1939 2244 3505 2322">
     <span class='ocr_line' id='line_1_68' title="bbox 1939 2244 3505 2322; baseline -0.008 -16"><span class='ocrx_word' id='word_1_488' title='bbox 1939 2254 1990 2306; x_wconf 92' lang='lat' dir='ltr'><strong>in</strong></span> <span class='ocrx_word' id='word_1_489' title='bbox 2020 2267 2211 2320; x_wconf 89' lang='lat' dir='ltr'><strong>campo</strong></span> <span class='ocrx_word' id='word_1_490' title='bbox 2239 2254 2469 2322; x_wconf 81' lang='lat' dir='ltr'><strong>quodam</strong></span> <span class='ocrx_word' id='word_1_491' title='bbox 2504 2266 2691 2315; x_wconf 88' lang='lat' dir='ltr'><strong>verno,</strong></span> <span class='ocrx_word' id='word_1_492' title='bbox 2724 2251 2891 2304; x_wconf 92' lang='lat' dir='ltr'><strong>donec</strong></span> <span class='ocrx_word' id='word_1_493' title='bbox 2918 2247 3169 2319; x_wconf 82' lang='lat' dir='ltr'><strong>Zephyro</strong></span> <span class='ocrx_word' id='word_1_494' title='bbox 3195 2244 3263 2300; x_wconf 88' lang='lat' dir='ltr'><strong>ad</strong></span> <span class='ocrx_word' id='word_1_495' title='bbox 3285 2250 3505 2299; x_wconf 83' lang='lat' dir='ltr'><strong>cantum</strong></span> 
     </span>
    </p>
   </div>
   <div class='ocr_carea' id='block_1_69' title="bbox 1936 2344 2401 2415">
    <p class='ocr_par' dir='ltr' id='par_1_69' title="bbox 1936 2344 2401 2415">
     <span class='ocr_line' id='line_1_69' title="bbox 1936 2344 2401 2415; baseline 0 -16"><span class='ocrx_word' id='word_1_496' title='bbox 1936 2345 2143 2415; x_wconf 81' lang='lat' dir='ltr'><strong>explica</strong></span> <span class='ocrx_word' id='word_1_497' title='bbox 2154 2355 2236 2400; x_wconf 91' lang='lat' dir='ltr'><strong>ret</strong></span> <span class='ocrx_word' id='word_1_498' title='bbox 2266 2344 2401 2399; x_wconf 89' lang='lat' dir='ltr'><strong>alas.</strong></span> 
     </span>
    </p>
   </div>
   <div class='ocr_carea' id='block_1_70' title="bbox 2169 2600 3254 2671">
    <p class='ocr_par' dir='ltr' id='par_1_70' title="bbox 2169 2600 3254 2671">
     <span class='ocr_line' id='line_1_70' title="bbox 2169 2600 3254 2671; baseline -0.006 -11"><span class='ocrx_word' id='word_1_499' title='bbox 2169 2606 2253 2660; x_wconf 81' lang='lat' dir='ltr'><strong>Ea:</strong></span> <span class='ocrx_word' id='word_1_500' title='bbox 2283 2607 2518 2660; x_wconf 81' lang='lat' dir='ltr'><strong>oratione</strong></span> <span class='ocrx_word' id='word_1_501' title='bbox 2545 2606 2599 2658; x_wconf 76' lang='lat' dir='ltr'><strong>in</strong></span> <span class='ocrx_word' id='word_1_502' title='bbox 2626 2602 2884 2657; x_wconf 80' lang='lat' dir='ltr'><strong>crudelem</strong></span> <span class='ocrx_word' id='word_1_503' title='bbox 2920 2600 3254 2671; x_wconf 70' lang='lat' dir='ltr'><strong>.Egyptittm.</strong></span> 
     </span>
    </p>
   </div>
   <div class='ocr_carea' id='block_1_71' title="bbox 2008 2688 3509 2770">
    <p class='ocr_par' dir='ltr' id='par_1_71' title="bbox 2008 2688 3509 2770">
     <span class='ocr_line' id='line_1_71' title="bbox 2008 2688 3509 2770; baseline -0.011 -16"><span class='ocrx_word' id='word_1_504' title='bbox 2008 2699 2248 2770; x_wconf 65' lang='lat' dir='ltr'><strong>Egyptii</strong></span> <span class='ocrx_word' id='word_1_505' title='bbox 2274 2701 2664 2752; x_wconf 91' lang='lat' dir='ltr'><strong>incrementum</strong></span> <span class='ocrx_word' id='word_1_506' title='bbox 2691 2694 2792 2747; x_wconf 84' lang='lat' dir='ltr'><strong>Nili</strong></span> <span class='ocrx_word' id='word_1_507' title='bbox 2822 2708 2915 2762; x_wconf 89' lang='lat' dir='ltr'><strong>per</strong></span> <span class='ocrx_word' id='word_1_508' title='bbox 2936 2692 3149 2747; x_wconf 88' lang='lat' dir='ltr'><strong>cubitos</strong></span> <span class='ocrx_word' id='word_1_509' title='bbox 3168 2688 3509 2750; x_wconf 86' lang='lat' dir='ltr'><strong>denuntiant,</strong></span> 
     </span>
    </p>
   </div>
   <div class='ocr_carea' id='block_1_72' title="bbox 1936 2782 3509 2855">
    <p class='ocr_par' dir='ltr' id='par_1_72' title="bbox 1936 2782 3509 2855">
     <span class='ocr_line' id='line_1_72' title="bbox 1936 2782 3509 2855; baseline -0.006 -10"><span class='ocrx_word' id='word_1_510' title='bbox 1936 2804 1989 2845; x_wconf 86' lang='lat' dir='ltr'><strong>et</strong></span> <span class='ocrx_word' id='word_1_511' title='bbox 2014 2806 2263 2845; x_wconf 86' lang='lat' dir='ltr'><strong>mensura</strong></span> <span class='ocrx_word' id='word_1_512' title='bbox 2290 2792 2579 2843; x_wconf 88' lang='lat' dir='ltr'><strong>metiuntur</strong></span> <span class='ocrx_word' id='word_1_513' title='bbox 2602 2801 2793 2855; x_wconf 86' lang='lat' dir='ltr'><strong>aquas,</strong></span> <span class='ocrx_word' id='word_1_514' title='bbox 2829 2795 2882 2840; x_wconf 92' lang='lat' dir='ltr'><strong>et</strong></span> <span class='ocrx_word' id='word_1_515' title='bbox 2912 2785 3125 2839; x_wconf 85' lang='lat' dir='ltr'><strong>cubitus</strong></span> <span class='ocrx_word' id='word_1_516' title='bbox 3145 2783 3249 2837; x_wconf 88' lang='lat' dir='ltr'><strong>illis</strong></span> <span class='ocrx_word' id='word_1_517' title='bbox 3282 2782 3509 2835; x_wconf 78' lang='lat' dir='ltr'><strong>materia</strong></span> 
     </span>
    </p>
   </div>
   <div class='ocr_carea' id='block_1_73' title="bbox 1939 2873 3511 2949">
    <p class='ocr_par' dir='ltr' id='par_1_73' title="bbox 1939 2873 3511 2949">
     <span class='ocr_line' id='line_1_73' title="bbox 1939 2873 3511 2949; baseline -0.005 -14"><span class='ocrx_word' id='word_1_518' title='bbox 1939 2884 2108 2937; x_wconf 84' lang='lat' dir='ltr'><strong>laudis</strong></span> <span class='ocrx_word' id='word_1_519' title='bbox 2134 2895 2236 2937; x_wconf 91' lang='lat' dir='ltr'><strong>est.</strong></span> <span class='ocrx_word' id='word_1_520' title='bbox 2268 2884 2544 2949; x_wconf 85' lang='lat' dir='ltr'><strong>Ducesque</strong></span> <span class='ocrx_word' id='word_1_521' title='bbox 2574 2889 2824 2933; x_wconf 86' lang='lat' dir='ltr'><strong>strenuos</strong></span> <span class='ocrx_word' id='word_1_522' title='bbox 2850 2877 3053 2931; x_wconf 76' lang='lat' dir='ltr'><strong>videbit</strong></span> <span class='ocrx_word' id='word_1_523' title='bbox 3078 2874 3293 2939; x_wconf 62' lang='lat' dir='ltr'><strong>trepaais</strong></span> <span class='ocrx_word' id='word_1_524' title='bbox 3336 2873 3511 2927; x_wconf 87' lang='lat' dir='ltr'><strong>mino-</strong></span> 
     </span>
    </p>
   </div>
   <div class='ocr_carea' id='block_1_74' title="bbox 1938 2966 3512 3039">
    <p class='ocr_par' dir='ltr' id='par_1_74' title="bbox 1938 2966 3512 3039">
     <span class='ocr_line' id='line_1_74' title="bbox 1938 2966 3512 3039; baseline -0.008 -11"><span class='ocrx_word' id='word_1_525' title='bbox 1938 2976 2085 3028; x_wconf 88' lang='lat' dir='ltr'><strong>ribus</strong></span> <span class='ocrx_word' id='word_1_526' title='bbox 2114 2974 2258 3028; x_wconf 90' lang='lat' dir='ltr'><strong>mille</strong></span> <span class='ocrx_word' id='word_1_527' title='bbox 2282 2974 2532 3027; x_wconf 80' lang='lat' dir='ltr'><strong>victorias</strong></span> <span class='ocrx_word' id='word_1_528' title='bbox 2556 2972 2875 3039; x_wconf 63' lang='lat' dir='ltr'><strong>praedicare.</strong></span> <span class='ocrx_word' id='word_1_529' title='bbox 2910 2968 3114 3023; x_wconf 80' lang='lat' dir='ltr'><strong>Parvus</strong></span> <span class='ocrx_word' id='word_1_530' title='bbox 3142 2966 3240 3020; x_wconf 90' lang='lat' dir='ltr'><strong>fuit</strong></span> <span class='ocrx_word' id='word_1_531' title='bbox 3269 2966 3320 3018; x_wconf 93' lang='lat' dir='ltr'><strong>in</strong></span> <span class='ocrx_word' id='word_1_532' title='bbox 3352 2968 3512 3017; x_wconf 80' lang='lat' dir='ltr'><strong>Arte-</strong></span> 
     </span>
    </p>
   </div>
   <div class='ocr_carea' id='block_1_75' title="bbox 1939 3053 3513 3128">
    <p class='ocr_par' dir='ltr' id='par_1_75' title="bbox 1939 3053 3513 3128">
     <span class='ocr_line' id='line_1_75' title="bbox 1939 3053 3513 3128; baseline -0.006 -15"><span class='ocrx_word' id='word_1_533' title='bbox 1939 3062 2094 3115; x_wconf 80' lang='lat' dir='ltr'><strong>misio</strong></span> <span class='ocrx_word' id='word_1_534' title='bbox 2106 3060 2492 3114; x_wconf 86' lang='lat' dir='ltr'><strong>Themistocles</strong></span> <span class='ocrx_word' id='word_1_535' title='bbox 2516 3056 2738 3128; x_wconf 88' lang='lat' dir='ltr'><strong>(etenim</strong></span> <span class='ocrx_word' id='word_1_536' title='bbox 2764 3071 2922 3119; x_wconf 85' lang='lat' dir='ltr'><strong>supra</strong></span> <span class='ocrx_word' id='word_1_537' title='bbox 2951 3055 3092 3123; x_wconf 87' lang='lat' dir='ltr'><strong>regis</strong></span> <span class='ocrx_word' id='word_1_538' title='bbox 3108 3053 3340 3119; x_wconf 80' lang='lat' dir='ltr'><strong>majores</strong></span> <span class='ocrx_word' id='word_1_539' title='bbox 3370 3057 3513 3119; x_wconf 76' lang='lat' dir='ltr'><strong>prte—</strong></span> 
     </span>
    </p>
   </div>
   <div class='ocr_carea' id='block_1_76' title="bbox 1937 3141 3509 3219">
    <p class='ocr_par' dir='ltr' id='par_1_76' title="bbox 1937 3141 3509 3219">
     <span class='ocr_line' id='line_1_76' title="bbox 1937 3141 3509 3219; baseline -0.006 -15"><span class='ocrx_word' id='word_1_540' title='bbox 1937 3152 2081 3205; x_wconf 90' lang='lat' dir='ltr'><strong>clare</strong></span> <span class='ocrx_word' id='word_1_541' title='bbox 2105 3149 2293 3219; x_wconf 88' lang='lat' dir='ltr'><strong>gessit)</strong></span> <span class='ocrx_word' id='word_1_542' title='bbox 2319 3148 2487 3217; x_wconf 83' lang='lat' dir='ltr'><strong>major</strong></span> <span class='ocrx_word' id='word_1_543' title='bbox 2508 3149 2561 3201; x_wconf 89' lang='lat' dir='ltr'><strong>in</strong></span> <span class='ocrx_word' id='word_1_544' title='bbox 2590 3145 2848 3218; x_wconf 80' lang='lat' dir='ltr'><strong>Psytalia,</strong></span> <span class='ocrx_word' id='word_1_545' title='bbox 2876 3159 3105 3214; x_wconf 86' lang='lat' dir='ltr'><strong>magnus</strong></span> <span class='ocrx_word' id='word_1_546' title='bbox 3131 3144 3185 3197; x_wconf 86' lang='lat' dir='ltr'><strong>in</strong></span> <span class='ocrx_word' id='word_1_547' title='bbox 3209 3141 3509 3197; x_wconf 86' lang='lat' dir='ltr'><strong>Salamine.</strong></span> 
     </span>
    </p>
   </div>
   <div class='ocr_carea' id='block_1_77' title="bbox 1938 3233 3296 3306">
    <p class='ocr_par' dir='ltr' id='par_1_77' title="bbox 1938 3233 3296 3306">
     <span class='ocr_line' id='line_1_77' title="bbox 1938 3233 3296 3306; baseline -0.006 -11"><span class='ocrx_word' id='word_1_548' title='bbox 1938 3240 2050 3298; x_wconf 85' lang='lat' dir='ltr'><strong>lilic</strong></span> <span class='ocrx_word' id='word_1_549' title='bbox 2090 3241 2235 3297; x_wconf 90' lang='lat' dir='ltr'><strong>enim</strong></span> <span class='ocrx_word' id='word_1_550' title='bbox 2276 3250 2441 3295; x_wconf 90' lang='lat' dir='ltr'><strong>totam</strong></span> <span class='ocrx_word' id='word_1_551' title='bbox 2481 3239 2666 3294; x_wconf 75' lang='lat' dir='ltr'><strong>Asiam</strong></span> <span class='ocrx_word' id='word_1_552' title='bbox 2696 3237 2987 3306; x_wconf 84' lang='lat' dir='ltr'><strong>pugnando</strong></span> <span class='ocrx_word' id='word_1_553' title='bbox 3013 3233 3296 3290; x_wconf 82' lang='lat' dir='ltr'><strong>demersit.</strong></span> 
     </span>
    </p>
   </div>
   <div class='ocr_carea' id='block_1_78' title="bbox 2500 3500 2945 3571">
    <p class='ocr_par' dir='ltr' id='par_1_78' title="bbox 2500 3500 2945 3571">
     <span class='ocr_line' id='line_1_78' title="bbox 2500 3500 2945 3571; baseline 0.004 -16"><span class='ocrx_word' id='word_1_554' title='bbox 2500 3500 2548 3555; x_wconf 86' lang='lat' dir='ltr'><em>E</em></span> <span class='ocrx_word' id='word_1_555' title='bbox 2571 3502 2945 3571; x_wconf 80' lang='lat' dir='ltr'><strong>propemptica.</strong></span> 
     </span>
    </p>
   </div>
   <div class='ocr_carea' id='block_1_79' title="bbox 2010 3589 3513 3659">
    <p class='ocr_par' dir='ltr' id='par_1_79' title="bbox 2010 3589 3513 3659">
     <span class='ocr_line' id='line_1_79' title="bbox 2010 3589 3513 3659; baseline -0.003 -12"><span class='ocrx_word' id='word_1_556' title='bbox 2010 3593 2073 3647; x_wconf 86' lang='lat' dir='ltr'><strong>Et</strong></span> <span class='ocrx_word' id='word_1_557' title='bbox 2100 3591 2203 3645; x_wconf 89' lang='lat' dir='ltr'><strong>hoc</strong></span> <span class='ocrx_word' id='word_1_558' title='bbox 2225 3590 2450 3646; x_wconf 80' lang='lat' dir='ltr'><strong>forsitan</strong></span> <span class='ocrx_word' id='word_1_559' title='bbox 2486 3599 2633 3645; x_wconf 88' lang='lat' dir='ltr'><strong>recte</strong></span> <span class='ocrx_word' id='word_1_560' title='bbox 2671 3590 2825 3645; x_wconf 89' lang='lat' dir='ltr'><strong>facis.</strong></span> <span class='ocrx_word' id='word_1_561' title='bbox 2878 3589 3013 3643; x_wconf 84' lang='lat' dir='ltr'><strong>Nam</strong></span> <span class='ocrx_word' id='word_1_562' title='bbox 3060 3598 3285 3645; x_wconf 87' lang='lat' dir='ltr'><strong>necesse</strong></span> <span class='ocrx_word' id='word_1_563' title='bbox 3326 3590 3513 3659; x_wconf 83' lang='lat' dir='ltr'><strong>utique</strong></span> 
     </span>
    </p>
   </div>
   <div class='ocr_carea' id='block_1_80' title="bbox 1936 3682 3509 3752">
    <p class='ocr_par' dir='ltr' id='par_1_80' title="bbox 1936 3682 3509 3752">
     <span class='ocr_line' id='line_1_80' title="bbox 1936 3682 3509 3752; baseline -0.003 -13"><span class='ocrx_word' id='word_1_564' title='bbox 1936 3693 2040 3748; x_wconf 88' lang='lat' dir='ltr'><strong>est,</strong></span> <span class='ocrx_word' id='word_1_565' title='bbox 2076 3696 2198 3736; x_wconf 90' lang='lat' dir='ltr'><strong>eum</strong></span> <span class='ocrx_word' id='word_1_566' title='bbox 2228 3684 2318 3752; x_wconf 90' lang='lat' dir='ltr'><strong>qui</strong></span> <span class='ocrx_word' id='word_1_567' title='bbox 2353 3683 2558 3735; x_wconf 88' lang='lat' dir='ltr'><strong>laudari</strong></span> <span class='ocrx_word' id='word_1_568' title='bbox 2582 3683 2871 3741; x_wconf 86' lang='lat' dir='ltr'><strong>desiderat.</strong></span> <span class='ocrx_word' id='word_1_569' title='bbox 2910 3683 3074 3737; x_wconf 90' lang='lat' dir='ltr'><strong>etiam</strong></span> <span class='ocrx_word' id='word_1_570' title='bbox 3103 3698 3190 3736; x_wconf 89' lang='lat' dir='ltr'><strong>res</strong></span> <span class='ocrx_word' id='word_1_571' title='bbox 3210 3682 3329 3737; x_wconf 87' lang='lat' dir='ltr'><strong>illas</strong></span> <span class='ocrx_word' id='word_1_572' title='bbox 3362 3683 3509 3736; x_wconf 86' lang='lat' dir='ltr'><strong>desi—</strong></span> 
     </span>
    </p>
   </div>
   <div class='ocr_carea' id='block_1_81' title="bbox 1938 3771 3514 3841">
    <p class='ocr_par' dir='ltr' id='par_1_81' title="bbox 1938 3771 3514 3841">
     <span class='ocr_line' id='line_1_81' title="bbox 1938 3771 3514 3841; baseline 0 -14"><span class='ocrx_word' id='word_1_573' title='bbox 1938 3775 2128 3827; x_wconf 89' lang='lat' dir='ltr'><strong>derare</strong></span> <span class='ocrx_word' id='word_1_574' title='bbox 2176 3773 2315 3827; x_wconf 92' lang='lat' dir='ltr'><strong>unde</strong></span> <span class='ocrx_word' id='word_1_575' title='bbox 2356 3772 2470 3827; x_wconf 87' lang='lat' dir='ltr'><strong>laus</strong></span> <span class='ocrx_word' id='word_1_576' title='bbox 2505 3774 2766 3841; x_wconf 83' lang='lat' dir='ltr'><strong>procedit.</strong></span> <span class='ocrx_word' id='word_1_577' title='bbox 2798 3771 2913 3827; x_wconf 90' lang='lat' dir='ltr'><strong>Non</strong></span> <span class='ocrx_word' id='word_1_578' title='bbox 2948 3774 3091 3827; x_wconf 90' lang='lat' dir='ltr'><strong>enim</strong></span> <span class='ocrx_word' id='word_1_579' title='bbox 3125 3773 3247 3827; x_wconf 82' lang='lat' dir='ltr'><strong>filiis</strong></span> <span class='ocrx_word' id='word_1_580' title='bbox 3286 3772 3514 3827; x_wconf 87' lang='lat' dir='ltr'><strong>Periclis</strong></span> 
     </span>
    </p>
   </div>
   <div class='ocr_carea' id='block_1_82' title="bbox 1935 3862 3514 3934">
    <p class='ocr_par' dir='ltr' id='par_1_82' title="bbox 1935 3862 3514 3934">
     <span class='ocr_line' id='line_1_82' title="bbox 1935 3862 3514 3934; baseline -0.002 -16"><span class='ocrx_word' id='word_1_581' title='bbox 1935 3862 2194 3934; x_wconf 66' lang='lat' dir='ltr'><strong>praclare</strong></span> <span class='ocrx_word' id='word_1_582' title='bbox 2221 3872 2368 3932; x_wconf 84' lang='lat' dir='ltr'><strong>gesta</strong></span> <span class='ocrx_word' id='word_1_583' title='bbox 2398 3862 2746 3926; x_wconf 76' lang='lat' dir='ltr'><strong>suffecerunt,</strong></span> <span class='ocrx_word' id='word_1_584' title='bbox 2778 3864 2871 3917; x_wconf 87' lang='lat' dir='ltr'><strong>sed</strong></span> <span class='ocrx_word' id='word_1_585' title='bbox 2902 3864 3106 3934; x_wconf 87' lang='lat' dir='ltr'><strong>indigni</strong></span> <span class='ocrx_word' id='word_1_586' title='bbox 3140 3872 3364 3932; x_wconf 87' lang='lat' dir='ltr'><strong>paterna</strong></span> <span class='ocrx_word' id='word_1_587' title='bbox 3405 3863 3514 3917; x_wconf 86' lang='lat' dir='ltr'><strong>vir-</strong></span> 
     </span>
    </p>
   </div>
   <div class='ocr_carea' id='block_1_83' title="bbox 1938 3955 3515 4025">
    <p class='ocr_par' dir='ltr' id='par_1_83' title="bbox 1938 3955 3515 4025">
     <span class='ocr_line' id='line_1_83' title="bbox 1938 3955 3515 4025; baseline 0.001 -16"><span class='ocrx_word' id='word_1_588' title='bbox 1938 3965 2049 4009; x_wconf 90' lang='lat' dir='ltr'><strong>tute</strong></span> <span class='ocrx_word' id='word_1_589' title='bbox 2079 3955 2416 4020; x_wconf 80' lang='lat' dir='ltr'><strong>exsistentes,</strong></span> <span class='ocrx_word' id='word_1_590' title='bbox 2455 3955 2652 4025; x_wconf 69' lang='lat'><strong>3720</strong></span> <span class='ocrx_word' id='word_1_591' title='bbox 2695 3955 2760 4009; x_wconf 90' lang='lat' dir='ltr'><strong>ad</strong></span> <span class='ocrx_word' id='word_1_592' title='bbox 2809 3955 3026 4022; x_wconf 86' lang='lat' dir='ltr'><strong>majoris</strong></span> <span class='ocrx_word' id='word_1_593' title='bbox 3071 3955 3515 4025; x_wconf 83' lang='lat' dir='ltr'><strong>reprehensionis</strong></span> 
     </span>
    </p>
   </div>
   <div class='ocr_carea' id='block_1_84' title="bbox 1939 4044 3512 4113">
    <p class='ocr_par' dir='ltr' id='par_1_84' title="bbox 1939 4044 3512 4113">
     <span class='ocr_line' id='line_1_84' title="bbox 1939 4044 3512 4113; baseline 0.001 -18"><span class='ocrx_word' id='word_1_594' title='bbox 1939 4045 2219 4096; x_wconf 88' lang='lat' dir='ltr'><strong>materiam</strong></span> <span class='ocrx_word' id='word_1_595' title='bbox 2252 4054 2531 4112; x_wconf 87' lang='lat' dir='ltr'><strong>paternam</strong></span> <span class='ocrx_word' id='word_1_596' title='bbox 2562 4044 2927 4098; x_wconf 89' lang='lat' dir='ltr'><strong>celebritatem</strong></span> <span class='ocrx_word' id='word_1_597' title='bbox 2965 4046 3145 4113; x_wconf 85' lang='lat' dir='ltr'><strong>adepti</strong></span> <span class='ocrx_word' id='word_1_598' title='bbox 3180 4054 3331 4099; x_wconf 89' lang='lat' dir='ltr'><strong>sunt.</strong></span> <span class='ocrx_word' id='word_1_599' title='bbox 3361 4044 3512 4097; x_wconf 80' lang='lat' dir='ltr'><strong>Alio-</strong></span> 
     </span>
    </p>
   </div>
   <div class='ocr_carea' id='block_1_85' title="bbox 1938 4132 3514 4202">
    <p class='ocr_par' dir='ltr' id='par_1_85' title="bbox 1938 4132 3514 4202">
     <span class='ocr_line' id='line_1_85' title="bbox 1938 4132 3514 4202; baseline 0.002 -15"><span class='ocrx_word' id='word_1_600' title='bbox 1938 4148 2161 4202; x_wconf 88' lang='lat' dir='ltr'><strong>rumque</strong></span> <span class='ocrx_word' id='word_1_601' title='bbox 2190 4133 2285 4187; x_wconf 84' lang='lat' dir='ltr'><strong>filii</strong></span> <span class='ocrx_word' id='word_1_602' title='bbox 2307 4133 2593 4188; x_wconf 91' lang='lat' dir='ltr'><strong>multorum</strong></span> <span class='ocrx_word' id='word_1_603' title='bbox 2620 4132 2836 4188; x_wconf 81' lang='lat' dir='ltr'><strong>fortium</strong></span> <span class='ocrx_word' id='word_1_604' title='bbox 2865 4135 3100 4188; x_wconf 81' lang='lat' dir='ltr'><strong>virorum</strong></span> <span class='ocrx_word' id='word_1_605' title='bbox 3123 4133 3293 4199; x_wconf 89' lang='lat' dir='ltr'><strong>fuere,</strong></span> <span class='ocrx_word' id='word_1_606' title='bbox 3316 4134 3514 4202; x_wconf 77' lang='lat' dir='ltr'><strong>quibus</strong></span> 
     </span>
    </p>
   </div>
   <div class='ocr_carea' id='block_1_86' title="bbox 1936 4224 3509 4293">
    <p class='ocr_par' dir='ltr' id='par_1_86' title="bbox 1936 4224 3509 4293">
     <span class='ocr_line' id='line_1_86' title="bbox 1936 4224 3509 4293; baseline -0.001 -15"><span class='ocrx_word' id='word_1_607' title='bbox 1936 4226 2183 4278; x_wconf 88' lang='lat' dir='ltr'><strong>omnibus</strong></span> <span class='ocrx_word' id='word_1_608' title='bbox 2210 4234 2487 4293; x_wconf 85' lang='lat' dir='ltr'><strong>parentum</strong></span> <span class='ocrx_word' id='word_1_609' title='bbox 2510 4225 2678 4293; x_wconf 90' lang='lat' dir='ltr'><strong>gloria</strong></span> <span class='ocrx_word' id='word_1_610' title='bbox 2704 4240 2808 4278; x_wconf 87' lang='lat' dir='ltr'><strong>non</strong></span> <span class='ocrx_word' id='word_1_611' title='bbox 2840 4226 2903 4279; x_wconf 92' lang='lat' dir='ltr'><strong>ad</strong></span> <span class='ocrx_word' id='word_1_612' title='bbox 2939 4225 3234 4293; x_wconf 90' lang='lat' dir='ltr'><strong>pleniorem</strong></span> <span class='ocrx_word' id='word_1_613' title='bbox 3268 4224 3509 4288; x_wconf 82' lang='lat' dir='ltr'><strong>laudem,</strong></span> 
     </span>
    </p>
   </div>
   <div class='ocr_carea' id='block_1_87' title="bbox 1937 4315 3513 4383">
    <p class='ocr_par' dir='ltr' id='par_1_87' title="bbox 1937 4315 3513 4383">
     <span class='ocr_line' id='line_1_87' title="bbox 1937 4315 3513 4383; baseline -0.001 -13"><span class='ocrx_word' id='word_1_614' title='bbox 1937 4317 2029 4370; x_wconf 89' lang='lat' dir='ltr'><strong>sed</strong></span> <span class='ocrx_word' id='word_1_615' title='bbox 2082 4318 2148 4369; x_wconf 88' lang='lat' dir='ltr'><strong>ad</strong></span> <span class='ocrx_word' id='word_1_616' title='bbox 2204 4315 2566 4383; x_wconf 88' lang='lat' dir='ltr'><strong>improbitatis</strong></span> <span class='ocrx_word' id='word_1_617' title='bbox 2618 4317 3019 4369; x_wconf 87' lang='lat' dir='ltr'><strong>accusationem</strong></span> <span class='ocrx_word' id='word_1_618' title='bbox 3076 4315 3198 4371; x_wconf 86' lang='lat' dir='ltr'><strong>fuit.</strong></span> <span class='ocrx_word' id='word_1_619' title='bbox 3262 4315 3513 4369; x_wconf 79' lang='lat' dir='ltr'><strong>Forsitan</strong></span> 
     </span>
    </p>
   </div>
   <div class='ocr_carea' id='block_1_88' title="bbox 1938 4404 3514 4475">
    <p class='ocr_par' dir='ltr' id='par_1_88' title="bbox 1938 4404 3514 4475">
     <span class='ocr_line' id='line_1_88' title="bbox 1938 4404 3514 4475; baseline -0.001 -14"><span class='ocrx_word' id='word_1_620' title='bbox 1938 4409 2140 4462; x_wconf 81' lang='lat' dir='ltr'><strong>dixeris</strong></span> <span class='ocrx_word' id='word_1_621' title='bbox 2178 4406 2311 4472; x_wconf 81' lang='lat' dir='ltr'><strong>Quis</strong></span> <span class='ocrx_word' id='word_1_622' title='bbox 2343 4424 2355 4459; x_wconf 92' lang='lat'>:</span> <span class='ocrx_word' id='word_1_623' title='bbox 2388 4407 2552 4475; x_wconf 85' lang='lat' dir='ltr'><strong>igitur</strong></span> <span class='ocrx_word' id='word_1_624' title='bbox 2596 4408 2704 4461; x_wconf 91' lang='lat' dir='ltr'><strong>erit</strong></span> <span class='ocrx_word' id='word_1_625' title='bbox 2749 4408 2947 4461; x_wconf 90' lang='lat' dir='ltr'><strong>mentis</strong></span> <span class='ocrx_word' id='word_1_626' title='bbox 2980 4407 3196 4461; x_wconf 75' lang='lat' dir='ltr'><strong>cultus?</strong></span> <span class='ocrx_word' id='word_1_627' title='bbox 3227 4404 3412 4460; x_wconf 74' lang='lat' dir='ltr'><strong>Virtus</strong></span> <span class='ocrx_word' id='word_1_628' title='bbox 3458 4413 3514 4459; x_wconf 91' lang='lat' dir='ltr'><strong>et</strong></span> 
     </span>
    </p>
   </div>
   <div class='ocr_carea' id='block_1_89' title="bbox 246 4496 1834 4577">
    <p class='ocr_par' dir='ltr' id='par_1_89' title="bbox 246 4500 1831 4572">
     <span class='ocr_line' id='line_1_89' title="bbox 246 4500 1831 4572; baseline 0 -18"><span class='ocrx_word' id='word_1_629' title='bbox 246 4502 382 4554; x_wconf 86' lang='grc' dir='ltr'><strong>πεία</strong></span> <span class='ocrx_word' id='word_1_630' title='bbox 408 4501 501 4553; x_wconf 83' lang='grc' dir='ltr'><strong>τοῦ</strong></span> <span class='ocrx_word' id='word_1_631' title='bbox 519 4500 610 4553; x_wconf 81' lang='grc' dir='ltr'><strong>νοῦ</strong></span> <span class='ocrx_word' id='word_1_632' title='bbox 640 4518 656 4566; x_wconf 88' lang='lat'><strong>;</strong></span> <span class='ocrx_word' id='word_1_633' title='bbox 693 4500 861 4569; x_wconf 83' lang='grc' dir='ltr'><strong>ἀρετὴ</strong></span> <span class='ocrx_word' id='word_1_634' title='bbox 897 4503 991 4553; x_wconf 74' lang='grc' dir='ltr'><strong>καὶ</strong></span> <span class='ocrx_word' id='word_1_635' title='bbox 1018 4502 1199 4569; x_wconf 85' lang='grc' dir='ltr'><strong>λόγος,</strong></span> <span class='ocrx_word' id='word_1_636' title='bbox 1227 4503 1259 4571; x_wconf 88' lang='grc' dir='ltr'><strong>ή</strong></span> <span class='ocrx_word' id='word_1_637' title='bbox 1310 4503 1409 4571; x_wconf 82' lang='grc' dir='ltr'><strong>μὲν</strong></span> <span class='ocrx_word' id='word_1_638' title='bbox 1437 4504 1685 4572; x_wconf 76' lang='grc' dir='ltr'><strong>ἄρχουσα</strong></span> <span class='ocrx_word' id='word_1_639' title='bbox 1734 4504 1831 4557; x_wconf 83' lang='grc' dir='ltr'><strong>καί</strong></span> 
     </span>
    </p>
   </div>
   <div class='ocr_carea' id='block_1_90' title="bbox 1936 4496 3518 4577">
    <p class='ocr_par' dir='ltr' id='par_1_90' title="bbox 1939 4496 3518 4567">
     <span class='ocr_line' id='line_1_90' title="bbox 1939 4496 3518 4567; baseline 0.001 -15"><span class='ocrx_word' id='word_1_640' title='bbox 1939 4499 2261 4567; x_wconf 87' lang='lat' dir='ltr'><strong>eloquentia.</strong></span> <span class='ocrx_word' id='word_1_641' title='bbox 2297 4496 2387 4549; x_wconf 89' lang='lat' dir='ltr'><strong>Illa</strong></span> <span class='ocrx_word' id='word_1_642' title='bbox 2417 4496 2639 4564; x_wconf 89' lang='lat' dir='ltr'><strong>quidem</strong></span> <span class='ocrx_word' id='word_1_643' title='bbox 2682 4498 2952 4566; x_wconf 87' lang='lat' dir='ltr'><strong>imperans</strong></span> <span class='ocrx_word' id='word_1_644' title='bbox 2978 4508 3035 4553; x_wconf 90' lang='lat' dir='ltr'><strong>et</strong></span> <span class='ocrx_word' id='word_1_645' title='bbox 3082 4499 3368 4552; x_wconf 89' lang='lat' dir='ltr'><strong>dominans</strong></span> <span class='ocrx_word' id='word_1_646' title='bbox 3395 4498 3518 4553; x_wconf 84' lang='lat' dir='ltr'><strong>elo-</strong></span> 
     </span>
    </p>
   </div>
   <div class='ocr_carea' id='block_1_91' title="bbox 246 4590 1835 4664">
    <p class='ocr_par' dir='ltr' id='par_1_91' title="bbox 246 4590 1835 4664">
     <span class='ocr_line' id='line_1_91' title="bbox 246 4590 1835 4664; baseline 0.003 -22"><span class='ocrx_word' id='word_1_647' title='bbox 246 4590 627 4643; x_wconf 82' lang='grc' dir='ltr'><strong>ἐπιστατοῦσα</strong></span> <span class='ocrx_word' id='word_1_648' title='bbox 675 4591 755 4658; x_wconf 85' lang='grc' dir='ltr'><strong>τῷ</strong></span> <span class='ocrx_word' id='word_1_649' title='bbox 792 4591 957 4660; x_wconf 85' lang='grc' dir='ltr'><strong>λόγῳ,</strong></span> <span class='ocrx_word' id='word_1_650' title='bbox 988 4594 1016 4644; x_wconf 87' lang='grc' dir='ltr'><strong>ό</strong></span> <span class='ocrx_word' id='word_1_651' title='bbox 1065 4593 1143 4657; x_wconf 78' lang='grc' dir='ltr'><strong>δὲ,</strong></span> <span class='ocrx_word' id='word_1_652' title='bbox 1208 4592 1460 4664; x_wconf 86' lang='grc' dir='ltr'><strong>καθάπερ</strong></span> <span class='ocrx_word' id='word_1_653' title='bbox 1518 4612 1604 4657; x_wconf 90' lang='grc' dir='ltr'><strong>τις</strong></span> <span class='ocrx_word' id='word_1_654' title='bbox 1662 4595 1835 4658; x_wconf 80' lang='grc' dir='ltr'><strong>δεξιὸς</strong></span> 
     </span>
    </p>
   </div>
   <div class='ocr_carea' id='block_1_92' title="bbox 246 4680 1835 4753">
    <p class='ocr_par' dir='ltr' id='par_1_92' title="bbox 246 4680 1835 4753">
     <span class='ocr_line' id='line_1_92' title="bbox 246 4680 1835 4753; baseline 0.001 -18"><span class='ocrx_word' id='word_1_655' title='bbox 246 4680 470 4748; x_wconf 81' lang='grc' dir='ltr'><strong>ἀγαθῆς</strong></span> <span class='ocrx_word' id='word_1_656' title='bbox 524 4680 792 4748; x_wconf 84' lang='grc' dir='ltr'><strong>βασιλίδος</strong></span> <span class='ocrx_word' id='word_1_657' title='bbox 859 4683 1126 4747; x_wconf 86' lang='grc' dir='ltr'><strong>διάκονος,</strong></span> <span class='ocrx_word' id='word_1_658' title='bbox 1175 4683 1245 4735; x_wconf 76' lang='grc' dir='ltr'><strong>τὰ</strong></span> <span class='ocrx_word' id='word_1_659' title='bbox 1292 4684 1506 4753; x_wconf 85' lang='grc' dir='ltr'><strong>ἐκείνης</strong></span> <span class='ocrx_word' id='word_1_660' title='bbox 1566 4684 1835 4737; x_wconf 84' lang='grc' dir='ltr'><strong>ἐπιτελῶν</strong></span> 
     </span>
    </p>
   </div>
   <div class='ocr_carea' id='block_1_93' title="bbox 249 4770 1834 4843">
    <p class='ocr_par' dir='ltr' id='par_1_93' title="bbox 249 4770 1834 4843">
     <span class='ocr_line' id='line_1_93' title="bbox 249 4770 1834 4843; baseline 0.004 -20"><span class='ocrx_word' id='word_1_661' title='bbox 249 4770 460 4839; x_wconf 82' lang='grc' dir='ltr'><strong>σπουδῇ</strong></span> <span class='ocrx_word' id='word_1_662' title='bbox 480 4771 625 4841; x_wconf 79' lang='grc' dir='ltr'><strong>πάσῃ</strong></span> <span class='ocrx_word' id='word_1_663' title='bbox 659 4773 739 4832; x_wconf 90' lang='grc' dir='ltr'><strong>είς</strong></span> <span class='ocrx_word' id='word_1_664' title='bbox 769 4771 929 4841; x_wconf 73' lang='grc' dir='ltr'><strong>ἔργον</strong></span> <span class='ocrx_word' id='word_1_665' title='bbox 954 4790 1013 4824; x_wconf 90' lang='grc' dir='ltr'><strong>τε</strong></span> <span class='ocrx_word' id='word_1_666' title='bbox 1041 4774 1190 4839; x_wconf 82' lang='grc' dir='ltr'><strong>ἄγων</strong></span> <span class='ocrx_word' id='word_1_667' title='bbox 1219 4774 1646 4843; x_wconf 87' lang='grc' dir='ltr'><strong>προστάγματα.</strong></span> <span class='ocrx_word' id='word_1_668' title='bbox 1676 4774 1834 4829; x_wconf 85' lang='grc' dir='ltr'><strong>Ἐστι</strong></span> 
     </span>
    </p>
   </div>
   <div class='ocr_carea' id='block_1_94' title="bbox 249 4845 1834 4936">
    <p class='ocr_par' dir='ltr' id='par_1_94' title="bbox 249 4845 1834 4936">
     <span class='ocr_line' id='line_1_94' title="bbox 249 4845 1834 4936; baseline 0.003 -24"><span class='ocrx_word' id='word_1_669' title='bbox 249 4861 351 4914; x_wconf 74' lang='grc' dir='ltr'><strong>καὶ</strong></span> <span class='ocrx_word' id='word_1_670' title='bbox 375 4860 532 4921; x_wconf 87' lang='grc' dir='ltr'><strong>άλλος</strong></span> <span class='ocrx_word' id='word_1_671' title='bbox 562 4861 774 4928; x_wconf 87' lang='grc' dir='ltr'><strong>ἀρετῶν</strong></span> <span class='ocrx_word' id='word_1_672' title='bbox 810 4845 1002 4931; x_wconf 79' lang='grc' dir='ltr'><strong>μῦρίος</strong></span> <span class='ocrx_word' id='word_1_673' title='bbox 1028 4863 1205 4932; x_wconf 86' lang='grc' dir='ltr'><strong>χορὸς,</strong></span> <span class='ocrx_word' id='word_1_674' title='bbox 1238 4864 1299 4915; x_wconf 80' lang='grc' dir='ltr'><strong>ὃν</strong></span> <span class='ocrx_word' id='word_1_675' title='bbox 1332 4863 1548 4916; x_wconf 77' lang='grc' dir='ltr'><strong>ἅπαντα</strong></span> <span class='ocrx_word' id='word_1_676' title='bbox 1579 4865 1834 4936; x_wconf 85' lang='grc' dir='ltr'><strong>εὑρήσεις</strong></span> 
     </span>
    </p>
   </div>
   <div class='ocr_carea' id='block_1_95' title="bbox 250 4952 1836 5022">
    <p class='ocr_par' dir='ltr' id='par_1_95' title="bbox 250 4952 1836 5022">
     <span class='ocr_line' id='line_1_95' title="bbox 250 4952 1836 5022; baseline 0.003 -19"><span class='ocrx_word' id='word_1_677' title='bbox 250 4952 391 5004; x_wconf 79' lang='grc' dir='ltr'><strong>εῐσω</strong></span> <span class='ocrx_word' id='word_1_678' title='bbox 456 4952 705 5012; x_wconf 84' lang='grc' dir='ltr'><strong>παιδείας</strong></span> <span class='ocrx_word' id='word_1_679' title='bbox 766 4952 1085 5022; x_wconf 86' lang='grc' dir='ltr'><strong>ἀνακτόρων</strong></span> <span class='ocrx_word' id='word_1_680' title='bbox 1137 4954 1447 5021; x_wconf 85' lang='grc' dir='ltr'><strong>γενόμενος.</strong></span> <span class='ocrx_word' id='word_1_681' title='bbox 1504 4955 1722 5017; x_wconf 87' lang='grc' dir='ltr'><strong>Ταύτας</strong></span> <span class='ocrx_word' id='word_1_682' title='bbox 1779 4956 1836 5009; x_wconf 80' lang='grc' dir='ltr'><strong>δέ</strong></span> 
     </span>
    </p>
   </div>
   <div class='ocr_carea' id='block_1_96' title="bbox 248 5041 1837 5117">
    <p class='ocr_par' dir='ltr' id='par_1_96' title="bbox 248 5041 1837 5117">
     <span class='ocr_line' id='line_1_96' title="bbox 248 5041 1837 5117; baseline 0.003 -22"><span class='ocrx_word' id='word_1_683' title='bbox 248 5041 443 5106; x_wconf 82' lang='grc' dir='ltr'><strong>ὥσπερ</strong></span> <span class='ocrx_word' id='word_1_684' title='bbox 475 5042 726 5111; x_wconf 77' lang='grc' dir='ltr'><strong>τιθηνοὺς</strong></span> <span class='ocrx_word' id='word_1_685' title='bbox 756 5044 851 5095; x_wconf 83' lang='grc' dir='ltr'><strong>καὶ</strong></span> <span class='ocrx_word' id='word_1_686' title='bbox 881 5043 1126 5112; x_wconf 79' lang='grc' dir='ltr'><strong>μητέρας</strong></span> <span class='ocrx_word' id='word_1_687' title='bbox 1156 5044 1378 5097; x_wconf 82' lang='grc' dir='ltr'><strong>ἐκείνων</strong></span> <span class='ocrx_word' id='word_1_688' title='bbox 1410 5043 1538 5116; x_wconf 89' lang='grc'><strong>[606</strong></span> <span class='ocrx_word' id='word_1_689' title='bbox 1568 5045 1663 5117; x_wconf 84' lang='grc' dir='ltr'><strong>Η.]</strong></span> <span class='ocrx_word' id='word_1_690' title='bbox 1707 5063 1837 5114; x_wconf 88' lang='grc' dir='ltr'><strong>προ-</strong></span> 
     </span>
    </p>
   </div>
   <div class='ocr_carea' id='block_1_97' title="bbox 251 5132 1828 5205">
    <p class='ocr_par' dir='ltr' id='par_1_97' title="bbox 251 5132 1828 5205">
     <span class='ocr_line' id='line_1_97' title="bbox 251 5132 1828 5205; baseline 0.004 -21"><span class='ocrx_word' id='word_1_691' title='bbox 251 5132 397 5197; x_wconf 81' lang='grc' dir='ltr'><strong>ξενῶ</strong></span> <span class='ocrx_word' id='word_1_692' title='bbox 425 5133 472 5163; x_wconf 82' lang='grc'><strong><em>⁸⁹</em></strong></span> <span class='ocrx_word' id='word_1_693' title='bbox 506 5132 569 5185; x_wconf 79' lang='grc' dir='ltr'><strong><em>τὲ</em></strong></span> <span class='ocrx_word' id='word_1_694' title='bbox 600 5148 682 5185; x_wconf 89' lang='grc' dir='ltr'><strong>σοι</strong></span> <span class='ocrx_word' id='word_1_695' title='bbox 712 5133 807 5185; x_wconf 79' lang='grc' dir='ltr'><strong>καὶ</strong></span> <span class='ocrx_word' id='word_1_696' title='bbox 836 5133 981 5201; x_wconf 79' lang='grc' dir='ltr'><strong>φημὶ</strong></span> <span class='ocrx_word' id='word_1_697' title='bbox 1018 5133 1082 5203; x_wconf 81' lang='grc' dir='ltr'><strong>δὴ</strong></span> <span class='ocrx_word' id='word_1_698' title='bbox 1126 5134 1193 5187; x_wconf 79' lang='grc' dir='ltr'><strong>δι’</strong></span> <span class='ocrx_word' id='word_1_699' title='bbox 1215 5135 1441 5188; x_wconf 82' lang='grc' dir='ltr'><strong>ἐκείνων</strong></span> <span class='ocrx_word' id='word_1_700' title='bbox 1478 5137 1695 5205; x_wconf 79' lang='grc' dir='ltr'><strong>καὶτῆς</strong></span> <span class='ocrx_word' id='word_1_701' title='bbox 1719 5137 1828 5190; x_wconf 91' lang='grc' dir='ltr'><strong>τῶν</strong></span> 
     </span>
    </p>
   </div>
   <div class='ocr_carea' id='block_1_98' title="bbox 252 5222 1828 5295">
    <p class='ocr_par' dir='ltr' id='par_1_98' title="bbox 252 5222 1828 5295">
     <span class='ocr_line' id='line_1_98' title="bbox 252 5222 1828 5295; baseline 0.003 -19"><span class='ocrx_word' id='word_1_702' title='bbox 252 5222 535 5295; x_wconf 77' lang='grc' dir='ltr'><strong>ἐχομένων</strong></span> <span class='ocrx_word' id='word_1_703' title='bbox 595 5223 771 5294; x_wconf 89' lang='grc' dir='ltr'><strong>θήρας</strong></span> <span class='ocrx_word' id='word_1_704' title='bbox 803 5222 1111 5291; x_wconf 81' lang='grc' dir='ltr'><strong>ἐφίξεσθαι.</strong></span> <span class='ocrx_word' id='word_1_705' title='bbox 1146 5226 1208 5279; x_wconf 75' lang='lat' dir='ltr'><strong>Oi</strong></span> <span class='ocrx_word' id='word_1_706' title='bbox 1230 5225 1288 5278; x_wconf 86' lang='grc' dir='ltr'><strong>δε</strong></span> <span class='ocrx_word' id='word_1_707' title='bbox 1336 5226 1527 5289; x_wconf 86' lang='grc' dir='ltr'><strong>παῖδες</strong></span> <span class='ocrx_word' id='word_1_708' title='bbox 1559 5226 1828 5280; x_wconf 85' lang='grc' dir='ltr'><strong>ἀπολελυ-</strong></span> 
     </span>
    </p>
   </div>
   <div class='ocr_carea' id='block_1_99' title="bbox 1940 4586 3516 4656">
    <p class='ocr_par' dir='ltr' id='par_1_99' title="bbox 1940 4586 3516 4656">
     <span class='ocr_line' id='line_1_99' title="bbox 1940 4586 3516 4656; baseline 0 -16"><span class='ocrx_word' id='word_1_709' title='bbox 1940 4587 2172 4654; x_wconf 65' lang='lat' dir='ltr'><strong>quentiae</strong></span> <span class='ocrx_word' id='word_1_710' title='bbox 2205 4602 2219 4640; x_wconf 88' lang='lat'><strong>:</strong></span> <span class='ocrx_word' id='word_1_711' title='bbox 2258 4587 2369 4638; x_wconf 66' lang='lat' dir='ltr'><strong>haec</strong></span> <span class='ocrx_word' id='word_1_712' title='bbox 2400 4600 2531 4640; x_wconf 88' lang='lat' dir='ltr'><strong>vero</strong></span> <span class='ocrx_word' id='word_1_713' title='bbox 2579 4595 2834 4653; x_wconf 86' lang='lat' dir='ltr'><strong>tanquam</strong></span> <span class='ocrx_word' id='word_1_714' title='bbox 2881 4586 3055 4642; x_wconf 76' lang='lat' dir='ltr'><strong>fidelis</strong></span> <span class='ocrx_word' id='word_1_715' title='bbox 3108 4588 3262 4641; x_wconf 80' lang='lat' dir='ltr'><strong>home</strong></span> <span class='ocrx_word' id='word_1_716' title='bbox 3310 4589 3516 4656; x_wconf 62' lang='lat' dir='ltr'><strong>reginae</strong></span> 
     </span>
    </p>
   </div>
   <div class='ocr_carea' id='block_1_100' title="bbox 1941 4676 3517 4745">
    <p class='ocr_par' dir='ltr' id='par_1_100' title="bbox 1941 4676 3517 4745">
     <span class='ocr_line' id='line_1_100' title="bbox 1941 4676 3517 4745; baseline 0 -17"><span class='ocrx_word' id='word_1_717' title='bbox 1941 4676 2206 4738; x_wconf 86' lang='lat' dir='ltr'><strong>ministra,</strong></span> <span class='ocrx_word' id='word_1_718' title='bbox 2264 4676 2405 4729; x_wconf 88' lang='lat' dir='ltr'><strong>illius</strong></span> <span class='ocrx_word' id='word_1_719' title='bbox 2456 4686 2725 4745; x_wconf 72' lang='lat' dir='ltr'><strong>prmcepta</strong></span> <span class='ocrx_word' id='word_1_720' title='bbox 2767 4677 2913 4730; x_wconf 89' lang='lat' dir='ltr'><strong>omni</strong></span> <span class='ocrx_word' id='word_1_721' title='bbox 2962 4678 3312 4731; x_wconf 86' lang='lat' dir='ltr'><strong>contentione</strong></span> <span class='ocrx_word' id='word_1_722' title='bbox 3354 4678 3517 4745; x_wconf 86' lang='lat' dir='ltr'><strong>perfi-</strong></span> 
     </span>
    </p>
   </div>
   <div class='ocr_carea' id='block_1_101' title="bbox 1939 4763 3512 4835">
    <p class='ocr_par' dir='ltr' id='par_1_101' title="bbox 1939 4763 3512 4835">
     <span class='ocr_line' id='line_1_101' title="bbox 1939 4763 3512 4835; baseline 0.001 -16"><span class='ocrx_word' id='word_1_723' title='bbox 1939 4767 2108 4819; x_wconf 85' lang='lat' dir='ltr'><strong>ciens.</strong></span> <span class='ocrx_word' id='word_1_724' title='bbox 2140 4763 2232 4818; x_wconf 87' lang='lat' dir='ltr'><strong>Est</strong></span> <span class='ocrx_word' id='word_1_725' title='bbox 2251 4773 2306 4819; x_wconf 89' lang='lat' dir='ltr'><strong>et</strong></span> <span class='ocrx_word' id='word_1_726' title='bbox 2323 4765 2597 4832; x_wconf 82' lang='lat' dir='ltr'><strong>multiplex</strong></span> <span class='ocrx_word' id='word_1_727' title='bbox 2623 4766 2882 4820; x_wconf 89' lang='lat' dir='ltr'><strong>virtutum</strong></span> <span class='ocrx_word' id='word_1_728' title='bbox 2908 4767 3129 4832; x_wconf 85' lang='lat' dir='ltr'><strong>chorus,</strong></span> <span class='ocrx_word' id='word_1_729' title='bbox 3153 4782 3313 4835; x_wconf 88' lang='lat' dir='ltr'><strong>quem</strong></span> <span class='ocrx_word' id='word_1_730' title='bbox 3341 4776 3512 4822; x_wconf 89' lang='lat' dir='ltr'><strong>totum</strong></span> 
     </span>
    </p>
   </div>
   <div class='ocr_carea' id='block_1_102' title="bbox 1940 4856 3515 4929">
    <p class='ocr_par' dir='ltr' id='par_1_102' title="bbox 1940 4856 3515 4929">
     <span class='ocr_line' id='line_1_102' title="bbox 1940 4856 3515 4929; baseline 0.003 -20"><span class='ocrx_word' id='word_1_731' title='bbox 1940 4856 2177 4911; x_wconf 86' lang='lat' dir='ltr'><strong>invenies</strong></span> <span class='ocrx_word' id='word_1_732' title='bbox 2210 4856 2266 4910; x_wconf 89' lang='lat' dir='ltr'><strong>in</strong></span> <span class='ocrx_word' id='word_1_733' title='bbox 2300 4857 2702 4925; x_wconf 87' lang='lat' dir='ltr'><strong>disciplinarum</strong></span> <span class='ocrx_word' id='word_1_734' title='bbox 2730 4859 3009 4929; x_wconf 85' lang='lat' dir='ltr'><strong>gymnasio</strong></span> <span class='ocrx_word' id='word_1_735' title='bbox 3046 4875 3291 4922; x_wconf 81' lang='lat' dir='ltr'><strong>versans,</strong></span> <span class='ocrx_word' id='word_1_736' title='bbox 3334 4860 3433 4914; x_wconf 85' lang='lat' dir='ltr'><strong>has</strong></span> <span class='ocrx_word' id='word_1_737' title='bbox 3456 4866 3515 4913; x_wconf 90' lang='lat' dir='ltr'><strong>ut</strong></span> 
     </span>
    </p>
   </div>
   <div class='ocr_carea' id='block_1_103' title="bbox 1944 4948 3516 5006">
    <p class='ocr_par' dir='ltr' id='par_1_103' title="bbox 1944 4948 3516 5006">
     <span class='ocr_line' id='line_1_103' title="bbox 1944 4948 3516 5006; baseline 0.003 -6"><span class='ocrx_word' id='word_1_738' title='bbox 1944 4948 2183 5001; x_wconf 83' lang='lat' dir='ltr'><strong>nutrices</strong></span> <span class='ocrx_word' id='word_1_739' title='bbox 2208 4957 2262 5001; x_wconf 89' lang='lat' dir='ltr'><strong>et</strong></span> <span class='ocrx_word' id='word_1_740' title='bbox 2290 4957 2489 5001; x_wconf 85' lang='lat' dir='ltr'><strong>matres</strong></span> <span class='ocrx_word' id='word_1_741' title='bbox 2518 4963 2705 5002; x_wconf 89' lang='lat' dir='ltr'><strong>earum</strong></span> <span class='ocrx_word' id='word_1_742' title='bbox 2742 4951 2835 5004; x_wconf 85' lang='lat' dir='ltr'><strong>tibi</strong></span> <span class='ocrx_word' id='word_1_743' title='bbox 2861 4952 3237 5006; x_wconf 88' lang='lat' dir='ltr'><strong>conciliantes.</strong></span> <span class='ocrx_word' id='word_1_744' title='bbox 3280 4952 3345 5004; x_wconf 80' lang='lat' dir='ltr'><strong>Et</strong></span> <span class='ocrx_word' id='word_1_745' title='bbox 3382 4965 3516 5005; x_wconf 87' lang='lat' dir='ltr'><strong>sane</strong></span> 
     </span>
    </p>
   </div>
   <div class='ocr_carea' id='block_1_104' title="bbox 1945 5038 3513 5108">
    <p class='ocr_par' dir='ltr' id='par_1_104' title="bbox 1945 5038 3513 5108">
     <span class='ocr_line' id='line_1_104' title="bbox 1945 5038 3513 5108; baseline 0.003 -17"><span class='ocrx_word' id='word_1_746' title='bbox 1945 5039 2063 5091; x_wconf 90' lang='lat' dir='ltr'><strong>dico</strong></span> <span class='ocrx_word' id='word_1_747' title='bbox 2092 5053 2188 5108; x_wconf 88' lang='lat' dir='ltr'><strong>per</strong></span> <span class='ocrx_word' id='word_1_748' title='bbox 2216 5038 2312 5091; x_wconf 87' lang='lat' dir='ltr'><strong>bas</strong></span> <span class='ocrx_word' id='word_1_749' title='bbox 2355 5040 2567 5093; x_wconf 89' lang='lat' dir='ltr'><strong>illarum</strong></span> <span class='ocrx_word' id='word_1_750' title='bbox 2618 5041 2929 5096; x_wconf 88' lang='lat' dir='ltr'><strong>fruitionem</strong></span> <span class='ocrx_word' id='word_1_751' title='bbox 2975 5043 3349 5096; x_wconf 81' lang='lat' dir='ltr'><strong>adventuram.</strong></span> <span class='ocrx_word' id='word_1_752' title='bbox 3388 5041 3513 5095; x_wconf 85' lang='lat' dir='ltr'><strong>Filii</strong></span> 
     </span>
    </p>
   </div>
   <div class='ocr_carea' id='block_1_105' title="bbox 1945 5135 3514 5207">
    <p class='ocr_par' dir='ltr' id='par_1_105' title="bbox 1945 5135 3514 5207">
     <span class='ocr_line' id='line_1_105' title="bbox 1945 5135 3514 5207; baseline 0 -21"><span class='ocrx_word' id='word_1_753' title='bbox 1945 5150 2071 5189; x_wconf 87' lang='lat' dir='ltr'><strong>vero</strong></span> <span class='ocrx_word' id='word_1_754' title='bbox 2102 5152 2135 5189; x_wconf 88' lang='lat' dir='ltr'><strong>a</strong></span> <span class='ocrx_word' id='word_1_755' title='bbox 2163 5138 2590 5207; x_wconf 68' lang='lat' dir='ltr'><strong>prmeeptoribus</strong></span> <span class='ocrx_word' id='word_1_756' title='bbox 2624 5137 2880 5203; x_wconf 89' lang='lat' dir='ltr'><strong>abdicati,</strong></span> <span class='ocrx_word' id='word_1_757' title='bbox 2918 5136 2971 5190; x_wconf 93' lang='lat' dir='ltr'><strong>in</strong></span> <span class='ocrx_word' id='word_1_758' title='bbox 3002 5137 3190 5191; x_wconf 88' lang='lat' dir='ltr'><strong>urbem</strong></span> <span class='ocrx_word' id='word_1_759' title='bbox 3227 5136 3372 5188; x_wconf 82' lang='lat' dir='ltr'><strong>illaut</strong></span> <span class='ocrx_word' id='word_1_760' title='bbox 3413 5135 3514 5187; x_wconf 82' lang='lat' dir='ltr'><strong>du-</strong></span> 
     </span>
    </p>
   </div>
   <div class='ocr_carea' id='block_1_106' title="bbox 1944 5228 3513 5302">
    <p class='ocr_par' dir='ltr' id='par_1_106' title="bbox 1944 5228 3513 5302">
     <span class='ocr_line' id='line_1_106' title="bbox 1944 5228 3513 5302; baseline -0.002 -21"><span class='ocrx_word' id='word_1_761' title='bbox 1944 5230 2223 5283; x_wconf 90' lang='lat' dir='ltr'><strong>cebantur.</strong></span> <span class='ocrx_word' id='word_1_762' title='bbox 2256 5229 2425 5286; x_wconf 74' lang='lat' dir='ltr'><strong>Midas</strong></span> <span class='ocrx_word' id='word_1_763' title='bbox 2465 5229 2648 5300; x_wconf 81' lang='lat' dir='ltr'><strong>Phryx</strong></span> <span class='ocrx_word' id='word_1_764' title='bbox 2685 5228 2796 5302; x_wconf 87' lang='lat'><strong>(50)</strong></span> <span class='ocrx_word' id='word_1_765' title='bbox 2823 5230 3048 5298; x_wconf 87' lang='lat' dir='ltr'><strong>cupiens</strong></span> <span class='ocrx_word' id='word_1_766' title='bbox 3072 5228 3325 5301; x_wconf 84' lang='lat' dir='ltr'><strong>Satyrum</strong></span> <span class='ocrx_word' id='word_1_767' title='bbox 3359 5240 3513 5281; x_wconf 87' lang='lat' dir='ltr'><strong>com-</strong></span> 
     </span>
    </p>
   </div>
   <div class='ocr_carea' id='block_1_107' title="bbox 1534 5361 2226 5421">
    <p class='ocr_par' dir='ltr' id='par_1_107' title="bbox 1534 5361 2226 5421">
     <span class='ocr_line' id='line_1_107' title="bbox 1534 5361 2226 5421; baseline 0.009 -6"><span class='ocrx_word' id='word_1_768' title='bbox 1534 5361 1767 5416; x_wconf 70' lang='grc' dir='ltr'><strong>νΑῐὶΙᾸῧ</strong></span> <span class='ocrx_word' id='word_1_769' title='bbox 1826 5362 2226 5421; x_wconf 83' lang='lat' dir='ltr'><strong>LECTIONES.</strong></span> 
     </span>
    </p>
   </div>
   <div class='ocr_carea' id='block_1_108' title="bbox 324 5442 924 5518">
    <p class='ocr_par' dir='ltr' id='par_1_108' title="bbox 324 5442 924 5518">
     <span class='ocr_line' id='line_1_108' title="bbox 324 5442 924 5518; baseline 0.007 -16"><span class='ocrx_word' id='word_1_770' title='bbox 324 5449 376 5483; x_wconf 65' lang='grc' dir='ltr'><strong>ι’</strong></span> <span class='ocrx_word' id='word_1_771' title='bbox 409 5444 521 5518; x_wconf 72' lang='grc' dir='ltr'><strong>εἶχε</strong></span> <span class='ocrx_word' id='word_1_772' title='bbox 544 5448 629 5504; x_wconf 81' lang='lat' dir='ltr'><strong>AC</strong></span> <span class='ocrx_word' id='word_1_773' title='bbox 668 5465 681 5502; x_wconf 91' lang='lat'><strong>:</strong></span> <span class='ocrx_word' id='word_1_774' title='bbox 714 5442 822 5503; x_wconf 69' lang='grc' dir='ltr'><strong>εἷλε</strong></span> <span class='ocrx_word' id='word_1_775' title='bbox 864 5468 924 5514; x_wconf 81' lang='grc' dir='ltr'><strong>ς.</strong></span> 
     </span>
    </p>
   </div>
   <div class='ocr_carea' id='block_1_109' title="bbox 254 5522 769 5589">
    <p class='ocr_par' dir='ltr' id='par_1_109' title="bbox 254 5522 769 5589">
     <span class='ocr_line' id='line_1_109' title="bbox 254 5522 769 5589; baseline 0 -15"><span class='ocrx_word' id='word_1_776' title='bbox 254 5522 299 5553; x_wconf 80' lang='grc'><strong>⁸⁷</strong></span> <span class='ocrx_word' id='word_1_777' title='bbox 330 5522 495 5589; x_wconf 75' lang='grc' dir='ltr'><strong>κατὰ]</strong></span> <span class='ocrx_word' id='word_1_778' title='bbox 554 5523 645 5572; x_wconf 68' lang='grc' dir='ltr'><strong>καὶ</strong></span> <span class='ocrx_word' id='word_1_779' title='bbox 704 5524 769 5574; x_wconf 81' lang='grc' dir='ltr'><strong>Α.</strong></span> 
     </span>
    </p>
   </div>
   <div class='ocr_carea' id='block_1_110' title="bbox 255 5589 748 5663">
    <p class='ocr_par' dir='ltr' id='par_1_110' title="bbox 255 5589 748 5663">
     <span class='ocr_line' id='line_1_110' title="bbox 255 5589 748 5663; baseline -0.004 -18"><span class='ocrx_word' id='word_1_780' title='bbox 255 5589 649 5663; x_wconf 73' lang='grc' dir='ltr'><strong>προξενοῦντες</strong></span> <span class='ocrx_word' id='word_1_781' title='bbox 689 5608 748 5654; x_wconf 84' lang='grc' dir='ltr'><strong>ς.</strong></span> 
     </span>
    </p>
   </div>
   <div class='ocr_carea' id='block_1_111' title="bbox 1026 5452 1907 5507">
    <p class='ocr_par' dir='ltr' id='par_1_111' title="bbox 1026 5452 1907 5507">
     <span class='ocr_line' id='line_1_111' title="bbox 1026 5452 1907 5507; baseline 0 0"><span class='ocrx_word' id='word_1_782' title='bbox 1026 5454 1071 5486; x_wconf 65' lang='grc' dir='ltr'><strong>δ’</strong></span> <span class='ocrx_word' id='word_1_783' title='bbox 1096 5454 1185 5507; x_wconf 77' lang='grc' dir='ltr'><strong>τὸν</strong></span> <span class='ocrx_word' id='word_1_784' title='bbox 1229 5468 1337 5507; x_wconf 91' lang='lat' dir='ltr'><strong>om.</strong></span> <span class='ocrx_word' id='word_1_785' title='bbox 1367 5452 1477 5507; x_wconf 81' lang='lat' dir='ltr'><strong>AC.</strong></span> <span class='ocrx_word' id='word_1_786' title='bbox 1554 5454 1603 5486; x_wconf 75' lang='lat'><strong>“</strong></span> <span class='ocrx_word' id='word_1_787' title='bbox 1631 5456 1679 5507; x_wconf 81' lang='lat' dir='ltr'><strong>oi</strong></span> <span class='ocrx_word' id='word_1_788' title='bbox 1709 5467 1817 5505; x_wconf 90' lang='lat' dir='ltr'><strong>om.</strong></span> <span class='ocrx_word' id='word_1_789' title='bbox 1845 5454 1907 5507; x_wconf 73' lang='grc' dir='ltr'><strong>(Σ.</strong></span> 
     </span>
    </p>
   </div>
   <div class='ocr_carea' id='block_1_112' title="bbox 874 5521 2135 5595">
    <p class='ocr_par' dir='ltr' id='par_1_112' title="bbox 874 5521 2135 5595">
     <span class='ocr_line' id='line_1_112' title="bbox 874 5521 2135 5595; baseline 0.006 -21"><span class='ocrx_word' id='word_1_790' title='bbox 874 5521 920 5554; x_wconf 79' lang='grc'><strong>⁸⁸</strong></span> <span class='ocrx_word' id='word_1_791' title='bbox 948 5521 1335 5595; x_wconf 80' lang='grc' dir='ltr'><strong>προπατόρων]</strong></span> <span class='ocrx_word' id='word_1_792' title='bbox 1389 5524 1647 5594; x_wconf 81' lang='grc' dir='ltr'><strong>πρόπλων</strong></span> <span class='ocrx_word' id='word_1_793' title='bbox 1711 5522 2135 5582; x_wconf 82' lang='lat' dir='ltr'><strong>Wernsdortius.</strong></span> 
     </span>
    </p>
   </div>
   <div class='ocr_carea' id='block_1_113' title="bbox 2021 5454 3507 5529">
    <p class='ocr_par' dir='ltr' id='par_1_113' title="bbox 2021 5454 3507 5529">
     <span class='ocr_line' id='line_1_113' title="bbox 2021 5454 3507 5529; baseline 0.016 -22"><span class='ocrx_word' id='word_1_794' title='bbox 2021 5456 2064 5529; x_wconf 57' lang='grc' dir='ltr'><strong>ξ’</strong></span> <span class='ocrx_word' id='word_1_795' title='bbox 2092 5457 2519 5529; x_wconf 67' lang='grc' dir='ltr'><strong>προαγορεύουσι</strong></span> <span class='ocrx_word' id='word_1_796' title='bbox 2552 5455 2614 5510; x_wconf 84' lang='lat' dir='ltr'><strong>C.</strong></span> <span class='ocrx_word' id='word_1_797' title='bbox 2709 5456 2873 5529; x_wconf 52' lang='lat' dir='ltr'><strong>“3mi-</strong></span> <span class='ocrx_word' id='word_1_798' title='bbox 2924 5455 3105 5529; x_wconf 75' lang='grc' dir='ltr'>μέτρῳ</span> <span class='ocrx_word' id='word_1_799' title='bbox 3145 5454 3400 5529; x_wconf 49' lang='grc' dir='ltr'><strong>μὲτρρδῗι</strong></span> <span class='ocrx_word' id='word_1_800' title='bbox 3426 5471 3507 5529; x_wconf 66' lang='grc' dir='ltr'><em>,ς’</em></span> 
     </span>
    </p>
   </div>
   <div class='ocr_carea' id='block_1_114' title="bbox 2259 5522 3508 5597">
    <p class='ocr_par' dir='ltr' id='par_1_114' title="bbox 2259 5522 3508 5597">
     <span class='ocr_line' id='line_1_114' title="bbox 2259 5522 3508 5597; baseline -0.002 -16"><span class='ocrx_word' id='word_1_801' title='bbox 2259 5522 2390 5581; x_wconf 58' lang='lat' dir='ltr'><strong>“sx</strong></span> <span class='ocrx_word' id='word_1_802' title='bbox 2418 5527 2503 5582; x_wconf 77' lang='lat' dir='ltr'><strong>AC</strong></span> <span class='ocrx_word' id='word_1_803' title='bbox 2532 5546 2545 5581; x_wconf 88' lang='lat'><strong>:</strong></span> <span class='ocrx_word' id='word_1_804' title='bbox 2574 5530 2637 5581; x_wconf 86' lang='grc' dir='ltr'><strong>ἐκ</strong></span> <span class='ocrx_word' id='word_1_805' title='bbox 2697 5526 2791 5580; x_wconf 85' lang='grc' dir='ltr'><strong>τοῦ</strong></span> <span class='ocrx_word' id='word_1_806' title='bbox 2843 5544 2901 5593; x_wconf 82' lang='grc' dir='ltr'><strong>ς.</strong></span> <span class='ocrx_word' id='word_1_807' title='bbox 2926 5522 2936 5525; x_wconf 69' lang='grc'><em>’</em></span> <span class='ocrx_word' id='word_1_808' title='bbox 2994 5522 3041 5559; x_wconf 75' lang='grc'><strong><em>⁸⁸</em></strong></span> <span class='ocrx_word' id='word_1_809' title='bbox 3070 5522 3312 5597; x_wconf 79' lang='grc' dir='ltr'><strong>προξενῶ</strong></span> <span class='ocrx_word' id='word_1_810' title='bbox 3327 5525 3389 5578; x_wconf 72' lang='grc' dir='ltr'><strong>τέ</strong></span> <span class='ocrx_word' id='word_1_811' title='bbox 3416 5522 3461 5581; x_wconf 86' lang='lat' dir='ltr'><strong>C</strong></span> <span class='ocrx_word' id='word_1_812' title='bbox 3490 5541 3508 5579; x_wconf 88' lang='lat'><strong>:</strong></span> 
     </span>
    </p>
   </div>
   <div class='ocr_carea' id='block_1_115' title="bbox 1771 5685 1998 5741">
    <p class='ocr_par' dir='ltr' id='par_1_115' title="bbox 1771 5685 1998 5741">
     <span class='ocr_line' id='line_1_115' title="bbox 1771 5685 1998 5741; baseline 0.009 -2"><span class='ocrx_word' id='word_1_813' title='bbox 1771 5685 1998 5741; x_wconf 70' lang='lat' dir='ltr'><strong>NOTA&#39;J.</strong></span> 
     </span>
    </p>
   </div>
   <div class='ocr_carea' id='block_1_116' title="bbox 335 5770 1759 5851">
    <p class='ocr_par' dir='ltr' id='par_1_116' title="bbox 335 5770 1759 5851">
     <span class='ocr_line' id='line_1_116' title="bbox 335 5770 1759 5851; baseline 0.001 -19"><span class='ocrx_word' id='word_1_814' title='bbox 335 5770 451 5849; x_wconf 73' lang='lat'><strong>(50)</strong></span> <span class='ocrx_word' id='word_1_815' title='bbox 493 5778 664 5835; x_wconf 74' lang='lat' dir='ltr'><strong>Midas</strong></span> <span class='ocrx_word' id='word_1_816' title='bbox 694 5779 893 5849; x_wconf 80' lang='lat' dir='ltr'><strong>Phryx,</strong></span> <span class='ocrx_word' id='word_1_817' title='bbox 923 5780 985 5834; x_wconf 88' lang='lat' dir='ltr'><strong>de</strong></span> <span class='ocrx_word' id='word_1_818' title='bbox 1008 5795 1113 5848; x_wconf 80' lang='lat' dir='ltr'><strong>quo</strong></span> <span class='ocrx_word' id='word_1_819' title='bbox 1144 5779 1281 5835; x_wconf 75' lang='lat' dir='ltr'><strong>Max.</strong></span> <span class='ocrx_word' id='word_1_820' title='bbox 1321 5778 1447 5851; x_wconf 80' lang='lat' dir='ltr'><strong>Tyr.</strong></span> <span class='ocrx_word' id='word_1_821' title='bbox 1482 5797 1640 5837; x_wconf 81' lang='lat' dir='ltr'><strong>scrm.</strong></span> <span class='ocrx_word' id='word_1_822' title='bbox 1670 5781 1759 5835; x_wconf 83' lang='grc'><strong>50.</strong></span> 
     </span>
    </p>
   </div>
  </div>
