4206 6436
706 382 837 447 1367
1862 382 2127 444 PHOTII
2165 384 2305 445 PAT

2413 384 2669 444 ARCHIE
2698 387 2806 445 (ΣΡ.
3831 382 3980 447 1368

704 494 1058 562 prehendere,
1101 491 1228 546 vino
1259 506 1455 561 aquam
1491 491 1705 558 miscet,
1752 503 1809 550 et
1844 511 2037 551 somno
2068 505 2288 565 captum

2413 495 2545 548 ιένοι
2574 493 2909 549 διδασκάλων
2936 493 3035 564 τὴν
3077 492 3233 547 πόλιν
3268 494 3313 526 ⁸⁸
3346 493 3559 563 ἐκείνην
3584 491 3859 561 ιπεμπον.
3910 494 3977 545 ⁸0

702 596 759 641 et
780 598 995 655 soporo,
1024 582 1280 660 Satyrum
1312 592 1635 639 venatorum
1668 599 1822 642 more
1848 588 2282 657 comprehendit.

2413 588 2443 639 ιὲ
2466 586 2653 656 Φρὺξό
2676 585 2852 649 Μίδας
2892 586 3034 640 ἑλεῖν
3088 584 3316 654 Θελήσας
3345 586 3391 617 ⁸⁸
3417 586 3509 637 τὸν
3561 585 3805 654 Σάτυρον
3833 586 3973 653 οῐνῳ

2389 679 2699 748 φαρμάττει
2722 676 2792 729 τά
2820 678 3058 745 νάματα,
3082 678 3176 728 καὶ
3199 676 3367 746 δήσας
3397 675 3553 746 ὕπνῳ
3614 678 3711 729 καὶ
3746 675 3973 746 κώματι

2390 766 2564 835 θήραν
2593 768 2829 818 ἐποιεῖτο
2871 766 2965 818 τὸν
2989 766 3251 833 Σάτυρον.

2403 859 2506 912 Ἐκ
2539 858 2646 911 τοῦ
2663 857 2761 909 ἐπὶ
2801 854 2877 923 τῇ
2902 856 3054 909 κατὰ
3098 856 3212 922 τὴν
3239 856 3554 923 διατριϐὴν
3611 857 3831 911 στάσει
3860 861 3975 911 αὑ-

1105 932 1472 985 concitautem.
1493 958 1557 971 --ν
1580 927 1924 989 Εεονάὶυηιζ
2012 927 2022 932 ’

2741 927 3083 993 τοσχεδίου.
3102 956 3172 965 -
3191 927 3260 979 Τὸ
3278 928 3612 994 Προοίμιον.

778 1027 862 1081 An
892 1026 1108 1095 aliquod
1142 1025 1194 1076 in
1221 1022 1428 1078 nostris
1454 1023 1815 1086 orationibus,
1840 1023 2025 1090 amici,
2048 1028 2288 1081 medica-

2466 1016 2615 1086 Ἀρά
2636 1034 2690 1071 τι
2713 1020 2805 1071 καὶ
2844 1019 2902 1071 ὲν
2928 1020 3043 1081 τοῖς
3072 1018 3360 1088 ἡμετέροις
3385 1018 3565 1084 λόγοις
3593 1018 3769 1077 ἔστὶν.
3801 1012 3849 1070 ὦ
3882 1019 3979 1085 φε-

713 1126 951 1171 mentunt
982 1123 1065 1169 est
1085 1114 1151 1168 ad
1183 1113 1509 1168 discordiam
1534 1113 1828 1167 sedandam
1852 1117 2217 1171 conveniens?
2238 1129 2292 1172 et

2413 1128 2496 1173 ιοι,
2541 1111 2832 1179 φάρμακον
2877 1110 2995 1181 ἔριν
3047 1110 3295 1177 κοιμίσαι
3366 1108 3707 1178 δυνάμενονς
3767 1110 3868 1162 καὶ
3922 1109 3975 1159 τί

712 1208 842 1274 quid
879 1214 1060 1260 nostra
1091 1220 1182 1259 ars
1215 1215 1419 1258 tantum
1454 1203 1798 1260 efﬂorescere
1820 1206 1989 1276 cupit,
2030 1218 2290 1277 quantum

2413 1203 2647 1257 Ξούλεται
2668 1204 2910 1256 τοιοῦτον
2930 1203 2975 1235 ⁵³
3005 1202 3098 1255 καὶ
3135 1204 3168 1271 ἡ
3202 1201 3333 1270 παρ’
3352 1201 3661 1271 ὴμίντέχνη
3696 1201 3981 1254 νεανιεύε-

712 1300 981 1354 Homerus
1009 1300 1074 1352 de
1100 1306 1313 1351 cratere
1340 1295 1575 1359 Helenae,
1625 1312 1784 1365 quem
1818 1294 1965 1351 Jovis
1996 1299 2172 1367 proles
2195 1301 2291 1354 bo-

2413 1296 2544 1357 rOat,
2573 1296 2755 1348 ὁποῖον
2780 1296 2826 1325 ³⁸
2851 1296 3099 1364 Ὅμηρος
3133 1293 3220 1346 διὰ
3246 1294 3341 1345 τοῦ
3379 1296 3653 1363 κρατῆρος
3683 1293 3782 1346 τοῦ
3809 1295 3912 1362 τῆς
3935 1294 3982 1325 ⁸⁸

715 1386 949 1453 spitibus
988 1385 1321 1455 porrigebat,
1362 1385 1415 1437 in
1462 1383 1715 1456 lacrymis
1752 1383 2297 1458 Menelaiconlingit?

2413 1387 2626 1457 Ἑλένης
2686 1386 3003 1449 αἰνίττεται,
3033 1386 3093 1439 δν
3116 1386 3150 1456 ἡ
3188 1385 3280 1438 τοῦ
3301 1386 3423 1447 Διὸς
3480 1388 3610 1448 παῖς
3655 1388 3773 1448 τοῖς
3807 1385 3983 1450 ξένοις

714 1476 797 1530 vel
828 1476 1040 1529 Helena:
1072 1475 1327 1544 poculum
1358 1488 1467 1527 non
1494 1474 1661 1528 herba
1691 1475 1870 1545 aliqua
1907 1475 2027 1540 fuit,
2062 1492 2172 1530 non
2208 1493 2295 1532 ars

2413 1478 2615 1549 ἵστησιν
2668 1480 2726 1531 ὲν
2773 1478 3051 1532 Μενελάου
3098 1477 3428 1547 δακρύουσιν
3451 1478 3530 1541 ⁵⁶;
3561 1478 3594 1547 ἢ
3628 1482 3725 1529 καὶ
3772 1478 3837 1530 τὸ
3884 1479 3985 1547 τῆς

715 1569 961 1636 quaedam
984 1566 1233 1636 A'ngptia
1256 1565 1481 1619 hilarem
1510 1575 1697 1636 potum
1722 1581 2033 1635 pra-parare
2055 1571 2249 1621 edocta
2278 1586 2291 1622 :

2413 1568 2625 1638 Ἑλένης
2646 1570 2938 1638 φάρμακον
2991 1569 3051 1620 οὺ
3072 1568 3177 1620 πόα
3205 1585 3289 1629 τις
3321 1565 3410 1637 ἦν,
3439 1568 3561 1620 οὐδέ
3588 1585 3672 1630 τις
3705 1569 3985 1635 Αἰγυπτία

716 1661 810 1712 sed
838 1657 1013 1712 dulcis
1052 1659 1268 1724 quidam
1310 1670 1493 1711 sermo
1524 1666 1579 1710 et
1612 1658 1850 1726 sapiens,
1883 1670 2077 1726 potens
2122 1660 2297 1713 instar

2413 1661 2562 1729 τέχνη
2596 1660 2859 1729 νηπενθὲς
2915 1660 3068 1727 πόμα
3117 1658 3479 1723 σκευάζουσα,
3512 1659 3651 1712 ἀλλά
3709 1677 3797 1722 τις
3823 1660 3987 1726 λόγος

717 1749 1099 1804 medicamenti
1137 1749 1478 1803 iracundiam
1510 1750 1567 1803 in
1609 1750 1787 1803 medio
1810 1759 2031 1818 pectore
2056 1758 2295 1805 astuan-

2413 1753 2531 1821 ἡδὺς
2559 1752 2654 1804 καὶ
2685 1752 2982 1818 πάνσοφος,
3012 1752 3308 1819 φαρμάκου
3329 1750 3487 1819 δίκην
3518 1749 3709 1803 σϐέσαι
3751 1742 3989 1818 δυνάμε-

719 1850 827 1896 tem
852 1841 1217 1911 exstinguere.
1250 1841 1304 1895 In
1329 1840 1622 1910 Egyptunt
1644 1841 1824 1909 poesis
1846 1840 2079 1894 fabulam
2103 1842 2295 1906 trahit,

2413 1859 2493 1905 vo;
2528 1841 2700 1911 θυμὸν
2733 1844 2798 1893 ὲκ
2831 1842 3003 1910 μέσης
3056 1840 3282 1909 καρδίας
3313 1838 3502 1902 ζέοντα
3532 1857 3548 1905 ;
3577 1840 3787 1907 ἀπάγει
3816 1840 3879 1892 δὲ
3908 1843 3987 1902 είς

709 860 798 915 Ea:
820 862 1057 915 oratione
1082 868 1486 925 extemporanea
1506 876 1561 913 tn
1583 860 1892 932 seditionem
1913 879 2077 932 prope
2104 864 2286 918 ludum

718 1940 780 1986 ut
809 1949 927 1987 eam
966 1940 1194 1987 matrem
1226 1933 1558 2002 argutiarum
1604 1931 1867 1988 insinuet.
1906 1933 2175 1987 Parumne
2208 1950 2299 1988 rex

719 2023 1014 2088 aliquando
1049 2022 1263 2092 sapuit?
1297 2038 1406 2077 non
1443 2022 1695 2093 permisit
1734 2022 1787 2075 id
1819 2022 2160 2088 Timotheus,
2206 2026 2301 2078 sed

717 2122 881 2169 cantu
920 2115 972 2168 in
1016 2116 1211 2169 ctelum
1255 2130 1427 2182 usque
1459 2114 1599 2182 regis
1632 2114 1873 2167 animum
1915 2114 2162 2169 abduxit.
2195 2116 2302 2169 Int-

724 2205 1074 2261 moderatene
1114 2206 1383 2261 aestuabat
1413 2206 1666 2260 animus?
1696 2223 1932 2274 praesens
1968 2208 2054 2262 ille
2096 2208 2301 2263 elatum

722 2300 965 2353 animum
1021 2297 1294 2367 pulsando
1347 2298 1615 2352 citharam
1675 2296 1953 2350 domabat.
2006 2296 2303 2353 Mmstnsne

722 2390 879 2442 erat?
912 2389 1093 2442 statim
1130 2388 1395 2443 ridentem
1440 2386 1782 2442 ostendebat.
1814 2388 1897 2440 An
1933 2388 2304 2457 voluptatibus

722 2478 1051 2533 tenebatur?
1080 2488 1205 2548 post
1230 2490 1449 2533 cantum
1470 2478 1655 2531 statim
1681 2477 2047 2531 castissimum
2084 2479 2305 2534 videbas

724 2571 1113 2630 Alexandrum,
1147 2576 1225 2634 et,
1254 2577 1313 2621 ut
1342 2568 1525 2622 omnia
1553 2568 1751 2632 dicam,
1778 2569 1937 2621 talem
1962 2569 2152 2623 videre
2179 2584 2303 2624 eum

726 2662 942 2727 licebat,
990 2662 1205 2730 qualem
1251 2660 1350 2714 tibi
1402 2676 1527 2714 eum
1580 2659 1901 2715 Timotheus
1954 2661 2302 2716 reddidisset.

727 2753 935 2821 Mitigat
961 2768 1095 2807 aura
1130 2752 1328 2809 ﬂuctus
1358 2754 1472 2821 ipse
1498 2751 1802 2823 Zephyrus.
1830 2752 2027 2807 Orator
2071 2754 2303 2819 Atticus,

727 2856 783 2898 et
831 2845 1007 2897 oratio
1065 2845 1251 2900 Graeca
1312 2860 1417 2898 non
1467 2846 1618 2898 tollet
1663 2844 1858 2913 372!)
1906 2846 2230 2900 seditionem
2262 2847 2307 2901 si

728 2936 900 2989 solum
939 2936 1249 3004 perorarit?
1279 2937 1415 2990 Cum
1448 2936 1746 3005 Xenophon
1784 2936 2041 2990 militaret
2075 2937 2221 3007 (nam
2254 2948 2309 2992 et

729 3034 851 3093 post
880 3025 1120 3081 Socratis
1152 3027 1497 3096 disciplinam
1521 3029 1684 3082 etiam
1720 3028 1928 3082 hastam
1963 3028 2131 3095 tulit);
2156 3029 2312 3098 inge-

2402 1932 2678 2000 Λῐγυπτον
2707 1931 2799 1983 τὸν
2830 1930 2997 2000 μῦθον
3028 1932 3061 1999 ἡ
3093 1930 3336 1996 ποίησις,
3365 1929 3454 1981 ἵνα
3492 1930 3590 1999 τὴν
3633 1931 3852 2000 μητέρα
3877 1930 3990 1983 τῶν

2404 2023 2583 2090 σοφῶν
2610 2023 2781 2089 λόγων
2808 2022 3100 2091 αίνίξηται.
3144 2021 3394 2089 Ἐφρόνει
3435 2021 3570 2073 ποτὲ
3610 2020 3869 2089 βασιλεὺς
3902 2039 3991 2087 μι-

2404 2115 2663 2185 κρότερον
2698 2131 2713 2179 ;
2740 2116 2839 2167 οὐκ
2868 2116 2953 2166 εἶα
2973 2114 3131 2166 τοῦτο
3165 2113 3455 2182 Τιμόθεος,
3490 2112 3625 2165 ἀλλὰ
3658 2114 3757 2164 καὶ
3780 2115 3865 2174 είς
3895 2113 3991 2164 ού-

2409 2208 2568 2277 ρανὸν
2601 2207 2761 2259 αὑτὸν
2791 2207 2960 2275 ἀνῆγε
2982 2207 3025 2236 ⁸⁷
3054 2205 3153 2275 τὴν
3187 2204 3414 2273 γνώμην
3437 2205 3532 2256 τοῦ
3566 2204 3840 2273 βασιλέως
3869 2208 3989 2266 τοῖς

2409 2299 2619 2368 μέλεσι.
2650 2298 2833 2365 Θυμὸς
2876 2297 3060 2361 ὲπέζει
3112 2296 3206 2348 τοῦ
3264 2296 3483 2365 μετρίου
3536 2296 3739 2361 πλέονς
3785 2296 3993 2367 ἀφῄρει

2407 2390 2600 2458 παρὼν
2625 2390 2672 2420 ⁸⁸
2721 2390 2930 2450 ἐκεῖνος
2976 2388 3037 2439 τὸ
3097 2387 3395 2450 πλεονάζον
3445 2388 3559 2449 τοις
3621 2386 3990 2456 κρούσμασιν.

2411 2480 2654 2550 Ἀθυμος
2683 2475 2751 2550 ἦν
2789 2496 2804 2544 ;
2860 2478 3148 2547 μειδιῶντα
3181 2479 3342 2540 εὐθὺς
3377 2478 3424 2509 ⁸⁸
3464 2478 3700 2531 ἐδείκνυ.
3737 2478 3992 2539 Ἦδοναῖς

2408 2571 2641 2647 ένεδίδου
2664 2588 2679 2637 ;
2708 2565 2849 2632 εἶδες
2876 2569 2943 2622 ἂν
2971 2569 3134 2631 εὐθὺς
3188 2569 3390 2638 σεμνὸν
3424 2569 3566 2637 μετὰ
3592 2570 3694 2637 τὴν
3718 2570 3992 2637 μουσικὴν

2400 2656 2791 2733 »Ἁλέξανδροκη
2819 2662 2929 2714 Καὶ
2959 2661 3019 2713 τὸ
3042 2661 3269 2729 σύμπαν
3307 2661 3507 2723 είπεῖν,
3557 2660 3803 2712 τοιοῦτον
3860 2660 3995 2729 ἐξῆν

2407 2755 2542 2824 όρᾷν
2577 2757 2800 2818 ἐκεῖνον,
2829 2756 3010 2807 ὁποῖον
3027 2752 3190 2805 αὑτὸν
3221 2752 3395 2805 ἐποίει
3419 2753 3506 2805 διὰ
3531 2752 3642 2806 τῶν
3659 2752 3996 2822 αὐλημάτων

2411 2848 2698 2916 Τιμόθεος.
2744 2846 2981 2914 Πραΰνει
3006 2846 3250 2913 Ζέφυρος
3277 2847 3398 2907 ταῖς
3428 2844 3624 2915 αὔραις
3648 2846 3720 2897 τά
3741 2845 3990 2914 κύματα·

2425 2940 2667 3001 ’Λττικδς
2687 2939 2743 2991 δὲ
2763 2940 2947 3007 ῥήτωρ
2973 2939 3064 2989 καὶ
3088 2938 3244 3004 λόγος
3272 2936 3475 3005 Ἕλλην
3506 2938 3565 2989 οὐ
3595 2936 3749 2990 λύσει
3780 2938 3994 2999 στάσιν,

2410 3033 2458 3083 εἰ
2491 3030 2653 3100 μόνον
2677 3028 3001 3097 φθέγξαιτο;
3032 3030 3100 3083 '0
3129 3046 3188 3081 τε
3214 3028 3465 3097 Ξενοφῶν
3485 3030 3863 3101 ἐστρατεύετο⁵
3903 3030 3998 3082 καὶ

732 3116 880 3169 nium
906 3117 1104 3186 quippe
1150 3117 1500 3172 commodum
1550 3127 1605 3172 et
1661 3132 1982 3186 congruum.
2034 3119 2307 3175 Delicatus

2413 3124 2519 3189 γὰρ
2531 3121 2623 3172 καὶ
2644 3120 2770 3189 δόρυ
2792 3119 2930 3188 μετὰ
2946 3119 3241 3188 Σωκράτην
3257 3119 3508 3187 Ξενοφῶν
3527 3120 3779 3189 ἠνεγκεν.
3797 3119 3873 3170 Τὸ
3888 3119 3999 3188 γὰρ

730 3206 835 3263 fuit
863 3209 1173 3265 Alcibiades
1194 3225 1316 3263 cum
1348 3208 1577 3265 Athenis
1606 3209 1901 3271 habitaret,
1932 3211 2152 3267 sobrius
2182 3228 2305 3267 cum

732 3297 1137 3355 Laczedetnoite.
1198 3298 1395 3355 Persas
1458 3310 1683 3372 propter
1738 3303 1959 3357 delicias
2017 3305 2167 3358 solus
2224 3320 2311 3359 re-

731 3392 1038 3461 prehendit.
1067 3392 1123 3446 Si
1157 3408 1285 3448 vero
1316 3393 1607 3461 aliquando
1630 3409 1852 3449 necesse
1876 3405 2022 3448 esset
2048 3410 2168 3448 eum
2192 3412 2316 3464 ope-

732 3499 848 3535 ram
875 3484 1007 3537 dare
1048 3482 1391 3553 eloquentiae,
1420 3492 1475 3539 et
1506 3484 1562 3538 in
1610 3484 2003 3554 pbiIOSOplticis
2044 3486 2312 3553 exerceri,

733 3586 908 3629 totum
938 3572 1176 3644 Lyceum
1210 3582 1266 3629 et
1308 3574 1658 3629 Academiam
1713 3576 2069 3632 commeabat.
2098 3577 2315 3633 Texen~

734 3675 819 3719 tes
852 3663 995 3719 hanc
1026 3667 1092 3719 de
1121 3664 1230 3720 illis
1261 3664 1571 3721 historiam.

736 3847 822 3901 Ea:
855 3851 1094 3903 oratione
1125 3851 1180 3904 in
1214 3850 1493 3903 adventum
1533 3850 1863 3919 Cypriorum.
1897 3880 1968 3891 —-
1995 3849 2309 3906 Exordium.

806 4000 987 4058 Poetae
1010 4003 1203 4059 Veneri
1237 4003 1348 4057 deae
1372 4003 1635 4073 Cyprum,
1671 4011 1730 4056 ut
1763 4002 1925 4056 Delon
1954 4003 2184 4070 Apollini
2228 4021 2315 4060 as-

735 4094 972 4162 signant.
1008 4093 1219 4165 Cyprus
1263 4097 1406 4149 enim
1456 4095 1584 4148 urbs
1638 4104 1828 4159 vasta;
1874 4096 2020 4148 cives
2064 4107 2318 4151 accurate

734 4182 922 4242 Greco
955 4188 1269 4257 loquuntur.
1317 4186 1462 4241 Mare
1500 4184 1763 4240 Venerem
1809 4202 1839 4241 e
1888 4186 2038 4242 Caelo
2092 4190 2315 4257 peperit.

736 4277 933 4331 Partus
963 4293 1091 4333 vero
1112 4278 1232 4341 bos,
1264 4277 1451 4346 quales
1473 4277 1763 4346 aliquando
1796 4292 1942 4344 sunt,
1970 4294 2126 4334 sacra
2151 4280 2316 4335 verba

734 4380 961 4438 tangere
1000 4369 1211 4438 jnbcnt.
1265 4368 1415 4440 Opus
1445 4370 1590 4425 enim
1638 4380 1761 4424 erat
1798 4369 2065 4425 Venerem
2098 4375 2313 4427 demunt

2417 3211 2617 3279 εὐφυὲς
2645 3211 3005 3281 εὐάρμοστον.
3032 3210 3224 3280 Ἀϐρὸς
3252 3206 3320 3279 ἦν
3352 3210 3721 3280 Ἀλκιϐιάδης.
3756 3210 3998 3279 ὁπηνίκα

2418 3304 2548 3371 παρ’
2580 3302 2884 3371 ’Λοηναίοις
2911 3295 3026 3369 εἶχε
3077 3301 3178 3369 τὴν
3205 3300 3436 3354 δίαιταν·
3471 3301 3671 3369 σεμνὸς
3701 3296 3770 3369 ἦν
3803 3303 3863 3352 ὲν
3889 3302 3996 3353 Λα-

2417 3392 2720 3460 κεδαίμονι·
2758 3391 2825 3442 τά
2857 3388 3083 3459 Περσῶν
3116 3390 3175 3451 ἐς
3220 3390 3432 3459 τρυφὴν
3475 3390 3633 3457 μόνος
3677 3388 3994 3458 ἐξήλεγχεν.

2423 3484 2484 3534 Εἰ
2514 3482 2570 3533 δέ
2599 3498 2729 3533 ποτε
2757 3481 2861 3532 ἔδει
2893 3481 2990 3533 καὶ
3018 3480 3212 3548 λόγους
3244 3480 3531 3547 φροντίσαι
3558 3481 3655 3532 καὶ
3683 3481 3754 3531 τά
3780 3480 3999 3548 φιλοσο-

2417 3572 2550 3640 φίας
2568 3572 2976 3641 γυμνάσασθαι,
3008 3572 3240 3625 Λύκειον
3267 3572 3483 3623 ἃπαντα
3517 3572 3613 3622 καὶ
3656 3572 4001 3641 Ἀκαδημίαν

2416 3660 2727 3723 ταῐς·αὑτοῦ
2778 3660 3087 3722 συνουσίαις
3126 3658 3431 3728 είργάζετο.
3465 3658 3530 3710 Οἱ
3560 3658 3867 3727 κάμνοντες
3906 3659 4002 3725 τὴν

2421 3753 2661 3821 ἱστορίαν
2681 3750 2779 3821 τὴν
2802 3752 2946 3821 ἀμφὶ
2959 3751 3205 3814 τούτους.

2420 3844 2583 3916 [1152
2606 3842 2700 3915 R.]
2742 3844 2842 3897 Ἐκ
2871 3842 2978 3896 τοῦ
2993 3845 3088 3916 είς,
3101 3842 3216 3909 τὴν
3230 3840 3349 3916 τῶν
3365 3843 3642 3910 Κυπρίων
3654 3840 4003 3909 ἐπιδημίαν.

2931 3942 3001 3953 -
3026 3913 3097 3967 Τὸ
3125 3914 3466 3981 Προοίμιον.

2492 4006 2604 4077 Τὴν
2631 4008 2859 4076 Κύπρον
2926 4006 2974 4057 οἱ
2998 4006 3219 4075 ποιηταὶ
3250 4004 3389 4056 θεῶν
3431 4004 3725 4075 ’Δφροδέτῃ
3757 4000 4009 4072 χαρίζον-

2420 4117 2533 4163 ται,
2579 4099 2769 4168 ῶσπερ
2820 4098 2917 4165 τὴν
2946 4098 3116 4165 Δῆλον
3158 4096 3474 4149 Ἀπόλλωνα
3511 4098 3577 4148 Ἦ
3608 4096 3718 4165 γάρ
3776 4096 4007 4165 Κύπρος

2423 4191 2579 4252 πόλις
2614 4188 2843 4258 μεγάλη’
2872 4188 3035 4258 δῆμοι
3058 4187 3102 4217 ⁸⁸
3133 4188 3233 4256 τὴν
3250 4186 3495 4255 γλῶτταν
3526 4186 3769 4257 ἀκριϐῶς
3804 4186 4005 4255 Ἐλλη-

2421 4298 2531 4343 νες.
2573 4280 2783 4332 Ὤδινεν
2828 4277 2888 4341 ἐξ
2910 4275 3157 4347 Οὐρανοῦ
3181 4278 3281 4347 τὴν
3328 4276 3649 4345 Ἀφροδίτην
3671 4277 3704 4344 ἡ
3741 4274 4004 4329 θάλαττα·

2421 4373 2521 4435 τὰς
2550 4373 2605 4425 δὲ
2636 4373 2832 4434 ὠδῖνας
2875 4370 2997 4443 [6οἹ
3041 4367 3135 4440 ιι]
3166 4368 3392 4431 ταύτας,
3447 4367 3650 4429 αἵτινές
3683 4369 3819 4419 ποτέ
3880 4371 4007 4431 εἰσι,
4032 4410 4047 4432 ,

737 4462 971 4532 concipi.
1018 4463 1243 4517 Sistitur
1295 4473 1409 4517 tum
1452 4480 1621 4529 mare,
1650 4473 1704 4517 et
1746 4464 1931 4518 statim
1965 4466 2309 4521 serenitatem

2428 4465 2682 4533 μυστικοὶ
2704 4462 2851 4528 λόγοι
2898 4460 3162 4532 κρύπτειν
3214 4457 3514 4512 κελεύουσι.
3575 4458 3687 4511 Καὶ
3739 4457 3851 4509 ἔδει
3900 4458 4010 4528 γάρ

738 4552 963 4616 inducit,
1026 4553 1276 4608 moliibus
1328 4552 1584 4608 ﬂuctibus
1630 4562 1850 4623 prapter
1905 4565 2116 4621 partum
2168 4556 2315 4610 illttnt

733 4644 1037 4697 exsultans.
1072 4643 1285 4713 Vulgari
1309 4645 1503 4698 Veneri
1533 4645 1665 4699 nihil
1688 4661 1810 4700 cum
1835 4646 2041 4701 caelesti
2063 4647 2149 4701 illa
2168 4664 2319 4703 com-

740 4748 905 4788 mune
935 4745 1040 4788 est.
1070 4733 1328 4790 Producit
1367 4737 1453 4790 illa
1490 4737 1754 4806 impuros,
1780 4748 1835 4791 et
1866 4748 2053 4793 natura
2092 4741 2321 4809 impudi-

737 4840 835 4877 cos
868 4840 1082 4879 amores
1115 4844 1130 4879 :
1161 4828 1276 4881 haec
1303 4841 1500 4881 aureos
1528 4828 1691 4882 habet
1723 4829 1881 4892 lilios,
1909 4836 1963 4883 et
1991 4845 2152 4885 aurea
2194 4842 2323 4886 sunt

742 4917 934 4972 horum
980 4920 1102 4975 tela.
1140 4920 1347 4988 Scopus
1382 4934 1561 4973 autem
1596 4935 1783 4975 eorum
1826 4930 1954 4975 sunt
1981 4920 2227 4990 juvenes,
2267 4936 2323 4979 et

741 5007 1076 5066 immortales
1096 5013 1311 5065 animat.

955 5189 1042 5245 Ea:
1061 5195 1298 5247 oratione
1321 5193 1378 5247 ἔκ
1409 5196 1683 5263 quemdam
1724 5194 2107 5264 Cappadocem.

814 5281 930 5337 Non
966 5286 1114 5338 venit
1151 5286 1350 5355 Scytha
1400 5286 1504 5340 telo
1528 5298 1713 5341 vectus
1754 5303 1847 5356 per
1871 5286 2067 5343 Istrum
2103 5291 2185 5345 vel
2214 5290 2322 5346 Ta~

744 5373 891 5440 naiu,
923 5375 1017 5431 sed
1047 5378 1098 5431 in
1132 5379 1439 5433 universam
1471 5388 1670 5435 terram
1707 5389 1762 5435 et
1792 5395 1961 5436 mare.
1994 5381 2318 5451 Eloquentia

2420 4554 2605 4608 λοιπὸν
2627 4551 2963 4620 ὲκκυηοῆναι
2994 4551 3090 4618 τὴν
3134 4548 3389 4618 δαίμονα.
3426 4547 3679 4600 Ἰσταται
3708 4547 3810 4615 μὲν
3844 4548 4009 4609 εὐθὺς

2420 4646 2513 4698 καὶ
2543 4646 2665 4713 άγει
2696 4644 2936 4712 γαλήνην
2968 4644 3001 4711 ἡ
3026 4641 3288 4703 θάλαττα,
3326 4637 3553 4700 ἁπαλοῖς
3602 4636 3817 4706 κύμασι
3879 4638 4009 4707 περὶ

2423 4739 2515 4792 τὸν
2575 4739 2736 4791 τόκον
2765 4737 2807 4768 ⁶²
2867 4734 3246 4805 πορφύρουσα.
3304 4731 3578 4801 Πανδὴμῳ
3633 4730 3676 4782 δ’
3713 4730 4009 4800 ’Δφροδίτῃ

2422 4833 2558 4903 πρὸς
2584 4832 2681 4902 τὴν
2714 4830 2972 4900 οὐρανίαν
2993 4827 3143 4881 οὐδὲν
3181 4826 3382 4881 κοινόν.
3421 4824 3489 4877 'H
3542 4824 3642 4893 μὲν
3692 4822 3806 4892 γάρ
3843 4822 4008 4892 βεϐή-

2423 4926 2546 4986 λους
2576 4924 2669 4977 καὶ
2690 4923 2752 4975 οὐ
2778 4919 3067 4990 καθαροὺς
3080 4918 3177 4987 τὴν
3219 4917 3384 4985 φύσιν
3412 4917 3577 4985 γεννᾷ
3606 4916 3734 4977 τοὺς
3773 4916 4005 4985 ἔρωτας

2422 5019 2490 5085 τῇ
2506 5016 2562 5068 δὲ
2578 5015 2765 5083 χρυσοῖ
2795 5014 2893 5082 μὲν
2920 5010 3168 5072 οίπαῖδες
3192 5010 3236 5040 ⁸³
3277 5008 3455 5079 χρυσᾶ
3474 5008 3610 5060 δὲτὰ
3631 5008 3675 5039 ⁸³
3690 5007 3901 5061 τούτων
3919 5007 4008 5059 καὶ

2431 5110 2580 5179 βέλη,
2595 5108 2787 5161 σκοποὶ
2810 5106 2865 5158 δὲ
2889 5106 3072 5167 αὐτοῖς
3111 5102 3282 5172 ψυχαὶ
3316 5101 3576 5164 νεοτελετς
3592 5101 3689 5154 καὶ
3714 5102 3824 5171 άκή
3835 5118 4002 5170 ρατοι·

2545 5201 2641 5253 Ἐκ
2666 5197 2772 5252 τοῦ
2801 5199 2887 5263 εις
2920 5196 3027 5250 τὸν
3051 5196 3119 5249 ἐκ
3159 5193 3587 5259 Καππαδοκίας
3608 5192 3927 5260 ῥηθέντος.

2480 5291 2763 5360 costam:
2784 5290 2997 5356 Ἴστρον
3016 5288 3179 5343 αὑτὸν
3202 5288 3297 5339 καὶ
3321 5286 3545 5350 Τάναϊν,
3572 5282 3689 5337 ἀλλ’
3712 5284 3808 5335 ἐπὶ
3826 5286 4005 5336 πᾶσαν

2426 5385 2532 5454 γῆν
2556 5386 2651 5437 καὶ
2690 5382 2960 5436 Θάλατταν
2986 5375 3150 5451 ἦλθεν
3180 5380 3209 5431 ό
3250 5376 3464 5445 Σκύθης
3489 5376 3627 5445 ὑπὲρ
3670 5372 3768 5427 τοῦ
3813 5373 3999 5443 βέλους

2027 5536 2257 5593 νΑιιιιΕ
2286 5535 2693 5593 LECTIONES.

813 5648 865 5733 ’ξ
894 5650 1071 5729 πόλιν]
1092 5649 1314 5733 πομπῂν
1340 5650 1780 5733 .Wernsdorlinsf.‘
1849 5650 1895 5683 “
1913 5650 2050 5733 ὲλξξν
2070 5651 2325 5733 θελήσας]
2352 5654 2614 5733 ξθελήσας
2642 5652 2757 5733 C.“
2782 5650 2875 5733 καί
2902 5651 2978 5721 τι]
3014 5652 3113 5733 καὶ
3139 5649 3191 5703 τί
3223 5667 3298 5733 ς...
3345 5646 3687 5733 ,ι’-τοιούτοις
3718 5644 3969 5733 ἰξοίειιίυε
3982 5663 3995 5699 :

749 5716 870 5803 ﬁbri
897 5716 1229 5803 τοσούτονζη
1247 5716 1296 5803 ’ξ
1313 5719 1534 5803 ’όποῖρῇ
1590 5724 1710 5774 ὅποι
1741 5721 1805 5775 C.

1975 5722 2020 5751 "
2048 5722 2142 5774 τοῦ
2177 5722 2389 5793 τῆςίίτδ
2412 5722 2511 5791 τῆς
2544 5725 2608 5775 Α.

750 5784 796 5818 ⁸⁸
824 5790 994 5861 πειρον
1044 5790 1105 5843 C.
1184 5790 1375 5845 ’νεὺῠὺ
1411 5784 1682 5844 ἐδείκνυεν
1710 5807 1771 5855 ς.
1852 5793 1896 5824 ⁶⁹
1923 5792 2077 5859 δήμῳ
2107 5808 2187 5861 pr.
2214 5784 2300 5848 (λ’
2353 5795 2393 5825 ⁸³
2428 5784 2592 5845 τόπον
2620 5794 2681 5844 Α.

2713 5721 2758 5755 ³⁸
2786 5716 3047 5787 δάκρυσιν
3073 5720 3135 5773 C.
3255 5719 3298 5748 ⁵⁷
3335 5718 3502 5785 ἀνῆγε
3538 5717 3579 5770 C
3618 5733 3631 5768 :
3664 5716 3907 5787 ἀνήγαγε
3936 5732 3995 5779 ς.

2788 5791 2832 5823 ⁸³
2863 5786 3048 5853 παῖδες
3069 5789 3141 5843 C:
3174 5788 3333 5851 πόδες
3365 5803 3425 5851 ς’.
3502 5788 3546 5818 ⁸³
3576 5788 3642 5838 τά
3665 5800 3777 5841 om.
3804 5786 3867 5839 Δ.
