4206 6436
733 386 863 458 13Ί1

1886 390 2140 454 ΡΠΟΤΙΙ
2177 384 2681 449 ΡΑΤΗΙΛΗΕΗΑΞ
2710 384 2821 444 CP.

3859 353 3999 423 1372

734 505 962 552 solvere.
998 495 1218 562 Rumpit
1238 504 1291 551 et
1344 496 1620 551 silentium
1665 511 1873 569 cygnus
1919 515 2040 553 cum
2071 494 2334 551 audierit.

2430 493 2493 545 λδν
2552 492 2713 562 νόμον
2760 488 3098 559 ἠνάγκασας.
3131 482 3266 537 Δὺει
3298 481 3394 534 καὶ
3430 476 3628 539 κύκνος
3689 470 3871 569 σιγὴν,
3901 470 3997 569 1:3-

739 589 1036 655 Apullinem
1081 587 1249 656 lyram
1286 588 1591 654 ferientem,
1621 600 1677 644 et
1736 590 2018 661 Zephyrus
2081 588 2308 656 lyricum

739 679 863 743 quid
896 692 1095 730 sonans
1153 692 1218 730 ex
1258 678 1430 731 antris
1484 680 1550 730 ad
1595 679 1763 733 solem
1813 688 2071 749 provocat
2118 675 2313 746 3736

743 771 1028 823 ae'tonom.
1063 769 1273 821 Audent
1303 781 1479 825 nauta:
1506 786 1566 825 se
1600 774 1731 826 mari
1783 772 2125 825 committere
2157 779 2210 822 et
2234 769 2317 821 vir

741 858 1033 912 Bacchicus
1067 875 1291 914 securus
1316 863 1522 915 excitat
1556 861 1854 917 lasciviam.
1902 860 1982 914 Illi
2066 874 2192 913 cum
2223 872 2319 911 ver

743 962 888 999 mare
920 949 1137 1012 mulcet,
1186 949 1272 1002 hic
1332 965 1455 1003 cum
1520 949 1791 1006 Bacchum
1848 952 2091 1019 thyrsum
2146 948 2317 1003 sensit

740 1036 1010 1090 vibrasse.
1043 1037 1118 1090 Te
1148 1039 1362 1105 quidem
1392 1049 1449 1090 ut
1477 1048 1625 1104 pulo.
1652 1050 1809 1106 poeta
1862 1039 2083 1107 quidam
2134 1038 2317 1090 auda-

743 1126 893 1180 culus
922 1144 1025 1180 non
1057 1131 1289 1195 neglexit
1331 1145 1453 1182 cum
1510 1130 1758 1197 Apolline
1796 1131 1913 1199 ipso
1968 1142 2317 1193 componere.

744 1217 800 1267 In
832 1227 1039 1270 tantum
1077 1220 1169 1272 tibi
1201 1220 1406 1287 jacula,
1436 1229 1490 1273 et
1520 1222 1730 1290 sagitta:
1755 1232 1932 1289 grata,
1960 1221 2014 1274 in
2057 1232 2318 1289 quantum

743 1310 1046 1375 Apollinem
1089 1311 1391 1375 imitantur,
1447 1313 1727 1366 incruenta
1776 1323 2038 1381 perpetuo
2078 1322 2319 1367 manent.

746 1397 860 1451 Non
905 1399 1031 1453 licet
1082 1403 1292 1470 cnspidi
1354 1412 1459 1457 tua:
1512 1405 1784 1458 hominem
1839 1406 2172 1464 interimere.
2225 1404 2322 1459 sed

746 1490 941 1554 aliquis
973 1490 1157 1558 clIugit
1186 1493 1448 1560 judicmm
1479 1504 1650 1562 tuum,
1674 1504 1729 1547 et
1755 1496 1914 1549 scivit
1950 1504 2004 1549 te
2045 1494 2320 1561 publicum

745 1578 976 1645 gladium
1012 1591 1200 1634 contra
1234 1584 1434 1636 caedem
1486 1585 1800 1638 extendere.
1845 1585 1935 1638 Sic
1974 1584 2156 1653 pullus
2185 1583 2325 1637 bene

746 1669 1018 1731 domatur.
1044 1681 1097 1723 et
1129 1673 1337 1726 catulus
1369 1675 1503 1728 scite
1536 1674 1879 1738 informatur,
1910 1691 2030 1728 cum
2060 1675 2180 1728 sine
2208 1673 2324 1728 cal-

747 1763 861 1812 cari
891 1762 1125 1814 domitor
1146 1777 1367 1831 equum,
1406 1780 1527 1817 cum
1559 1766 1675 1818 sine
1702 1764 1914 1834 ﬂagello
1944 1766 2202 1834 magister
2234 1779 2327 1817 ca-

748 1866 868 1901 nem
899 1868 1055 1904 manu
1080 1855 1390 1908 demulcens
1430 1857 1673 1909 enutrirc
1702 1859 1907 1925 cupiet.
1936 1858 2073 1922 Quid
2123 1856 2322 1925 Cyrum

748 1942 1063 2010 (53)Pcrsis
1116 1947 1563 1999 commendavit!
1618 1948 1765 2002 lenes
1801 1964 1979 2002 mores
2026 1957 2080 2001 et
2106 1947 2323 2014 placidi.

751 2032 897 2084 Felix
947 2049 1165 2103 semper
1224 2038 1337 2089 lucc
1384 2036 1516 2090 urbs
1569 2040 1831 2093 adversus
1880 2038 2147 2093 Barbaros
2204 2038 2322 2091 fuit.

749 2122 974 2177 Nuntiat
1006 2126 1162 2179 modo
1191 2126 1470 2180 victoriam
1498 2126 1693 2195 papulo
1715 2128 1933 2196 quidam
1965 2143 1996 2181 e
2034 2126 2326 2191 nobilibus,

748 2214 837 2277 qui
870 2216 950 2266 sic
994 2216 1372 2269 strenuitatem
1428 2216 1545 2284 ejus
1594 2217 1848 2271 admirati
1871 2226 2017 2281 sunt,
2076 2227 2135 2270 ut
2185 2219 2326 2288 apud

748 2305 1109 2361 Athenienses
1142 2308 1247 2361 hac
1270 2310 1520 2362 oratione
1558 2318 1791 2363 statuam
1820 2310 2131 2380 posuerint.

815 2564 899 2615 Ex
918 2564 1152 2616 oratione
1180 2566 1233 2616 in
1254 2564 1501 2618 Severum
1524 2568 1798 2626 advenam.
1825 2599 1897 2611 —
1929 2568 2248 2624 Exordium.

818 2657 1054 2711 Achilles
1078 2658 1240 2709 etiam
1287 2660 1626 2727 interjpraalia
1660 2664 1788 2730 lyra:
1811 2677 2016 2715 memor
2033 2662 2221 2725 l'uit,et
2242 2662 2331 2731 qui

751 2762 970 2815 campos
992 2764 1265 2802 armorum
1293 2749 1504 2818 fulgore
1530 2752 1862 2817 illustrabat,
1907 2754 1997 2808 hic
2020 2756 2071 2806 in
2099 2755 2333 2808 tentorio

752 2855 904 2893 suam
930 2841 1193 2894 citharam
1238 2842 1466 2908 aptavit.
1516 2844 1720 2898 Cantus
1751 2855 2152 2913 argumentum,
2186 2862 2336 2899 ama-

755 2934 845 2985 bat
906 2934 1155 2986 virtutem
1211 2933 1484 2997 Achilles,
1527 2934 1877 3002 virorumque
1926 2938 2151 3005 gloriam
2194 2954 2336 2992 nunc

755 3025 1022 3090 bellando,
1058 3042 1198 3079 nunc
1223 3027 1491 3079 cantando
1538 3025 1873 3081 imitabatur.
1898 3030 1971 3081 De
1994 3030 2200 3082 deliciis
2225 3030 2337 3083 suis

2413 601 2514 653 ραν
2550 584 2679 653 ὅταν
2699 580 3034 640 ’Λπόλλωνος
3085 574 3293 643 ἀκούσῃ
3347 570 3693 640 πλήττοντος,
3750 565 3852 617 καὶ
3885 563 3995 615 τῶν

2412 652 2625 743 ἀντρων
2659 674 2843 739 ἐξάγει
2872 671 2971 740 τὴν
2994 669 3192 739 ἀηδόνα
3209 665 3346 734 πρὸς
3363 662 3514 732 ἣλιον
3534 657 3758 727 λυρικδν
3776 656 3996 723 ἠχήσας

2413 767 2442 818 6
2474 766 2737 833 Ζέφυρος.
2772 762 2960 831 Τολμᾷ
2987 760 3081 811 καὶ
3117 756 3323 821 ναύτης
3351 752 3421 805 τὰ
3460 750 3703 820 κύματα,
3732 747 3830 797 κα)⁸
3866 744 3999 812 βακε

2416 861 2557 926 χιῐος
2586 857 2725 925 ἀνὴρ
2765 852 2985 923 θαρῤὦν
3012 849 3219 918 ἐγείρει
3252 847 3314 899 τὸ
3345 845 3650 937 σκίρτημα,
3672 838 3843 937 ἀμέν
3866 836 3997 937 ,Ξοαρ

2416 951 2544 1002 ὅταν
2568 947 2790 1016 κοιμίζῃ
2816 945 2861 977 ⁷⁸
2896 944 3190 1003 θάλατταν,
3247 939 3277 990 6
3308 937 3369 990 δέ
3418 936 3546 988 ὅταν
3570 929 3833 983 Διονύσου
3864 926 3998 992 θύρ-

2420 1057 2514 1092 σον
2564 1037 2841 1097 δονοῦντος
2896 1036 2944 1066 ⁷⁸
2996 1030 3344 1098 αἰσθάνηται.
3385 1025 3453 1078 Σέ
3501 1022 3602 1092 μὶν
3646 1018 3878 1085 ποιητής
3912 1031 3998 1074 τις

2420 1130 2677 1197 εὖτολμος
2726 1128 2826 1179 ούκ
2874 1126 2978 1187 ἂν,
3006 1119 3189 1191 οἶμαι,
3260 1117 3546 1205 ὀκνήσειεν
3571 1110 3681 1205 ούδ⁹
3735 1107 3994 1205 abuit-el-

2421 1222 2586 1274 κάσαι
2625 1217 2947 1270 Ἀπόλλωνι.
2977 1212 3119 1276 Τόξα
3175 1210 3231 1263 δέ
3264 1223 3347 1261 σοι
3366 1207 3414 1238 ⁸⁸
3436 1204 3530 1257 καὶ
3580 1201 3708 1271 βέλη
3740 1201 3997 1250 τοσοῦτον

2421 1310 2551 1377 φίλα
2581 1309 2703 1360 ὅσον
2733 1303 3070 1364 ’Λπόλλωνος
3100 1299 3263 1367 φύσιν
3289 1286 4000 1388 ἐνδείξασθαι,Δάναίμακτα

2420 1401 2479 1455 δέ
2513 1402 2661 1469 μένει
2702 1397 2822 1450 ἀεί·
2884 1394 2983 1455 σῆς
3028 1391 3136 1461 γὰρ
3170 1388 3357 1450 ἀκίδος
3582 1378 3897 1476 ἀνθρωπων
3937 1378 3998 1425 ού

2423 1491 2581 1560 θέμις
2610 1488 2871 1555 ἅψασθαι,
2912 1484 3049 1537 ἀλλά
3095 1497 3179 1543 τις
3230 1479 3430 1546 ἔφυγεν
3469 1473 3558 1527 διά
3581 1472 3625 1503 ⁸⁸
3683 1469 3785 1537 σὴν
3823 1468 4002 1560 ψῆφον

2425 1555 2518 1634 καὶ
2550 1580 2745 1647 δήμιον
2779 1577 2878 1646 ήδη
2906 1576 2953 1606 ι·
2982 1574 3044 1627 τδ
3080 1573 3233 1640 ξίφος
3257 1567 3401 1622 κατά
3419 1567 3517 1657 τῆς
3547 1561 3761 1657 σιραγῆς
3784 1555 4003 1657 ἀνατεί-

2426 1688 2586 1724 νοντα
2615 1669 2683 1722 ⁶³.
2710 1667 2867 1720 Οὕτω
2894 1665 2987 1718 καὶ
3012 1664 3189 1724 πῶλος
3206 1660 3389 1720 καλῶς
3410 1654 3714 1708 πωλεύεται
3750 1650 3847 1701 καὶ
3875 1650 4004 1698 σκύ-

2427 1762 2529 1825 λαξ
2574 1760 2763 1825 δεξιῶς
2812 1755 3213 1810 σκυλακεύεται
3239 1793 3254 1817 ,
3296 1752 3429 1804 ὅταν
3471 1748 3602 1801 ἀνευ
3642 1744 3876 1812 κέντρου
3914 1742 4007 1791 καὶ

2352 1820 2399 1878 Β
2432 1820 2691 1919 μάστιγος
2724 1850 2753 1898 6
2784 1847 2882 1914 μὲν
2912 1844 3267 1909 πωλοδάμνης
3307 1840 3401 1891 τὸν
3460 1838 3624 1889 ἵππον
3657 1835 3687 1885 6
3715 1832 3770 1884 δέ
3804 1830 4007 1883 σκυλα-

2430 1939 2626 2006 κευτὴς
2641 1938 2731 1987 τὸν
2756 1935 2892 1988 κύνα
2921 1934 3062 2003 χειρὶ
3078 1928 3411 1985 τιθασσεύων
3441 1926 3725 1995 ἐκτρέφειν
3739 1922 4007 1991 βούλοιτο.

2433 2028 2498 2080 Τί
2541 2027 2723 2099 Κῦρον
2766 2029 2822 2080 ἐν
2884 2025 3121 2096 Πέρσαις
3180 2023 3353 2091 μέγαν
3412 2019 3708 2088 ἐποίησεν;
3764 2016 4009 2084 Ἦμερος

2436 2120 2638 2191 τρόπος
2668 2119 2763 2171 καὶ
2781 2118 3041 2187 μείλιχος.
3078 2114 3361 2184 Εὑτύχησε
3390 2112 3498 2182 γάρ
3546 2110 3634 2164 ἀεὶ
3687 2109 3833 2161 κατὰ
3877 2105 4010 2175 βαρ-

2430 2211 2612 2279 ϐάρων
2655 2210 2688 2278 ἡ
2746 2208 2918 2270 πόλις.
2950 2207 3233 2274 Ἀγγέλλει
3290 2205 3419 2257 ποτέ
3459 2202 3559 2271 τὴν
3592 2200 3753 2267 νίκην
3783 2198 3894 2250 τῶν
3930 2213 4012 2257 τις

2430 2300 2698 2370 ἀριστέων
2736 2297 2811 2367 τῷ
2840 2299 2995 2367 δήμ›
3018 2315 3032 2328 ·
3063 2298 3114 2349 ot
3148 2297 3205 2349 δὲ
3255 2297 3429 2357 οὕτως
3466 2292 3516 2325 ⁸⁸
3546 2292 3707 2344 αὐτὸν
3746 2290 3847 2356 τῆς
3878 2304 4012 2357 προ-

2432 2394 2633 2463 θυμίας
2663 2392 3006 2461 ἠγάσθησαν,
3068 2389 3210 2442 ὥστε
3247 2385 3484 2457 χαλκοῦς
3529 2383 3662 2453 παρ’
3702 2379 4011 2448 ’Δθηναίοις

2434 2486 2544 2537 ἀπὸ
2574 2484 2684 2536 τῶν
2721 2483 2897 2548 λόγων
2918 2482 3141 2534 ἐκείνων
3156 2479 3408 2549 ἕστηκεν.

2435 2576 2532 2628 Ἐκ
2579 2575 2687 2628 τοῦ
2723 2577 2813 2638 εἰς
2862 2572 3127 2639 Σεϐἦρον
3170 2572 3423 2636 νέηλυν.
3465 2596 3533 2606 -
3571 2568 3643 2621 Τὸ
3670 2564 4011 2633 Προοίμιον.

2507 2668 2634 2740 [609
2661 2666 2753 2738 11.]
2783 2666 3092 2735 Ἐμέμνητο
3146 2664 3205 2715 δέ
3233 2662 3341 2732 ἄρα
3384 2662 3480 2713 καὶ
3509 2658 3661 2729 παρά
3699 2657 3801 2717 τὰς
3837 2655 4014 2723 μάχας

2434 2758 2711 2827 Ἀχιλλεὺς
2748 2758 2846 2826 τῆς
2883 2756 3051 2822 λύρας
3076 2771 3091 2784 ·
3124 2754 3219 2807 καὶ
3246 2753 3315 2804 τὰ
3347 2751 3446 2818 μὲν
3485 2750 3643 2802 πεδία
3679 2748 3793 2808 τοῖς
3833 2746 4017 2804 ὅπλοις

2438 2851 2766 2918 ἤστραπτεν,
2802 2847 2831 2896 6
2859 2845 2916 2896 δέ
2944 2843 3083 2895 κατά
3098 2843 3194 2910 τὴν
3214 2841 3420 2909 σκηνὴν
3443 2838 3543 2908 τὴν
3562 2834 3759 2890 ἑαυτοῦ
3787 2834 4017 2901 κιθάραν

2437 2937 2699 3009 ἥρμοζεν.
2756 2936 2821 2988 Ἦ
2856 2936 2913 2988 δέ
2972 2938 3072 3004 τῆς
3130 2933 3276 3003 ᾠδῆς
3322 2929 3614 2991 ὑπόθεσις,
3655 2927 3767 2997 ἦρα
3818 2925 4020 2993 ἀρετῆς

2438 3029 2738 3098 Ἀχιλλεὺς,
2768 3030 2861 3078 καὶ
2888 3026 2957 3078 τά
2984 3025 3119 3077 κλέα
3148 3024 3258 3075 τῶν
3278 3021 3489 3091 ἀνδρῶν
3516 3019 3612 3073 νῦν
3642 3018 3745 3087 μὲν
3764 3015 4022 3085 πολεμῶν

756 3113 829 3165 tlii
858 3113 997 3165 inter
1028 3128 1085 3167 se
1109 3116 1413 3166 certabant.
1442 3112 1630 3181 Neque
1654 3114 1831 3169 Pallas
1862 3120 2033 3172 armis
2066 3119 2333 3172 instructa

2439 3124 2712 3192 ἐμιμεῖτο,
2760 3119 2855 3172 νῦν
2889 3119 2946 3171 δὲ
2994 3118 3139 3186 ᾠδὰς
3168 3115 3555 3205 ἐργαζόμενος.
3587 3106 3848 3205 Ίξριςᾼῆν
3880 3108 4023 3205 ἀμφὶ

755 3202 921 3252 armis
946 3203 1245 3261 contendit,
1272 3216 1445 3269 neque
1464 3201 1767 3269 Neptunus,
1793 3220 1902 3272 quo
1941 3219 2207 3271 armatur,
2236 3209 2334 3261 tri-

755 3291 968 3343 dentem
1019 3292 1264 3357 protulit.
1314 3292 1511 3345 Verum
1547 3293 1635 3345 illa
1703 3296 1877 3350 oleam
1920 3298 2202 3357 exeitavit.
2248 3299 2337 3353 hic

754 3380 1006 3434 ﬂuctibus
1031 3394 1220 3435 contra
1241 3385 1442 3438 sonuit.
1519 3384 1585 3438 Et
1612 3387 1828 3439 decreta
1882 3388 2109 3440 solvitur
2146 3389 2235 3453 lis,
2285 3397 2338 3442 et

754 3468 993 3523 Minerva
1027 3474 1155 3525 vicit
1178 3473 1383 3541 judicio
1414 3493 1425 3528 :
1452 3475 1567 3529 haec
1604 3476 1735 3528 tibia
1799 3478 2071 3531 modulata
2127 3490 2232 3544 est,
2262 3482 2340 3535 alo

760 3572 874 3615 tera
902 3564 1166 3617 citharam
1199 3564 1463 3634 pulsavit,
1502 3567 1659 3621 tertia
1686 3567 1924 3622 ﬁstulam
1957 3568 2187 3625 inﬂavit.

759 3842 844 3895 Ea:
865 3843 1100 3895 oratione
1124 3843 1193 3895 ad
1218 3844 1529 3908 voluptatem
1568 3844 1890 3913 captandam
1914 3856 2240 3912 comparata.
2270 3876 2340 3888 —-

1389 3933 1705 3987 Exordium.

830 4015 962 4069 Cum
993 4018 1157 4073 Musae
1198 4022 1249 4074 in
1284 4021 1537 4074 llelicone
1592 4022 1798 4076 ducunt
1846 4024 2100 4088 choreas,
2162 4026 2342 4079 omnia

2436 3217 2554 3277 τοῖς
2593 3213 2861 3274 παιδικοῖς
2894 3209 3005 3262 τῶν
3059 3208 3199 3261 θεῶν
3217 3222 3230 3237 ’
3271 3205 3387 3259 ἀλλ’
3416 3202 3539 3256 οὔτε
3570 3201 3775 3270 Ἀθηνᾶ
3793 3200 3865 3252 τὰ
3885 3198 4023 3251 ὅπλα

2438 3308 2638 3377 ἔχουσα
2661 3307 2770 3366 τοῖς
2799 3303 2982 3364 ὅπλοις
3003 3300 3217 3371 ἧριζεν,
3247 3298 3373 3351 οὔτε
3408 3295 3679 3350 Ποσειδῶν
3712 3295 3901 3363 φέρων
3927 3292 4024 3360 τὴν

2437 3396 2683 3466 τρίαιναν
2711 3393 2915 3459 ταύτην
2962 3390 3331 3460 προϐέϐλητο,
3385 3386 3501 3440 ἀλλ’
3530 3388 3563 3454 ἠ
3592 3384 3807 3454 μὲντδν
3833 3381 4025 3435 θαλλὸν

2438 3486 2708 3547 ἀνέσειεν,
2744 3485 2773 3535 6
2804 3482 2863 3535 δέ
2902 3482 3128 3549 ἀντήχει
3173 3480 3253 3547 τῷ
3292 3478 3519 3547 κύματι.
3556 3478 3668 3528 Καὶ
3701 3475 3749 3507 ⁸⁸
3778 3473 3899 3526 λύει
3923 3471 4026 3540 ψῆ-

2442 3594 2541 3646 φος
2570 3577 2669 3645 τὴν
2692 3574 2896 3644 κρίσιν,
2953 3574 3049 3625 καὶ
3077 3570 3281 3637 Ἀθηνᾶ
3309 3568 3577 3637 λαμϐάνει
3604 3566 3676 3618 τὰ
3704 3565 4025 3634 νικητήρια,

2440 3671 2553 3723 Καὶ
2588 3672 2621 3738 ἡ
2653 3669 2753 3738 μὲν
2781 3665 3017 3737 ηῠλει,⁴η
3047 3664 3105 3717 δέ
3131 3663 3366 3733 κιθάραν
3418 3658 3585 3731 εἶχεν,
3635 3660 3672 3729 ἡ
3716 3657 3779 3711 δι
3814 3658 4025 3709 ἐνέπνει

2447 3764 2514 3831 τῇ
2554 3760 2797 3831 σύριγγι.

2673 3858 2769 3909 Ἐκ
2821 3854 2934 3923 τῆς
2983 3848 3300 3914 ,ιιιιιᾶς-
3338 3843 3410 3898 Τὸ
3438 3844 3485 3875 ⁸⁸
3528 3839 3871 3908 Προοίμιον.

2521 4022 2692 4074 Ὅταν
2721 4020 2777 4072 at
2800 4017 3015 4071 Μοῦσαι
3042 4012 3165 4066 καθ’
3207 4009 3476 4064 Ἑλικῶνα
3520 4004 3818 4075 χορεύωσι,
3854 4000 4030 4054 Ιιιιάντα

762 4110 963 4162 circum
1002 4112 1131 4165 mihi
1187 4123 1347 4165 cantu
1404 4113 1702 4180 replentur.
1752 4114 1949 4168 Cantat
2024 4116 2235 4179 cicada,
2294 4128 2334 4171 el

2451 4132 2539 4184 μοι
2566 4116 2702 4182 ἠχῆς
2731 4110 3070 4181 ἐμπίπλαται
3098 4107 3167 4159 ⁸⁷.
3204 4105 3361 4173 Ἦχεῖ
3396 4101 3496 4171 μὲν
3540 4095 3740 4158 τέττιξ,
3772 4093 3874 4147 καὶ
3903 4094 4027 4184 ἀνα-

762 4199 997 4252 l‘ulmlam
1026 4210 1186 4255 cantu
1215 4218 1313 4257 suo
1340 4202 1563 4257 refricat
1596 4205 1649 4258 in
1707 4207 2045 4260 memoriam.
2074 4207 2231 4271 Quia,
2255 4207 2339 4260 in-

761 4289 899 4355 quit,
937 4305 1035 4358 ego
1074 4290 1201 4344 olim
1264 4292 1425 4345 homo
1483 4306 1610 4345 cum
1671 4308 1842 4347 essent
1907 4309 2118 4362 semper
2151 4296 2346 4370 cecini,

764 4387 963 4432 etcum
1018 4390 1208 4434 natura
1244 4388 1445 4434 nmtata
1478 4392 1581 4445 est,
1622 4398 1726 4435 non
1771 4398 1874 4436 una
1898 4398 2017 4435 cuin
2067 4386 2174 4437 vita
2202 4386 2349 4440 desi-

2453 4182 2749 4273 μιμνήσκει
2770 4202 2860 4254 τὸν
2896 4200 3065 4270 μῦθον
3093 4196 3173 4265 τῷ
3224 4195 3395 4264 μέλει,
3422 4194 3503 4245 ὅτι
3554 4186 3715 4254 Ἐγὼ,
3737 4186 3933 4252 φησὶν,
3960 4182 4033 4235 ὣν

2448 4296 2735 4365 ἄνθρωπος
2762 4292 2887 4365 ᾖδον
2945 4292 3058 4356 ἀεὶ,
3089 4290 3187 4342 καὶ
3234 4284 3423 4353 ἐπειδὴ
3459 4281 3560 4351 τὴν
3597 4280 3761 4348 φύσιν
3795 4276 4031 4346 ἠμειψα,

2450 4390 2513 4441 οὐ
2542 4386 2829 4455 συναφῆκα
2866 4384 2945 4454 τῷ
2994 4384 3094 4452 βίῳ
3147 4381 3240 4433 τὸν
3304 4378 3487 4431 πόθον.
3533 4374 3804 4441 Ἀηδόνων
3841 4370 3898 4422 δὲ
3942 4366 4035 4420 καὶ

767 4470 975 4522 derium
1032 4472 1209 4525 amisi.
1271 4472 1685 4526 Philomelarum
1744 4483 1799 4529 et
1858 4474 2057 4544 375a
2108 4477 2334 4530 hirundi-

2454 4477 2735 4548 χελιδόνων
2756 4476 2911 4546 γένη,
2943 4476 3025 4527 ἔτι
3052 4474 3109 4526 δέ
3140 4471 3357 4525 κύκνων
3386 4467 3606 4535 ἀγέλαι,
3638 4463 3771 4531 περὶ
3791 4461 3896 4523 τὰς
3908 4460 4034 4521 θεάς

766 4574 896 4612 num
925 4576 1114 4629 genus.
1133 4569 1185 4614 et
1206 4576 1500 4629 cygnorum
1557 4564 1708 4630 c0pia
1727 4564 1930 4617 circum
1964 4571 2091 4616 deas
2122 4575 2347 4619 canunt.

1048 4651 1133 4705 Ea:
1160 4657 1399 4706 oratione
1424 4654 1479 4706 in
1534 4652 1803 4706 Ursicium
1834 4656 2095 4708 comitem.

840 4741 1185 4811 Qumcunque
1238 4745 1475 4813 pictores
1545 4747 1711 4799 etiam
1774 4756 2033 4814 poterunt
2084 4756 2350 4814 oratores,

2448 4573 2789 4643 χορεύουσιν.

2690 4662 2787 4713 Ἐκ
2813 4660 2919 4713 τοῦ
2955 4661 3043 4725 εἰς
3069 4657 3179 4710 τὸν
3192 4657 3420 4724 κόμητα
3452 4649 3801 4719 Οὺρσικιον.

2523 4757 2661 4807 Ὀσα
2686 4756 2941 4823 γραφεῖς,
2974 4752 3079 4805 καὶ
3103 4749 3255 4817 λόγοι
3289 4747 3568 4799 δύνανται.
3625 4740 3828 4810 μᾶλλον
3856 4738 3915 4789 δέ
3949 4754 4035 4805 μι-

769 4833 946 4886 omuis
997 4834 1175 4900 potius
1217 4835 1445 4887 imitatio
1512 4839 1578 4887 ad
1655 4839 1958 4891 orationem
2041 4852 2334 4909 comparat:

2456 4849 2694 4917 κροτέρα
2754 4847 2985 4915 μίμησις
3035 4843 3188 4895 πᾶσα
3238 4839 3375 4909 πρὸς
3435 4836 3647 4902 λόγους.
3690 4829 3931 4898 ’Δϐαριν
3955 4827 4038 4917 τόν

773 4925 954 4978 minor
1001 4936 1105 4981 est.
1166 4926 1403 4979 Narrant
1453 4927 1671 4980 Abarim
1722 4930 2103 4997 philosophum
2151 4947 2334 5000 genen

2456 4916 2803 5006 σοφὸνγένος
2835 4935 2934 5005 μέν
2968 4932 3362 5003 ’Υπερϐόρειον
3394 4926 3669 4993 λέγωσιν,
3704 4920 3953 4988 Ἕλληνα
3980 4916 4033 4967 δὲ

773 5014 1191 5082 hyperboreum,
1225 5017 1402 5085 lingua
1437 5018 1654 5087 quidem
1704 5019 1975 5084 Graecum,
2025 5031 2172 5075 veste
2205 5024 2353 5077 habi-

775 5117 940 5171 tuque
982 5109 1235 5177 Scytham
1283 5110 1469 5165 fuisse.
1497 5111 1592 5164 Sin
1630 5111 1757 5164 alibi
1791 5112 2003 5166 locutus
2041 5113 2347 5180 fuerit,hoc

771 5212 802 5249 e
840 5199 1011 5253 media
1065 5198 1378 5267 Academia,
1432 5212 1486 5257 et
1517 5204 1707 5274 Lycaeo
1761 5204 2086 5259 existimari.
2138 5208 2347 5263 Dicitur

2453 5031 2553 5097 τὴν
2581 5028 2764 5096 φωνὴν
2793 5025 3146 5094 γεγενῆσθαι,
3187 5024 3281 5075 καὶ
3311 5019 3524 5087 Σκύθην
3553 5016 3652 5083 μὲν
3682 5012 3815 5081 ἄχρι
3853 5008 4037 5105 στολῆς

2455 5134 2516 5169 τε
2546 5117 2643 5169 καὶ
2678 5117 2972 5186 σχήματος,
3005 5116 3055 5167 εἰ
3087 5114 3144 5165 δέ
3173 5130 3278 5164 που
3305 5110 3551 5178 γλῶτταν
3582 5106 3851 5171 κινήσειε,
3884 5112 4036 5150 τουτο

2453 5211 2630 5264 ἐκεῖνο
2647 5211 2693 5242 ⁸³
2710 5214 2775 5262 ἐκ
2808 5211 2979 5281 μέσης
3000 5207 3199 5275 ’Δκαδη
3208 5204 3334 5273 μίας
3363 5201 3458 5254 καὶ
3467 5195 3634 5253 αὑτοῦ
3651 5194 3886 5249 Λυκείου
3904 5187 4042 5258 vopi-

2083 5358 2319 5415 VARl/E
2358 5364 2739 5423 LECTIONES

851 5446 895 5526 ξ’
928 5441 1176 5526 κοιμίζῃ]
1202 5448 1289 5526 irin
1324 5450 1569 5526 κοιμίζον
1738 5450 2192 5526 ’ἰδονοῦντα-(Ξᾈ
2230 5453 2278 5485 ⁸⁸
2321 5455 2425 5526 σοι]
2454 5474 2535 5513 τοι
2559 5460 2621 5513 C.
2712 5461 2754 5491 ⁸⁸
2789 5460 2875 5512 διὰ
2900 5473 3007 5511 om.
3045 5457 3107 5511 C.
3184 5456 3229 5486 ⁶¹
3257 5441 3915 5526 ήδη-,Ἣρτηεάρξθυδμδῇ
3943 5439 4026 5526 cf

783 5510 889 5565 εἶδε
922 5532 982 5577 ς’.
1022 5510 1031 5514 ’
1116 5510 1567 5580 ίῗάνᾶτείνόντας
1595 5519 1657 5572 C.

784 5584 982 5636 πλαται
1010 5584 1051 5638 C
1076 5604 1092 5640 :
1140 5587 1508 5656 ἐμπίπλανται
1532 5605 1594 5651 ς.
1704 5589 1749 5624 ³⁸
1776 5589 1983 5641 ἐκεῖνον
2011 5592 2075 5642 Δ.

1766 5518 1813 5549 ⁸⁸
1839 5518 2011 5579 οὕτως
2034 5521 2076 5571 (Σ
2107 5539 2122 5573 :
2168 5523 2335 5587 ὅντως
2365 5518 2424 5587 ςξ

2528 5507 2701 5584 δ’*καὶ
2741 5507 2874 5585 ante
2888 5507 3006 5581 ita}
3033 5507 3143 5581 0].}.
3173 5526 3242 5579 Α.
3280 5507 3292 5524 ’
3348 5507 3396 5553 ³⁸
3420 5520 3480 5571 τὸ
3506 5516 3713 5572 οιιιπᾱ.
3813 5511 3859 5543 ⁸⁷
3882 5507 4036 5579 ίνμπί⁶

2292 5663 2525 5719 NOTAE.

867 5747 979 5819 :53)
1008 5751 1179 5822 Cyrus
1212 5766 1327 5818 rex,
1350 5752 1413 5807 de
1442 5768 1547 5822 quo
1566 5752 1886 5821 Xenophon.
1932 5752 1983 5806 in
2023 5751 2350 5823 Cyropa-lia.
