4206 6436
217 401 345 462 1373

1269 398 1335 457 BI
1352 397 1789 458 BLIOTHECA.
1819 423 1888 438 -
1912 399 2075 459 COD.
2096 399 2401 467 CCXLllI.

3334 397 3470 462 1374

216 504 415 569 (εσθαι.
448 504 554 557 Τδν
578 504 906 557 Ἐλευσίνιον
943 504 1145 576 ἔφηϐον
1187 506 1420 575 ἀρθῆναι
1465 505 1624 571 λόγος
1650 506 1785 574 πρὸς

1898 508 2256 576 Triptolemus
2283 509 2528 563 sublatus
2552 518 2675 562 esse
2704 518 2734 559 a
2784 503 3004 569 Cerere,
3038 514 3098 559 ιιι
3136 508 3467 573 pastoralem

215 596 519 665 Δήμητρος,
556 595 641 646 ἵνα
666 594 763 662 τὴν
784 595 991 661 νομάδα
1022 596 1300 665 τράπεζαν
1316 596 1546 665 ἡμέροις
1580 596 1792 669 ἀμείψῃ

214 687 419 753 πυροῖς.
454 676 629 735 Ἦκεν
673 683 906 753 Ἀὀαρις
942 685 1209 755 Ἀθήναζε
1274 685 1404 749 τόξα
1434 687 1592 755 ἔχων,
1620 689 1793 756 φαρέ-

211 790 341 843 τραν
380 774 626 843 ἡμμένος
653 776 730 837 είς
765 768 1188 845 ὧμον,’χλαμύδι
1221 777 1610 844 σφιγγόμενος.
1637 778 1789 847 Ζώνη

212 858 276 933 ἦν
304 864 423 916 κατ’
448 864 607 927 ίξύων
633 864 679 896 ⁸⁸
709 866 910 933 χρυσῆ,
942 866 1339 936 ἀναξυρίδεςίκ
1359 869 1576 933 ταρσῶν
1606 866 1793 934 ἄκρων

210 956 334 1023 ἄχρι
373 958 467 1007 καὶ
518 956 760 1022 γλουτῶν
809 957 1208 1010 άνατείνουσαι.
1245 956 1418 1009 Τοῦτο
1453 958 1791 1025 πανταχόθεν

211 1048 561 1117 εὑρίσκομεν,
598 1048 852 1119 καθάπερ
895 1050 953 1101 ὲν
980 1047 1217 1119 ἁρμονίᾳ
1268 1047 1457 1117 λύρας,
1502 1048 1793 1117 σύμφωνον

211 1138 448 1207 ἠχοῦντα
498 1143 567 1208 τῇ
627 1140 821 1210 γνώμη
873 1140 964 1193 τδν
1000 1140 1176 1207 λόγον.
1212 1135 1321 1192 Ἦν
1348 1141 1477 1209 ἡδὺς
1525 1142 1789 1207 ὶντυχετν,

212 1232 378 1292 δεινὸς
410 1233 584 1300 ἡσυχῆ
623 1232 868 1301 μεγάλην
932 1232 1134 1299 πρᾶξιν
1183 1232 1544 1303 ἐργάσασθαι.
1578 1231 1704 1294 ὀξὺς
1731 1232 1793 1284 τὸ

213 1326 387 1391 παρὸν
423 1323 571 1385 ίδεῖν,
604 1322 896 1391 προμηθὴς
950 1324 1011 1374 τὸ
1066 1324 1261 1392 μέλλον
1292 1322 1678 1391 φυλάττεσθαι,
1707 1339 1794 1374 σο-

212 1412 338 1478 φίας
371 1412 571 1479 ἥττων,
606 1414 843 1481 ἐραστὴς
906 1412 1108 1481 φιλίας,
1165 1414 1321 1483 ὀλίγα
1370 1413 1468 1483 μὲν
1516 1412 1655 1485 τύχῃ
1698 1430 1788 1465 πι-

214 1499 438 1564 στεύων,
465 1501 659 1573 γνώμῃ
685 1504 740 1554 δὲ
759 1504 828 1553 τὰ
849 1504 1026 1556 πάντα
1067 1506 1452 1575 πιστούμενος.

532 1595 636 1646 Ἐκ
662 1593 768 1646 τοῦ
796 1597 883 1658 εις
914 1594 1177 1663 Σδὸῆρον
1216 1597 1475 1665 ἑταῖρον.

278 1686 377 1747 Τίς
416 1685 525 1754 γάρ
592 1685 801 1736 ἐκείνου
835 1686 1094 1756 μᾶλλονῆ
1146 1689 1243 1741 σὺν
1287 1689 1441 1759 τάχει
1470 1692 1567 1759 τὴν
1594 1691 1687 1745 τοῦ
1714 1693 1793 1745 δι-

212 1775 367 1827 καίου
436 1774 599 1841 φύσιν
648 1775 1005 1847 ὲθήρευεν,ἢ
1063 1778 1161 1830 σὺν
1200 1780 1454 1852 ὀρθότητι
1516 1782 1791 1853 θηρεύσας

212 1865 565 1934 ἑδημοσίευεν
591 1868 636 1898 ’⁸
662 1883 676 1930 ;
725 1868 820 1930 Τίς
850 1868 949 1937 μὲν
1001 1868 1174 1934 οὕτως
1213 1873 1339 1937 ὀξὺς
1362 1874 1586 1943 πρᾶξαι,
1625 1876 1707 1937 τίς
1737 1876 1792 1927 δὲ

217 1956 419 2025 βραδὺς
468 1957 696 2010 κολάσαι
745 1960 837 2011 τὸν
894 1960 1311 2027 κινδυνεύοντας
1366 1964 1450 2027 τίς
1505 1966 1605 2035 μὲν
1653 1965 1795 2019 οὓτω

214 2051 482 2119 κρείττων
511 2051 758 2121 χρυσίου,
781 2052 866 2113 τίς
898 2052 1023 2124 [610
1049 2052 1144 2125 ΙΙ.]
1178 2054 1232 2107 δὲ
1267 2055 1444 2123 ἥττων
1482 2056 1793 2127 φιλανθρω-

214 2140 342 2201 πίας
391 2141 461 2192 ⁹¹.
507 2141 599 2193 καὶ
651 2142 747 2193 τοῦ
806 2143 1135 2213 κατελεῆσαι
1200 2145 1290 2196 τὸν
1343 2147 1793 2215 δυστυχήσαντας

224 2231 413 2302 Ἀδρδς
466 2233 566 2303 μὲν
615 2234 673 2287 ὲν
727 2233 926 2302 λόγοις,
957 2235 1094 2306 ἔργα
1140 2236 1200 2289 δὲ
1243 2238 1339 2289 καὶ
1386 2238 1615 2309 πράξεις
1645 2240 1799 2310 ἀδρό-

215 2341 399 2394 τερος.

232 2422 316 2473 Εκ
345 2415 453 2470 τοῦ
480 2418 568 2483 εὶς
601 2418 1063 2543 inﬁtiatur-21rd;
1109 2419 1217 2474 τὸν
1264 2421 1612 2477 ἀνθύπατον
1669 2423 1799 2478 Ἐλ-

1032 2506 1120 2543 oc.

1032 2506 1120 2555 ος.

284 2580 488 2650 Χρυσῷ
513 2580 610 2649 μὲν
626 2580 799 2642 ἀσπὶς
813 2580 1223 2651 ἀστράπτουσα,
1247 2583 1340 2635 καὶ
1364 2582 1462 2653 τὴν
1499 2583 1796 2655 Ἡφαίστου

220 2671 501 2739 μηνύουσα
531 2674 686 2742 χεῖρα
723 2675 834 2734 τοῖς
856 2672 1151 2741 θαύμασιν,
1200 2675 1284 2727 ὅτι
1331 2674 1466 2745 μόνη
1491 2676 1579 2730 διὰ
1610 2679 1799 2747 σοφίαν

218 2763 487 2831 ἠπίστατο
507 2766 573 2833 τῇ
624 2764 791 2833 τέχνῃ
822 2762 985 2831 φύσιν
1032 2766 1400 2835 μιμήσασθαι.
1426 2770 1739 2842 Μαίανδρος
1770 2776 1799 2825 ὀ

217 2855 342 2924 Κὰρ
387 2856 436 2886 ’⁸
485 2854 753 2923 ποταμὸς,
803 2856 926 2907 ὅσον
956 2855 1148 2925 πλήθει
1180 2857 1273 2909 τοῦ
1306 2858 1499 2912 Νείλου
1533 2862 1796 2927 λείπεται,

215 2948 470 2999 τοσοῦτον
496 2947 654 3014 φύσει
714 2950 981 3018 περίεστι.
1015 2949 1122 3001 Τοῦ
1167 2950 1265 3019 μὶν
1306 2952 1413 3019 γάρ
1447 2953 1614 3022 μῦθος
1652 2956 1685 3024 ή
1725 2954 1797 3022 γῆ

216 3039 283 3107 ἢν
318 3040 638 3104 Αἰγυπτίοις
686 3040 969 3108 χαρίζεται
994 3055 1009 3071 ·
1033 3039 1062 3090 ὀ
1107 3040 1163 3093 δὲ
1204 3040 1498 3113 πλωτῆρας
1527 3046 1800 3113 ἀποσυλή-

218 3144 315 3191 σας
342 3130 388 3161 ⁸⁸
416 3128 513 3198 τὴν
536 3129 828 3192 θάλατταν,
860 3130 1120 3198 γηπόνοις
1174 3131 1381 3200 σχίζειν
1415 3132 1611 3187 ἔδωκεν
1632 3135 1799 3204 ἀρού-

219 3236 342 3287 ραις
379 3221 500 3271 ἀντὶ
538 3220 801 3286 κυμάτων
832 3222 929 3281 τὰς
964 3222 1009 3252 ⁵⁸
1048 3219 1317 3283 αὔλακας.
1345 3223 1503 3285 Ἶδοις
1531 3223 1597 3275 ἂν
1620 3224 1800 3275 πεδίον

222 3311 321 3377 μὲν
353 3312 456 3378 τὴν
496 3311 731 3379 πρόσθεν
769 3312 1059 3371 θάλατταν,
1122 3310 1432 3380 σκιρτῶντα
1473 3314 1529 3365 δὲ
1553 3314 1672 3366 ἀντὶ
1704 3315 1804 3383 μὲν

213 3400 477 3466 δελφίνων
500 3400 693 3468 νεϐρόν
716 3417 729 3429 ·
765 3402 884 3453 ἀντὶ
926 3402 983 3452 δὲ
1023 3401 1219 3454 ναύτου
1250 3403 1563 3466 κελεύοντος
1590 3406 1803 3475 νομέως

215 3490 461 3559 ὴχούσης
490 3491 698 3559 ἀκούσῃ
728 3491 1011 3560 σύριγγος.

214 3576 313 3632 Ἐκ
338 3579 445 3632 τοῦ
473 3582 559 3644 είς
587 3579 1244 3649 νεήλυδαςἙφεσΙους.
1275 3612 1344 3622 —
1365 3582 1434 3636 Τὸ
1460 3585 1799 3653 Προοίμιον.

290 3731 422 3782 Ὅτε
456 3730 501 3761 ’⁸
526 3729 618 3782 τὸν
667 3730 931 3798 μαντικὸν
972 3731 1246 3784 Ἀπόλλων
1303 3732 1525 3802 ἱδρύσας
1569 3736 1801 3804 τρίποδα

214 3825 331 3886 τοῖς
393 3821 731 3890 πανταχόθεν
794 3820 1071 3885 ἐθέσπιζε,
1116 3823 1295 3877 πάντα
1326 3825 1460 3893 γένη
1507 3826 1601 3877 καὶ
1630 3828 1801 3878 πᾶσαι

214 3916 405 3977 πόλεις
454 3915 605 3982 παρά
656 3914 745 3965 τὸν
798 3911 921 3965 θεὸν
959 3913 1269 3968 ἐστέλλοντο
1314 3914 1419 3967 ὑπὸ
1460 3916 1559 3985 τῆς
1614 3919 1802 3987 φήμης

213 4004 280 4073 δτι
290 4004 550 4073 μαγωγού
560 4020 730 4073 μενοι.

214 4098 323 4154 Ἐκ
374 4098 479 4152 τοῦ
517 4103 605 4165 εἰς
642 4100 781 4164 τοὺς
837 4100 1113 4165 ἑταίρους
1182 4100 1468 4167 πατρίδος
1515 4101 1583 4155 ’⁷.
1616 4132 1685 4142 -
1730 4104 1799 4157 Τὸ

764 4170 1082 4237 Προοίμιον
1098 4168 1200 4222 ⁸⁷⁸.

288 4261 456 4316 Ἀλλά
492 4261 602 4331 γάρ
627 4261 746 4330 ῶρα
776 4260 987 4325 λοιπὸν,
1022 4253 1067 4312 ὦ
1105 4262 1311 4326 παῖδες,
1372 4265 1465 4315 καὶ⁸
1506 4265 1617 4327 τοῖς
1647 4263 1803 4316 πολί-

214 4370 341 4415 ταις
368 4352 465 4423 τὴν
510 4352 681 4421 λύραν
732 4352 831 4421 τὴν
884 4353 1161 4423 ἡμετέραν
1190 4354 1547 4424 ἁρμόσασθαι.
1596 4357 1660 4408 Τί
1705 4355 1803 4425 τὴν

216 4441 554 4510 ὲνεγκοῦσαν
584 4443 737 4496 πόλιν
768 4442 1100 4511 ποιήσομεν;
1129 4444 1245 4495 ἀλλ’
1276 4446 1397 4497 ἐπεὶ
1418 4446 1520 4497 οὐκ
1562 4446 1656 4499 ἐπὶ
1695 4446 1801 4499 τῶν

1896 611 2139 653 mensam
2186 598 2334 651 suavi
2389 598 2571 651 tritico
2617 604 2998 650 commutaret.
3030 593 3192 649 Venit
3234 596 3476 653 Athenas

1893 688 2090 742 Abaris
2126 688 2423 741 instructus
2454 688 2688 756 sagittis,
2722 687 2965 742 humeris
2996 695 3220 755 portans
3270 688 3470 754 pltare-

1896 789 2056 843 tram,
2093 780 2313 834 astricta
2351 778 2655 849 chlamyde,
2686 778 2831 832 circa
2884 778 3099 833 lumbos
3140 793 3302 832 aurea
3355 786 3476 837 erat

1895 883 2050 934 zona,
2082 868 2341 923 l'einorale
2366 870 2433 922 ab
2468 868 2591 923 imis
2610 868 2838 937 pedibus
2878 870 2930 923 in
2964 879 3121 922 nates
3172 883 3345 936 usque
3375 885 3471 922 ex-

1896 968 2129 1014 tensum.
2159 958 2307 1012 Hanc
2353 959 2549 1027 ubique
2613 959 2914 1011 orationem
2950 959 3275 1025 reperimus,
3308 968 3367 1011 ut
3420 958 3473 1011 in

1895 1048 2365 1120 barmonialyrica
2403 1066 2525 1104 cum
2584 1049 2770 1103 animo
2819 1059 3229 1105 consonantem.
3290 1049 3479 1104 (Ioniis

1897 1139 2082 1193 fuitin
2114 1140 2508 1205 conveniendo,
2555 1138 2608 1192 in
2650 1139 2808 1192 rebus
2852 1140 3061 1208 magnis
3103 1142 3269 1193 tacite
3317 1153 3479 1207 pera-

1896 1232 2085 1299 gendis
2114 1230 2499 1289 industrius,in
2543 1244 2600 1280 re
2627 1228 2881 1297 prresenti
2912 1228 3145 1281 videnda
3165 1238 3475 1290 peracutus,

1898 1323 1951 1373 in
2001 1321 2177 1374 futura
2242 1322 2591 1388 praecavenda
2662 1320 3135 1385 circumspectus,
3203 1319 3480 1386 sapientiae

1896 1411 2411 1477 cupidus,atuiciti:e
2429 1410 2628 1472 cultor,
2645 1424 2816 1475 pauca
2844 1407 3195 1460 committens
3226 1408 3475 1473 fortunae,

1894 1501 2149 1555 omnibus
2172 1510 2351 1552 tamen
2384 1501 2452 1551 ob
2483 1497 2827 1567 prudentiam
2856 1498 3206 1551 commissus.

2176 1590 2262 1645 Ea:
2292 1593 2531 1645 oratione
2562 1592 2615 1643 in
2642 1589 2889 1645 Severum
2920 1589 3194 1657 collegam.

1965 1682 2101 1749 Quis
2148 1684 2323 1753 magis
2344 1682 2457 1744 illo,
2483 1679 2565 1733 vel
2600 1694 2721 1733 cum
2788 1678 3064 1734 celeritate
3090 1678 3359 1748 justitiam
3386 1692 3480 1730 se-

1896 1786 2073 1831 ctatus
2117 1787 2193 1830 est
2230 1815 2245 1839 ,
2284 1774 2364 1826 vel
2410 1788 2529 1827 cum
2587 1774 2795 1826 ratione
2855 1780 3116 1833 sectatus,
3144 1770 3314 1838 magis
3359 1784 3478 1822 eam

1897 1867 2108 1935 publice
2138 1861 2720 1931 detnonstravithuis
2770 1862 2850 1915 sic
2882 1860 2934 1913 in
2989 1860 3201 1928 agendo
3242 1859 3477 1920 subtilis,

1896 1960 2019 2029 quis
2050 1959 2100 2011 in
2131 1958 2414 2027 puniendis
2457 1956 2705 2009 sontibus
2758 1952 2828 2006 ita
2881 1953 3109 2007 tardus?
3163 1951 3297 2018 Quis
3346 1952 3481 2004 adeo

1898 2050 2014 2101 auri
2049 2049 2219 2101 victor
2251 2047 2275 2098 2
2303 2046 2423 2115 quis
2448 2046 2518 2097 ita
2550 2044 2784 2110 cupidus
2807 2042 3186 2106 humanitatis,
3218 2051 3273 2094 et
3318 2050 3482 2096 tanta

1898 2153 2025 2207 erga
2062 2140 2289 2191 miseros
2337 2133 2639 2190 clementia:
2673 2132 2961 2186 ?.'llaturus
3008 2132 3231 2200 quidem
3266 2132 3317 2184 in
3348 2145 3479 2185 ver-

1900 2230 2002 2295 bis,
2033 2230 2083 2284 in
2114 2230 2273 2284 rebus
2302 2226 2625 2296 etoperibus
2646 2226 2928 2281 maturior.

1992 2413 2071 2467 Ex
2099 2418 2335 2467 oratione
2361 2413 2415 2464 in
2450 2408 2729 2480 Cylaceum
2767 2406 2985 2462 Crwcia:
3012 2406 3403 2476 proconsulem.

1950 2590 2204 2661 Clypeus,
2223 2602 2354 2641 auro
2367 2594 2638 2646 coruscat,
2656 2596 2711 2637 et
2735 2583 3047 2637 Vulcanium
3066 2581 3232 2636 refert
3252 2582 3486 2636 artitlcia

1901 2683 2167 2741 dextram,
2196 2692 2316 2746 qua:
2340 2677 2453 2731 sola
2484 2676 2555 2729 ob
2579 2675 2903 2744 sapientiam
2948 2674 3181 2727 artiﬁcio
3228 2683 3482 2726 naturam

1902 2774 2043 2826 valet
2069 2772 2416 2825 adumbrare.
2463 2766 2720 2821 Meander
2768 2765 2941 2820 Caria
2972 2764 3191 2829 lluvius,
3219 2773 3484 2834 quauttnu

1902 2863 2270 2935 magnitudine
2295 2876 2325 2915 a
2356 2858 2476 2913 Nilo
2516 2866 2831 2925 superatur,
2887 2865 3095 2908 tantum
3150 2865 3343 2908 natura
3383 2870 3481 2908 su-

1900 2964 2055 3023 perat
2091 2965 2257 3017 terra,
2298 2966 2460 3019 quam
2490 2947 2761 3019 Egyptiis
2786 2946 3032 3014 largitur,
3069 2946 3136 2999 de
3186 2947 3287 2999 hoc
3329 2944 3486 2997 fabu-

1907 3047 2012 3099 lam
2046 3045 2221 3113 ilngit.
2256 3044 2350 3097 Ille
2372 3056 2502 3096 vero
2542 3040 2721 3093 nautis
2743 3052 2892 3091 mare
2929 3038 3191 3107 eripiens,
3228 3038 3484 3107 agricolis

1904 3138 2051 3192 dedit
2095 3137 2293 3190 aratris
2333 3149 2430 3204 pro
2507 3134 2666 3201 aquis
2711 3131 2891 3186 sulcos
2977 3128 3249 3183 scindere.
3290 3129 3486 3183 Videas

1904 3243 2175 3296 campum,
2217 3228 2306 3281 ubi
2361 3228 2510 3295 prius
2565 3222 2667 3277 fuit
2722 3238 2892 3287 mare,
2923 3224 3107 3275 videas
3140 3220 3486 3273 laseivientes

1906 3319 2160 3374 binnulos
2201 3318 2317 3372 loco
2341 3316 2740 3383 delphinorum,
2774 3315 2891 3368 loco
2942 3322 3123 3367 nauta
3191 3311 3485 3377 hortantis,

1904 3410 2140 3483 pastoris
2180 3417 2462 3464 sonantem
2490 3405 2728 3460 ﬁstulam
2760 3407 2971 3461 audias.

2002 3588 2195 3660 3741)
2244 3586 2329 3641 Ea:
2386 3590 2622 3660 oratione
2660 3586 2983 3660 ingndvettas
3013 3584 3383 3653 Ephesios.—

2539 3656 2854 3710 Exordittnt.

1970 3746 2106 3802 Cum
2156 3748 2347 3816 Apollo
2400 3747 2786 3801 divinatorium
2864 3745 3133 3814 tripodem
3206 3746 3486 3801 collocans

1901 3840 2155 3893 omnibus
2178 3840 2400 3894 oracula
2447 3839 2724 3902 redderet,
2773 3853 2962 3892 omnes
3019 3848 3210 3906 gentes
3262 3852 3485 3893 omnes-

1900 3945 2009 3999 que
2037 3932 2197 3984 urbes
2222 3930 2365 3984 fama
2413 3930 2513 3983 hac
2538 3931 2605 3983 ad
2642 3928 2806 3983 Deum
2834 3928 3268 3984 attrabebautur.

2001 4106 2086 4159 Ea;
2108 4106 2344 4159 oratione
2367 4105 2418 4156 in
2448 4104 2729 4173 populares
2768 4118 2911 4159 suos.
2931 4132 3004 4143 —
3030 4099 3353 4160 Exordiunt.

1968 4264 2177 4327 Etenim
2208 4261 2323 4333 jam
2367 4264 2582 4316 demum
2626 4273 2837 4330 tempus
2862 4272 2969 4327 est,
3020 4263 3273 4335 juvenes,
3317 4263 3479 4319 etiam

1904 4356 2112 4410 civibus
2140 4355 2311 4423 lyram
2348 4364 2587 4407 nostram
2625 4354 2938 4421 adaptandi.
2973 4353 3111 4419 Quid
3144 4355 3333 4408 urbem
3353 4370 3480 4424 pro-

1907 4444 2048 4499 ierre
2069 4444 2308 4497 dicemus
2335 4442 2357 4494 ’ἰ
2402 4443 2496 4497 sed
2522 4458 2644 4497 cum
2670 4458 2795 4496 non“
2833 4445 2885 4497 in
2907 4445 3160 4498 curribus
3190 4460 3289 4498 nus
3315 4446 3483 4499 veha-

216 4536 486 4605 ἁρμάτων
508 4534 553 4565 ⁸⁸
584 4534 745 4604 ἡμεῖς
774 4534 1051 4603 ὀχούμεθα
1102 4535 1222 4587 οὐδὲ
1264 4535 1331 4588 τὰ
1367 4537 1605 4605 ποιητῶν
1632 4555 1796 4591 σπου-

1906 4551 2045 4599 mur,
2077 4548 2251 4603 neque
2305 4533 2483 4588 studia
2518 4544 2794 4603 poetarum
2821 4534 3234 4604 amplectamur,
3273 4550 3371 4603 age
3398 4536 3480 4590 vi-

216 4625 481 4690 δὰζομεν,
512 4625 644 4695 φέρε
666 4624 893 4693 ἀνδράσι
920 4623 1015 4678 καὶ
1039 4623 1218 4691 λόγοις
1253 4624 1350 4692 τὴν
1375 4625 1529 4678 πόλιν
1556 4628 1799 4695 τειχίσω-

222 4734 348 4785 μεν.
387 4714 498 4784 Τὴν
528 4714 584 4766 δὲ
624 4715 763 4784 Ὀμή
774 4732 866 4783 ρου
888 4715 986 4783 τὴν
1006 4715 1250 4783 μεγάλην
1270 4715 1384 4784 ἠχὼ
1406 4716 1457 4767 τί
1482 4716 1590 4767 τῶν
1625 4719 1803 4771 ἀπάν-

216 4823 331 4858 των
362 4805 663 4874 ὲξέμηνεν;
718 4806 833 4858 Οὐκ
878 4805 1089 4875 ἀνδρῶν
1116 4804 1271 4869 δόξα;
1319 4804 1459 4872 Ἐγὼ
1506 4806 1563 4857 δὲ
1598 4810 1801 4879 ἀρετὴν

219 4894 395 4965 ζητῶ,
422 4897 514 4947 καὶ
539 4894 645 4947 ἀπὸ
664 4893 867 4963 ταύτης
884 4896 1126 4946 ἐπαινεῖν
1149 4895 1276 4956 τοὺς
1297 4894 1496 4963 ἄνδρας
1519 4894 1797 4966 βούλομαι.

218 4988 335 5053 Τῆς
360 4987 413 5039 δὲ
441 4987 677 5055 ἀρχικῆς
706 4984 909 5054 ἀρετῆς
929 4985 1091 5037 διπλᾶ
1118 4986 1411 5054 τεκμήρια,
1457 4986 1719 5055 βασιλέως
1741 5005 1799 5040 τε

218 5079 274 5129 αί
296 5078 346 5108 ⁹⁹
371 5078 537 5147 ψῆφοι
582 5076 674 5130 καὶ
702 5074 810 5127 τῶν
837 5076 1156 5145 ἀρχομένων
1195 5078 1246 5129 οἱ
1280 5078 1433 5130 πόθοι
1459 5076 1669 5149 ‘.[H57
1706 5079 1795 5151 IL]

218 5167 381 5217 Μετά
408 5166 517 5217 τῶν
555 5165 733 5235 ἔργων
761 5164 861 5233 τὴν
919 5163 1081 5234 φύσιν
1118 5166 1448 5219 σκέπτεσθαι
1486 5168 1634 5232 ἄξιον
1666 5186 1679 5199 ·
1709 5171 1801 5222 καὶ

220 5256 340 5307 ἴσον
369 5273 452 5318 τις
475 5257 698 5327 εὑρήσει
718 5256 816 5319 τάς
876 5271 938 5308 τε
1001 5256 1229 5325 πράξεις
1285 5255 1521 5326 ὴχούσας
1570 5258 1663 5309 καὶ
1700 5261 1800 5326 τὴν

222 5349 391 5417 φύσιν
410 5349 531 5401 ὅθεν
554 5348 966 5419 κατώρθωνται.
998 5349 1130 5401 Τίνα
1152 5349 1216 5420 δὴ
1237 5350 1334 5419 τῆς
1360 5349 1575 5417 φύσεως
1602 5349 1755 5402 τοῦδε
1776 5353 1797 5382 ⁸

1911 4627 1983 4679 ris
2013 4635 2064 4679 et
2085 4627 2330 4681 oratione
2368 4628 2556 4679 urbem
2592 4626 2918 4679 muniamus.
2944 4625 3081 4691 Quid
3135 4641 3199 4680 ex
3225 4628 3481 4682 omnibus

1909 4732 2158 4785 magnam
2182 4718 2400 4772 Homeri
2444 4719 2642 4772 famam
2676 4718 2726 4772 in
2764 4716 3003 4770 furorem
3036 4716 3146 4785 egit
3175 4716 3199 4770 τ
3228 4715 3364 4770 Num
3404 4720 3479 4772 vi-

1909 4824 2095 4863 rorum
2154 4811 2374 4878 gloria?
2416 4810 2526 4876 Ego
2568 4811 2820 4863 virtutem
2865 4823 3073 4876 quaero,
3123 4820 3180 4862 et
3224 4811 3292 4862 ob
3339 4809 3479 4865 hanc

1909 4898 2053 4951 viros
2084 4899 2358 4952 celebrare
2387 4897 2564 4965 cupio.
2598 4896 2931 4964 Principium
2991 4896 3212 4948 virtutis
3242 4895 3476 4963 duplicia

1906 5000 2034 5043 sunt
2098 4990 2315 5055 indicia,
2352 5004 2474 5042 cum
2514 4989 2653 5057 regis
2682 4988 2918 5049 decreta,
2959 4996 3069 5039 tum
3127 4986 3471 5039 subditorum

1907 5096 2081 5136 amor.
2122 5081 2257 5135 Cum
2282 5081 2513 5135 subditis
2540 5095 2802 5145 amorem,
2856 5094 2975 5132 cum
3004 5079 3262 5147 operibus
3313 5089 3473 5134 natu-

1905 5188 2021 5225 ram
2058 5188 2155 5241 par
2193 5184 2274 5227 est
2306 5173 2666 5236 considerari,
2700 5181 2755 5224 et
2806 5170 3004 5239 aliquis
3033 5171 3267 5236 reperiet
3306 5184 3471 5238 opera

1903 5265 2128 5333 aequalia
2166 5280 2286 5316 cum
2348 5274 2561 5327 natura,
2596 5280 2622 5315 a
2653 5278 2759 5331 qua
2813 5261 3143 5329 diriguntur.
3204 5260 3470 5326 Quaenam

1904 5354 2227 5421 principium
2271 5365 2475 5407 natura}
2510 5355 2660 5422 signa
2700 5352 2722 5405 2
2762 5352 3029 5405 acerrimo
3078 5366 3197 5405 esse
3242 5350 3467 5419 judicio,

1492 5443 1729 5499 VARle
1770 5446 2174 5501 LECTIONES.

293 5538 487 5611 f'lEbv
506 5536 568 5591 C.
642 5538 690 5611 ’ξ
713 5538 1096 5611 ἐδημοσίευσεν
1127 5538 1189 5590 Α.
1245 5539 1309 5611 _“
1339 5539 1745 5611 φιλανθρωπίας

223 5607 517 5680 κνλάκ-ειον
547 5608 715 5680 [π.ᾹΑ,
747 5607 1051 5680 κυλάκκιον,
1092 5623 1173 5674 pr.
1223 5607 1284 5660 Ο.
1386 5610 1431 5641 ⁸³
1455 5607 1600 5680 Κὰρ]

224 5680 267 5711 ’ν
292 5678 443 5730 vocis
474 5678 733 5748 πατρίδος
772 5678 979 5732 litteras
1012 5676 1060 5729 ιδ
1102 5688 1377 5732 correctas
1436 5676 1599 5734 habet
1645 5680 1710 5734 A.

226 5750 275 5779 ’ν
315 5746 371 5797 αἱ
401 5761 511 5799 om.
536 5747 597 5799 Α.
698 5750 713 5779 ⁸
744 5762 863 5799 nua:
889 5758 1009 5799 oost
1047 5746 1204 5799 πόθοι
1226 5748 1582 5799 addebantur.
1629 5766 1710 5799 με·

227 5816 435 5869 τούτων
461 5832 523 5879 ς.

1777 5542 1827 5621 ,ἦ
1835 5560 1971 5629 ττῖων
1996 5541 2058 5629 C:

1656 5613 1842 5679 καρῶν
1864 5613 1923 5665 C.
2035 5614 2081 5649 ’δ
2100 5613 2415 5680 ἀποαλήσας
2432 5613 2492 5663 (2.
2599 5613 2755 5666 ⁹⁵τάς

1656 5680 1710 5734 Δ.
1741 5751 1752 5759 _
1818 5682 2186 5759 ”;rtpoo‘.;ttov
2206 5696 2318 5734 om.
2352 5695 2434 5747 pr.
2618 5678 2663 5709 “
2691 5675 2760 5758 τῷ

698 5750 713 5779 ³
744 5762 863 5817 qua:
888 5758 1009 5815 post
1047 5746 1204 5800 πόθοι
1226 5748 1582 5815 addebantur,
1628 5751 1766 5818 μετά
1824 5743 1954 5806 τῶδ’
1981 5743 2298 5821 ἀρχομένων
2327 5743 2376 5802 οἰ
2409 5749 2577 5813 μόοοι,
2606 5746 2760 5803 omisi
2800 5760 2921 5800 cum
2956 5743 3066 5799 AC.

2160 5543 2204 5573 "
2233 5541 2549 5593 σκυλάκειον
2600 5554 2744 5593 corr.
2770 5538 2832 5599 A,
2883 5535 3172 5588 σκυλάκιον
3228 5548 3371 5586 corr.
3406 5533 3469 5599 C,

2599 5608 2755 5666 ’δτάς
2806 5605 2847 5660 C
2886 5621 2897 5656 :
2931 5607 3054 5667 τοὺς
3085 5620 3147 5667 ς.
3224 5603 3269 5633 ’⁸
3286 5603 3372 5654 ὅτε
3403 5633 3472 5643 -

2618 5678 2663 5709 ⁸⁸
2691 5675 2800 5728 τῶν
2836 5673 3050 5773 dos.th
3101 5672 3365 5773 ἁρμάτων
3376 5673 3464 5773 p(1.

2618 5746 2760 5773 ...τηε
2802 5760 2920 5773 ιιι-ι...
2963 5745 2989 5773 Α
3193 5758 3285 5773 ροισι
3322 5758 3341 5773 ι
3452 5760 3464 5771 .

3193 5740 3466 5797 «sese:

2035 5614 2081 5649 ’δ
2100 5612 2415 5680 ἀποαλήσας
2432 5613 2492 5663 (Σ.
