4206 6436
764 337 899 399 1375

1848 330 2107 391 PHOTII
2150 327 2425 388 PATRIA
2436 329 2527 388 RC
2540 330 2665 388 ΗΕ
2703 330 2813 388 CP.

3896 328 4033 395 1378

760 448 976 505 sublimi
1027 445 1231 505 animo,
1270 444 1322 497 in
1368 441 1755 498 benefaciendo
1790 454 2122 512 promptum,
2171 441 2337 495 mori-

2444 443 2829 510 γνωρίσματα;
2878 436 3035 504 Ὀξὺς
3080 440 3364 509 φρόνησιν,
3417 442 3622 510 ὑψηλὸς
3669 439 3927 512 γνώμην,
3972 443 4029 494 εὖ

758 543 864 592 bus
893 550 1017 589 esse
1037 533 1409 602 popularibus,
1442 532 1752 601 eloquentia
1775 534 1819 586 si
1849 532 2138 586 dicendum
2170 540 2336 597 esset,

761 627 1021 679 Periclem
1080 625 1318 685 vincere,
1379 622 1426 675 si
1487 623 1618 689 quid
1668 623 1960 691 agendum,
2000 620 2337 675 Alcibiadem

768 716 991 775 imitari,
1022 714 1209 766 urbem
1262 711 1439 778 potius
1473 725 1680 774 amare,
1733 712 2110 778 pecuniasque
2159 710 2339 777 potius

762 815 1134 865 contemnere,
1158 801 1612 870 quemadmodum
1640 799 1907 855 Periclem
1960 802 2156 856 lecisse
2192 801 2336 853 dixi-

765 911 907 957 mus,
937 896 988 947 in
1026 895 1232 963 agendo
1284 893 1742 946 vehementiorem
1780 892 1949 945 multo
1968 908 2088 946 esse
2138 891 2336 955 Clinia,

765 987 831 1037 ad
862 987 1125 1051 agendum
1161 982 1241 1035 vel
1265 982 1383 1037 sine
1405 981 1653 1049 artelyra
1682 982 1874 1049 quavis
1899 983 2163 1049 aptiorem
2195 996 2336 1034 esse.

764 1075 949 1129 Talem
1005 1074 1240 1143 aliquem
1302 1074 1556 1126 Proteum
1632 1087 1756 1129 esse
1827 1071 2093 1142 Egyptia:
2146 1072 2341 1125 tabula:

761 1167 1069 1229 ostendunt,
1112 1181 1231 1217 cum
1264 1164 1512 1217 eumdem
1546 1181 1687 1218 nunc
1734 1166 1787 1217 in
1831 1179 2050 1232 aquam,
2088 1178 2234 1218 nunc
2284 1164 2337 1217 in

762 1260 1031 1320 arborem,
1079 1267 1133 1311 et
1189 1256 1464 1308 ﬂammam
1530 1265 1764 1308 mutant.
1850 1255 2339 1324 Protnptitudittem

762 1359 973 1403 natura:
995 1362 1091 1417 per
1127 1346 1229 1400 hoc
1254 1346 1568 1415 signiﬁcare
1598 1347 1807 1401 volunt.

802 1542 887 1597 Ea:
914 1546 1151 1597 oratione
1177 1546 1229 1597 in
1253 1540 1527 1595 Privatum
1553 1539 1866 1595 Romanum.
1897 1539 2313 1592 -Ρι-οωηιίιιηι.

833 1636 1000 1687 Amor
1017 1636 1153 1701 ignis
1175 1635 1409 1687 Eleusini
1433 1633 1600 1686 traxit
1625 1634 1788 1687 etiam
1811 1631 2173 1687 Anacharsim
2202 1630 2341 1699 Sey.

764 1724 911 1777 litant
944 1725 1009 1774 ad
1041 1724 1317 1791 mysteria.

926 1812 1011 1865 Ex
1040 1815 1296 1874 oratione,
1329 1828 1447 1863 cum
1484 1812 1737 1866 Corintho
1762 1828 1997 1865 reversus
2026 1820 2177 1864 esset.

836 1901 892 1956 Si
940 1916 1096 1953 casus
1143 1901 1336 1966 aliquis
1371 1914 1600 1967 corpora
1660 1910 1963 1969 separaret,
2002 1901 2184 1952 animo
2214 1908 2340 1950 tunc

762 1990 1224 2058 prospiciendum,
1250 2001 1301 2042 et
1329 2004 1514 2043 amore
1553 2005 1706 2043 amor
1747 1991 2051 2044 amicorum
2103 2003 2207 2040 non
2256 1997 2341 2041 est

762 2082 1147 2150 disjungendus
1181 2098 1196 2135 :
1247 2094 1483 2149 agnosco
1539 2080 1841 2147 alfectum‘;
1884 2081 2123 2134 animum
2162 2094 2339 2133 meum

760 2174 994 2241 explicat
1009 2171 1207 2238 poesis.

759 2266 960 2336 375a
996 2265 1041 2317 E
1062 2263 1416 2334 propemptica
1467 2263 1523 2313 in
1576 2260 1895 2328 Ampelt'um.
1924 2289 1994 2300 —
2024 2258 2337 2311 Exordium.

836 2425 996 2477 Solus
1022 2440 1052 2478 e
1103 2424 1329 2487 Grzecis,
1356 2438 1389 2476 ο
1426 2422 1816 2486 adolescentes,
1862 2422 2024 2489 ltujus
2083 2420 2229 2487 fugae
2265 2420 2343 2473 la-

761 2527 933 2579 queos
965 2514 1252 2579 reperiam.
1291 2513 1417 2566 lleri
1473 2511 1651 2580 fugam
1708 2514 1945 2567 minatus
1983 2522 2065 2566 est
2121 2526 2340 2575 currus,

764 2605 920 2656 hodie
950 2604 1102 2657 visus
1131 2613 1214 2657 est
1248 2604 1385 2657 meis
1425 2604 1631 2659 retibus
1663 2604 1992 2659 constrictus
2042 2616 2187 2656 esse.
2211 2600 2343 2656 Fer-

762 2709 851 2750 tur
886 2695 1196 2750 Alexander
1223 2697 1455 2750 vetustis
1490 2704 1543 2749 et
1578 2697 1860 2749 materiam
1914 2694 2213 2748 artiﬁcibus
2241 2695 2339 2748 de-

764 2789 930 2849 disse,
960 2788 1033 2839 ita
1063 2795 1120 2838 ut
1142 2785 1411 2855 Lysippus
1448 2786 1738 2853 etApelles
1756 2785 1988 2838 formam
2014 2785 2183 2851 ipsius
2215 2798 2343 2851 par-

766 2874 874 2938 titi,
900 2875 989 2927 ille
1018 2876 1231 2941 quidem
1272 2876 1568 2938 coloribus,
1602 2876 1690 2929 hic
1741 2890 1874 2929 vero
1934 2889 2042 2928 aere
2092 2886 2341 2926 naturam

766 2964 913 3032 regis
938 2964 1316 3033 explicuerint.
1365 2963 1501 3017 Cum
1547 2979 1672 3016 vero
1702 2965 1882 3017 oratio
1925 2978 2122 3031 corpus
2191 2971 2344 3015 tran-

764 3056 1057 3117 scendens,
1086 3070 1207 3108 cum
1238 3056 1402 3107 animi
1434 3063 1722 3108 venustate
1749 3064 1805 3108 et
1859 3054 2057 3107 decore
2116 3053 2343 3116 coniun-

2445 535 2620 584 ποιεῖν
2638 531 2855 593 ἄοκνος,
2912 530 3207 599 δημοτικὸς
3236 530 3328 583 τὸν
3358 531 3561 600 τρόπον
3581 547 3595 561 ’
3622 533 3670 583 εί
3712 532 3814 600 μὲν
3854 533 4029 582 εἰπεῖν

2443 621 2560 691 δέῃ.
2596 622 2688 673 τὸν
2722 619 2995 689 Περικλέα
3014 619 3207 684 νικῶν,
3238 621 3287 673 εί
3312 620 3369 673 δέ
3394 639 3449 674 τι
3469 622 3698 690 πρᾶξαι,
3727 622 3823 673 τὸν
3846 622 4027 674 Ἀλκι-

2446 713 2636 781 6ιάδην
2688 710 3047 781 μιμούμενος,
3081 711 3280 780 μᾶλλον
3308 711 3365 764 δὲ
3389 713 3482 765 καὶ
3506 712 4026 782 φιλόπολις[μᾶλλον

2444 802 2529 874 δὲ]
2564 802 2659 855 καὶ
2685 802 2981 871 χρημάτων
3013 802 3300 873 κρείττων,
3328 788 3465 873 ὅπερ
3494 803 3568 872 ³η
3610 803 3907 871 συγγραφὴ
3935 803 4027 853 τὸν

2445 892 2722 961 Περικλέα
2754 891 3148 961 προσείρηκεν,
3171 893 3228 943 ἐν
3246 891 3303 943 δὲ
3318 891 3398 960 τῷ
3425 892 3691 960 πράττειν
3726 891 3911 958 πολλῷ
3932 890 4025 952 τρῦ

2447 982 2699 1035 Κλεινίου
2748 981 3100 1051 θερμότερος,
3158 982 3377 1049 ἀπάσης
3435 980 3675 1052 ἀτεχνῶς
3730 980 3904 1049 λύρας
3964 981 4025 1032 ού

2449 1076 2599 1142 μεῖον
2630 1072 2768 1143 πρὸς
2806 1074 2989 1124 πᾶσαν
3022 1070 3224 1141 πρᾶξιν
3240 1071 3598 1139 εὐάρμοστος.
3618 1071 3879 1124 Τοιοῦτόν
3905 1089 4026 1124 τινα

2446 1167 2539 1217 καὶ
2569 1163 2662 1215 τὸν
2696 1163 2925 1235 Πρωτέα
2967 1164 3227 1231 γενέσθαι
3276 1163 3437 1233 μῦθοι
3488 1163 3741 1231 δηλοῦσιν
3772 1162 3898 1235 [6H
3934 1160 4024 1234 ﬂ.)

2446 1254 2757 1321 Αἰγύπτιοι.
2784 1255 2914 1305 ὅταν
2940 1254 3105 1306 αὑτὸν
3153 1253 3250 1306 νῦν
3305 1253 3407 1323 μὲν
3450 1255 3532 1317 είς
3558 1253 3703 1323 ὕδωρ
3734 1254 4026 1324 ἀμείῦουσι

2443 1347 2540 1399 νῦν
2564 1347 2621 1399 δὲ
2640 1348 2721 1409 είς
2743 1346 2958 1416 δένδρον
3012 1346 3109 1399 καὶ
3163 1346 3337 1415 φλόγα
3357 1363 3372 1377 ’
3399 1347 3461 1399 τὸ
3510 1347 3735 1401 εῠκολον
3781 1347 3894 1418 γάρ
3930 1350 4031 1416 τῆς

2448 1440 2664 1508 φύσεως
2691 1438 2779 1491 διὰ
2805 1438 2998 1490 τούτου
3029 1439 3273 1509 σημῆναι
3310 1439 3619 1508 βούλονται.

2447 1534 2545 1584 Ἐκ
2563 1531 2671 1584 τοῦ
2689 1533 2779 1595 είς
2816 1530 3110 1596 Ηριϐάτον
3141 1528 3449 1597 Ῥωμαῖον.
3476 1558 3549 1569 -—
3585 1529 3655 1582 Τὸ
3680 1532 4025 1597 Προοίμιον.

2520 1624 2737 1689 Ἥγαγε
2786 1621 2844 1672 δὲ
2899 1620 3008 1690 ἀρα
3066 1623 3096 1673 ό
3121 1620 3218 1673 τοῦ
3249 1622 3422 1690 πυρὸς
3456 1621 3552 1673 τοῦ
3584 1623 3706 1673 κατ’
3742 1621 4030 1673 Ἐλευσῖνα

2447 1715 2609 1776 πόθος
2638 1714 2735 1766 καὶ
2762 1713 3090 1782 ’Δνάχαρσιν
3107 1714 3201 1765 τὸν
3235 1713 3450 1783 Σκύθην
3479 1715 3573 1765 ἐπὶ
3616 1716 3922 1782 μυστήρια.

2546 1806 2649 1858 Ἐκ
2675 1804 2781 1857 τοῦ
2809 1804 2909 1857 ὅτε
2933 1804 3054 1857 ἀπὸ
3081 1802 3194 1869 τῆς
3214 1803 3508 1869 Κορίνθου
3549 1802 3919 1868 ἐπανῆλθεν.

2514 1898 2577 1950 Et
2596 1897 2653 1948 δὲ
2678 1897 2787 1965 ἄρα
2825 1895 2962 1965 τύχη
2996 1910 3083 1956 τις
3106 1894 3377 1962 διασχίζοι
3403 1893 3472 1946 τά
3500 1893 3754 1962 σώματα,
3791 1897 3862 1963 τῇ
3896 1892 4029 1963 γοῦν

2441 1992 2588 2060 ψυχῇ
2641 1987 2971 2059 προϐλέπειν
3024 1986 3120 2039 καὶ
3166 1985 3241 2055 μὴ
3299 1984 3381 2054 τῷ
3423 1986 3575 2054 πόθῳ
3618 1986 3729 2038 τῶν
3759 1986 4029 2037 παιδικῶν

2444 2077 2861 2149 ἀποσχίζεσθαι.
2891 2075 3149 2145 Γνωρίζω
3204 2073 3267 2125 τὸ
3310 2073 3516 2136 πάθος⁶
3554 2073 3694 2142 ὲμὴν
3728 2071 4029 2142 έρμηνεύει

2441 2171 2668 2241 γνώμην
2696 2170 2731 2237 ἠ
2757 2168 2997 2236 ποίησις.

2454 2266 2557 2318 Ἐκ
2586 2262 2697 2328 τῆς
2753 2262 2841 2321 είς
2910 2255 3249 2328 ἈμιτιῐέλιονΔ
3284 2250 3768 2323 Προπεμπτικῆς.
3824 2283 3899 2294 -
3953 2253 4026 2307 τὸ

3077 2324 3409 2393 προοίμιον.

2516 2421 2789 2491 Ἤμελλον
2816 2418 2948 2489 ἄρα,
2977 2410 3025 2469 ὧ
3046 2418 3257 2477 παῖδες,
3284 2414 3518 2484 ήμελλον
3569 2414 3729 2483 μόνος
3757 2413 4021 2482 εὑρήσειν

2455 2517 2723 2585 Ἐλλήνων
2754 2512 2855 2580 τῆς
2879 2509 3032 2563 τοῦδε
3065 2509 3245 2576 φυγῆς
3273 2508 3343 2560 τά
3396 2506 3669 2577 θήρατρα.
3715 2504 3862 2566 Χθὲς
3893 2504 4026 2573 δρα-

2445 2610 2581 2675 σμὸν
2606 2604 2825 2676 ἠπείλει
2848 2603 2943 2653 καὶ
2961 2600 3209 2668 ἅρματα,
3232 2599 3473 2666 τήμερον
3501 2596 3663 2664 ὤφθη
3712 2598 3827 2657 τοῖς
3863 2597 4021 2665 ἐμοῖς

2442 2701 2679 2761 δικτύοις
2723 2697 3019 2765 ἁλώσιμος.
3078 2691 3340 2745 Γενέσθαι
3386 2692 3485 2759 μὲν
3534 2691 3629 2742 καὶ⁵
3674 2689 4031 2757 Ἀλέξανδρον

2444 2795 2599 2862 λόγος
2632 2793 2752 2852 ταῖς
2777 2788 2943 2841 πάλαι
2994 2786 3210 2854 τέχναις
3267 2782 3579 2850 ἀγώνισμα,
3640 2781 3783 2833 ὥστε
3813 2781 3883 2847 δὴ
3935 2780 4031 2831 καὶ

2445 2885 2762 2953 νειμάμενοι
2784 2879 2881 2948 τὴν
2914 2878 3128 2945 μορφὴν
3160 2873 3326 2925 αὑτοῦ
3366 2873 3654 2933 Λύσιππος
3705 2870 3801 2923 καὶ
3834 2869 4033 2921 ’Δπελο

2442 2976 2561 3043 λῆς,
2589 2973 2742 3040 ὁμὲν
2771 2968 3105 3037 φαρμάκοις,
3157 2968 3187 3017 ό
3230 2964 3288 3015 δὲ
3339 2962 3527 3032 χαλκῷ
3562 2963 3663 3030 τὴν
3719 2961 3888 3028 φύσιν
3934 2960 4029 3012 τοῦ

2448 3064 2713 3134 βασιλέως
2746 3061 3121 3129 ἡρμήνευσαν.
3170 3054 3324 3105 Ἐπεὶ
3352 3052 3411 3105 δὲ
3437 3055 3466 3104 ὁ
3492 3049 3651 3117 λόγος
3689 3050 3940 3119 ὑπερὸἀς
3971 3050 4032 3102 τὺ

767 3155 945 3209 gatur.
974 3144 1056 3197 Sit
1090 3153 1145 3197 et
1172 3144 1285 3197 haec
1310 3158 1435 3197 vera
1500 3143 1848 3203 delineatrix,
1904 3142 2106 3195 nullum
2143 3141 2333 3209 guber-

2450 3154 2610 3223 σῶμα
2636 3151 2817 3219 ψυχῆς
2841 3147 3020 3215 ὁμιλεῖ
3040 3147 3063 3175 ⁸
3095 3145 3192 3197 καὶ
3216 3145 3238 3175 ⁸
3290 3143 3478 3195 κάλλει
3518 3142 3612 3194 καὶ
3648 3141 3899 3210 χάρισιν,
3942 3140 4027 3207 εἴη

767 3243 1014 3287 natorem
1055 3233 1284 3299 peritum
1316 3234 1460 3287 omni
1507 3234 1710 3288 habens
1757 3232 2121 3298 navigatione.
2152 3230 2339 3283 lnlini-

770 3335 880 3376 tum
908 3339 1030 3376 cum
1057 3324 1237 3390 inopia
1278 3324 1649 3378 confunditur.
1698 3324 2031 3377 Exercitatio
2060 3323 2343 3389 praesumit

767 3428 939 3469 artem
965 3431 1125 3484 quam
1145 3416 1354 3469 didicit.
1389 3416 1428 3469 E
1450 3418 1759 3470 carceribus
1790 3419 1855 3469 ad
1886 3416 2088 3469 calcent
2120 3430 2340 3469 cursum

767 3505 1002 3574 dirigite.
1036 3504 1235 3559 Facilis
1261 3507 1351 3559 est
1376 3507 1683 3560 communis
1707 3507 1820 3560 haec
1878 3516 1962 3560 est
2015 3510 2200 3562 virtus.
2236 3508 2346 3561 Mu-

770 3595 879 3647 lum
913 3594 1118 3648 odisti?
1183 3610 1303 3647 cum
1356 3596 1498 3648 malo
1527 3598 1690 3649 etiam
1738 3597 1931 3650 bellum
1960 3600 2145 3667 gessit.
2199 3600 2345 3667 Inju-

768 3695 972 3739 storum
988 3698 1235 3739 naturam
1275 3690 1538 3741 donorum
1568 3686 1786 3759 fugisti!
1816 3690 1945 3757 ipsa:
1964 3690 2126 3743 etiam
2153 3692 2344 3744 animae

768 3778 1116 3845 sumjanuam
1142 3780 1402 3832 damnoso
1433 3795 1585 3842 auro,
1618 3780 2000 3849 iustitiamque
2029 3784 2342 3850 coarguenti

768 3869 1016 3922 occlusit.
1077 3866 1313 3922 Noverat
1359 3871 1504 3922 enim
1551 3870 1839 3937 justitiam,
1889 3888 1993 3926 non
2045 3887 2165 3927 esse
2219 3890 2341 3927 cum

767 3956 1023 4010 tenuibus
1060 3957 1252 4025 Opibus
1303 3956 1600 4022 infamiam,
1657 3960 1751 4013 sed
1830 3975 1952 4012 cum
2001 3960 2345 4026 improbitate

772 4048 1010 4112 divitias,
1066 4048 1251 4101 virtuti
1303 4048 1554 4103 inimicas
1605 4060 1661 4102 et
1712 4050 1918 4117 gloriae.
1950 4048 2073 4104 Haec
2131 4052 2340 4105 initiutn

769 4137 984 4193 laudum
1007 4149 1108 4203 est,
1129 4141 1253 4207 quia
1271 4151 1326 4194 et
1355 4140 1565 4193 initium
1595 4157 1794 4195 rerum.
1818 4142 1931 4196 Hoc
1956 4158 2083 4195 vero
2122 4143 2341 4206 deinde,

768 4230 899 4302 quid
960 4231 1082 4299 quis
1148 4230 1407 4285 dixerit?
1460 4231 1588 4300 quid
1638 4234 2010 4288 observaverit
2050 4216 2342 4289 i'Discere

768 4319 918 4373 enim
953 4319 1222 4372 infinitum
1256 4328 1361 4384 est,
1395 4337 1499 4373 non
1525 4321 2040 4391 dicere,ingratum.
2077 4323 2343 4388 Quemad-

769 4414 1076 4465 modumilli
1097 4414 1187 4481 qui
1205 4414 1459 4481 pulchras
1481 4424 1691 4469 statuas
1717 4416 2015 4481 intuentur,
2042 4419 2333 4484 conjiciunt

2450 3248 2519 3299 ἂν
2550 3245 2643 3297 καὶ
2661 3237 2814 3302 οὗτος
2847 3238 3082 3307 ἀψευδὴς
3120 3236 3431 3303 ζωγράφος,
3469 3235 3544 3302 μὴ
3570 3234 3662 3285 τὸν
3722 3233 4031 3301 πρωράτην

2446 3336 2783 3403 ἐπιστήμονα
2846 3329 2995 3397 πάσῃ
3028 3325 3281 3394 ναυτιλίᾳ
3356 3324 3741 3393 κτησάμενοςο
3796 3324 3861 3375 τὸ
3921 3324 4029 3391 γάρ

2444 3429 2669 3494 ἄπειρον
2698 3424 2793 3474 ἐπὶ
2809 3420 2910 3487 τῆς
2939 3419 3127 3487 χρείας
3156 3417 3511 3484 ταράττεται,
3544 3414 3603 3465 τὸ
3633 3413 3691 3465 δὲ
3718 3414 4030 3483 μελετῆσαν

2444 3518 2638 3587 θαρρεῖ
2672 3514 2773 3583 τὴν
2791 3510 2987 3581 τέχνην
3036 3509 3101 3578 ἢν
3135 3506 3358 3576 ἔμαθεν.
3390 3506 3488 3557 Ἐκ
3536 3504 3723 3556 πυλῶν
3786 3505 3872 3566 είς
3906 3506 4031 3557 νύσ-

2447 3627 2546 3661 σαν
2578 3608 2693 3658 ῐσον
2715 3605 2807 3656 τὸν
2843 3601 3044 3671 δρόμον
3078 3597 3315 3650 ίθύνατε.
3356 3597 3533 3664 "pio;
3564 3591 3648 3657 ei;
3691 3596 3873 3647 κοινὸν
3930 3599 4025 3648 καὶ

2443 3695 2603 3750 τοῦτο
2635 3692 3039 3758 πλεονέκτημα.
3107 3686 3323 3740 Κακίαν
3381 3687 3595 3754 iussn;
3634 3685 3852 3755 κακίᾳσ
3908 3703 4029 3737 συν-

2444 3785 2903 3855 επεστράτευσεν.
2969 3777 3196 3830 ’Δδξκων
3237 3776 3427 3845 δώρων
3484 3775 3768 3839 ὲξέκλινας
3827 3777 4025 3843 (pacm;

2443 3880 2735 3935 ἀπέκλεισε
2758 3875 2855 3927 καὶ
2875 3866 3030 3933 οὗτος
3056 3869 3157 3931 τάς
3206 3869 3307 3935 τῆς
3352 3867 3533 3936 ψυχῆς
3566 3867 3742 3929 πύλας
3793 3867 4024 3939 bamus}

2443 3969 2629 4041 χρυσῷ
2658 3967 2754 4019 καὶ
2780 3960 3129 4029 δικαιοσύνην
3158 3958 3459 4026 ἐλέγχοντι.
3495 3958 3679 4024 Ἔγνω
3705 3958 3819 4023 γὰρ
3854 3958 3934 4020 ὡς
3966 3961 4024 4011 ος,

2441 4058 2754 4127 δικαιοσύνη
2777 4056 2874 4106 σὺν
2900 4052 3102 4118 ὀλίγοις
3128 4049 3320 4118 ψόγος,
3350 4047 3486 4099 ἀλλά
3517 4047 3616 4098 σὺν
3643 4048 3835 4115 ἀδικία
3866 4048 4026 4101 πλοῦ-

2441 4170 2532 4215 τος
2558 4149 2749 4220 ἐχθρὸς
2779 4146 2977 4216 ἀρετῆς
3016 4141 3112 4193 καὶ
3153 4138 3247 4191 τοῦ
3304 4137 3704 4207 θαυμάζεσθαι.
3749 4138 3905 4209 Αὕτη
3964 4140 4025 4209 δὴ

2445 4244 2636 4314 πρώτη
2650 4240 2759 4292 τῶν
2785 4232 3077 4303 ἐγκωμίων
3107 4230 3271 4301 ἀρχὴ,
3300 4231 3382 4282 ὅτι
3412 4231 3505 4282 καὶ
3536 4230 3680 4300 ἀρχὴ
3698 4230 3718 4260 ⁷
3746 4231 3860 4283 τῶν
3883 4234 4019 4303 πρά.

2445 4336 2599 4399 ξεων.
2641 4331 2715 4383 Τὸ
2746 4328 2801 4381 δὲ
2837 4325 2975 4396 μετά
3005 4321 3166 4376 τοῦτο
3192 4322 3244 4372 τί
3276 4321 3376 4390 μὲν
3410 4322 3554 4373 εἴποι
3583 4338 3692 4385 τις,
3725 4322 3780 4374 τί
3837 4323 3898 4374 δὲ
3925 4341 4025 4390 φυ-

2449 4426 2703 4488 λάξαιτος
2738 4418 2833 4471 καὶ
2887 4416 2995 4485 γάρ
3051 4413 3112 4465 τὸ
3168 4412 3350 4479 λέγειν
3402 4411 3626 4481 ἄπορον,
3687 4413 3786 4463 καὶ
3843 4414 3907 4465 τὸ
3953 4416 4025 4482 μὴ

766 4505 953 4557 oculos
981 4503 1031 4555 in
1057 4520 1173 4556 eam
1194 4520 1311 4572 qua“:
1337 4507 1512 4575 primo
1543 4508 1797 4573 occurrit,
1821 4508 2013 4563 deinde
2036 4511 2195 4563 aliam
2222 4523 2341 4580 post

2444 4486 2622 4581 λέγειν
2642 4509 2960 4580 ἀχάριστον.
3012 4504 3227 4572 Ὠσπερ
3282 4500 3393 4570 γὰρ
3445 4502 3495 4554 οί
3538 4502 3609 4553 τὰ
3663 4502 3887 4572 κάλλη⁸
3919 4505 4027 4555 τῶν

767 4595 927 4646 aliam
953 4605 1264 4659 spectantes
1304 4596 1735 4665 dubitantquam
1781 4600 1929 4667 prius
1978 4602 2337 4670 conspiciant.

764 4685 953 4739 Potius
982 4700 1109 4739 vero
1138 4686 1287 4754 (quid
1310 4687 1451 4739 enim
1480 4688 1607 4740 mihi
1647 4704 1783 4755 opus
1818 4690 2035 4759 antiqua
2094 4692 2345 4752 similitu-

762 4775 894 4829 dine
915 4775 957 4844 ἲ)
1018 4784 1075 4828 ιιι
1113 4776 1145 4828 ii
1168 4775 1254 4842 qui
1279 4775 1511 4843 aliquam
1540 4792 1570 4831 e
1601 4778 1781 4833 multis
1820 4781 1975 4836 novis
2007 4782 2200 4836 statuis
2236 4797 2337 4836 no-

767 4884 889 4921 vam
916 4870 1118 4931 vident,
1155 4869 1399 4935 aspicere
1424 4871 1734 4924 summatim
1774 4846 1987 4928 omnes”
2018 4888 2048 4928 e
2098 4874 2342 4943 pulchri-

768 4959 955 5012 tudine
977 4975 1097 5027 quze
1118 4970 1221 5025 est,
1256 4960 1307 5011 in
1346 4968 1461 5014 toto
1505 4961 1834 5018 circumfusa
1876 4975 2162 5035 coguntur,
2215 4981 2339 5036 par-

768 5049 1029 5102 ticulatim
1062 5049 1305 5103 veroalia
1332 5050 1439 5103 alio
1486 5052 1716 5105 ducente
1764 5054 2137 5121 cupiditatem,
2166 5054 2341 5107 admi—

2444 4603 2775 4672 ἀγαλμάτων
2830 4594 3094 4664 θεώμενοι
3137 4591 3354 4661 ἐχονται
3394 4590 3493 4659 μὲν
3532 4593 3659 4653 τοὺς
3708 4591 4027 4661 ὀφθαλμοὺς

2445 4696 2548 4750 ὑπὸ
2578 4690 2672 4745 τοῦ
2707 4686 2922 4757 πρώτου
2950 4682 3408 4754 προσπίπτοντος,
3448 4683 3914 4751 μεταδιδάξοντες
3967 4688 4023 4737 δὲ

2445 4787 2634 4841 ἄλλοτε
2669 4780 2755 4832 ἐπ’
2787 4777 2914 4831 ἄλλο
2938 4774 3037 4844 τὴν
3072 4774 3199 4825 Θέαν
3251 4773 3550 4842 ἀποροῦσιν
3578 4775 3608 4825 ὃ
3661 4790 3717 4825 τι
3767 4776 4026 4845 πρῶτονι

2445 4877 2745 4929 θεάσωνται
2770 4884 2785 4900 ο
2818 4864 3019 4936 μᾶλλον
3051 4862 3212 4928 eum
3263 4863 3373 4932 γάρ
3402 4879 3490 4931 μοι
3513 4862 3595 4914 δεῖ
3649 4863 3893 4926 παλαιᾶς
3948 4868 4027 4917 εξ-

2446 4966 2653 5030 κόνοςς)
2684 4962 2872 5027 ὥσπερ
2894 4958 2945 5009 οἴ
2973 4974 3024 5007 τι
3047 4954 3156 5006 τῶν
3183 4953 3319 5006 νέων
3343 4954 3406 5024 δη
3416 4972 3651 5025 μιουργη
3662 4957 3851 5024 μάτων
3894 4956 4029 5008 θεώ-

2442 5078 2589 5134 μενοι
2618 5059 2659 5087 ¹⁶
2687 5051 3051 5125 προσὸλέπειν
3078 5047 3176 5117 μὲν
3204 5046 3406 5099 ἅπασιν
3421 5046 3633 5115 ἀθρόως
3664 5048 3769 5100 ὑπὸ
3786 5048 3916 5118 [612
3936 5048 4025 5118 Η.)

765 5139 981 5194 ratione
1014 5141 1384 5209 spectaculum
1413 5141 1741 5211 abrumpunt
1777 5144 1897 5198 :sic
1949 5154 2004 5199 et
2060 5147 2198 5199 iacta
2253 5156 2340 5200 tua

2444 5153 2532 5207 τοῦ
2562 5141 2998 5218 περικεχυμένου
3029 5139 3106 5203 τῷ
3137 5138 3301 5191 παντὶ
3357 5138 3584 5200 κάλλους
3628 5138 3933 5207 βιάζονται.
3967 5143 4024 5192 ὲν

764 5230 1006 5299 undique
1064 5232 1439 5285 convenientia
1497 5232 1655 5286 aliam
1710 5235 1992 5289 historiam
2046 5238 2340 5305 postulant,

764 5338 871 5377 nec
897 5324 978 5377 Itis
1006 5324 1272 5377 orationis
1298 5325 1546 5379 terminis
1583 5327 1780 5381 includi
1810 5329 2015 5382 volunt.
2041 5329 2173 5396 Quis
2199 5330 2339 5383 facta

768 5414 1172 5483 veljustitiam,
1212 5417 1295 5471 vel
1329 5418 1595 5486 privatam
1625 5434 1868 5488 operam,
1906 5422 1987 5475 vel
2030 5422 2340 5489 reipublicae

2444 5242 2600 5314 μέρει
2630 5237 2688 5290 δὲ
2742 5234 2899 5289 ἄλλου
2955 5228 3178 5281 ἄλλοθεν
3222 5228 3679 5297 δημαγωγοῦντος
3722 5230 3815 5282 τὸν
3853 5230 4021 5282 πόθον

2443 5331 2722 5401 σχίζονται
2779 5325 2880 5392 τὴν
2930 5321 3059 5374 θέαν
3086 5317 3165 5386 τῷ
3192 5318 3453 5384 θαύματι,
3519 5317 3685 5389 [1N0
3736 5317 3829 5389 8.]
3881 5319 4024 5371 οὕτω

2450 5426 2546 5478 καὶ
2568 5421 2626 5474 αἱ
2662 5418 2754 5471 σαὶ
2786 5413 3011 5486 πράξεις
3051 5412 3222 5463 πᾶσαι
3262 5409 3600 5479 πανταχόθεν
3638 5411 4023 5479 προσπίπτον-

2041 5552 2272 5607 VARle
2314 5547 2715 5606 LECTIONES.

847 5636 867 5667 ⁸
897 5636 1034 5717 ὅπερ
1082 5637 1320 5717 “fortasse
1347 5712 1359 5717 _
1392 5643 1671 5717 legendum
1729 5646 1894 5717 ἢπερ.

774 5704 1211 5777 “'erusdorlius:
1242 5712 1359 5767 libri
1397 5704 1609 5777 κακίας.
1708 5716 1726 5746 ⁷

775 5776 823 5806 ¹⁶
853 5776 1131 5830 θεάσονται
1150 5794 1211 5841 ς.

2007 5647 2228 5716 δόμιλεῖ
2285 5646 2686 5716 Wernsdorlius
2746 5655 2761 5693 :

1708 5716 1726 5746 ⁷
1760 5717 1839 5768 ὅτι
1880 5716 1973 5769 καὶ
2026 5718 2167 5787 ἀρχὴ
2208 5733 2317 5772 om.
2352 5717 2411 5772 (Σ.

3356 5632 3378 5664 ³
3400 5633 3496 5685 καὶ
3523 5646 3632 5685 nm.
3658 5631 3723 5687 C.
3808 5631 3830 5663 ⁸
3854 5627 4021 5695 κακία

2840 5634 2959 5689 libri
3031 5634 3243 5701 ὡμίλει.

3642 5702 3666 5733 ⁹
3706 5700 3923 5773 πρῶτον
3959 5714 4016 5760 ς.

2512 5717 2534 5749 ⁸
2567 5712 2738 5780 κάλλη
2790 5716 2911 5778 post
2949 5704 3285 5775 ἀγαλμάτων
3307 5704 3456 5772 ponit
3486 5702 3545 5757 C.
