4206 6436
214 430 357 497 13¹Π
1244 436 1774 498 BlBLIOTHECA.
1797 462 1867 473 —
1903 438 2068 502 COD.
2106 440 2414 503 CCXLI“.
3345 442 3482 509 1378

212 562 311 601 σαι
359 542 602 616 ἱστορίαν
626 543 794 613 ἄλλην
828 541 1104 612 ζητοῦσιν,
1160 542 1274 597 ἀλλ’
1314 545 1375 596 ού
1408 546 1502 598 τὸν
1550 546 1791 616 παρόντα

1898 561 2083 614 curas,
2110 549 2307 620 inopia:
2333 550 2752 620 providentiam,
2783 552 2867 607 vel
2902 553 3232 623 principium
3262 563 3478 626 tempe-

208 636 328 689 τῶν
358 636 533 701 λόγων
554 635 725 704 νόμον
758 636 1064 704 ἀνέχονται.
1097 635 1209 697 ’Υάς
1233 636 1460 703 πράξεις
1487 638 1617 707 είπῃ
1647 655 1730 699 τις
1756 637 1789 707 ἢ

1899 640 2129 692 rantiam
2172 655 2295 694 cum
2330 642 2642 706 clementia,
2671 642 2852 697 dicere
2888 645 3110 712 posset?
3156 645 3386 714 Propter
3430 659 3487 703 te

208 728 525 791 τὰςδίκας;
554 727 636 798 [ﬁ]
688 728 789 797 τὴν
838 727 897 778 tv
926 727 1082 796 μέρει
1134 727 1370 797 σπουδὴν
1408 729 1441 797 ἦ
1499 730 1599 791 τάς
1653 730 1791 797 ὑπὲρ

1900 726 2095 796 Sparta
2138 729 2411 782 sordidum
2476 730 2686 783 crinem
2741 731 2793 782 in
2845 740 3129 785 venustam
3195 732 3480 786 caesariem

208 821 325 872 τιῖιν
344 821 479 873 ὅλων
501 819 820 888 φροντίδαςς
846 819 1036 881 πενίας
1061 819 1367 889 πρόνοιανῆ
1395 820 1485 871 τὸν
1507 820 1604 871 σὺν
1626 821 1796 889 πραό-

207 928 341 981 τητι
374 910 483 962 τῶν
510 909 945 962 δυναστευόντων
976 910 1388 978 σωφρονισμόν;
1437 909 1593 962 Ἀλλά
1616 910 1706 962 διὰ
1735 909 1794 963 at

210 1007 311 1056 καὶ
341 1004 563 1073 Σπάρτη
588 1003 793 1071 τρυφᾷ,
847 1002 1107 1066 ῥυπῶντα
1137 1002 1422 1070 πλόκαμον
1486 1004 1565 1063 είς
1592 1002 1790 1071 εὐανθῆ

209 1097 394 1165 κόμην
426 1095 729 1164 ἀμείψασα.
758 1093 862 1146 Τὸν
885 1096 941 1147 δὲ
991 1094 1221 1163 ἄπειρον
1255 1094 1365 1146 τῶν
1418 1094 1794 1161 οίκοδομημά-

208 1204 325 1238 των
352 1184 508 1254 ὄχλον
542 1185 625 1246 τίς
651 1185 716 1237 ἂν
747 1184 867 1237 κατ’
894 1184 1051 1249 ἀξίαν
1082 1183 1372 1252 δηλώσειες
1406 1184 1668 1251 Περικλεί
1696 1184 1792 1253 μὲν

209 1275 530 1344 προπύλαια
580 1274 717 1343 πρὸς
763 1274 1077 1341 φιλοτιμίαν
1126 1275 1285 1343 ἢρκει
1337 1274 1432 1326 καὶ
1483 1272 1791 1342 παρθενὼν,

207 1368 309 1418 καὶ
337 1362 483 1425 οἶκος
503 1365 716 1435 Δαρείῳ
736 1364 1028 1432 βασίλειος,
1046 1365 1139 1416 καὶ
1169 1363 1413 1432 ἄμπελος
1454 1363 1793 1436 Ἀρταξέρξῃ

206 1458 415 1527 χρυσῆ,
455 1455 731 1526 Θεοδώρου
780 1456 985 1523 Σαμίου
1030 1456 1263 1525 ποίημα.
1308 1438 1582 1523 ἄχρηστον
1634 1455 1794 1525 ἔργον

204 1548 529 1617 τρυφῶντος
544 1548 725 1617 Μήδου
755 1547 895 1599 κατά
919 1547 1018 1615 τῆς
1038 1546 1274 1614 φύσεως.
1315 1548 1386 1599 Σὺ
1421 1546 1479 1599 δὲ
1506 1547 1569 1598 ἐκ
1603 1546 1793 1598 Πυλῶν

208 1640 521 1710 ἀρξάμενος
549 1641 675 1708 ἄχρι
705 1639 799 1691 καὶ
822 1638 1231 1707 Πελοποννήσου
1270 1638 1443 1707 μυχοῦ
1489 1638 1671 1691 πάντα
1702 1638 1793 1691 τὸν

206 1730 271 1780 tv
315 1730 467 1797 μέσῳ
490 1728 655 1797 τόπον
681 1728 865 1790 πόλεις
918 1727 1231 1795 ἀπέφηνας.
1282 1726 1566 1789 Στενωπός
1606 1743 1691 1789 τις
1724 1722 1792 1796 ἦν

206 1821 544 1883 Κολυττὸςη
577 1818 722 1872 οὕτω
763 1818 1098 1890 καλούμενος
1142 1822 1199 1871 tv
1240 1818 1320 1888 τῷ
1353 1819 1670 1889 μεσαιτάτῳ
1692 1817 1791 1887 τῆς

204 1914 444 1979 πόλεως,
492 1913 669 1983 δήμου
711 1912 811 1983 μὲν
854 1912 1056 1981 έχωνη
1106 1911 1416 1981 ἑπιὶινυμον,
1477 1913 1686 1981 ἀγορᾶς
1733 1911 1789 1963 δὲ
1823 1897 1864 1951 Β

202 2007 373 2076 χρείςι⁵
402 2007 731 2074 τιμώμενος.
763 2007 915 2058 Κατὰ
944 2004 1010 2075 δὴ
1052 2005 1210 2068 κλέος
1238 2006 1301 2058 τὸ
1356 2005 1527 2058 πάλαι
1568 2002 1791 2072 ἔρχεται

202 2100 304 2151 καὶ
324 2093 475 2160 οὗτος
502 2098 595 2151 ἐπὶ
623 2097 716 2150 τὸν
764 2098 949 2162 τόπον,
999 2097 1103 2150 ὑπὸ
1147 2097 1248 2166 τῆς
1288 2097 1480 2167 φήμης
1527 2095 1791 2167 δημαγω-

202 2190 496 2260 γούμενος.
547 2190 694 2242 Ἰδὼν
716 2190 774 2242 δὲ
816 2190 915 2259 τὴν
959 2190 1057 2258 μὲν
1109 2189 1272 2256 φύσιν
1309 2190 1526 2259 ήγάσθη
1575 2188 1665 2241 τοῦ
1692 2188 1786 2241 τό·

202 2286 431 2353 που,τῇ
469 2285 783 2351 κατασκευῇ
844 2284 900 2335 δὲ
948 2281 1191 2353 ήσχύνθη
1228 2281 1443 2355 [πλέονῙ
1497 2281 1641 2353 ὑπὲρ
1693 2282 1795 2352 τῆς

202 2374 439 2435 πόλεως,
471 2374 532 2425 οὐ
551 2372 659 2442 μὴν
685 2373 862 2440 ἀφῆκε
906 2373 1072 2424 πλέον
1125 2372 1447 2442 ἑρυθριᾶσαι
1494 2373 1595 2443 τὴν
1632 2372 1786 2425 πόλιν

202 2466 303 2517 ἐπὶ
336 2464 414 2533 τῷ
444 2466 755 2532 πράγματι.
786 2465 857 2517 Σὺ
892 2463 985 2516 καὶ
1014 2465 1141 2526 τοὺς
1174 2464 1379 2533 μύθους
1410 2466 1637 2527 πιστοὺς
1685 2466 1788 2517 άπ-

203 2556 441 2620 έδειξας,
464 2557 545 2608 ὅτι
561 2557 735 2607 στένει
754 2557 846 2607 καὶ
873 2555 1018 2616 λίθος
1049 2555 1091 2586 ¹⁸
1114 2554 1253 2624 ἐρῶν
1268 2556 1363 2608 καὶ
1384 2555 1554 2608 λείϐει
1579 2555 1789 2625 δάκρυα

1897 826 2263 878 commutans,
2300 818 2352 869 in
2393 816 2603 871 deliciis
2642 818 2774 886 agit.
2809 818 2944 885 Quis
3000 820 3270 874 inﬁnitam
3311 820 3485 883 aedili-

1894 906 2103 960 ciorum
2157 908 2364 974 copiam
2417 922 2516 976 pro
2578 909 2841 977 dignitate
2905 913 3238 965 recenseat?
3284 910 3481 981 3756

1899 996 2123 1053 Sull'ecit
2170 997 2364 1053 Pericli
2409 1002 2475 1053 ad
2512 1002 3043 1056 commendationem
3077 1001 3378 1073 Propylzea,
3428 1014 3484 1058 et

1895 1090 2233 1155 Parthenon,
2265 1100 2320 1144 et
2362 1091 2528 1145 Dario
2553 1094 2748 1147 domus
2778 1094 2994 1162 regalis,
3025 1109 3307 1162 aureaque
3352 1096 3483 1150 vitis

1896 1183 2186 1235 Artaxerxi
2234 1182 2504 1236 Theodori
2546 1184 2715 1238 Samii
2760 1202 2936 1254 opus,
2986 1203 3110 1241 cum
3149 1188 3337 1243 Medus
3387 1189 3478 1245 illo

1898 1274 2093 1327 inutile
2125 1275 2226 1327 hoc
2267 1289 2403 1342 opus
2434 1278 2668 1331 adversa
2703 1287 2895 1330 natura
2926 1279 2977 1332 in
3002 1279 3211 1334 deliciis
3230 1280 3481 1335 haberet.

1896 1363 1975 1418 Tu
2016 1375 2195 1418 autem
2233 1380 2262 1417 a
2293 1364 2671 1435 Thermopylis
2698 1367 2982 1436 incipiens,
3006 1370 3073 1421 ad
3102 1385 3273 1436 usque
3302 1382 3481 1425 extre-

1897 1473 2039 1510 mum
2073 1455 2431 1523 Peloponnesi
2468 1472 2770 1522 recessum,
2796 1475 3012 1512 onmem
3033 1460 3210 1513 locum
3240 1463 3478 1515 medium

1894 1547 2189 1601 urbesesse
2212 1546 2520 1602 ileclarasti.
2546 1547 2907 1617 Fuitquidam
2961 1552 3110 1604 vicus
3144 1550 3390 1621 Colytlas
3425 1554 3479 1606 in

1894 1639 2042 1692 urbis
2071 1638 2367 1691 meditullio
2398 1642 2687 1703 vocitatus,
2709 1641 2883 1708 populi
2910 1642 3128 1709 quidem
3158 1645 3362 1697 habens
3380 1659 3483 1699 no-

1895 1744 2039 1792 men.
2060 1729 2154 1784 sed
2183 1729 2284 1782 fori
2310 1745 2407 1782 usu
2433 1729 2687 1792 celebris.
2714 1732 2966 1800 antiquus
2990 1734 3184 1803 gloria,
3218 1736 3363 1787 venit
3389 1736 3479 1789 ille

1896 1819 1999 1871 huc
2021 1820 2160 1871 fama
2184 1816 2605 1873 ductus.Videns
2625 1835 2755 1874 vero
2775 1830 3021 1875 natnram
3047 1823 3145 1878 loci
3176 1825 3477 1879 admiratus

1892 1922 1975 1964 est
1998 1929 2011 1963 :
2031 1918 2223 1965 ornatu
2248 1925 2375 1964 vero
2397 1912 2546 1965 urbis
2567 1913 2739 1981 magis
2754 1912 3012 1969 confusus
3042 1924 3145 1977 est,
3172 1930 3276 1969 non
3295 1926 3475 1971 tamen

1891 2000 2057 2054 desiit
2085 2000 2137 2053 in
2182 2015 2239 2054 re
2276 2002 2513 2068 gerenda
2552 2011 2775 2071 propter
2801 2004 2987 2059 urbem
3033 2006 3239 2074 pudore
3265 2007 3479 2063 sull'un-

1892 2092 1969 2146 di.
1993 2089 2072 2145 Tu
2097 2107 2226 2147 vero
2254 2092 2470 2148 tabulas
2509 2094 2797 2148 credibiles
2827 2110 2948 2150 esse
2971 2098 3281 2153 ostendisti.
3333 2098 3473 2154 Cum

1894 2187 2098 2255 lapides
2128 2189 2205 2242 tui
2231 2198 2477 2243 amantes
2508 2189 2886 2258 ingemiscant,
2915 2202 2969 2245 et
2993 2190 3260 2261 lacrymas
3290 2191 3462 2245 libent

1894 2278 2041 2331 velut
2087 2279 2154 2330 ab
2191 2291 2371 2332 amata
2414 2290 2702 2348 separatus
2741 2278 2930 2334 furtim
2964 2282 3228 2344 amasius,
3266 2290 3324 2333 nt
3371 2296 3474 2351 ego

1894 2384 2109 2431 vereor.
2148 2386 2216 2423 ne
2250 2370 2326 2424 tui
2359 2371 2688 2427 desiderium
2727 2372 2983 2426 damnum
3016 2374 3223 2441 aliquot
3247 2374 3481 2435 excitet,

1896 2470 1953 2515 et
1989 2461 2156 2531 aliqui
2207 2470 2457 2515 naturam
2483 2472 2900 2529 commutantes,
2938 2464 2990 2518 in
3025 2464 3214 2520 ﬂorem
3250 2475 3344 2519 aut
3383 2479 3472 2519 ar-

1909 2552 2096 2607 borem
2125 2553 2372 2606 conversi
2399 2552 2577 2606 fabula
2612 2555 2847 2608 absurda
2881 2556 3030 2608 liant.

202 2654 406 2722 ὥσπερ
437 2652 671 2722 ἐραστής
708 2654 805 2719 τῆς
836 2651 1119 2721 ἐρωμένης
1142 2651 1540 2720 κλεπτόμενος·
1574 2652 1650 2714 ῶς
1684 2649 1795 2718 ἐγὼ
1832 2648 2047 2703 δέδοικα
2114 2649 2187 2718 μή
2213 2666 2267 2700 τι
2305 2648 2397 2701 καὶ
2434 2650 2605 2711 πάθος
2630 2652 2658 2701 6
2696 2650 2824 2720 περὶ
2857 2650 2915 2702 σὲ
2948 2650 3112 2715 πόθος
3145 2651 3471 2736 ἐργάσηται,

201 2745 304 2797 καί
330 2762 473 2808 τινες
510 2745 609 2815 τὴν
673 2744 835 2812 φύσιν
882 2743 1214 2813 ἀμείψαντες
1268 2742 1387 2798 εἶτα
1446 2745 1595 2811 ξένον
1673 2744 1842 2814 μῦθον
1874 2742 2229 2812 γεννήσωσιν,
2254 2742 2475 2811 άνθοςῆ
2532 2741 2747 2812 δένδρον
2784 2743 3085 2813 γενόμενοι.

199 2861 315 2914 ἐκ
337 2860 441 2913 τοῦ
462 2862 549 2925 είς
583 2860 921 2914 Ἁνατόλιον
944 2860 1237 2929 ὕπαρχον.
1263 2890 1333 2903 —-
1359 2860 1426 2915 Τὸ
1449 2861 1782 2930 Προοίμιον.

288 2951 541 3021 Ἀχιλλέα
584 2953 715 3021 παρ’
761 2952 986 3021 Ὁμήρῳ
1016 2952 1176 3019 φόνον
1235 2953 1450 3020 ἑταίρου
1481 2951 1787 3023 δακρύοντα

198 3043 341 3104 Ζεὺς
372 3044 429 3107 ἐξ
453 3043 705 3113 ούρανοῦ,
735 3042 803 3094 δι’
836 3041 1038 3111 Ἐρμοῦ
1066 3042 1286 3111 πέμψας
1313 3043 1583 3113 σύνθημα,
1606 3043 1787 3095 ὅπλων

196 3133 492 3187 ἐκέλευσεν
526 3132 785 3200 ἅψασθαι.
818 3132 945 3203 Φέρ’
997 3132 1090 3184 οὖν
1131 3134 1226 3185 καὶ
1281 3134 1442 3203 ἡμεῖς
1494 3132 1687 3202 ὥσπερ
1726 3132 1788 3184 εκ

194 3242 345 3288 τινος
371 3224 578 3278 άνωθεν
607 3223 875 3293 ῥεύματος
911 3227 992 3288 είς
1029 3226 1341 3294 πανήγυριν
1366 3225 1427 3276 τὸ
1487 3224 1659 3287 πάθος
1691 3224 1784 3276 λὺ-
1811 3259 1856 3319 C

198 3335 419 3380 σαντες,
447 3316 523 3385 τῷ
548 3318 861 3388 μουσηγέτῃ
885 3316 1254 3387 χορεύσωμεν.
1284 3316 1437 3383 Θήρα
1462 3316 1653 3383 γέγονε
1687 3317 1784 3385 τῆς

193 3408 480 3476 ἡμετέρας
514 3409 709 3475 τέχνης
738 3408 766 3455 ὁ
804 3407 976 3474 μέγας
1011 3404 1278 3473 ὕπαρχος.
1317 3405 1390 3455 Οὐ
1419 3402 1584 3473 μῦθος
1611 3401 1786 3455 ταῦτα

191 3497 328 3549 οὔτε
371 3497 591 3550 Ἀττικά
612 3496 1001 3566 κομψεύματα,
1035 3494 1183 3559 ξένος
1202 3497 1265 3547 ὲκ
1288 3494 1481 3563 Θηϐῶν
1508 3493 1782 3555 Διόνυσος,

193 3591 474 3644 Ποσειδῶν
513 3590 749 3661 ἐραστὴς
803 3591 912 3643 άπὸ
935 3592 1033 3642 τοῦ
1064 3589 1334 3658 κύματος,
1374 3584 1461 3641 οἷα
1516 3587 1655 3641 κατὰ
1687 3590 1787 3653 τῆς

193 3683 409 3746 πόλεως
440 3683 695 3745 Λάκωνες
728 3681 1033 3745 παίζουσιν,
1065 3682 1180 3735 ἀλλ’
1198 3681 1397 3748 ἀληθὲς
1415 3680 1696 3749 ὲντύχημα
1719 3678 1782 3742 ’⁸,

191 3776 340 3828 ἀλλὰ
371 3775 585 3827 παιδεία
627 3773 723 3826 καί
752 3774 927 3843 νόμοι,
964 3771 1089 3841 ῥίζα
1127 3773 1236 3825 τῶν
1263 3772 1483 3841 ἀγαθῶν
1531 3771 1627 3823 καὶ
1682 3789 1787 3840 μηο

190 3865 473 3935 τρόπολις.
524 3866 696 3927 Αὐτός
738 3882 797 3917 τε
845 3865 1064 3933 φυτεύει
1120 3864 1194 3934 τῷ
1262 3864 1413 3932 φυτῷ
1468 3864 1645 3930 τούτῳ
1687 3862 1785 3930 τὴν

192 3958 397 4012 ἑαυτοῦ
429 3958 631 4027 ψυχὴν,
666 3957 889 4011 Ἀττικὰ
910 3956 1162 4027 ἐπάρδων
1193 3955 1261 4009 τά
1294 3955 1533 4025 νάματα.
1583 3952 1692 4006 Ἀεὶ
1727 3953 1783 4004 δὲ

188 4051 267 4104 τὰ
297 4050 341 4081 ⁸⁵
370 4048 513 4101 καλά
531 4047 755 4109 σπάνια,
784 4048 1047 4113 καὶδόξαν
1067 4047 1335 4100 ἀθάνατον
1365 4048 1477 4107 τοῖς
1506 4045 1783 4097 ἐπινοοῦσι

192 4141 596 4213 προμνώμενα.
624 4140 845 4210 Πρῶτος
881 4141 982 4209 μὲν
1040 4142 1069 4192 6
1103 4141 1269 4208 σοφὸς
1329 4139 1660 4207 Ἀνάχαρσις
1709 4140 1777 4191 ὲκ

191 4234 421 4287 Σκυθῶν
450 4230 613 4304 ἦλθεν
638 4236 717 4296 εἰς
737 4232 1028 4301 Ἕλληνας,
1047 4232 1262 4301 πρῶτος
1286 4231 1343 4284 δὲ
1376 4230 1552 4299 Πέλοψ
1575 4230 1780 4296 Λυδῶν,

189 4323 329 4394 [613
350 4321 438 4393 IL]
457 4324 541 4375 ἐπ’
555 4321 834 4375 ἀθανάτων
856 4323 1036 4374 ἵππων
1063 4320 1201 4374 κατὰ
1216 4320 1455 4389 γαλήνης
1467 4318 1778 4389 ὀχούμενος.

190 4414 309 4467 Καὶ
358 4412 545 4483 μισθὸν
570 4415 669 4483 τῆς
694 4411 1045 4481 καινοτομίας
1069 4410 1331 4480 λαμϐάνει
1368 4409 1551 4463 δοῦναι
1578 4412 1643 4478 τῇ
1675 4407 1782 4476 χώ-

190 4524 262 4576 ρᾳ
296 4504 357 4557 τὸ
389 4505 703 4575 πρόσρημα.
734 4504 842 4557 Καὶ
869 4507 897 4557 6
926 4504 1023 4572 μὲν
1051 4502 1269 4565 ἔπαινος
1300 4506 1358 4556 tv
1384 4502 1644 4569 αἰγιαλοῖς
1677 4501 1776 4565 ἐτι,

1888 2857 1971 2911 Ea:
2001 2859 2241 2924 oratione
2263 2860 2317 2911 in
2345 2858 2652 2911 Anatolium
2683 2858 3012 2927 pra'fectum.
3043 2889 3114 2899 ——
3150 2859 3466 2914 Exardium.

1956 2948 2169 3017 Jupiter
2205 2964 2299 3018 per
2333 2948 2659 3003 Mercurium
2691 2964 2721 3003 e
2751 2949 2889 3003 cmlo
2927 2959 3193 3003 tesseram
3224 2953 3469 3014 mittens,

1890 3041 2030 3109 apud
2064 3037 2381 3102 Homerum,
2409 3040 2574 3108 jussit
2610 3041 2874 3095 Achillem
2900 3042 3032 3096 socii
3070 3058 3256 3097 casum
3282 3043 3471 3113 deplo-

1889 3139 2097 3184 rantem
2133 3144 2281 3183 arma
2310 3144 2543 3185 sumere.
2587 3131 2829 3200 Agedum
2856 3146 2985 3203 ergo
3012 3134 3175 3187 etiam
3215 3148 3313 3188 nos
3343 3144 3470 3189 tan-

1888 3235 2050 3289 quam
2083 3219 2291 3275 caelesti
2323 3221 2503 3287 aliquo
2531 3222 2762 3290 impulsu
2792 3223 2844 3276 in
2890 3223 3188 3279 festivitate
3222 3225 3469 3281 dolorem

1889 3311 2183 3375 solventes,
2228 3310 2461 3379 Apollini
2515 3322 2823 3369 cantemus.
2859 3313 2968 3369 Nos
3009 3318 3217 3371 nostris
3257 3319 3476 3373 artibus

1889 3415 2141 3468 magnum
2186 3398 2331 3452 illum
2378 3400 2682 3469 principem
2728 3406 2995 3470 cepimus.
3038 3405 3157 3459 Non
3186 3408 3300 3461 haec
3343 3422 3475 3462 sunt

1888 3504 2062 3558 nugae,
2092 3499 2185 3542 aut
2217 3490 2380 3544 Attici
2417 3492 2581 3557 sales,
2612 3492 2879 3547 B:lCCllllm
2926 3511 2955 3551 e
2982 3495 3184 3551 Thebis
3224 3502 3471 3569 peregri-

1890 3595 2042 3642 num,
2082 3579 2385 3648 Neptunum
2417 3596 2445 3634 e
2489 3582 2738 3638 [luctibus
2767 3594 3059 3652 amantem,
3085 3591 3244 3644 sicuti
3285 3594 3351 3646 ad
3376 3610 3472 3647 ur-

1890 3672 2008 3724 bem
2045 3670 2293 3726 Lacones
2336 3673 2546 3737 ludunt,
2596 3679 2690 3729 sed
2742 3693 2928 3732 verum
2969 3681 3321 3750 colloquium,
3374 3691 3469 3741 sed

1890 3762 2157 3817 institutio
2182 3772 2237 3817 et
2268 3766 2502 3828 sanctio,
2531 3768 2681 3821 radix
2714 3771 2979 3823 bonorum
3010 3783 3064 3826 et
3094 3774 3326 3829 initium.
3348 3776 3476 3846 Ipse

1886 3869 2022 3908 vero
2075 3855 2177 3907 hoc
2211 3857 2455 3925 germine
2503 3860 2743 3913 animum
2786 3877 2941 3914 suum
2994 3863 3223 3932 plantat,
3271 3870 3467 3925 Atticis

1887 3944 2118 4014 irrigans
2159 3946 2337 4013 aquis.
2376 3945 2604 4016 Semper
2638 3963 2768 4003 vero
2787 3953 2967 4006 omnia
2999 3956 3223 4022 pulchra
3251 3971 3469 4021 rara,et

1887 4038 2243 4091 immortalem
2267 4038 2493 4107 gloriam
2533 4041 2961 4109 intelligentibus
2989 4049 3309 4103 conciliant.
3341 4051 3473 4107 Pii-

1886 4142 2006 4181 nius
2043 4129 2261 4195 sapiens
2309 4130 2642 4185 Anacharsis
2667 4148 2699 4187 ο
2740 4131 2958 4205 Scythia
2996 4137 3049 4191 in
3084 4138 3351 4195 Graeciam
3374 4159 3471 4197 ve-

1887 4218 1963 4271 nit
1988 4233 2003 4283 ;
2039 4220 2245 4286 primus
2275 4218 2467 4287 Pelops
2493 4236 2522 4274 e
2546 4222 2711 4292 Lydia
2751 4224 3150 4282 immortalibus
3174 4232 3226 4284 in
3255 4235 3470 4289 sereni-

1885 4319 1995 4363 tate
2026 4319 2211 4367 vectus
2241 4311 2422 4380 omnis,
2456 4321 2512 4365 et
2536 4314 2843 4369 mercedem
2877 4332 3030 4372 novae
3046 4320 3334 4377 divisionis
3367 4340 3459 4380 ac-

1882 4401 2033 4468 cipit,
2081 4411 2141 4453 ut
2193 4400 2404 4455 dederit
2450 4402 2659 4472 regioni
2705 4419 3041 4474 cognomen.
3076 4408 3143 4463 Et
3189 4410 3308 4467 laus
3369 4415 3473 4470 illa

1882 4493 2097 4562 quidem
2142 4493 2321 4546 adhuc
2373 4492 2427 4546 in
2480 4494 2762 4550 littoribus
2796 4504 2813 4551 τ’
2849 4497 3075 4553 ﬂuctuat
3121 4515 3251 4557 vero
3283 4508 3476 4561 oratio

188 4596 483 4663 πελαγίζει
518 4594 572 4648 δὲ
608 4598 636 4648 6
678 4596 852 4663 λόγος,
896 4597 993 4666 οὐχ
1039 4595 1181 4666 ὁρῶν
1218 4595 1385 4664 ὅρμον
1438 4592 1777 4662 φαινόμενον.

1891 4600 1996 4637 non
2049 4584 2239 4638 videns
2290 4592 2511 4650 portum
2548 4598 2930 4654 apparentem.
2975 4593 3249 4661 Optimum
3296 4596 3464 4665 igitul

186 4687 501 4759 Κράτιστον
530 4683 625 4739 οὖν
681 4686 808 4749 ἴσως
866 4688 1035 4739 εικόνι
1084 4685 1184 4755 τὴν
1230 4684 1381 4737 τοῦδε
1416 4686 1578 4753 φύσιν
1605 4685 1773 4753 θηράο

1891 4677 2109 4731 forsitan
2153 4676 2335 4736 fuerit.
2375 4678 2517 4732 hunc
2559 4677 2797 4748 imagine
2829 4680 2949 4747 ejus
2981 4694 3233 4739 naturam
3270 4690 3463 4758 expri-

186 4794 389 4841 σαντα,
414 4778 471 4830 τλ
492 4778 586 4831 τοῦ
618 4777 837 4830 Φειδίου
875 4778 1243 4847 μιμήσασθαι.
1271 4777 1385 4829 Οὐκ
1434 4776 1618 4845 ἠγνόει
1648 4778 1771 4827 Φει-

1891 4778 2138 4833 mentem,
2169 4767 2419 4821 Phidiam
2453 4769 2505 4821 in
2527 4784 2593 4823 eo
2620 4770 2846 4826 imitari.
2865 4769 2982 4828 Non
3016 4774 3306 4843 ignorabat
3329 4780 3467 4835 Plii-

183 4868 308 4928 εἴας
330 4868 452 4930 ὅσος
486 4868 578 4921 καὶ
602 4870 667 4921 tv
688 4869 832 4929 ὅσοις
866 4871 893 4921 6
946 4870 1097 4931 Ζεὺς,
1150 4867 1245 4921 ᾰτε
1301 4867 1399 4936 τήν
1448 4867 1626 4938 ψυχὴν
1671 4867 1770 4937 τῆς

1891 4861 2021 4925 dias,
2055 4861 2177 4929 quis
2204 4871 2259 4915 et
2278 4862 2328 4914 in
2353 4862 2552 4929 quibus
2579 4861 2791 4931 Jupiter
2819 4876 2993 4932 esset,
3022 4868 3235 4925 scilicet
3274 4875 3468 4929 animo

181 4953 377 5025 χειρὸς
410 4954 732 5024 σοφώτερος.
769 4955 1099 5023 Βουλόμενος
1141 4950 1233 5007 οὖν
1264 4955 1344 5006 ἑνὶ
1388 4954 1623 5025 θηρᾶσαι
1669 4954 1769 5023 τὴν

1891 4953 2075 5024 376a
2104 4955 2402 5023 sapientior
2428 4971 2591 5024 qnam
2622 4956 2835 5011 dextra.
2876 4958 3114 5027 Cupiens
3150 4964 3315 5033 igitur
3351 4983 3462 5022 tum

185 5045 314 5107 Διὸς
369 5044 530 5113 φύσιν
580 5046 877 5115 ἀγάλματι,
941 5046 1130 5116 χρυσῷ
1179 5046 1427 5116 κεράσας
1480 5047 1764 5113 ἐλέφαντα,

1901 5047 2113 5116 magine
2156 5046 2306 5101 lovis
2360 5048 2633 5117 ingenium
2677 5052 2986 5119 exprimere
3020 5070 3161 5108 auro
3196 5062 3459 5113 commis-

196 5135 434 5198 Ἠλείοις
474 5135 574 5205 μὲν
593 5136 685 5190 τὸν
719 5137 1037 5206 Ὀλύμπιον,
1085 5140 1199 5200 τοίς
1227 5138 1283 5190 δὲ
1336 5136 1516 5200 ἄλλοις
1557 5136 1768 5207 ἀνθρὼ-

1891 5154 2004 5192 :ens
2039 5140 2197 5202 ebur,
2225 5138 2368 5194 Eleis
2395 5140 2613 5208 quidem
2632 5139 2962 5211 Olympium,
2996 5145 3116 5200 aliis
3144 5147 3465 5206 hominibus

182 5244 313 5291 ποις
338 5227 433 5280 τὸν
477 5227 574 5279 Δία
622 5228 791 5281 εικόνι
844 5226 1212 5299 μιᾷτοσοῦτον
1265 5229 1389 5281 ὅσον
1440 5229 1764 5283 ὲκτυπωσά-

1891 5230 2062 5287 iovem
2105 5248 2209 5287 una
2254 5233 2490 5303 imagine
2534 5233 2718 5301 talem,
2762 5246 2822 5289 nt
2860 5247 2975 5300 est,
2997 5239 3281 5310 ellingens.
3317 5244 3470 5300 Volo

184 5336 375 5390 μενος.
413 5320 613 5373 Ἐθέλω
645 5320 703 5373 δέ
725 5337 807 5372 σοι
842 5319 1003 5373 θείων
1023 5324 1093 5373 ὲκ
1110 5322 1419 5392 φαρμάκων
1440 5320 1649 5391 γράψαι
1675 5321 1766 5374 τὸν

1899 5322 1968 5377 ibi
2002 5337 2033 5377 e
2084 5322 2281 5377 divinis
2322 5323 2597 5378 coloribus
2642 5318 2877 5380 tabulam
2926 5329 3189 5398 pingere,
3249 5339 3462 5389 terreni

181 5414 422 5466 πίνακα*
445 5412 685 5467 ἔκπλυτα
706 5413 816 5483 γάρ
841 5412 1049 5483 ταχέως
1071 5413 1259 5483 χρόνῳ
1275 5413 1342 5466 τά
1370 5414 1553 5485 γήϊνα.
1585 5412 1772 5481 Δόγμα

1891 5415 2021 5469 enim
2079 5414 2291 5469 colores
2327 5424 2573 5483 tempore
2617 5416 2909 5473 eluuntur:
2937 5424 3265 5479 sententiam
3322 5441 3465 5481 vero

178 5508 237 5560 δὲ
265 5506 537 5571 καὶδόξαν
572 5508 624 5559 ετ
651 5524 729 5577 τῳ
755 5506 906 5576 φίλον
930 5507 1115 5560 καλεῖν
1141 5507 1234 5560 τὸν
1258 5508 1483 5569 πίνακα,
1498 5508 1560 5559 οὗ
1581 5507 1769 5560 διοίσορ

1891 5516 1933 5560 ει
1960 5506 2294 5575 opinionem,
2330 5506 2375 5560 si
2400 5508 2485 5562 eui
2520 5508 2698 5577 placet
2726 5511 3008 5569 nominare
3043 5517 3311 5584 tabulam,
3345 5538 3464 5575 non:

184 5614 310 5665 μαι.
344 5595 497 5669 [HM
527 5596 620 5671 R.]
661 5598 913 5652 ἐιαιδὰν
950 5599 1116 5669 κάμοι
1149 5598 1209 5653 τὸ
1247 5598 1382 5652 πολὺ
1416 5599 1576 5668 σῶμα
1606 5597 1764 5652 τοῦτο

1891 5598 2216 5652 εοηιειιιιεηι.
2248 5597 2695 5670 Quandoquidem
2734 5612 2788 5657 et
2820 5604 2950 5659 mihi
2979 5607 3080 5662 hoc
3109 5609 3301 5681 ingens
3328 5627 3465 5667 eoa-

1485 5730 1724 5786 VARUE
1770 5728 2177 5787 LECTIONES.

1892 5854 1935 5886 "
1968 5851 2253 5924 εὐτύχημα
2276 5850 2339 5907 C.
2446 5854 2487 5888 ⁸⁸
2506 5855 2571 5911 τὰ
2594 5865 2719 5927 post
2736 5858 2794 5912 δι
2820 5858 2949 5914 add.
2983 5859 3095 5916 AC.

285 5851 844 5927 ¹¹Κολυττὸς1κόλπος
878 5853 940 5913 C.
1020 5855 1062 5889 ⁸¹
1092 5854 1229 5926 ιχων
1252 5870 1361 5909 om.
1398 5854 1457 5909 C.
1539 5854 1586 5887 ⁸³
1614 5853 1813 5917 λίθους.
