4206 6436
688 418 825 483 1319

1814 412 2077 472 ΙἮΟΤΙΙ
2120 412 2621 473 ΡΛΤΒῘΑΒΟΠᾹΞ
2656 415 2763 474 CP.

3820 414 3981 481 1380

684 550 785 604 pus
824 529 1192 602 improbitatis
1234 529 1427 584 morbo
1465 526 1629 597 (quod
1669 536 1868 581 terram
1909 526 2127 596 quidem
2166 540 2267 580 nos

2383 528 2569 591 κακίας
2618 529 2761 597 νόσῳ
2796 526 3175 597 φθειρόμενον,
3216 526 3245 579 ὃ
3302 527 3409 596 γῆν
3464 528 3563 597 μὲν
3623 530 3786 599 ἡμεῖς
3838 535 3981 586 dy-

685 639 936 682 ceutrmn
968 624 1136 679 divini
1163 622 1307 675 illius
1335 620 1519 672 mundi
1553 619 1855 687 putamus),
1890 628 2015 671 tunc
2050 617 2266 671 Lache-

687 734 810 772 seos
844 716 996 769 fusus
1034 714 1229 768 crelum
1263 713 1366 764 tela
1410 721 1721 779 penetrans,
1752 725 1783 763 e
1822 708 1971 762 lovis
2008 718 2267 776 penetra—

686 808 828 861 libus
859 806 1094 859 animam
1138 805 1409 856 sinceram
1438 802 1628 862 trahit,
1658 800 1970 852 divinarum
2000 797 2267 864 imagina-

689 901 894 951 tionum
950 896 1311 948 substantiam
1360 894 1425 945 ad
1486 907 1585 946 nos
1648 889 2095 945 transferentem.
2142 888 2269 941 Haec

687 990 831 1059 parit
854 988 1147 1055 justitiam,
1178 987 1293 1039 hzcc
1319 986 1718 1048 fortitudinem,
1758 998 1824 1038 ex
1859 984 1947 1037 illa
1984 981 2260 1048 propriam

689 1080 1022 1135 sententiam
1053 1094 1189 1146 pure
1228 1078 1339 1145 ipsa
1386 1078 1564 1127 anima
1600 1076 1761 1129 habet
1792 1093 1803 1127 :
1840 1076 1980 1128 hanc
2011 1088 2139 1126 vero
2174 1086 2263 1125 se-

687 1172 873 1238 quitur
902 1184 1093 1236 magna
1116 1167 1382 1218 virtutum
1420 1165 1677 1217 similium
1720 1166 1975 1228 societas,
2018 1162 2268 1217 sublimi-

689 1274 773 1316 tas
819 1261 1039 1323 mentis,
1077 1256 1400 1312 excellentia
1445 1256 1633 1318 animi,
1684 1256 1851 1309 libera
1900 1269 2023 1318 vox,
2075 1268 2269 1307 manus

688 1352 978 1406 beneficiis
1024 1365 1130 1402 non
1169 1347 1492 1408 alliciendm,
1534 1347 1789 1399 amicitia:
1829 1345 2093 1408 studium,
2125 1345 2272 1396 veri-

689 1446 818 1497 tatis
862 1458 1050 1502 amor,
1100 1436 1565 1492 incommutabilis
1611 1437 1880 1491 sententia
1920 1450 1988 1489 ex
2030 1435 2271 1488 amicitia

687 1539 943 1591 virtutem
987 1550 1093 1588 non
1154 1534 1487 1603 dijudicans,
1550 1531 1645 1585 sed
1709 1531 1914 1584 virtute
1967 1528 2270 1582 amicitiam

689 1630 927 1699 pondera
936 1643 1019 1681 ns.

690 1743 778 1796 Ea:
798 1743 1031 1795 oratione
1058 1740 1111 1791 in
1138 1735 1751 1859 Pliabumdprnconsulis
1783 1732 1980 1801 ﬁlium.
2011 1759 2077 1774 ι·-
2099 1730 2276 1786 Exor-

1431 1823 1563 1859 tum.

1431 1823 1563 1859 tum.

2369 635 2499 687 τρον
2552 620 2763 671 ἐκείνου
2828 619 2922 671 τοῦ
2970 618 3118 671 θείου
3196 619 3403 687 κόσμου
3462 620 3779 689 νομίζομεν,
3824 624 3970 675 τότε

2371 710 2659 778 Λαχέσεως
2716 709 3046 779 ἄτρακτος¹⁶
3092 708 3322 776 οὐρανὸν
3358 708 3549 777 σχίσας
3612 714 3725 773 τοῖς
3778 714 3974 781 νήμαο

2372 817 2454 851 σιν
2496 803 2560 852 ὲκ
2602 801 2703 868 τῆς
2745 801 2865 863 Διὸς
2924 802 3108 861 ἑστίας
3140 801 3262 866 άγει
3288 800 3469 871 ψυχὴν
3512 802 3814 872 ἀκραιφνῆ,
3846 802 3987 855 τῶν

2371 893 2532 944 θείων
2590 894 2898 961 φασμάτων
2954 893 3088 961 παρ’
3115 894 3280 960 ’ἡμᾶς
3336 894 3435 961 τὴν
3489 895 3681 946 οὐσίαν
3728 895 3972 966 διαπορ-

2369 982 2695 1051 θμεύουσαν.
2726 982 2869 1047 Αὕτη
2901 982 3057 1051 φέρει
3076 980 3449 1048 δικαιοσύνην,
3472 980 3611 1051 αὕτη
3636 983 3894 1051 ἀνδρείαν
3921 983 3969 1015 ⁸⁷

2372 1077 2503 1144 παρ’
2542 1076 2744 1143 αὺτῆςο
2765 1073 3163 1143 αὑτοφρὸνησις
3189 1072 3496 1142 καθαρῶςὴ
3521 1073 3747 1143 τοιαύτη
3784 1074 3964 1143 ψυχή.

2373 1163 2609 1216 "Exstat
2638 1163 2695 1215 δὲ
2714 1164 2851 1233 αὐτῇ
2887 1163 2981 1215 καὶ
3006 1160 3220 1231 ἀρετῶν
3249 1161 3550 1229 συμφύτων
3588 1162 3784 1231 μυρίος
3840 1164 3969 1216 θία-

2380 1271 2494 1318 σος,
2526 1254 2662 1323 ὕψος
2688 1254 2889 1322 ψυχῆς,
2930 1252 3380 1323 μεγαλοπρέπεια
3414 1251 3661 1320 γνώμης,
3695 1253 3969 1323 ἐλευθέρα

2378 1344 2552 1415 φωνὴ,
2587 1348 2768 1415 χεῖρες
2797 1346 3017 1414 ἄδωροι,
3062 1344 3246 1412 φιλίας
3278 1344 3463 1409 πόθος,
3505 1344 3765 1413 ἀληθείας
3796 1344 3962 1415 ἔρως,

2377 1438 2649 1506 ἄτρεπτον
2675 1438 2953 1506 φρόνημα.
2990 1435 3102 1488 Οὐκ
3143 1438 3206 1487 ἐκ
3234 1434 3413 1502 φιλὲας
3443 1435 3647 1503 ἀρετὴν
3672 1436 3879 1505 κρίνων
3898 1437 3965 1504 ⁸⁸,

2377 1528 2493 1581 ἀλλ’
2528 1530 2588 1594 ἑξ
2612 1531 2813 1601 ἀρετῆς
2838 1530 2908 1582 τά
2933 1526 3036 1595 τῆς
3061 1527 3245 1595 φιλίας
3283 1526 3705 1596 σταθμώμενος.

2393 1734 2488 1785 Ἐκ
2515 1732 2624 1785 τοῦ
2652 1732 2740 1797 είς
2764 1732 2983 1786 Φοῖϐον
3019 1731 3126 1786 τὸν
3178 1732 3285 1784 τοῦ
3339 1730 3687 1785 ἀνθυπάτου
3753 1730 3959 1783 παῖδα.

2890 1831 2961 1842 -
2993 1803 3065 1857 Τὸ
3098 1802 3439 1869 Προοίμιον.

762 1903 1063 1973 Sapientia:
1094 1902 1265 1955 initiis
1292 1898 1585 1954 humiliore
1605 1898 1787 1968 lingua
1818 1892 2154 1965 responsuri,
2184 1907 2278 1946 ve-

2455 1893 2718 1962 Σοφιστοῦ
2734 1893 2792 1947 δὲ
2817 1896 2860 1925 ¹⁹
2886 1894 3059 1964 θύραν
3080 1896 3144 1946 ὲκ
3170 1893 3500 1964 μικροτέρας
3532 1890 3782 1960 γλώττης
3806 1892 3966 1960 ἀμεί-

693 1994 920 2048 risimile
970 2005 1101 2061 puto
1133 1992 1270 2053 fore,
1312 2000 1371 2042 ut
1414 1987 1730 2056 sophisticis
1773 1988 1940 2041 etiam
1973 1984 2275 2037 rationibus

700 2094 1013 2138 occurrant.
1054 2082 1325 2135 Isocrates
1366 2080 1612 2147 sophista
1642 2078 1851 2147 (notum
1896 2074 2151 2128 omnibus
2176 2074 2279 2125 hoc

693 2189 888 2229 nomen
925 2187 1045 2225 cum
1082 2170 1422 2225 orationibus
1452 2178 1602 2237 pato,
1625 2168 1752 2236 quia
1789 2167 1861 2219 ob
1884 2165 2032 2219 illum
2052 2162 2278 2231 Sophis-

695 2278 761 2319 ιω
801 2264 1065 2333 poeticam
1104 2262 1466 2331 negligentes,
1507 2259 1782 2328 propriam
1828 2256 2000 2325 legem
2040 2253 2277 2323 amplexi

692 2358 864 2425 sunt).
910 2356 1157 2408 oratione
1191 2353 1408 2421 quidem
1439 2364 1652 2418 semper
1679 2348 2003 2416 eloquentiae
2025 2348 2283 2399 amatori-

692 2450 793 2503 bus
826 2446 1022 2515 regalia
1050 2444 1363 2500 scholarum
1392 2456 1615 2496 suarum
1646 2439 1926 2511 patefecit.

726 2539 811 2595 Ea:
838 2544 1078 2592 oratione
1110 2540 1167 2591 in
1214 2537 1503 2591 Arcadium
1555 2538 1815 2587 medicum
1849 2545 1896 2587 et
1933 2533 2244 2601 principem.

766 2632 1070 2697 Descripsit
1100 2643 1297 2697 pueros
1338 2627 1547 2679 circum
1587 2626 1888 2677 thalamum
1915 2624 2191 2687 ludentes,
2226 2632 2283 2675 et

698 2724 813 2776 suis
837 2738 929 2775 eos
956 2720 1153 2774 fistulis
1182 2719 1311 2771 facit
1336 2717 1614 2785 specimen
1639 2716 1922 2769 exhibere.
1956 2713 2112 2767 Nunc
2154 2728 2285 2766 vero

698 2815 841 2867 aliud
886 2822 1189 2874 certamen,
1229 2807 1372 2861 aliud
1403 2808 1662 2872 stadium,
1692 2790 2079 2873 Musarumque
2116 2804 2285 2856 delu-

700 2908 856 2958 brum
903 2902 1075 2955 sacris
1110 2898 1486 2953 sacerdonbus
1528 2906 1775 2963 apertum
1828 2896 1897 2948 ab
1934 2891 2287 2946 amicissimis

700 2994 1056 3049 aleatoribus.
1105 2990 1272 3042 Aiunt
1313 2985 1662 3040 Democidem
1702 2984 1849 3036 illum
1879 2984 2281 3047 Crotoniatum,

702 3089 933 3153 primum
975 3083 1219 3138 Graecam
1257 3076 1634 3151 [medicinaml
1672 3077 1836 3146 ,apud
1881 3075 2152 3129 Barbaros
2191 3088 2285 3127 co—

702 3180 890 3231 luisse.

949 3289 997 3342 E
1022 3286 1388 3357 propemptica
1411 3284 1464 3336 in
1488 3297 1658 3335 saetas
1692 3279 2046 3333 advenientes.

777 3446 1091 3506 Animosus,
1144 3438 1379 3495 orationi
1434 3437 1667 3490 miscens
1709 3433 1985 3495 allectum,
2034 3442 2087 3486 et
2131 3434 2287 3489 fortis

708 3537 914 3591 audivit
945 3552 959 3587 :
990 3536 1100 3585 vita
1146 3531 1343 3593 mollis,
1374 3541 1685 3579 mensuram
1715 3540 1918 3593 ponens
1954 3524 2162 3594 3760
2193 3542 2289 3576 na—

711 3642 864 3689 turae,
900 3627 1309 3692 temperantiam
1340 3621 1654 3687 assumpsit.
1676 3618 1820 3671 Mare
1844 3630 2013 3671 mutat
2036 3632 2286 3671 naturam

710 3726 762 3772 in
804 3718 1000 3770 multas
1029 3718 1252 3768 fortnas.
1284 3712 1638 3778 Purpurascit
1662 3710 1885 3778 quidem
1908 3725 2030 3763 cum
2064 3710 2289 3761 intrati-

710 3812 1032 3881 quiltitatent
1074 3808 1277 3861 sedarit
1330 3803 1549 3869 ﬂuctus,
1579 3804 1867 3856 obscuram
1899 3818 2029 3857 vero
2050 3803 2287 3868 speciem

714 3904 877 3953 habet
914 3914 1037 3952 cum
1074 3896 1330 3951 ﬂuctibus
1359 3895 1635 3948 turbatum
1663 3890 1942 3946 efferatur.

815 4096 863 4150 E
896 4095 1249 4163 propemptica
1308 4093 1361 4144 in
1403 4089 1747 4145 Flavianum.
1771 4114 1845 4131 -ξ
1869 4089 2183 4145 Ezordium.

783 4250 1077 4320 Conjecisti
1110 4264 1217 4312 me,
1259 4247 1537 4301 meliorem
1561 4257 1841 4315 parantem
1872 4247 2067 4316 lyram,
2094 4260 2128 4298 o
2156 4246 2293 4298 ami-

2310 3229 2358 3290 C

2378 1987 2586 2054 ψαντας
2608 1988 2654 2018 ¹⁶
2682 1989 3015 2053 σοφιστικοῖς
3038 1987 3205 2048 εἰκὸς,
3222 1980 3397 2049 οἶμαι,
3424 1985 3847 2055 περιτυγχάνειν
3874 1983 3969 2035 καὶ

2379 2078 2734 2147 διηγήμασιν.
2790 2077 3109 2146 Ἰσοκράτης
3164 2078 3192 2129 ὁ
3244 2075 3506 2145 σοφιστὴς
3561 2072 3865 2144 (γνώριμον
3909 2072 3968 2124 δὲ

2382 2172 2574 2234 ⁶πᾶσιν,
2608 2167 2782 2239 οἶμαι,
2824 2168 2967 2238 μετὰ
3003 2169 3113 2221 τῶν
3143 2168 3318 2235 λόγων
3338 2166 3496 2219 atat“
3526 2164 3786 2233 τοῦνομα,
3809 2165 3966 2217 ὃτιδι⁹

2381 2261 2588 2313 ἐκεῖνον
2635 2261 2908 2329 σοφιστῶν
2954 2259 3177 2328 γλῶττα
3228 2258 3519 2328 ποιητικὴν
3572 2257 3897 2325 ἀτιμάσασα
3920 2257 3966 2287 ⁸⁸

2381 2354 2585 2405 οίκεῖον
2614 2352 2779 2421 νόμον
2809 2353 3117 2421 ἠσπάσατο)
3164 2350 3310 2421 λόγῳ
3359 2351 3459 2417 μὲν
3491 2349 3579 2404 ἀεὶ
3633 2353 3751 2410 τοῖς
3794 2349 3968 2415 λόγων

2381 2444 2551 2513 ἐρῶσι
2563 2444 2631 2497 τὰ
2650 2443 2894 2513 βασίλεια
2913 2444 3021 2497 τῶν
3037 2442 3231 2495 ἑαυτοῦ
3253 2443 3520 2511 μουσείων
3543 2439 3963 2493 ἀνεπετάννυεν.

2419 2534 2524 2588 Ἐκ
2553 2536 2663 2589 τοῦ
2689 2538 2776 2601 εις
2811 2535 3129 2603 Ἀρκάδων
3174 2534 3279 2586 τὸν
3312 2533 3515 2599 ἰατρὸν
3543 2533 3639 2585 καί
3671 2535 3931 2600 κόμητα.

2456 2627 2760 2690 Παίζοντας
2794 2629 2902 2696 γὰρ
2937 2627 3064 2688 τοὺς
3091 2625 3243 2686 νέους
3274 2626 3404 2693 περὶ
3426 2624 3666 2692 θάλαμον
3688 2624 3968 2692 ἱστόρησε,

2387 2720 2485 2771 καὶ
2508 2722 2629 2781 ταῖς
2664 2719 2876 2771 ἑαυτῶν
2918 2719 3061 2786 ἴυγξι
3103 2719 3248 2769 ποιεῖ
3285 2717 3384 2785 τὴν
3412 2717 3575 2785 χάριν
3618 2716 3968 2782 ἐλέγχοντας.

2386 2811 2503 2863 Νῦν
2532 2812 2588 2862 δὲ
2614 2812 2801 2879 ἕτερος
2826 2806 3010 2873 ἆθλος,
3040 2810 3135 2861 καὶ
3160 2809 3288 2862 ἄλλο
3309 2808 3547 2869 στάδιον,
3580 2807 3676 2859 καὶ
3728 2804 3969 2859 Μουσῶν

2386 2899 2611 2968 τέμενος
2636 2899 2865 2967 μύσταις
2879 2900 2945 2929 ³⁸⁸
2971 2898 3139 2958 ὁσίοις
3163 2899 3535 2965 ἀνοιγόμενον,
3558 2898 3693 2965 Περὶ
3711 2900 3827 2959 τοῖς
3853 2896 3971 2964 φιλ-

2386 2990 2571 3049 τάτοις
2596 2988 2911 3044 κυόεύουσι,
2939 2989 3077 3041 Φασὶ
3097 2990 3154 3040 δὲ
3178 2990 3273 3039 καὶ
3305 2987 3631 3056 Δημοκήδην
3684 2988 3778 3039 τὺν
3822 2989 3972 3055 Κρο-

2387 3080 2657 3147 τωνιάτην
2681 3082 2889 3133 ἐκεῖνον
2910 3081 3003 3131 τὸν
3031 3080 3247 3150 πρῶτον
3275 3079 3529 3149 ίατρικὴν
3564 3078 3794 3131 Ἐλλάδα
3820 3080 3971 3149 παρὰ

2392 3172 2685 3243 βαρϐάροις
2722 3172 3045 3240 κομίσαντα.

2388 3282 2486 3333 Ἕκ
2516 3279 2621 3333 τοῦ
2651 3282 3104 3347 προπεμπτικοῦ
3135 3278 3242 3331 τοῦ
3286 3280 3374 3343 είς
3402 3278 3542 3344 τοὺς
3595 3280 3975 3345 προσελθόνο

2949 3365 3058 3412 τας
3106 3348 3404 3413 ἑταίρους.

2462 3440 2587 3511 [6M
2626 3439 2718 3510 H.]
2757 3440 2815 3491 Ὀ
2856 3438 3142 3509 θυμοειδὴς
3188 3436 3285 3508 τὴν
3318 3441 3519 3508 ψυχὴν,
3550 3440 3694 3508 λόγῳ
3726 3442 3973 3507 κεράσας

2386 3532 2447 3583 τὸ
2475 3531 2666 3593 πάθος.
2688 3531 2931 3602 ἀνδρεῖος
2951 3532 3185 3600 ἡκουσεν
3203 3546 3219 3560 ο
3252 3533 3281 3582 ὁ
3306 3532 3395 3582 τὸν
3423 3531 3536 3599 βίον
3554 3530 3741 3598 ἁϐρὸς,
3768 3532 3972 3599 μέτρον

2388 3622 2678 3690 ἐπιθεὶςτῇ
2700 3623 2884 3698 φύσει,
2916 3622 3015 3689 τὴν
3042 3621 3401 3692 σωφροσύνην
3425 3621 3750 3689 ἐλάμϐανεν.
3787 3621 3845 3671 ’Δ
3857 3621 3975 3684 μεί-

2390 3715 2472 3766 6ει
2500 3714 2599 3783 τὴν
2633 3713 2796 3779 φύσιν
2823 3716 2904 3776 είς
2925 3714 3130 3776 πολλὰς
3151 3715 3298 3775 ίδέας
3329 3715 3421 3765 καὶ
3453 3713 3691 3765 θάλαττα
3713 3729 3726 3740 ο
3757 3712 3975 3781 πορφύ-

2393 3824 2474 3877 ρει
2502 3806 2622 3875 μὲν,
2653 3807 2783 3857 ὅταν
2811 3808 2891 3868 εις
2914 3805 3153 3875 γαλήνην
3183 3807 3449 3874 στορεσθῇ
3481 3806 3549 3857 τά
3594 3804 3840 3872 κύματα,
3887 3804 3975 3865 ζό-

2390 3897 2696 3967 φονδὲέχει
2729 3896 2792 3949 τὸ
2835 3898 3149 3968 πρόσωπον,
3204 3898 3335 3950 ὅταν
3396 3897 3656 3967 άγριαίνῃ
3694 3912 3975 3966 ταρασσο-

2392 3991 2527 4060 μένη
2548 3992 2660 4052 τοῖς
2684 3988 2947 4059 κύμασιν.

2390 4100 2501 4154 Ἕκ
2561 4099 2670 4153 τοῦ
2727 4101 2816 4163 είς
2866 4099 3205 4152 Φλαόιανὸν
3254 4097 3723 4167 προπεμπτικοῦ.
3757 4126 3833 4139 -
3901 4097 3973 4151 Τὸ

3014 4170 3353 4237 Προοίμιον.

2462 4255 2766 4325 Κρείττονά
2800 4273 2866 4326 με
2888 4256 3081 4325 λύραν,
3124 4250 3171 4307 ῶ
3223 4257 3365 4323 φῦιε,
3402 4258 3703 4324 κάμνοντα,
3771 4256 3862 4307 ἶνα
3913 4272 3972 4307 σε

709 4362 794 4407 ce,
831 4356 887 4397 ut
920 4355 972 4397 te
1006 4344 1219 4397 scilicet
1264 4352 1385 4410 post
1420 4341 1659 4394 Africam
1700 4341 2018 4404 salutarem,
2068 4348 2278 4407 repente

2396 4345 2535 4413 μετὰ
2585 4346 2791 4415 Λιόύην
2842 4348 3200 4415 ἀσπάσωμαι,
3266 4350 3483 4415 φεύγων
3561 4346 3823 4416 ἐξαίφνης
3896 4352 3975 4411 εξς

709 4437 917 4503 fugiens
970 4434 1023 4486 in
1058 4435 1383 4483 inammnam
1418 4428 1652 4483 Musam.
1696 4428 1884 4482 Visum
1929 4430 2163 4483 nondum
2207 4438 2278 4482 est

2395 4437 2623 4503 στυγνὸν
2654 4438 2815 4506 μέλος
2844 4439 3173 4510 ἀπέρριψας.
3226 4437 3393 4491 Οὔπω
3426 4441 3489 4491 τὸ
3514 4439 3613 4509 ἔαρ
3657 4438 3837 4508 ῶφθη,
3879 4440 3976 4491 καὶ

707 4540 813 4591 ves,
853 4533 908 4577 et
943 4533 1237 4589 tempestas
1259 4518 1694 4582 Hellespontiaca
1714 4521 2022 4586 irrumpens
2048 4519 2278 4572 animam

2394 4528 2601 4599 χειμὼν
2634 4530 3047 4598 Ἑλλησπόντιος
3078 4529 3403 4601 προσϐαλὼν
3429 4531 3527 4600 τὴν
3550 4530 3728 4599 ψυχὴν
3755 4532 3971 4599 πήγνυ-

709 4613 1014 4667 suffocavit.
1044 4612 1290 4663 Nondum
1320 4611 1489 4663 solem
1518 4608 1774 4674 vidimus,
1815 4620 1871 4662 et
1906 4610 2085 4662 radios
2130 4624 2288 4662 aver-

705 4718 798 4757 sus
841 4702 1090 4765 mutavit,
1118 4700 1429 4766 Graecisque
1478 4708 1691 4753 noctem
1739 4702 1996 4754 inducere
2050 4702 2287 4755 minatus

705 4805 809 4849 est.
836 4792 992 4847 Prius
1018 4794 1449 4861 ingemiscimus,
1480 4806 1641 4861 quam
1674 4792 1982 4855 riserimus,
2014 4792 2164 4860 prius
2183 4793 2286 4845 diis

2398 4640 2514 4674 σιν·
2548 4623 2703 4676 οὔπω
2733 4624 2824 4675 τὸν
2848 4624 3000 4693 ἥλιον
3028 4624 3264 4691 εἴδομεν,
3297 4624 3392 4675 καὶ
3432 4623 3533 4685 τὰς
3585 4624 3814 4683 ἀκτῖνας
3853 4623 3977 4689 ἐτέτ-

2396 4728 2537 4780 ρωσε
2569 4713 2765 4765 κλίνων
2788 4714 3001 4767 ἀπειλεί
3031 4714 3203 4766 νύκτα
3262 4716 3513 4783 ποιήσειν
3548 4717 3661 4775 τοῖς
3720 4714 3968 4787 Ἕλλησι.

2396 4801 2532 4869 Πρὶν
2559 4803 2835 4869 μειδιᾶσαι
2872 4803 3269 4873 στυγνάζομεν,
3297 4807 3427 4873 πρὶν
3482 4804 3751 4875 ἑπιδήμια
3811 4805 3973 4858 θῦσαι

706 4888 914 4939 viarum
970 4886 1292 4954 praesidibus
1346 4895 1466 4936 vota
1508 4885 1784 4946 dedimus,
1822 4900 1985 4953 quam
2019 4884 2285 4938 sacrificia

708 4989 757 5031 te
793 4980 990 5031 reduce
1035 4976 1345 5039 fecerimus,
1399 4976 1702 5029 orationem
1750 4976 2075 5029 timidiorem
2120 4991 2284 5046 quam

704 5071 951 5121 dextram
999 5068 1255 5137 coargui,
1302 5081 1364 5119 ea
1408 5076 1670 5133 praastare
1721 5067 2118 5135 negligentem,
2162 5082 2283 5136 quae

702 5176 825 5215 cera
870 5170 926 5213 et
970 5160 1173 5213 ferrum
1230 5160 1452 5212 audent.
1506 5158 1736 5227 Semper
1786 5162 1930 5213 enim
1985 5158 2157 5229 gloria
2215 5175 2283 5215 ex

703 5252 883 5305 Africa
918 5251 971 5304 in
1001 5249 1266 5304 Graeciam
1298 5248 1538 5317 profecta
1565 5258 1669 5303 est.
1706 5247 1930 5303 Ventum
1956 5250 2174 5319 quidem
2202 5249 2282 5306 fe-

701 5341 777 5394 cit
803 5340 1083 5409 jocantem
1120 5348 1175 5394 et
1201 5339 1499 5405 ludentem,
1528 5339 1715 5406 quales
1744 5340 1985 5409 pictores
2016 5340 2069 5394 in
2119 5343 2278 5395 tabu-

2395 4888 2535 4952 θεοῖς
2558 4893 3087 4964 ὲνοδίοιςεύχόμεθα.
3125 4896 3332 4962 Λόγους
3367 4897 3423 4948 δὲ
3451 4899 3631 4965 χειρὸς
3678 4897 3975 4966 ἅτολμοτὲο

2396 4998 2522 5051 ρους
2554 4982 2892 5052 ἐλέγχεσθαι,
2917 4986 3209 5048 ὀκνοῦντας
3237 4988 3409 5037 ποιεῖν
3430 4986 3466 5038 ἃ
3490 4986 3658 5056 κηρός
3683 5002 3743 5037 τε
3796 4987 3971 5039 ὲθέλει

2394 5073 2489 5124 καὶ
2518 5074 2758 5144 σίδηρος.
2785 5076 3001 5129 Διὲπλει
3022 5076 3066 5107 ’³
3092 5078 3200 5146 γὰρ
3225 5076 3314 5128 ἀεὶ
3350 5078 3411 5130 τὸ
3444 5077 3597 5139 κλέος
3629 5078 3736 5129 ἀπὸ
3760 5078 3972 5145 Λιϐύης

2393 5166 2473 5227 εἰς
2511 5166 2800 5236 Ἕλληνας.
2830 5169 2941 5238 Τὴν
2970 5170 3068 5237 μὲν
3093 5168 3265 5238 αὔραν
3308 5171 3482 5222 ἐποίει
3513 5171 3608 5223 καὶ
3649 5170 3969 5239 τεθρυμμέ-

2391 5274 2509 5326 ν-ην,
2530 5259 2625 5310 καὶ
2657 5260 2977 5323 παίζουσαν,
3000 5261 3116 5324 οἵας
3155 5261 3252 5322 τὰς
3300 5260 3475 5322 Δυδάς
3497 5260 3543 5291 ’⁸
3596 5261 3811 5312 ποιοῦσι
3867 5262 3972 5324 ζω-

2390 5351 2593 5419 γράφοι
2648 5351 2791 5404 κατὰ
2838 5351 3083 5405 πινάκων
3159 5351 3323 5422 τέχνῃ
3383 5351 3622 5422 μεθύσας
3644 5354 3711 5405 ’⁸.
3754 5353 3970 5423 Μικρὸν

2015 5475 2251 5533 ἾΑΒΙᾹΞ.
2284 5481 2690 5542 LECTIONES.

811 5564 1144 5637 ¹⁶άτρακτος1
1195 5568 1434 5637 ἇρακτον

1628 5566 1668 5597 "
1693 5567 1829 5639 αὕτη
1858 5567 1941 5639 ἀ.]
1970 5570 2137 5639 αὑτήν
2163 5573 2217 5624 ἁ.
2247 5573 2312 5626 Α.

2414 5575 2457 5605 ⁸⁸
2483 5578 2684 5645 κρίνων
2716 5607 2794 5648 _—_-
2830 5577 3219 5648 σταθμώμενος
3254 5577 3299 5629 Α
3344 5594 3359 5631 :
3395 5578 3577 5647 κρίνον
3603 5608 3669 5618 -
3710 5578 3969 5647 σταθμώ-

706 5653 875 5721 ξξενῼν,
899 5652 958 5698 ς.
1038 5640 1079 5671 ¹⁹
1100 5636 1366 5721 ,άοφιγστοῧ
1500 5636 1952 5721 στξφίαῆξοῧδξέῖ
2002 5642 2074 5721 _'°
2094 5636 2445 5721 apag/avra;
2472 5636 2686 5721 codices
2714 5646 2855 5701 Hint.
2889 5668 2902 5703 ι
2936 5636 3092 5721 ΡἸιρί.
3129 5636 3485 5721 άμνείιίιαντες.
3560 5648 3604 5678 ⁸⁸
3636 5648 3728 5721 καί
3748 5636 3864 5721 oin:

775 5706 992 5784 γλῶσσα
1054 5708 1151 5784 τάς
1197 5706 1483 5784 ποιητικὰς
1522 5710 1617 5784 ίᾲτ.
1797 5776 1808 5784 _
1848 5709 1914 5737 ’ν
1948 5706 2176 5777 μύσταις
2229 5706 2309 5765 C:
2353 5717 2445 5767 καὶ
2487 5716 2715 5784 φύσταις
2759 5736 2819 5781 ς.

707 5775 748 5805 ³⁸
781 5775 1017 5845 μεθύσας
1051 5780 1116 5841 Α,
1151 5776 1482 5847 μεθύσαντες
1515 5776 1582 5846 C,
1612 5776 1916 5847 μεθυούσας
1950 5775 1989 5841 ζ·
2017 5819 2032 5847 ν

2926 5721 2972 5749 ιι
3005 5716 3234 5788 διέπλει]
3273 5718 3423 5770 επλιι
3462 5720 3528 5772 Α.
3631 5718 3679 5749 υ
3712 5718 3874 5781 assa;
3902 5716 3964 5777 c.
