4206 6436
170 458 302 519 1381

1251 446 1838 506 BlBLlOTHECA.-

1858 444 2022 507 COD.
2061 446 2347 507 CCXLIV.
3299 442 3437 505 1382

162 562 260 618 οὖν
280 561 709 621 ἀναϐιϐάσαντες
730 559 795 610 ἐκ
824 557 992 627 μέσου
1018 555 1111 607 τὸν
1159 556 1341 623 λόγον,
1402 552 1520 608 εἶτα
1556 554 1739 623 ῥυῆναι

1854 553 1920 604 lis
1945 551 2178 605 artificio
2219 566 2317 605 suo
2349 548 2527 603 ebrias
2560 544 2737 617 Lydas
2762 545 2985 601 faciunt.
3015 545 3213 601 Parum
3265 547 3431 616 igitur

164 654 308 704 κατὰ
341 650 544 719 Λιϐύης
562 650 606 679 ⁸⁵
640 649 894 714 ἐάσομεν.
922 647 1066 715 Νικᾷ
1110 645 1166 698 δὲ
1186 646 1379 708 οὐδεὶς,
1412 646 1495 697 ὅτι
1518 645 1586 697 τὰ
1616 643 1748 697 πάνυ

160 760 230 794 τα
250 745 292 774 ³⁷
330 742 689 810 θαυμάζεται.
736 737 877 789 Ἀλλ’
911 739 939 787 ὁ
979 737 1135 803 λόγος
1163 738 1269 804 γάρ
1297 738 1343 767 ³⁸
1371 735 1748 802 ἀκολουθήσας

163 833 245 899 τῷ
276 832 427 899 πόθῳ
461 830 651 898 ὥσπερ
698 828 805 878 τινὶ
840 825 1001 895 βιαίῳ
1059 828 1313 895 ῥεύματι,
1368 826 1565 895 μικροῦ
1614 824 1746 893 πρὸς

162 921 360 989 ἑτέραν
436 920 550 970 ὀδόν
622 913 1005 985 μετωχετεύοη
1064 914 1384 982 φερόμενος.
1444 912 1609 983 [HM
1651 909 1746 979 R.]

177 1010 545 1062 Ἐπανακτέον
566 1003 660 1059 οὖν
697 1009 790 1058 ἐπὶ
816 1007 1023 1076 Λιϐύην
1044 1007 1088 1037 ’⁸
1125 1007 1214 1057 τὸν
1242 1006 1421 1072 λόγον.
1477 1003 1745 1072 Ἤλέγχθη

164 1098 437 1166 Περικλῆς
477 1098 555 1158 εἰς
588 1095 759 1148 πειθὼ
779 1097 1053 1166 δεύτερος,
1085 1096 1327 1166 ἠλέγχθη
1366 1096 1422 1147 δὲ
1476 1094 1744 1162 Θεμιστοο

164 1192 299 1259 κλῆς
322 1194 399 1252 εἰς
437 1190 660 1257 γνώμης
690 1189 855 1259 τάχος
879 1190 1240 1259 ἀμϐλύτερος,
1288 1191 1382 1242 καὶ
1410 1189 1634 1241 Πλάτων
1666 1188 1747 1248 εἰς

164 1283 353 1349 φύσιν,
383 1283 475 1332 καὶ
508 1279 685 1331 Σόλων
708 1281 787 1342 εἰς
820 1280 1015 1348 νόμους
1057 1296 1070 1308 ·
1101 1280 1197 1332 καὶ
1231 1280 1430 1340 πάντες
1456 1279 1632 1330 ἴσασιν
1662 1278 1745 1329 ὅτι

163 1363 247 1431 εἷς
286 1368 513 1429 ἕκαστος
542 1367 615 1428 ὡς
652 1367 830 1435 μόνοις
854 1368 927 1430 ὡς
974 1370 1139 1420 πᾶσιν
1168 1366 1339 1430 οὕτως
1365 1369 1406 1398 ³⁸
1432 1368 1743 1436 ἀγάλλεται.

163 1457 230 1509 Ti
254 1457 473 1526 δράσω;
508 1456 571 1508 Τί
610 1457 666 1508 δὲ
700 1456 1080 1526 βουλεύσωμαι
1107 1460 1184 1523 ³¹;
1224 1441 1510 1529 ’Υπαρχον
1543 1458 1745 1527 πέμψω

176 1548 501 1617 Ῥωμαίοις;
533 1548 727 1617 χλιδῶν
751 1549 807 1601 δὲ
844 1550 1012 1619 δῆμος
1040 1552 1236 1618 σεμνὸν
1278 1551 1377 1603 οὐκ
1406 1546 1548 1603 οἶδεν
1597 1550 1744 1620 ἡνίο-

160 1659 279 1708 χον.
306 1642 657 1709 Δυσχεραὶνει
693 1658 782 1710 μοι
809 1641 968 1710 τάχα.
997 1642 1301 1712 Καρχηδὼν
1333 1646 1425 1695 καὶ
1448 1643 1603 1704 πόλις
1652 1643 1743 1695 ἐπὶ

159 1733 371 1800 Λιϐύην
414 1732 481 1784 δι’
511 1734 713 1802 ἀρετήν
772 1749 902 1785 ποτε
936 1735 1076 1785 κατὰ
1126 1733 1343 1802 Ῥώμης
1400 1736 1740 1804 φρονήσασα,

158 1824 316 1886 πόλις
362 1824 589 1877 Ἰταλίαν
620 1826 746 1896 ὅλην
779 1829 890 1888 τοῖς
926 1827 1125 1895 ἑαυτῆς
1178 1825 1401 1878 κάλλεσι
1448 1825 1739 1895 βόσκουσα,

1852 644 2153 696 orationem
2183 657 2216 696 e
2260 642 2437 695 medio
2472 642 2776 702 trahemus,
2811 647 2863 693 et
2894 639 3086 694 deinde
3134 639 3202 694 de
3242 638 3430 696 Africa

1855 734 2026 787 libere
2062 733 2230 786 ﬂuere
2264 732 2665 801 permittemus.
2705 729 2875 784 Nemo
2915 732 3109 795 vincit,
3148 734 3273 799 quia
3311 749 3432 785 om-

1853 824 1940 875 nia
1979 824 2306 886 admiratur,
2341 822 2432 875 sed
2471 818 2648 872 oratio
2689 834 2927 873 amorem
2960 829 3145 874 secuta
3173 830 3430 889 tanquam

1852 917 2147 970 violentum
2186 914 2415 968 ﬂuxum.
2456 913 2650 966 Parum
2685 914 2750 966 ad
2786 912 2944 965 aliam
2973 914 3112 963 viam
3139 914 3315 965 delata
3342 915 3435 965 de-

1853 1004 2034 1058 flexit.
2080 1003 2403 1058 “educenda
2446 1003 2611 1071 igitur
2646 1002 2820 1055 oratio
2861 1002 2928 1054 ad
2974 1001 3238 1056 Africam.
3281 1003 3436 1056 Peri-

1849 1096 1961 1150 cles
2007 1105 2295 1149 accusatus
2332 1104 2415 1146 est
2454 1104 2512 1144 ttt
2542 1092 2850 1160 eloquentia
2884 1092 3087 1145 nemini
3134 1094 3431 1154 secundus,

1849 1194 2140 1241 accusatus
2170 1195 2251 1239 est
2290 1183 2711 1244 Themistocles,
2739 1193 2797 1235 ut
2831 1192 3015 1235 mente
3040 1184 3241 1235 tardior
3270 1194 3435 1250 atque

1848 1278 2119 1342 obtusior,
2161 1277 2315 1331 Plato
2348 1285 2576 1345 propter
2627 1274 2922 1343 ingenium,
2958 1274 3024 1324 ob
3058 1272 3206 1341 leges
3243 1272 3433 1335 Solon,

1849 1382 1904 1424 et
1939 1380 2139 1424 norunt
2169 1382 2375 1431 omnes,
2406 1379 2845 1433 unumquemque
2888 1372 2943 1416 ut
2968 1365 3118 1426 solis,
3162 1373 3219 1415 nt
3249 1364 3432 1416 omni-

1849 1463 1951 1516 bus
1987 1463 2065 1514 sic
2098 1463 2393 1514 exsultare.
2441 1458 2581 1522 Quid
2622 1455 2863 1509 faciam?
2912 1456 3039 1521 quid
3074 1454 3287 1508 consilii
3332 1470 3427 1507 ca-

1850 1551 2041 1620 piam?
2082 1549 2291 1603 Mittam
2354 1549 2545 1602 ducem
2598 1545 2895 1599 Romanis?
2946 1546 3151 1600 Lautus
3198 1548 3432 1615 populus

1849 1643 2093 1697 sobrium
2126 1641 2334 1707 ignorat
2369 1638 2639 1707 aurigam.
2675 1638 2937 1692 Celeriter
2981 1639 3111 1691 mihi
3158 1639 3434 1708 Carthago

1848 1735 2180 1803 indignatur,
2226 1732 2355 1785 urbs
2413 1746 2574 1799 supra
2619 1728 2861 1783 Africam
2902 1732 2970 1783 ob
3016 1731 3270 1784 virtutem
3318 1732 3436 1786 Ro-

1851 1841 2022 1879 mana:
2044 1824 2194 1878 urbis
2240 1821 2460 1885 amula,
2496 1823 2625 1875 urbs
2672 1830 2838 1874 totam
2875 1818 3079 1873 ltaliam
3116 1821 3232 1876 suis
3265 1836 3434 1875 orna-

158 1917 317 1978 πόλις
351 1917 501 1986 παρὰ
532 1917 784 1969 τοσοῦτον
816 1919 875 1970 οὐ
937 1918 1127 1989 πρώτη
1179 1917 1309 1987 παρ’
1356 1920 1479 1971 ὅσον
1524 1917 1739 1987 Ῥώμην

1848 1918 2041 1970 mentis
2071 1917 2387 1983 depascens,
2417 1914 2545 1966 urbs
2592 1921 2811 1977 propter
2841 1910 2891 1963 id
2926 1926 3029 1963 non
3060 1912 3258 1980 prima,
3302 1928 3430 1979 pro-

159 2008 501 2077 αἰσχύνεται.
534 2008 849 2061 Κινδυνεύει
886 2026 975 2076 μοι
1009 2010 1161 2071 πόλις
1193 2009 1424 2078 μεγάλη,
1450 2010 1546 2061 καὶ
1576 2010 1737 2079 ἠπει-

160 2115 255 2167 ρος
282 2097 375 2167 ὀλη
406 2099 659 2168 πονηροῖς
687 2098 1017 2166 κυϐερνᾶται
1062 2101 1172 2160 τοῖς
1207 2098 1370 2161 οἴαξι.
1430 2098 1741 2168 Πέμψωμεν

157 2188 322 2241 αὑτὸν
350 2187 439 2239 τὸν
473 2187 647 2256 μέγαν
672 2188 769 2256 τῆς
797 2186 1013 2254 νίκης³¹
1061 2187 1293 2256 ἡνίοχον.
1342 2188 1525 2253 Ἔγνω
1567 2186 1741 2239 ταῦτα

157 2280 441 2347 βασιλεὺς,
475 2279 568 2331 καὶ
621 2281 820 2349 χρυσαῖ
855 2280 1198 2349 παραχρῆμα
1241 2279 1412 2332 δέλτοι
1443 2279 1541 2349 τὴν
1597 2278 1740 2348 γνώ-

160 2389 269 2439 μην
299 2371 549 2437 ἔφθανον.
592 2370 859 2422 Ἐνταῦθα
886 2370 978 2422 τοῦ
1019 2370 1177 2438 λόγου
1212 2372 1523 2439 γενόμενος,

163 2462 224 2511 'l‘l
253 2457 509 2526 πρῶτον,
544 2460 601 2511 τί
620 2459 670 2512 δ’
695 2460 899 2513 ἔπειτα
914 2460 977 2524 ³³,
1038 2462 1094 2513 τί
1146 2460 1199 2512 δ’
1248 2462 1539 2585 bard-:20;
1562 2479 1739 2517 κατα-

1504 2548 1603 2585 ,ωε

1502 2548 1603 2595 iw;

158 2621 453 2673 Κινοῦνται
488 2621 586 2690 μὲν
622 2623 731 2692 γὰρ
763 2623 1100 2693 πανταχόθεν
1139 2624 1194 2676 al
1240 2624 1490 2693 πράξεις,
1533 2625 1623 2675 ῐσα
1680 2624 1738 2677 δὲ

155 2712 360 2774 πάντα,
398 2715 490 2764 xai.
510 2714 589 2781 τῷ
613 2717 690 2784 μὴ
711 2714 889 2782 λέγειν
946 2717 1006 2767 τὸ
1041 2715 1223 2781 λέγειν
1249 2716 1448 2785 ὁμοίως
1508 2717 1734 2784 ἄπορον,

155 2804 239 2855 δτι
285 2804 347 2854 τὸ
372 2803 416 2834 ³⁸
464 2806 563 2873 μὲν
612 2806 805 2874 πλήθει
837 2808 898 2858 τὸ
927 2808 983 2858 δὲ
1021 2806 1243 2874 μεγέθει
1290 2807 1578 2863 κωλύεται.
1636 2810 1739 2861 Λε-

154 2892 319 2945 κτέον
349 2890 441 2945 οὖν
465 2895 561 2963 οὐχ
578 2895 678 2947 ὅσα
706 2896 931 2958 ἔνεστιν,
959 2897 1071 2949 ἀλλ’
1093 2900 1192 2950 ὅσα
1213 2898 1440 2963 ἔξεστιν.
1475 2898 1740 2968 ὐρῶντες

152 2981 214 3032 δὲ
247 2982 411 3033 αὑτὸν
442 2986 582 3034 κατά
620 2983 714 3035 τοῦ
740 2986 1007 3053 χειμῶνος
1032 2986 1074 3017 ³⁵
1103 2986 1176 3048 ὡς
1217 2988 1360 3038 κατὰ
1385 2988 1627 3057 γαλήνης
1649 2988 1740 3041 τὸν

157 3072 346 3124 στόλον
418 3075 727 3142 πέμποντα,
796 3075 889 3129 καὶ
950 3078 1093 3129 κατὰ
1156 3078 1416 3147 κυμάτων
1469 3080 1545 3141 ὡς
1598 3078 1738 3131 κατὰ

155 3164 397 3236 [615Η.]
425 3166 661 3234 λιμένων
690 3166 977 3236 άθύροντα,
1020 3170 1068 3219 οἱ
1119 3169 1215 3235 μὲν
1252 3170 1327 3231 ὡς
1364 3170 1561 3238 δριμὺν
1605 3172 1735 3240 ἐρα-

1846 2014 1965 2070 pter
1991 2005 2133 2072 quod
2162 2001 2387 2055 Rontam
2418 2010 2656 2055 veretur.
2686 1998 3031 2054 Periclitatur
3068 2002 3198 2054 mihi
3228 2017 3424 2069 magna

1845 2096 1995 2158 urbs,
2028 2102 2081 2149 et
2114 2104 2225 2148 tota
2260 2094 2549 2148 continens
2576 2091 2716 2147 male
2760 2093 3119 2161 gubernatur.
3156 2092 3433 2147 Mittamus

1846 2186 2017 2255 ipsum
2062 2201 2317 2256 maguum
2362 2185 2606 2238 victoriae
2642 2185 2906 2252 aurigam.
2955 2182 3117 2236 Novit
3165 2186 3279 2239 hzec
3312 2201 3431 2251 rex,

1843 2285 1898 2330 et
1933 2292 2111 2331 aureae
2145 2278 2328 2331 statim
2378 2276 2591 2329 tabella
2646 2277 2969 2328 sententiam
3014 2290 3429 2345 prmcesserunt.

1843 2368 1975 2421 Cum
2007 2370 2109 2422 huc
2140 2369 2193 2421 in
2223 2368 2471 2421 oratione
2511 2368 2811 2431 venissem,

1917 2458 2059 2523 Quid
2109 2460 2356 2525 primunt,
2398 2459 2523 2527 quid
2563 2459 2750 2511 deinde
2786 2475 3009 2527 canam,
3051 2477 3153 2529 quo
3176 2463 3303 2604 [βιῖ
3336 2467 3427 2588 2si-

3200 2543 3243 2582 (ρ
3285 2550 3313 2585 ο

3200 2543 3313 2585 ιρυο

1842 2620 2135 2674 Ilonentur
2193 2622 2339 2674 enim
2386 2621 2624 2689 undique
2683 2623 2894 2689 negotia
2923 2662 2936 2685 ,
2982 2626 3190 2691 aequale
3248 2635 3332 2678 est
3378 2637 3431 2679 et

1844 2714 2065 2766 dubium
2097 2714 2295 2784 377a
2321 2728 2471 2782 teque
2498 2723 2550 2767 et
2588 2728 2689 2765 non
2720 2715 2921 2779 dicere,
2955 2724 3011 2767 ct
3042 2716 3225 2770 dicere
3258 2734 3271 2768 :
3328 2716 3430 2771 hoc

1845 2806 2206 2867 multitmline,
2230 2806 2356 2858 illud
2398 2820 2527 2859 vero
2559 2805 2929 2874 magnitudine
2965 2809 3305 2875 prohibetur.
3337 2810 3429 2862 Di-

1844 2897 2072 2949 cendum
2102 2898 2263 2965 igitur
2292 2912 2396 2950 non
2424 2898 2567 2965 quod
2608 2914 2692 2950 res
2723 2908 2826 2960 est,
2850 2899 2941 2951 sed
2967 2902 3109 2967 quod
3153 2901 3299 2954 licet.
3332 2900 3425 2955 Vi-

1842 2988 2029 3042 dentes
2055 2998 2231 3041 autem
2260 2990 2507 3041 eumdem
2535 3003 2632 3057 per
2670 2999 2880 3054 pratum
2909 3000 2965 3041 ut
2994 3005 3091 3057 per
3116 2992 3425 3059 tranquilli-

1841 3086 2005 3130 tatem
2044 3078 2271 3131 classem
2310 3079 2601 3141 instruere,
2634 3088 2687 3131 et
2722 3080 2770 3132 in
2806 3078 3059 3134 ﬂuctibus
3092 3089 3348 3149 tanquam
3373 3084 3425 3137 in

1843 3178 2003 3237 portu
2037 3170 2328 3233 ludentem,
2371 3169 2425 3222 hi
2459 3170 2678 3236 quidem
2707 3179 2959 3238 tanquam
2989 3186 3171 3224 aerem
3211 3184 3423 3226 amato-

156 3257 293 3322 στὴν
333 3255 579 3314 ἐπόθουν.
609 3258 655 3307 οἱ
684 3256 738 3308 δὲ
766 3257 1015 3326 ἔφριττον
1043 3259 1116 3320 ὼς
1153 3261 1287 3311 πᾶσι
1311 3260 1498 3327 φόϐοις
1538 3263 1739 3330 ἀήττη-

1847 3275 1957 3313 rem
1984 3261 2329 3324 fdcsiderant,
2380 3260 2432 3313 hi
2483 3270 2729 3313 metuunt
2776 3271 3033 3329 tanquam
3078 3263 3223 3316 omni
3278 3273 3425 3319 metu

151 3363 271 3398 τον.
312 3346 611 3415 Κρείττονα
638 3349 865 3418 πομπὴν
892 3350 988 3419 τῆς
1035 3350 1332 3417 Ἡφαίστου
1389 3352 1730 3420 ἐπόμπευον.

166 3438 422 3505 Ἀντήχει
457 3437 514 3489 δὲ
542 3439 710 3506 δῆμος
755 3438 963 3507 κύμασι
987 3440 1053 3501 ³⁸,
1092 3442 1189 3492 καὶ
1241 3440 1407 3509 ῥοθίῳ
1430 3441 1625 3510 κρότος
1674 3443 1738 3492 έκ

153 3528 373 3591 πόλεως
400 3546 412 3559 ·
450 3530 545 3580 καὶ
579 3530 751 3597 ψόφον
799 3530 1077 3600 θαλάσσης
1124 3531 1221 3601 βοὴ
1266 3533 1611 3602 Καρχηδόνος
1652 3532 1739 3595 ἐξ·

152 3618 416 3687 έπληττε.
455 3620 793 3690 Συγγνώμην
825 3622 881 3672 δὲ
907 3625 1050 3683 ἄπας
1079 3622 1250 3691 ἐχέτω
1282 3624 1375 3675 καὶ
1420 3623 1599 3693 γέρων
1645 3627 1737 3676 καὶ

152 3712 300 3772 νέος,
338 3712 385 3762 εἰ
407 3710 509 3779 ἔπη
548 3711 857 3781 φθέγγομαι
879 3713 923 3744 ³⁷
945 3729 958 3743 ο
991 3709 1100 3765 οἶδε
1131 3714 1259 3783 γὰρ,
1310 3711 1448 3766 οἶδεν
1475 3714 1613 3783 ἔρως
1643 3716 1737 3767 καὶ

152 3801 320 3868 λόγον
356 3804 529 3853 ποιεῖν
586 3804 899 3871 αὐτόνομον.
954 3798 1122 3867 Οὗτος
1157 3806 1310 3856 νόσον
1364 3806 1589 3875 ἐνόσησε
1639 3808 1737 3875 τῆς

158 3893 262 3958 μὲν
298 3890 497 3943 ἑαυτοῦ
545 3891 715 3959 τύχης
755 3894 1002 3961 μείζονα,
1056 3894 1156 3962 τῆς
1224 3896 1280 3948 δὲ
1316 3897 1582 3965 πονηρίας
1638 3899 1735 3966 οὐχ

150 3982 377 4049 ἥττονα.
416 3982 522 4033 Καὶ
550 3983 623 4050 μὴ
658 3983 916 4055 θαυμάσῃ
940 4001 1024 4045 τις
1045 3986 1096 4036 εἰ
1130 3985 1303 4038 ταῦτα
1354 3988 1561 4049 ἐκεῖνος
1598 3990 1739 4041 κατά

150 4070 367 4123 τοιοῦδε
400 4073 590 4140 ἀνδρὸς
620 4074 897 4141 ἐνόσησεν.
936 4075 1178 4127 Ἀνωθεν
1204 4078 1341 4129 κατὰ
1365 4078 1473 4130 τῶν
1498 4078 1736 4149 ἀρίστων

153 4165 439 4232 ἀρχόντων
467 4166 579 4225 τοῖς
598 4165 846 4219 ἐλάττοσι
879 4166 1071 4235 φθόνος
1093 4169 1308 4237 φύεται.
1352 4170 1736 4238 Ἐσυκοφάντει

156 4253 436 4321 Περικλέα
466 4253 674 4319 Κλέων,
717 4255 886 4323 ἔφυγε
927 4256 1122 4318 Νικίας
1159 4257 1507 4327 Ὑπέρϐολον,
1548 4262 1737 4329 Δημά-

151 4343 253 4410 δης
308 4344 353 4394 δ’
404 4343 585 4415 ἔκρινε
643 4348 1015 4417 Δημοσθένην,
1060 4348 1321 4415 Κλεοφῶν
1392 4350 1737 4421 Ἀλκιϐιάδην

151 4438 456 4506 ἐγράφετο,
499 4438 636 4506 ἀνὴρ
673 4440 930 4509 ἐλοιδόρει
968 4441 1346 4510 Θεμιστοκλέα
1402 4442 1732 4512 Σερίφιος³⁸.

152 4527 249 4595 Τῷ
276 4527 386 4595 γὰρ
415 4529 808 4597 ὑπερϐάλλοντι
836 4532 934 4600 τῆς
956 4532 1126 4601 τύχης
1143 4532 1486 4600 φθονοῦντες,
1510 4534 1573 4586 τὸ
1589 4534 1738 4586 ἐλατ-

1841 3354 2207 3417 superiorem,
2258 3351 2695 3404 excellentiorem
2752 3367 3001 3420 pompam
3055 3355 3208 3407 duxit
3262 3370 3426 3423 quam

1841 3438 2135 3494 Vulcanus.
2172 3439 2372 3494 Cantra
2415 3439 2609 3495 [luctus
2648 3455 2805 3495 sonat
2849 3443 3098 3511 populus,
3143 3454 3197 3498 et
3230 3457 3424 3499 contra

1840 3532 2095 3599 impetum
2144 3531 2432 3598 applausns
2483 3545 2545 3584 ex
2602 3531 2770 3594 urbe,
2819 3543 2871 3586 et
2929 3533 3203 3586 fretuitum
3257 3536 3426 3588 tnat'is

1838 3621 2277 3687 Carthaginensis
2302 3622 2506 3674 clamor
2529 3621 2837 3688 complevit.
2873 3622 3097 3676 Veniant
3135 3624 3264 3676 dent
3307 3640 3427 3676 ont-

1839 3730 1958 3779 nes,
1988 3726 2042 3770 et
2089 3730 2249 3768 senex
2291 3725 2344 3768 et
2385 3713 2623 3781 juvenis,
2670 3719 2715 3767 si
2771 3716 2946 3768 adhuc
2992 3714 3204 3783 loquar.
3252 3716 3424 3769 Scit-it

1836 3810 1981 3861 enim
2024 3808 2188 3862 scivit
2228 3822 2385 3861 amor
2418 3809 2726 3860 orationem
2766 3808 3038 3875 propriam
3086 3810 3289 3861 facere.
3324 3808 3426 3863 llic

1840 3900 2029 3953 morbo
2057 3899 2321 3952 laboravit
2349 3896 2555 3966 majore
2576 3913 2735 3965 quam
2766 3896 2981 3950 fortuna
3004 3913 3098 3951 sua
3119 3908 3422 3966 pateretur.

1835 3990 2123 4058 iniquitate
2156 4005 2261 4042 non
2298 3990 2529 4043 minore.
2574 3986 2638 4041 Et
2680 4002 2811 4041 vero
2861 4003 3023 4042 nemo
3074 3990 3307 4041 iniretur
3351 4005 3422 4042 an

1838 4084 1952 4136 haec
1988 4083 2075 4137 ille
2107 4090 2296 4135 contra
2328 4081 2474 4134 hunc
2496 4080 2673 4132 virum
2704 4094 2865 4131 ausus
2898 4078 3082 4133 fuerit.
3119 4078 3232 4132 Viri
3263 4082 3419 4141 boni.

1836 4176 1926 4242 qui
1959 4185 2085 4227 ante
2117 4188 2213 4227 nos
2253 4174 2489 4235 fuerunt,
2528 4185 2557 4224 a
2615 4171 2775 4224 malis
2810 4170 3123 4224 hominibus
3173 4175 3417 4225 accusati

1836 4274 1984 4319 sunt.
2024 4264 2318 4317 Accusavit
2349 4261 2613 4315 Periclem
2643 4260 2828 4324 Cleon,
2868 4261 3004 4329 fugit
3050 4260 3419 4329 llyperbolnnt

1838 4356 2040 4416 Nicias,
2076 4356 2128 4407 in
2179 4355 2387 4406 crimen
2428 4353 2641 4405 vocavit
2672 4352 2936 4405 Demades
2976 4349 3420 4415 Demosdtenem,

1836 4446 2116 4515 Cleophon
2182 4444 2519 4497 Alcibiadem
2591 4442 2931 4509 proscripsit.
2992 4440 3087 4494 Vir
3134 4442 3421 4509 Seriphius

1842 4538 2176 4590 conviciatus
2200 4543 2284 4587 cst
2330 4531 2707 4586 Themistocli.
2742 4529 2873 4583 Nam
2905 4532 2997 4598 qui
3041 4530 3416 4583 excellentiori

150 4618 422 4686 τούμενον
450 4620 547 4689 τῆς
576 4620 732 4682 άξίας
772 4623 989 4674 ἀνισοῦν
1020 4622 1210 4691 θράσει
1240 4622 1536 4691 βιάζονται.
1567 4623 1734 4678 Ἔνθα

1844 4626 2073 4680 fortuna:
2095 4625 2352 4688 invident,
2374 4632 2572 4690 cogunt
2601 4623 2836 4672 audaciae
2871 4622 3181 4687 adaequare.
3227 4618 3413 4686 Digni-

149 4707 219 4775 δὴ
256 4708 350 4758 καὶ
384 4706 618 4775 μάλιστα
646 4711 849 4775 ἔδειξεν
882 4712 1004 4763 ὅσον
1029 4714 1090 4763 τὸ
1120 4713 1283 4782 μέσον
1307 4714 1509 4784 ἀρετῆς
1543 4731 1603 4767 τε
1638 4718 1731 4769 καὶ

152 4797 465 4866 πανούργου
502 4815 531 4851 τ
542 4800 707 4866 ρόπου
738 4801 1098 4870 καθέστηκεν.

874 4890 1042 4945 ΣΜΔ’.

347 4973 461 5041 Τῆς
493 4977 783 5045 Διοδώρου
827 4981 1226 5050 βιϐλιοθήκης
1259 4986 1524 5056 eiu/torui.

245 5065 673 5137 Δνεγνώσθησαν
692 5069 790 5137 τῆς
813 5071 857 5101 ⁸⁸
880 5072 1144 5144 Διοδώρου
1164 5076 1563 5148 βιϐλιοθήκης
1583 5082 1731 5136 ἄλλοι

152 5170 214 5205 τε
247 5154 393 5222 λόγοι
425 5160 518 5207 καὶ
548 5158 576 5207 ὁ
597 5156 673 5225 λβ¹
704 5158 798 5209 καὶ
829 5157 920 5221 λδ’,
948 5160 1041 5211 καὶ
1068 5160 1097 5212 ό
1129 5162 1237 5229 pl“
1266 5166 1361 5215 καὶ
1392 5167 1420 5216 ό
1452 5167 1564 5235 μη’,
1592 5171 1730 5222 καὶὸ

1843 4724 2007 4768 tatem
2049 4714 2311 4765 minorem
2332 4710 2551 4763 virtutis
2577 4718 2632 4761 et
2660 4706 2971 4761 calliditatis
3007 4706 3307 4760 constituit.

2499 4885 2766 4941 CCXLIV.

2198 4978 2246 5033 E
2280 4978 2510 5031 Diodoro
2544 4978 2722 5031 Siculo
2763 4977 3043 5041 Eacerpla.

1908 5074 2161 5128 Diversus
2205 5085 2235 5123 e
2284 5068 2505 5121 Diodori
2559 5067 2877 5122 Bibliotheca
2914 5067 3030 5137 (55)
3076 5068 3244 5122 libros
3276 5068 3414 5138 legi-

1839 5180 1981 5231 mus,
2018 5162 2351 5217 tricesimum
2391 5160 2692 5215 secundum
2722 5158 3082 5229 [tricesimum
3104 5160 3410 5231 quartum},

1438 5322 1671 5378 VARle
1712 5321 2117 5378 LECTIONES.

230 5409 275 5482 ξ·
294 5408 485 5482 λιϐύην
514 5406 575 5463 C.
651 5410 695 5441 ⁸⁷
725 5408 925 5482 πάντα]
952 5408 1170 5482 πάντων
1200 5410 1264 5469 C.
1339 5413 1383 5445 "
1403 5415 1510 5481 γὰρ
1545 5432 1653 5469 οηδ·
1684 5416 1747 5471 C-

1392 5485 1435 5514 ³³
1460 5485 1503 5536 δ’
1531 5495 1658 5540 ante
1685 5489 1875 5539 ἔπειτα
1896 5502 2004 5539 om.
2037 5483 2100 5537 C.

153 5479 595 5561 ξξ,βουλεύσομαι
619 5496 691 5561 cf.
746 5482 802 5561 ff
830 5479 1008 5561 νίκης]
1036 5481 1191 5561 δίκης
1215 5483 1278 5561 μ..

1849 5416 1893 5448 ²⁹
1918 5415 2012 5468 ἐπὶ
2040 5412 2136 5493 τὴν
2167 5410 2358 5493 λιϐύην
2389 5409 2451 5465 C.
2516 5410 2573 5493 βξ
2606 5404 2686 5493 εἷς
2708 5437 2776 5448 -
2800 5407 2997 5493 οξτως]
3023 5401 3114 5493 οἷς
3134 5408 3404 5490 Βεῑείςῑιις.

2197 5484 2242 5514 ⁸⁵
2271 5478 2347 5551 τῷ
2376 5510 2446 5519 --
2482 5479 2563 5550 τὸ]
2587 5480 2648 5551 τδ
2687 5508 2759 5551 -έ
2786 5480 2864 5551 τῷ
2906 5478 2994 5533 CC
3057 5479 3115 5551 ,³⁸
3140 5481 3411 5551 χειμεῖνας

153 5547 607 5638 Wernsdorlips":
640 5550 757 5638 libri
780 5547 1062 5638 inpar/65..
1124 5547 1183 5631 _“
1213 5552 1383 5638 δῆμος
1413 5558 1525 5635 τοὶς
1556 5556 1763 5638 κύμασι
1796 5574 1856 5638 ςτἰ
1895 5628 1907 5638 .
1932 5555 1974 5585 ⁸⁷
2137 5547 2446 5638 φθέγγομαι
2474 5551 2514 5604 C
2534 5547 2562 5615 ,“
2590 5550 2669 5601 ἔτι
2701 5547 3007 5620 φθέγγομαι
3040 5548 3108 5615 Α,
3140 5547 3407 5615 impiis.-

152 5634 322 5688 γομαι
337 5633 399 5681 ς.
475 5617 519 5648 ⁸⁸
543 5618 664 5675 libri
697 5617 937 5688 σέριφος.

1012 5621 1055 5653 ³⁸
1089 5621 1187 5691 τῆς
1214 5622 1260 5675 Α
1296 5642 1308 5677 :
1340 5626 1403 5676 ἐκ
1432 5625 1531 5695 τῆς
1560 5621 1643 5690 cf
1696 5627 1742 5657 “
1771 5627 1915 5680 καὶὸ
1954 5623 2006 5694 μ’
2028 5621 2207 5690 Apta!
2238 5639 2277 5692 μ

2324 5620 2395 5675 B:
2433 5636 2543 5676 om.
2582 5637 2644 5685 ς.

1670 5762 1904 5820 NOTAE.

230 5841 343 5910 (δῶ
394 5843 597 5899 inserta
648 5844 758 5901 inec
793 5844 851 5900 Ι..
902 5845 1273 5905 lihodomanni
1319 5850 1566 5907 editioni.
