4206 6436
744 404 882 467 1383

1890 395 2154 458 ΡΠΟΤΙῘ
2194 391 2699 456 ΡΑΤΒΙΑΒΩΗίΕ
2745 391 2854 451 CP.

3884 389 4032 454 138‘

734 511 1214 585 quadragesimum
1248 520 1522 571 octavum,
1560 509 1896 565 tricesimum
1940 511 2195 578 primum,
2227 522 2312 562 se-

2441 502 2499 555 .α’
2532 504 2627 555 καὶ
2652 503 2681 554 ὁ
2712 501 2757 570 β’
2792 500 2883 552 καὶ
2925 497 2967 551 δ’
2985 498 3028 529 ⁸⁸
3080 500 3174 552 καὶ
3208 503 3283 563 ς’,
3312 497 3407 551 καὶ
3431 496 3511 560 λζ’
3531 497 3574 526 δ’
3614 497 3709 549 καὶ
3740 497 3827 566 λη’
3848 493 4031 550 ⁵³.⁹ι;ν

737 607 996 667 cundum,
1030 612 1305 673 quartum,
1343 612 1583 668 sextum,
1621 603 1937 673 septimum,
1977 611 2255 665 octavum,
2290 614 2322 655 e

2441 594 2656 665 ικλογὴν
2695 595 2728 663 ἡ
2772 591 3024 662 παροῦσα
3061 592 3273 653 ἐκδοσις
3312 591 3584 661 περιέχει.

736 700 935 768 quibus
966 700 1079 752 haec
1110 695 1521 764 descripsimus.

810 810 984 876 Multi,
1030 810 1175 878 iique
1219 809 1420 863 diversi
1475 808 1769 872 tradidere,
1831 808 2034 862 multos
2071 823 2102 862 e
2143 809 2323 875 specie

737 920 840 971 qua
874 904 1087 956 feminae
1112 902 1466 970 putabantur,
1500 902 1554 954 in
1584 901 1798 956 virilem
1827 910 1882 953 et.
1911 916 2105 955 sexnm
2139 910 2193 954 et
2221 916 2322 952 na-

738 1008 913 1048 turam
956 995 1258 1047 transiisse.
1296 993 1563 1047 Cancrum
1604 992 1871 1047 Diodorus
1919 1009 2007 1049 res
2034 993 2323 1047 Alexandri

735 1087 1112 1156 Cedo-Syriae,
1161 1095 1215 1137 et
1259 1084 1566 1137 Antiochia:
1626 1085 1768 1151 regis
1798 1100 2169 1153 prosequens,
2212 1086 2327 1138 hac

738 1178 805 1231 ad
833 1176 1138 1244 prodigium
1176 1176 1405 1229 addidit.
1429 1174 1566 1228 Cum
1615 1174 1941 1238 Alexander,
1976 1174 2176 1242 inquit,
2232 1189 2315 1225 νιη

736 1282 857 1323 ctus
890 1285 922 1322 e
958 1283 1131 1337 pugna
1165 1267 1217 1320 in
1255 1268 1529 1321 civitatem
1563 1267 1775 1320 Arabiae
1807 1267 1954 1321 Abas
1998 1268 2063 1319 ad
2088 1265 2325 1320 Dioclem

736 1369 943 1424 regem,
978 1359 1115 1425 apud
1143 1371 1301 1424 quem
1343 1367 1397 1410 et
1426 1357 1594 1409 lilium
1641 1357 1969 1410 Antiochum
2018 1357 2199 1409 adhuc
2234 1356 2323 1409 iu-

738 1450 942 1501 fantem
973 1450 1320 1514 deposuerat,
1348 1463 1470 1503 cum
1491 1448 1797 1517 quingentis
1825 1447 2127 1517 aufugisset
2153 1487 2168 1511 ,
2199 1463 2328 1503 ecce

737 1542 904 1593 duces
956 1538 1029 1590 illi
1076 1537 1336 1603 Heliadis,
1382 1540 1471 1606 qui
1514 1554 1635 1593 sese
1668 1539 1979 1593 Alexandro
2028 1539 2328 1605 conjunxe-

739 1642 882 1694 rant,
909 1631 974 1683 de
1004 1632 1225 1698 proprio
1260 1630 1547 1684 commodo
1578 1629 1897 1698 legationem
1928 1628 2126 1699 377b
2186 1630 2326 1683 clam

736 1722 1023 1782 adornant,
1056 1730 1111 1771 et
1143 1720 1265 1773 dolo
1303 1734 1422 1772 sese
1446 1719 1813 1772 Alexandrum
1888 1729 2181 1773 necaturos
2199 1734 2330 1787 pro-

739 1811 986 1863 mittunt.
1036 1811 1330 1862 Annuente
1375 1824 1505 1862 vero
1543 1810 1830 1878 postulatis
1880 1809 2175 1875 Demetrio,
2224 1824 2328 1863 non
2366 1843 2405 1896 Β

740 1903 900 1954 tnodo
922 1916 1105 1969 regem
1143 1916 1301 1953 suum
1333 1900 1713 1970 prodiderunt,
1740 1916 1928 1956 verum
1962 1902 2126 1954 etiam
2158 1902 2325 1954 inter-

743 1992 1013 2046 fecerunt.
1063 1990 1186 2045 Non
1230 2002 1313 2046 est
1351 1991 1790 2058 praetereundum
1829 1991 2133 2061 prodigium
2174 1990 2329 2054 illud,

738 2083 882 2152 quod
928 2095 1159 2137 mortem
1207 2083 1501 2135 Alexandri
1557 2082 1870 2148 praecessit;
1933 2082 2058 2135 licet
2100 2081 2334 2135 fortasse

742 2184 963 2243 propter
992 2174 1287 2227 novitatem
1324 2172 1488 2227 ﬁdem
1521 2175 1789 2229 excedere
1818 2174 2091 2228 videatur.

814 2464 1011 2518 Paucis
1055 2470 1183 2516 ante
1214 2461 1427 2524 diebus,
1466 2475 1587 2514 cum
1630 2460 1780 2530 juxta
1816 2460 2061 2514 Ciliciam
2100 2461 2339 2514 Alexan-

743 2558 842 2611 der
876 2572 971 2610 rex
1018 2554 1301 2609 oraculum
1337 2553 1668 2613 consnleret,
1715 2556 1857 2621 quod
1900 2553 2170 2620 Apollinis
2206 2554 2341 2606 Sar-

746 2648 964 2716 pedonii
1020 2644 1279 2712 templum
1341 2644 1542 2697 ibidem
1603 2644 1929 2708 diceretur,
1996 2644 2341 2711 respondisse

747 2740 920 2791 lertur
951 2737 1023 2789 illi
1068 2738 1202 2790 deus
1229 2776 1244 2795 ,
1296 2750 1417 2787 cum
1471 2747 1529 2787 ut
1559 2734 1734 2788 locum
1777 2743 2017 2797 caveret,
2046 2734 2135 2799 qtti
2166 2734 2341 2801 gemi-

749 2844 875 2881 num
923 2828 1084 2881 deum
1140 2824 1479 2893 protulisset.
1525 2824 1849 2889 Ambiguum
1886 2831 2012 2875 tunc
2059 2822 2339 2888 temporis,

747 2930 804 2972 et
835 2922 1128 2972 obscurum
1157 2916 1330 2967 visum
1368 2923 1491 2978 est;
1523 2924 1643 2980 post
1695 2913 1840 2983 regis
1881 2922 2059 2965 autem
2090 2921 2341 2975 mortem,

748 3024 936 3062 verunt
972 3005 1251 3061 oraculum
1282 3003 1451 3058 fuisse
1485 3013 1726 3071 coeptum
1758 3013 1843 3057 est
1879 3002 2129 3070 intelligi,
2163 3002 2248 3056 his
2279 3003 2344 3055 de

750 3094 958 3147 causis.
999 3093 1333 3161 Diopltantus
1368 3092 1585 3160 quidam
1629 3106 1659 3145 e
1692 3089 2002 3144 Macedonia
2029 3091 2081 3143 in
2122 3091 2345 3144 civitate

2495 794 2618 845 Ὀτι
2651 790 2833 845 πολλοὶ
2867 789 2967 859 μὲν
2988 788 3085 840 καὶ
3108 787 3259 840 ἄλλοι
3293 786 3586 855 ἱστόρησαν
3607 786 3716 838 άπδ
3742 786 4031 854 σχήματος

2423 882 2737 952 γυναικείου
2774 881 2867 933 καὶ
2898 878 3221 947 ὑπολήψεως
3257 879 3339 939 είς
3368 877 3563 946 ἀνδρὸς
3587 878 3681 929 καὶ
3715 877 3907 943 σχῆμα
3935 875 4030 927 καὶ

2427 976 2587 1045 φύσιν
2620 972 2965 1042 ἀναφανῆναι
2984 988 2999 1003 ⁸
3030 970 3170 1037 ἀτάρ
3202 968 3297 1021 καὶ
3326 967 3597 1037 Διόδωρος
3628 970 3685 1019 ὲν
3716 972 3782 1035 τῇ
3810 967 3895 1035 λβ⁰
3918 965 4031 1018 τῶν

2428 1066 2680 1137 ἱστοριῶν
2707 1068 2931 1118 τοιαῦτα
2960 1064 3091 1132 περὶ
3114 1061 3321 1132 ταύτης
3347 1061 3453 1129 τῆς
3485 1061 3856 1127 περιπετείας
3889 1063 4032 1111 ἱστο-

2431 1161 2514 1229 ρεῖ
2532 1159 2599 1221 ⁸⁸,
2630 1158 2700 1210 τὰ
2736 1156 2865 1225 περὶ⁵
2898 1153 3248 1220 Ἀλέξανδρον
3293 1154 3383 1205 τδν
3432 1152 3634 1219 Κοίλης
3681 1152 3885 1218 Συρίας
3938 1151 4029 1201 καὶ

2438 1246 2773 1317 Ἀντιοχείας
2803 1241 3256 1315 βασιλεύσαντα⁶⁸
3274 1238 3507 1304 διεξιών.
3533 1236 3672 1306 Φησὶ
3699 1237 3757 1287 δέ
3780 1237 3823 1267 ⁸⁸
3854 1252 3870 1265 ·
3891 1236 3951 1286 Ὀ
3976 1235 4030 1287 δὲ

2440 1338 2790 1408 Ἀλέξανδρος
2822 1337 2929 1388 ἀπὸ
2963 1336 3061 1406 μὲν
3109 1335 3208 1402 τῆς
3243 1332 3424 1401 μάχης
3476 1328 3615 1398 μετὰ
3650 1328 4031 1380 πεντακοσίων

2428 1431 2527 1500 τὴν
2550 1430 2727 1498 φυγὴν
2750 1428 3045 1497 ἐποιήσατο
3068 1425 3237 1495 τῆςἈ
3250 1422 3443 1492 ρασίας
3463 1422 3541 1481 είς
3564 1420 3663 1482 τάς
3686 1420 4031 1484 καλουμένας

2434 1524 2607 1587 ’Λὸας
2641 1524 2777 1593 πρὸς
2807 1521 3033 1575 Διοκλέα
3076 1521 3167 1572 τδν
3196 1518 3482 1583 δυνάστην,
3519 1515 3657 1581 πρὸς
3682 1514 3741 1565 δν
3772 1509 3842 1583 ῆν
3864 1512 3910 1543 δ’
3942 1514 4032 1563 καὶ

2430 1617 2521 1669 τὸν
2554 1615 2669 1668 υἱὸν
2686 1614 2960 1682 ’Λντίοχον
2985 1609 3475 1681 προεκτεθειμένος
3501 1610 3630 1660 ὄντα
3657 1606 3881 1675 νήπιον.
3899 1600 4031 1656 Εἶτα

2432 1709 2481 1762 οἱ
2515 1708 2612 1777 μὲν
2637 1724 2701 1758 πε
2712 1708 2765 1777 pl.
2787 1708 2879 1758 τὸν
2916 1704 3174 1771 Ἡλιάδην
3196 1702 3487 1771 ἡγεμόνες,
3510 1702 3558 1753 οἶ
3585 1703 3827 1769 συνῆσαν
3844 1699 4030 1761 Ἀλεξ-

2435 1801 2635 1869 άνδρῳ,
2672 1797 2838 1870 [1145
2871 1795 2963 1868 8.]
3010 1795 3186 1862 λάθρα
3232 1792 3723 1862 διεπρεσϐεύσαντο
3758 1792 3891 1858 περὶ
3934 1789 4031 1855 τῆς

2436 1898 2571 1957 ἰδίας
2626 1894 2942 1963 ἡγεμονίας,
2990 1891 3455 1960 ἐπαγγελλόμενοι
3508 1888 3887 1956 δολοφονήσειν
3944 1885 4033 1936 τὸν

2446 1986 2797 2055 Ἀλέξανδρον
2817 2000 2832 2014 ο
2866 1984 3319 2053 συγχωρήσαντος
3352 1980 3409 2033 δὲ
3436 1979 3532 2033 τοῦ
3561 1977 3877 2047 Δημητρίου
3906 1976 4035 2043 περὶ

2434 2071 2508 2132 ὧν
2543 2078 2753 2145 ἠξίουν,
2782 2078 2843 2127 οὐ
2879 2076 3038 2145 μόνον
3067 2074 3322 2145 προδόται
3352 2071 3447 2125 τοῦ
3482 2070 3742 2139 βασιλέως
3776 2070 3914 2122 ἀλλὰ
3942 2070 4034 2120 καὶ

2436 2172 2616 2238 φονεῖς
2646 2168 3005 2238 ἐγενήθησαν.
3039 2168 3152 2219 Οὐκ
3186 2165 3335 2230 ἄξιον
3378 2164 3433 2217 δὲ
3467 2162 3759 2230 παρελθεῖν
3808 2161 3912 2230 τὴν
3944 2176 4036 2227 γε·

2435 2262 2666 2330 νομένην
2688 2261 3042 2330 περιπέτειαν
3063 2257 3225 2328 πρδ⁶³¹
3246 2256 3346 2325 τῆς
3373 2257 3725 2325 Ἀλεξάνδρου
3747 2253 4032 2322 τελευτῆς,

2435 2352 2525 2403 διὰ
2562 2350 2617 2403 δὲ
2660 2351 2720 2402 τὸ
2760 2348 3061 2420 παράδοξον
3103 2347 3233 2410 ἴσως
3271 2345 3817 2417 άπιστηθησομὲνην.

2512 2461 2862 2530 Ἀλεξάνδρου
2896 2460 3005 2530 γὰρ
3038 2458 3133 2512 τοῦ
3163 2458 3423 2527 βασιλέως
3454 2458 3629 2527 βραχὺ
3663 2457 3770 2527 πρὸ
3800 2455 3911 2507 τῶν
3945 2456 4037 2505 ἐν-

2444 2553 2697 2607 εστώτων
2719 2573 2750 2622 χ
2759 2550 3486 2622 ρόνων¹χρηστηριαζομένου
3505 2550 3646 2601 κατὰ
3656 2549 3754 2617 τὴν
3770 2546 4031 2600 Κιλικίαν

2442 2644 2572 2697 ἔνθα
2609 2646 2772 2712 φασὶν
2795 2644 3130 2705 ’Λπόλλωνος
3156 2641 3528 2710 Σαρπηδονίω
3564 2640 3707 2709 ἱερὸν
3740 2634 3909 2701 εἶναι,
3943 2639 4037 2689 άν-

2440 2736 2581 2787 ελεῖν
2633 2734 2783 2803 αὑτῷ
2819 2734 3035 2801 λέγεται
3077 2734 3170 2785 τὸν
3216 2732 3339 2785 θεὸν
3379 2730 3720 2799 φυλάξασθαι
3751 2728 3844 2780 τὸν
3871 2728 4038 2779 τόπον

2442 2828 2532 2878 τὸν
2562 2827 2855 2893 ἐνεγκόντα
2885 2825 2976 2878 τὸν
3004 2825 3266 2894 δίμορφον
3285 2823 3352 2875 δ’.
3374 2823 3484 2875 Καὶ
3516 2822 3634 2873 τότε
3652 2820 3753 2889 μὲν
3772 2820 4039 2886 αἰνιγμα-

2441 2917 2584 2987 τώδη
2616 2918 2707 2969 τὸν
2737 2916 2983 2985 χρησμὸν
3025 2912 3164 2968 εἶναι
3194 2914 3365 2979 δόξαι,
3395 2913 3621 2980 ὕστερον
3667 2910 3856 2979 μέντοι
3898 2912 4037 2975 μετὰ

2442 3004 2540 3071 τὴν
2569 3004 2825 3073 τελευτὴν
2870 3003 2964 3055 τοῦ
3010 3002 3273 3072 βασιλέως
3304 3001 3709 3069 ἐπιγνωσθῆναι
3750 2998 3813 3050 τὸ
3857 2998 4037 3065 λόγιον

2443 3095 2531 3147 διὰ
2556 3095 2815 3156 τοιαύτας
2844 3096 2995 3157 τινὰς
3028 3095 3225 3155 αἰτίας·
3262 3093 3374 3161 Τῆς
3408 3092 3667 3161 Ἀραϐίας
3695 3092 3754 3142 ἒν
3783 3092 3905 3151 ταῖς
3936 3106 4038 3141 κα-

749 3186 885 3240 Abis
911 3186 964 3238 in
999 3183 1201 3236 Arabia
1242 3182 1544 3245 habitabat,
1571 3182 1662 3248 qui
1696 3182 1856 3235 ducta
1884 3197 2054 3236 uxore
2083 3183 2339 3236 Arabissa

2445 3186 2733 3255 λουμέναις
2755 3185 2949 3249 Ἀϐαις
2993 3186 3127 3254 ᾤκει
3171 3202 3254 3248 τις
3299 3184 3593 3252 Διόφαντος
3642 3183 3841 3251 ὄνομα,
3878 3182 3939 3233 τὸ
3974 3181 4034 3232 δὲ

754 3278 923 3330 ﬁlium
966 3275 1155 3345 genuit
1200 3274 1441 3342 ejusdem
1492 3273 1731 3326 nominis
1778 3273 2162 3340 Diophantunt,
2196 3283 2249 3326 et
2284 3274 2346 3325 li-

754 3371 879 3422 liam
911 3369 1131 3421 nomine
1164 3365 1477 3419 Heraidem.
1514 3364 1733 3428 Filium,
1791 3374 2080 3433 antequam
2122 3365 2347 3430 juvene-

754 3466 933 3513 sceret
962 3456 1169 3520 amisit,
1224 3456 1318 3509 sed
1368 3456 1531 3507 tiliam
1583 3456 1822 3507 nubilem
1859 3456 2070 3508 cuidam
2102 3453 2343 3509 Samiadi

756 3555 999 3604 detatam
1054 3546 1359 3613 deditzqui
1407 3558 1600 3600 exacto
1645 3562 1751 3600 uno
1789 3562 1913 3601 cum
1967 3561 2137 3600 uxore
2178 3562 2343 3608 anno,

760 3639 943 3709 procul
982 3653 1011 3689 a
1053 3639 1213 3693 demo
1251 3638 1628 3705 peregrinatus
1672 3647 1777 3690 est.
1826 3636 2020 3690 Herais
2056 3645 2259 3698 autem,
2289 3648 2347 3688 ut

759 3734 981 3794 dicitur,
1018 3731 1225 3783 interea
1262 3729 1313 3782 in
1358 3744 1556 3782 novum
1584 3729 1809 3781 omnino
1838 3729 2108 3791 morbum,
2137 3737 2191 3781 et
2215 3743 2347 3781 sane

760 3823 1130 3878 incredibilem
1163 3822 1375 3874 incidit.
1404 3820 1539 3873 Nam
1571 3822 1763 3890 ingens
1779 3822 1925 3875 circa
1956 3820 2133 3874 alvum
2158 3830 2343 3873 natum

760 3923 843 3966 est
868 3914 1046 3975 tuber,
1079 3912 1219 3978 quod
1239 3927 1358 3964 cum
1392 3911 1444 3962 in
1471 3911 1586 3964 dies
1612 3920 1975 3971 excresceret,
2008 3920 2060 3963 et
2088 3911 2238 3963 locus
2260 3911 2345 3961 in-

772 4012 860 4058 tus
908 4004 1377 4067 condensaretur,
1419 4001 1773 4055 consuluntur
1814 4003 2032 4056 medici.
2077 4002 2139 4055 lli
2189 4000 2345 4055 ulcus

761 4096 907 4149 circa
938 4094 1137 4147 ostium
1162 4094 1335 4147 vulvae
1370 4108 1491 4147 esse
1510 4102 1785 4158 asserunt,
1806 4096 2059 4160 quocirca
2087 4094 2347 4147 adhibent

762 4187 1179 4249 medicamenta,
1213 4186 1406 4250 quibus
1438 4185 1593 4237 tuber
1619 4185 1718 4239 hoc
1747 4185 2340 4253 possintsupprimere.

764 4277 1010 4345 Septimo
1037 4286 1220 4328 autent
1246 4276 1335 4328 die
1366 4278 1613 4343 disrupta
1642 4290 1853 4329 summa
1878 4287 2025 4339 cute,
2052 4277 2342 4330 exciditex

762 4367 1012 4435 pudendo
1056 4368 1270 4433 inguem
1300 4365 1572 4433 adjunctis
1620 4366 1880 4427 testibus,
1922 4374 1976 4418 et
2017 4367 2130 4419 haec
2164 4366 2345 4433 ruptio

764 4459 962 4525 hicque
993 4454 1219 4509 allectus
1255 4471 1353 4510 nec
1381 4456 1613 4519 medico,
1664 4472 1763 4511 nec
1804 4470 2077 4524 quoquam
2115 4464 2342 4509 externo

2448 3277 2603 3343 γένος
2644 3276 2929 3330 Μακεδών.
2966 3270 3136 3339 Οὗτος
3177 3277 3440 3345 ἐγχώριον
3481 3277 3742 3347 ’Δραόίαν
3802 3278 4038 3342 γυναῖκα

2447 3372 2631 3441 γήμας
2662 3371 2919 3439 ἐγέννησε
2953 3370 3070 3422 υἱὸν
3106 3369 3205 3439 μὲν
3231 3370 3523 3437 ὁμώνυμον
3562 3369 3761 3436 ἑαυτῷ,
3788 3368 3920 3438 [616
3942 3366 4036 3437 Η.]

2450 3460 2724 3529 θυγατέρα
2749 3462 2806 3513 δὲ
2836 3461 2933 3530 τὴν
2962 3460 3497 3529 προσαγορευθεῖσαν
3533 3459 3783 3527 Ἠραῖὃα.
3808 3460 3917 3510 Τὸν
3939 3458 4037 3525 μὲν

2447 3547 2539 3604 οὖν
2574 3552 2686 3603 υίὸν
2703 3552 2747 3583 ⁸ο
2782 3552 2888 3619 πρὸ
2915 3551 3013 3619 τῆς
3047 3551 3231 3619 ἀκμῆς
3273 3548 3452 3602 ἐπεῖδε
3483 3549 3912 3617 τελευτήσαντα,
3939 3548 4037 3613 τὴν

2446 3641 2502 3692 δὲ
2530 3641 2799 3708 θυγατέρα
2833 3642 3011 3708 γάμου
3042 3638 3271 3708 ἔχουσαν
3294 3638 3444 3706 ὥραν
3474 3639 3768 3706 προικίσας
3793 3652 4038 3703 συγκατ-

2447 3731 2616 3801 ῴκισέ
2662 3747 2767 3781 τινι
2813 3730 2982 3799 ὄνομα
3020 3728 3379 3797 Σαμιάδης⁸¹.
3409 3720 3579 3789 Οὗτος
3622 3728 3721 3795 μὲν
3769 3721 3865 3778 οὖν
3896 3743 4039 3792 συμ-

2447 3821 2652 3883 ϐιώσας
2696 3823 2761 3889 τῇ
2797 3819 3109 3890 γαμηθείσῃ
3151 3819 3340 3887 χρόνον
3391 3817 3663 3869 ἐνιαύσιον
3709 3817 4037 3885 ἀπεδήμησε

2451 3913 2668 3983 μακρὰν
2716 3911 3051 3981 ἀποδημίαν.
3082 3910 3193 3979 Τὴν
3218 3908 3264 3961 δ’
3298 3908 3525 3978 Ἠραῖδα
3557 3910 3720 3977 φασὶν
3750 3909 4037 3978 ἀρρωστία

2447 4006 2768 4073 περιπεσεῖν
2813 4001 3100 4069 παραδόξῳ
3145 4000 3242 4052 καὶ
3291 3998 3569 4062 παντελῶς
3610 4002 4034 4068 άπιστουμένῃ’

2447 4094 2755 4165 φλεγμονὴν
2801 4094 2910 4163 γὰρ
2958 4093 3182 4162 ἰσχυρὰν
3211 4091 3465 4159 γενέσθαι
3496 4093 3627 4161 περὶ
3654 4094 3715 4143 τὸ
3742 4087 3911 4160 ἦτρον
3939 4093 4037 4142 αὑ-

2445 4189 2566 4257 τῆς.
2584 4188 2704 4238 Ἐπὶ
2730 4185 2889 4237 πλέον
2921 4185 2978 4237 δὲ
3008 4185 3320 4254 οἰδήσαντος
3347 4183 3441 4236 τοῦ
3484 4184 3673 4243 τόπου,
3709 4182 3903 4235 ἔπειτα
3926 4184 4038 4235 τῶν

2448 4277 2700 4348 πυρετῶν
2719 4278 2763 4307 ⁵⁸
2788 4276 3040 4345 μεγάλων
3070 4278 3566 4345 συνεπιγινομένων
3583 4276 3651 4339 ³⁸,
3671 4277 4038 4341 καταδοξάσαι

2446 4374 2569 4433 τοὺς
2623 4372 2837 4438 ἰατροὺς
2889 4369 3119 4421 ἕλκωσιν
3162 4368 3444 4436 γεγονέναι
3491 4368 3617 4438 περὶ
3645 4368 3739 4419 τὸν
3766 4368 4039 4437 τράχηλον

2447 4464 2543 4532 τῆς
2604 4464 2838 4532 μήτρας.
2876 4462 3188 4531 Χρωμένων
3238 4461 3295 4514 δὲ
3345 4460 3525 4513 αὐτῶν
3574 4462 3896 4530 θεραπείαις
3949 4456 4039 4522 αἷς

762 4556 957 4615 praeter
987 4558 1215 4601 matrem
1263 4556 1503 4616 duasque
1534 4548 1764 4602 ancillas
1813 4559 2079 4616 prmsenle
2120 4549 2339 4601 accidit.

2452 4529 2831 4622 ὑπελάμδανον
2856 4529 3242 4606 καταστέλλειν
3263 4554 3361 4614 τὰς
3387 4529 3717 4621 φλεγμονὰς,
3742 4552 4039 4621 ἑὸδομαίας

764 4638 948 4707 Itaque
977 4639 1052 4692 rei
1083 4641 1323 4693 novitate
1346 4640 1637 4707 perculsze,
1675 4655 1895 4693 omnem
1927 4656 2115 4693 curam
2153 4638 2345 4693 Herai-

762 4733 845 4783 dis
874 4740 1091 4796 gerunt,
1140 4741 1194 4783 et
1230 4731 1279 4782 id
1310 4731 1452 4797 quod
1482 4731 1774 4783 accidisset
1812 4732 2106 4785 occultant.
2152 4730 2344 4784 Mulier

763 4832 892 4869 vero
937 4817 1165 4870 liberata
1212 4818 1425 4881 morbo,
1481 4827 1695 4885 sumpta
1740 4827 1894 4871 veste
1934 4818 2189 4879 fetuinea,
2244 4822 2343 4872 d0-

767 4910 991 4962 mestica
1042 4908 1345 4971 exercitia,
1411 4915 1465 4961 et
1514 4910 1701 4962 uxoria
1753 4912 2093 4978 exsequitur.
2141 4911 2343 4981 378a

762 5000 865 5066 Qui
898 5001 1205 5071 prodigiutu
1235 5000 1666 5069 cognoscebant,
1694 5002 1941 5070 judicant
1972 5018 2090 5056 eam
2124 5004 2344 5057 herma-

763 5092 1078 5161 phrodituut
1120 5108 1263 5157 esse,
1311 5100 1365 5146 et
1411 5092 1531 5146 ideo
1565 5093 1723 5147 virile
1765 5093 2036 5162 quoddam
2076 5104 2340 5163 gestasse,

765 5186 887 5249 quia
919 5185 1103 5240 coiens
1120 5200 1243 5239 cum
1274 5186 1391 5239 viro
1418 5186 1697 5238 contrario
1725 5196 1935 5240 natura:
1968 5187 2126 5240 modo
2155 5186 2341 5241 coivit.

767 5277 948 5332 Latuit
974 5279 1075 5332 hoc
1102 5286 1379 5333 externos.
1422 5276 1695 5333 Reversus
1721 5287 1899 5331 autem
1934 5276 2233 5345 Samiades,
2265 5293 2344 5331 ns

2450 4646 2554 4698 8'“
2587 4646 2773 4717 οὔσης.
2812 4647 2962 4717 ῥῆξιν
3012 4646 3359 4714 ἐπιγενέσθαι
3410 4645 3511 4714 τῆς
3564 4646 3905 4713 ἐπιφανείας,
3943 4645 4038 4697 καὶ

2450 4740 2741 4805 προπεσεῖν
2760 4738 2804 4767 ⁸⁵
2832 4740 2897 4788 ὲκ
2933 4737 3041 4788 τῶν
3069 4732 3166 4804 τῆς
3202 4734 3454 4804 Ἦραῖδος
3485 4734 3811 4801 γυναικείων
3840 4734 4040 4787 αίδοῖον

2450 4828 2713 4895 ἀνδρεῖον,
2748 4826 2871 4895 ἔχον
2899 4827 3155 4895 διδύμους
3188 4828 3640 4895 προσκειμένους.
3666 4826 3780 4894 Τὴν
3800 4826 3857 4877 δὲ
3881 4827 4039 4895 ῥῆξιν

2447 4918 2653 4970 τούτων
2683 4919 2779 4970 καὶ
2805 4917 2867 4969 τὸ
2900 4916 3073 4978 πάθος
3102 4917 3357 4983 γενέσθαι
3387 4918 3527 4988 μήτε
3562 4916 3749 4987 ίατροῦ
3785 4918 3911 4986 μήτ’
3945 4918 4039 4970 άλ-

2450 5008 2557 5060 λων
2602 5007 2710 5060 τῶν
2765 5008 2966 5072 ἔξωθεν
2988 5009 3033 5039 "
3059 5007 3363 5076 παρόντων,
3398 5007 3536 5076 πλὴν
3568 5009 3774 5078 μητρὸς
3805 5009 3900 5061 καὶ
3942 5008 4041 5061 δύο

2450 5100 2868 5168 θεραπαινίδων.
2911 5100 3043 5153 Τότε
3087 5099 3187 5168 μὲν
3231 5096 3327 5152 οὖν
3344 5101 3389 5131 ⁸⁷
3420 5101 3641 5169 ἀχανεῖς
3673 5099 4039 5168 γενομένοις⁸ὅ

2451 5190 2539 5242 διὰ
2567 5192 2627 5242 τὸ
2660 5191 2979 5261 παράδοξον,
3016 5191 3112 5259 τὴν
3145 5191 3500 5260 ἐνδεχομένην
3525 5192 3843 5261 ἐπιμέλειαν
3872 5193 4034 5260 ποιῆ-

2456 5285 2651 5333 σασθαι
2684 5282 2784 5345 τῆς
2817 5282 3086 5353 Ἦραῖδος,
3120 5283 3213 5336 καὶ
3252 5285 3667 5354 κατασιωπῆσαι
3694 5286 3753 5337 τὸ
3787 5286 4030 5353 γεγονός.

2084 5416 2314 5471 ἾΑΒΙΑΞ
2353 5417 2764 5474 μεσηοΝΕς.

836 5511 879 5543 ⁸¹
912 5509 1006 5561 καὶ
1031 5509 1070 5561 δ’
1094 5527 1201 5563 om.
1224 5512 1286 5566 Α.
1364 5512 1409 5543 δ’
1447 5510 1524 5573 λζ’
1546 5512 1610 5565 Α.
1687 5510 1733 5543 ⁵⁸
1759 5511 1865 5582 λη’]
1896 5512 1922 5562 ὁ
1955 5508 2036 5581 λη’
2074 5511 2135 5563 Λ.

764 5583 809 5613 ⁵⁸
840 5582 1271 5652 βασιλευσάντων
1304 5582 1363 5635 Β.
1472 5582 1590 5633 δ⁶δὲ
1614 5591 1739 5634 ante
1762 5584 1788 5633 ὁ
1817 5598 1926 5652 oin.
1964 5582 2019 5633 Il.
2078 5650 2085 5652 ξ
2134 5582 2177 5652 ’ξ

766 5719 1333 5786 ελσυνιπιγενομένων
1366 5738 1427 5783 ς’.
1512 5719 1590 5751 ⁷¹⁵’
1608 5722 1650 5773 δ’
1680 5736 1789 5775 οιυ.
1828 5719 1886 5772 Β.

770 5793 932 5851 utve;
963 5789 1030 5841 B:
1065 5794 1347 5859 γινομένας
1382 5808 1444 5857 ς.

2213 5512 2258 5584 ‘_‘
2284 5512 2800 5583 ἱστορεῖ-κοίλης]
2841 5514 2935 5567 καὶ
2990 5514 3099 5568 τῶν
3126 5512 3177 5567 ιΒ
3225 5522 3278 5567 et
3336 5529 3413 5569 rc.
3451 5514 3494 5567 A
3531 5530 3652 5584 :pr.
3716 5516 3861 5569 enim
3922 5530 4034 5570 om.

764 5583 809 5613 ⁵⁸
840 5582 1271 5652 βασιλευσάντων
1304 5582 1363 5635 Β.
1472 5582 1590 5633 δδδὲ
1614 5591 1739 5634 ante
1762 5584 1788 5633 ὁ
1817 5576 1926 5634 oin.
1964 5576 2021 5633 Il.
2134 5582 2177 5611 ⁵⁷
2213 5576 2281 5650 ἦν
2318 5576 2428 5635 υιηζ
2456 5584 2513 5635 Β.

764 5653 1023 5720 δίμορφον
1057 5652 1093 5700 Β
1127 5669 1139 5703 :
1186 5653 1277 5722 τὸν
1299 5653 1418 5703 θεὸν
1450 5652 1711 5722 δίμορφον
1736 5667 1794 5713 ς.
1833 5650 1929 5722 _rf.
1968 5668 2047 5719 pr.
2075 5650 2179 5703 378
2210 5670 2241 5701 α
2292 5654 2381 5705 40.
2492 5656 2512 5685 ⁸

1989 5722 2033 5759 ⁸⁸
2054 5724 2348 5790 προπεσεῖν
2383 5738 2444 5783 ς’.

2617 5585 2660 5615 δ’
2694 5586 2799 5652 πρὸ
2824 5586 2889 5648 A,
2919 5586 3056 5655 πρὸς
3083 5602 3143 5648 ς.
3220 5584 3265 5617 δ’
3290 5584 3382 5637 τὸν
3403 5585 3665 5655 δίμορφον
3699 5602 3783 5651 pr.
3804 5590 3871 5645 A,
3907 5586 4038 5638 θέαν

3195 5655 3293 5725 μία
3323 5657 3399 5725 A._
3486 5654 3633 5725 "7:43
3654 5724 3669 5725 γ
3689 5656 3913 5725 πυρετῷ
3972 5674 4035 5719 ς.

3275 5726 3318 5756 ⁸⁷
3340 5720 3435 5778 οὖν
3483 5720 3614 5779 add.
3646 5724 3707 5777 Β.
3770 5720 3781 5725 ’
3806 5726 3852 5757 ⁸⁵
3882 5720 4039 5795 γινο-

2492 5656 2538 5685 ⁸⁹
2568 5653 2666 5720 μὲν
2723 5655 2835 5705 υἱόν
2866 5672 2926 5717 ς.
2967 5653 2974 5655 ⁷
3045 5656 3087 5684 ⁵⁸
3120 5671 3186 5705 σα

2558 5725 2602 5754 ⁸⁸
2632 5724 2790 5777 ἄλλον
2822 5726 2931 5777 τῶν
2979 5722 3081 5786 ἔξω
3107 5740 3165 5787 ς.
