  <div class='ocr_page' id='page_1' title='image "/cluster/home/n/w/nwhite01/storage/ocr_20150623/103/nnc1.0046979689/716.png"; bbox 0 0 4206 6436; ppageno 0'>
   <div class='ocr_carea' id='block_1_1' title="bbox 222 438 367 508">
    <p class='ocr_par' dir='ltr' id='par_1_1' title="bbox 222 438 367 508">
     <span class='ocr_line' id='line_1_1' title="bbox 222 438 367 508; baseline 0.048 -7"><span class='ocrx_word' id='word_1_1' title='bbox 222 438 367 508; x_wconf 73' lang='lat'>1385</span> 
     </span>
    </p>
   </div>
   <div class='ocr_carea' id='block_1_2' title="bbox 1299 438 2411 519">
    <p class='ocr_par' dir='ltr' id='par_1_2' title="bbox 1299 438 2411 519">
     <span class='ocr_line' id='line_1_2' title="bbox 1299 438 2411 519; baseline -0.003 -15"><span class='ocrx_word' id='word_1_2' title='bbox 1299 439 1826 519; x_wconf 78' lang='lat' dir='ltr'>BIBLIOTIIECA.</span> <span class='ocrx_word' id='word_1_3' title='bbox 1855 438 2087 510; x_wconf 85' lang='lat' dir='ltr'>-COD.</span> <span class='ocrx_word' id='word_1_4' title='bbox 2123 439 2411 501; x_wconf 87' lang='lat' dir='ltr'>CCXLIV.</span> 
     </span>
    </p>
   </div>
   <div class='ocr_carea' id='block_1_3' title="bbox 3334 434 3474 505">
    <p class='ocr_par' dir='ltr' id='par_1_3' title="bbox 3334 434 3474 505">
     <span class='ocr_line' id='line_1_3' title="bbox 3334 434 3474 505; baseline 0.043 -6"><span class='ocrx_word' id='word_1_5' title='bbox 3334 434 3474 505; x_wconf 75' lang='lat'>1386</span> 
     </span>
    </p>
   </div>
   <div class='ocr_carea' id='block_1_4' title="bbox 214 545 1806 621">
    <p class='ocr_par' dir='ltr' id='par_1_4' title="bbox 214 548 1805 621">
     <span class='ocr_line' id='line_1_4' title="bbox 214 548 1805 621; baseline 0.001 -21"><span class='ocrx_word' id='word_1_6' title='bbox 214 549 334 617; x_wconf 75' lang='grc' dir='ltr'>Τὴν</span> <span class='ocrx_word' id='word_1_7' title='bbox 363 549 419 601; x_wconf 63' lang='grc' dir='ltr'>δὲ</span> <span class='ocrx_word' id='word_1_8' title='bbox 456 548 819 603; x_wconf 83' lang='grc' dir='ltr'>ἀπολυθεῖσαν</span> <span class='ocrx_word' id='word_1_9' title='bbox 863 549 962 618; x_wconf 84' lang='grc' dir='ltr'>τῆς</span> <span class='ocrx_word' id='word_1_10' title='bbox 1011 554 1167 603; x_wconf 82' lang='grc' dir='ltr'>νόσου</span> <span class='ocrx_word' id='word_1_11' title='bbox 1212 551 1311 620; x_wconf 75' lang='grc' dir='ltr'>τὴν</span> <span class='ocrx_word' id='word_1_12' title='bbox 1361 550 1563 621; x_wconf 71' lang='grc' dir='ltr'>ὶσθῆτα</span> <span class='ocrx_word' id='word_1_13' title='bbox 1612 550 1805 620; x_wconf 78' lang='grc' dir='ltr'>φορεῖν</span> 
     </span>
    </p>
   </div>
   <div class='ocr_carea' id='block_1_5' title="bbox 1906 545 3479 621">
    <p class='ocr_par' dir='ltr' id='par_1_5' title="bbox 1908 545 3479 617">
     <span class='ocr_line' id='line_1_5' title="bbox 1908 545 3479 617; baseline 0.003 -16"><span class='ocrx_word' id='word_1_14' title='bbox 1908 562 2004 616; x_wconf 91' lang='lat' dir='ltr'>par</span> <span class='ocrx_word' id='word_1_15' title='bbox 2032 557 2136 613; x_wconf 85' lang='lat' dir='ltr'><strong>est,</strong></span> <span class='ocrx_word' id='word_1_16' title='bbox 2169 562 2334 617; x_wconf 87' lang='lat' dir='ltr'><strong>super</strong></span> <span class='ocrx_word' id='word_1_17' title='bbox 2364 561 2533 603; x_wconf 77' lang='lat' dir='ltr'><strong>uxore</strong></span> <span class='ocrx_word' id='word_1_18' title='bbox 2563 545 2783 614; x_wconf 89' lang='lat' dir='ltr'><strong>rogitat,</strong></span> <span class='ocrx_word' id='word_1_19' title='bbox 2814 560 2934 615; x_wconf 64' lang='lat' dir='ltr'>qua</span> <span class='ocrx_word' id='word_1_20' title='bbox 2978 562 3086 615; x_wconf 78' lang='lat' dir='ltr'><strong>pra:</strong></span> <span class='ocrx_word' id='word_1_21' title='bbox 3125 547 3333 617; x_wconf 83' lang='lat' dir='ltr'><strong>pudore</strong></span> <span class='ocrx_word' id='word_1_22' title='bbox 3371 564 3479 607; x_wconf 89' lang='lat' dir='ltr'>non</span> 
     </span>
    </p>
   </div>
   <div class='ocr_carea' id='block_1_6' title="bbox 216 640 1804 712">
    <p class='ocr_par' dir='ltr' id='par_1_6' title="bbox 216 640 1804 712">
     <span class='ocr_line' id='line_1_6' title="bbox 216 640 1804 712; baseline 0.002 -21"><span class='ocrx_word' id='word_1_23' title='bbox 216 640 562 706; x_wconf 78' lang='grc' dir='ltr'>γυναικείαν,</span> <span class='ocrx_word' id='word_1_24' title='bbox 593 642 686 692; x_wconf 78' lang='grc' dir='ltr'>καὶ</span> <span class='ocrx_word' id='word_1_25' title='bbox 713 640 814 709; x_wconf 80' lang='grc' dir='ltr'>τὴν</span> <span class='ocrx_word' id='word_1_26' title='bbox 841 640 1013 710; x_wconf 67' lang='grc' dir='ltr'>ἀλλην</span> <span class='ocrx_word' id='word_1_27' title='bbox 1036 642 1259 712; x_wconf 81' lang='grc' dir='ltr'>ἀγωγὴν</span> <span class='ocrx_word' id='word_1_28' title='bbox 1297 642 1545 712; x_wconf 86' lang='grc' dir='ltr'>οῖκουρον</span> <span class='ocrx_word' id='word_1_29' title='bbox 1576 643 1672 695; x_wconf 77' lang='grc' dir='ltr'>καὶ</span> <span class='ocrx_word' id='word_1_30' title='bbox 1701 641 1804 694; x_wconf 77' lang='grc' dir='ltr'>ὓπ-</span> 
     </span>
    </p>
   </div>
   <div class='ocr_carea' id='block_1_7' title="bbox 216 731 1806 799">
    <p class='ocr_par' dir='ltr' id='par_1_7' title="bbox 216 731 1806 799">
     <span class='ocr_line' id='line_1_7' title="bbox 216 731 1806 799; baseline 0.002 -17"><span class='ocrx_word' id='word_1_31' title='bbox 216 732 417 799; x_wconf 87' lang='grc' dir='ltr'>ανδρον</span> <span class='ocrx_word' id='word_1_32' title='bbox 437 731 818 798; x_wconf 78' lang='grc' dir='ltr'>διαφυλάττειν</span> <span class='ocrx_word' id='word_1_33' title='bbox 836 733 880 765; x_wconf 85' lang='grc'><strong><em>⁵⁹</em></strong></span> <span class='ocrx_word' id='word_1_34' title='bbox 897 749 909 762; x_wconf 79' lang='grc'><strong><em>⁸</em></strong></span> <span class='ocrx_word' id='word_1_35' title='bbox 936 732 1452 797; x_wconf 64' lang='grc' dir='ltr'>καταδοξάζεσθαικ</span> <span class='ocrx_word' id='word_1_36' title='bbox 1483 734 1538 787; x_wconf 68' lang='grc' dir='ltr'>δὲ</span> <span class='ocrx_word' id='word_1_37' title='bbox 1566 734 1671 786; x_wconf 75' lang='grc' dir='ltr'>ὑπὸ</span> <span class='ocrx_word' id='word_1_38' title='bbox 1694 734 1806 786; x_wconf 91' lang='grc' dir='ltr'>τῶν</span> 
     </span>
    </p>
   </div>
   <div class='ocr_carea' id='block_1_8' title="bbox 219 820 1806 895">
    <p class='ocr_par' dir='ltr' id='par_1_8' title="bbox 219 820 1806 895">
     <span class='ocr_line' id='line_1_8' title="bbox 219 820 1806 895; baseline 0.003 -23"><span class='ocrx_word' id='word_1_39' title='bbox 219 820 544 874; x_wconf 69' lang='grc' dir='ltr'>συνειδότων</span> <span class='ocrx_word' id='word_1_40' title='bbox 567 822 667 891; x_wconf 83' lang='grc' dir='ltr'>τὴν</span> <span class='ocrx_word' id='word_1_41' title='bbox 696 824 1051 892; x_wconf 81' lang='grc' dir='ltr'>περιπέτειαν</span> <span class='ocrx_word' id='word_1_42' title='bbox 1075 825 1476 895; x_wconf 80' lang='grc' dir='ltr'>έρμαφρόδιτον</span> <span class='ocrx_word' id='word_1_43' title='bbox 1502 822 1642 877; x_wconf 82' lang='grc' dir='ltr'>εῖναι</span> <span class='ocrx_word' id='word_1_44' title='bbox 1662 865 1678 889; x_wconf 93' lang='grc'>,</span> <span class='ocrx_word' id='word_1_45' title='bbox 1711 827 1806 879; x_wconf 71' lang='grc' dir='ltr'>καὶ</span> 
     </span>
    </p>
   </div>
   <div class='ocr_carea' id='block_1_9' title="bbox 216 912 1805 986">
    <p class='ocr_par' dir='ltr' id='par_1_9' title="bbox 216 912 1805 986">
     <span class='ocr_line' id='line_1_9' title="bbox 216 912 1805 986; baseline 0.005 -25"><span class='ocrx_word' id='word_1_46' title='bbox 216 912 367 963; x_wconf 83' lang='grc' dir='ltr'>κατά</span> <span class='ocrx_word' id='word_1_47' title='bbox 414 913 513 982; x_wconf 80' lang='grc' dir='ltr'>τὴν</span> <span class='ocrx_word' id='word_1_48' title='bbox 564 914 939 984; x_wconf 83' lang='grc' dir='ltr'>γεγενημένην</span> <span class='ocrx_word' id='word_1_49' title='bbox 973 917 1088 984; x_wconf 83' lang='grc' dir='ltr'>μετ’</span> <span class='ocrx_word' id='word_1_50' title='bbox 1117 915 1310 986; x_wconf 79' lang='grc' dir='ltr'>ἀνδρὸς</span> <span class='ocrx_word' id='word_1_51' title='bbox 1342 916 1663 984; x_wconf 83' lang='grc' dir='ltr'>συμϐίωσιν,</span> <span class='ocrx_word' id='word_1_52' title='bbox 1703 916 1805 985; x_wconf 83' lang='grc' dir='ltr'>τῆς</span> 
     </span>
    </p>
   </div>
   <div class='ocr_carea' id='block_1_10' title="bbox 219 1004 1807 1079">
    <p class='ocr_par' dir='ltr' id='par_1_10' title="bbox 219 1004 1807 1079">
     <span class='ocr_line' id='line_1_10' title="bbox 219 1004 1807 1079; baseline 0.004 -24"><span class='ocrx_word' id='word_1_53' title='bbox 219 1006 367 1055; x_wconf 70' lang='grc' dir='ltr'>κατὰ</span> <span class='ocrx_word' id='word_1_54' title='bbox 396 1004 558 1071; x_wconf 75' lang='grc' dir='ltr'>φύσιν</span> <span class='ocrx_word' id='word_1_55' title='bbox 588 1004 889 1074; x_wconf 75' lang='grc' dir='ltr'>ἐπιπλοκῆς</span> <span class='ocrx_word' id='word_1_56' title='bbox 918 1008 1405 1078; x_wconf 81' lang='grc' dir='ltr'>ἀντιπραττούσης,</span> <span class='ocrx_word' id='word_1_57' title='bbox 1436 1008 1612 1060; x_wconf 79' lang='grc' dir='ltr'>δοκεῖν</span> <span class='ocrx_word' id='word_1_58' title='bbox 1633 1009 1807 1079; x_wconf 84' lang='grc' dir='ltr'>αὐτὴν</span> 
     </span>
    </p>
   </div>
   <div class='ocr_carea' id='block_1_11' title="bbox 218 1096 1805 1169">
    <p class='ocr_par' dir='ltr' id='par_1_11' title="bbox 218 1096 1805 1169">
     <span class='ocr_line' id='line_1_11' title="bbox 218 1096 1805 1169; baseline 0.006 -25"><span class='ocrx_word' id='word_1_59' title='bbox 218 1096 347 1158; x_wconf 87' lang='grc' dir='ltr'>ταῖς</span> <span class='ocrx_word' id='word_1_60' title='bbox 384 1097 701 1165; x_wconf 76' lang='grc' dir='ltr'>ἀῤῥενικαῖς</span> <span class='ocrx_word' id='word_1_61' title='bbox 728 1101 1166 1167; x_wconf 74' lang='grc' dir='ltr'>συμπεριφοραῖς</span> <span class='ocrx_word' id='word_1_62' title='bbox 1200 1099 1639 1169; x_wconf 84' lang='grc' dir='ltr'>καθωμιλῆσθαι.</span> <span class='ocrx_word' id='word_1_63' title='bbox 1659 1103 1805 1154; x_wconf 82' lang='grc' dir='ltr'>Λαν-</span> 
     </span>
    </p>
   </div>
   <div class='ocr_carea' id='block_1_12' title="bbox 219 1184 1805 1261">
    <p class='ocr_par' dir='ltr' id='par_1_12' title="bbox 219 1184 1805 1261">
     <span class='ocr_line' id='line_1_12' title="bbox 219 1184 1805 1261; baseline 0.006 -25"><span class='ocrx_word' id='word_1_64' title='bbox 219 1184 494 1255; x_wconf 75' lang='grc' dir='ltr'>οανούσης</span> <span class='ocrx_word' id='word_1_65' title='bbox 528 1187 582 1238; x_wconf 84' lang='grc' dir='ltr'>δὲ</span> <span class='ocrx_word' id='word_1_66' title='bbox 607 1188 733 1249; x_wconf 82' lang='grc' dir='ltr'>τοὺς</span> <span class='ocrx_word' id='word_1_67' title='bbox 764 1188 920 1250; x_wconf 83' lang='grc' dir='ltr'>ἐκτὸς</span> <span class='ocrx_word' id='word_1_68' title='bbox 950 1190 1048 1257; x_wconf 85' lang='grc' dir='ltr'>τῆς</span> <span class='ocrx_word' id='word_1_69' title='bbox 1083 1189 1377 1253; x_wconf 82' lang='grc' dir='ltr'>διαθέσεως</span> <span class='ocrx_word' id='word_1_70' title='bbox 1404 1191 1606 1261; x_wconf 82' lang='grc' dir='ltr'>ταύτης</span> <span class='ocrx_word' id='word_1_71' title='bbox 1635 1194 1805 1245; x_wconf 64' lang='grc' dir='ltr'>ἔπαν-</span> 
     </span>
    </p>
   </div>
   <div class='ocr_carea' id='block_1_13' title="bbox 218 1274 1809 1352">
    <p class='ocr_par' dir='ltr' id='par_1_13' title="bbox 218 1274 1809 1352">
     <span class='ocr_line' id='line_1_13' title="bbox 218 1274 1809 1352; baseline 0.006 -28"><span class='ocrx_word' id='word_1_72' title='bbox 218 1274 401 1326; x_wconf 88' lang='grc' dir='ltr'>ελθεῖν</span> <span class='ocrx_word' id='word_1_73' title='bbox 423 1275 516 1328; x_wconf 80' lang='grc' dir='ltr'>τὸν</span> <span class='ocrx_word' id='word_1_74' title='bbox 538 1276 817 1345; x_wconf 80' lang='grc' dir='ltr'>Σαμιάδην</span> <span class='ocrx_word' id='word_1_75' title='bbox 849 1280 943 1331; x_wconf 72' lang='grc' dir='ltr'>καὶ</span> <span class='ocrx_word' id='word_1_76' title='bbox 978 1278 1253 1349; x_wconf 82' lang='grc' dir='ltr'>(καθάπερ</span> <span class='ocrx_word' id='word_1_77' title='bbox 1270 1275 1343 1350; x_wconf 82' lang='grc' dir='ltr'>ἦν</span> <span class='ocrx_word' id='word_1_78' title='bbox 1371 1280 1684 1351; x_wconf 64' lang='lat' dir='ltr'><strong>meme»)</strong></span> <span class='ocrx_word' id='word_1_79' title='bbox 1707 1281 1809 1352; x_wconf 82' lang='grc' dir='ltr'>τὴν</span> 
     </span>
    </p>
   </div>
   <div class='ocr_carea' id='block_1_14' title="bbox 218 1366 1808 1442">
    <p class='ocr_par' dir='ltr' id='par_1_14' title="bbox 218 1366 1808 1442">
     <span class='ocr_line' id='line_1_14' title="bbox 218 1366 1808 1442; baseline 0.005 -25"><span class='ocrx_word' id='word_1_80' title='bbox 218 1366 573 1434; x_wconf 82' lang='grc' dir='ltr'>γαμηθεῖσαν</span> <span class='ocrx_word' id='word_1_81' title='bbox 615 1368 896 1436; x_wconf 77' lang='grc' dir='ltr'>ἐπιζητεῖν</span> <span class='ocrx_word' id='word_1_82' title='bbox 917 1408 932 1431; x_wconf 91' lang='grc'>,</span> <span class='ocrx_word' id='word_1_83' title='bbox 972 1370 1034 1421; x_wconf 87' lang='grc' dir='ltr'>ού</span> <span class='ocrx_word' id='word_1_84' title='bbox 1068 1369 1357 1441; x_wconf 81' lang='grc' dir='ltr'>τολμώσης</span> <span class='ocrx_word' id='word_1_85' title='bbox 1406 1371 1452 1425; x_wconf 79' lang='grc' dir='ltr'>δ’</span> <span class='ocrx_word' id='word_1_86' title='bbox 1482 1372 1696 1442; x_wconf 72' lang='grc' dir='ltr'>ἐκείνης</span> <span class='ocrx_word' id='word_1_87' title='bbox 1726 1374 1808 1435; x_wconf 80' lang='grc' dir='ltr'>εἰς</span> 
     </span>
    </p>
   </div>
   <div class='ocr_carea' id='block_1_15' title="bbox 216 1458 1806 1535">
    <p class='ocr_par' dir='ltr' id='par_1_15' title="bbox 216 1458 1806 1535">
     <span class='ocr_line' id='line_1_15' title="bbox 216 1458 1806 1535; baseline 0.007 -27"><span class='ocrx_word' id='word_1_88' title='bbox 216 1458 347 1527; x_wconf 69' lang='grc' dir='ltr'>ὄψιν</span> <span class='ocrx_word' id='word_1_89' title='bbox 396 1458 569 1512; x_wconf 79' lang='grc' dir='ltr'>ἐλθεῖν</span> <span class='ocrx_word' id='word_1_90' title='bbox 597 1461 684 1512; x_wconf 88' lang='grc' dir='ltr'>διά</span> <span class='ocrx_word' id='word_1_91' title='bbox 713 1461 812 1531; x_wconf 82' lang='grc' dir='ltr'>τὴν</span> <span class='ocrx_word' id='word_1_92' title='bbox 844 1462 1105 1531; x_wconf 77' lang='grc' dir='ltr'>αἰσχύνην</span> <span class='ocrx_word' id='word_1_93' title='bbox 1124 1504 1139 1528; x_wconf 92' lang='grc'>,</span> <span class='ocrx_word' id='word_1_94' title='bbox 1165 1463 1257 1516; x_wconf 80' lang='grc' dir='ltr'>τὸν</span> <span class='ocrx_word' id='word_1_95' title='bbox 1290 1464 1569 1535; x_wconf 84' lang='grc' dir='ltr'>Σαμιάδην</span> <span class='ocrx_word' id='word_1_96' title='bbox 1600 1466 1735 1532; x_wconf 77' lang='grc' dir='ltr'>φασὶ</span> <span class='ocrx_word' id='word_1_97' title='bbox 1760 1467 1806 1498; x_wconf 75' lang='grc'><strong>⁸⁸</strong></span> 
     </span>
    </p>
   </div>
   <div class='ocr_carea' id='block_1_16' title="bbox 217 1546 1810 1627">
    <p class='ocr_par' dir='ltr' id='par_1_16' title="bbox 217 1546 1810 1627">
     <span class='ocr_line' id='line_1_16' title="bbox 217 1546 1810 1627; baseline 0.009 -29"><span class='ocrx_word' id='word_1_98' title='bbox 217 1546 439 1617; x_wconf 85' lang='grc' dir='ltr'>βαρέως</span> <span class='ocrx_word' id='word_1_99' title='bbox 487 1550 1147 1622; x_wconf 81' lang='grc' dir='ltr'>ὲνεγκεῖν.Ἐπικειμένου</span> <span class='ocrx_word' id='word_1_100' title='bbox 1194 1554 1252 1606; x_wconf 81' lang='grc' dir='ltr'>δὲ</span> <span class='ocrx_word' id='word_1_101' title='bbox 1298 1557 1683 1627; x_wconf 78' lang='grc' dir='ltr'>συνεχέστερον</span> <span class='ocrx_word' id='word_1_102' title='bbox 1716 1559 1810 1612; x_wconf 79' lang='grc' dir='ltr'>καὶ</span> 
     </span>
    </p>
   </div>
   <div class='ocr_carea' id='block_1_17' title="bbox 219 1637 1809 1713">
    <p class='ocr_par' dir='ltr' id='par_1_17' title="bbox 219 1637 1809 1713">
     <span class='ocr_line' id='line_1_17' title="bbox 219 1637 1809 1713; baseline 0.006 -24"><span class='ocrx_word' id='word_1_103' title='bbox 219 1637 585 1700; x_wconf 81' lang='grc' dir='ltr'>ἀπαιτοῦντος</span> <span class='ocrx_word' id='word_1_104' title='bbox 603 1640 703 1706; x_wconf 85' lang='grc' dir='ltr'>τὴν</span> <span class='ocrx_word' id='word_1_105' title='bbox 731 1639 981 1709; x_wconf 87' lang='grc' dir='ltr'>σύμϐιον,</span> <span class='ocrx_word' id='word_1_106' title='bbox 1014 1642 1111 1693; x_wconf 76' lang='grc' dir='ltr'>καὶ</span> <span class='ocrx_word' id='word_1_107' title='bbox 1138 1640 1231 1693; x_wconf 82' lang='grc' dir='ltr'>τοῦ</span> <span class='ocrx_word' id='word_1_108' title='bbox 1264 1643 1465 1711; x_wconf 76' lang='grc' dir='ltr'>πατρὸς</span> <span class='ocrx_word' id='word_1_109' title='bbox 1490 1645 1566 1713; x_wconf 77' lang='grc' dir='ltr'>μὴ</span> <span class='ocrx_word' id='word_1_110' title='bbox 1591 1660 1809 1713; x_wconf 87' lang='grc' dir='ltr'>συγχω-</span> 
     </span>
    </p>
   </div>
   <div class='ocr_carea' id='block_1_18' title="bbox 223 1726 1811 1801">
    <p class='ocr_par' dir='ltr' id='par_1_18' title="bbox 223 1726 1811 1801">
     <span class='ocr_line' id='line_1_18' title="bbox 223 1726 1811 1801; baseline 0.007 -23"><span class='ocrx_word' id='word_1_111' title='bbox 223 1726 448 1794; x_wconf 82' lang='grc' dir='ltr'>ροῦντος</span> <span class='ocrx_word' id='word_1_112' title='bbox 493 1728 613 1797; x_wconf 87' lang='grc' dir='ltr'>μὲν,</span> <span class='ocrx_word' id='word_1_113' title='bbox 647 1732 1038 1799; x_wconf 72' lang='grc' dir='ltr'>αἰσχυνομένου</span> <span class='ocrx_word' id='word_1_114' title='bbox 1068 1731 1123 1784; x_wconf 82' lang='grc' dir='ltr'>δὲ</span> <span class='ocrx_word' id='word_1_115' title='bbox 1148 1732 1246 1801; x_wconf 80' lang='grc' dir='ltr'>τὴν</span> <span class='ocrx_word' id='word_1_116' title='bbox 1276 1735 1455 1787; x_wconf 82' lang='grc' dir='ltr'>αἰτίαν</span> <span class='ocrx_word' id='word_1_117' title='bbox 1498 1738 1696 1797; x_wconf 87' lang='grc' dir='ltr'>εἰπεῖν,</span> <span class='ocrx_word' id='word_1_118' title='bbox 1729 1739 1811 1799; x_wconf 85' lang='grc' dir='ltr'>εἰς</span> 
     </span>
    </p>
   </div>
   <div class='ocr_carea' id='block_1_19' title="bbox 223 1817 1805 1889">
    <p class='ocr_par' dir='ltr' id='par_1_19' title="bbox 223 1817 1805 1889">
     <span class='ocr_line' id='line_1_19' title="bbox 223 1817 1805 1889; baseline 0.009 -23"><span class='ocrx_word' id='word_1_119' title='bbox 223 1817 372 1884; x_wconf 77' lang='grc' dir='ltr'>μέγα</span> <span class='ocrx_word' id='word_1_120' title='bbox 406 1817 599 1884; x_wconf 77' lang='grc' dir='ltr'>ηὔξετο</span> <span class='ocrx_word' id='word_1_121' title='bbox 623 1822 655 1888; x_wconf 79' lang='grc' dir='ltr'>η</span> <span class='ocrx_word' id='word_1_122' title='bbox 682 1819 934 1888; x_wconf 80' lang='grc' dir='ltr'>διαφορά.</span> <span class='ocrx_word' id='word_1_123' title='bbox 954 1821 1304 1889; x_wconf 83' lang='grc' dir='ltr'>Ἐπενεγκεῖν</span> <span class='ocrx_word' id='word_1_124' title='bbox 1334 1841 1393 1876; x_wconf 84' lang='grc' dir='ltr'>τε</span> <span class='ocrx_word' id='word_1_125' title='bbox 1416 1825 1504 1877; x_wconf 88' lang='grc' dir='ltr'>διά</span> <span class='ocrx_word' id='word_1_126' title='bbox 1534 1826 1694 1879; x_wconf 80' lang='grc' dir='ltr'>τοῦτο</span> <span class='ocrx_word' id='word_1_127' title='bbox 1723 1825 1805 1878; x_wconf 86' lang='grc' dir='ltr'>δί-</span> 
     </span>
    </p>
   </div>
   <div class='ocr_carea' id='block_1_20' title="bbox 222 1906 1808 1985">
    <p class='ocr_par' dir='ltr' id='par_1_20' title="bbox 222 1906 1808 1985">
     <span class='ocr_line' id='line_1_20' title="bbox 222 1906 1808 1985; baseline 0.009 -30"><span class='ocrx_word' id='word_1_128' title='bbox 222 1922 329 1972; x_wconf 83' lang='grc' dir='ltr'>κην</span> <span class='ocrx_word' id='word_1_129' title='bbox 360 1906 438 1975; x_wconf 82' lang='grc' dir='ltr'>τῷ</span> <span class='ocrx_word' id='word_1_130' title='bbox 470 1910 638 1978; x_wconf 83' lang='grc' dir='ltr'>πατρί</span> <span class='ocrx_word' id='word_1_131' title='bbox 687 1910 818 1977; x_wconf 80' lang='grc' dir='ltr'>περί¹</span> <span class='ocrx_word' id='word_1_132' title='bbox 866 1910 968 1979; x_wconf 88' lang='grc' dir='ltr'>τῆς</span> <span class='ocrx_word' id='word_1_133' title='bbox 1016 1910 1155 1974; x_wconf 87' lang='grc' dir='ltr'>ἰδίας</span> <span class='ocrx_word' id='word_1_134' title='bbox 1201 1914 1477 1979; x_wconf 83' lang='grc' dir='ltr'>γυναικὸς,</span> <span class='ocrx_word' id='word_1_135' title='bbox 1510 1916 1609 1984; x_wconf 78' lang='grc' dir='ltr'>τῆς</span> <span class='ocrx_word' id='word_1_136' title='bbox 1636 1915 1808 1985; x_wconf 82' lang='grc' dir='ltr'>τύχης</span> 
     </span>
    </p>
   </div>
   <div class='ocr_carea' id='block_1_21' title="bbox 221 1994 1808 2077">
    <p class='ocr_par' dir='ltr' id='par_1_21' title="bbox 221 1994 1808 2077">
     <span class='ocr_line' id='line_1_21' title="bbox 221 1994 1808 2077; baseline 0.009 -30"><span class='ocrx_word' id='word_1_137' title='bbox 221 1994 417 2065; x_wconf 80' lang='grc' dir='ltr'>ὥσπερ</span> <span class='ocrx_word' id='word_1_138' title='bbox 448 2001 507 2051; x_wconf 83' lang='grc' dir='ltr'>ὲν</span> <span class='ocrx_word' id='word_1_139' title='bbox 533 2000 771 2069; x_wconf 75' lang='grc' dir='ltr'>δράμασι</span> <span class='ocrx_word' id='word_1_140' title='bbox 790 2002 834 2033; x_wconf 81' lang='grc'><strong><em>⁸⁸</em></strong></span> <span class='ocrx_word' id='word_1_141' title='bbox 866 2004 927 2054; x_wconf 81' lang='grc' dir='ltr'>τὸ</span> <span class='ocrx_word' id='word_1_142' title='bbox 960 2004 1262 2073; x_wconf 79' lang='grc' dir='ltr'>παράδοξον</span> <span class='ocrx_word' id='word_1_143' title='bbox 1310 2007 1408 2076; x_wconf 83' lang='grc' dir='ltr'>τῆς</span> <span class='ocrx_word' id='word_1_144' title='bbox 1455 2009 1808 2077; x_wconf 80' lang='grc' dir='ltr'>περιπετείας</span> 
     </span>
    </p>
   </div>
   <div class='ocr_carea' id='block_1_22' title="bbox 222 2090 1807 2172">
    <p class='ocr_par' dir='ltr' id='par_1_22' title="bbox 222 2090 1807 2172">
     <span class='ocr_line' id='line_1_22' title="bbox 222 2090 1807 2172; baseline 0.011 -33"><span class='ocrx_word' id='word_1_145' title='bbox 222 2090 468 2158; x_wconf 82' lang='grc' dir='ltr'>ἀγούσης</span> <span class='ocrx_word' id='word_1_146' title='bbox 492 2092 572 2155; x_wconf 79' lang='grc' dir='ltr'>εἰς</span> <span class='ocrx_word' id='word_1_147' title='bbox 591 2092 757 2163; x_wconf 82' lang='grc' dir='ltr'>ἔγκλη</span> <span class='ocrx_word' id='word_1_148' title='bbox 768 2112 862 2163; x_wconf 87' lang='grc' dir='ltr'>μα.</span> <span class='ocrx_word' id='word_1_149' title='bbox 883 2098 1358 2169; x_wconf 81' lang='grc' dir='ltr'>Συνεδρευσάντων</span> <span class='ocrx_word' id='word_1_150' title='bbox 1386 2101 1441 2153; x_wconf 81' lang='grc' dir='ltr'>δὲ</span> <span class='ocrx_word' id='word_1_151' title='bbox 1465 2103 1576 2154; x_wconf 89' lang='grc' dir='ltr'>τῶν</span> <span class='ocrx_word' id='word_1_152' title='bbox 1604 2104 1807 2172; x_wconf 85' lang='grc' dir='ltr'>κριτῶν</span> 
     </span>
    </p>
   </div>
   <div class='ocr_carea' id='block_1_23' title="bbox 220 2182 1809 2263">
    <p class='ocr_par' dir='ltr' id='par_1_23' title="bbox 220 2182 1809 2263">
     <span class='ocr_line' id='line_1_23' title="bbox 220 2182 1809 2263; baseline 0.008 -30"><span class='ocrx_word' id='word_1_153' title='bbox 220 2183 318 2234; x_wconf 75' lang='grc' dir='ltr'>καὶ</span> <span class='ocrx_word' id='word_1_154' title='bbox 353 2182 527 2250; x_wconf 88' lang='grc' dir='ltr'>λόγων</span> <span class='ocrx_word' id='word_1_155' title='bbox 560 2186 830 2254; x_wconf 74' lang='grc' dir='ltr'>ῥηθέντων</span> <span class='ocrx_word' id='word_1_156' title='bbox 876 2194 1242 2261; x_wconf 85' lang='grc' dir='ltr'>συμπαρεῖναι</span> <span class='ocrx_word' id='word_1_157' title='bbox 1290 2192 1389 2261; x_wconf 84' lang='grc' dir='ltr'>μὲν</span> <span class='ocrx_word' id='word_1_158' title='bbox 1431 2196 1495 2263; x_wconf 80' lang='grc' dir='ltr'>τῇ</span> <span class='ocrx_word' id='word_1_159' title='bbox 1537 2195 1716 2263; x_wconf 82' lang='grc' dir='ltr'>κρίσει</span> <span class='ocrx_word' id='word_1_160' title='bbox 1748 2195 1809 2247; x_wconf 84' lang='grc' dir='ltr'>τὸ</span> 
     </span>
    </p>
   </div>
   <div class='ocr_carea' id='block_1_24' title="bbox 218 2274 1809 2350">
    <p class='ocr_par' dir='ltr' id='par_1_24' title="bbox 218 2274 1809 2350">
     <span class='ocr_line' id='line_1_24' title="bbox 218 2274 1809 2350; baseline 0.009 -26"><span class='ocrx_word' id='word_1_161' title='bbox 218 2274 743 2347; x_wconf 86' lang='grc' dir='ltr'>ἀμφισϐητούμενον</span> <span class='ocrx_word' id='word_1_162' title='bbox 776 2279 966 2348; x_wconf 90' lang='grc' dir='ltr'>σῶμα,</span> <span class='ocrx_word' id='word_1_163' title='bbox 1002 2282 1281 2350; x_wconf 78' lang='grc' dir='ltr'>διαπορεῖν</span> <span class='ocrx_word' id='word_1_164' title='bbox 1308 2282 1364 2336; x_wconf 85' lang='grc' dir='ltr'>δὲ</span> <span class='ocrx_word' id='word_1_165' title='bbox 1394 2284 1519 2346; x_wconf 81' lang='grc' dir='ltr'>τοὺς</span> <span class='ocrx_word' id='word_1_166' title='bbox 1547 2286 1809 2348; x_wconf 86' lang='grc' dir='ltr'>δικαστὰς</span> 
     </span>
    </p>
   </div>
   <div class='ocr_carea' id='block_1_25' title="bbox 220 2366 1810 2447">
    <p class='ocr_par' dir='ltr' id='par_1_25' title="bbox 220 2366 1810 2447">
     <span class='ocr_line' id='line_1_25' title="bbox 220 2366 1810 2447; baseline 0.008 -31"><span class='ocrx_word' id='word_1_167' title='bbox 220 2366 455 2435; x_wconf 77' lang='grc' dir='ltr'>πότερον</span> <span class='ocrx_word' id='word_1_168' title='bbox 472 2369 738 2437; x_wconf 80' lang='grc' dir='ltr'>προσήκει</span> <span class='ocrx_word' id='word_1_169' title='bbox 760 2372 851 2422; x_wconf 82' lang='grc' dir='ltr'>τὸν</span> <span class='ocrx_word' id='word_1_170' title='bbox 871 2372 1037 2441; x_wconf 77' lang='grc' dir='ltr'>ἄνδρα</span> <span class='ocrx_word' id='word_1_171' title='bbox 1056 2374 1154 2442; x_wconf 89' lang='grc' dir='ltr'>τῆς</span> <span class='ocrx_word' id='word_1_172' title='bbox 1175 2376 1430 2441; x_wconf 84' lang='grc' dir='ltr'>γυναικὸς</span> <span class='ocrx_word' id='word_1_173' title='bbox 1445 2376 1475 2443; x_wconf 85' lang='grc' dir='ltr'>ἦ</span> <span class='ocrx_word' id='word_1_174' title='bbox 1491 2376 1582 2428; x_wconf 86' lang='grc' dir='ltr'>τὸν</span> <span class='ocrx_word' id='word_1_175' title='bbox 1597 2376 1810 2447; x_wconf 79' lang='grc' dir='ltr'>πατέρα</span> 
     </span>
    </p>
   </div>
   <div class='ocr_carea' id='block_1_26' title="bbox 219 2458 1810 2537">
    <p class='ocr_par' dir='ltr' id='par_1_26' title="bbox 219 2458 1810 2537">
     <span class='ocr_line' id='line_1_26' title="bbox 219 2458 1810 2537; baseline 0.008 -28"><span class='ocrx_word' id='word_1_176' title='bbox 219 2458 323 2525; x_wconf 86' lang='grc' dir='ltr'>τῆς</span> <span class='ocrx_word' id='word_1_177' title='bbox 359 2458 627 2527; x_wconf 86' lang='grc' dir='ltr'>θυγατρὸς</span> <span class='ocrx_word' id='word_1_178' title='bbox 650 2462 949 2530; x_wconf 82' lang='grc' dir='ltr'>κυριεύειν.</span> <span class='ocrx_word' id='word_1_179' title='bbox 986 2465 1163 2535; x_wconf 82' lang='grc' dir='ltr'>Πέρας</span> <span class='ocrx_word' id='word_1_180' title='bbox 1187 2466 1297 2517; x_wconf 77' lang='grc' dir='ltr'>τῶν</span> <span class='ocrx_word' id='word_1_181' title='bbox 1319 2467 1521 2536; x_wconf 84' lang='grc' dir='ltr'>κριτῶν</span> <span class='ocrx_word' id='word_1_182' title='bbox 1549 2470 1810 2537; x_wconf 85' lang='grc' dir='ltr'>οἰομένων</span> 
     </span>
    </p>
   </div>
   <div class='ocr_carea' id='block_1_27' title="bbox 219 2547 1808 2629">
    <p class='ocr_par' dir='ltr' id='par_1_27' title="bbox 219 2547 1808 2629">
     <span class='ocr_line' id='line_1_27' title="bbox 219 2547 1808 2629; baseline 0.008 -29"><span class='ocrx_word' id='word_1_183' title='bbox 219 2547 333 2600; x_wconf 87' lang='grc' dir='ltr'>δεῖν</span> <span class='ocrx_word' id='word_1_184' title='bbox 358 2549 672 2602; x_wconf 78' lang='grc' dir='ltr'>ἀκολουθεῖν</span> <span class='ocrx_word' id='word_1_185' title='bbox 699 2553 890 2623; x_wconf 70' lang='grc' dir='ltr'>τάνδρὶ</span> <span class='ocrx_word' id='word_1_186' title='bbox 911 2555 1009 2623; x_wconf 83' lang='grc' dir='ltr'>τὴν</span> <span class='ocrx_word' id='word_1_187' title='bbox 1032 2556 1397 2623; x_wconf 81' lang='grc' dir='ltr'>γαμηθεῖσαν,</span> <span class='ocrx_word' id='word_1_188' title='bbox 1420 2558 1517 2626; x_wconf 84' lang='grc' dir='ltr'>τὴν</span> <span class='ocrx_word' id='word_1_189' title='bbox 1549 2558 1808 2629; x_wconf 80' lang='grc' dir='ltr'>ἀλήθειαν</span> 
     </span>
    </p>
   </div>
   <div class='ocr_carea' id='block_1_28' title="bbox 218 2641 1807 2721">
    <p class='ocr_par' dir='ltr' id='par_1_28' title="bbox 218 2641 1807 2721">
     <span class='ocr_line' id='line_1_28' title="bbox 218 2641 1807 2721; baseline 0.007 -29"><span class='ocrx_word' id='word_1_190' title='bbox 218 2641 557 2711; x_wconf 74' lang='grc' dir='ltr'>διασαφῆσαι</span> <span class='ocrx_word' id='word_1_191' title='bbox 582 2645 641 2695; x_wconf 87' lang='grc' dir='ltr'>τὸ</span> <span class='ocrx_word' id='word_1_192' title='bbox 666 2648 765 2713; x_wconf 79' lang='grc' dir='ltr'>τῆς</span> <span class='ocrx_word' id='word_1_193' title='bbox 790 2643 1003 2714; x_wconf 82' lang='grc' dir='ltr'>φύσεως</span> <span class='ocrx_word' id='word_1_194' title='bbox 1027 2646 1213 2717; x_wconf 75' lang='grc' dir='ltr'>ἄρρεν,</span> <span class='ocrx_word' id='word_1_195' title='bbox 1244 2648 1338 2699; x_wconf 79' lang='grc' dir='ltr'>καὶ</span> <span class='ocrx_word' id='word_1_196' title='bbox 1363 2649 1519 2718; x_wconf 78' lang='grc' dir='ltr'>θυμῷ</span> <span class='ocrx_word' id='word_1_197' title='bbox 1539 2651 1807 2721; x_wconf 82' lang='grc' dir='ltr'>τετολμη-</span> 
     </span>
    </p>
   </div>
   <div class='ocr_carea' id='block_1_29' title="bbox 220 2732 1811 2812">
    <p class='ocr_par' dir='ltr' id='par_1_29' title="bbox 220 2732 1811 2812">
     <span class='ocr_line' id='line_1_29' title="bbox 220 2732 1811 2812; baseline 0.009 -30"><span class='ocrx_word' id='word_1_198' title='bbox 220 2732 343 2783; x_wconf 79' lang='grc' dir='ltr'>κότι</span> <span class='ocrx_word' id='word_1_199' title='bbox 396 2734 496 2802; x_wconf 83' lang='grc' dir='ltr'>τὴν</span> <span class='ocrx_word' id='word_1_200' title='bbox 548 2735 1087 2807; x_wconf 81' lang='grc' dir='ltr'>καθυποκρινομένην</span> <span class='ocrx_word' id='word_1_201' title='bbox 1138 2741 1340 2812; x_wconf 82' lang='grc' dir='ltr'>ἐσθῆτα</span> <span class='ocrx_word' id='word_1_202' title='bbox 1370 2743 1609 2797; x_wconf 79' lang='grc' dir='ltr'>λύσασαν</span> <span class='ocrx_word' id='word_1_203' title='bbox 1639 2746 1811 2811; x_wconf 77' lang='grc' dir='ltr'>δεῖξαι</span> 
     </span>
    </p>
   </div>
   <div class='ocr_carea' id='block_1_30' title="bbox 219 2824 1812 2906">
    <p class='ocr_par' dir='ltr' id='par_1_30' title="bbox 219 2824 1812 2906">
     <span class='ocr_line' id='line_1_30' title="bbox 219 2824 1812 2906; baseline 0.011 -32"><span class='ocrx_word' id='word_1_204' title='bbox 219 2824 382 2886; x_wconf 76' lang='grc' dir='ltr'>πᾶσι,</span> <span class='ocrx_word' id='word_1_205' title='bbox 417 2824 579 2893; x_wconf 71' lang='grc' dir='ltr'>ῥῆξαί</span> <span class='ocrx_word' id='word_1_206' title='bbox 606 2844 663 2877; x_wconf 88' lang='grc' dir='ltr'>τε</span> <span class='ocrx_word' id='word_1_207' title='bbox 691 2830 875 2898; x_wconf 81' lang='grc' dir='ltr'>φωνὴν</span> <span class='ocrx_word' id='word_1_208' title='bbox 914 2831 1356 2899; x_wconf 65' lang='grc' dir='ltr'>δεινοπαθοῖηαν,</span> <span class='ocrx_word' id='word_1_209' title='bbox 1390 2839 1441 2889; x_wconf 86' lang='grc' dir='ltr'>εῖ</span> <span class='ocrx_word' id='word_1_210' title='bbox 1470 2855 1615 2900; x_wconf 87' lang='grc' dir='ltr'>τινες</span> <span class='ocrx_word' id='word_1_211' title='bbox 1644 2841 1812 2906; x_wconf 89' lang='grc' dir='ltr'>ἀναγ-</span> 
     </span>
    </p>
   </div>
   <div class='ocr_carea' id='block_1_31' title="bbox 220 2914 1811 2999">
    <p class='ocr_par' dir='ltr' id='par_1_31' title="bbox 220 2914 1811 2999">
     <span class='ocr_line' id='line_1_31' title="bbox 220 2914 1811 2999; baseline 0.011 -35"><span class='ocrx_word' id='word_1_212' title='bbox 220 2914 454 2975; x_wconf 74' lang='grc' dir='ltr'>κάζουσι</span> <span class='ocrx_word' id='word_1_213' title='bbox 501 2922 766 2972; x_wconf 86' lang='grc' dir='ltr'>συνοικεῖν</span> <span class='ocrx_word' id='word_1_214' title='bbox 796 2922 950 2992; x_wconf 73' lang='grc' dir='ltr'>ἀνδρὶ</span> <span class='ocrx_word' id='word_1_215' title='bbox 986 2926 1076 2976; x_wconf 89' lang='grc' dir='ltr'>τὸν</span> <span class='ocrx_word' id='word_1_216' title='bbox 1117 2927 1306 2996; x_wconf 85' lang='grc' dir='ltr'>ἀνδρα.</span> <span class='ocrx_word' id='word_1_217' title='bbox 1342 2928 1505 2999; x_wconf 74' lang='grc'>[1148</span> <span class='ocrx_word' id='word_1_218' title='bbox 1537 2929 1627 2999; x_wconf 70' lang='lat' dir='ltr'>IL]</span> <span class='ocrx_word' id='word_1_219' title='bbox 1666 2932 1811 2984; x_wconf 85' lang='grc' dir='ltr'>Πάν-</span> 
     </span>
    </p>
   </div>
   <div class='ocr_carea' id='block_1_32' title="bbox 217 3008 1813 3092">
    <p class='ocr_par' dir='ltr' id='par_1_32' title="bbox 217 3008 1813 3092">
     <span class='ocr_line' id='line_1_32' title="bbox 217 3008 1813 3092; baseline 0.013 -37"><span class='ocrx_word' id='word_1_220' title='bbox 217 3021 332 3056; x_wconf 87' lang='grc' dir='ltr'>των</span> <span class='ocrx_word' id='word_1_221' title='bbox 374 3008 430 3059; x_wconf 77' lang='grc' dir='ltr'>δὲ</span> <span class='ocrx_word' id='word_1_222' title='bbox 472 3012 931 3079; x_wconf 86' lang='grc' dir='ltr'>καταπλαγέντων</span> <span class='ocrx_word' id='word_1_223' title='bbox 990 3018 1086 3069; x_wconf 78' lang='grc' dir='ltr'>καὶ</span> <span class='ocrx_word' id='word_1_224' title='bbox 1143 3023 1293 3088; x_wconf 83' lang='grc' dir='ltr'>φωνῇ</span> <span class='ocrx_word' id='word_1_225' title='bbox 1342 3020 1699 3092; x_wconf 77' lang='grc' dir='ltr'>θαυμαζούσῃ</span> <span class='ocrx_word' id='word_1_226' title='bbox 1754 3024 1813 3074; x_wconf 83' lang='grc' dir='ltr'>τὺ</span> 
     </span>
    </p>
   </div>
   <div class='ocr_carea' id='block_1_33' title="bbox 218 3098 1811 3181">
    <p class='ocr_par' dir='ltr' id='par_1_33' title="bbox 218 3098 1811 3181">
     <span class='ocr_line' id='line_1_33' title="bbox 218 3098 1811 3181; baseline 0.013 -35"><span class='ocrx_word' id='word_1_227' title='bbox 218 3098 526 3165; x_wconf 77' lang='grc' dir='ltr'>παράδοξον</span> <span class='ocrx_word' id='word_1_228' title='bbox 554 3104 1095 3174; x_wconf 83' lang='grc' dir='ltr'>ὲπισημαινομένων,</span> <span class='ocrx_word' id='word_1_229' title='bbox 1125 3110 1222 3179; x_wconf 82' lang='grc' dir='ltr'>τὴν</span> <span class='ocrx_word' id='word_1_230' title='bbox 1254 3110 1352 3178; x_wconf 82' lang='grc' dir='ltr'>μὲν</span> <span class='ocrx_word' id='word_1_231' title='bbox 1388 3112 1613 3179; x_wconf 83' lang='grc' dir='ltr'>Ἡραῖδα</span> <span class='ocrx_word' id='word_1_232' title='bbox 1646 3114 1811 3181; x_wconf 80' lang='grc' dir='ltr'>φασὶν</span> 
     </span>
    </p>
   </div>
   <div class='ocr_carea' id='block_1_34' title="bbox 217 3191 1808 3269">
    <p class='ocr_par' dir='ltr' id='par_1_34' title="bbox 217 3191 1808 3269">
     <span class='ocr_line' id='line_1_34' title="bbox 217 3191 1808 3269; baseline 0.012 -31"><span class='ocrx_word' id='word_1_233' title='bbox 217 3191 704 3262; x_wconf 79' lang='grc' dir='ltr'>ἀποκαλυφθείσης</span> <span class='ocrx_word' id='word_1_234' title='bbox 751 3196 848 3264; x_wconf 86' lang='grc' dir='ltr'>τῆς</span> <span class='ocrx_word' id='word_1_235' title='bbox 896 3198 1157 3268; x_wconf 82' lang='grc' dir='ltr'>αἰσχύνης</span> <span class='ocrx_word' id='word_1_236' title='bbox 1202 3203 1690 3269; x_wconf 77' lang='grc' dir='ltr'>μεταμφιάσατθαι</span> <span class='ocrx_word' id='word_1_237' title='bbox 1718 3204 1808 3257; x_wconf 83' lang='grc' dir='ltr'>τὸν</span> 
     </span>
    </p>
   </div>
   <div class='ocr_carea' id='block_1_35' title="bbox 217 3284 1809 3355">
    <p class='ocr_par' dir='ltr' id='par_1_35' title="bbox 217 3284 1809 3355">
     <span class='ocr_line' id='line_1_35' title="bbox 217 3284 1809 3355; baseline 0.011 -27"><span class='ocrx_word' id='word_1_238' title='bbox 217 3284 531 3341; x_wconf 81' lang='grc' dir='ltr'>γυναικεῖον</span> <span class='ocrx_word' id='word_1_239' title='bbox 586 3284 792 3351; x_wconf 80' lang='grc' dir='ltr'>κόσμον</span> <span class='ocrx_word' id='word_1_240' title='bbox 845 3288 923 3346; x_wconf 82' lang='grc' dir='ltr'>εἰς</span> <span class='ocrx_word' id='word_1_241' title='bbox 982 3289 1268 3341; x_wconf 77' lang='grc' dir='ltr'>νεανίσκου</span> <span class='ocrx_word' id='word_1_242' title='bbox 1304 3291 1563 3353; x_wconf 81' lang='grc' dir='ltr'>διάθεσιν,</span> <span class='ocrx_word' id='word_1_243' title='bbox 1597 3293 1723 3355; x_wconf 76' lang='grc' dir='ltr'>τοὺς</span> <span class='ocrx_word' id='word_1_244' title='bbox 1754 3294 1809 3345; x_wconf 78' lang='grc' dir='ltr'>δὲ</span> 
     </span>
    </p>
   </div>
   <div class='ocr_carea' id='block_1_36' title="bbox 222 3371 1809 3451">
    <p class='ocr_par' dir='ltr' id='par_1_36' title="bbox 222 3371 1809 3451">
     <span class='ocr_line' id='line_1_36' title="bbox 222 3371 1809 3451; baseline 0.01 -32"><span class='ocrx_word' id='word_1_245' title='bbox 222 3371 448 3439; x_wconf 73' lang='grc' dir='ltr'>ἰατροὺς</span> <span class='ocrx_word' id='word_1_246' title='bbox 478 3374 889 3442; x_wconf 80' lang='grc' dir='ltr'>ἐπιδειχθὲντων</span> <span class='ocrx_word' id='word_1_247' title='bbox 913 3376 1037 3447; x_wconf 77' lang='grc'>[617</span> <span class='ocrx_word' id='word_1_248' title='bbox 1068 3378 1157 3450; x_wconf 72' lang='grc' dir='ltr'>η]</span> <span class='ocrx_word' id='word_1_249' title='bbox 1186 3382 1367 3443; x_wconf 68' lang='grc' dir='ltr'>αὐτοῖς</span> <span class='ocrx_word' id='word_1_250' title='bbox 1395 3382 1502 3435; x_wconf 90' lang='grc' dir='ltr'>τῶν</span> <span class='ocrx_word' id='word_1_251' title='bbox 1530 3384 1809 3451; x_wconf 83' lang='grc' dir='ltr'>φανέντων</span> 
     </span>
    </p>
   </div>
   <div class='ocr_carea' id='block_1_37' title="bbox 217 3462 1807 3545">
    <p class='ocr_par' dir='ltr' id='par_1_37' title="bbox 217 3462 1807 3545">
     <span class='ocr_line' id='line_1_37' title="bbox 217 3462 1807 3545; baseline 0.011 -35"><span class='ocrx_word' id='word_1_252' title='bbox 217 3462 424 3527; x_wconf 83' lang='grc' dir='ltr'>γνῶναι</span> <span class='ocrx_word' id='word_1_253' title='bbox 464 3465 545 3516; x_wconf 88' lang='grc' dir='ltr'>ὅτι</span> <span class='ocrx_word' id='word_1_254' title='bbox 594 3468 1011 3537; x_wconf 81' lang='grc' dir='ltr'>κατεκέκρυπτο</span> <span class='ocrx_word' id='word_1_255' title='bbox 1031 3471 1076 3501; x_wconf 75' lang='grc'>⁸³</span> <span class='ocrx_word' id='word_1_256' title='bbox 1113 3472 1273 3539; x_wconf 79' lang='grc' dir='ltr'>φύσις</span> <span class='ocrx_word' id='word_1_257' title='bbox 1322 3475 1551 3542; x_wconf 75' lang='grc' dir='ltr'>ἄρρενος</span> <span class='ocrx_word' id='word_1_258' title='bbox 1594 3477 1651 3527; x_wconf 84' lang='grc' dir='ltr'>ὲν</span> <span class='ocrx_word' id='word_1_259' title='bbox 1684 3476 1807 3545; x_wconf 80' lang='grc' dir='ltr'>ᾠει-</span> 
     </span>
    </p>
   </div>
   <div class='ocr_carea' id='block_1_38' title="bbox 215 3552 1806 3638">
    <p class='ocr_par' dir='ltr' id='par_1_38' title="bbox 215 3552 1806 3638">
     <span class='ocr_line' id='line_1_38' title="bbox 215 3552 1806 3638; baseline 0.011 -35"><span class='ocrx_word' id='word_1_260' title='bbox 215 3552 357 3603; x_wconf 77' lang='grc' dir='ltr'>δεῖ⁶³</span> <span class='ocrx_word' id='word_1_261' title='bbox 384 3559 536 3623; x_wconf 78' lang='grc' dir='ltr'>τόπῳ</span> <span class='ocrx_word' id='word_1_262' title='bbox 568 3556 782 3623; x_wconf 80' lang='grc' dir='ltr'>φύσεως</span> <span class='ocrx_word' id='word_1_263' title='bbox 817 3558 1059 3629; x_wconf 84' lang='grc' dir='ltr'>θηλείας,</span> <span class='ocrx_word' id='word_1_264' title='bbox 1092 3566 1182 3615; x_wconf 86' lang='grc' dir='ltr'>καί</span> <span class='ocrx_word' id='word_1_265' title='bbox 1229 3566 1495 3635; x_wconf 75' lang='grc' dir='ltr'>δέρματος</span> <span class='ocrx_word' id='word_1_266' title='bbox 1528 3569 1806 3638; x_wconf 86' lang='grc' dir='ltr'>περιειλη-</span> 
     </span>
    </p>
   </div>
   <div class='ocr_carea' id='block_1_39' title="bbox 219 3645 1805 3728">
    <p class='ocr_par' dir='ltr' id='par_1_39' title="bbox 219 3645 1805 3728">
     <span class='ocr_line' id='line_1_39' title="bbox 219 3645 1805 3728; baseline 0.011 -35"><span class='ocrx_word' id='word_1_267' title='bbox 219 3645 384 3711; x_wconf 85' lang='grc' dir='ltr'>φότος</span> <span class='ocrx_word' id='word_1_268' title='bbox 412 3647 562 3716; x_wconf 82' lang='grc' dir='ltr'>παρά</span> <span class='ocrx_word' id='word_1_269' title='bbox 593 3649 654 3700; x_wconf 84' lang='grc' dir='ltr'>τὸ</span> <span class='ocrx_word' id='word_1_270' title='bbox 691 3650 918 3719; x_wconf 80' lang='grc' dir='ltr'>σύνηθες</span> <span class='ocrx_word' id='word_1_271' title='bbox 947 3655 1045 3721; x_wconf 81' lang='grc' dir='ltr'>τὴν</span> <span class='ocrx_word' id='word_1_272' title='bbox 1092 3654 1251 3721; x_wconf 86' lang='grc' dir='ltr'>φύσιν</span> <span class='ocrx_word' id='word_1_273' title='bbox 1294 3656 1584 3728; x_wconf 90' lang='grc' dir='ltr'>σύντρησις</span> <span class='ocrx_word' id='word_1_274' title='bbox 1616 3659 1805 3726; x_wconf 74' lang='grc' dir='ltr'>ἐγεγέ-</span> 
     </span>
    </p>
   </div>
   <div class='ocr_carea' id='block_1_40' title="bbox 1908 636 3477 706">
    <p class='ocr_par' dir='ltr' id='par_1_40' title="bbox 1908 636 3477 706">
     <span class='ocr_line' id='line_1_40' title="bbox 1908 636 3477 706; baseline 0.003 -15"><span class='ocrx_word' id='word_1_275' title='bbox 1908 640 2009 692; x_wconf 88' lang='lat' dir='ltr'><strong>fuit</strong></span> <span class='ocrx_word' id='word_1_276' title='bbox 2036 654 2169 693; x_wconf 86' lang='lat' dir='ltr'><strong>ausa</strong></span> <span class='ocrx_word' id='word_1_277' title='bbox 2193 652 2529 706; x_wconf 82' lang='lat' dir='ltr'>comparere.</span> <span class='ocrx_word' id='word_1_278' title='bbox 2552 637 2708 704; x_wconf 84' lang='lat' dir='ltr'><strong>Quod</strong></span> <span class='ocrx_word' id='word_1_279' title='bbox 2736 636 2932 693; x_wconf 82' lang='lat' dir='ltr'><strong>acerbe</strong></span> <span class='ocrx_word' id='word_1_280' title='bbox 2957 636 3142 694; x_wconf 89' lang='lat' dir='ltr'><strong>ferens</strong></span> <span class='ocrx_word' id='word_1_281' title='bbox 3168 637 3477 706; x_wconf 82' lang='lat' dir='ltr'><strong>Samiades,</strong></span> 
     </span>
    </p>
   </div>
   <div class='ocr_carea' id='block_1_41' title="bbox 1907 730 3473 800">
    <p class='ocr_par' dir='ltr' id='par_1_41' title="bbox 1907 730 3473 800">
     <span class='ocr_line' id='line_1_41' title="bbox 1907 730 3473 800; baseline 0.001 -15"><span class='ocrx_word' id='word_1_282' title='bbox 1907 732 2105 786; x_wconf 89' lang='lat' dir='ltr'><strong>institit</strong></span> <span class='ocrx_word' id='word_1_283' title='bbox 2132 732 2388 800; x_wconf 79' lang='lat' dir='ltr'><strong>amplius,</strong></span> <span class='ocrx_word' id='word_1_284' title='bbox 2420 739 2477 786; x_wconf 90' lang='lat' dir='ltr'>et</span> <span class='ocrx_word' id='word_1_285' title='bbox 2505 730 2844 785; x_wconf 74' lang='lat' dir='ltr'>consortium</span> <span class='ocrx_word' id='word_1_286' title='bbox 2872 744 2994 784; x_wconf 88' lang='lat' dir='ltr'>cum</span> <span class='ocrx_word' id='word_1_287' title='bbox 3024 744 3193 784; x_wconf 81' lang='lat' dir='ltr'><strong>uxore</strong></span> <span class='ocrx_word' id='word_1_288' title='bbox 3217 746 3314 785; x_wconf 89' lang='lat' dir='ltr'>sua</span> <span class='ocrx_word' id='word_1_289' title='bbox 3346 745 3473 799; x_wconf 86' lang='lat' dir='ltr'><strong>pos-</strong></span> 
     </span>
    </p>
   </div>
   <div class='ocr_carea' id='block_1_42' title="bbox 1908 823 3485 893">
    <p class='ocr_par' dir='ltr' id='par_1_42' title="bbox 1908 823 3485 893">
     <span class='ocr_line' id='line_1_42' title="bbox 1908 823 3485 893; baseline -0.003 -14"><span class='ocrx_word' id='word_1_290' title='bbox 1908 826 2098 879; x_wconf 83' lang='lat' dir='ltr'><strong>tulavit</strong></span> <span class='ocrx_word' id='word_1_291' title='bbox 2141 842 2156 878; x_wconf 89' lang='lat'><strong>:</strong></span> <span class='ocrx_word' id='word_1_292' title='bbox 2197 834 2351 893; x_wconf 89' lang='lat' dir='ltr'><strong>patre</strong></span> <span class='ocrx_word' id='word_1_293' title='bbox 2409 836 2539 878; x_wconf 92' lang='lat' dir='ltr'><strong>vero</strong></span> <span class='ocrx_word' id='word_1_294' title='bbox 2584 831 2881 886; x_wconf 84' lang='lat' dir='ltr'><strong>renuente,</strong></span> <span class='ocrx_word' id='word_1_295' title='bbox 2937 834 2991 876; x_wconf 90' lang='lat' dir='ltr'>et</span> <span class='ocrx_word' id='word_1_296' title='bbox 3034 837 3257 878; x_wconf 79' lang='lat' dir='ltr'><strong>causam</strong></span> <span class='ocrx_word' id='word_1_297' title='bbox 3293 823 3485 884; x_wconf 76' lang='lat' dir='ltr'><strong>dicere</strong></span> 
     </span>
    </p>
   </div>
   <div class='ocr_carea' id='block_1_43' title="bbox 1904 911 3485 982">
    <p class='ocr_par' dir='ltr' id='par_1_43' title="bbox 1904 911 3485 982">
     <span class='ocr_line' id='line_1_43' title="bbox 1904 911 3485 982; baseline -0.003 -12"><span class='ocrx_word' id='word_1_298' title='bbox 1904 918 2289 979; x_wconf 84' lang='lat' dir='ltr'><strong>erubescente,</strong></span> <span class='ocrx_word' id='word_1_299' title='bbox 2336 928 2526 976; x_wconf 71' lang='lat' dir='ltr'><strong>magna</strong></span> <span class='ocrx_word' id='word_1_300' title='bbox 2560 921 2681 966; x_wconf 89' lang='lat' dir='ltr'><strong>orta</strong></span> <span class='ocrx_word' id='word_1_301' title='bbox 2716 921 2802 967; x_wconf 92' lang='lat' dir='ltr'>est</span> <span class='ocrx_word' id='word_1_302' title='bbox 2831 914 3133 967; x_wconf 87' lang='lat' dir='ltr'><strong>contentio.</strong></span> <span class='ocrx_word' id='word_1_303' title='bbox 3164 911 3354 982; x_wconf 84' lang='lat' dir='ltr'><strong>Itaque</strong></span> <span class='ocrx_word' id='word_1_304' title='bbox 3384 925 3485 980; x_wconf 90' lang='lat' dir='ltr'>pro</span> 
     </span>
    </p>
   </div>
   <div class='ocr_carea' id='block_1_44' title="bbox 1906 1000 3480 1066">
    <p class='ocr_par' dir='ltr' id='par_1_44' title="bbox 1906 1000 3480 1066">
     <span class='ocr_line' id='line_1_44' title="bbox 1906 1000 3480 1066; baseline 0 -11"><span class='ocrx_word' id='word_1_305' title='bbox 1906 1018 2078 1057; x_wconf 82' lang='lat' dir='ltr'><strong>uxore</strong></span> <span class='ocrx_word' id='word_1_306' title='bbox 2104 1018 2201 1057; x_wconf 86' lang='lat' dir='ltr'>sua</span> <span class='ocrx_word' id='word_1_307' title='bbox 2226 1016 2418 1058; x_wconf 79' lang='lat' dir='ltr'><strong>socero</strong></span> <span class='ocrx_word' id='word_1_308' title='bbox 2452 1003 2595 1056; x_wconf 87' lang='lat' dir='ltr'><strong>diem</strong></span> <span class='ocrx_word' id='word_1_309' title='bbox 2626 1000 2785 1064; x_wconf 90' lang='lat' dir='ltr'><strong>dicit,</strong></span> <span class='ocrx_word' id='word_1_310' title='bbox 2818 1011 2875 1057; x_wconf 90' lang='lat' dir='ltr'>et</span> <span class='ocrx_word' id='word_1_311' title='bbox 2924 1011 2984 1055; x_wconf 88' lang='lat' dir='ltr'><strong>ut</strong></span> <span class='ocrx_word' id='word_1_312' title='bbox 3020 1003 3077 1054; x_wconf 86' lang='lat' dir='ltr'>fit</span> <span class='ocrx_word' id='word_1_313' title='bbox 3109 1003 3160 1055; x_wconf 93' lang='lat' dir='ltr'>in</span> <span class='ocrx_word' id='word_1_314' title='bbox 3192 1001 3480 1066; x_wconf 87' lang='lat' dir='ltr'><strong>dramatis,</strong></span> 
     </span>
    </p>
   </div>
   <div class='ocr_carea' id='block_1_45' title="bbox 1909 1093 3479 1165">
    <p class='ocr_par' dir='ltr' id='par_1_45' title="bbox 1909 1093 3479 1165">
     <span class='ocr_line' id='line_1_45' title="bbox 1909 1093 3479 1165; baseline -0.003 -15"><span class='ocrx_word' id='word_1_315' title='bbox 1909 1097 2213 1165; x_wconf 81' lang='lat' dir='ltr'><strong>prodigium</strong></span> <span class='ocrx_word' id='word_1_316' title='bbox 2255 1094 2471 1149; x_wconf 80' lang='lat' dir='ltr'><strong>fortuna</strong></span> <span class='ocrx_word' id='word_1_317' title='bbox 2519 1094 2572 1148; x_wconf 90' lang='lat' dir='ltr'>in</span> <span class='ocrx_word' id='word_1_318' title='bbox 2614 1094 2823 1149; x_wconf 83' lang='lat' dir='ltr'><strong>crimen</strong></span> <span class='ocrx_word' id='word_1_319' title='bbox 2856 1095 3147 1149; x_wconf 72' lang='lat' dir='ltr'><strong>convertit.</strong></span> <span class='ocrx_word' id='word_1_320' title='bbox 3194 1093 3333 1149; x_wconf 89' lang='lat' dir='ltr'><strong>Cum</strong></span> <span class='ocrx_word' id='word_1_321' title='bbox 3363 1093 3479 1161; x_wconf 88' lang='lat' dir='ltr'><strong>jam</strong></span> 
     </span>
    </p>
   </div>
   <div class='ocr_carea' id='block_1_46' title="bbox 1899 1186 3489 1255">
    <p class='ocr_par' dir='ltr' id='par_1_46' title="bbox 1899 1186 3489 1255">
     <span class='ocr_line' id='line_1_46' title="bbox 1899 1186 3489 1255; baseline -0.001 -14"><span class='ocrx_word' id='word_1_322' title='bbox 1899 1188 2111 1255; x_wconf 86' lang='lat' dir='ltr'><strong>judices</strong></span> <span class='ocrx_word' id='word_1_323' title='bbox 2152 1188 2567 1254; x_wconf 71' lang='lat' dir='ltr'><strong>consedissent,</strong></span> <span class='ocrx_word' id='word_1_324' title='bbox 2611 1195 2666 1241; x_wconf 90' lang='lat' dir='ltr'>et</span> <span class='ocrx_word' id='word_1_325' title='bbox 2709 1200 2888 1241; x_wconf 66' lang='lat' dir='ltr'><strong>causae</strong></span> <span class='ocrx_word' id='word_1_326' title='bbox 2929 1196 3114 1240; x_wconf 88' lang='lat' dir='ltr'><strong>essent</strong></span> <span class='ocrx_word' id='word_1_327' title='bbox 3162 1186 3362 1252; x_wconf 68' lang='lat' dir='ltr'><strong>allataa,</strong></span> <span class='ocrx_word' id='word_1_328' title='bbox 3395 1186 3489 1240; x_wconf 87' lang='lat' dir='ltr'><strong>ad-</strong></span> 
     </span>
    </p>
   </div>
   <div class='ocr_carea' id='block_1_47' title="bbox 1908 1275 3487 1345">
    <p class='ocr_par' dir='ltr' id='par_1_47' title="bbox 1908 1275 3487 1345">
     <span class='ocr_line' id='line_1_47' title="bbox 1908 1275 3487 1345; baseline -0.003 -12"><span class='ocrx_word' id='word_1_329' title='bbox 1908 1277 2266 1345; x_wconf 81' lang='lat' dir='ltr'><strong>essejubetur</strong></span> <span class='ocrx_word' id='word_1_330' title='bbox 2297 1291 2531 1345; x_wconf 82' lang='lat' dir='ltr'><strong>persona</strong></span> <span class='ocrx_word' id='word_1_331' title='bbox 2562 1277 2630 1331; x_wconf 89' lang='lat' dir='ltr'>de</span> <span class='ocrx_word' id='word_1_332' title='bbox 2651 1291 2757 1345; x_wconf 90' lang='lat' dir='ltr'>qua</span> <span class='ocrx_word' id='word_1_333' title='bbox 2784 1275 3165 1331; x_wconf 88' lang='lat' dir='ltr'><strong>contendatur.</strong></span> <span class='ocrx_word' id='word_1_334' title='bbox 3196 1275 3318 1329; x_wconf 85' lang='lat' dir='ltr'><strong>.lam</strong></span> <span class='ocrx_word' id='word_1_335' title='bbox 3352 1289 3487 1329; x_wconf 88' lang='lat' dir='ltr'><strong>vero</strong></span> 
     </span>
    </p>
   </div>
   <div class='ocr_carea' id='block_1_48' title="bbox 1909 1364 3485 1437">
    <p class='ocr_par' dir='ltr' id='par_1_48' title="bbox 1909 1364 3485 1437">
     <span class='ocr_line' id='line_1_48' title="bbox 1909 1364 3485 1437; baseline -0.004 -14"><span class='ocrx_word' id='word_1_336' title='bbox 1909 1369 2161 1423; x_wconf 85' lang='lat' dir='ltr'><strong>dubitant</strong></span> <span class='ocrx_word' id='word_1_337' title='bbox 2202 1367 2434 1437; x_wconf 77' lang='lat' dir='ltr'><strong>iudices,</strong></span> <span class='ocrx_word' id='word_1_338' title='bbox 2468 1377 2651 1422; x_wconf 85' lang='lat' dir='ltr'><strong>utrum</strong></span> <span class='ocrx_word' id='word_1_339' title='bbox 2688 1367 2805 1420; x_wconf 82' lang='lat' dir='ltr'><strong>viro</strong></span> <span class='ocrx_word' id='word_1_340' title='bbox 2850 1366 3157 1435; x_wconf 86' lang='lat' dir='ltr'><strong>conjugem,</strong></span> <span class='ocrx_word' id='word_1_341' title='bbox 3193 1374 3288 1418; x_wconf 87' lang='lat' dir='ltr'>aut</span> <span class='ocrx_word' id='word_1_342' title='bbox 3317 1364 3485 1417; x_wconf 83' lang='lat' dir='ltr'><strong>ﬁliam</strong></span> 
     </span>
    </p>
   </div>
   <div class='ocr_carea' id='block_1_49' title="bbox 1910 1456 3482 1529">
    <p class='ocr_par' dir='ltr' id='par_1_49' title="bbox 1910 1456 3482 1529">
     <span class='ocr_line' id='line_1_49' title="bbox 1910 1456 3482 1529; baseline -0.004 -15"><span class='ocrx_word' id='word_1_343' title='bbox 1910 1462 2049 1529; x_wconf 85' lang='lat' dir='ltr'><strong>patri</strong></span> <span class='ocrx_word' id='word_1_344' title='bbox 2080 1459 2421 1528; x_wconf 86' lang='lat' dir='ltr'><strong>adjudicent;</strong></span> <span class='ocrx_word' id='word_1_345' title='bbox 2452 1468 2679 1514; x_wconf 84' lang='lat' dir='ltr'><strong>censent</strong></span> <span class='ocrx_word' id='word_1_346' title='bbox 2708 1458 2924 1513; x_wconf 81' lang='lat' dir='ltr'><strong>tandem</strong></span> <span class='ocrx_word' id='word_1_347' title='bbox 2979 1459 3031 1510; x_wconf 87' lang='lat' dir='ltr'><strong>id</strong></span> <span class='ocrx_word' id='word_1_348' title='bbox 3070 1458 3356 1511; x_wconf 83' lang='lat' dir='ltr'><strong>veritatem</strong></span> <span class='ocrx_word' id='word_1_349' title='bbox 3401 1456 3482 1508; x_wconf 90' lang='lat' dir='ltr'><strong>in-</strong></span> 
     </span>
    </p>
   </div>
   <div class='ocr_carea' id='block_1_50' title="bbox 1910 1546 3481 1618">
    <p class='ocr_par' dir='ltr' id='par_1_50' title="bbox 1910 1546 3481 1618">
     <span class='ocr_line' id='line_1_50' title="bbox 1910 1546 3481 1618; baseline -0.006 -11"><span class='ocrx_word' id='word_1_350' title='bbox 1910 1552 2116 1618; x_wconf 84' lang='lat' dir='ltr'><strong>dicare,</strong></span> <span class='ocrx_word' id='word_1_351' title='bbox 2160 1566 2383 1606; x_wconf 79' lang='lat' dir='ltr'><strong>uxorem</strong></span> <span class='ocrx_word' id='word_1_352' title='bbox 2432 1552 2549 1604; x_wconf 91' lang='lat' dir='ltr'><strong>viro</strong></span> <span class='ocrx_word' id='word_1_353' title='bbox 2572 1564 2696 1605; x_wconf 89' lang='lat' dir='ltr'><strong>esse</strong></span> <span class='ocrx_word' id='word_1_354' title='bbox 2747 1547 3163 1617; x_wconf 68' lang='lat' dir='ltr'><strong>adiungendam.</strong></span> <span class='ocrx_word' id='word_1_355' title='bbox 3192 1546 3315 1617; x_wconf 88' lang='lat' dir='ltr'><strong>lpsa</strong></span> <span class='ocrx_word' id='word_1_356' title='bbox 3360 1561 3481 1599; x_wconf 78' lang='lat' dir='ltr'><strong>mox</strong></span> 
     </span>
    </p>
   </div>
   <div class='ocr_carea' id='block_1_51' title="bbox 1912 1637 3476 1707">
    <p class='ocr_par' dir='ltr' id='par_1_51' title="bbox 1912 1637 3476 1707">
     <span class='ocr_line' id='line_1_51' title="bbox 1912 1637 3476 1707; baseline -0.005 -10"><span class='ocrx_word' id='word_1_357' title='bbox 1912 1646 2171 1698; x_wconf 80' lang='lat' dir='ltr'><strong>audacter</strong></span> <span class='ocrx_word' id='word_1_358' title='bbox 2194 1653 2401 1697; x_wconf 85' lang='lat' dir='ltr'><strong>vestem</strong></span> <span class='ocrx_word' id='word_1_359' title='bbox 2434 1640 2613 1696; x_wconf 82' lang='lat' dir='ltr'><strong>fictam</strong></span> <span class='ocrx_word' id='word_1_360' title='bbox 2644 1639 2884 1701; x_wconf 87' lang='lat' dir='ltr'><strong>solvens.</strong></span> <span class='ocrx_word' id='word_1_361' title='bbox 2915 1639 3155 1693; x_wconf 88' lang='lat' dir='ltr'><strong>ostendit</strong></span> <span class='ocrx_word' id='word_1_362' title='bbox 3186 1637 3364 1707; x_wconf 86' lang='lat' dir='ltr'><strong>palam</strong></span> <span class='ocrx_word' id='word_1_363' title='bbox 3394 1638 3476 1689; x_wconf 87' lang='lat' dir='ltr'><strong>vi-</strong></span> 
     </span>
    </p>
   </div>
   <div class='ocr_carea' id='block_1_52' title="bbox 1924 1730 3484 1798">
    <p class='ocr_par' dir='ltr' id='par_1_52' title="bbox 1924 1730 3484 1798">
     <span class='ocr_line' id='line_1_52' title="bbox 1924 1730 3484 1798; baseline -0.004 -9"><span class='ocrx_word' id='word_1_364' title='bbox 1924 1751 2032 1790; x_wconf 85' lang='lat' dir='ltr'><strong>&#39;um</strong></span> <span class='ocrx_word' id='word_1_365' title='bbox 2062 1748 2184 1789; x_wconf 87' lang='lat' dir='ltr'><strong>sese</strong></span> <span class='ocrx_word' id='word_1_366' title='bbox 2208 1748 2350 1797; x_wconf 84' lang='lat' dir='ltr'><strong>esse,</strong></span> <span class='ocrx_word' id='word_1_367' title='bbox 2384 1731 2787 1788; x_wconf 90' lang='lat' dir='ltr'><strong>lamentabilem</strong></span> <span class='ocrx_word' id='word_1_368' title='bbox 2816 1732 3007 1787; x_wconf 89' lang='lat' dir='ltr'><strong>tollens</strong></span> <span class='ocrx_word' id='word_1_369' title='bbox 3030 1745 3242 1795; x_wconf 88' lang='lat' dir='ltr'><strong>vocem,</strong></span> <span class='ocrx_word' id='word_1_370' title='bbox 3266 1733 3335 1785; x_wconf 87' lang='lat' dir='ltr'>ad</span> <span class='ocrx_word' id='word_1_371' title='bbox 3354 1730 3484 1798; x_wconf 82' lang='lat' dir='ltr'><strong>quid</strong></span> 
     </span>
    </p>
   </div>
   <div class='ocr_carea' id='block_1_53' title="bbox 1913 1820 3487 1894">
    <p class='ocr_par' dir='ltr' id='par_1_53' title="bbox 1913 1820 3487 1894">
     <span class='ocr_line' id='line_1_53' title="bbox 1913 1820 3487 1894; baseline -0.003 -16"><span class='ocrx_word' id='word_1_372' title='bbox 1913 1832 2170 1894; x_wconf 86' lang='lat' dir='ltr'><strong>cogerent</strong></span> <span class='ocrx_word' id='word_1_373' title='bbox 2234 1823 2411 1877; x_wconf 83' lang='lat' dir='ltr'><strong>virum</strong></span> <span class='ocrx_word' id='word_1_374' title='bbox 2481 1821 2804 1876; x_wconf 85' lang='lat' dir='ltr'><strong>cohabitare</strong></span> <span class='ocrx_word' id='word_1_375' title='bbox 2871 1821 3031 1874; x_wconf 76' lang='lat' dir='ltr'><strong>viro?</strong></span> <span class='ocrx_word' id='word_1_376' title='bbox 3084 1820 3487 1889; x_wconf 87' lang='lat' dir='ltr'><strong>Obstupescere</strong></span> 
     </span>
    </p>
   </div>
   <div class='ocr_carea' id='block_1_54' title="bbox 1838 1899 3483 1981">
    <p class='ocr_par' dir='ltr' id='par_1_54' title="bbox 1838 1899 3483 1981">
     <span class='ocr_line' id='line_1_54' title="bbox 1838 1899 3483 1981; baseline -0.001 -12"><span class='ocrx_word' id='word_1_377' title='bbox 1838 1899 1882 1954; x_wconf 79' lang='grc' dir='ltr'><strong>Β</strong></span> <span class='ocrx_word' id='word_1_378' title='bbox 1910 1930 2135 1979; x_wconf 88' lang='lat' dir='ltr'><strong>omnes,</strong></span> <span class='ocrx_word' id='word_1_379' title='bbox 2177 1926 2233 1970; x_wconf 87' lang='lat' dir='ltr'>et</span> <span class='ocrx_word' id='word_1_380' title='bbox 2281 1914 2589 1969; x_wconf 85' lang='lat' dir='ltr'><strong>admirabili</strong></span> <span class='ocrx_word' id='word_1_381' title='bbox 2639 1927 2774 1968; x_wconf 88' lang='lat' dir='ltr'><strong>voce</strong></span> <span class='ocrx_word' id='word_1_382' title='bbox 2822 1926 2884 1968; x_wconf 84' lang='lat' dir='ltr'>se</span> <span class='ocrx_word' id='word_1_383' title='bbox 2940 1913 3221 1981; x_wconf 87' lang='lat' dir='ltr'><strong>perculsos</strong></span> <span class='ocrx_word' id='word_1_384' title='bbox 3270 1914 3483 1967; x_wconf 82' lang='lat' dir='ltr'><strong>testari.</strong></span> 
     </span>
    </p>
   </div>
   <div class='ocr_carea' id='block_1_55' title="bbox 1915 2004 3488 2075">
    <p class='ocr_par' dir='ltr' id='par_1_55' title="bbox 1915 2004 3488 2075">
     <span class='ocr_line' id='line_1_55' title="bbox 1915 2004 3488 2075; baseline -0.003 -14"><span class='ocrx_word' id='word_1_385' title='bbox 1915 2007 2065 2062; x_wconf 90' lang='lat' dir='ltr'><strong>Tunc</strong></span> <span class='ocrx_word' id='word_1_386' title='bbox 2114 2005 2309 2063; x_wconf 79' lang='lat' dir='ltr'><strong>Herais</strong></span> <span class='ocrx_word' id='word_1_387' title='bbox 2336 2010 2565 2061; x_wconf 87' lang='lat' dir='ltr'><strong>&#39;remoto</strong></span> <span class='ocrx_word' id='word_1_388' title='bbox 2601 2006 2826 2075; x_wconf 88' lang='lat' dir='ltr'><strong>pudore,</strong></span> <span class='ocrx_word' id='word_1_389' title='bbox 2870 2005 3078 2061; x_wconf 80' lang='lat' dir='ltr'><strong>virilem</strong></span> <span class='ocrx_word' id='word_1_390' title='bbox 3108 2004 3349 2059; x_wconf 90' lang='lat' dir='ltr'><strong>habitum</strong></span> <span class='ocrx_word' id='word_1_391' title='bbox 3398 2020 3488 2058; x_wconf 87' lang='lat' dir='ltr'><strong>re-</strong></span> 
     </span>
    </p>
   </div>
   <div class='ocr_carea' id='block_1_56' title="bbox 1906 2092 3487 2165">
    <p class='ocr_par' dir='ltr' id='par_1_56' title="bbox 1906 2092 3487 2165">
     <span class='ocr_line' id='line_1_56' title="bbox 1906 2092 3487 2165; baseline -0.004 -15"><span class='ocrx_word' id='word_1_392' title='bbox 1906 2097 2053 2165; x_wconf 88' lang='lat' dir='ltr'><strong>jecto</strong></span> <span class='ocrx_word' id='word_1_393' title='bbox 2083 2097 2319 2150; x_wconf 90' lang='lat' dir='ltr'><strong>femineo</strong></span> <span class='ocrx_word' id='word_1_394' title='bbox 2332 2103 2668 2150; x_wconf 84' lang='lat' dir='ltr'><strong>memoratur</strong></span> <span class='ocrx_word' id='word_1_395' title='bbox 2690 2094 3071 2162; x_wconf 82' lang='lat' dir='ltr'><strong>assumpsisse.</strong></span> <span class='ocrx_word' id='word_1_396' title='bbox 3096 2092 3285 2147; x_wconf 75' lang='lat' dir='ltr'><strong>Medici</strong></span> <span class='ocrx_word' id='word_1_397' title='bbox 3307 2103 3487 2147; x_wconf 89' lang='lat' dir='ltr'><strong>autem</strong></span> 
     </span>
    </p>
   </div>
   <div class='ocr_carea' id='block_1_57' title="bbox 1914 2186 3489 2244">
    <p class='ocr_par' dir='ltr' id='par_1_57' title="bbox 1914 2186 3489 2244">
     <span class='ocr_line' id='line_1_57' title="bbox 1914 2186 3489 2244; baseline -0.003 -1"><span class='ocrx_word' id='word_1_398' title='bbox 1914 2190 2001 2244; x_wconf 82' lang='lat' dir='ltr'><strong>liis</strong></span> <span class='ocrx_word' id='word_1_399' title='bbox 2034 2189 2164 2242; x_wconf 84' lang='lat' dir='ltr'><strong>visis</strong></span> <span class='ocrx_word' id='word_1_400' title='bbox 2194 2189 2274 2243; x_wconf 85' lang='lat' dir='ltr'>sic</span> <span class='ocrx_word' id='word_1_401' title='bbox 2304 2188 2561 2241; x_wconf 80' lang='lat' dir='ltr'><strong>dixerunt</strong></span> <span class='ocrx_word' id='word_1_402' title='bbox 2592 2205 2608 2242; x_wconf 89' lang='lat'><strong>:</strong></span> <span class='ocrx_word' id='word_1_403' title='bbox 2644 2186 2847 2241; x_wconf 85' lang='lat' dir='ltr'><strong>Eodem</strong></span> <span class='ocrx_word' id='word_1_404' title='bbox 2883 2187 3002 2241; x_wconf 90' lang='lat' dir='ltr'><strong>loco</strong></span> <span class='ocrx_word' id='word_1_405' title='bbox 3032 2198 3089 2240; x_wconf 90' lang='lat' dir='ltr'>et</span> <span class='ocrx_word' id='word_1_406' title='bbox 3116 2186 3409 2241; x_wconf 85' lang='lat' dir='ltr'><strong>femineum</strong></span> <span class='ocrx_word' id='word_1_407' title='bbox 3433 2198 3489 2240; x_wconf 91' lang='lat' dir='ltr'><strong>et</strong></span> 
     </span>
    </p>
   </div>
   <div class='ocr_carea' id='block_1_58' title="bbox 1910 2278 3490 2349">
    <p class='ocr_par' dir='ltr' id='par_1_58' title="bbox 1910 2278 3490 2349">
     <span class='ocr_line' id='line_1_58' title="bbox 1910 2278 3490 2349; baseline -0.001 -16"><span class='ocrx_word' id='word_1_408' title='bbox 1910 2280 2121 2333; x_wconf 84' lang='lat' dir='ltr'><strong>virilem</strong></span> <span class='ocrx_word' id='word_1_409' title='bbox 2154 2295 2341 2335; x_wconf 81' lang='lat' dir='ltr'><strong>sexum</strong></span> <span class='ocrx_word' id='word_1_410' title='bbox 2382 2280 2508 2349; x_wconf 90' lang='lat' dir='ltr'><strong>tegi,</strong></span> <span class='ocrx_word' id='word_1_411' title='bbox 2538 2290 2596 2333; x_wconf 92' lang='lat' dir='ltr'>et</span> <span class='ocrx_word' id='word_1_412' title='bbox 2631 2278 2946 2349; x_wconf 89' lang='lat' dir='ltr'><strong>pelliculam</strong></span> <span class='ocrx_word' id='word_1_413' title='bbox 2976 2294 3095 2345; x_wconf 78' lang='lat' dir='ltr'><strong>qua:</strong></span> <span class='ocrx_word' id='word_1_414' title='bbox 3146 2288 3312 2331; x_wconf 76' lang='lat' dir='ltr'><strong>testes</strong></span> <span class='ocrx_word' id='word_1_415' title='bbox 3338 2286 3490 2348; x_wconf 82' lang='lat' dir='ltr'><strong>tege-</strong></span> 
     </span>
    </p>
   </div>
   <div class='ocr_carea' id='block_1_59' title="bbox 1914 2370 3485 2439">
    <p class='ocr_par' dir='ltr' id='par_1_59' title="bbox 1914 2370 3485 2439">
     <span class='ocr_line' id='line_1_59' title="bbox 1914 2370 3485 2439; baseline -0.003 -13"><span class='ocrx_word' id='word_1_416' title='bbox 1914 2380 2017 2435; x_wconf 87' lang='lat' dir='ltr'><strong>ret,</strong></span> <span class='ocrx_word' id='word_1_417' title='bbox 2068 2388 2208 2426; x_wconf 84' lang='lat' dir='ltr'><strong>novo</strong></span> <span class='ocrx_word' id='word_1_418' title='bbox 2258 2386 2408 2425; x_wconf 91' lang='lat' dir='ltr'><strong>more</strong></span> <span class='ocrx_word' id='word_1_419' title='bbox 2456 2372 2696 2439; x_wconf 82' lang='lat' dir='ltr'><strong>perviam</strong></span> <span class='ocrx_word' id='word_1_420' title='bbox 2732 2370 2931 2423; x_wconf 89' lang='lat' dir='ltr'><strong>factam</strong></span> <span class='ocrx_word' id='word_1_421' title='bbox 2973 2384 3130 2430; x_wconf 81' lang='lat' dir='ltr'><strong>esse.</strong></span> <span class='ocrx_word' id='word_1_422' title='bbox 3176 2384 3285 2436; x_wconf 89' lang='lat' dir='ltr'>quo</span> <span class='ocrx_word' id='word_1_423' title='bbox 3328 2370 3485 2423; x_wconf 82' lang='lat' dir='ltr'><strong>retri-</strong></span> 
     </span>
    </p>
   </div>
   <div class='ocr_carea' id='block_1_60' title="bbox 1914 2461 3491 2529">
    <p class='ocr_par' dir='ltr' id='par_1_60' title="bbox 1914 2461 3491 2529">
     <span class='ocr_line' id='line_1_60' title="bbox 1914 2461 3491 2529; baseline -0.003 -12"><span class='ocrx_word' id='word_1_424' title='bbox 1914 2473 2091 2517; x_wconf 87' lang='lat' dir='ltr'><strong>rnenta</strong></span> <span class='ocrx_word' id='word_1_425' title='bbox 2126 2472 2332 2517; x_wconf 67' lang='lat' dir='ltr'><strong>natura:</strong></span> <span class='ocrx_word' id='word_1_426' title='bbox 2362 2464 2703 2527; x_wconf 74' lang='lat' dir='ltr'><strong>transirent;</strong></span> <span class='ocrx_word' id='word_1_427' title='bbox 2726 2476 2897 2529; x_wconf 89' lang='lat' dir='ltr'><strong>quare</strong></span> <span class='ocrx_word' id='word_1_428' title='bbox 2924 2470 3196 2528; x_wconf 86' lang='lat' dir='ltr'><strong>patentem</strong></span> <span class='ocrx_word' id='word_1_429' title='bbox 3229 2462 3379 2513; x_wconf 91' lang='lat' dir='ltr'><strong>illum</strong></span> <span class='ocrx_word' id='word_1_430' title='bbox 3408 2461 3491 2514; x_wconf 90' lang='lat' dir='ltr'><strong>lo-</strong></span> 
     </span>
    </p>
   </div>
   <div class='ocr_carea' id='block_1_61' title="bbox 1913 2550 3489 2619">
    <p class='ocr_par' dir='ltr' id='par_1_61' title="bbox 1913 2550 3489 2619">
     <span class='ocr_line' id='line_1_61' title="bbox 1913 2550 3489 2619; baseline -0.006 -10"><span class='ocrx_word' id='word_1_431' title='bbox 1913 2571 2036 2609; x_wconf 86' lang='lat' dir='ltr'>cum</span> <span class='ocrx_word' id='word_1_432' title='bbox 2076 2554 2377 2619; x_wconf 85' lang='lat' dir='ltr'><strong>obducere,</strong></span> <span class='ocrx_word' id='word_1_433' title='bbox 2426 2564 2481 2608; x_wconf 91' lang='lat' dir='ltr'><strong>et</strong></span> <span class='ocrx_word' id='word_1_434' title='bbox 2528 2553 2811 2617; x_wconf 82' lang='lat' dir='ltr'><strong>claudere,</strong></span> <span class='ocrx_word' id='word_1_435' title='bbox 2864 2550 3181 2619; x_wconf 77' lang='lat' dir='ltr'><strong>virilemque</strong></span> <span class='ocrx_word' id='word_1_436' title='bbox 3236 2560 3489 2604; x_wconf 88' lang='lat' dir='ltr'><strong>naturam</strong></span> 
     </span>
    </p>
   </div>
   <div class='ocr_carea' id='block_1_62' title="bbox 1914 2642 3490 2714">
    <p class='ocr_par' dir='ltr' id='par_1_62' title="bbox 1914 2642 3490 2714">
     <span class='ocr_line' id='line_1_62' title="bbox 1914 2642 3490 2714; baseline -0.005 -14"><span class='ocrx_word' id='word_1_437' title='bbox 1914 2658 2214 2714; x_wconf 91' lang='lat' dir='ltr'><strong>promptam</strong></span> <span class='ocrx_word' id='word_1_438' title='bbox 2261 2647 2490 2701; x_wconf 89' lang='lat' dir='ltr'><strong>reddere</strong></span> <span class='ocrx_word' id='word_1_439' title='bbox 2530 2646 2707 2700; x_wconf 88' lang='lat' dir='ltr'><strong>coacti</strong></span> <span class='ocrx_word' id='word_1_440' title='bbox 2745 2653 2895 2709; x_wconf 87' lang='lat' dir='ltr'><strong>sunt,</strong></span> <span class='ocrx_word' id='word_1_441' title='bbox 2930 2644 3185 2699; x_wconf 89' lang='lat' dir='ltr'><strong>omnibus</strong></span> <span class='ocrx_word' id='word_1_442' title='bbox 3232 2642 3490 2697; x_wconf 68' lang='lat' dir='ltr'><strong>adhibitis</strong></span> 
     </span>
    </p>
   </div>
   <div class='ocr_carea' id='block_1_63' title="bbox 1918 2733 3490 2799">
    <p class='ocr_par' dir='ltr' id='par_1_63' title="bbox 1918 2733 3490 2799">
     <span class='ocr_line' id='line_1_63' title="bbox 1918 2733 3490 2799; baseline -0.005 -10"><span class='ocrx_word' id='word_1_443' title='bbox 1918 2735 2347 2790; x_wconf 85' lang='lat' dir='ltr'><strong>medicamentis.</strong></span> <span class='ocrx_word' id='word_1_444' title='bbox 2383 2735 2576 2790; x_wconf 77' lang='lat' dir='ltr'><strong>ﬂerais</strong></span> <span class='ocrx_word' id='word_1_445' title='bbox 2596 2750 2726 2790; x_wconf 90' lang='lat' dir='ltr'><strong>vero</strong></span> <span class='ocrx_word' id='word_1_446' title='bbox 2754 2735 2942 2789; x_wconf 88' lang='lat' dir='ltr'><strong>induto</strong></span> <span class='ocrx_word' id='word_1_447' title='bbox 2965 2734 3181 2788; x_wconf 87' lang='lat' dir='ltr'><strong>nomine</strong></span> <span class='ocrx_word' id='word_1_448' title='bbox 3204 2733 3490 2799; x_wconf 84' lang='lat' dir='ltr'><strong>Dioplianti</strong></span> 
     </span>
    </p>
   </div>
   <div class='ocr_carea' id='block_1_64' title="bbox 1912 2828 3489 2899">
    <p class='ocr_par' dir='ltr' id='par_1_64' title="bbox 1912 2828 3489 2899">
     <span class='ocr_line' id='line_1_64' title="bbox 1912 2828 3489 2899; baseline -0.006 -16"><span class='ocrx_word' id='word_1_449' title='bbox 1912 2830 2221 2899; x_wconf 88' lang='lat' dir='ltr'><strong>conscripta</strong></span> <span class='ocrx_word' id='word_1_450' title='bbox 2261 2839 2346 2883; x_wconf 87' lang='lat' dir='ltr'>est</span> <span class='ocrx_word' id='word_1_451' title='bbox 2377 2831 2518 2883; x_wconf 84' lang='lat' dir='ltr'><strong>inter</strong></span> <span class='ocrx_word' id='word_1_452' title='bbox 2558 2830 2793 2896; x_wconf 89' lang='lat' dir='ltr'><strong>equites,</strong></span> <span class='ocrx_word' id='word_1_453' title='bbox 2829 2836 2884 2882; x_wconf 87' lang='lat' dir='ltr'>et</span> <span class='ocrx_word' id='word_1_454' title='bbox 2929 2828 3183 2880; x_wconf 89' lang='lat' dir='ltr'><strong>militaris</strong></span> <span class='ocrx_word' id='word_1_455' title='bbox 3219 2842 3321 2878; x_wconf 90' lang='lat' dir='ltr'>una</span> <span class='ocrx_word' id='word_1_456' title='bbox 3367 2840 3489 2879; x_wconf 86' lang='lat' dir='ltr'><strong>Ctlm</strong></span> 
     </span>
    </p>
   </div>
   <div class='ocr_carea' id='block_1_65' title="bbox 1916 2918 3496 2990">
    <p class='ocr_par' dir='ltr' id='par_1_65' title="bbox 1916 2918 3496 2990">
     <span class='ocr_line' id='line_1_65' title="bbox 1916 2918 3496 2990; baseline -0.001 -17"><span class='ocrx_word' id='word_1_457' title='bbox 1916 2937 2043 2990; x_wconf 85' lang='lat' dir='ltr'><strong>rege</strong></span> <span class='ocrx_word' id='word_1_458' title='bbox 2076 2922 2224 2976; x_wconf 75' lang='lat' dir='ltr'><strong>Alias</strong></span> <span class='ocrx_word' id='word_1_459' title='bbox 2267 2922 2513 2976; x_wconf 84' lang='lat' dir='ltr'><strong>secessit.</strong></span> <span class='ocrx_word' id='word_1_460' title='bbox 2548 2921 2701 2975; x_wconf 92' lang='lat' dir='ltr'><strong>Tunc</strong></span> <span class='ocrx_word' id='word_1_461' title='bbox 2734 2936 2862 2975; x_wconf 90' lang='lat' dir='ltr'><strong>vero</strong></span> <span class='ocrx_word' id='word_1_462' title='bbox 2892 2920 3168 2975; x_wconf 88' lang='lat' dir='ltr'><strong>oraculum</strong></span> <span class='ocrx_word' id='word_1_463' title='bbox 3213 2918 3356 2986; x_wconf 85' lang='lat' dir='ltr'><strong>quod</strong></span> <span class='ocrx_word' id='word_1_464' title='bbox 3393 2934 3496 2971; x_wconf 85' lang='lat' dir='ltr'><strong>an-</strong></span> 
     </span>
    </p>
   </div>
   <div class='ocr_carea' id='block_1_66' title="bbox 1916 3006 3493 3076">
    <p class='ocr_par' dir='ltr' id='par_1_66' title="bbox 1916 3006 3493 3076">
     <span class='ocr_line' id='line_1_66' title="bbox 1916 3006 3493 3076; baseline 0 -15"><span class='ocrx_word' id='word_1_465' title='bbox 1916 3021 1998 3062; x_wconf 85' lang='lat' dir='ltr'>tea</span> <span class='ocrx_word' id='word_1_466' title='bbox 2050 3010 2325 3063; x_wconf 90' lang='lat' dir='ltr'><strong>occultum</strong></span> <span class='ocrx_word' id='word_1_467' title='bbox 2380 3008 2511 3072; x_wconf 92' lang='lat' dir='ltr'><strong>fuit,</strong></span> <span class='ocrx_word' id='word_1_468' title='bbox 2567 3025 2754 3063; x_wconf 87' lang='lat' dir='ltr'><strong>verum</strong></span> <span class='ocrx_word' id='word_1_469' title='bbox 2804 3008 2971 3063; x_wconf 80' lang='lat' dir='ltr'><strong>fuisse</strong></span> <span class='ocrx_word' id='word_1_470' title='bbox 3020 3009 3294 3076; x_wconf 77' lang='lat' dir='ltr'><strong>apparuit.</strong></span> <span class='ocrx_word' id='word_1_471' title='bbox 3357 3006 3493 3061; x_wconf 84' lang='lat' dir='ltr'>Nam</span> 
     </span>
    </p>
   </div>
   <div class='ocr_carea' id='block_1_67' title="bbox 1915 3096 3494 3165">
    <p class='ocr_par' dir='ltr' id='par_1_67' title="bbox 1915 3096 3494 3165">
     <span class='ocr_line' id='line_1_67' title="bbox 1915 3096 3494 3165; baseline 0 -16"><span class='ocrx_word' id='word_1_472' title='bbox 1915 3098 2057 3151; x_wconf 84' lang='lat' dir='ltr'><strong>Abas</strong></span> <span class='ocrx_word' id='word_1_473' title='bbox 2093 3112 2217 3150; x_wconf 92' lang='lat' dir='ltr'>cum</span> <span class='ocrx_word' id='word_1_474' title='bbox 2250 3112 2344 3151; x_wconf 80' lang='lat' dir='ltr'><strong>rex</strong></span> <span class='ocrx_word' id='word_1_475' title='bbox 2379 3098 2734 3165; x_wconf 75' lang='lat' dir='ltr'><strong>confugisset,</strong></span> <span class='ocrx_word' id='word_1_476' title='bbox 2785 3097 2985 3151; x_wconf 83' lang='lat' dir='ltr'><strong>ibidem</strong></span> <span class='ocrx_word' id='word_1_477' title='bbox 3022 3098 3188 3151; x_wconf 88' lang='lat' dir='ltr'><strong>etiam</strong></span> <span class='ocrx_word' id='word_1_478' title='bbox 3240 3096 3494 3151; x_wconf 64' lang='lat' dir='ltr'><strong>biformi.</strong></span> 
     </span>
    </p>
   </div>
   <div class='ocr_carea' id='block_1_68' title="bbox 1916 3190 3495 3258">
    <p class='ocr_par' dir='ltr' id='par_1_68' title="bbox 1916 3190 3495 3258">
     <span class='ocr_line' id='line_1_68' title="bbox 1916 3190 3495 3258; baseline -0.002 -16"><span class='ocrx_word' id='word_1_479' title='bbox 1916 3190 2250 3257; x_wconf 80' lang='lat' dir='ltr'><strong>Diophantus</strong></span> <span class='ocrx_word' id='word_1_480' title='bbox 2274 3190 2392 3244; x_wconf 89' lang='lat' dir='ltr'><strong>fuit.</strong></span> <span class='ocrx_word' id='word_1_481' title='bbox 2432 3192 2501 3243; x_wconf 82' lang='lat' dir='ltr'><strong>At</strong></span> <span class='ocrx_word' id='word_1_482' title='bbox 2532 3190 2818 3244; x_wconf 87' lang='lat' dir='ltr'><strong>Samiades</strong></span> <span class='ocrx_word' id='word_1_483' title='bbox 2833 3191 2973 3258; x_wconf 91' lang='lat' dir='ltr'><strong>quod</strong></span> <span class='ocrx_word' id='word_1_484' title='bbox 3004 3190 3176 3243; x_wconf 88' lang='lat' dir='ltr'><strong>amori</strong></span> <span class='ocrx_word' id='word_1_485' title='bbox 3206 3190 3495 3258; x_wconf 72' lang='lat' dir='ltr'><strong>primoque</strong></span> 
     </span>
    </p>
   </div>
   <div class='ocr_carea' id='block_1_69' title="bbox 1920 3281 3493 3348">
    <p class='ocr_par' dir='ltr' id='par_1_69' title="bbox 1920 3281 3493 3348">
     <span class='ocr_line' id='line_1_69' title="bbox 1920 3281 3493 3348; baseline -0.001 -14"><span class='ocrx_word' id='word_1_486' title='bbox 1920 3283 2263 3337; x_wconf 76' lang='lat' dir='ltr'><strong>matrimonio</strong></span> <span class='ocrx_word' id='word_1_487' title='bbox 2310 3282 2609 3342; x_wconf 86' lang='lat' dir='ltr'><strong>serviisset,</strong></span> <span class='ocrx_word' id='word_1_488' title='bbox 2660 3281 2882 3348; x_wconf 82' lang='lat' dir='ltr'><strong>pudore,</strong></span> <span class='ocrx_word' id='word_1_489' title='bbox 2911 3291 2967 3335; x_wconf 87' lang='lat' dir='ltr'>et</span> <span class='ocrx_word' id='word_1_490' title='bbox 3000 3291 3193 3336; x_wconf 85' lang='lat' dir='ltr'><strong>contra</strong></span> <span class='ocrx_word' id='word_1_491' title='bbox 3236 3291 3493 3333; x_wconf 88' lang='lat' dir='ltr'><strong>naturam</strong></span> 
     </span>
    </p>
   </div>
   <div class='ocr_carea' id='block_1_70' title="bbox 1915 3371 3495 3441">
    <p class='ocr_par' dir='ltr' id='par_1_70' title="bbox 1915 3371 3495 3441">
     <span class='ocr_line' id='line_1_70' title="bbox 1915 3371 3495 3441; baseline 0.001 -18"><span class='ocrx_word' id='word_1_492' title='bbox 1915 3373 2108 3441; x_wconf 75' lang='lat' dir='ltr'>378b</span> <span class='ocrx_word' id='word_1_493' title='bbox 2145 3375 2347 3441; x_wconf 87' lang='lat' dir='ltr'><strong>nuptiis</strong></span> <span class='ocrx_word' id='word_1_494' title='bbox 2397 3372 2547 3426; x_wconf 90' lang='lat' dir='ltr'><strong>initis</strong></span> <span class='ocrx_word' id='word_1_495' title='bbox 2568 3371 2877 3433; x_wconf 83' lang='lat' dir='ltr'><strong>alllictatus,</strong></span> <span class='ocrx_word' id='word_1_496' title='bbox 2933 3371 3495 3440; x_wconf 59' lang='lat' dir='ltr'><strong>Diophanturnhare-</strong></span> 
     </span>
    </p>
   </div>
   <div class='ocr_carea' id='block_1_71' title="bbox 1914 3465 3494 3534">
    <p class='ocr_par' dir='ltr' id='par_1_71' title="bbox 1914 3465 3494 3534">
     <span class='ocr_line' id='line_1_71' title="bbox 1914 3465 3494 3534; baseline -0.001 -16"><span class='ocrx_word' id='word_1_497' title='bbox 1914 3470 2035 3519; x_wconf 86' lang='lat' dir='ltr'>dem</span> <span class='ocrx_word' id='word_1_498' title='bbox 2082 3467 2347 3520; x_wconf 90' lang='lat' dir='ltr'><strong>bonorum</strong></span> <span class='ocrx_word' id='word_1_499' title='bbox 2392 3481 2613 3521; x_wconf 90' lang='lat' dir='ltr'><strong>suorum</strong></span> <span class='ocrx_word' id='word_1_500' title='bbox 2655 3465 2899 3533; x_wconf 88' lang='lat' dir='ltr'><strong>scripsit,</strong></span> <span class='ocrx_word' id='word_1_501' title='bbox 2947 3475 3003 3519; x_wconf 90' lang='lat' dir='ltr'>et</span> <span class='ocrx_word' id='word_1_502' title='bbox 3041 3466 3144 3520; x_wconf 88' lang='lat' dir='ltr'><strong>sibi</strong></span> <span class='ocrx_word' id='word_1_503' title='bbox 3176 3466 3274 3534; x_wconf 89' lang='lat' dir='ltr'><strong>ipsi</strong></span> <span class='ocrx_word' id='word_1_504' title='bbox 3324 3465 3494 3519; x_wconf 81' lang='lat' dir='ltr'><strong>vitam</strong></span> 
     </span>
    </p>
   </div>
   <div class='ocr_carea' id='block_1_72' title="bbox 1911 3556 3498 3629">
    <p class='ocr_par' dir='ltr' id='par_1_72' title="bbox 1911 3556 3498 3629">
     <span class='ocr_line' id='line_1_72' title="bbox 1911 3556 3498 3629; baseline 0 -18"><span class='ocrx_word' id='word_1_505' title='bbox 1911 3561 2131 3629; x_wconf 87' lang='lat' dir='ltr'><strong>eripuit.</strong></span> <span class='ocrx_word' id='word_1_506' title='bbox 2178 3560 2309 3614; x_wconf 79' lang='lat' dir='ltr'><strong>Vide</strong></span> <span class='ocrx_word' id='word_1_507' title='bbox 2337 3557 2608 3627; x_wconf 88' lang='lat' dir='ltr'><strong>quomodo</strong></span> <span class='ocrx_word' id='word_1_508' title='bbox 2649 3556 2853 3611; x_wconf 88' lang='lat' dir='ltr'><strong>femina</strong></span> <span class='ocrx_word' id='word_1_509' title='bbox 2905 3559 3115 3612; x_wconf 80' lang='lat' dir='ltr'><strong>virilem</strong></span> <span class='ocrx_word' id='word_1_510' title='bbox 3170 3560 3413 3613; x_wconf 89' lang='lat' dir='ltr'><strong>animum</strong></span> <span class='ocrx_word' id='word_1_511' title='bbox 3440 3572 3498 3612; x_wconf 83' lang='lat' dir='ltr'><strong>et</strong></span> 
     </span>
    </p>
   </div>
   <div class='ocr_carea' id='block_1_73' title="bbox 1908 3650 3493 3716">
    <p class='ocr_par' dir='ltr' id='par_1_73' title="bbox 1908 3650 3493 3716">
     <span class='ocr_line' id='line_1_73' title="bbox 1908 3650 3493 3716; baseline -0.001 -9"><span class='ocrx_word' id='word_1_512' title='bbox 1908 3657 2188 3707; x_wconf 80' lang='lat' dir='ltr'><strong>audaciam</strong></span> <span class='ocrx_word' id='word_1_513' title='bbox 2233 3664 2491 3716; x_wconf 78' lang='lat' dir='ltr'><strong>assumat,</strong></span> <span class='ocrx_word' id='word_1_514' title='bbox 2522 3661 2579 3704; x_wconf 92' lang='lat' dir='ltr'>et</span> <span class='ocrx_word' id='word_1_515' title='bbox 2635 3652 2713 3703; x_wconf 88' lang='lat' dir='ltr'>vir</span> <span class='ocrx_word' id='word_1_516' title='bbox 2765 3650 2961 3704; x_wconf 88' lang='lat' dir='ltr'><strong>femina</strong></span> <span class='ocrx_word' id='word_1_517' title='bbox 3009 3651 3103 3704; x_wconf 88' lang='lat' dir='ltr'><strong>fiat</strong></span> <span class='ocrx_word' id='word_1_518' title='bbox 3154 3651 3493 3706; x_wconf 81' lang='lat' dir='ltr'><strong>imbecilliOr.</strong></span> 
     </span>
    </p>
   </div>
   <div class='ocr_carea' id='block_1_74' title="bbox 217 3738 3497 3824">
    <p class='ocr_par' dir='ltr' id='par_1_74' title="bbox 217 3738 3497 3824">
     <span class='ocr_line' id='line_1_74' title="bbox 217 3738 3497 3824; baseline 0.002 -31"><span class='ocrx_word' id='word_1_519' title='bbox 217 3756 351 3809; x_wconf 84' lang='grc' dir='ltr'>νητο</span> <span class='ocrx_word' id='word_1_520' title='bbox 367 3743 432 3806; x_wconf 75' lang='grc'>⁵³,</span> <span class='ocrx_word' id='word_1_521' title='bbox 471 3744 536 3795; x_wconf 89' lang='grc' dir='ltr'>δι’</span> <span class='ocrx_word' id='word_1_522' title='bbox 560 3738 635 3797; x_wconf 80' lang='grc' dir='ltr'>ὧν</span> <span class='ocrx_word' id='word_1_523' title='bbox 664 3747 985 3810; x_wconf 82' lang='grc' dir='ltr'>ὲξωδεύοντο</span> <span class='ocrx_word' id='word_1_524' title='bbox 1010 3751 1077 3803; x_wconf 75' lang='grc' dir='ltr'>τὰ</span> <span class='ocrx_word' id='word_1_525' title='bbox 1117 3753 1505 3822; x_wconf 82' lang='grc' dir='ltr'>περιττώματα</span> <span class='ocrx_word' id='word_1_526' title='bbox 1529 3772 1541 3784; x_wconf 94' lang='grc'>·</span> <span class='ocrx_word' id='word_1_527' title='bbox 1591 3756 1781 3824; x_wconf 81' lang='grc' dir='ltr'>διόπερ</span> <span class='ocrx_word' id='word_1_528' title='bbox 1818 3756 1908 3808; x_wconf 77' lang='grc' dir='ltr'>τὸν</span> <span class='ocrx_word' id='word_1_529' title='bbox 1946 3753 2529 3824; x_wconf 81' lang='grc' dir='ltr'>προσεσυριγγωμένυν</span> <span class='ocrx_word' id='word_1_530' title='bbox 2580 3748 2742 3799; x_wconf 81' lang='grc' dir='ltr'>τόπον</span> <span class='ocrx_word' id='word_1_531' title='bbox 2772 3746 3115 3810; x_wconf 81' lang='grc' dir='ltr'>ὲλκὼσαντας</span> <span class='ocrx_word' id='word_1_532' title='bbox 3191 3748 3300 3802; x_wconf 85' lang='grc' dir='ltr'>δεῖν</span> <span class='ocrx_word' id='word_1_533' title='bbox 3362 3765 3497 3800; x_wconf 85' lang='grc' dir='ltr'>κατ-</span> 
     </span>
    </p>
   </div>
   <div class='ocr_carea' id='block_1_75' title="bbox 216 3838 3495 3919">
    <p class='ocr_par' dir='ltr' id='par_1_75' title="bbox 216 3838 3495 3919">
     <span class='ocr_line' id='line_1_75' title="bbox 216 3838 3495 3919; baseline 0.002 -30"><span class='ocrx_word' id='word_1_534' title='bbox 216 3838 492 3902; x_wconf 76' lang='grc' dir='ltr'>ουλῶσαι,</span> <span class='ocrx_word' id='word_1_535' title='bbox 523 3841 618 3910; x_wconf 80' lang='grc' dir='ltr'>τὴν</span> <span class='ocrx_word' id='word_1_536' title='bbox 650 3843 703 3895; x_wconf 81' lang='grc' dir='ltr'>δὲ</span> <span class='ocrx_word' id='word_1_537' title='bbox 745 3844 938 3913; x_wconf 85' lang='grc' dir='ltr'>ἀνδρὸς</span> <span class='ocrx_word' id='word_1_538' title='bbox 977 3846 1138 3914; x_wconf 79' lang='grc' dir='ltr'>φύσιν</span> <span class='ocrx_word' id='word_1_539' title='bbox 1168 3847 1435 3919; x_wconf 77' lang='grc' dir='ltr'>εὔκοσμον</span> <span class='ocrx_word' id='word_1_540' title='bbox 1468 3852 1803 3919; x_wconf 80' lang='grc' dir='ltr'>ποιήσαντας</span> <span class='ocrx_word' id='word_1_541' title='bbox 1844 3855 1940 3905; x_wconf 76' lang='grc' dir='ltr'>σὺν</span> <span class='ocrx_word' id='word_1_542' title='bbox 1970 3848 2287 3917; x_wconf 74' lang='grc' dir='ltr'>ἐνδεχομένη</span> <span class='ocrx_word' id='word_1_543' title='bbox 2340 3846 2485 3909; x_wconf 83' lang='grc' dir='ltr'>δόξαι</span> <span class='ocrx_word' id='word_1_544' title='bbox 2523 3844 2823 3914; x_wconf 69' lang='grc' dir='ltr'>κεχρῆσθαι</span> <span class='ocrx_word' id='word_1_545' title='bbox 2841 3846 2884 3875; x_wconf 74' lang='grc'>⁸⁸</span> <span class='ocrx_word' id='word_1_546' title='bbox 2918 3844 3203 3915; x_wconf 72' lang='grc' dir='ltr'>θεραπεια.</span> <span class='ocrx_word' id='word_1_547' title='bbox 3272 3846 3384 3917; x_wconf 81' lang='grc' dir='ltr'>Τὴν</span> <span class='ocrx_word' id='word_1_548' title='bbox 3449 3845 3495 3897; x_wconf 76' lang='grc' dir='ltr'>δ’</span> 
     </span>
    </p>
   </div>
   <div class='ocr_carea' id='block_1_76' title="bbox 228 3932 3495 4012">
    <p class='ocr_par' dir='ltr' id='par_1_76' title="bbox 228 3932 3495 4012">
     <span class='ocr_line' id='line_1_76' title="bbox 228 3932 3495 4012; baseline 0.006 -28"><span class='ocrx_word' id='word_1_549' title='bbox 228 3932 457 4001; x_wconf 77' lang='grc' dir='ltr'>ἹΙραῖδα</span> <span class='ocrx_word' id='word_1_550' title='bbox 501 3942 994 4007; x_wconf 83' lang='grc' dir='ltr'>μετονομασθεῖσαν</span> <span class='ocrx_word' id='word_1_551' title='bbox 1027 3944 1318 4010; x_wconf 74' lang='grc' dir='ltr'>Διόφαντον</span> <span class='ocrx_word' id='word_1_552' title='bbox 1352 3947 1431 4007; x_wconf 89' lang='grc' dir='ltr'>εἰς</span> <span class='ocrx_word' id='word_1_553' title='bbox 1491 3946 1617 4008; x_wconf 86' lang='grc' dir='ltr'>τοὺς</span> <span class='ocrx_word' id='word_1_554' title='bbox 1688 3948 1869 4010; x_wconf 82' lang='grc' dir='ltr'>ἰππεῖς</span> <span class='ocrx_word' id='word_1_555' title='bbox 1912 3944 2329 4012; x_wconf 75' lang='grc' dir='ltr'>καταλεχθῆναι.</span> <span class='ocrx_word' id='word_1_556' title='bbox 2373 3942 2467 3993; x_wconf 72' lang='grc' dir='ltr'>καὶ</span> <span class='ocrx_word' id='word_1_557' title='bbox 2509 3941 2606 3992; x_wconf 73' lang='grc' dir='ltr'>σὺν</span> <span class='ocrx_word' id='word_1_558' title='bbox 2653 3941 2730 4009; x_wconf 81' lang='grc' dir='ltr'>τῷ</span> <span class='ocrx_word' id='word_1_559' title='bbox 2780 3940 2989 4009; x_wconf 82' lang='grc' dir='ltr'>βασιλεῖ</span> <span class='ocrx_word' id='word_1_560' title='bbox 3038 3943 3495 4012; x_wconf 68' lang='grc' dir='ltr'>παραταξάμενοι</span> 
     </span>
    </p>
   </div>
   <div class='ocr_carea' id='block_1_77' title="bbox 214 4027 3493 4107">
    <p class='ocr_par' dir='ltr' id='par_1_77' title="bbox 214 4027 3493 4107">
     <span class='ocr_line' id='line_1_77' title="bbox 214 4027 3493 4107; baseline 0.003 -30"><span class='ocrx_word' id='word_1_561' title='bbox 214 4028 296 4087; x_wconf 79' lang='grc' dir='ltr'>εἰς</span> <span class='ocrx_word' id='word_1_562' title='bbox 327 4027 425 4088; x_wconf 73' lang='grc' dir='ltr'>τὰς</span> <span class='ocrx_word' id='word_1_563' title='bbox 464 4028 631 4089; x_wconf 76' lang='grc' dir='ltr'>’Ἄϐας</span> <span class='ocrx_word' id='word_1_564' title='bbox 666 4034 1137 4102; x_wconf 80' lang='grc' dir='ltr'>συναναχωρῆσαι.</span> <span class='ocrx_word' id='word_1_565' title='bbox 1172 4035 1261 4087; x_wconf 87' lang='grc' dir='ltr'>Διὸ</span> <span class='ocrx_word' id='word_1_566' title='bbox 1289 4036 1382 4088; x_wconf 67' lang='grc' dir='ltr'>καὶ</span> <span class='ocrx_word' id='word_1_567' title='bbox 1410 4037 1499 4089; x_wconf 80' lang='grc' dir='ltr'>τὸν</span> <span class='ocrx_word' id='word_1_568' title='bbox 1526 4038 1790 4107; x_wconf 90' lang='grc' dir='ltr'>πρότερον</span> <span class='ocrx_word' id='word_1_569' title='bbox 1844 4038 2203 4107; x_wconf 70' lang='grc' dir='ltr'>ἀγνοούμενον</span> <span class='ocrx_word' id='word_1_570' title='bbox 2246 4033 2491 4103; x_wconf 80' lang='grc' dir='ltr'>χρησμὸν</span> <span class='ocrx_word' id='word_1_571' title='bbox 2538 4032 2658 4084; x_wconf 81' lang='grc' dir='ltr'>τότε</span> <span class='ocrx_word' id='word_1_572' title='bbox 2729 4032 3032 4101; x_wconf 84' lang='grc' dir='ltr'>γνωσθῆναι</span> <span class='ocrx_word' id='word_1_573' title='bbox 3076 4036 3334 4100; x_wconf 77' lang='grc' dir='ltr'>φανέντος</span> <span class='ocrx_word' id='word_1_574' title='bbox 3397 4038 3493 4088; x_wconf 74' lang='grc' dir='ltr'>τοῦ</span> 
     </span>
    </p>
   </div>
   <div class='ocr_carea' id='block_1_78' title="bbox 216 4120 3495 4197">
    <p class='ocr_par' dir='ltr' id='par_1_78' title="bbox 216 4120 3495 4197">
     <span class='ocr_line' id='line_1_78' title="bbox 216 4120 3495 4197; baseline 0.004 -28"><span class='ocrx_word' id='word_1_575' title='bbox 216 4120 484 4191; x_wconf 70' lang='grc' dir='ltr'>βασιλέως</span> <span class='ocrx_word' id='word_1_576' title='bbox 516 4123 573 4172; x_wconf 85' lang='grc' dir='ltr'>ἐν</span> <span class='ocrx_word' id='word_1_577' title='bbox 598 4123 718 4182; x_wconf 89' lang='grc' dir='ltr'>ταῖς</span> <span class='ocrx_word' id='word_1_578' title='bbox 785 4123 1004 4186; x_wconf 69' lang='grc' dir='ltr'>Ἄϐαις,</span> <span class='ocrx_word' id='word_1_579' title='bbox 1073 4126 1195 4177; x_wconf 78' lang='grc' dir='ltr'>καθ’</span> <span class='ocrx_word' id='word_1_580' title='bbox 1221 4126 1278 4177; x_wconf 78' lang='grc' dir='ltr'>ὃν</span> <span class='ocrx_word' id='word_1_581' title='bbox 1327 4126 1489 4180; x_wconf 85' lang='grc' dir='ltr'>τόπον</span> <span class='ocrx_word' id='word_1_582' title='bbox 1542 4129 1570 4179; x_wconf 86' lang='grc' dir='ltr'>ὁ</span> <span class='ocrx_word' id='word_1_583' title='bbox 1612 4128 1874 4197; x_wconf 71' lang='grc' dir='ltr'>δίμορφος</span> <span class='ocrx_word' id='word_1_584' title='bbox 1915 4126 2281 4197; x_wconf 80' lang='grc' dir='ltr'>ἐγεγένητο⁶⁷.</span> <span class='ocrx_word' id='word_1_585' title='bbox 2314 4126 2419 4175; x_wconf 82' lang='grc' dir='ltr'>Τὸν</span> <span class='ocrx_word' id='word_1_586' title='bbox 2461 4124 2519 4175; x_wconf 78' lang='grc' dir='ltr'>δὲ</span> <span class='ocrx_word' id='word_1_587' title='bbox 2550 4123 2828 4193; x_wconf 83' lang='grc' dir='ltr'>Σαμιάδην</span> <span class='ocrx_word' id='word_1_588' title='bbox 2874 4122 3144 4190; x_wconf 77' lang='grc' dir='ltr'>λέγουσιν,</span> <span class='ocrx_word' id='word_1_589' title='bbox 3190 4126 3353 4194; x_wconf 78' lang='grc' dir='ltr'>ἔρωτι</span> <span class='ocrx_word' id='word_1_590' title='bbox 3401 4135 3495 4181; x_wconf 83' lang='grc' dir='ltr'>καί</span> 
     </span>
    </p>
   </div>
   <div class='ocr_carea' id='block_1_79' title="bbox 212 4218 3494 4294">
    <p class='ocr_par' dir='ltr' id='par_1_79' title="bbox 212 4218 3494 4294">
     <span class='ocr_line' id='line_1_79' title="bbox 212 4218 3494 4294; baseline 0.002 -27"><span class='ocrx_word' id='word_1_591' title='bbox 212 4220 281 4285; x_wconf 78' lang='grc' dir='ltr'>τῇ</span> <span class='ocrx_word' id='word_1_592' title='bbox 336 4218 783 4287; x_wconf 78' lang='grc' dir='ltr'>προγεγενημένῃ</span> <span class='ocrx_word' id='word_1_593' title='bbox 832 4218 1089 4288; x_wconf 73' lang='grc' dir='ltr'>συνηθείᾳ</span> <span class='ocrx_word' id='word_1_594' title='bbox 1121 4219 1532 4289; x_wconf 73' lang='grc' dir='ltr'>δεδουλωμένον,</span> <span class='ocrx_word' id='word_1_595' title='bbox 1560 4223 1792 4294; x_wconf 82' lang='grc' dir='ltr'>αἰσχύνῃ</span> <span class='ocrx_word' id='word_1_596' title='bbox 1830 4241 1890 4276; x_wconf 92' lang='grc' dir='ltr'>τε</span> <span class='ocrx_word' id='word_1_597' title='bbox 1919 4222 2011 4274; x_wconf 79' lang='grc' dir='ltr'>τοῦ</span> <span class='ocrx_word' id='word_1_598' title='bbox 2046 4225 2197 4292; x_wconf 75' lang='grc' dir='ltr'>παρα</span> <span class='ocrx_word' id='word_1_599' title='bbox 2246 4224 2404 4289; x_wconf 73' lang='grc' dir='ltr'>φύσιν</span> <span class='ocrx_word' id='word_1_600' title='bbox 2434 4220 2610 4286; x_wconf 86' lang='grc' dir='ltr'>γάμου</span> <span class='ocrx_word' id='word_1_601' title='bbox 2645 4220 3031 4288; x_wconf 89' lang='grc' dir='ltr'>συνεχόμενον,</span> <span class='ocrx_word' id='word_1_602' title='bbox 3066 4219 3168 4286; x_wconf 88' lang='grc' dir='ltr'>τῆς</span> <span class='ocrx_word' id='word_1_603' title='bbox 3238 4220 3339 4287; x_wconf 82' lang='grc' dir='ltr'>μὲν</span> <span class='ocrx_word' id='word_1_604' title='bbox 3400 4225 3494 4274; x_wconf 80' lang='grc' dir='ltr'>ού·</span> 
     </span>
    </p>
   </div>
   <div class='ocr_carea' id='block_1_80' title="bbox 214 4307 3492 4385">
    <p class='ocr_par' dir='ltr' id='par_1_80' title="bbox 214 4307 3492 4385">
     <span class='ocr_line' id='line_1_80' title="bbox 214 4307 3492 4385; baseline 0.002 -27"><span class='ocrx_word' id='word_1_605' title='bbox 214 4307 341 4370; x_wconf 83' lang='grc' dir='ltr'>σίας</span> <span class='ocrx_word' id='word_1_606' title='bbox 386 4310 477 4361; x_wconf 82' lang='grc' dir='ltr'>τὸν</span> <span class='ocrx_word' id='word_1_607' title='bbox 523 4312 815 4379; x_wconf 79' lang='grc' dir='ltr'>Διόφαντον</span> <span class='ocrx_word' id='word_1_608' title='bbox 863 4312 1135 4375; x_wconf 82' lang='grc' dir='ltr'>ἀναδεῖξαι</span> <span class='ocrx_word' id='word_1_609' title='bbox 1164 4312 1399 4385; x_wconf 75' lang='grc' dir='ltr'>διαθήκῃ</span> <span class='ocrx_word' id='word_1_610' title='bbox 1428 4314 1781 4384; x_wconf 88' lang='grc' dir='ltr'>κληρονόμον,</span> <span class='ocrx_word' id='word_1_611' title='bbox 1821 4315 2013 4369; x_wconf 79' lang='grc' dir='ltr'>ἑαυτὸν</span> <span class='ocrx_word' id='word_1_612' title='bbox 2044 4316 2100 4367; x_wconf 80' lang='grc' dir='ltr'>δὲ</span> <span class='ocrx_word' id='word_1_613' title='bbox 2127 4314 2222 4366; x_wconf 77' lang='grc' dir='ltr'>τοῦ</span> <span class='ocrx_word' id='word_1_614' title='bbox 2245 4314 2342 4383; x_wconf 74' lang='grc' dir='ltr'>ζῇν</span> <span class='ocrx_word' id='word_1_615' title='bbox 2394 4310 2753 4380; x_wconf 80' lang='grc' dir='ltr'>μεταστῆσαι,</span> <span class='ocrx_word' id='word_1_616' title='bbox 2785 4310 2925 4363; x_wconf 80' lang='grc' dir='ltr'>ὥστε</span> <span class='ocrx_word' id='word_1_617' title='bbox 2945 4310 3037 4380; x_wconf 56' lang='grc' dir='ltr'>τὴι⁵</span> <span class='ocrx_word' id='word_1_618' title='bbox 3104 4312 3205 4379; x_wconf 88' lang='grc' dir='ltr'>μὲν</span> <span class='ocrx_word' id='word_1_619' title='bbox 3262 4315 3492 4377; x_wconf 81' lang='grc' dir='ltr'>γυναῖκα</span> 
     </span>
    </p>
   </div>
   <div class='ocr_carea' id='block_1_81' title="bbox 211 4402 3489 4475">
    <p class='ocr_par' dir='ltr' id='par_1_81' title="bbox 211 4402 3489 4475">
     <span class='ocr_line' id='line_1_81' title="bbox 211 4402 3489 4475; baseline 0.002 -23"><span class='ocrx_word' id='word_1_620' title='bbox 211 4404 591 4472; x_wconf 75' lang='grc' dir='ltr'>γεγενημένην</span> <span class='ocrx_word' id='word_1_621' title='bbox 636 4403 827 4472; x_wconf 71' lang='grc' dir='ltr'>ἀνδρὸς</span> <span class='ocrx_word' id='word_1_622' title='bbox 876 4403 1164 4456; x_wconf 87' lang='grc' dir='ltr'>ἀναλαϐεῖν</span> <span class='ocrx_word' id='word_1_623' title='bbox 1220 4405 1377 4468; x_wconf 79' lang='grc' dir='ltr'>δόξαν</span> <span class='ocrx_word' id='word_1_624' title='bbox 1438 4407 1531 4457; x_wconf 78' lang='grc' dir='ltr'>καὶ</span> <span class='ocrx_word' id='word_1_625' title='bbox 1597 4406 1802 4475; x_wconf 86' lang='grc' dir='ltr'>τόλμαν</span> <span class='ocrx_word' id='word_1_626' title='bbox 1824 4408 1888 4470; x_wconf 79' lang='grc'>⁸⁸,</span> <span class='ocrx_word' id='word_1_627' title='bbox 1929 4408 2018 4458; x_wconf 81' lang='grc' dir='ltr'>τὸν</span> <span class='ocrx_word' id='word_1_628' title='bbox 2056 4407 2099 4458; x_wconf 81' lang='grc' dir='ltr'>δ’</span> <span class='ocrx_word' id='word_1_629' title='bbox 2138 4405 2306 4475; x_wconf 79' lang='grc' dir='ltr'>ἄνδρα</span> <span class='ocrx_word' id='word_1_630' title='bbox 2344 4404 2659 4471; x_wconf 85' lang='grc' dir='ltr'>γυναικείας</span> <span class='ocrx_word' id='word_1_631' title='bbox 2691 4402 2873 4472; x_wconf 73' lang='grc' dir='ltr'>ψυχῆς</span> <span class='ocrx_word' id='word_1_632' title='bbox 2909 4403 3294 4473; x_wconf 77' lang='grc' dir='ltr'>ἀσθενέστερον</span> <span class='ocrx_word' id='word_1_633' title='bbox 3332 4410 3489 4473; x_wconf 75' lang='grc' dir='ltr'>γενέ-</span> 
     </span>
    </p>
   </div>
   <div class='ocr_carea' id='block_1_82' title="bbox 213 4493 366 4550">
    <p class='ocr_par' dir='ltr' id='par_1_82' title="bbox 213 4493 366 4550">
     <span class='ocr_line' id='line_1_82' title="bbox 213 4493 366 4550; baseline 0.046 -7"><span class='ocrx_word' id='word_1_634' title='bbox 213 4493 339 4548; x_wconf 75' lang='grc' dir='ltr'>σθαξ</span> <span class='ocrx_word' id='word_1_635' title='bbox 351 4538 366 4550; x_wconf 89' lang='grc'><strong>.</strong></span> 
     </span>
    </p>
   </div>
   <div class='ocr_carea' id='block_1_83' title="bbox 289 4580 1806 4658">
    <p class='ocr_par' dir='ltr' id='par_1_83' title="bbox 289 4585 1806 4658">
     <span class='ocr_line' id='line_1_83' title="bbox 289 4585 1806 4658; baseline 0.004 -22"><span class='ocrx_word' id='word_1_636' title='bbox 289 4585 657 4652; x_wconf 82' lang='grc' dir='ltr'>Παραπλησία</span> <span class='ocrx_word' id='word_1_637' title='bbox 701 4586 756 4638; x_wconf 81' lang='grc' dir='ltr'>δὲ</span> <span class='ocrx_word' id='word_1_638' title='bbox 815 4586 986 4657; x_wconf 79' lang='grc' dir='ltr'>ταύτῃ</span> <span class='ocrx_word' id='word_1_639' title='bbox 1036 4589 1099 4656; x_wconf 78' lang='grc' dir='ltr'>τῇ</span> <span class='ocrx_word' id='word_1_640' title='bbox 1153 4587 1390 4639; x_wconf 84' lang='grc' dir='ltr'>διαθέσει</span> <span class='ocrx_word' id='word_1_641' title='bbox 1448 4589 1806 4658; x_wconf 83' lang='grc' dir='ltr'>συνετελέσθη</span> 
     </span>
    </p>
   </div>
   <div class='ocr_carea' id='block_1_84' title="bbox 1906 4580 3483 4658">
    <p class='ocr_par' dir='ltr' id='par_1_84' title="bbox 1986 4580 3483 4653">
     <span class='ocr_line' id='line_1_84' title="bbox 1986 4580 3483 4653; baseline 0.002 -18"><span class='ocrx_word' id='word_1_642' title='bbox 1986 4584 2172 4637; x_wconf 91' lang='lat' dir='ltr'><strong>Simile</strong></span> <span class='ocrx_word' id='word_1_643' title='bbox 2213 4580 2379 4649; x_wconf 78' lang='lat' dir='ltr'><strong>priori</strong></span> <span class='ocrx_word' id='word_1_644' title='bbox 2438 4581 2655 4649; x_wconf 83' lang='lat' dir='ltr'><strong>triginta</strong></span> <span class='ocrx_word' id='word_1_645' title='bbox 2696 4590 2817 4646; x_wconf 91' lang='lat' dir='ltr'><strong>post</strong></span> <span class='ocrx_word' id='word_1_646' title='bbox 2859 4596 3031 4635; x_wconf 88' lang='lat' dir='ltr'><strong>annos</strong></span> <span class='ocrx_word' id='word_1_647' title='bbox 3090 4582 3147 4635; x_wconf 85' lang='lat' dir='ltr'>in</span> <span class='ocrx_word' id='word_1_648' title='bbox 3204 4582 3483 4653; x_wconf 83' lang='lat' dir='ltr'><strong>Epidauro</strong></span> 
     </span>
    </p>
   </div>
   <div class='ocr_carea' id='block_1_85' title="bbox 211 4671 1806 4749">
    <p class='ocr_par' dir='ltr' id='par_1_85' title="bbox 211 4677 1801 4749">
     <span class='ocr_line' id='line_1_85' title="bbox 211 4677 1801 4749; baseline 0.002 -21"><span class='ocrx_word' id='word_1_649' title='bbox 211 4680 540 4747; x_wconf 82' lang='grc' dir='ltr'>περιπέτεια</span> <span class='ocrx_word' id='word_1_650' title='bbox 568 4678 861 4745; x_wconf 76' lang='grc' dir='ltr'>τριάκοντα</span> <span class='ocrx_word' id='word_1_651' title='bbox 884 4678 1059 4728; x_wconf 81' lang='grc' dir='ltr'>ἔτεσιν</span> <span class='ocrx_word' id='word_1_652' title='bbox 1091 4677 1215 4729; x_wconf 76' lang='grc' dir='ltr'>’ύστε</span> <span class='ocrx_word' id='word_1_653' title='bbox 1229 4696 1318 4745; x_wconf 91' lang='grc' dir='ltr'>ρον</span> <span class='ocrx_word' id='word_1_654' title='bbox 1344 4682 1401 4731; x_wconf 80' lang='grc' dir='ltr'>ἐν</span> <span class='ocrx_word' id='word_1_655' title='bbox 1423 4682 1489 4749; x_wconf 83' lang='grc' dir='ltr'>τῇ</span> <span class='ocrx_word' id='word_1_656' title='bbox 1519 4679 1668 4731; x_wconf 83' lang='grc' dir='ltr'>πόλει</span> <span class='ocrx_word' id='word_1_657' title='bbox 1691 4680 1801 4731; x_wconf 91' lang='grc' dir='ltr'>τῶν</span> 
     </span>
    </p>
   </div>
   <div class='ocr_carea' id='block_1_86' title="bbox 1906 4671 3481 4749">
    <p class='ocr_par' dir='ltr' id='par_1_86' title="bbox 1910 4671 3481 4745">
     <span class='ocr_line' id='line_1_86' title="bbox 1910 4671 3481 4745; baseline 0 -16"><span class='ocrx_word' id='word_1_658' title='bbox 1910 4676 2214 4745; x_wconf 82' lang='lat' dir='ltr'><strong>prodigium</strong></span> <span class='ocrx_word' id='word_1_659' title='bbox 2257 4672 2505 4741; x_wconf 82' lang='lat' dir='ltr'><strong>contigit.</strong></span> <span class='ocrx_word' id='word_1_660' title='bbox 2544 4672 2706 4725; x_wconf 85' lang='lat' dir='ltr'><strong>Kallo</strong></span> <span class='ocrx_word' id='word_1_661' title='bbox 2749 4671 2993 4737; x_wconf 66' lang='lat' dir='ltr'><strong>quietiam</strong></span> <span class='ocrx_word' id='word_1_662' title='bbox 3031 4672 3134 4727; x_wconf 91' lang='lat' dir='ltr'><strong>fuit</strong></span> <span class='ocrx_word' id='word_1_663' title='bbox 3185 4673 3481 4744; x_wconf 75' lang='lat' dir='ltr'><strong>Epidauria</strong></span> 
     </span>
    </p>
   </div>
   <div class='ocr_carea' id='block_1_87' title="bbox 225 4765 1799 4839">
    <p class='ocr_par' dir='ltr' id='par_1_87' title="bbox 225 4765 1799 4839">
     <span class='ocr_line' id='line_1_87' title="bbox 225 4765 1799 4839; baseline 0.001 -18"><span class='ocrx_word' id='word_1_664' title='bbox 225 4765 721 4837; x_wconf 79' lang='grc' dir='ltr'>Ἐπιδαυρίων.ἾΙν</span> <span class='ocrx_word' id='word_1_665' title='bbox 749 4768 855 4836; x_wconf 82' lang='grc' dir='ltr'>γάρ</span> <span class='ocrx_word' id='word_1_666' title='bbox 888 4786 971 4831; x_wconf 91' lang='grc' dir='ltr'>τις</span> <span class='ocrx_word' id='word_1_667' title='bbox 1006 4770 1345 4839; x_wconf 83' lang='grc' dir='ltr'>Ἐπιδαυρία,</span> <span class='ocrx_word' id='word_1_668' title='bbox 1380 4771 1515 4839; x_wconf 87' lang='grc' dir='ltr'>κόρη</span> <span class='ocrx_word' id='word_1_669' title='bbox 1540 4773 1638 4839; x_wconf 85' lang='grc' dir='ltr'>μὲν</span> <span class='ocrx_word' id='word_1_670' title='bbox 1660 4766 1799 4823; x_wconf 74' lang='grc' dir='ltr'>εἶναι</span> 
     </span>
    </p>
   </div>
   <div class='ocr_carea' id='block_1_88' title="bbox 208 4858 1797 4929">
    <p class='ocr_par' dir='ltr' id='par_1_88' title="bbox 208 4858 1797 4929">
     <span class='ocr_line' id='line_1_88' title="bbox 208 4858 1797 4929; baseline 0.001 -20"><span class='ocrx_word' id='word_1_671' title='bbox 208 4858 466 4921; x_wconf 80' lang='grc' dir='ltr'>δοκοῦσα,</span> <span class='ocrx_word' id='word_1_672' title='bbox 504 4858 705 4925; x_wconf 81' lang='grc' dir='ltr'>γονέων</span> <span class='ocrx_word' id='word_1_673' title='bbox 735 4858 789 4909; x_wconf 81' lang='grc' dir='ltr'>δὲ</span> <span class='ocrx_word' id='word_1_674' title='bbox 820 4858 1051 4926; x_wconf 77' lang='grc' dir='ltr'>ὀρφανὴ,</span> <span class='ocrx_word' id='word_1_675' title='bbox 1086 4858 1334 4910; x_wconf 53' lang='lat' dir='ltr'><strong>Rando“</strong></span> <span class='ocrx_word' id='word_1_676' title='bbox 1358 4860 1401 4911; x_wconf 79' lang='grc' dir='ltr'>δ’</span> <span class='ocrx_word' id='word_1_677' title='bbox 1428 4860 1618 4929; x_wconf 69' lang='grc' dir='ltr'>ὄνομα.</span> <span class='ocrx_word' id='word_1_678' title='bbox 1649 4859 1797 4929; x_wconf 77' lang='grc' dir='ltr'>Αὕτη</span> 
     </span>
    </p>
   </div>
   <div class='ocr_carea' id='block_1_89' title="bbox 208 4943 1799 5013">
    <p class='ocr_par' dir='ltr' id='par_1_89' title="bbox 208 4943 1799 5013">
     <span class='ocr_line' id='line_1_89' title="bbox 208 4943 1799 5013; baseline -0.001 -15"><span class='ocrx_word' id='word_1_679' title='bbox 208 4947 301 4999; x_wconf 80' lang='grc' dir='ltr'>τὸν</span> <span class='ocrx_word' id='word_1_680' title='bbox 335 4947 428 4997; x_wconf 83' lang='grc' dir='ltr'>ἐ.πί</span> <span class='ocrx_word' id='word_1_681' title='bbox 449 4944 548 5013; x_wconf 90' lang='grc' dir='ltr'>τῆς</span> <span class='ocrx_word' id='word_1_682' title='bbox 582 4943 796 5012; x_wconf 84' lang='grc' dir='ltr'>φύσεως</span> <span class='ocrx_word' id='word_1_683' title='bbox 834 4945 1285 5012; x_wconf 83' lang='grc' dir='ltr'>ἀποδεδειγμένον</span> <span class='ocrx_word' id='word_1_684' title='bbox 1313 4948 1432 5007; x_wconf 91' lang='grc' dir='ltr'>ταῖς</span> <span class='ocrx_word' id='word_1_685' title='bbox 1463 4946 1680 5011; x_wconf 76' lang='grc' dir='ltr'>γυναιξὶ</span> <span class='ocrx_word' id='word_1_686' title='bbox 1703 4946 1799 4996; x_wconf 84' lang='grc' dir='ltr'>πό-</span> 
     </span>
    </p>
   </div>
   <div class='ocr_carea' id='block_1_90' title="bbox 210 5032 1799 5108">
    <p class='ocr_par' dir='ltr' id='par_1_90' title="bbox 210 5032 1799 5108">
     <span class='ocr_line' id='line_1_90' title="bbox 210 5032 1799 5108; baseline -0.001 -20"><span class='ocrx_word' id='word_1_687' title='bbox 210 5054 305 5108; x_wconf 83' lang='grc' dir='ltr'>ρον</span> <span class='ocrx_word' id='word_1_688' title='bbox 335 5037 573 5105; x_wconf 76' lang='grc' dir='ltr'>ἄτρητον</span> <span class='ocrx_word' id='word_1_689' title='bbox 604 5032 751 5103; x_wconf 83' lang='grc' dir='ltr'>εἶχεν</span> <span class='ocrx_word' id='word_1_690' title='bbox 774 5075 786 5095; x_wconf 96' lang='grc'>,</span> <span class='ocrx_word' id='word_1_691' title='bbox 818 5035 969 5103; x_wconf 77' lang='grc' dir='ltr'>παρά</span> <span class='ocrx_word' id='word_1_692' title='bbox 990 5034 1035 5064; x_wconf 79' lang='lat'>&quot;°</span> <span class='ocrx_word' id='word_1_693' title='bbox 1067 5035 1123 5085; x_wconf 85' lang='grc' dir='ltr'>δὲ</span> <span class='ocrx_word' id='word_1_694' title='bbox 1161 5036 1251 5086; x_wconf 77' lang='grc' dir='ltr'>τὸν</span> <span class='ocrx_word' id='word_1_695' title='bbox 1284 5036 1613 5103; x_wconf 82' lang='grc' dir='ltr'>καλούμενον</span> <span class='ocrx_word' id='word_1_696' title='bbox 1631 5036 1672 5065; x_wconf 88' lang='grc'>⁷¹</span> <span class='ocrx_word' id='word_1_697' title='bbox 1705 5052 1799 5086; x_wconf 89' lang='grc' dir='ltr'>συ-</span> 
     </span>
    </p>
   </div>
   <div class='ocr_carea' id='block_1_91' title="bbox 210 5125 1801 5198">
    <p class='ocr_par' dir='ltr' id='par_1_91' title="bbox 210 5125 1801 5198">
     <span class='ocr_line' id='line_1_91' title="bbox 210 5125 1801 5198; baseline -0.001 -18"><span class='ocrx_word' id='word_1_698' title='bbox 210 5128 578 5198; x_wconf 83' lang='grc' dir='ltr'>ριγγωθέντος</span> <span class='ocrx_word' id='word_1_699' title='bbox 595 5128 638 5157; x_wconf 80' lang='lat'><strong>&quot;</strong></span> <span class='ocrx_word' id='word_1_700' title='bbox 657 5130 719 5178; x_wconf 82' lang='grc' dir='ltr'>ὲκ</span> <span class='ocrx_word' id='word_1_701' title='bbox 738 5127 967 5194; x_wconf 82' lang='grc' dir='ltr'>γενετῆς</span> <span class='ocrx_word' id='word_1_702' title='bbox 985 5125 1083 5185; x_wconf 88' lang='grc' dir='ltr'>τάς</span> <span class='ocrx_word' id='word_1_703' title='bbox 1109 5143 1173 5177; x_wconf 88' lang='grc' dir='ltr'>πε</span> <span class='ocrx_word' id='word_1_704' title='bbox 1185 5127 1463 5195; x_wconf 83' lang='grc' dir='ltr'>ριττὼσεις</span> <span class='ocrx_word' id='word_1_705' title='bbox 1486 5127 1593 5179; x_wconf 89' lang='grc' dir='ltr'>τῶν</span> <span class='ocrx_word' id='word_1_706' title='bbox 1619 5127 1801 5197; x_wconf 85' lang='grc' dir='ltr'>ὑγρῶν</span> 
     </span>
    </p>
   </div>
   <div class='ocr_carea' id='block_1_92' title="bbox 208 5215 1800 5287">
    <p class='ocr_par' dir='ltr' id='par_1_92' title="bbox 208 5215 1800 5287">
     <span class='ocr_line' id='line_1_92' title="bbox 208 5215 1800 5287; baseline -0.003 -14"><span class='ocrx_word' id='word_1_707' title='bbox 208 5220 511 5287; x_wconf 74' lang='grc' dir='ltr'>ἐξέκρινεν.</span> <span class='ocrx_word' id='word_1_708' title='bbox 545 5219 637 5280; x_wconf 85' lang='grc' dir='ltr'>Εἰς</span> <span class='ocrx_word' id='word_1_709' title='bbox 667 5218 723 5269; x_wconf 84' lang='grc' dir='ltr'>δὲ</span> <span class='ocrx_word' id='word_1_710' title='bbox 750 5218 849 5287; x_wconf 83' lang='grc' dir='ltr'>τὴν</span> <span class='ocrx_word' id='word_1_711' title='bbox 892 5215 1078 5287; x_wconf 73' lang='grc' dir='ltr'>ἀκμὴν</span> <span class='ocrx_word' id='word_1_712' title='bbox 1109 5218 1204 5286; x_wconf 88' lang='grc' dir='ltr'>τῆς</span> <span class='ocrx_word' id='word_1_713' title='bbox 1240 5218 1456 5287; x_wconf 82' lang='grc' dir='ltr'>ἡλικίας</span> <span class='ocrx_word' id='word_1_714' title='bbox 1496 5234 1800 5285; x_wconf 80' lang='grc' dir='ltr'>παραγενο-</span> 
     </span>
    </p>
   </div>
   <div class='ocr_carea' id='block_1_93' title="bbox 1910 4763 3483 4833">
    <p class='ocr_par' dir='ltr' id='par_1_93' title="bbox 1910 4763 3483 4833">
     <span class='ocr_line' id='line_1_93' title="bbox 1910 4763 3483 4833; baseline 0.003 -15"><span class='ocrx_word' id='word_1_715' title='bbox 1910 4766 2221 4833; x_wconf 77' lang='lat' dir='ltr'><strong>parentibus</strong></span> <span class='ocrx_word' id='word_1_716' title='bbox 2249 4766 2458 4826; x_wconf 75' lang='lat' dir='ltr'><strong>orbata,</strong></span> <span class='ocrx_word' id='word_1_717' title='bbox 2506 4780 2623 4830; x_wconf 68' lang='lat' dir='ltr'><strong>«line</strong></span> <span class='ocrx_word' id='word_1_718' title='bbox 2647 4763 2821 4829; x_wconf 84' lang='lat' dir='ltr'><strong>puella</strong></span> <span class='ocrx_word' id='word_1_719' title='bbox 2860 4778 2980 4816; x_wconf 89' lang='lat' dir='ltr'><strong>esse</strong></span> <span class='ocrx_word' id='word_1_720' title='bbox 3020 4764 3323 4821; x_wconf 83' lang='lat' dir='ltr'><strong>videbatur.</strong></span> <span class='ocrx_word' id='word_1_721' title='bbox 3378 4769 3483 4822; x_wconf 71' lang='grc' dir='ltr'>Πει-</span> 
     </span>
    </p>
   </div>
   <div class='ocr_carea' id='block_1_94' title="bbox 1911 4854 3478 4922">
    <p class='ocr_par' dir='ltr' id='par_1_94' title="bbox 1911 4854 3478 4922">
     <span class='ocr_line' id='line_1_94' title="bbox 1911 4854 3478 4922; baseline 0.003 -13"><span class='ocrx_word' id='word_1_722' title='bbox 1911 4858 2066 4909; x_wconf 76' lang='lat' dir='ltr'><strong>beliat</strong></span> <span class='ocrx_word' id='word_1_723' title='bbox 2089 4857 2233 4908; x_wconf 87' lang='lat' dir='ltr'><strong>enini</strong></span> <span class='ocrx_word' id='word_1_724' title='bbox 2258 4873 2320 4908; x_wconf 88' lang='lat' dir='ltr'>ea</span> <span class='ocrx_word' id='word_1_725' title='bbox 2349 4871 2467 4922; x_wconf 67' lang='lat' dir='ltr'><strong>quae</strong></span> <span class='ocrx_word' id='word_1_726' title='bbox 2498 4854 2713 4906; x_wconf 87' lang='lat' dir='ltr'><strong>feminis</strong></span> <span class='ocrx_word' id='word_1_727' title='bbox 2740 4865 2930 4907; x_wconf 88' lang='lat' dir='ltr'><strong>natura</strong></span> <span class='ocrx_word' id='word_1_728' title='bbox 2962 4858 3259 4921; x_wconf 81' lang='lat' dir='ltr'><strong>concessit,</strong></span> <span class='ocrx_word' id='word_1_729' title='bbox 3288 4873 3478 4914; x_wconf 84' lang='lat' dir='ltr'><strong>verum</strong></span> 
     </span>
    </p>
   </div>
   <div class='ocr_carea' id='block_1_95' title="bbox 1908 4946 3481 5016">
    <p class='ocr_par' dir='ltr' id='par_1_95' title="bbox 1908 4946 3481 5016">
     <span class='ocr_line' id='line_1_95' title="bbox 1908 4946 3481 5016; baseline 0.003 -16"><span class='ocrx_word' id='word_1_730' title='bbox 1908 4965 2011 5000; x_wconf 89' lang='lat' dir='ltr'>non</span> <span class='ocrx_word' id='word_1_731' title='bbox 2038 4948 2220 5016; x_wconf 83' lang='lat' dir='ltr'><strong>pervia</strong></span> <span class='ocrx_word' id='word_1_732' title='bbox 2249 4947 2405 5015; x_wconf 79' lang='lat' dir='ltr'><strong>juxta</strong></span> <span class='ocrx_word' id='word_1_733' title='bbox 2459 4948 2606 4999; x_wconf 87' lang='lat' dir='ltr'><strong>hunc</strong></span> <span class='ocrx_word' id='word_1_734' title='bbox 2645 4946 2845 5010; x_wconf 88' lang='lat' dir='ltr'><strong>locum,</strong></span> <span class='ocrx_word' id='word_1_735' title='bbox 2871 4948 2970 4999; x_wconf 79' lang='lat' dir='ltr'><strong>alia</strong></span> <span class='ocrx_word' id='word_1_736' title='bbox 3003 4948 3088 5000; x_wconf 89' lang='lat' dir='ltr'>via</span> <span class='ocrx_word' id='word_1_737' title='bbox 3122 4964 3150 5000; x_wconf 87' lang='lat' dir='ltr'>a</span> <span class='ocrx_word' id='word_1_738' title='bbox 3197 4951 3481 5005; x_wconf 85' lang='lat' dir='ltr'><strong>nativitan</strong></span> 
     </span>
    </p>
   </div>
   <div class='ocr_carea' id='block_1_96' title="bbox 1900 5040 3479 5096">
    <p class='ocr_par' dir='ltr' id='par_1_96' title="bbox 1900 5040 3479 5096">
     <span class='ocr_line' id='line_1_96' title="bbox 1900 5040 3479 5096; baseline 0.002 -3"><span class='ocrx_word' id='word_1_739' title='bbox 1900 5049 2242 5093; x_wconf 78' lang='lat' dir='ltr'><strong>excrementa</strong></span> <span class='ocrx_word' id='word_1_740' title='bbox 2276 5050 2482 5090; x_wconf 69' lang='lat' dir='ltr'><strong>natura:</strong></span> <span class='ocrx_word' id='word_1_741' title='bbox 2524 5042 2988 5093; x_wconf 83' lang='lat' dir='ltr'><strong>transmittebant.</strong></span> <span class='ocrx_word' id='word_1_742' title='bbox 3022 5040 3101 5092; x_wconf 85' lang='lat' dir='ltr'><strong>Ad</strong></span> <span class='ocrx_word' id='word_1_743' title='bbox 3126 5050 3342 5096; x_wconf 64' lang='lat' dir='ltr'><strong>aetatem</strong></span> <span class='ocrx_word' id='word_1_744' title='bbox 3381 5060 3479 5096; x_wconf 89' lang='lat' dir='ltr'><strong>nu-</strong></span> 
     </span>
    </p>
   </div>
   <div class='ocr_carea' id='block_1_97' title="bbox 1904 5128 3480 5201">
    <p class='ocr_par' dir='ltr' id='par_1_97' title="bbox 1904 5128 3480 5201">
     <span class='ocr_line' id='line_1_97' title="bbox 1904 5128 3480 5201; baseline 0.003 -20"><span class='ocrx_word' id='word_1_745' title='bbox 1904 5128 2063 5181; x_wconf 91' lang='lat' dir='ltr'><strong>bilem</strong></span> <span class='ocrx_word' id='word_1_746' title='bbox 2090 5129 2177 5181; x_wconf 92' lang='lat' dir='ltr'>ubi</span> <span class='ocrx_word' id='word_1_747' title='bbox 2213 5128 2573 5195; x_wconf 89' lang='lat' dir='ltr'><strong>pervenisset,</strong></span> <span class='ocrx_word' id='word_1_748' title='bbox 2603 5130 2782 5195; x_wconf 88' lang='lat' dir='ltr'><strong>nupsit</strong></span> <span class='ocrx_word' id='word_1_749' title='bbox 2808 5129 3023 5182; x_wconf 87' lang='lat' dir='ltr'><strong>cuidam</strong></span> <span class='ocrx_word' id='word_1_750' title='bbox 3061 5130 3191 5193; x_wconf 86' lang='lat' dir='ltr'><strong>civi,</strong></span> <span class='ocrx_word' id='word_1_751' title='bbox 3228 5132 3480 5201; x_wconf 83' lang='lat' dir='ltr'><strong>duosque</strong></span> 
     </span>
    </p>
   </div>
   <div class='ocr_carea' id='block_1_98' title="bbox 1904 5220 3476 5288">
    <p class='ocr_par' dir='ltr' id='par_1_98' title="bbox 1904 5220 3476 5288">
     <span class='ocr_line' id='line_1_98' title="bbox 1904 5220 3476 5288; baseline 0.003 -18"><span class='ocrx_word' id='word_1_752' title='bbox 1904 5233 2073 5271; x_wconf 89' lang='lat' dir='ltr'><strong>annos</strong></span> <span class='ocrx_word' id='word_1_753' title='bbox 2104 5220 2156 5271; x_wconf 93' lang='lat' dir='ltr'>in</span> <span class='ocrx_word' id='word_1_754' title='bbox 2192 5220 2535 5273; x_wconf 85' lang='lat' dir='ltr'><strong>matrimonio</strong></span> <span class='ocrx_word' id='word_1_755' title='bbox 2568 5235 2693 5272; x_wconf 89' lang='lat' dir='ltr'>cum</span> <span class='ocrx_word' id='word_1_756' title='bbox 2731 5220 2849 5273; x_wconf 86' lang='lat' dir='ltr'><strong>viro</strong></span> <span class='ocrx_word' id='word_1_757' title='bbox 2878 5222 3079 5288; x_wconf 82' lang='lat' dir='ltr'><strong>exegit.</strong></span> <span class='ocrx_word' id='word_1_758' title='bbox 3109 5221 3217 5277; x_wconf 88' lang='lat' dir='ltr'><strong>Sed</strong></span> <span class='ocrx_word' id='word_1_759' title='bbox 3245 5223 3476 5288; x_wconf 79' lang='lat' dir='ltr'><strong>conjun-</strong></span> 
     </span>
    </p>
   </div>
   <div class='ocr_carea' id='block_1_99' title="bbox 210 5308 1806 5382">
    <p class='ocr_par' dir='ltr' id='par_1_99' title="bbox 210 5308 1802 5382">
     <span class='ocr_line' id='line_1_99' title="bbox 210 5308 1802 5382; baseline -0.003 -17"><span class='ocrx_word' id='word_1_760' title='bbox 210 5315 348 5382; x_wconf 81' lang='grc' dir='ltr'>μένη</span> <span class='ocrx_word' id='word_1_761' title='bbox 402 5312 710 5381; x_wconf 79' lang='grc' dir='ltr'>συνῳκίσθη</span> <span class='ocrx_word' id='word_1_762' title='bbox 761 5311 867 5363; x_wconf 71' lang='grc' dir='ltr'>τινὶ</span> <span class='ocrx_word' id='word_1_763' title='bbox 913 5312 1021 5365; x_wconf 85' lang='grc' dir='ltr'>τῶν</span> <span class='ocrx_word' id='word_1_764' title='bbox 1074 5309 1326 5363; x_wconf 89' lang='grc' dir='ltr'>πολιτῶν.</span> <span class='ocrx_word' id='word_1_765' title='bbox 1368 5311 1526 5379; x_wconf 73' lang='grc' dir='ltr'>Διετῆ</span> <span class='ocrx_word' id='word_1_766' title='bbox 1560 5310 1659 5379; x_wconf 81' lang='grc' dir='ltr'>μὲν</span> <span class='ocrx_word' id='word_1_767' title='bbox 1708 5308 1802 5362; x_wconf 79' lang='grc' dir='ltr'>οὖν</span> 
     </span>
    </p>
   </div>
   <div class='ocr_carea' id='block_1_100' title="bbox 1906 5308 3475 5382">
    <p class='ocr_par' dir='ltr' id='par_1_100' title="bbox 1908 5310 3475 5379">
     <span class='ocr_line' id='line_1_100' title="bbox 1908 5310 3475 5379; baseline 0.002 -16"><span class='ocrx_word' id='word_1_768' title='bbox 1908 5312 2139 5365; x_wconf 89' lang='lat' dir='ltr'><strong>ctionem</strong></span> <span class='ocrx_word' id='word_1_769' title='bbox 2176 5310 2391 5366; x_wconf 90' lang='lat' dir='ltr'><strong>feminis</strong></span> <span class='ocrx_word' id='word_1_770' title='bbox 2422 5312 2677 5365; x_wconf 84' lang='lat' dir='ltr'><strong>usitatam</strong></span> <span class='ocrx_word' id='word_1_771' title='bbox 2700 5328 2805 5365; x_wconf 91' lang='lat' dir='ltr'>non</span> <span class='ocrx_word' id='word_1_772' title='bbox 2834 5314 3145 5377; x_wconf 87' lang='lat' dir='ltr'><strong>admittens,</strong></span> <span class='ocrx_word' id='word_1_773' title='bbox 3177 5314 3475 5379; x_wconf 87' lang='lat' dir='ltr'><strong>inversam,</strong></span> 
     </span>
    </p>
   </div>
   <div class='ocr_carea' id='block_1_101' title="bbox 207 5402 1806 5475">
    <p class='ocr_par' dir='ltr' id='par_1_101' title="bbox 207 5402 1799 5475">
     <span class='ocr_line' id='line_1_101' title="bbox 207 5402 1799 5475; baseline -0.001 -19"><span class='ocrx_word' id='word_1_774' title='bbox 207 5405 402 5474; x_wconf 86' lang='grc' dir='ltr'>χρόνον</span> <span class='ocrx_word' id='word_1_775' title='bbox 429 5405 721 5458; x_wconf 86' lang='grc' dir='ltr'>συνεϐίωσε</span> <span class='ocrx_word' id='word_1_776' title='bbox 745 5404 949 5475; x_wconf 68' lang='grc' dir='ltr'>τάνδρὶ,</span> <span class='ocrx_word' id='word_1_777' title='bbox 979 5404 1078 5472; x_wconf 84' lang='grc' dir='ltr'>τὴν</span> <span class='ocrx_word' id='word_1_778' title='bbox 1114 5402 1213 5471; x_wconf 77' lang='grc' dir='ltr'>μὲν</span> <span class='ocrx_word' id='word_1_779' title='bbox 1237 5404 1553 5471; x_wconf 80' lang='grc' dir='ltr'>γυναικείαν</span> <span class='ocrx_word' id='word_1_780' title='bbox 1574 5403 1799 5455; x_wconf 79' lang='grc' dir='ltr'>ἐπιπλο-</span> 
     </span>
    </p>
   </div>
   <div class='ocr_carea' id='block_1_102' title="bbox 1906 5402 3474 5475">
    <p class='ocr_par' dir='ltr' id='par_1_102' title="bbox 1906 5404 3474 5461">
     <span class='ocr_line' id='line_1_102' title="bbox 1906 5404 3474 5461; baseline 0.003 -6"><span class='ocrx_word' id='word_1_781' title='bbox 1906 5415 1961 5455; x_wconf 88' lang='lat' dir='ltr'><strong>et</strong></span> <span class='ocrx_word' id='word_1_782' title='bbox 2009 5412 2199 5457; x_wconf 88' lang='lat' dir='ltr'><strong>contra</strong></span> <span class='ocrx_word' id='word_1_783' title='bbox 2254 5415 2501 5457; x_wconf 90' lang='lat' dir='ltr'><strong>naturam</strong></span> <span class='ocrx_word' id='word_1_784' title='bbox 2562 5404 2835 5459; x_wconf 76' lang='lat' dir='ltr'><strong>sustinere</strong></span> <span class='ocrx_word' id='word_1_785' title='bbox 2875 5405 3077 5459; x_wconf 90' lang='lat' dir='ltr'><strong>debuit.</strong></span> <span class='ocrx_word' id='word_1_786' title='bbox 3127 5404 3256 5459; x_wconf 82' lang='lat' dir='ltr'><strong>Post</strong></span> <span class='ocrx_word' id='word_1_787' title='bbox 3291 5414 3474 5461; x_wconf 88' lang='lat' dir='ltr'><strong>autem</strong></span> 
     </span>
    </p>
   </div>
   <div class='ocr_carea' id='block_1_103' title="bbox 1484 5535 2173 5592">
    <p class='ocr_par' dir='ltr' id='par_1_103' title="bbox 1484 5535 2173 5592">
     <span class='ocr_line' id='line_1_103' title="bbox 1484 5535 2173 5592; baseline 0.006 -4"><span class='ocrx_word' id='word_1_788' title='bbox 1484 5535 1722 5590; x_wconf 68' lang='grc' dir='ltr'>νΑιιιΑξ</span> <span class='ocrx_word' id='word_1_789' title='bbox 1765 5535 2173 5592; x_wconf 84' lang='lat' dir='ltr'>LECTIONES.</span> 
     </span>
    </p>
   </div>
   <div class='ocr_carea' id='block_1_104' title="bbox 301 5628 3097 5714">
    <p class='ocr_par' dir='ltr' id='par_1_104' title="bbox 301 5628 3097 5714">
     <span class='ocr_line' id='line_1_104' title="bbox 301 5628 3097 5714; baseline 0 -33"><span class='ocrx_word' id='word_1_790' title='bbox 301 5632 347 5663; x_wconf 70' lang='grc' dir='ltr'><strong><em>υ</em></strong></span> <span class='ocrx_word' id='word_1_791' title='bbox 386 5628 479 5681; x_wconf 79' lang='grc' dir='ltr'>ὑπ’</span> <span class='ocrx_word' id='word_1_792' title='bbox 511 5629 678 5714; x_wconf 64' lang='grc' dir='ltr'>ἄνδρα</span> <span class='ocrx_word' id='word_1_793' title='bbox 712 5629 1037 5714; x_wconf 44' lang='grc' dir='ltr'>,φυλάττειν</span> <span class='ocrx_word' id='word_1_794' title='bbox 1078 5632 1143 5683; x_wconf 83' lang='grc' dir='ltr'>Λ.</span> <span class='ocrx_word' id='word_1_795' title='bbox 1220 5631 1293 5714; x_wconf 53' lang='lat' dir='ltr'>ﬂ“</span> <span class='ocrx_word' id='word_1_796' title='bbox 1336 5628 1792 5714; x_wconf 50' lang='grc' dir='ltr'>καταδεδοξάσθαι</span> <span class='ocrx_word' id='word_1_797' title='bbox 1836 5629 1912 5714; x_wconf 54' lang='grc' dir='ltr'>Ρ,</span> <span class='ocrx_word' id='word_1_798' title='bbox 1953 5631 2321 5714; x_wconf 57' lang='grc' dir='ltr'>κατεδόξαστο</span> <span class='ocrx_word' id='word_1_799' title='bbox 2345 5645 2488 5714; x_wconf 43' lang='lat' dir='ltr'><strong>copi.</strong></span> <span class='ocrx_word' id='word_1_800' title='bbox 2526 5631 2590 5691; x_wconf 85' lang='lat' dir='ltr'>A,</span> <span class='ocrx_word' id='word_1_801' title='bbox 2624 5632 3008 5713; x_wconf 65' lang='grc' dir='ltr'>κατεδοξάσθαι</span> <span class='ocrx_word' id='word_1_802' title='bbox 3038 5647 3097 5693; x_wconf 82' lang='grc' dir='ltr'>ς.</span> 
     </span>
    </p>
   </div>
   <div class='ocr_carea' id='block_1_105' title="bbox 210 5698 3474 5839">
    <p class='ocr_par' dir='ltr' id='par_1_105' title="bbox 210 5698 3474 5839">
     <span class='ocr_line' id='line_1_105' title="bbox 210 5698 3474 5770; baseline -0.001 -18"><span class='ocrx_word' id='word_1_803' title='bbox 210 5702 255 5732; x_wconf 80' lang='grc'><strong>⁸⁸</strong></span> <span class='ocrx_word' id='word_1_804' title='bbox 280 5700 521 5768; x_wconf 74' lang='grc' dir='ltr'>δράματι</span> <span class='ocrx_word' id='word_1_805' title='bbox 549 5699 607 5753; x_wconf 80' lang='grc' dir='ltr'>Β,</span> <span class='ocrx_word' id='word_1_806' title='bbox 687 5700 730 5731; x_wconf 81' lang='grc'><strong>⁸⁸</strong></span> <span class='ocrx_word' id='word_1_807' title='bbox 763 5702 1185 5767; x_wconf 80' lang='grc' dir='ltr'>κατακέκρυπτο</span> <span class='ocrx_word' id='word_1_808' title='bbox 1218 5699 1276 5750; x_wconf 86' lang='grc' dir='ltr'>Β.</span> <span class='ocrx_word' id='word_1_809' title='bbox 1376 5700 1419 5729; x_wconf 69' lang='grc'>⁸⁸</span> <span class='ocrx_word' id='word_1_810' title='bbox 1447 5699 1645 5768; x_wconf 80' lang='grc' dir='ltr'>ῲειδεί]</span> <span class='ocrx_word' id='word_1_811' title='bbox 1674 5698 1912 5766; x_wconf 84' lang='grc' dir='ltr'>ὁμοειδεῖ</span> <span class='ocrx_word' id='word_1_812' title='bbox 1942 5700 2004 5749; x_wconf 84' lang='grc' dir='ltr'><strong>Α.</strong></span> <span class='ocrx_word' id='word_1_813' title='bbox 2039 5700 2267 5752; x_wconf 78' lang='lat' dir='ltr'><strong>fortasse</strong></span> <span class='ocrx_word' id='word_1_814' title='bbox 2297 5699 2490 5751; x_wconf 85' lang='grc' dir='ltr'>ὼειδεῖ.</span> <span class='ocrx_word' id='word_1_815' title='bbox 2595 5703 2639 5731; x_wconf 72' lang='grc'>⁸³</span> <span class='ocrx_word' id='word_1_816' title='bbox 2689 5702 2976 5770; x_wconf 75' lang='grc' dir='ltr'>σύντρησίς</span> <span class='ocrx_word' id='word_1_817' title='bbox 3005 5718 3089 5760; x_wconf 83' lang='grc' dir='ltr'>τις</span> <span class='ocrx_word' id='word_1_818' title='bbox 3116 5698 3376 5767; x_wconf 86' lang='grc' dir='ltr'>γεγένητο</span> <span class='ocrx_word' id='word_1_819' title='bbox 3412 5698 3474 5749; x_wconf 87' lang='grc' dir='ltr'>Β.</span> 
     </span>
     <span class='ocr_line' id='line_1_106' title="bbox 212 5767 3472 5839; baseline 0.001 -20"><span class='ocrx_word' id='word_1_820' title='bbox 212 5770 257 5801; x_wconf 77' lang='grc'><strong><em>⁸⁸</em></strong></span> <span class='ocrx_word' id='word_1_821' title='bbox 276 5768 513 5839; x_wconf 83' lang='grc' dir='ltr'>χρῆσθαι</span> <span class='ocrx_word' id='word_1_822' title='bbox 541 5768 688 5831; x_wconf 82' lang='grc' dir='ltr'>δόξαι</span> <span class='ocrx_word' id='word_1_823' title='bbox 711 5786 770 5831; x_wconf 83' lang='grc' dir='ltr'>ς’.</span> <span class='ocrx_word' id='word_1_824' title='bbox 842 5770 1231 5839; x_wconf 14' lang='grc' dir='ltr'>⁶⁷ᾲὲγεγέννητο</span> <span class='ocrx_word' id='word_1_825' title='bbox 1250 5768 1328 5839; x_wconf 45' lang='lat' dir='ltr'>BL</span> <span class='ocrx_word' id='word_1_826' title='bbox 1386 5769 1430 5800; x_wconf 80' lang='grc'>⁸⁸</span> <span class='ocrx_word' id='word_1_827' title='bbox 1458 5768 1663 5837; x_wconf 85' lang='grc' dir='ltr'>τόλμαν</span> <span class='ocrx_word' id='word_1_828' title='bbox 1690 5768 1783 5839; x_wconf 74' lang='grc' dir='ltr'>καὶ</span> <span class='ocrx_word' id='word_1_829' title='bbox 1809 5767 1966 5839; x_wconf 77' lang='grc' dir='ltr'>δόξαν</span> <span class='ocrx_word' id='word_1_830' title='bbox 1998 5768 2058 5821; x_wconf 90' lang='grc' dir='ltr'>Β.</span> <span class='ocrx_word' id='word_1_831' title='bbox 2094 5838 2099 5839; x_wconf 13' lang='grc' dir='ltr'>γ</span> <span class='ocrx_word' id='word_1_832' title='bbox 2138 5769 2181 5799; x_wconf 75' lang='grc'>⁸³</span> <span class='ocrx_word' id='word_1_833' title='bbox 2212 5768 2361 5820; x_wconf 87' lang='grc' dir='ltr'>καλὼ</span> <span class='ocrx_word' id='word_1_834' title='bbox 2383 5770 2440 5824; x_wconf 89' lang='grc' dir='ltr'>Β.</span> <span class='ocrx_word' id='word_1_835' title='bbox 2512 5771 2554 5799; x_wconf 84' lang='grc'>⁷⁰</span> <span class='ocrx_word' id='word_1_836' title='bbox 2586 5772 2733 5839; x_wconf 84' lang='grc' dir='ltr'>παρά</span> <span class='ocrx_word' id='word_1_837' title='bbox 2763 5772 2819 5821; x_wconf 78' lang='grc' dir='ltr'>δὲ</span> <span class='ocrx_word' id='word_1_838' title='bbox 2841 5773 2925 5822; x_wconf 85' lang='lat' dir='ltr'>AB</span> <span class='ocrx_word' id='word_1_839' title='bbox 2950 5788 2959 5820; x_wconf 95' lang='lat'>:</span> <span class='ocrx_word' id='word_1_840' title='bbox 2992 5769 3120 5837; x_wconf 80' lang='grc' dir='ltr'>παρ’</span> <span class='ocrx_word' id='word_1_841' title='bbox 3151 5767 3383 5820; x_wconf 76' lang='grc' dir='ltr'>αὑτὸνδὲ</span> <span class='ocrx_word' id='word_1_842' title='bbox 3410 5785 3472 5837; x_wconf 75' lang='grc' dir='ltr'>ς’.</span> 
     </span>
    </p>
   </div>
   <div class='ocr_carea' id='block_1_106' title="bbox 215 5816 2969 5909">
    <p class='ocr_par' dir='ltr' id='par_1_106' title="bbox 215 5816 2969 5909">
     <span class='ocr_line' id='line_1_107' title="bbox 215 5816 2969 5909; baseline 0 -17"><span class='ocrx_word' id='word_1_843' title='bbox 215 5816 629 5892; x_wconf 44' lang='grc' dir='ltr'>τ’ῗιιαίούιιενον</span> <span class='ocrx_word' id='word_1_844' title='bbox 650 5816 1268 5906; x_wconf 40' lang='grc' dir='ltr'>Αῖκαλούρίενονκτένα</span> <span class='ocrx_word' id='word_1_845' title='bbox 1298 5816 1628 5908; x_wconf 61' lang='lat' dir='ltr'><strong>Stephanus,</strong></span> <span class='ocrx_word' id='word_1_846' title='bbox 1668 5816 2005 5892; x_wconf 58' lang='grc' dir='ltr'>καλούμενον</span> <span class='ocrx_word' id='word_1_847' title='bbox 2040 5838 2208 5892; x_wconf 84' lang='grc' dir='ltr'>τόπον</span> <span class='ocrx_word' id='word_1_848' title='bbox 2241 5856 2301 5893; x_wconf 71' lang='grc' dir='ltr'>σ.</span> <span class='ocrx_word' id='word_1_849' title='bbox 2392 5840 2435 5871; x_wconf 77' lang='grc'>⁷³</span> <span class='ocrx_word' id='word_1_850' title='bbox 2473 5816 2878 5909; x_wconf 58' lang='grc' dir='ltr'>συριγγῗυθέντα</span> <span class='ocrx_word' id='word_1_851' title='bbox 2910 5841 2969 5893; x_wconf 85' lang='grc' dir='ltr'>Β.</span> 
     </span>
    </p>
   </div>
   <div class='ocr_carea' id='block_1_107' title="bbox 586 5928 3075 5994">
    <p class='ocr_par' dir='ltr' id='par_1_107' title="bbox 586 5928 3075 5994">
     <span class='ocr_line' id='line_1_108' title="bbox 586 5928 3075 5994; baseline 0.003 -8"><span class='ocrx_word' id='word_1_852' title='bbox 586 5928 857 5990; x_wconf 73' lang='lat' dir='ltr'><strong>I’A&#39;rItOL.</strong></span> <span class='ocrx_word' id='word_1_853' title='bbox 908 5931 1023 5990; x_wconf 83' lang='lat' dir='ltr'><strong>Gtt.</strong></span> <span class='ocrx_word' id='word_1_854' title='bbox 1070 5929 1231 5993; x_wconf 85' lang='lat' dir='ltr'><strong>Clll.</strong></span> <span class='ocrx_word' id='word_1_855' title='bbox 2997 5931 3075 5994; x_wconf 60' lang='grc' dir='ltr'>Ιώ</span> 
     </span>
    </p>
   </div>
   <div class='ocr_carea' id='block_1_108' title="bbox 3197 5628 3474 5697">
    <p class='ocr_par' dir='ltr' id='par_1_108' title="bbox 3197 5628 3474 5697">
     <span class='ocr_line' id='line_1_109' title="bbox 3197 5628 3474 5697; baseline 0.011 -18"><span class='ocrx_word' id='word_1_856' title='bbox 3197 5628 3238 5658; x_wconf 80' lang='grc'>⁸⁸</span> <span class='ocrx_word' id='word_1_857' title='bbox 3256 5629 3387 5697; x_wconf 79' lang='grc' dir='ltr'>φησί</span> <span class='ocrx_word' id='word_1_858' title='bbox 3414 5628 3474 5682; x_wconf 74' lang='grc' dir='ltr'>Β.</span> 
     </span>
    </p>
   </div>
  </div>
