4206 6436
754 382 889 448 138Ἰ

1950 387 2213 449 ΡΗΟΤΙΙ
2245 388 2752 451 PATRIARCILE
2786 391 2891 451 (ΣΡ.

3886 386 4036 454 ΒΕ

757 499 941 554 multis
973 496 1253 553 doloribus
1283 496 1428 551 circa
1464 504 1677 553 uterum
1709 497 1913 569 ingens
1936 500 2110 554 oritur
2147 502 2323 565 tuber,

2430 501 2533 571 κὴν
2584 501 2685 553 οὐκ
2733 499 3118 570 ὲπιδεχομένη,
3153 499 3252 570 τὴν
3303 498 3361 553 δὲ
3410 499 3561 569 παρὰ
3596 498 3757 566 φύσιν
3803 499 4033 565 ὁμιλίαν

756 591 898 656 quod
929 606 959 642 σε
992 588 1177 643 multis
1230 590 1479 651 medicis,
1513 590 1607 658 qui
1634 604 1702 645 eo
1731 588 2131 655 conﬂuxerant,
2170 606 2330 646 nemo

757 695 952 733 sanare
982 680 1179 748 potuit.
1220 678 1651 749 Pharmamjiola
1681 696 1811 736 vero
1833 682 2053 749 quidam
2085 696 2148 737 se
2172 696 2331 736 cura-

756 782 935 823 turum
982 771 1247 837 promisit.
1292 770 1391 825 llic
1438 782 1732 827 tumentem
1790 772 1940 826 illum
1980 772 2153 827 locum
2199 788 2331 841 ape-

756 863 923 922 ricns,
977 861 1155 915 virilia
1192 864 1429 916 membra
1475 872 1531 917 et
1575 874 1777 928 testes,
1819 872 1876 919 et
1911 864 2176 933 virgulam
2220 880 2328 919 non

754 952 992 1021 perviam
1020 953 1144 1007 inde
1169 952 1377 1006 eduxit.
1417 952 1513 1008 Rei
1546 956 1786 1009 novitate
1812 970 2002 1009 omnes
2034 957 2328 1021 obstupes-

752 1054 901 1096 cunt.
932 1043 1355 1112 Pharmacopola
1395 1055 1507 1098 tum
1536 1047 1760 1114 reliquis
1784 1046 2033 1114 partibus
2058 1045 2201 1099 laesis
2223 1060 2309 1099 me

751 1137 962 1190 dicatus
989 1146 1090 1190 est.
1118 1136 1300 1190 Primo
1316 1139 1534 1205 quidem
1567 1140 1933 1192 summitatem
1956 1137 2329 1206 pudendorum

751 1240 943 1293 parum
986 1240 1200 1290 secans,
1232 1227 1483 1294 perduxit
1534 1243 1704 1296 usque
1737 1229 1803 1280 ad
1857 1228 2073 1281 initium
2108 1227 2326 1291 vesicae,

751 1326 805 1370 ct
856 1317 1090 1370 listulam
1141 1317 1371 1370 inseruit
1428 1328 1770 1385 argenteam,
1818 1332 1923 1386 qua
1973 1327 2327 1371 excrementa

751 1410 1168 1478 pertransirent,
1226 1410 1402 1464 locum
1447 1425 1576 1464 vero
1603 1418 1731 1464 ante
1771 1418 2047 1477 patentem
2085 1409 2324 1471 sanavit,

750 1510 803 1552 et
825 1502 1016 1555 clausit
1042 1519 1054 1565 ;
1082 1516 1253 1569 quare
1288 1500 1389 1553 hoc
1429 1501 1548 1553 loco
1572 1512 1783 1562 sanato,
1809 1501 2077 1569 duplicem
2117 1514 2325 1552 merce-

750 1596 870 1646 dem
910 1595 1154 1661 poposcit
1180 1633 1194 1656 ,
1242 1593 1419 1659 primo
1459 1594 1587 1661 quia
1640 1592 1926 1645 mulierem
1972 1591 2259 1644 liberasset
2298 1606 2327 1641 a

755 1688 969 1749 morbo,
990 1697 1044 1738 et
1075 1687 1255 1739 virum
1288 1701 1354 1740 ex
1385 1700 1446 1739 ea
1472 1683 1768 1753 perlectum
1798 1683 2134 1753 perfecisset.
2168 1683 2328 1736 Kallo

748 1792 877 1832 vero
928 1778 1069 1831 virili
1110 1787 1261 1832 veste
1325 1788 1560 1845 sumpta,
1616 1786 1672 1831 et
1706 1776 1807 1829 viri
1838 1774 2079 1829 moribus
2114 1774 2329 1841 rejectis

2435 593 2727 663 ὑπομένειν
2751 591 3192 662 ἀναγκαζομένη.
3228 592 3382 646 Μετά
3418 592 3475 658 ᾂὲ
3502 590 3678 645 ταῦτα
3706 590 4032 660 φλεγμονῆς

2434 683 2571 750 αὐτῇ
2607 680 2892 751 συμϐάσης
2916 682 3046 751 περὶ
3066 682 3159 734 τὸν
3184 683 3348 735 κτένα
3378 683 3470 734 καὶ⁵
3499 682 3686 735 δεινῶν
3711 682 4034 750 ἀλγηδόνων

2432 776 2834 844 ἐπιγενομένων
2892 776 3198 846 συνεκλήθη
3246 776 3451 847 πλῆθος
3501 775 3724 846 ἰατρῶν.
3760 776 3871 828 Καὶ
3914 775 4033 828 τῶν

2434 866 2533 935 μὲν
2571 866 2748 921 ἄλλων
2775 868 2952 929 οὐδεὶς
2987 868 3299 936 ὑπισχνεῖτο
3333 866 3659 938 θεραπεύειν
3681 905 3697 931 ,
3731 883 4032 935 φαρμακο-

2431 954 2618 1026 πώλης
2675 955 2732 1008 δι
2784 972 2869 1017 τις
2922 955 3394 1024 ἐπαγγελλόμενος
3433 956 3682 1023 ὑγιάσειν
3735 955 3897 1023 ἔτεμε
3933 956 4032 1007 τὸν

2432 1046 2741 1117 ἐπηρμένον
2772 1048 2974 1108 τόπον,
3004 1045 3065 1110 ἐξ
3094 1040 3268 1116 οὗπερ
3297 1046 3551 1109 ἐξέπεσεν
3584 1045 3776 1114 ἀνδρὸς
3819 1046 4026 1109 αἰδοία,

2430 1135 2640 1205 δίδυμοι
2674 1138 2769 1187 καὶ
2798 1136 2991 1199 καυλὸς
3018 1137 3273 1206 ἄτρητος.
3308 1136 3526 1189 Πάντων
3549 1136 3606 1189 δὲ
3628 1137 3690 1188 τὸ
3711 1136 4029 1203 παράδοξον

2431 1228 2917 1295 καταπλαγέντων,
2938 1230 2967 1281 ό
2999 1227 3678 1298 φαρμακοπώληςὲῦοήθει
3706 1230 3815 1289 τοῖς
3846 1227 4031 1279 λειποο

2434 1321 2614 1390 μένοις
2646 1322 2835 1391 μέρεσι
2863 1322 2965 1391 τῆς
2994 1320 3318 1390 πηρώσεως.
3356 1322 3430 1373 Τὸ
3463 1322 3561 1389 μὲν
3590 1315 3683 1371 οὖν
3716 1320 3937 1390 πρῶτον
3962 1320 4025 1370 τὸ

2430 1415 2628 1466 αἰδοῖον
2650 1413 2819 1483 ἄκρον
2842 1414 3122 1483 ἐπιτεμὼν
3143 1414 3474 1483 συνέτρησεν
3494 1413 3573 1474 εἰς
3598 1413 3687 1464 τὸν
3713 1412 4025 1481 οὐρητῆρα,

2432 1507 2526 1559 καὶ
2562 1507 2749 1568 καθεὶς
2780 1506 3057 1576 ἀργυροῦν
3085 1506 3377 1557 καυλίσκον
3406 1504 3579 1574 ταύτῃ
3626 1504 3698 1555 τα
3746 1501 4024 1569 περιττώ-

2433 1612 2581 1664 ματα
2618 1596 2728 1647 τῶν
2760 1597 2944 1665 ὑγρῶν
2982 1596 3302 1665 ὲξεκόμιζε,
3338 1595 3427 1647 τὸν
3457 1595 3513 1646 δὲ
3544 1596 4025 1663 σεσυριγγωμένον

2429 1687 2596 1740 τόπον
2629 1687 2875 1751 ἑλκώσας
2900 1688 3280 1756 ὲνέφυσε.Καὶ
3306 1686 3494 1740 τοῦτον
3523 1687 3615 1738 τὸν
3647 1685 3852 1756 τρόπον
3880 1685 4025 1751 ὑγιο-

2432 1781 2664 1849 ποιήσας
2694 1780 2915 1832 διπλοῦν
2951 1781 3152 1850 ἀπῄτει
3191 1782 3283 1832 τὸν
3327 1777 3550 1848 μισθόν·
3581 1777 3685 1846 ἔφη
3719 1778 3827 1845 γὰρ
3858 1776 4026 1827 αὐτὴν

750 1872 901 1924 radio
931 1872 1185 1933 textorio,
1214 1880 1269 1923 et
1297 1865 1583 1921 mulierum
1614 1866 1853 1936 Opiliciu,
1885 1882 1987 1919 una
2014 1867 2192 1919 littera
2225 1880 2323 1919 no-

2432 1866 2830 1936 παρειληφέναι
2881 1870 3119 1934 γυναῖκα
3170 1865 3470 1930 νοσοῦσαν,
3502 1864 3901 1918 καθεστακέναι
3963 1863 4023 1914 δὲ

748 1958 878 2011 mini
946 1959 1235 2024 adjuncta;
1296 1958 1507 2011 scilicet
1566 1973 1633 2021 η,
1692 1955 1888 2009 Kailon
1951 1954 2184 2008 vocitata
2219 1963 2322 2008 est.

746 2047 985 2103 Narrant
1011 2050 1231 2118 quidam
1267 2050 1415 2102 illam
1451 2058 1743 2115 antequam
1776 2047 1829 2098 in
1858 2046 2065 2100 virilem
2094 2043 2323 2098 formam

747 2151 1072 2205 nntlaretur,
1105 2141 1323 2195 Cereris
1377 2156 1534 2195 sacra
1560 2138 1691 2192 \‘iris
1730 2138 1862 2206 ipsis
1886 2152 1990 2190 non
2051 2138 2325 2200 adeunda,

746 2235 968 2297 vidisse,
1002 2250 1057 2288 et
1087 2234 1209 2288 ideo
1238 2234 1540 2301 impietatis
1574 2240 1885 2285 accusatam
1919 2229 2109 2284 fuisse.

2431 1957 2711 2008 νεανίσκον
2758 1958 3088 2024 ὑγιαίνοντα.
3104 1958 3170 2011 Ἡ
3193 1960 3252 2012 δὲ
3285 1958 3483 2012 Καλλὼ
3508 1959 3607 2020 τάς
3652 1959 3751 2027 μὲν
3799 1959 3867 2009 ὲκ
3909 1956 4023 2009 τῶν

2434 2047 2594 2100 ἱστῶν
2630 2049 2888 2119 κερκίδας
2939 2050 3035 2104 καὶ
3071 2052 3172 2121 τὴν
3214 2051 3381 2121 ἄλλην
3409 2050 3517 2103 τῶν
3548 2049 3824 2117 γυναικῶν
3853 2048 4023 2099 ταλα-

2432 2139 2714 2208 σιουργίαν
2761 2140 3018 2203 ἀπέθετο,
3051 2140 3431 2210 μεταλαϐοῦσα
3479 2140 3535 2191 δὲ
3594 2140 3786 2207 ἀνδρὸς
3818 2135 4022 2204 ἐσθῆτα

2433 2232 2528 2282 κα)⁵
2562 2232 2662 2300 τὴν
2708 2230 2876 2300 ἀλλην
2919 2230 3161 2284 διάθεσιν
3191 2226 3863 2299 μετωνομάσθηνιὶαλλων,
3899 2227 4022 2289 ἑνὸς

746 2328 1009 2395 στοιχείου
1046 2328 1138 2380 ἐπὶ
1160 2326 1240 2392 τῷ
1266 2326 1409 2379 τέλει
1452 2326 1546 2378 τοῦ
1589 2339 1621 2378 ι·
1656 2322 2068 2396 προστεθέντος.
2099 2321 2331 2390 Λέγεται
2368 2321 2410 2374 δ’
2442 2323 2546 2375 ὑπό
2576 2342 2735 2377 τινων
2763 2326 2844 2377 ὃτι
2876 2324 2982 2395 πρὸ
3005 2321 3100 2376 τοῦ
3124 2322 3443 2393 μεταλαϐεῖν
3479 2320 3605 2392 [618
3623 2319 3718 2391 Η.]
3786 2320 3885 2391 τὴν
3941 2321 4023 2385 εἰς

742 2422 911 2489 ἄνδρα
946 2420 1161 2490 μορφὴν
1193 2420 1368 2488 ἱέρεια
1403 2421 1502 2488 τῆς
1547 2419 1836 2489 Δήμητρος
1890 2416 2204 2483 ἐγεγένητο,
2272 2414 2366 2469 καὶ
2401 2414 2470 2468 τὰ
2516 2419 2628 2479 τοῖς
2682 2417 2908 2488 ἄρρεσιν
2958 2418 3168 2488 ἀόρατα
3218 2414 3404 2469 ἰδοῦσα
3442 2414 3621 2484 κρίσιν
3659 2414 3819 2485 ἔσχεν
3895 2414 4025 2466 ἀσε.

742 2517 915 2579 ϐείας.

815 2609 1027 2663 Similia
1072 2606 1329 2675 Neapoli,
1378 2616 1432 2660 et
1470 2604 1595 2658 aliis
1636 2604 1689 2657 in
1735 2603 1869 2656 locis
1909 2602 2139 2669 plurima
2187 2600 2325 2654 facta

748 2706 1004 2755 dicuntur
1035 2700 1303 2768 prodigia,
1344 2714 1448 2751 non
1489 2700 1633 2765 quod
1666 2695 2002 2748 masculinns
2030 2705 2084 2746 et
2113 2693 2324 2747 femini-

744 2810 846 2847 nus
874 2809 1033 2847 sexus
1056 2790 1257 2860 379a
1310 2791 1363 2842 in
1395 2789 1670 2857 geminum
1705 2785 1880 2839 locum
1906 2784 2204 2837 collocatus
2232 2784 2321 2848 sit,

743 2885 888 2952 quod
947 2883 1060 2935 ﬁeri
1113 2897 1217 2932 nun
1251 2889 1449 2945 potest,
1498 2892 1682 2929 verum
1729 2875 1857 2944 quia
1910 2884 2099 2926 natura
2137 2873 2313 2939 aliqua

745 2978 985 3029 membra
1022 2974 1290 3040 corporis,
1324 2970 1377 3025 in
1430 2969 1708 3022 hominum
1739 2978 2043 3034 stuporem,
2070 2972 2126 3018 et
2170 2963 2319 3016 frau-

744 3070 863 3121 dem
895 3064 1033 3119 falso
1080 3062 1373 3118 describat.
1405 3059 1587 3126 Quare
1618 3073 1715 3112 nos
1743 3060 1858 3111 haec
1893 3055 2054 3125 digna
2103 3056 2321 3109 censui-

746 3176 865 3212 mus
904 3173 1022 3227 qua:
1054 3157 1249 3209 litteris
1282 3169 1387 3208 nun
1422 3149 1801 3207 oblectationis
1818 3147 2319 3215 causalegentium,

744 3254 838 3306 sed
870 3252 1121 3305 utilitatis
1153 3248 1568 3302 mandarentur.
1589 3242 1742 3295 Multi
1765 3243 1909 3295 enim
1938 3240 2320 3309 superstitiose

2518 2600 2749 2668 Ὁμοίως
2776 2599 2821 2649 δ’
2853 2600 2911 2649 ὲν
2936 2600 3003 2667 τῇ
3039 2596 3311 2650 Νεαπόλει
3367 2594 3463 2647 καὶ
3516 2593 3636 2645 κατ’
3690 2592 3886 2654 ἄλλους
3931 2593 4023 2646 τό·

2432 2710 2566 2755 πους
2586 2692 2893 2751 πλείονας⁷³
2916 2688 3255 2757 ἱστοροῦνται
3283 2686 3564 2754 γεγονέναι
3582 2684 3831 2737 τοιαῦται
3867 2702 4022 2755 περι-

2430 2785 2663 2847 πέτειαι,
2685 2784 2784 2835 οὐκ
2814 2782 3043 2851 ἄρρενος
3066 2782 3162 2833 καὶ
3196 2779 3416 2849 θηλείας
3454 2776 3669 2843 φύσεως
3697 2780 3777 2838 εἰς
3821 2778 4017 2846 δίμορο

2432 2891 2530 2940 φον
2566 2872 2738 2924 τύπον
2763 2873 2807 2903 ⁷³
2833 2871 3335 2940 δημιουργηθείσης
3369 2871 3649 2936 (ἀδύνατον
3678 2868 3788 2935 γὰρ
3815 2868 4021 2932 τοῦτο),

2428 2961 2567 3014 ἀλλά
2588 2964 2685 3030 τῆς
2712 2961 2924 3029 φύσεως
2949 2961 3036 3012 δια
3062 2960 3169 3012 τῶν
3182 2958 3277 3011 τοῦ
3302 2959 3549 3028 σώματος
3567 2960 3749 3027 μερῶν
3773 2958 3824 3028 [ι
3843 2940 4023 3011 1491ιῖ

2431 3053 2925 3124 ψευδογραφούσης
2971 3056 3051 3115 εἰς
3100 3050 3363 3120 ἔκπληξιν
3408 3053 3498 3103 καὶ
3540 3053 3757 3119 ἀπὲτην
3786 3050 3897 3102 τῶν
3928 3051 4023 3101 ἀν-

2428 3143 2684 3215 θρώπων.
2714 3144 2919 3212 Διόπερ
2950 3144 3046 3195 καὶ
3066 3144 3111 3175 ⁷⁸
3137 3145 3297 3213 ἡμεῖς
3332 3143 3430 3202 τας
3479 3142 3835 3210 περιπετείας
3888 3141 4021 3193 ταῦ-

2426 3254 2523 3298 τας
2549 3236 2875 3305 ἀναγραφῆς
2903 3234 3241 3305 ἠξιώσαμεν,
3261 3236 3321 3285 οῦ
3352 3234 3711 3302 ψυχαγωγίας
3732 3234 3849 3286 ἀλλ’
3872 3234 4019 3301 ὠφε-

747 3352 937 3411 putaut
976 3342 1088 3394 haéc
1151 3340 1395 3408 prodigia
1438 3350 1580 3398 esse,
1629 3349 1728 3388 nec
1767 3333 1943 3387 solum
1987 3331 2183 3393 rudes,
2227 3329 2320 3383 sed

2430 3329 2574 3391 λείας
2604 3329 2765 3381 ἕνεκα
2796 3328 2907 3380 τῶν
2931 3326 3439 3394 ἀναγινωσκόντων.
3501 3324 3695 3375 Πολλοὶ
3718 3326 3831 3393 γὰρ
3856 3324 4020 3392 τέρα-

745 3436 905 3485 t-tiam
942 3434 1167 3498 integra:
1200 3440 1386 3499 gentes
1409 3437 1461 3481 et
1491 3427 1674 3480 urbes.
1708 3424 1873 3477 Fama
1907 3432 1988 3477 est
2023 3422 2177 3475 initio
2199 3420 2325 3475 belli

744 3525 980 3587 Marsici,
1003 3524 1155 3589 juxta
1173 3521 1398 3574 Romam
1416 3519 1609 3573 Italum
1630 3517 1919 3586 quemdam
1936 3514 2326 3583 Androgynum

746 3635 916 3672 uxore
945 3619 1102 3670 ducta
1127 3614 1403 3683 prioribus
1438 3626 1543 3666 non
1574 3609 1902 3671 absimilem,
1939 3621 2091 3660 reum
2120 3604 2323 3659 factum

745 3711 887 3780 apud
914 3719 1157 3764 senatum
1186 3706 1376 3769 fuisse,
1420 3703 1512 3772 qui
1540 3700 1954 3771 superstitiosus
1981 3698 2235 3758 nimium,
2269 3705 2325 3749 et

744 3825 772 3861 a
797 3804 1098 3875 Tyrrhenis
1132 3800 1476 3867 aruspicibus
1508 3808 1824 3865 persuasus,
1853 3792 2125 3847 hominem
2145 3790 2322 3842 vivqu

739 3897 903 3964 jussit
928 3893 1081 3947 exuri
1144 3889 1341 3943 Verum
1376 3898 1599 3941 senatus
1631 3887 1889 3954 ignorans
1924 3882 2195 3946 morbum,
2240 3881 2323 3933 in-

739 3990 885 4055 juste
928 3987 1071 4037 hunc
1115 3981 1311 4037 similis
1364 3978 1784 4047 participantem
1821 3973 2040 4042 quidem
2091 3982 2322 4035 naturw,

746 4097 850 4133 non
883 4093 1069 4131 revera
1105 4085 1288 4128 autem
1323 4080 1649 4134 monstrum,
1681 4067 1984 4121 damnavit.
2013 4064 2129 4118 Non
2156 4064 2324 4116 multo

746 4182 867 4243 past
901 4170 1264 4223 Athenienses
1296 4166 1486 4219 eadem
1513 4162 1579 4217 de
1605 4176 1769 4215 causa
1800 4159 2046 4211 morbum
2069 4158 2325 4225 ignoran-

746 4276 849 4324 tes,
876 4263 1165 4329 quemdam
1189 4260 1368 4312 vivum
1405 4256 1479 4308 ait
1514 4253 1811 4307 exussisse.
1845 4248 2129 4318 Nugantur
2156 4247 2321 4301 etiam

744 4355 965 4423 quidam
992 4356 1212 4423 hytenas
1245 4350 1530 4416 utriusque
1553 4355 1761 4398 natura:
1783 4356 1907 4394 esse
1933 4340 2067 4405 (56),
2099 4348 2153 4391 et
2179 4340 2321 4391 intra

744 4463 943 4503 auuum
981 4446 1081 4499 sibi
1110 4443 1342 4496 invicem
1384 4439 1566 4501 coire;
1598 4439 1693 4489 sed
1725 4448 1812 4486 res
1849 4441 1960 4484 tota
1994 4430 2149 4481 falsa.
2184 4428 2319 4481 Nam

740 4553 1033 4607 utramque
1076 4548 1325 4589 naturam
1373 4529 1706 4597 simplicem,
1755 4535 1809 4577 et
1852 4541 1956 4579 non
2008 4522 2320 4590 permistam

2427 3439 2495 3474 τα
2531 3421 2598 3473 τὰ
2654 3420 2883 3474 τοιαῦτα
2938 3420 3250 3489 νομίζοντες
3316 3415 3457 3470 εἶναι
3508 3417 4019 3485 δεισιδαιμονοῦσιν,

2428 3515 2529 3567 οὐκ
2583 3513 2793 3565 ἱδιῶται
2844 3516 3005 3581 μόνον
3048 3511 3187 3564 ἀλλά
3228 3511 3321 3561 καὶ
3354 3508 3480 3577 ἔθνη
3508 3509 3601 3560 καὶ
3623 3508 3832 3571 πόλεις.
3884 3510 4019 3562 Κατ’

2427 3606 2600 3674 ἀρχὰς
2637 3603 2765 3672 γοῦν
2790 3601 3191 3673 τοῦΜαρσικοῦ
3221 3600 3459 3669 πολέμου
3488 3600 3717 3669 πλησίον
3749 3600 3854 3669 τῆς
3890 3601 4021 3653 Ῥώ-

2434 3714 2542 3766 μης
2601 3694 2853 3749 οἰκοῦντὰ
2905 3711 3071 3761 φασιν
3120 3692 3406 3757 Ἰταλικὸν,
3458 3692 3821 3760 γεγαμηκότα
3848 3709 4019 3761 παρα-

2428 3788 2657 3857 πλήσιον
2692 3790 2802 3845 τοῖς
2841 3786 3152 3856 εἰρημένοις
3207 3784 3554 3854 ἀνδρόγυνον,
3616 3784 4015 3852 προσαγγεῖλαι

2426 3881 2491 3946 τῇ
2551 3877 2861 3947 συγκλήτῳ,
2923 3877 3022 3944 τὴν
3077 3875 3135 3927 δὲ
3182 3874 3728 3941 δειειδαιμονήσασαν
3771 3875 4019 3933 καὶτοῖς

2426 3968 2534 4022 ἀπὸ
2555 3966 2865 4039 Τυρρηνίας
2899 3966 3236 4035 ίεροσκόποις
3264 3963 3579 4015 πεισθεῖσαν
3631 3962 3813 4026 ζῶντα
3846 3979 4013 4032 προσ-

2426 4060 2585 4124 τάξαι
2646 4059 2868 4111 καῦσαι.
2904 4056 3105 4109 Τοῦτον
3154 4057 3254 4125 μὲν
3308 4054 3400 4107 οὖν
3447 4053 3639 4123 όμοεας
3690 4071 3989 4121 κεκοινωνη

2428 4151 2561 4204 κότα
2606 4148 2843 4216 φύσεως,
2879 4146 2995 4199 ἀλλ’
3020 4146 3081 4198 οὐ
3134 4146 3271 4217 πρὸς
3308 4144 3568 4213 ἀλήθειαν
3601 4144 3766 4212 τέρας
3787 4161 4014 4212 γεγενη-

2430 4245 2610 4314 μένον,
2643 4245 2805 4310 φασὶν
2840 4241 3035 4308 ἀγνοίᾳ.
3063 4240 3165 4307 τῆς
3214 4237 3370 4288 νόσου
3410 4236 3559 4304 παρά
3621 4237 3682 4287 τὸ
3737 4238 4013 4306 προσῆκον

2428 4337 2788 4390 ἀπολωλέναι.
2821 4334 2954 4385 Μετ’
2980 4332 3161 4397 ὀλίγον
3193 4330 3250 4381 δὲ
3281 4329 3375 4381 καὶ
3420 4329 3550 4396 παρ’
3581 4326 3895 4397 Ἀθηναίοις
3923 4326 4011 4378 τοῦ

2424 4428 2667 4480 τοιούτου
2688 4424 2985 4493 γενομένου
3005 4422 3093 4473 διὰ
3114 4422 3213 4489 τὴν
3230 4420 3453 4486 ἄγνοιαν
3481 4417 3574 4470 τοῦ
3606 4416 3817 4480 πάθους
3839 4417 4011 4480 ζῶντα

2429 4536 2559 4587 φασι
2586 4520 2633 4549 ⁷⁵
2660 4514 3026 4583 κατακαῆναι.
3047 4513 3155 4565 Καὶ
3179 4512 3288 4580 γὰρ
3322 4512 3415 4571 τάς
3440 4510 3485 4539 ’⁷
3529 4509 3835 4577 λεγομένας
3890 4510 4002 4561 ὑαί-

741 4599 964 4695 habent,
1006 4638 1061 4681 et
1094 4607 1232 4681 male
1270 4622 1613 4678 tradiderunt
1654 4619 1713 4680 ii,
1766 4617 1855 4685 qui
1892 4625 2096 4668 temere
2130 4614 2319 4665 obser-

2432 4630 2525 4673 νας
2579 4611 2723 4670 τινὲς
2777 4606 3169 4677 μυθολογοῦσιν
3228 4603 3465 4671 ἄρρενας
3526 4601 3642 4668 ἅμα
3669 4601 3762 4650 καὶ
3791 4599 4008 4668 θηλείας

745 4732 959 4778 varunt.
1008 4718 1255 4774 Muliebri
1294 4715 1448 4769 sexui
1482 4710 1697 4777 adjacet
1739 4708 1996 4777 quiddam
2028 4704 2207 4757 simile
2234 4717 2321 4756 se-

740 4815 987 4870 cundum
1024 4819 1275 4863 naturain
1320 4803 1460 4871 parti
1507 4800 1647 4853 virili
1676 4837 1691 4861 ,
1748 4807 1804 4850 et
1852 4795 1993 4847 virili
2041 4792 2321 4847 contrario

743 4906 903 4961 modo
929 4904 1072 4971 quod
1109 4898 1311 4954 referat
1333 4895 1568 4959 speciem
1594 4891 1897 4944 muliebris.
1925 4888 2050 4940 llaec
2099 4886 2318 4954 quidem

741 5002 808 5053 de
837 4995 1090 5051 omnibus
1120 4989 1447 5045 animalibus
1476 5002 1579 5040 non
1609 4981 2006 5040 crescentibus,
2031 4988 2080 5031 et
2110 4979 2175 5029 ad
2200 4992 2320 5045 per-

742 5090 942 5145 feCtum
998 5088 1393 5139 incrementum
1448 5080 1754 5147 pertingere
1808 5091 1912 5125 non
1984 5072 2317 5134 valentibus,

740 5182 988 5252 quamvis
1030 5180 1197 5231 multa
1254 5186 1305 5229 et
1334 5174 1481 5226 varia
1523 5185 1707 5223 revera
1766 5164 2018 5219 accidant
2050 5163 2316 5229 prodigia,

741 5275 887 5327 dicta
923 5280 1049 5325 sunt
1081 5271 1146 5322 all
1174 5266 1615 5333 SUperslitionem
1656 5260 1968 5312 tollendam.

2433 4703 2721 4772 ὑπάρχειν,
2758 4702 2853 4753 καὶ
2897 4697 3029 4767 παρ’
3069 4695 3316 4749 ἐνιαυτὸν
3354 4694 3592 4765 ἀλλήλας
3644 4692 3885 4761 ὀχεύειν,
3918 4693 4010 4760 τῆς

2429 4794 2683 4862 ἀληθείας
2700 4792 2796 4860 οὐχ
2825 4788 3000 4849 οὕτως
3035 4785 3286 4855 ἐχούσης.
3317 4782 3611 4853 Ἑκατεροῦ
3637 4781 3748 4850 γὰρ
3780 4780 3881 4835 τοῦ
3926 4780 4010 4846 γέ-

2428 4902 2549 4947 νους
2599 4882 2777 4949 ἁπλῆν
2827 4880 3041 4948 ἔχοντος
3100 4877 3194 4929 καὶ
3250 4874 3608 4942 ἀνεπίμικτον
3662 4873 3762 4942 τὴν
3826 4872 4004 4939 φύσιν,

2430 4975 2802 5046 προσώρισται
2836 4970 2898 5022 τὸ
2926 4966 3340 5038 ψευδογραφοῦν
3385 4966 3472 5017 καὶ
3526 4964 4007 5032 παρακρουόμειοι

2429 5070 2556 5130 τοὺς
2589 5068 2709 5135 εἰκῇ
2747 5062 3088 5131 θεωροῦντας
3118 5077 3130 5088 ·
3162 5061 3228 5129 τῇ
3262 5058 3360 5127 μὲν
3401 5056 3575 5126 γάρ⁷⁸
3618 5055 3811 5124 θηλείᾳ
3850 5056 4008 5122 πρόσ-

2431 5156 2611 5208 κειταί
2638 5172 2688 5206 τι
2717 5153 2858 5204 κατὰ
2890 5152 2988 5220 τὴν
3013 5149 3176 5217 φύσιν
3212 5146 3568 5218 παρεμφερὲς
3597 5145 3789 5215 ἆρρενι
3816 5146 4004 5213 μορίῳ,

2427 5249 2503 5317 τῷ
2532 5248 2587 5299 δὲ
2628 5247 2818 5317 ἄρρενι
2860 5242 3001 5296 κατὰ
3058 5242 3118 5293 τὸ
3166 5239 3405 5293 ἐναντίον
3450 5239 3687 5305 ἔμφασις
3708 5240 3754 5268 ⁷⁸
3792 5236 4007 5304 θηλείας

742 5364 975 5433 φύσεως.
1042 5361 1097 5413 Ὀ
1138 5361 1180 5411 δ’
1228 5358 1389 5418 αὐτὸς
1458 5357 1613 5419 λόγος
1670 5353 1763 5403 καὶ
1820 5351 1910 5400 ἐπὶ
1963 5363 2178 5401 παντων
2218 5345 2324 5395 τῶν
2367 5342 2541 5406 ζώων,
2575 5339 2885 5408 γενομένων
2917 5337 2963 5367 ⁸⁸
2999 5336 3099 5406 μὲν
3162 5335 3297 5407 πρὸς
3355 5331 3617 5402 ἀλήθειαν
3655 5330 3866 5383 πολλῶν
3914 5328 4006 5381 καὶ

2038 5454 2269 5510 νΑιιιιΕ
2313 5449 2716 5507 LEC'l‘lONES.

846 5574 890 5608 ⁷³
910 5574 1147 5635 πλείονες
1171 5570 1233 5623 Β.
1309 5569 1356 5599 ⁷⁵
1374 5566 1544 5619 τύπον
1576 5561 1616 5613 Β
1648 5558 1851 5635 τῃτὸπον
1881 5574 1942 5620 ς.

744 5647 788 5679 τ’
828 5646 1061 5716 ἔμφασις
1095 5631 1143 5695 Β.
1170 5652 1225 5694 et
1254 5654 1396 5694 corr.
1430 5638 1473 5688 Α
1506 5651 1519 5684 '.
1546 5631 1811 5700 ἐμφάσεις
1828 5645 1889 5691 ς.

2021 5556 2068 5584 ’⁸
2085 5554 2175 5606 καὶ
2210 5552 2331 5605 add.
2371 5548 2430 5601 Β.

1967 5625 2011 5656 ⁸ο
2049 5623 2231 5678 malim
2262 5619 2581 5687 γινομένων.

2508 5549 2554 5579 ⁷⁸
2585 5565 2717 5617 φησι
2746 5562 2806 5609 ς’.
2913 5547 2958 5577 "
2984 5544 3078 5597 καὶ
3103 5546 3212 5615 γάρ
3244 5544 3339 5597 καὶ
3361 5560 3413 5597 τ.
3437 5560 3499 5606 ς’.
3575 5543 3620 5575 ’⁸
3653 5542 3762 5610 γὰρ
3790 5537 3909 5592 adJ-
3942 5539 3999 5591 Β·

2255 5709 2488 5765 NOTAE.

815 5828 925 5900 (56)
950 5828 1218 5884 Palladius
1256 5824 1320 5878 de
1346 5820 1547 5894 hymnis
1579 5818 1629 5873 in
1666 5812 1783 5868 \‘ita
1818 5809 2063 5877 Macarii,
2092 5815 2143 5863 et
2174 5805 2404 5862 fortasse
2439 5799 2774 5856 Basbeuuius
2804 5799 2856 5852 in
2885 5796 3167 5866 Legationc
3186 5792 3507 5865 Byzantina.
