4206 6436
278 412 419 479 1389

1321 406 1842 471 BIBLIOTHECA.
1884 431 1953 445 -·
1979 405 2141 466 COD.
2179 406 2466 469 CCXLIV.

3402 410 3535 479 1390

273 527 641 579 παντοδαπῶν
669 526 933 597 τεράτων,
972 526 1047 595 μὴ
1099 526 1451 596 τρεφομένων
1510 525 1565 578 δὲ
1653 523 1748 576 καὶ⁸
1799 522 1877 583 είς
1946 522 2159 576 τελείαν
2206 523 2432 593 αὔξησιν
2479 522 2655 578 ἐλθεῖν
2696 522 2755 575 οὐ
2805 522 3137 594 δυναμένων.
3188 523 3377 579 Ταῦτα
3433 529 3535 598 μὲν

271 617 520 686 εἰρήσθω
543 618 677 687 πρὸς
699 617 983 685 διόρθωσιν
1011 616 1447 685 δεισιδαιμονίας.

360 709 421 763 '0
451 711 551 777 μὲν
572 708 666 762 οὖν
693 710 956 779 Διόδωρος
994 712 1129 779 πρὸς
1158 709 1236 778 τῷ
1269 709 1415 761 τέλει
1453 708 1547 762 τοῦ
1582 708 1659 777 λβ¹
1693 708 1856 775 λόγου
1883 704 1936 763 Α

1883 704 1936 763 Α
2034 704 2153 758 Hinc
2195 703 2459 759 Diodorus
2482 704 2632 759 circa
2660 704 2819 760 linem
2850 706 2971 763 libri
3005 709 3262 766 tricesimi
3306 710 3529 771 secundi

269 799 379 864 τῆς
441 797 781 865 ἰστορικῆς
833 800 997 853 αὑτοῦ
1048 802 1446 869 πραγματείας
1503 796 1742 852 τοσαῦτα
1776 798 1854 850 δι-

272 889 449 954 έξεισι
473 904 488 918 ·
533 891 627 941 καὶ
663 888 892 942 sumes
935 892 1174 944 πλεῖστοι
1213 891 1466 952 τοιαύτας
1502 888 1854 960 περιπετείας

274 977 652 1046 ἱστορήκασιν.

886 1069 981 1122 Ἐκ
1014 1068 1121 1122 τοῦ
1153 1070 1263 1122 16'.

363 1159 449 1218 Ὠς
493 1158 763 1227 Ἀντίοχος
786 1162 814 1210 ὁ
848 1158 1123 1227 βασιλεὺς,
1156 1161 1322 1227 φησὶν
1349 1160 1419 1223 ⁸⁸,
1449 1160 1758 1230 ἐπολιόρκει
1784 1162 1855 1212 τὰ

291 1248 670 1317 Ἰεροσόλυμα,
716 1250 766 1300 οἱ
799 1249 855 1301 δὲ
898 1249 1139 1302 Ἰουδαὶοι
1199 1250 1361 1321 μέχρι
1404 1248 1505 1319 μέν
1544 1268 1689 1313 τινος
1725 1253 1855 1305 άντ-

275 1339 461 1407 έσχον,
512 1339 957 1403 ἐξαναλωθέντων
1002 1340 1058 1391 δὲ
1104 1340 1213 1392 τῶν
1251 1341 1569 1409 ἐπιτηδείων
1599 1342 1854 1396 ἁπάντων

274 1428 704 1500 ἡναγκάσθησαν
728 1431 855 1498 περὶ
878 1429 1174 1491 διαλύσεως
1199 1430 1751 1500 διαπρεσϐεύσασθαι.
1782 1430 1850 1487 Οἱ

277 1520 336 1572 δὲ
366 1522 587 1583 πλείους
624 1520 771 1588 αὐτῷ
801 1521 907 1573 τῶν
935 1522 1103 1589 φίλων
1133 1521 1515 1583 συνεϐούλευον
1545 1524 1684 1577 κατὰ
1722 1525 1851 1596 κρά-

272 1627 372 1671 τος
404 1612 655 1679 αἱρήσειν
691 1610 790 1680 τὴν
828 1611 981 1663 πόλιν
1017 1612 1111 1664 καὶ
1149 1611 1209 1662 τὸ
1249 1610 1403 1677 γένος
1439 1612 1607 1681 ἄρδην
1637 1614 1851 1667 ἀνελεῖν

272 1701 389 1752 τῶν
429 1701 695 1754 Ἰουδαίων
716 1718 729 1731 ·
771 1702 964 1769 μόνους
994 1704 1101 1771 γὰρ
1130 1702 1383 1755 ἁπάντων
1414 1702 1583 1754 ἐθνῶν
1616 1705 1849 1757 ἀκοινω-

273 1792 473 1858 νήτους
509 1788 649 1843 εἶναι
679 1792 777 1858 τῆς
806 1793 940 1858 πρὸς
970 1792 1095 1843 ἄλλο
1122 1793 1271 1852 ἔθνος
1307 1792 1582 1861 ἐπιμιξίας
1614 1794 1710 1846 καὶ
1753 1812 1851 1847 m-

271 1876 498 1943 λεμίους
533 1878 933 1946 ὑπολαμϐάνειν
964 1880 1192 1941 πάντας.
1244 1880 1617 1933 Ἀπεδείκνυον
1652 1880 1711 1934 ὁὶ
1754 1883 1850 1935 καὶ

270 1968 404 2029 τοὺς
437 1968 732 2035 προγόνους
763 1969 942 2021 αὐτῶν
989 1969 1063 2031 ὠς
1110 1970 1325 2033 ἀσεϐεῖς
1362 1971 1455 2023 καὶ
1490 1973 1848 2042 μισουμένους

1957 794 2317 849 Historiarum
2349 797 2705 866 prosequitur,
2744 796 2869 854 licet
2895 800 3058 855 etiam
3084 800 3200 864 alii,
3234 812 3289 858 et
3313 803 3533 873 plurimi

1956 887 2020 939 de
2050 887 2306 956 prodigiis
2336 886 2654 955 scripserint
2683 888 2817 957 (57).

2340 1067 2424 1121 Ea:
2453 1069 2587 1123 libro
2625 1070 2888 1125 tricesimo
2929 1085 3133 1141 quarto.

2025 1159 2320 1224 Obsidenti,
2360 1162 2559 1230 inquit,
2590 1161 2857 1216 Antiocho
2884 1164 2994 1232 regi
3033 1165 3427 1237 Hierosolyma,
3459 1184 3526 1226 eo

1956 1266 2126 1319 usque
2152 1249 2321 1306 Judaei
2358 1254 2695 1316 restiterunt,
2727 1254 2901 1309 donec
2918 1257 3218 1311 necessaria
3238 1260 3418 1313 omnia
3442 1262 3527 1315 de-

1953 1339 2227 1396 fecissent.
2264 1343 2415 1399 Tunc
2445 1344 2509 1399 de
2535 1345 2907 1413 componenda
2931 1362 2988 1399 re
3009 1347 3207 1416 legatos
3237 1350 3525 1414 miserunt,

1952 1444 2006 1486 et
2038 1446 2132 1487 eos
2159 1433 2445 1503 plerosque
2471 1437 2651 1507 regios
2669 1437 2892 1492 amicos.
2934 1439 3117 1508 itaque
3140 1456 3363 1496 suasere
3390 1447 3524 1513 regi,

1954 1530 2011 1575 ut
2043 1523 2305 1578 violenter
2342 1526 2527 1579 urbem
2565 1526 2824 1592 dirueret,
2864 1536 2920 1583 et
2952 1540 3163 1598 gentem
3214 1530 3525 1587 Judzeorum

1952 1610 2190 1668 funditus
2222 1624 2509 1670 everteret.
2542 1616 2699 1673 Solos
2728 1620 2871 1672 enim
2907 1636 3001 1674 eos
3054 1635 3177 1676 esse
3205 1623 3295 1691 qui
3325 1624 3521 1693 3790

1952 1718 2073 1758 cum
2106 1704 2225 1760 aliis
2253 1706 2501 1775 gentibus
2539 1708 2673 1761 nihil
2708 1709 2947 1764 habeant
2984 1726 3292 1777 commune,
3324 1724 3378 1767 et
3406 1730 3525 1769 om-

1952 1808 2047 1847 nes
2070 1794 2121 1848 in
2149 1795 2382 1850 hostium
2403 1812 2630 1853 numero
2663 1810 2890 1868 ponant,
2912 1810 2966 1856 et
3004 1804 3208 1857 clarum
3238 1820 3360 1860 esse
3389 1823 3527 1874 quo-

1952 1886 2109 1939 modo
2151 1886 2378 1953 majores
2418 1902 2605 1943 eorum
2642 1931 2657 1954 ,
2693 1900 2751 1945 ut
2790 1892 2938 1961 impii
2977 1902 3031 1948 et
3080 1898 3448 1952 exsecrabiles
3489 1916 3519 1951 τι

1950 1974 2053 2028 diis
2102 1989 2168 2030 ex
2204 1978 2348 2033 omni
2391 1978 2619 2049 Egypto
2653 1983 2884 2049 expulsi,
2925 1994 2977 2039 et
3009 1988 3280 2053 quomodo
3320 1990 3519 2057 leprosi

275 2056 385 2108 ὑπὸ
412 2057 519 2109 τῶν
553 2060 598 2091 υ
632 2058 770 2110 θεῶν
802 2058 860 2123 ἐξ
895 2058 1113 2127 ἁπάσης
1152 2061 1250 2127 τῆς
1290 2040 1565 2129 Αἰγύπτου
1596 2040 1846 2133 mu...
1876 2040 1920 2094 ⁸

1876 2040 1920 2094 Β
1948 2064 2230 2120 confertim
2262 2068 2377 2122 loco
2405 2072 2771 2127 mundatiouis
2796 2075 2939 2127 velut
2965 2075 3265 2132 detestandi
3306 2080 3518 2148 profugi

268 2148 585 2217 δευμένους.
626 2151 764 2212 Τοὺς
796 2151 903 2220 γὰρ
945 2152 1149 2219 ἀ).φοὺς
1193 2152 1225 2221 ἢ
1273 2152 1479 2223 λέπρας
1518 2154 1738 2223 ἔχοντας
1786 2160 1846 2211 ἐν

267 2244 386 2301 τοῖς
420 2240 653 2309 σώμασι,
685 2241 970 2311 καθαρμοῦ
1006 2244 1165 2313 χάριν
1196 2244 1271 2308 ὡς
1308 2248 1521 2315 ἐναγεῖς
1558 2249 1844 2319 συναθροι-

270 2328 525 2393 σθέντας,
569 2329 695 2401 [619
739 2330 830 2403 ΙΙ.]
872 2333 1199 2402 ὑπερορίους
1246 2334 1609 2405 ἐκϐεϐλῆσθαι
1648 2356 1663 2370 ο
1719 2339 1845 2403 τοὺς

266 2420 329 2472 δὲ
389 2421 766 2492 ὲξορισθέντας
824 2425 1228 2479 καταλαϐέσθαι
1286 2428 1387 2495 μὲν
1433 2429 1559 2491 τοὺς
1608 2430 1846 2500 περὶτὰ

286 2511 633 2582 Ἱεροσόλυμα
655 2515 872 2577 τόπους,
908 2516 1349 2585 συστησαμένους
1385 2517 1441 2570 δὲ
1474 2519 1534 2570 τὸ
1563 2519 1673 2572 τῶν
1714 2522 1845 2573 Ἰου-

262 2602 439 2655 δαίων
480 2603 629 2665 ἔθνος
673 2606 1049 2674 παραδόσιμον
1084 2608 1304 2677 ποιῆσαι
1341 2608 1402 2659 τὸ
1436 2611 1591 2676 μῖσος
1618 2610 1678 2662 τὸ
1708 2613 1845 2679 πρὸς

264 2696 397 2754 τοὺς
451 2694 775 2763 ἀνθρώπους
823 2697 905 2728 ⁸³·
948 2696 1035 2749 διὰ
1082 2697 1237 2750 τοῦτο
1293 2699 1348 2751 δὲ
1398 2700 1443 2731 ⁸⁵
1492 2700 1584 2752 καὶ
1634 2700 1843 2769 νόμιμα

268 2785 551 2846 παντελῶς
583 2786 965 2855 ἐξηλλαγμένα
996 2788 1333 2853 καταδεῖξαι,
1362 2790 1423 2841 τὸ
1468 2791 1657 2859 μηδενὶ
1699 2791 1843 2860 ἄλλῳ

263 2873 407 2926 ἔθνει
437 2875 712 2946 τραπέζης
736 2880 1008 2930 κοινωνεῖν
1034 2880 1157 2947 μηδ’
1187 2880 1389 2933 εὐνοεῖν
1411 2881 1471 2931 τὸ
1494 2883 1751 2950 παράπαν
1772 2883 1839 2937 ⁸⁵.

278 2966 632 3036 ’Υπέμνησαν
664 2968 720 3019 δὲ
746 2968 907 3020 αὑτὸν
946 2970 1039 3021 καὶ
1071 2970 1198 3037 περὶ
1225 2969 1320 3021 τοῦ
1358 2974 1754 3039 προγενομένου
1793 2974 1840 3005 ⁸⁵

267 3057 465 3125 μίσους
490 3060 603 3120 τοῖς
638 3059 929 3128 προγόνοις
961 3060 1096 3128 πρὸς
1124 3059 1283 3113 τοῦτο
1311 3060 1371 3112 τὸ
1417 3061 1585 3125 ἔθνος.
1640 3064 1840 3116 Ἄντίο-

259 3165 360 3215 χος
387 3149 493 3216 γάρ
534 3151 560 3199 ὁ
591 3149 1052 3219 προσαγορευθεὶς
1091 3151 1414 3221 Ἐπιφανὴς,
1452 3154 1839 3224 καταπολεμή-

263 3256 368 3299 σας
382 3242 508 3300 τοὺς
542 3240 845 3302 Ἰουδαίους.
870 3240 1115 3309 εἰσῆλθεν
1135 3245 1214 3303 είς
1240 3243 1332 3295 τὸν
1355 3243 1545 3296 ἄδυτον
1574 3247 1669 3297 τοῦ
1698 3247 1835 3300 Θεοῦ

1945 2156 2097 2223 ejecti
2150 2158 2277 2223 sint,
2325 2170 2380 2213 et
2424 2176 2550 2215 mox
2585 2162 2972 2233 Hierosolymis
3015 2166 3132 2220 loca
3179 2175 3517 2226 contermina

1944 2247 2271 2315 abripientes
2292 2250 2427 2305 hanc
2451 2261 2661 2322 gentem
2682 2255 3068 2323 ordinaverint,
3096 2270 3149 2312 et
3174 2261 3357 2314 odium
3388 2276 3519 2331 erga

1942 2352 2131 2394 omnes
2165 2342 2410 2398 homines
2440 2344 2769 2400 induxerint.
2811 2347 2988 2412 Quare
3015 2360 3072 2404 et
3100 2350 3261 2405 aliam
3291 2354 3516 2406 omnino

1943 2427 2066 2481 vitae
2116 2429 2513 2485 institutionem
2556 2436 2859 2500 complecti,
2905 2453 3004 2492 nec
3036 2454 3161 2493 cum
3201 2441 3328 2494 alia‘
3354 2451 3514 2508 gente

1943 2519 2162 2574 omnino
2192 2522 2327 2576 velle
2354 2525 2659 2589 comedere,
2690 2542 2789 2581 nec
2804 2529 2965 2582 etiam
2995 2530 3129 2584 velle
3168 2530 3509 2587 benefacere.

1943 2609 2021 2662 Ad
2059 2613 2169 2666 haec
2202 2614 2250 2666 ei
2288 2614 2547 2680 majorum
2577 2618 2759 2671 odium
2806 2634 3027 2674 suorum
3070 2637 3197 2689 erga
3236 2624 3378 2677 hunc
3411 2640 3511 2694 po-

1943 2700 2120 2765 pulum
2182 2703 2234 2755 in
2266 2708 2577 2759 memoriam
2626 2722 2968 2765 revocarunt.
3020 2715 3317 2769 Antiochus
3362 2717 3508 2769 enim

1942 2791 2114 2845 dictus
2163 2792 2469 2863 Epiphanes
2514 2799 2739 2854 devictis
2786 2799 2984 2856 Judaais
3026 2805 3250 2859 intravit
3306 2805 3509 2862 Sancta

1940 2890 2267 2949 sanctorum,
2309 2887 2440 2939 adiit
2474 2888 2603 2943 solis
2631 2894 3002 2947 sacerdotibus
3046 2897 3310 2963 adeunda,
3345 2911 3400 2954 et
3427 2902 3511 2954 in-

1943 2973 2082 3025 venit
2108 2974 2301 3029 ibidem
2323 2976 2585 3044 lapideam
2618 2989 2851 3034 statuam
2895 2984 2992 3037 viri
3026 2988 3191 3040 barba
3218 2993 3503 3057 promissa,

1939 3063 2169 3116 tenentis
2200 3066 2445 3120 manibus
2474 3068 2668 3123 librum
2712 3072 3100 3144 insidentisque
3138 3080 3311 3145 asino,
3345 3097 3506 3149 quam

1937 3152 2159 3218 putabat
2203 3152 2364 3209 Mosis
2401 3172 2540 3220 esse,
2602 3164 2692 3227 qui
2739 3165 2924 3217 urbem
2972 3177 3026 3220 et
3069 3170 3399 3234 condiderit,
3453 3186 3509 3227 et

1935 3254 2144 3309 gentem
2186 3244 2446 3311 fundarit,
2478 3262 2530 3304 et
2568 3253 2790 3308 odiosas
2826 3257 2945 3311 illas
2973 3260 3224 3316 omnibus
3254 3266 3507 3331 gentibus

261 3332 456 3399 σηκὸν,
476 3322 595 3382 οὑ⁸⁷
614 3330 774 3401 [1150
791 3330 877 3395 3.]
894 3332 1120 3400 νόμιμον
1141 3332 1364 3385 εἰσιέναι
1386 3337 1542 3402 μόνον
1555 3336 1643 3387 τὸν
1662 3338 1833 3407 ἱερέα·
1860 3363 1904 3422 C

1860 3363 1904 3422 ρ
1939 3334 2081 3422 leges
2106 3334 2302 3391 tulerit.
2336 3338 2453 3406 ipse
2478 3356 2602 3395 vero
2631 3344 2851 3409 cupiens
2873 3348 3141 3402 obducere
3177 3322 3358 3404 odi—um
3381 3366 3504 3406 om-

259 3418 441 3489 εὑρὼν
481 3421 539 3472 δὲ
578 3422 635 3473 ἐν
666 3421 812 3489 αὑτῴ
841 3421 1038 3475 λίθινον
1076 3424 1298 3493 ἄγαλμα
1339 3427 1530 3496 ἀνδρὸς
1575 3428 1831 3497 βαθυπώ-
1871 3418 1904 3422 —

1871 3418 1904 3422 “
1937 3421 2081 3475 nium
2122 3426 2380 3493 gentium,
2413 3427 2557 3497 leges
2603 3431 2899 3487 dissolvere
2927 3444 3156 3490 conatus
3192 3449 3295 3492 est.
3327 3440 3504 3505 Quare

256 3527 457 3576 γωνος,
506 3512 810 3581 καθήμενον
845 3514 931 3563 ἐπ’
971 3512 1116 3576 ὄνου,
1160 3517 1297 3583 μετὰ
1330 3520 1516 3586 χεῖρας
1560 3519 1699 3589 ἔχων
1746 3522 1829 3592 βι-

257 3600 431 3663 ϐλίον,
454 3601 609 3655 τοῦτο
640 3603 738 3671 μὲν
766 3604 1001 3656 ὑπέλαϐε
1034 3606 1310 3669 Μωῡσέως
1347 3607 1392 3640 ⁸⁸
1421 3607 1560 3663 εῖναι
1584 3614 1681 3666 τοῦ
1716 3618 1831 3667 κτί-

261 3706 456 3752 σαντος
488 3691 566 3743 τά*
596 3692 937 3760 Ἰεροσόλυμα
966 3695 1057 3745 καὶ
1101 3698 1508 3765 συστησαμένου
1551 3702 1611 3752 τὸ
1655 3702 1826 3768 ἔθνος,

260 3779 397 3845 πρὸς
414 3781 471 3831 δὲ
491 3780 697 3844 τούτοις
714 3784 1175 3851 νομοθετήσαντος
1195 3785 1261 3837 τὰ
1284 3788 1641 3858 μισάνθρωπα
1659 3797 1754 3847 καὶ
1785 3795 1830 3825 "

258 3873 553 3940 παράνομα
596 3870 689 3943 ἔθη
722 3876 833 3935 τοῖς
877 3874 1174 3937 Ἰουδαίοις,
1202 3876 1363 3939 αὐτὸς
1392 3877 1448 3930 δὲ
1481 3884 1753 3951 στυγήσας
1783 3886 1827 3915 ⁹⁶

253 3965 358 4031 τὴν
388 3966 802 4035 μισανθρωπίαν
835 3969 1050 4022 πάντων
1075 3971 1244 4022 ἐθνῶν
1272 3972 1627 4045 ἐφιλοτιμήθη
1657 3994 1829 4031 κατα-

253 4054 418 4107 λῦσαι
440 4056 518 4109 ’τὰ
550 4058 757 4127 νόμιμα
779 4076 794 4090 ⁸
832 4062 911 4113 διὸ
939 4061 1016 4131 τῷ
1047 4062 1321 4131 ἀγάλματι
1354 4065 1450 4117 τοῦ
1482 4068 1698 4121 κτίστου
1734 4074 1828 4122 καὶ

250 4144 333 4212 τῷ
368 4145 617 4215 ὑπαίθρῳ
648 4148 815 4218 βωμῷ
841 4151 935 4203 τοῦ
965 4152 1099 4204 Θεοῦ
1137 4156 1376 4225 μεγάλην
1403 4152 1463 4207 ὑν
1485 4158 1653 4221 θύσας
1683 4161 1745 4212 τό
1766 4179 1825 4212 τε

250 4229 398 4301 αἷμα
417 4237 709 4303 προσέχεεν
735 4241 937 4302 αὐτοῖς,
969 4244 1061 4294 καὶ
1082 4246 1146 4295 τὰ
1173 4246 1310 4313 κρέα
1336 4247 1606 4309 σκευάσας
1658 4266 1825 4317 προσ-

248 4323 411 4387 έταξε
430 4323 506 4391 τῷ
528 4323 675 4395 [μὲν]
700 4328 807 4381 ἀπὸ
832 4332 1037 4383 τούτων
1068 4332 1233 4402 ζωμῷ
1264 4337 1361 4397 τὰς
1391 4337 1541 4407 ἱερὰς
1571 4339 1751 4393 αὑτῶν
1778 4344 1822 4373 ⁹¹

247 4412 468 4480 βίϐλους
492 4418 582 4468 καὶ
615 4421 971 4488 περιεχούσας
1001 4423 1069 4475 τὰ
1095 4426 1349 4491 μισόξενα
1384 4430 1586 4499 νόμιμα
1620 4436 1823 4503 καταρ-

245 4504 433 4572 ῥᾶναι,
474 4508 564 4558 τὴν
608 4508 664 4560 δὲ
705 4510 973 4564 ἀθάνατον
1003 4512 1290 4582 λεγόμενον
1333 4521 1461 4589 παρ’
1500 4524 1684 4585 αὐτοῖς
1728 4526 1822 4577 λύ-

244 4611 374 4662 χνον
406 4599 497 4648 καὶ
530 4600 817 4668 καιόμενον
848 4604 891 4634 ⁸³
922 4606 1283 4670 ἀδιαλείπτως
1318 4612 1374 4661 ἐν
1410 4613 1485 4680 τῷ
1511 4614 1625 4683 ναῷ
1652 4634 1820 4669 κατα-

1933 3523 2122 3567 statuae
2147 3518 2465 3582 conditoris,
2495 3528 2548 3573 et
2585 3521 2739 3575 altari
2768 3522 2861 3576 Dei
2895 3525 3126 3579 subdiali
3168 3542 3384 3596 porcam
3425 3529 3505 3584 in-

1933 3619 2142 3670 gentem
2203 3610 2560 3674 8acrilicavit,
2598 3624 2652 3666 et
2699 3614 2957 3685 sanguine
2994 3618 3115 3670 illos
3162 3619 3418 3686 perfudit,
3448 3632 3503 3676 et

1934 3715 2148 3754 carnem
2199 3717 2459 3770 coquens,
2501 3706 2664 3774 jussit
2704 3723 2890 3763 sacros
2938 3725 3126 3765 eorum
3158 3714 3324 3770 libros
3353 3758 3366 3780 ,
3408 3718 3500 3784 qui

1934 3790 2080 3857 leges
2108 3794 2472 3861 continerent,
2492 3798 2614 3864 jure
2641 3799 2731 3852 illo
2749 3805 3043 3871 corrumpi,
3069 3815 3121 3857 et
3148 3806 3451 3862 oblitterari
3481 3827 3496 3865 :

1934 3886 2104 3949 ignem
2154 3905 2424 3959 nunquam
2462 3893 2819 3958 deiicientem,
2850 3907 2904 3949 et
2956 3912 3189 3965 semper,
3229 3910 3288 3953 ut
3323 3902 3497 3967 aiunt,

1932 3980 2232 4041 ardentem,
2267 3982 2318 4033 in
2366 3985 2564 4052 templo
2605 3986 2895 4056 exstingui,
2929 3999 2982 4041 et
3024 4005 3241 4046 carnem
3281 3995 3496 4049 suillam

1931 4084 2195 4122 summum
2248 4075 2616 4139 sacerdotem,
2665 4077 2905 4147 aliosque
2947 4078 3160 4137 Judteos
3211 4086 3498 4141 comedere

1931 4163 2122 4228 coegit.
2154 4163 2277 4218 llaec
2320 4176 2601 4219 narrantes
2644 4166 2716 4220 illi
2760 4172 2953 4236 amici,.
2985 4172 3309 4228 Antiochum
3338 4180 3497 4232 vehe-

1930 4259 2135 4302 menter
2167 4253 2232 4303 ad
2270 4261 2432 4305 totam
2472 4263 2684 4322 gentem
2717 4256 3065 4323 perdendam,
3088 4270 3179 4313 aut
3209 4263 3401 4317 saltem
3427 4267 3496 4318 ad

1926 4343 2243 4396 mrteudas
2277 4343 2440 4411 leges,
2478 4355 2531 4397 et
2568 4346 2687 4399 vita:
2742 4349 3125 4404 institutionem
3161 4362 3372 4409 mutare
3401 4370 3493 4410 co-

1927 4436 2153 4499 gentium
2192 4436 2501 4488 incilaruttl.
2531 4435 2725 4491 Verum
2763 4454 2853 4494 rex
2885 4446 3282 4511 magnanimus,
3324 4449 3493 4503 mori-

1926 4524 2129 4593 busque
2163 4537 2497 4593 mansuetus,
2528 4530 2899 4599 impositisque
2926 4534 3220 4590 tolerandis
3249 4539 3487 4601 tributis,

1924 4626 1978 4667 ct
2009 4632 2159 4667 mum
2182 4619 2399 4684 privaus
2418 4620 2691 4671 civitatem
2714 4620 3229 4692 Hierosolymorum,
3251 4629 3489 4696 acceptis

243 4683 438 4735 σϐέσαι
472 4686 578 4739 τῶν
608 4706 664 4741 τε
704 4691 881 4759 κρεῶν
927 4695 1243 4761 ἀναγκάσας
1277 4699 1321 4729 ⁸³
1358 4703 1822 4769 προσενέγκασθαι
1856 4707 1897 4758 D

1361 4703 1822 4769 προσενέγκασθαι
1856 4707 1897 4758 D
1926 4708 2230 4769 obsidibus,
2266 4706 2477 4762 .lnilazos
2510 4712 2737 4764 crimine
2765 4712 3022 4767 liberavit.

238 4775 335 4825 τον
366 4777 626 4846 ἀρχιερέα
664 4782 756 4832 καὶ
785 4783 910 4845 τοὺς
933 4785 1123 4848 ἄλλους
1172 4788 1475 4852 Ἰουδαίους.
1531 4793 1716 4845 Ταῦτα
1746 4795 1810 4865 δὴ
1850 4798 2135 4863 διεξιόντες
2166 4798 2212 4848 oi
2246 4798 2389 4866 φίλοι
2411 4800 2499 4851 τὸν
2526 4801 2817 4871 Ἀντίοχον,
2855 4805 3194 4872 παρεκάλουν
3254 4808 3488 4876 μάλιστα

243 4867 346 4932 μὲν
378 4868 545 4935 ἄρδην
570 4870 777 4923 ἀνελεῖν
805 4872 865 4923 τὸ
890 4873 1057 4938 ἔθνος,
1085 4877 1133 4927 εί
1170 4877 1226 4928 δὲ
1270 4880 1366 4945 μὴ,
1416 4882 1713 4934 καταλῦσαι
1788 4888 1857 4937 τὰ
1896 4890 2095 4955 νόμιμα
2156 4889 2250 4939 καὶ
2295 4867 2833 4955 σιθναναγκάσαιητὰς
2870 4867 3089 4957 ἀγωγὰς
3134 4867 3483 4960 μεταθέσθαι.

252 4960 313 5010 ’0
350 4960 404 5010 δὲ
433 4961 683 5026 βασιλεὺς
715 4967 1089 5037 μεγαλόψυχος
1124 4969 1198 5022 ὢν
1234 4974 1326 5023 καὶ
1352 4976 1413 5025 τὺ
1440 4970 1569 5043 ἦθος
1632 4978 1857 5048 ἥμερος,
1935 4982 2111 5033 λαϐὼν
2141 4985 2383 5051 ὁμήρους
2405 4984 2639 5036 ἀπέλυσε
2672 4985 2780 5037 τῶν
2814 4989 3171 5057 ἐγκλημάτων
3200 4992 3320 5054 τοὺς
3355 4993 3486 5044 Ἰου-

237 5049 446 5114 δαίους,
501 5054 698 5119 φόρους
745 5073 804 5108 τε
852 5061 979 5121 τοὺς
1025 5062 1405 5129 ὀφειλομένους
1449 5068 1816 5137 πραξάμενος,
1857 5075 1947 5125 καὶ
1985 5076 2050 5126 τὰ
2081 5049 2246 5145 τείχη.
2265 5076 2525 5145 περιελὼν
2559 5078 2665 5131 τῶν
2702 5049 3100 5151 Ἱεροσολύμων.

317 5143 503 5196 Ταῦτα
555 5147 811 5219 Διόδωρος
856 5153 985 5220 περὶ
1032 5154 1137 5205 τῶν
1169 5158 1485 5210 Μωσαῖκῶν
1540 5161 1679 5214 ὲθῶν
1727 5166 1818 5217 καὶ

1999 5168 2118 5223 llmc
2157 5170 2414 5225 Diodorus
2463 5175 2527 5227 de
2562 5172 2807 5228 Mosaicis
2851 5177 3110 5233 institutis
3164 5192 3217 5235 et
3251 5182 3483 5252 legibus,

1512 5299 1745 5355 VARIA‘I
1789 5304 2192 5361 LECTIONES.

311 5381 354 5411 ιι
377 5382 542 5462 amat:
570 5398 677 5462 qm,
852 5387 892 5417 ⁸³
924 5388 1025 5462 ὑπο
1055 5388 1162 5439 τῶν
1193 5389 1271 5442 A:
1307 5396 1453 5462 παρὰ
1480 5413 1538 5458 ς.

234 5451 383 5502 ἁπαν
421 5452 542 5520 μηδ’
566 5453 769 5506 εὐνοεῖν
802 5474 861 5517 ς.

237 5520 276 5571 Β
308 5538 319 5571 :
351 5521 591 5585 Μωσέως
620 5540 678 5587 ς.
769 5525 812 5554 ⁸⁸
852 5527 942 5577 καὶ
961 5520 1173 5580 ιιιιιΙξΑ.

236 5590 396 5640 κάσαι
425 5588 487 5641 Β.

1684 5696 1915 5753 ΝΟΤᾹΣ.

1625 5400 1674 5430 ⁸³
1693 5401 1753 5451 τὸ
1777 5404 1911 5483 πρὸς
1938 5404 2409 5483 τοὺςηάνθρυξπους
2442 5409 2594 5483 μῖσος
2830 5410 2885 5462 δὲ
2914 5424 3018 5483 om.
3045 5411 3102 5465 Β.
3135 5482 3141 5483 γ
3179 5413 3223 5443 ⁸⁸
3250 5415 3307 5464 τὸ
3333 5431 3477 5483 παρ-

966 5457 1439 5545 ’δέπρογενομιένου
1474 5457 1513 5517 Α
1544 5485 1557 5517 :
1592 5457 1981 5545 γενομένου-ς.
2044 5457 2100 5505 ’⁸⁷
2131 5457 2215 5545 οὑᾏ

1282 5531 1327 5561 ’°
1371 5531 1667 5607 στυγήσας]
1706 5531 1826 5593 libri
1860 5531 2148 5610 συστήσας.

2314 5477 2358 5527 Α
2400 5476 2580 5531 ttialitn
2607 5475 2663 5531 οἷ

2246 5478 2283 5549 ᾑ-
2314 5478 2358 5527 Α
2378 5478 2580 5549 _tua_litn
2607 5478 2663 5531 οἷ
2754 5478 2803 5511 ⁸⁸
2830 5480 3091 5545 μωῦσέως
3116 5482 3181 5548 Α,
3228 5478 3475 5549 μωῦσέος

2243 5547 2287 5575 ἰ
2329 5545 2493 5597 αὑτοῦ
2523 5552 2586 5601 Α.

2693 5553 2737 5581 ’⁸
2757 5550 3018 5618 καόμενον
3061 5551 3116 5605 Β.
3231 5551 3277 5583 ’³
3300 5552 3477 5621 ἀναγ-

313 5774 415 5846 [57)
446 5775 618 5833 Julius
640 5779 970 5851 Obsequens,
1000 5782 1062 5837 T.
1100 5782 1304 5855 Livius,
1328 5786 1669 5858 Plutarchus,
1704 5789 1834 5849 Dion
1876 5804 1929 5849 et
1958 5795 2064 5848 alii.
