4206 6436
805 367 936 432 1391

801 569 1077 622 mentitur.
1110 568 1173 621 Et
1204 570 1254 623 in
1284 574 1706 640 reprehensione
1736 574 2042 633 Judmormn
2074 583 2241 653 380
2260 588 2366 639 ain

798 659 1081 713 mendacio
1105 674 1481 728 perseverans,
1511 679 1578 718 ne
1605 666 1708 719 sibi
1742 669 1841 736 ipsi
1879 676 2258 729 contradicere
2287 680 2367 730 vi-

796 748 1021 811 deatur,
1074 758 1326 818 tanquam
1381 754 1518 809 alios
1571 769 1853 813 narrantes
1899 761 2123 827 inducit,
2169 767 2367 833 quibus

794 839 1050 893 Antiochi
1071 840 1360 895 amicitiam
1391 842 1657 915 adjungit.
1685 847 1813 905 Haec
1839 866 2053 921 quoque
2081 857 2148 910 de
2165 855 2366 913 Iudaeis

795 926 932 985 libro
956 947 1025 987 xl.
1059 929 1397 986 Bibliotheca
1439 933 1618 989 habet.

1074 1199 1157 1253 Ea:
1195 1202 1602 1272 quadragesimo
1651 1208 1791 1263 circa
1834 1212 2078 1266 medium.

862 1286 1172 1357 Scripturus
1221 1292 1421 1345 bellum
1452 1306 1638 1350 contra
1674 1296 1890 1353 Iudaeos
1918 1317 2015 1369 par
2029 1319 2151 1359 esse
2174 1306 2363 1361 existi-

787 1380 931 1433 mavi
983 1382 1306 1449 principium
1362 1385 1511 1450 prius
1556 1398 1610 1439 et
1657 1401 1836 1443 ortum
1883 1394 2043 1463 hujus
2084 1401 2262 1465 gentis
2310 1410 2365 1453 et

786 1470 1031 1525 instituta
1052 1486 1357 1528 recensere.
1382 1475 1527 1529 Multi
1548 1481 1686 1547 apud
1702 1480 1985 1553 Egyptios
2008 1486 2137 1539 olim
2174 1492 2359 1557 perni-

784 1561 946 1615 ciosa:
990 1563 1149 1629 hujus
1186 1565 1510 1622 calamitatis
1549 1585 1769 1625 causam
1802 1576 1867 1628 ad
1912 1576 2075 1630 Deum
2096 1578 2359 1635 referunt.

783 1652 915 1706 Cum
953 1654 1106 1707 multi
1143 1665 1199 1708 et
1237 1657 1372 1710 varii
1415 1662 1680 1730 peregrini
1712 1662 2007 1734 Egyptum
2037 1668 2358 1736 incolerent,

782 1742 1015 1797 diversis
1053 1746 1397 1801 sacriﬁcandi
1433 1760 1648 1807 utentes
1694 1755 1905 1822 ritibus,
1934 1758 2139 1813 factum
2193 1774 2275 1814 est
2305 1774 2362 1815 ut

1895 380 2155 445 ΡΗΟΤῙῘ
2193 387 2693 453 PATRIARCH/E
2723 393 2825 454 (ΞΡ.

794 483 870 537 de
893 477 1170 533 conditore
1204 478 1721 553 Hierosolymorum,
1753 486 1819 541 de
1861 491 2006 544 exitu
2038 510 2103 548 ex
2140 493 2348 566 Egypti

2474 502 2739 571 νομίμων,
2781 504 2919 558 ἀλλὰ
2958 508 3053 561 καὶ
3099 511 3194 565 τοῦ
3228 512 3337 566 τῶν

3914 415 4057 479 ιδῃ

3395 514 3785 589 Ἰεροσολύμων
3833 526 4057 581 κτίστου

2470 592 2955 665 καταψευσάμενος
2996 601 3091 654 καὶ
3157 597 3331 674 αὐτῆς
3361 606 3465 675 τῆς
3496 609 3555 674 ἑξ
3610 612 3899 680 Δίγύπτου
3946 620 4058 671 τῶν

2481 682 2749 737 Ἰουδαίων
2771 687 2977 752 ἐξόδου,
3012 692 3110 743 καὶ
3144 693 3277 763 πρὸς
3301 695 3393 747 τὸν
3428 697 3653 768 ἐλέγχον
3688 704 3787 756 τοῦ
3822 704 4056 771 ψεύῶυς

2466 771 2655 842 ὥσπερ
2687 776 2865 845 ἑαυτῷ
2888 778 2951 831 τὸ
2984 780 3060 850 μή
3093 784 3257 846 αὐτὸς
3279 784 3486 841 ἁλῶναι
3517 790 4052 863 διοικονομούμενος,

2465 861 2679 931 ἑτέροις
2714 868 3028 938 περιτίθησι
3058 873 3372 941 προσώποις
3408 878 3508 948 τήν
3538 886 3667 951 περὶ
3704 861 3818 937 τῶν
3842 861 4054 954 διεψευο

2468 955 2679 1021 σμένων
2699 959 2998 1028 ἀφήγησιν,
3012 962 3116 1032 τὴν
3143 964 3417 1045 ’Δντιόχου
3435 971 3618 1037 φιλίαν
3639 974 3858 1037 τούτοις
3883 994 4053 1043 προσ-

2465 1044 2870 1098 επισυνάπτων.
2908 1050 3115 1119 Γράφει
3166 1054 3222 1107 at
3262 1044 3356 1109 ut
3398 1060 3457 1112 ἐν
3482 1062 3530 1093 ’δ
3556 1062 3634 1132 τῷ
3676 1063 3730 1133 μ’
3769 1065 3920 1135 λόγῳ
3959 1066 4052 1135 τῆς

2465 1133 2637 1201 αὐτῆς
2666 1137 3061 1209 Βιϐλιοθήκης
3092 1148 3239 1215 περὶ
3268 1148 3537 1205 Ἰουδαίων
3568 1156 3762 1211 ταῦτα.

2728 1229 2829 1283 Ἐκ
2858 1232 2965 1286 τοῦ
2997 1233 3055 1302 μ’
3080 1239 3290 1306 λόγου,
3322 1243 3459 1309 περὶ
3486 1245 3554 1299 τὸ
3575 1247 3798 1315 μέσον.

2548 1315 2740 1385 Ἡμεῖς
2777 1320 2835 1372 δὲ
2890 1324 3179 1392 μέλλοντες
3220 1332 3560 1402 ἀναγράφειν
3591 1340 3685 1391 τὸν
3731 1343 3876 1411 πρὸς
3935 1347 4053 1399 ‘lw-

2464 1408 2643 1472 δαίους
2664 1412 2923 1483 πόλεμον,
2943 1419 3144 1472 οίκεῖον
3169 1420 3307 1477 εἶναι
3330 1408 4051 1504 διαλαμϐάνομεννπροδιελ-

2465 1496 2577 1548 θεῖν
2607 1500 2665 1552 ὲν
2694 1504 3013 1587 κεφαλαίοις
3044 1510 3144 1578 τήν
3164 1529 3225 1564 τε
3249 1514 3295 1543 ’⁸
3318 1516 3412 1568 τοῦ
3437 1496 3623 1582 ἔθνους
3650 1496 3860 1577 τούτου.
3877 1527 3941 1591 ἐξ
3964 1530 4050 1597 ἀρ-

2464 1590 2565 1657 Χῆς
2606 1594 2784 1645 κτίσιν
2828 1597 2924 1649 καὶ
2952 1584 3021 1652 τά
3063 1603 3195 1670 παρ’
3236 1607 3423 1671 αὐτοῖς
3468 1611 3696 1680 νόμιμα.
3747 1584 4047 1687 Κατὰ-τήν

2464 1680 2741 1748 Αἴγυπτον
2767 1687 2830 1738 τὸ
2859 1689 3091 1744 παλαιὸν
3120 1692 3248 1764 [620
3273 1697 3365 1769 ιι]
3388 1700 3644 1772 λοιμικῆς
3669 1680 4047 1776 περιστάσεως

2463 1775 2765 1845 γενομένης
2807 1780 3126 1851 ἀνέπεμπον
3154 1789 3205 1838 oi
3238 1789 3423 1843 πολλοὶ
3453 1794 3555 1863 τὴν
3592 1775 3774 1850 αἰτίαν
3806 1801 3923 1852 τῶν
3953 1820 4049 1854 κα-

782 1839 941 1904 patrii
989 1854 1115 1906 erga
1178 1845 1309 1895 deos
1358 1843 1534 1897 cultus
1587 1846 1900 1915 deﬁcerent,
1955 1854 2098 1919 quod
2150 1853 2348 1919 incolae,

782 1929 881 1955 ..της
913 1930 1240 1955 ..1;,...ε..,.--..-
1272 1932 1599 1955 .l:--.:..__-_..
1658 1954 1665 1955 ,
1688 1953 1698 1955 _
1726 1940 1788 1955 ,u-
1948 1941 1959 1952 ο
2025 1942 2056 1955 μ
2096 1944 2107 1953 .
2247 1945 2269 1955 -

2472 1839 2795 1920 κῶν-ἐπὶΠτδ
2829 1839 3104 1941 δαιμόνιον
3126 1893 3143 1907 ·
3173 1839 3524 1955 ⁷γὰρ
3551 1889 3645 1939 καὶ
3680 1893 4047 1949 παντοδαπῶν

782 1929 883 1982 nisi
913 1930 1242 1999 alienigenas
1268 1932 1627 1997 dimitterent.
1656 1940 1920 1993 malorum
1948 1941 2203 1996 indicium
2243 1945 2359 1999 fore

779 2019 1036 2086 suspicati
1098 2030 1245 2073 sunt.
1306 2020 1496 2075 Statim
1548 2025 1731 2094 itaque
1767 2044 1832 2082 ex
1876 2032 2062 2099 ejectis
2118 2036 2359 2105 profugis

778 2113 1211 2178 pt‘mstantissimi
1236 2112 1703 2186 eﬂicacissimique
1725 2122 1800 2189 (ut
1820 2124 2036 2191 quidam
2065 2130 2356 2198 nugantur)

780 2202 831 2253 in
860 2200 1145 2267 Graeciam,
1184 2204 1409 2273 locaque
1442 2208 1615 2262 vicina
1650 2211 1817 2280 illapsi
1858 2225 2003 2280 sunt,
2039 2229 2357 2284 prmstantes

778 2293 1038 2345 habentes
1096 2296 1370 2365 ductores,
1418 2312 1646 2365 quorum
1706 2304 1977 2374 principes
2038 2306 2269 2365 Danaus
2302 2323 2358 2366 et

773 2383 1013 2439 Cadmus
1039 2388 1383 2442 exstiterunt.
1429 2390 1655 2460 lteliqua
1688 2410 1813 2449 vero
1839 2399 1991 2451 turba
2015 2415 2133 2455 eam
2176 2406 2355 2473 regio-

774 2491 919 2538 nem,
960 2490 1079 2544 qua:
1101 2493 1242 2532 nunc
1263 2477 1446 2534 Judma
1483 2484 1699 2550 dicitur,
1732 2503 1838 2541 non
1866 2494 2048 2557 proettl
2078 2496 2146 2548 ab
2182 2496 2353 2565 ,Εεν-

772 2578 866 2634 pto
897 2568 1213 2634 distantem,
1245 2580 1301 2624 et
1341 2572 1393 2624 in
1424 2573 1512 2627 illa
1544 2591 1715 2645 usque
1750 2588 1989 2647 tempora
2020 2586 2237 2651 penitus
2260 2590 2354 2641 de-

772 2670 975 2712 sertam
1005 2662 1308 2728 occupavit.
1341 2662 1492 2721 Hanc
1523 2682 1684 2735 porro
1704 2671 1975 2726 coloniam
2010 2675 2184 2732 Moses
2222 2671 2351 2747 pru-

770 2750 949 2803 dentia
974 2762 1035 2804 et
1062 2756 1257 2809 robore
1286 2767 1516 2812 caeteros
1555 2761 1823 2816 excellens
1856 2763 2077 2820 deduxit
2098 2768 2231 2837 (58),
2258 2772 2349 2838 qui

771 2842 911 2893 hanc
942 2844 1214 2912 regionem
1252 2849 1538 2912 invadens,
1574 2852 1768 2907 multas
1814 2856 1978 2909 urbes
2006 2860 2268 2922 c0ndidit,
2297 2873 2353 2915 et

771 2947 959 2998 unam,
985 2950 1103 3003 qua:
1128 2952 1269 2991 nunc
1296 2940 1648 2995 celeberrima
1673 2953 1778 3008 est,
1808 2949 2130 3015 appellatam
2158 2950 2351 3006 Hiero-

769 3023 1021 3092 solyma;
1077 3028 1310 3082 maxime
1340 3041 1519 3083 autem
1564 3034 1879 3102 religionem
1925 3049 1979 3091 et
2024 3041 2227 3094 cultum
2270 3044 2349 3097 eis

768 3115 1051 3167 colendum
1091 3117 1260 3181 dedit,
1299 3124 1673 3178 venerationes
1702 3136 1761 3179 et
1808 3130 2073 3184 sacriﬁcia
2109 3134 2345 3199 edocuit,
2373 3107 2417 3167 (Ζ

765 3212 822 3254 et
854 3208 919 3257 de
962 3207 1042 3258 eis
1072 3223 1175 3274 qua
1212 3209 1278 3259 ad
1324 3214 1707 3277 rempublicam
1740 3219 2011 3282 pertinent
2050 3222 2193 3291 leges
2228 3226 2405 3319 tulit?

768 3304 816 3319 ..ο
864 3295 1074 3319 ,1,.......ι-
1156 3298 1209 3319 Ι--
1264 3299 1359 3319 J---
1386 3302 1531 3319 a__-,,
1607 3315 1617 3319 _
1658 3306 1690 3319 -ι
1968 3311 1979 3319 .
2142 3317 2170 3319 μ-
2216 3316 2226 3319 _
2267 3318 2274 3319 ,

765 3304 821 3345 et
862 3295 1101 3349 decreta.
1156 3298 1213 3350 lu
1257 3299 1543 3355 duodecim
1605 3306 1776 3360 tribus
1822 3311 2073 3376 populum
2121 3316 2343 3383 divisit,

764 3384 1087 3438 existimans
1119 3387 1261 3441 hunc
1310 3405 1590 3445 numerum
1621 3409 1742 3448 esse
1777 3398 2251 3469 perfectissimum,
2292 3416 2347 3459 et

764 3489 909 3527 anno
961 3476 1243 3530 duodecim
1320 3482 1594 3537 mensibus
1651 3489 1919 3554 completo
1976 3495 2337 3559 persimilem.

762 3563 1030 3633 Imagines
1055 3568 1279 3621 deorum
1310 3572 1532 3625 omnino
1560 3590 1664 3628 non
1688 3577 1931 3647 sculpsit,
1956 3586 2099 3651 quod
2129 3596 2340 3652 putaret

762 3655 1001 3708 humana
1036 3658 1199 3711 Deum
1236 3675 1340 3713 non
1374 3662 1540 3717 videri
1571 3665 1768 3730 forma,
1794 3671 1886 3724 sed
1908 3674 2101 3727 caelum
2138 3686 2336 3730 terram

760 3746 1007 3801 ambiens
1050 3763 1172 3802 esse
1205 3750 1396 3815 Deum,
1431 3764 1481 3807 et
1521 3760 1703 3810 omnia
1755 3775 1856 3814 suo
1890 3762 2119 3833 imperio
2146 3771 2339 3836 guber-

761 3850 912 3889 uare.
962 3839 1240 3894 Sacriﬁcia
1290 3842 1521 3911 vitaque
1570 3846 1765 3917 38οὸ
1810 3854 2044 3909 rationes
2094 3859 2336 3914 diversas

756 3940 981 3995 prorsus
1011 3933 1080 3983 ab
1105 3930 1222 3983 aliis
1250 3934 1499 4000 gentibus
1520 3940 1812 3993 ordinavit.
1837 3941 1970 3995 Nam
2001 3947 2127 4015 quia
2160 3959 2337 4004 exter-

756 4032 857 4071 nos
894 4020 1027 4073 urbe
1056 4036 1152 4074 sua
1188 4022 1598 4091 interdicerent,
1631 4031 1872 4086 odiosam
1908 4050 2038 4090 sane
2071 4040 2258 4104 vitam,
2282 4056 2334 4096 et

754 4109 877 4164 aliis
917 4111 1147 4166 invisam
1202 4116 1432 4170 induxit.
1473 4116 1643 4173 Jussit
1695 4123 1918 4193 insuper
1962 4137 2019 4181 ut
2048 4133 2138 4198 qui
2187 4136 2330 4202 genti

750 4210 1071 4267 przeessent,
1106 4203 1243 4272 grati
1291 4214 1475 4258 essent
1531 4209 1748 4276 populo,
1782 4223 1837 4264 et
1869 4215 2104 4271 maxime
2144 4232 2332 4275 aucto—

749 4292 913 4345 ritate
964 4295 1321 4362 potentiores,
1358 4311 1496 4364 quos
1540 4303 1853 4358 sacerdotes
1887 4320 2008 4362 esse
2048 4311 2235 4379 voluit,
2274 4324 2329 4367 et

746 4394 841 4434 eos
871 4382 1125 4450 praecepit
1154 4385 1296 4438 circa
1320 4385 1511 4441 altaria
1546 4388 1750 4459 Deique
1786 4395 1990 4450 cultum
2022 4411 2077 4453 et
2110 4403 2323 4456 sacriﬁ-

746 4471 830 4523 cia
861 4474 1126 4538 exerceri,
1151 4482 1206 4528 et
1231 4490 1298 4529 ex
1342 4477 1423 4530 bis
1454 4480 1687 4547 Optimos
1715 4484 1921 4552 judicio
1953 4488 2095 4544 viros
2113 4490 2324 4558 judices

745 4562 1047 4628 constituit,
1100 4567 1295 4634 quibus
1332 4580 1388 4621 et
1418 4572 1588 4637 legum
1635 4574 1975 4647 institutique
2017 4586 2319 4638 custodiam

742 4652 1016 4706 attribuit.
1042 4655 1155 4709 Non
1182 4660 1451 4712 ordinavit
1471 4661 1668 4718 Judreis
1697 4682 1898 4736 regem,
1918 4673 2011 4724 sed
2032 4674 2317 4741 imperiunt

741 4744 921 4812 populi
952 4745 1001 4797 ei
1055 4751 1263 4801 censuit
1303 4756 1773 4822 committendum,
1813 4761 1902 4827 qui
1952 4766 2233 4831 prudentia
2265 4778 2319 4821 et

739 4836 943 4890 virtute
1001 4840 1140 4892 inter
1180 4843 1492 4897 sacerdotes
1530 4846 1650 4898 aliis
1680 4861 1943 4916 praestare
1984 4855 2261 4910 videretur
2296 4878 2311 4923 ;

739 4926 881 4980 hunc
928 4942 1196 4982 summum
1252 4934 1557 4998 pontiﬁcem
1606 4939 1901 5005 appellant,
1966 4962 2125 5013 quem
2176 4950 2318 5003 velut

737 5022 983 5073 nuntium
1021 5023 1119 5074 sibi
1169 5024 1471 5077 divinorum
1503 5040 1896 5096 praeceptorum
1936 5051 2055 5090 esse
2086 5038 2313 5107 dttcunt,

737 5112 881 5163 hunc
915 5114 1088 5164 edicta
1125 5112 1175 5163 in
1212 5116 1388 5181 populi
1423 5121 1933 5188 congregationibus
1952 5134 2005 5178 et
2044 5132 2309 5196 conciliis,

732 5200 811 5254 ait
856 5200 1120 5269 proferre,
1164 5206 1246 5257 cui
1283 5203 1448 5259 Judaei
1500 5209 1571 5260 ita
1609 5212 2004 5283 obtemperant,
2048 5230 2103 5272 ut
2130 5227 2312 5275 statim

2472 1958 2871 2014 κατοικούντων
2901 1962 3090 2031 ξένων,
3135 1970 3231 2022 καὶ
3265 1970 3677 2046 διηλλαγμένοις
3718 1982 3869 2035 ἔθεσι
3900 2003 4045 2054 χρωο

2460 2045 2636 2112 μένων
2679 2052 2805 2119 περὶ
2852 2053 2914 2106 τὸ
2948 2055 3093 2125 ἱερὸν
3120 2061 3214 2112 καὶ
3244 2062 3343 2125 τὰς
3374 2045 3585 2135 θυσίας,
3642 2045 4044 2131 καταλελύσθαι

2458 2136 2738 2191 συνέϐαινε
2779 2142 2907 2212 παρ’
2941 2146 3125 2211 αὐτοῖς
3171 2153 3271 2215 τὰς
3315 2159 3576 2226 πατρίους
3611 2161 3721 2214 τῶν
3762 2164 3911 2218 θεῶν
3949 2184 4045 2219 τι-

2459 2225 2587 2291 μάς.
2624 2228 2803 2301 Ὅπερ
2827 2233 2879 2283 oi
2911 2238 3011 2303 τῆς
3040 2236 3227 2307 χώρας
3262 2225 3509 2310 ἐγγενεῖς
3537 2248 3584 2279 ⁸⁸
3614 2250 3910 2319 ὑπέλαϐον,
3949 2257 4045 2309 ἐὰν

2458 2316 2532 2385 μὴ
2583 2320 2710 2381 τοὺς
2777 2322 3109 2392 ἀλλοφύλους
3163 2336 3651 2405 μεταστήσωνται,
3702 2316 3904 2413 κρίσιν’
3941 2348 4044 2401 οὐκ

2455 2407 2672 2463 ἔσεσθαι
2701 2414 2812 2467 τῶν
2835 2418 3041 2471 κακῶν.
3079 2420 3257 2485 Εὐθὺς
3292 2425 3387 2479 οὖν
3410 2428 3893 2503 ξενηλατουμένων
3931 2440 4043 2491 τῶν

2452 2501 2756 2557 ἀλλοεθνῶν
2801 2509 2849 2560 οί
2881 2510 2981 2577 μὲν
3013 2514 3437 2582 ἐπιφανέστατοι
3476 2524 3570 2575 καὶ
3606 2501 4042 2593 δραστικώτατοι

2455 2594 2853 2660 συστραφέντες
2888 2598 3259 2674 ὲξεῤῥίφησαν
3305 2608 3404 2675 (ὦς
3435 2613 3579 2674 τινές
3612 2619 3799 2683 φασιν)
3834 2622 3918 2682 είς
3942 2624 4044 2690 τὴν

2465 2678 2690 2734 Ἐλλάδα
2714 2686 2805 2737 καί
2832 2703 2988 2750 τινας
3021 2692 3241 2762 ἑτέρους
3266 2698 3489 2765 τόπους,
3516 2678 3731 2773 ἔχοντες
3753 2678 3798 2739 ’ί
3820 2678 4043 2774 άξίολό-

2452 2788 2581 2836 γους
2615 2777 2908 2845 ἡγεμόνας,
2935 2776 3011 2833 ὧν
3040 2785 3270 2852 ἡγοῦντο
3301 2794 3509 2857 Δαναὸς
3542 2798 3637 2850 καὶ
3670 2799 3895 2869 Κάδμος
3928 2804 4042 2854 τῶν

2452 2861 2627 2915 ἄλλων
2659 2869 3095 2936 ἐπιφανέστατοι.
3141 2877 3199 2929 '0
3227 2880 3284 2932 δὲ
3306 2884 3474 2948 πολὺς
3505 2887 3641 2952 λεὼς
3669 2861 3931 2955 ἐξέπεσεν
3958 2900 4042 2959 είς

2452 2954 2552 3023 τὴν
2583 2955 2678 3010 νῦν
2700 2961 3045 3034 καλουμένην
3092 2969 3369 3037 Ἰουδαίαν,
3404 2980 3463 3028 οὗ
3490 2980 3678 3049 πόρρω
3705 2987 3805 3053 μὲν
3845 2954 4041 3055 κειμέ·ἰ

2452 3061 2550 3112 νην
2576 3047 2677 3115 τῆς
2706 3051 3009 3119 Δίγύπτου,
3056 3061 3338 3125 παντελῶς
3368 3066 3425 3117 δὲ
3464 3047 3668 3138 ἔρημον
3705 3047 3876 3130 οὖσαν
3910 3047 4038 3131 κατ’

2450 3138 2692 3202 ἐκείνους
2735 3144 2862 3205 τοὺς
2900 3148 3147 3213 χρόνους.
3209 3151 3424 3219 Ἠγεῖτο
3466 3158 3523 3209 δὲ
3560 3159 3661 3229 τῆς
3712 3165 3979 3229 ἀποικίας
4008 3169 4038 3219 ό

2451 3234 2992 3302 προσαγορευόμενος
3025 3238 3254 3309 Μωσῆς,
3310 3248 3570 3316 φρονήσει
3612 3267 3670 3301 τε
3717 3252 3763 3283 ⁸⁸
3804 3255 3899 3307 καὶ
3940 3258 4037 3308 ἀν-

2448 3317 2604 3390 δρείᾳ
2653 3323 2787 3375 πολὺ
2834 3326 2879 3355 ⁸⁸
2937 3327 3233 3399 διαφέρων.
3275 3330 3444 3399 Οὗτος
3486 3339 3543 3391 δὲ
3585 3343 4036 3414 καταλαϐόμενος

2448 3411 2546 3479 τὴν
2576 3412 2762 3482 χώραν
2793 3416 2959 3481 ἄλλας
2993 3437 3053 3473 τε
3076 3423 3263 3487 πόλεις
3284 3426 3466 3480 ἔκτισε
3491 3432 3584 3484 καὶ
3613 3433 3713 3502 τὴν
3740 3436 3839 3489 νῦν
3862 3434 4034 3492 οὖσαν

2447 3504 2887 3576 ἐπιφανεστάτην
2916 3511 2956 3573 ¹,
2990 3511 3402 3586 ὀνομαζομένην
3446 3519 3810 3594 Ἰεροσόλυμα.
3855 3530 4031 3599 Ὶδρύ-

2446 3608 2576 3644 σατο
2601 3593 2657 3644 δὲ
2690 3597 2866 3647 καὶτὸ
2895 3599 3131 3666 μάλιστα
3161 3606 3293 3674 παρ’
3313 3610 3497 3672 αὐτοῖς
3516 3593 3827 3683 τιμώμενον
3860 3593 4027 3689 ἱερὸν,

2446 3683 2537 3732 καὶ
2566 3684 2664 3745 τὰς
2693 3686 2859 3753 τιμάς
2897 3691 2992 3742 καὶ
3022 3691 3307 3759 ἁγιστείας
3350 3700 3371 3727 ⁸
3410 3699 3507 3752 τοῦ
3538 3701 3683 3756 θείου
3717 3683 4024 3777 κατέδειξε,

2442 3772 2536 3823 καὶ
2568 3773 2639 3825 τὰ
2680 3776 2821 3828 κατὰ
2856 3778 2953 3848 τὴν
2992 3782 3270 3837 πολιτείαν
3306 3790 3662 3865 ἑνομοθέτησέ
3696 3815 3758 3850 τε
3796 3804 3893 3853 καὶ

2442 3862 2624 3929 έταξε.
2646 3867 2819 3920 Διεῖλε
2846 3869 2903 3921 δὲ
2932 3871 2996 3923 τὸ
3027 3874 3233 3943 πλῆθος
3261 3882 3343 3941 εἰς
3371 3862 3802 3954 δώδεκα-φυλάς,
3837 3892 3927 3944 διά
3964 3894 4027 3946 τὸ

2437 3959 2529 4009 τὸν
2584 3958 2817 4029 ἀριθμὸν
2867 3964 3059 4019 τοῦτον
3101 3968 3440 4024 τελειότατον
3486 3974 3509 4005 ³
3550 3977 3871 4045 νομίζεσθαι
3928 3986 4025 4035 καὶ

2439 4046 2731 4115 σύμφωνον
2756 4048 2897 4105 εἶναι
2917 4054 2998 4124 τῷ
3025 4056 3226 4127 πλήθει
3262 4060 3371 4113 τῶν
3412 4065 3597 4133 μηνῶν
3632 4069 3742 4120 τῶν
3770 4071 3865 4123 τὸν
3909 4075 4023 4126 ἑνι-

2435 4141 2598 4194 αυτὸν
2627 4143 3111 4214 συμπληρούντων.
3142 4151 3397 4222 ’Λγαλμα
3429 4155 3486 4208 δὲ
3532 4157 3668 4211 θεῶν
3701 4161 3763 4213 τὸ
3797 4164 4021 4218 σύνολον

2430 4232 2492 4285 οὐ
2524 4238 2919 4302 κατεσκευάσε,
2954 4240 3042 4293 διὰ
3077 4242 3139 4296 τὺ
3172 4246 3247 4314 μὴ
3278 4248 3518 4316 νομίζειν
3549 4251 4018 4327 ἀνθρωπόμορφον

2431 4318 2569 4378 εἶναι
2596 4326 2688 4379 τὸν
2714 4328 2869 4392 Θεὸν,
2899 4331 3036 4385 ἀλλά
3058 4333 3151 4386 τὸν
3177 4337 3506 4407 περιέχοντα
3532 4344 3631 4411 τὴν
3651 4318 3762 4415 γῆν
3780 4318 4015 4418 alipilum

2358 4447 2400 4499 Β
2432 4416 2598 4484 μόνον
2623 4414 2763 4471 εῖναι
2788 4419 2911 4473 θεὸν
2936 4422 3031 4474 καὶ
3060 4423 3168 4476 τῶν
3192 4425 3333 4480 ὅλων
3362 4429 3569 4500 κύριον.
3601 4414 3791 4497 Τάςγδὲ
3818 4414 4013 4502 θυσίας

2428 4505 2836 4578 ἐξηλλαγμένη
2869 4517 3238 4582 συνεστήσατο
3264 4517 3373 4571 τῶν
3398 4521 3548 4591 παρὰ
3572 4527 3683 4587 τοῖς
3710 4526 3895 4591 ἄλλοις
3917 4530 4011 4581 εθ-

2426 4613 2563 4662 νεσι,
2594 4599 2810 4663 καὶτὰς
2840 4602 2980 4655 κατὰ
3020 4604 3111 4657 τὸν
3139 4606 3253 4675 βίον
3274 4610 3500 4678 ἀγωγάς
3527 4630 3541 4643 ·
3578 4614 3742 4685 [MSS
3783 4618 3873 4685 IL]
3917 4620 4006 4672 διὰ

2423 4688 2534 4758 γάρ
2557 4689 2657 4758 τὴν
2695 4690 2830 4743 ἰδίαν
2861 4693 3182 4765 ξενηλασίαν
3213 4700 3581 4771 ἀπάνθρωπον
3606 4722 3726 4758 τινα
3761 4711 3859 4761 καὶ
3909 4729 4009 4777 μι-

2424 4776 2640 4841 σόξενον
2675 4779 2789 4848 βίον
2818 4784 3171 4852 είσηγήσατο.
3224 4786 3510 4852 Ἑπιλέξας
3552 4791 3609 4843 δὲ
3652 4792 3764 4845 τῶν
3790 4776 4005 4865 ἀνδρῶν

2422 4871 2550 4930 τοὺς
2599 4874 2995 4939 χαριεστάτους
3045 4878 3141 4928 καὶ
3193 4879 3427 4944 μάλιστα
3468 4882 3866 4953 δυνησομένους
3903 4888 4003 4940 τοῦ

2422 4960 2739 5028 σύμπαντος
2772 4967 2793 4992 ⁸
2822 4963 3009 5027 ἔθνους
3044 4970 3429 5036 προΐστασθαι,
3459 4973 3682 5036 τούτους
3706 4977 3874 5045 ίερεῑς
3893 4980 4004 5031 άπ-

2418 5048 2589 5113 έδειξε
2617 5066 2630 5079 ·
2685 5050 2783 5121 τὴν
2832 5052 2887 5105 δὲ
2932 5055 3217 5127 διατριϐὴν
3243 5061 3265 5090 ⁸
3299 5060 3489 5125 ἔταξεν
3516 5064 3711 5117 ἀὐτῶν
3751 5068 4003 5133 γίνεσθαι

2419 5141 2550 5205 περὶ
2575 5139 2636 5191 τὸ
2665 5141 2807 5209 ἱερὸν
2835 5146 2928 5194 καί
2955 5145 3053 5207 τὰς
3085 5146 3179 5199 τοῦ
3206 5148 3340 5202 Θεοῦ
3362 5153 3529 5220 τιμάς
3557 5172 3618 5206 τε
3659 5158 3755 5209 καὶ
3786 5158 4001 5223 θυσίας.

2419 5230 2559 5292 Τοὺς
2582 5232 2779 5294 αὐτοὺς
2811 5233 2867 5285 δὲ
2906 5237 2997 5288 καὶ
3016 5238 3276 5304 δικαστὰς
3305 5243 3555 5309 ἀπέδειξε
3586 5246 3696 5299 τῶν
3726 5250 4003 5317 μεγίστων

2047 5354 2276 5413 VARI/tl
2319 5364 2722 5425 LECTIONES.

802 5426 855 5460 ⁸⁸
891 5430 952 5481 ἐν
983 5430 1110 5485 add.
1142 5432 1209 5486 Δ.
1305 5435 1351 5465 ⁸⁸
1380 5452 1439 5487 τε
1473 5439 1597 5496 add.
1630 5442 1693 5493 Α.

1812 5445 2114 5525 ’δεύγενεξς
2144 5452 2212 5504 Α.
2288 5456 2331 5485 ⁸⁷
2365 5456 2589 5525 ἔχοντας
2619 5479 2681 5525 ς.

1948 5499 1961 5513 ο
2071 5499 2111 5512 νυ
2144 5499 2212 5504 ---
2366 5499 2391 5507 -
2430 5499 2515 5510 τ’·
2666 5502 2681 5515 ο
2857 5499 2909 5516 σε»
2934 5499 2984 5518 Ill
3026 5507 3041 5520 .
3071 5499 3191 5523 IIUII
3211 5499 3268 5523 υδ
3331 5499 3433 5527 uua

727 5499 887 5598 pmisi
921 5514 1041 5553 cum
1072 5502 1157 5609 Ah
1214 5503 1260 5534 ⁹⁹
1286 5504 1420 5557 πολὺ
1451 5507 1496 5609 τὶ
1522 5524 1542 5559 :
1574 5514 1901 5609 nieiotgv‘c.
1985 5518 2191 5609 ¹εοῦσαν
2237 5499 2676 5601 ἐπιφαδξρεστῖττῖν
2708 5546 2819 5587 om.
2848 5534 2910 5588 B.
2987 5499 3358 5607 1τῦάγιαστείιιίς
3388 5561 3451 5609 ς.

779 5584 1091 5609 ωίιπαὶιτηθ
1186 5590 1197 5601 ⁸
1228 5590 1453 5609 ηνιη-νηη
1490 5595 1607 5609 ειη-ΛΑ
1635 5599 1671 5609 ρ
1818 5599 1987 5609 Α...-ΑΑ
2038 5591 2079 5609 1,
2148 5593 2166 5609 Δ
2216 5607 2223 5609 μ
2358 5596 2405 5609 --

730 5568 753 5598 ⁸
779 5584 1091 5635 συμπαντος
1118 5570 1157 5623 Β
1185 5590 1198 5626 :
1228 5578 1607 5644 συμπαρόντος
1634 5599 1693 5645 ς.
1769 5585 1789 5614 ⁸
1816 5568 2182 5659 δίατριϐἶῇλ

2776 5462 2823 5495 ⁸⁸
2846 5481 2909 5516 τε
2934 5480 3041 5534 mg.
3070 5467 3191 5523 libri
3211 5471 3268 5523 δὲ
3292 5475 3433 5539 quod
3459 5473 3769 5530 addebatur
3800 5477 3997 5550 πολλῇ,

2776 5548 2819 5587 m.
2848 5534 2910 5588 B.
2987 5539 3008 5568 ¹
3035 5538 3358 5607 άγιαστείας
3388 5561 3451 5609 ς.
3526 5544 3549 5576 ³
3567 5545 3900 5601 τελεώτατον
3930 5566 3994 5616 ς.

3567 5562 3900 5601 τελεωτατον
3930 5566 3994 5601 C.

2235 5700 2470 5759 NOTAE"

796 5767 913 5843 (58)
948 5771 1081 5833 Vide
1131 5776 1311 5833 Strab.
1353 5787 1409 5835 ct
1445 5778 1641 5835 Justin.
