4206 6436
234 373 377 441 1393

1275 388 1792 453 BIBIJOTHECA.
1824 418 1896 430 -
1932 395 2095 456 COD.
2135 396 2413 459 CCXLIV.

3328 400 3463 465 1394

220 484 487 550 κρίσεων,
520 485 614 537 καὶ
651 486 746 556 τὴν
778 489 885 541 τῶν
914 490 1092 558 νόμων
1119 492 1213 545 καὶ
1247 493 1354 545 τῶν
1384 496 1520 548 ἐθῶν
1549 498 1795 567 φυλακὴν
1824 507 1870 560 Α

1824 507 1870 560 Α
1899 501 2148 567 pontiﬁce
2178 503 2430 571 loquente
2463 506 2715 561 cadentes
2750 506 2804 561 in
2849 515 3047 563 terram
3082 508 3327 563 adorent.
3357 512 3464 563 Ad-

217 574 437 636 τούτοις
457 576 721 647 ἐπέτρεψε
744 596 759 611 ο
785 580 865 630 διὸ
892 582 985 633 καὶ
1016 582 1240 648 βασιλέα
1271 584 1368 652 μὲν
1393 587 1656 653 μηδέποτε
1685 590 1795 641 τῶν

232 666 533 729 Ἰουδαίων,
565 668 659 736 τὴν
689 670 744 720 δὲ
786 670 880 721 τοῦ
911 672 1145 739 πλήθους
1191 678 1524 743 προστασίαν
1560 678 1795 730 δίδοσθαι

218 757 311 807 διὰ
362 759 560 818 παντὸς
592 759 668 826 τῷ
720 759 963 812 δοκοῦντι
999 763 1105 814 τῶν
1154 765 1349 833 ἱερέων
1404 770 1659 835 φρονήσει
1702 770 1797 820 καὶ

218 845 392 912 ἀρετῇ
431 848 701 913 προέχειν.
750 848 948 900 Τοῦτον
989 851 1043 901 δὲ
1093 851 1112 879 ⁸
1155 855 1649 921 προσαγορεύουσιν
1692 858 1795 926 ἀρ-

221 937 439 1001 χιερέα,
484 939 575 988 καὶ
609 938 921 1005 νομίζουσιν
952 940 1130 1001 αὐτοῖς
1159 941 1386 1007 ἄγγελον
1417 946 1662 1009 γίνεσθαι
1689 948 1796 999 τῶν

218 1024 319 1075 τοῦ
358 1024 492 1076 Θεοῦ
526 1028 979 1093 προσταγμάτων.
1020 1028 1221 1080 Τοῦτον
1262 1031 1319 1083 δὲ
1362 1036 1499 1085 κατά
1539 1038 1637 1097 τάς
1676 1037 1798 1089 Ἐκ-

221 1117 460 1183 κλησίας
490 1120 583 1173 καὶ
618 1119 713 1181 τὰς
757 1120 922 1180 ἄλλας
964 1122 1211 1185 συνόδους
1245 1126 1410 1193 φησὶν
1445 1127 1696 1196 ἐκφέρειν
1727 1129 1797 1181 τὰ

222 1209 750 1277 παραγγελλόμενα·
797 1214 891 1263 καὶ
936 1212 1070 1279 πρὸς
1108 1214 1266 1265 τοῦτο
1311 1214 1370 1265 τὸ
1412 1216 1573 1285 μέρος
1622 1216 1797 1278 οὕτως

221 1299 472 1361 εὑπιθεῖς
490 1301 508 1330 ⁷
539 1301 783 1365 γίνεσθαι
810 1303 937 1364 τοὺς
978 1304 1260 1365 Ἰουδαίους
1288 1303 1428 1356 ὥστε
1456 1308 1798 1377 παραχρῆμα

225 1390 528 1450 πίπτοντας
562 1390 654 1441 ἐπὶ
684 1391 782 1459 τὴν
823 1395 924 1457 γῆν
958 1395 1283 1459 προσκυνεῖν
1322 1394 1411 1444 τὸν
1458 1383 1664 1458 τούτοις
1703 1397 1797 1465 έρ-

229 1482 533 1548 μηνεύοντα
556 1483 834 1550 ἀρχιερέα.
866 1484 1320 1551 Προσγέγραπται
1348 1482 1464 1553 [621
1500 1484 1591 1554 IL]
1622 1486 1677 1536 δὲ
1704 1488 1798 1538 καὶ

224 1574 341 1633 τοῖς
373 1573 555 1639 νόμοις
587 1575 675 1625 ἐπὶ
700 1575 795 1641 τῆς
826 1574 847 1604 ³
876 1574 1133 1641 τελευτῆς
1165 1577 1245 1626 ὅτι
1272 1575 1496 1639 Μωσῆς
1528 1577 1799 1641 ἀκούσας

221 1665 332 1716 τοῦ
364 1666 512 1718 Θεοῦ
555 1667 691 1719 τάδε
718 1671 874 1735 λέγει
915 1669 1039 1732 τοῖς
1086 1669 1407 1734 Ἰουδαίοις.
1475 1672 1800 1739 Ἐποιήσατο

220 1754 266 1803 δ’
296 1758 325 1806 ὁ
359 1758 654 1826 νομοθέτης
682 1759 789 1810 τῶν
818 1777 874 1810 τε
900 1760 1211 1829 πολεμικῶν
1234 1761 1412 1829 ἔργων
1444 1763 1642 1832 πολλὴν
1668 1767 1799 1833 πρό-

220 1862 393 1908 νοιαν,
435 1850 527 1898 καὶ
572 1852 695 1911 τοὺς
730 1850 883 1911 νέους
911 1852 1218 1919 ἠνάγκαζεν
1254 1856 1439 1905 ἀσκεῖν
1462 1854 1714 1924 ἀνδρείαν
1736 1872 1795 1906 τε

221 1937 319 1985 καὶ
358 1940 653 2005 καρτερίαν
683 1940 703 1970 ⁸
736 1944 827 1991 καὶ
858 1941 916 1991 τὸ
942 1941 1156 1993 σύνολον
1184 1944 1461 2015 ὑπομονὴν
1490 1948 1671 2014 πάσης
1699 1964 1796 1998 κα-

219 2027 542 2090 κοπαθείας.
595 2029 860 2081 Ἐποιεῖτο
905 2031 960 2081 δὲ
996 2032 1090 2083 καὶ
1119 2035 1405 2100 στρατείας
1444 2039 1521 2097 είς
1555 2038 1624 2088 τά
1656 2037 1795 2105 πλη-

218 2119 461 2186 σιῆχωρα
507 2121 612 2170 τῶν
664 2120 864 2181 ἐθνῶν.
923 2127 1013 2175 καὶ
1068 2125 1267 2193 πολλὴν
1308 2120 1793 2195 κατακτησάμενος

216 2206 406 2275 χώραν
431 2212 925 2281 κατεκληρούχησε,
950 2220 1059 2278 τοῖς
1084 2218 1184 2285 μὲν
1209 2218 1443 2280 ἰδιώταις
1464 2219 1610 2280 ἴσους
1636 2220 1794 2287 ποιή-

218 2315 320 2359 σας
364 2301 623 2369 κλήρους,
655 2308 765 2365 τοῖς
799 2306 854 2356 δὲ
895 2308 1099 2377 ίερεῦσι
1138 2310 1409 2377 μείζονας,
1451 2310 1537 2361 ἵνα
1580 2308 1791 2377 λαμϐά-

1896 588 2063 640 «litum
2092 600 2176 644 est
2197 590 2248 643 in
2273 591 2375 644 line
2406 591 2538 661 legis
2564 611 2580 646 :
2617 592 2743 647 Hac
2778 593 2948 648 Moses
2968 594 3204 667 loquitur
3230 596 3460 657 luditis,

1895 680 2132 732 obediem
2178 679 2308 734 Deo.
2346 681 2590 752 Magnam
2622 685 2785 737 etiam
2831 685 3139 739 bellicarum
3169 685 3463 739 institutio-

1897 783 2021 821 num
2052 784 2233 822 curam
2273 772 2537 834 adhibuit,
2579 772 2907 841 iuvenesque
2939 776 3004 826 ad
3035 775 3374 829 tolerantiam
3408 784 3463 829 et

1896 856 2280 923 fortitudinem,
2322 870 2376 914 et
2425 862 2489 913 ad
2541 876 2755 915 omnem
2810 865 3069 918 malorum
3144 866 3458 935 patientiam

1898 949 2134 1001 exerceri
2168 949 2356 1002 voluit.
2391 949 2549 1003 Multa
2575 967 2790 1020 quoque
2817 963 3001 1006 contra
3030 959 3209 1009 varios
3236 958 3458 1024 populos

1898 1036 2033 1089 bella
2065 1036 2255 1102 gessit,
2298 1053 2654 1107 magnamque
2686 1043 2938 1109 subigens
2975 1054 3121 1097 sorte
3168 1059 3286 1098 eam
3319 1047 3458 1099 divi-

1899 1126 1969 1179 sit
1996 1144 2009 1192 ;
2042 1127 2270 1194 aequales
2295 1128 2485 1196 populo
2510 1131 2804 1197 portiones,
2831 1134 3203 1188 sacerdotibus
3227 1138 3461 1201 majores

1899 1218 2228 1285 assignavit:
2262 1229 2318 1271 ut
2351 1220 2563 1273 latiores
2601 1221 2856 1275 terminos
2894 1224 3249 1291 possidentes,
3285 1226 3462 1278 conti-

1900 1316 2089 1361 nenter
2114 1309 2228 1362 sine
2270 1309 2375 1362 ulla
2413 1310 2654 1363 molestia
2692 1310 2782 1364 Dei
2818 1312 3100 1365 sacriﬁciis
3128 1328 3461 1381 occuparen-

1900 1407 2006 1452 tur.
2056 1396 2166 1453 Nec
2213 1401 2373 1453 etiam
2409 1400 2612 1454 licitum
2650 1413 2766 1457 erat
2812 1403 3137 1472 pauperibus
3187 1405 3463 1471 portiones

1901 1492 2144 1558 proprias
2175 1491 2478 1557 divendere,
2505 1508 2570 1545 ne
2595 1493 2758 1561 aliqui
2787 1508 2880 1559 per
2905 1494 3186 1547 avaritiam
3210 1509 3464 1548 coemen-

1904 1592 1982 1635 tes
2018 1582 2199 1649 inopes
2246 1583 2563 1646 excludant,
2603 1593 2658 1635 et
2701 1584 2751 1635 in
2784 1599 2947 1637 causa
2994 1586 3186 1637 sintut
3234 1585 3462 1652 populus

1902 1670 2193 1721 minuatur.
2232 1667 2286 1721 In
2330 1670 2544 1733 regione
2585 1684 2780 1736 pueros
2826 1671 2890 1721 ali
2929 1671 3115 1733 voluit,
3149 1673 3236 1739 qui
3270 1674 3463 1740 exiguo

1902 1767 2113 1823 sumptu
2145 1757 2441 1818 alebantur,
2478 1767 2529 1809 et
2578 1758 2696 1810 ideo
2725 1760 2939 1824 copiosa
2980 1768 3033 1813 et
3059 1759 3285 1813 fecunda
3316 1775 3462 1814 sem-

1904 1864 1996 1913 per
2032 1846 2334 1900 Judteorum
2389 1847 2532 1899 natio
2581 1848 2806 1899 exstitit.
2873 1848 3073 1900 Diversi
3124 1863 3340 1916 quoque
3394 1850 3464 1901 ab

1903 1940 2019 1992 aliis
2059 1939 2108 1991 in
2151 1938 2351 2006 nuptiis
2395 1946 2449 1990 et
2500 1936 2791 2003 sepulturis
2830 1936 3065 1990 fuerunt.
3109 1938 3212 1991 Sed
3244 1946 3465 2007 propter

1902 2030 2239 2085 accessiones
2264 2042 2380 2097 quin
2401 2036 2585 2096 postea
2614 2040 2643 2079 e
2666 2027 2844 2081 multis
2867 2028 3107 2082 victoriis
3128 2029 3463 2092 acciderunt,

1904 2120 2217 2187 monarcliia
2248 2126 2437 2186 quarta
2474 2116 2686 2171 scilicet
2718 2115 3027 2182 Persarum,
3052 2128 3106 2173 et
3133 2120 3326 2172 deinde
3348 2120 3465 2172 Ma-

1902 2215 2186 2275 cedonum,
2225 2210 2389 2263 multa
2431 2207 2622 2279 patriis
2649 2206 2952 2263 Iudaeorum
2986 2210 3246 2264 institutis
3283 2212 3466 2264 deces-

1902 2316 2104 2362 εειιιιιι.

218 2410 400 2453 νοντες
455 2394 880 2463 ἀξιολογωτέρας
916 2399 1206 2466 προσόδους
1275 2400 1675 2470 ἀπερίσπαστοι
1746 2402 1980 2471 συνεχῶς
2028 2395 2427 2469 προσεδρεύωσι
2472 2396 2515 2426 ’⁸
2564 2395 2684 2456 ταῖς
2749 2391 2843 2445 τοῦ
2893 2393 3027 2446 Θεοῦ
3104 2395 3309 2464 τιμαῖς.
3354 2394 3467 2445 Οὺκ

216 2483 347 2549 ἐξῆν
378 2483 434 2533 δὲ
466 2485 506 2514 ¹¹
533 2486 637 2545 τοῖς
664 2484 901 2549 ἰδιώταις
930 2488 1054 2549 τοὺς
1096 2488 1255 2551 ἰδίους
1300 2491 1531 2560 κλήρους
1558 2490 1780 2555 πωλεῖν,
1820 2492 1966 2551 ὅπως
2002 2490 2073 2557 μή
2098 2504 2241 2549 τινες
2270 2485 2362 2539 διὰ
2410 2483 2719 2547 πλεονεξίαν
2742 2483 3098 2553 ἀγοράζοντες
3152 2484 3278 2546 τοὺς
3334 2485 3466 2554 κλὴ-

219 2593 349 2643 ρους
401 2575 686 2628 έκθλὶϐωσι
735 2580 860 2639 τοὺς
894 2580 1279 2649 ἀπορωτέρους
1335 2582 1429 2634 καὶ
1504 2583 1987 2645 κατασκευάζωσιν
2028 2578 2384 2647 ὀλιγανδρίαν.
2436 2577 2824 2646 Τεκνοτροφεῖν
2881 2594 2939 2629 τε
3004 2577 3276 2646 ἠνάγκαζε
3342 2579 3468 2639 τοὺς

213 2672 312 2723 ἐπὶ
368 2672 465 2738 τῆς
528 2669 745 2739 χώραςε
809 2675 903 2724 καὶ
969 2675 1035 2726 δι’
1104 2676 1287 2744 ὀλίγης
1359 2678 1604 2746 δαπάνης
1675 2677 2091 2746 ἐκτρεφομένων
2140 2676 2250 2727 τῶν
2314 2674 2521 2743 βρεφῶν
2582 2673 2670 2724 ἀεὶ
2714 2673 2775 2725 τὸ
2827 2671 2977 2739 γένος
3047 2672 3156 2724 τῶν
3199 2673 3468 2727 Ἰουδαίων

214 2763 435 2830 ὑπῆρχε
481 2762 921 2832 πολυάνθρωπον.
973 2766 1080 2817 Καὶ
1118 2767 1183 2817 τὰ
1226 2766 1356 2834 περὶ
1396 2770 1520 2829 τοὺς
1576 2768 1785 2837 γάμους
1824 2767 1881 2818 δὲ
1910 2768 2001 2819 καὶ
2037 2767 2132 2827 τὰς
2166 2764 2273 2817 τῶν
2322 2763 2695 2817 τελευτώντων
2725 2764 2900 2830 ταφάς
2964 2763 3098 2815 πολὺ
3160 2763 3222 2814 τὸ
3261 2766 3471 2835 παρηλ-

212 2857 487 2923 λαγμένσν
527 2856 671 2925 ἔχειν
714 2860 753 2887 ¹¹
788 2859 1007 2927 ἐποίησε
1045 2858 1251 2927 νόμιμα
1291 2861 1425 2928 πρὸς
1456 2863 1523 2912 τὰ
1579 2861 1689 2912 τῶν
1718 2860 1893 2912 ἄλλων
1935 2859 2252 2927 ἀνθρώπων.
2319 2859 2471 2909 Κατά
2536 2857 2594 2909 δὲ
2633 2857 2731 2919 τὰς
2796 2856 3016 2927 ὕστερον
3093 2856 3389 2925 γενομένας
3426 2860 3470 2891 ⁸³

212 2948 575 3015 ἐπικρατείας
622 2950 682 2999 ὲκ
721 2948 817 3013 τῆς
861 2948 967 2999 τῶν
998 2949 1309 3014 ἀλλοφύλων
1352 2952 1657 3020 ἐπιμιξίας,
1702 2953 1795 3003 ἐπὶ
1834 2952 2098 3018 τετάρτης
2129 2952 2170 2980 ⁸⁸
2199 2950 2307 3002 τῶν
2332 2948 2557 3018 Περσῶν
2593 2949 2891 3017 ἡγεμονίας
2926 2949 3022 3002 καὶ
3087 2950 3195 3003 τῶν
3263 2951 3467 3020 ταύτην

213 3039 639 3090 καταλυσάντων
670 3040 1012 3106 Μακεδόνων,
1046 3042 1216 3093 πολλά
1263 3043 1370 3095 τῶν
1409 3046 1653 3113 πατρίων
1678 3048 1791 3104 τοῖς
1841 3042 2113 3104 Ἰουδαίοις
2139 3044 2384 3112 νομίμων
2411 3040 2655 3110 ἐκινήθη.

287 3128 445 3180 Οὕτω
502 3130 601 3197 μὲν
655 3130 933 3182 κάνταῦθά
986 3148 1119 3200 φησι
1172 3135 1299 3203 περὶ
1330 3134 1616 3203 τῶνπαρὰ
1657 3134 1791 3187 Ἰου-
1932 3166 1933 3169 η

1932 3166 1933 3169 η
1969 3133 2126 3201 381
2165 3148 2197 3184 α
2244 3132 2317 3186 Ita
2354 3133 2441 3185 bic
2465 3131 2531 3185 de
2566 3128 2805 3184 moribus
2843 3139 2898 3183 et
2930 3130 3141 3199 legibus
3174 3133 3464 3200 majorum,

213 3220 390 3282 δαίοις
441 3222 578 3273 ἐθῶν
596 3224 637 3254 ¹⁸
664 3240 721 3273 τε
756 3225 849 3275 και⁸
879 3226 1144 3292 νομίμων,
1175 3229 1269 3279 καὶ
1293 3228 1468 3279 αὐτῶν
1490 3229 1532 3257 ’⁸
1566 3229 1793 3281 ἐκείνων
1819 3244 1861 3299 c

1819 3244 1861 3299 ο
1897 3235 1951 3277 et
1994 3226 2233 3277 discessu
2279 3236 2465 3276 eorum
2501 3236 2568 3275 ex
2600 3219 2855 3291 Egypto,
2898 3222 3070 3290 deque
3103 3237 3262 3276 sacro
3292 3222 3456 3286 Mose,

217 3311 319 3377 τῆς
342 3310 403 3373 ἐξ
430 3310 704 3377 Αἰγύπτου
759 3313 1101 3381 ἀπαλλαγῆς,
1153 3316 1245 3365 καὶ
1300 3316 1394 3367 τοῦ
1447 3315 1596 3368 θείου
1630 3317 1799 3368 Maii)-

1904 3317 1955 3367 in
1994 3314 2172 3367 inultis
2222 3314 2509 3376 mentitur,
2550 3313 2777 3381 plurima
2823 3314 2986 3367 etiam
3025 3329 3129 3367 non
3168 3316 3464 3380 attingens.

220 3401 384 3462 σέως,
413 3401 750 3469 ψευδολογῶν
778 3404 845 3455 τὰ
879 3404 1128 3466 πλεῖστα,
1160 3405 1254 3457 καὶ
1280 3406 1625 3475 διερχόμενος
1661 3408 1798 3476 πρὸς

1902 3407 1959 3459 lu
2010 3404 2448 3459 accusationibus
2504 3418 2638 3470 quas
2679 3413 2867 3457 contra
2908 3406 3189 3458 veritatem
3242 3403 3469 3473 profert,

218 3493 347 3552 τοὺς
397 3492 649 3560 ἐλέγχους
715 3493 878 3545 πάλιν
900 3487 975 3546 ὧν
998 3494 1370 3562 κατεψεύσατο
1397 3498 1493 3564 τῆς
1519 3496 1799 3566 ἀληθείας,

1903 3497 2152 3560 deﬂectit,
2186 3497 2253 3550 ad
2285 3496 2450 3550 alium
2492 3496 2762 3551 dictorum
2795 3497 3161 3550 narrationem
3204 3496 3468 3551 referens.

221 3582 573 3650 ἀναχώρησιν
622 3582 801 3652 ἐαυτῷ
845 3585 1329 3656 μεθοδευσάμενος,
1360 3587 1439 3649 είς
1489 3587 1678 3654 ἕτερον
1706 3586 1800 3638 καὶ

1906 3584 2098 3639 Subdit
2127 3584 2272 3638 enim
2300 3586 2481 3638 statim
2514 3602 2528 3639 :
2568 3582 2697 3639 Ha'c
2723 3584 2786 3637 de
2813 3584 3017 3639 luditis
3050 3583 3329 3640 Hecatam
3360 3583 3468 3639 lli-

225 3671 324 3723 νῦν
345 3672 607 3742 ἀναφέρει
635 3673 743 3725 τῶν
782 3676 1088 3745 εἰρημένων
1134 3678 1235 3746 τὴν
1286 3678 1685 3747 παριστορίανκ
1715 3678 1803 3729 ἑπ-

226 3760 353 3826 ἀγει
387 3762 495 3830 γὰρ
520 3764 695 3829 ⁸Περὶ
737 3764 855 3831 μὲν
906 3764 1024 3818 τῶν
1071 3768 1375 3821 Ἰουδαίων
1434 3767 1741 3832 Ἑκαταῖος
1768 3770 1803 3820 ό

228 3851 531 3919 Μιλήσιος
570 3855 753 3908 ταῦτα
778 3860 1116 3927 ἱστόρηκεν.

810 3948 909 4001 Ἐκ
938 3950 1045 4003 τοῦ
1073 3950 1171 4018 μη¹
1188 3952 1249 4002 ¹⁷.

302 4033 425 4085 Ὅτι
464 4034 492 4086 δ
513 4034 728 4101 λέγεται
764 4038 1143 4107 συνενεχθῆναι
1174 4040 1345 4092 αῐτιον
1376 4041 1606 4094 θανάτου
1654 4043 1809 4111 παρά

225 4139 391 4173 τινων
433 4124 670 4193 Ἰοὸιανῷ
717 4124 795 4195 τῷ
849 4124 1091 4193 βασιλεῖ,
1138 4128 1199 4179 τὸ
1250 4129 1722 4199 κατακοιμηθῆναι
1748 4131 1809 4181 ὲν

225 4211 365 4274 οἴκῳ
403 4214 597 4266 νεωστὶ
622 4216 1017 4286 κεκονιαμένῳ,
1084 4219 1219 4287 πυρὶ
1251 4218 1306 4270 δὲ
1339 4219 1427 4271 διὰ
1478 4221 1577 4290 τὴν
1647 4219 1808 4287 ψύξιν

227 4302 753 4374 ὁποθερμαινομένῳ
793 4307 885 4360 καὶ
934 4308 1139 4376 ἀτμοὺς
1196 4309 1410 4377 ἀφιέντι
1450 4311 1577 4373 τοὺς
1612 4312 1676 4363 ὲκ
1708 4312 1811 4381 τῆς

230 4397 615 4465 νενοτισμένης
644 4398 849 4463 κονίας,
884 4398 1042 4451 τοῦτο
1104 4400 1299 4451 ἑκόντα
1330 4401 1579 4455 ὑπελθεῖν
1607 4405 1813 4472 ἱστορεῖ

228 4484 493 4553 Διόδωρος
542 4486 751 4538 Κάτλον
775 4488 816 4519 ³⁸
848 4488 987 4540 κατὰ
1037 4490 1161 4549 τοὺς
1217 4489 1394 4559 πολλῴ
1422 4491 1811 4559 παλαιοτέρους

1907 3677 2061 3729 lesius
2088 3676 2308 3729 tradidit
2328 3674 2460 3747 (59).

2252 3938 2295 3992 Ε
2327 3939 2459 3993 libro
2496 3939 2898 4009 quadragesimo
2936 3950 3135 3993 octavo.

1981 4032 2109 4097 Quae
2126 4029 2353 4084 Joviano
2377 4030 2686 4099 imperatori
2712 4030 2780 4083 ab
2802 4029 3069 4098 aliquibus
3098 4030 3288 4085 mortis
3309 4044 3471 4085 causa

1912 4122 2079 4177 fuisse
2115 4122 2372 4186 traditur,
2410 4129 2469 4176 ut
2523 4120 2727 4175 scilicet
2782 4120 3055 4174 dormiens
3093 4121 3143 4175 in
3196 4123 3355 4175 domo
3386 4136 3472 4175 re-

1911 4232 2037 4271 cens
2076 4216 2333 4281 inalbata,
2378 4225 2434 4270 et
2474 4217 2595 4283 igne
2642 4222 2858 4283 propter
2899 4215 3177 4266 humorem
3213 4214 3469 4274 excitato,

1914 4308 2200 4376 vaporibus
2244 4321 2275 4359 e
2311 4306 2522 4360 madida
2555 4302 2701 4358 calce
2749 4302 3139 4371 prodeuntibus
3173 4302 3475 4356 exstinctus

1913 4397 1984 4450 sit
2008 4397 2141 4466 (60),
2184 4398 2325 4450 hanc
2364 4408 2556 4464 sponte
2598 4396 2848 4455 Catulum
2891 4397 3122 4449 subiisse
3163 4395 3321 4464 longo
3351 4403 3478 4447 ante

1914 4497 2154 4556 tempore
2190 4496 2375 4540 narrat
2412 4487 2710 4549 Diodorus;
2757 4501 2878 4539 nam
2919 4487 2971 4539 in
3010 4487 3148 4541 libro
3174 4486 3478 4555 quadrage-

230 4575 476 4643 Χρόνουςο
518 4578 658 4643 Φησὶ
700 4578 809 4646 γὰρ
840 4579 896 4630 ἐν
924 4584 1010 4647 μη⁹
1054 4579 1200 4647 λόγῳ
1223 4578 1357 4647 πρὸς
1386 4581 1451 4649 τῇ
1483 4583 1625 4648 ἀρχῇ
1648 4580 1732 4631 ὅτι
1754 4579 1803 4631 οῖ
1837 4574 1882 4629 D

1837 4574 1882 4629 Β
1911 4580 2047 4632 sinio
2083 4587 2295 4640 octavo,
2328 4578 2504 4641 initio,
2544 4579 2655 4630 bene
2688 4576 2868 4629 habet.
2902 4574 3129 4629 Ciunani
3157 4585 3213 4631 et
3248 4574 3472 4629 Mariani

231 4665 363 4732 περὶ
396 4666 487 4717 τὸν
532 4668 730 4719 Κίνναν
786 4670 879 4720 καὶ
923 4668 1129 4737 Μάριον
1188 4668 1640 4737 συνεδρεύσαντες
1671 4670 1811 4736 μετά

230 4756 340 4806 τῶν
393 4758 837 4824 ἐπιφανεστάτων
901 4760 1179 4829 ἡγεμόνων
1252 4758 1598 4811 ἐϐουλεύοντο
1659 4760 1807 4822 ὅπως

234 4846 468 4916 βεϐαίως
539 4852 920 4919 καταστήσωσι
968 4852 1064 4921 τὴν
1123 4851 1380 4919 είρήνηνο
1437 4851 1591 4913 τέλος
1628 4850 1807 4916 ἔδοξεν

234 4937 422 5001 αὐτοῖς
464 4940 591 5002 τοὺς
634 4941 1098 5008 ἐπιφανεστάτους
1154 4942 1263 4993 τῶν
1289 4940 1500 5010 ἐχθρῶν
1525 4940 1622 4993 καὶ
1645 4940 1806 4994 δυνα-

1920 4669 2198 4721 consilium
2227 4668 2460 4721 inierunt
2487 4682 2609 4721 cuni
2645 4667 3106 4735 prastantissimis
3146 4666 3391 4729 ducibus,
3419 4676 3478 4718 ut

1919 4760 2068 4812 ﬁrma
2102 4758 2151 4811 in
2180 4772 2309 4825 pace
2334 4758 2595 4820 viverent,
2625 4765 2681 4808 et
2717 4756 2929 4809 tandem
2962 4756 3035 4808 ita
3059 4756 3463 4816 concluserunt,

1917 4859 1976 4901 ut
2010 4848 2342 4901 inimicorum
2380 4848 2710 4901 clarissimos
2752 4860 3023 4915 quosque,
3051 4855 3108 4900 et
3146 4848 3212 4901 de
3246 4846 3475 4913 imperio

1913 4936 2235 4989 contendere
2280 4934 2517 4988 valentes
2551 4934 2947 4999 interﬁcerent,
2997 4943 3055 4989 ut
3090 4934 3297 4990 scilicet
3339 4947 3474 5001 pura

1508 5075 1742 5130 VARIE
1784 5074 2189 5131 LECTIONES.

321 5207 408 5263 ’δὲ
442 5213 565 5267 add.
596 5217 659 5267 Α.
736 5214 1037 5277 ⁷εὐπειθεῖς
1078 5233 1137 5279 ς’.
1239 5215 1261 5245 ⁸
1291 5216 1387 5283 τῆς
1416 5229 1525 5269 om.
1560 5216 1628 5269 Α.

238 5282 284 5354 ff
314 5282 783 5354 προσεδρεύωσιΒ
808 5301 819 5334 :
848 5284 1283 5354 προσεδρεύσωσι
1316 5282 1375 5348 ςέ.
1456 5286 1496 5314 ¹¹
1519 5284 1577 5336 δὲ
1610 5299 1722 5354 0m,-

238 5351 288 5383 “
310 5351 601 5423 τετάρτης]
635 5352 811 5404 malim
831 5351 947 5405 τε’τ
988 5371 1033 5415 ς.

238 5419 372 5490 τῶνΙ
397 5438 487 5477 au.
518 5422 734 5490 αὺτῆςῖ
788 5422 828 5453 ⁸⁷
862 5356 980 5495 tua
1003 5424 1033 5475 it

1113 5354 1336 5425 '_'__1tatpi
1361 5354 1635 5415 Ἰουδαίοις
1659 5352 1799 5425 ἐθῶν
1832 5352 1873 5405 Β
1894 5360 1948 5405 et
1972 5367 2113 5405 corr.
2145 5352 2212 5415 A,
2240 5353 2445 5425 (μιῇ-υπ-Ἰ
2468 5353 2622 5422 παρά
2650 5352 2833 5425 ὲθῶνῄξ
2866 5352 3118 5425 παρέθῶν
3151 5373 3212 5419 ς’.

238 5419 372 5490 τῶνΙ
397 5419 487 5477 aii.
518 5419 734 5490 αὺτῆςῖ
788 5422 828 5453 ⁸⁷
862 5419 979 5493 μη’]
1003 5422 1081 5493 λη’
1113 5419 1505 5493 Wesselingius
1542 5432 1663 5491 post
1692 5423 2168 5476 Rbodomannum.

1703 5217 1725 5247 '
1754 5213 2048 5283 καρτερίαν
2071 5231 2131 5265 τε
2148 5213 2505 5284 καὶάνδρείαν
2544 5214 2733 5268 ἀσκεῖν
2756 5233 2816 5279 ς.
2894 5218 3075 5284 πάσης
3102 5218 3380 5287 ὑπομονὴν
3406 5236 3473 5283 ς.

1707 5322 1722 5335 .
1752 5300 1835 5335 nr.
1868 5287 1929 5335 Α.
2062 5284 2105 5315 ¹¹
2142 5283 2284 5335 ἐγειν
2313 5298 2421 5335 om.
2455 5283 2511 5335 Β.
2624 5285 2667 5316 ⁸³
2688 5284 3009 5335 γενομένας]
3042 5288 3387 5335 ἐγνωσμένα(
3416 5287 3473 5335 Β.

1752 5300 1845 5353 pr.
1868 5300 1929 5335 Α.

2062 5284 2105 5315 ¹¹
2142 5283 2284 5358 ξχειν
2313 5283 2421 5358 ein.
2455 5283 2511 5338 Β.
2596 5285 2667 5358 _"_
2686 5284 3009 5358 γενομένας]
3034 5283 3387 5358 ἐγνωσμένας
3416 5287 3480 5343 Β.

2247 5358 3212 5493 ρςιιιιλιαιιιεξθξριεοετξςξῖιι
3291 5358 3337 5389 ’⁸

2896 5460 2919 5486 ,
3172 5465 3188 5478 .

1756 5532 1987 5589 ΝΟΤΛΕ.

314 5651 427 5720 (59)
459 5650 596 5720 Vide
615 5648 911 5719 Josephum
939 5651 1032 5705 lib.
1065 5652 1322 5705 Aduersus
1344 5651 1655 5720 Appionern.

341 5716 433 5787 60⁷)
461 5720 517 5774 In
551 5716 795 5788 Epironia
821 5720 965 5773 Sexti
991 5720 1190 5783 Aurelii
1222 5716 1471 5774 Victoris.
1502 5736 1520 5769 ι
1562 5718 1662 5788 llic
1684 5716 1813 5788 dum

247 5804 279 5845 a
310 5785 531 5845 Perside
554 5785 730 5844 hieme
778 5804 967 5858 aspera
994 5790 1277 5859 mediaque
1292 5785 1815 5856 Constantinopolim

1926 5652 2221 5714 accelerat,
2263 5648 2530 5703 cruditate
2566 5648 2837 5729 stomachi.
2872 5648 3099 5703 tectorio
3134 5648 3256 5705 novi
3298 5646 3485 5718 Opera

1923 5727 2175 5789 gravatus
2212 5728 2379 5783 esset,
2414 5727 2635 5787 repente
2660 5726 2885 5772 interiit.
2921 5736 2940 5767 ι
