4206 6436
776 381 910 445 1395

1895 376 2154 438 ΡΗΟΤΙΙ
2195 374 2702 437 PATRIARCHIE
2748 375 2856 433 ΟΡ.

3888 365 4033 429 ιεςε

776 496 1010 550 factione
1038 506 1223 546 eorum
1249 490 1478 556 reddita,
1507 488 1720 558 reliquo
1748 496 2010 556 tempore,
2037 497 2095 541 ut
2120 487 2338 551 vellent,

2450 484 2646 553 μένους
2704 480 3118 551 ἀμφισϐητῆσαι
3169 480 3511 548 πραγμάτων
3550 480 3593 513 ¹⁹
3630 480 3835 542 πάντας
3885 482 4030 533 ἀπο-

775 590 893 641 sine
929 586 1124 639 timore
1150 598 1272 637 cum
1308 582 1499 636 amicis
1535 582 1647 635 suis
1687 580 2072 647 rempublicam
2109 578 2341 631 admini-

774 685 1029 732 strarent.
1065 674 1243 741 Quare
1280 673 1468 726 statim
1494 680 1680 740 pactas
1718 670 2061 725 conditiones
2092 678 2144 721 et
2186 668 2341 722 (idem

776 767 1158 833 neglexerunt,
1209 770 1261 816 ct
1301 763 1476 815 caedes
1517 761 1997 815 condemnaturum
2032 759 2249 822 impune
2289 766 2343 809 et

776 858 975 924 ubique
1006 856 1157 908 facta:
1194 869 1340 909 sunt.
1380 852 1609 918 Quintus
1651 866 1779 905 vero
1812 850 2055 903 Lutatius
2097 849 2341 910 Catulus,

774 950 866 1017 qui
890 950 1248 1002 clarissimum
1277 948 1342 1001 de
1371 947 1610 1000 Cimbris
1640 942 1972 1012 triumphum
2004 954 2208 1010 egerat.
2253 958 2346 1008 po-

775 1040 899 1104 pulo
949 1041 1098 1108 prius
1153 1039 1507 1091 charissimus
1553 1052 1581 1087 a
1626 1036 1857 1104 quodam
1911 1035 2126 1088 tribuno
2175 1033 2344 1099 plebis

775 1131 915 1196 apud
960 1129 1215 1197 populum
1261 1144 1387 1183 reus
1418 1129 1609 1181 mortis
1655 1128 1828 1180 factus
1870 1137 1951 1178 est
1979 1141 1991 1178 :
2024 1140 2193 1191 quare
2230 1138 2342 1175 tne-

775 1226 934 1271 tttens
969 1220 1260 1286 periculum
1302 1234 1365 1271 ex
1410 1217 1778 1280 accusatione,
1819 1227 2157 1283 speransque
2198 1214 2345 1264 auxi-

772 1306 900 1360 lium
944 1310 1157 1374 aliquod
1204 1309 1267 1362 ad
1311 1308 1535 1362 Marium
1583 1323 1641 1362 se
1693 1306 1953 1361 contulit:
2002 1305 2119 1372 ipse
2164 1313 2341 1355 autem

773 1410 930 1454 antea
984 1404 1190 1454 anticus
1242 1402 1390 1467 ejus,
1438 1412 1561 1454 tunc
1612 1404 1787 1452 elatus
1825 1398 2113 1464 superbia,
2165 1397 2343 1448 secius

771 1504 896 1557 erga
938 1506 1057 1543 eum
1092 1490 1314 1545 allectus
1348 1502 1449 1555 cst,
1494 1492 1804 1558 nullumque
1834 1489 1976 1539 aliud
2026 1502 2340 1554 responsum

771 1579 917 1631 dedit
957 1580 1087 1641 nisi,
1132 1579 1467 1633 Moriendum
1504 1589 1599 1634 est.
1646 1580 1862 1632 Catulus
1906 1591 2030 1629 vero
2063 1579 2338 1639 desperata

770 1668 941 1722 salute
963 1685 1258 1737 properans
1288 1672 1406 1723 sine
1438 1671 1628 1737 injuria
1658 1669 1819 1720 vitam
1886 1669 2199 1723 lertttittarc,
2256 1678 2342 1715 se-

772 1755 947 1820 ipsum
988 1758 1096 1810 vita
1140 1759 1389 1825 privavit,
1424 1759 1582 1823 idque
1631 1772 1768 1809 novo
1798 1767 1848 1807 et
1880 1755 2136 1807 inusitato
2167 1767 2337 1812 more,

2444 574 2667 633 κτεῖναι,
2688 570 2853 642 [1156
2872 568 2966 640 8.]
2991 569 3137 631 ὅπως
3161 568 3406 637 καθαρᾶς
3427 567 3727 635 γενομένης
3754 568 3857 637 τῆς
3887 570 4030 631 ιδίας

2444 662 2708 730 αἱρέσεως
2759 659 2855 713 καὶ
2912 660 3128 728 μερίδος
3184 658 3358 720 ἀδεῶς
3389 658 3449 709 τὸ
3475 657 3686 720 λοιπὸν,
3714 657 3813 709 καὶ
3840 658 3918 720 ὡς
3960 658 4031 710 ἂν

2455 752 2775 819 βούλωνται,
2799 752 2937 820 μετά
2960 750 3068 802 τῶν
3098 750 3267 818 φίλων
3308 748 3551 800 διοικῶσι
3584 749 3629 779 ⁸⁸
3653 749 3722 800 τὰ
3745 748 3889 801 κατά
3925 751 4031 818 τὴν

2444 844 2764 911 ἡγεμονίαν.
2821 843 2996 903 Εύϐὺς
3028 837 3120 891 οὖν
3171 840 3282 890 τῶν
3312 841 3407 909 μὲν
3430 840 3815 909 γεγενημένων
3841 840 4036 891 συνθέ-

2447 953 2584 987 σεων
2622 935 2715 985 καὶ
2767 934 2998 985 πίστεων
3062 932 3367 1000 ἠμέλησαν,
3422 931 3831 999 σφαγαὶδὲτῶν
3854 948 4034 982 κατα-

2444 1026 2825 1099 ψηφισθέντων
2856 1025 3038 1083 αὐτοῖς
3072 1022 3287 1091 ἄκριτοι
3313 1022 3407 1074 καὶ
3435 1021 3713 1090 πανταχοῦ
3762 1021 4031 1087 ἐγίνοντο.

2445 1121 2669 1180 Κόϊντος
2727 1115 2851 1186 [6‘22
2885 1116 2976 1183 H.|
3021 1115 3077 1166 δέ
3110 1114 3451 1176 Λουτάτιοςό
3481 1113 3713 1176 Κάτλος.
3756 1115 4033 1183 τεθριαμ-

2446 1210 2655 1269 ϐευκὼς
2717 1208 2811 1276 μὲν
2853 1207 3139 1273 ἐπισήμως
3178 1204 3285 1255 ἀπὸ
3330 1203 3617 1272 Κίμὸρων,
3657 1203 4035 1271 ἀγαπώμενος

2444 1300 2499 1351 δέ
2518 1301 2620 1351 ὑπὸ
2644 1298 2750 1349 τῶν
2800 1295 3034 1348 πολιτῶν
3060 1297 3461 1364 περιττότερον,
3497 1294 3602 1346 ὑπό
3632 1312 3779 1355 τινος
3806 1294 4031 1364 δημάρο

2445 1410 2539 1461 χου
2598 1389 2929 1457 κατηγορίας
2978 1388 3278 1455 ἐτύγχανεν
3337 1388 3394 1437 ἐν
3444 1385 3520 1454 τῷ
3564 1386 3723 1456 δήμῳ
3770 1386 4031 1439 θανάτου.

2444 1482 2777 1551 ψοεούμενος
2814 1480 2869 1532 δὲ
2897 1482 2986 1531 τὸν
3014 1481 3077 1530 ὲκ
3096 1479 3195 1545 τῆς
3224 1478 3595 1543 συκοφαντίας
3618 1478 3869 1529 κίνδυνον
3895 1472 4034 1546 ἧκεν

2445 1579 2523 1637 εἰς
2571 1574 2660 1625 τὸν
2689 1573 2921 1640 Μάριον,
2979 1572 3231 1635 δεόμενος
3267 1573 3448 1637 τυχεῖν
3478 1569 3753 1637 βοηθείας.
3804 1570 3864 1620 σο
3885 1569 3943 1620 δὲ
3973 1568 4033 1619 τὸ

2448 1666 2545 1731 μὲν
2593 1662 2899 1732 ἔμπροσθεν
2928 1661 3167 1725 ἐγεγόνει
3203 1658 3375 1723 φίλος,
3404 1658 3521 1708 τότε
3555 1657 3599 1707 δ’
3629 1657 3692 1708 ἐκ
3715 1674 3867 1716 τινος
3898 1657 4034 1706 ὑπο-

2443 1752 2571 1819 ψίας
2596 1749 2890 1817 ἀλλοτρίως
2915 1749 3053 1817 ἔχων
3083 1749 3213 1817 πρὸς
3246 1747 3409 1797 αὑτὸν
3425 1745 3584 1797 τοῦτο
3605 1747 3770 1814 μόνον
3789 1747 4032 1814 ἀπεκρί-

768 1860 889 1897 nam
918 1847 1198 1901 includens
1230 1848 1465 1916 seipsuin
1494 1849 1543 1899 in
1568 1848 1725 1900 domo
1760 1860 1945 1898 recens
1976 1845 2242 1905 tle-albata.
2282 1851 2334 1895 «τι

2444 1846 2503 1912 θη
2533 1881 2547 1907 ,
2586 1840 2799 1895 Θανεῖν
2850 1838 2957 1891 δεῖ.
3011 1839 3118 1889 Καὶ
3144 1841 3171 1889 ὁ
3197 1837 3407 1897 Κάτλος
3464 1837 3737 1904 ἀπογνοὺς
3788 1838 3891 1905 μὲν
3934 1837 4033 1899 τὰς

766 1951 1016 2004 vaporem
1053 1954 1082 1992 e
1113 1940 1258 1993 calce
1300 1940 1421 2006 igne
1460 1949 1513 1991 et
1546 1940 1690 1992 fumo
1720 1954 1802 1990 cxi
1825 1938 1995 1999 itansr,
2031 1936 2330 2003 respirandi

769 2031 1021 2084 facultate
1053 2032 1339 2099 impeditus
1375 2032 1676 2084 exstinctus
1707 2040 1812 2083 ed.

2442 1934 2538 2000 τῆς
2565 1933 2607 1961 ιι
2637 1930 2909 1997 σωτηρίας
2946 1926 3187 1988 ἐλπίδας.
3246 1926 3491 1978 σπεύδων
3522 1927 3579 1979 δὲ
3603 1928 3773 1995 χωρὶς
3816 1926 4034 1996 ὓδρεως

2446 2021 2819 2091 καταστρέψαι
2864 2022 2955 2070 τὸν
2992 2019 3128 2087 βίον,
3172 2019 3365 2069 ἑαυτὸν
3414 2018 3508 2068 τοῦ
3543 2018 3642 2085 ζῇν
3696 2019 4033 2085 μετέστησεν

768 2122 883 2192 ἰδίῳ
932 2128 1040 2176 τινὶ
1099 2126 1193 2177 καί
1244 2124 1683 2194 παρηλλαγμένῳ
1746 2126 1951 2194 τρόπῳ.
2008 2128 2338 2194 Συγκλείσας
2379 2130 2571 2179 ἐαυτὶν
2616 2127 2692 2185 είς
2750 2120 2897 2175 ὦκὀν
2926 2122 3261 2190 νεὸχριστον,
3308 2121 3402 2171 καὶ
3429 2120 3526 2187 τὴν
3553 2121 3615 2170 ἐκ
3674 2119 3775 2186 τῆς
3847 2122 4033 2179 κονίας

762 2214 1040 2284 ἀναφορὰν
1078 2218 1211 2285 πυρί
1248 2218 1342 2268 καὶ
1375 2216 1566 2284 καπνῷ
1605 2219 1966 2286 συναυξῆσας,
1993 2223 2058 2289 τῇ
2092 2220 2188 2288 τῆς
2218 2220 2491 2288 ἀναπνοῆς
2519 2218 2695 2287 φθορᾷ
2721 2214 3114 2283 περιπνιγὴς¹¹
3145 2211 3437 2279 γενόμενος
3474 2210 3807 2280 ἀπήλλαξεν.

1251 2304 1329 2359 Ea:
1362 2309 1624 2359 tricesimo
1656 2311 1844 2373 primo.

833 2395 961 2451 Hac
984 2396 1108 2449 dum
1140 2406 1419 2464 geruntur,
1453 2396 1677 2452 Romam
1721 2398 1916 2468 381b
1949 2415 2144 2455 venere
2175 2401 2333 2472 legati

765 2489 1134 2552 Rhodiorum,
1178 2490 1243 2541 ad
1284 2488 1534 2542 diluenda
1593 2490 1786 2559 quibus
1832 2492 2076 2559 impediti
2125 2493 2338 2548 fuerant

764 2580 1017 2634 crimina.
1052 2578 1384 2633 Videbantur
1417 2582 1557 2633 enim
1606 2581 1656 2632 in
1702 2580 1861 2641 bello.
1905 2584 2046 2649 quod
2077 2585 2339 2638 adversus

765 2670 1019 2725 Perseum
1046 2681 1256 2739 gestum
1282 2682 1384 2734 est,
1415 2673 1609 2724 animis
1632 2674 1696 2724 ad
1734 2688 1911 2742 regem
1949 2674 2258 2737 inclinasse,
2284 2688 2339 2730 ct

764 2777 925 2829 quam
956 2778 1077 2815 cum
1102 2764 1361 2817 Romanis
1395 2764 1666 2817 habebant
1695 2766 2012 2827 amicitiam,
2052 2768 2334 2831 prodiisse.

765 2852 1008 2921 Cumque
1046 2855 1177 2907 nihil
1215 2856 1483 2921 legatione
1517 2868 1613 2906 sua
1651 2854 1993 2922 proficerent,
2030 2858 2330 2922 desponsa-

768 2946 895 2995 bant
923 2946 1131 2996 animos
1157 2985 1172 3005 ,
1205 2955 1257 2996 ct
1286 2960 1405 2997 cum
1450 2946 1699 3015 lacrymis
1737 2946 2004 3014 colloquia
2045 2949 2339 3003 habebant.

766 3038 899 3087 tium
936 3045 1114 3087 autem
1148 3049 1238 3087 eos
1271 3036 1322 3086 in
1359 3045 1606 3088 senatum
1643 3036 2025 3091 introduxisset
2065 3053 2204 3093 unus
2244 3040 2340 3092 tri-

766 3125 1065 3188 bunorum,
1112 3126 1329 3179 nomine
1366 3125 1665 3192 Antonius,
1699 3129 1906 3195 primus
1944 3131 2246 3183 orationem
2277 3131 2342 3183 de

769 3217 1033 3286 legatione
1064 3218 1251 3271 habuit
1280 3215 1635 3284 Philophron,
1657 3227 1711 3271 et
1734 3219 2027 3271 secundum
2056 3231 2177 3286 post
2192 3234 2339 3284 eum,

3038 2305 3140 2356 Ἐκ
3170 2321 3276 2355 του
3306 2302 3419 2355 .ια”.

2513 2401 2664 2466 ’Ἅμα
2699 2398 2757 2451 δὲ
2779 2394 2987 2457 τούτοις
3039 2392 3440 2462 πραττομένοις
3487 2394 3567 2453 εἰς
3610 2392 3834 2460 Ῥώμην
3893 2410 4033 2461 παρ-

2444 2492 2691 2557 εγένοντο
2744 2487 3079 2557 πρεσὸευταὶ
3117 2484 3475 2549 Ῥοδίων,τὰς
3514 2485 3895 2553 γεγενημένας
3922 2486 4035 2537 δια-

2444 2582 2609 2643 ϐολὰς
2659 2583 2781 2632 κατ’
2811 2579 2992 2632 αὐτῶν
3016 2575 3396 2629 ἀπολύσασθαι
3419 2592 3433 2603 -
3470 2576 3688 2627 ἐδόκουν
3725 2575 3836 2643 γαρ
3863 2576 3922 2625 ἐν
3961 2574 4035 2640 τῷ

2447 2673 2583 2739 πρὸς
2640 2672 2855 2739 Περσέα
2901 2668 3120 2736 πολέμῳ
3169 2669 3284 2727 ταῖς
3334 2665 3565 2723 εὐνοίαις
3609 2664 4035 2716 ἁποκεκλικέναι

2444 2765 2579 2833 πρὸς
2602 2762 2690 2814 τὸν
2724 2760 2945 2828 βασιλέα
2968 2759 3062 2811 καὶ
3114 2756 3513 2825 προδεδωκέναι
3549 2756 3648 2819 τὴν
3715 2755 3855 2820 προς
3902 2754 4034 2806 Ῥω-

2444 2856 2639 2923 μαίους
2685 2853 2889 2919 φιλίαν.
2947 2850 3129 2918 Μηδὲν
3177 2850 3231 2899 δὲ
3266 2847 3526 2907 ἀνύοντες
3577 2838 3650 2897 ὧν
3690 2845 4030 2912 ἐπρέσϐευον

2441 2946 2521 3003 εἰς
2552 2943 2792 3010 ἀθυμίαν
2816 2941 3127 2998 ἐνέπιπτον,
3163 2940 3256 2990 καὶ
3307 2940 3444 3005 μετὰ
3466 2936 3720 3005 δακρύων
3746 2937 4035 2987 ἐποιοῦντο

2441 3036 2539 3097 τὰς
2564 3034 2857 3098 ἐντεύξεις.
2902 3032 3305 3097 Εἰσαγαγόντος
3335 3031 3390 3082 δέ
3421 3030 3621 3088 αὐτοὺς
3657 3031 3737 3089 εἰς
3765 3029 3866 3097 τὴν
3902 3028 4032 3091 σύγ-

2442 3126 2639 3196 κλητον
2684 3125 2802 3185 ἐνὸς
2834 3123 2942 3173 τῶν
2988 3122 3288 3190 δημάρχων
3338 3119 3623 3171 Ἀντωνίου
3678 3118 3901 3185 πρῶτος
3940 3119 4035 3185 μὲν

2440 3218 2676 3268 ἐποιεῖτο
2729 3215 2818 3265 τδν
2860 3211 3001 3281 ὑπὲρ
3033 3212 3132 3277 τῆς
3182 3208 3484 3278 πρεσϐείας
3536 3207 3696 3273 λόγον
3722 3206 4031 3275 iul/repens,

765 3308 1107 3375 Astymedes.
1152 3308 1213 3361 lli
1276 3322 1397 3361 cum
1440 3308 1605 3362 multa
1639 3309 1951 3375 suppliciter
1980 3318 2032 3361 et
2076 3310 2339 3377 depreca-

2446 3308 2584 3376 μετά
2604 3307 2660 3358 δὲ
2688 3305 2878 3357 τοῦτον
2945 3300 3306 3369 Ἀστυμήδης.
3370 3300 3548 3351 Πολλὰ
3573 3299 3629 3351 δὲ
3674 3299 3817 3367 πρὸς
3842 3300 4028 3366 δέησιν

771 3398 905 3450 torie
930 3397 1215 3463 dixissent,
1246 3408 1299 3450 et
1326 3398 1392 3449 ad
1426 3409 1725 3451 extremum
1755 3398 1835 3467 (ut
1857 3408 1937 3452 est
1966 3400 2015 3452 in
2039 3400 2344 3469 proverbio)

768 3500 1023 3555 cygneam
1054 3487 1361 3541 cantionem
1386 3488 1743 3551 cecinissent,
1792 3502 1934 3555 aegre
1971 3502 2225 3555 responsa
2256 3503 2347 3544 ac-

768 3584 1047 3641 ceperunt,
1074 3589 1168 3642 per
1194 3590 1314 3644 qua
1364 3577 1431 3629 ab
1452 3587 1695 3631 extremo
1724 3578 1942 3645 quidem
1965 3590 2108 3631 metu
2133 3579 2341 3633 liberati

768 3674 894 3716 sunt
926 3665 1037 3718 -sed
1074 3667 1139 3720 de
1162 3666 1483 3721 criminibus
1513 3670 1707 3722 acerbe
1739 3668 2029 3738 objurgati.

841 3830 1020 3897 Quare
1046 3833 1171 3888 licet
1190 3836 1329 3901 apud
1356 3833 1627 3889 Romanos
1653 3838 1835 3893 videre
1856 3840 2338 3906 praestantissimos

769 3938 1012 3991 quosque
1056 3926 1121 3979 de
1160 3926 1326 3995 gloria
1376 3929 1798 3990 contendentes,
1850 3943 1945 3993 per
1984 3944 2119 3997 quos
2158 3932 2341 3985 omnia

768 4027 904 4079 pene
942 4015 1177 4067 maxima
1213 4029 1243 4065 a
1275 4015 1467 4083 populo
1493 4016 1867 4084 perficiuntur.
1896 4017 2002 4072 Sed
2029 4019 2079 4071 itt
2108 4020 2227 4072 aliis
2252 4036 2339 4072 ur-

766 4103 925 4157 bibus
954 4103 1052 4157 sibi
1085 4105 1216 4172 ipsis
1249 4119 1438 4158 omncs
1469 4106 1737 4169 invident,
1778 4106 2003 4160 Romani
2045 4123 2171 4163 vero
2203 4111 2339 4162 invi-

767 4209 885 4246 cem
921 4194 1161 4260 laudant,
1192 4197 1332 4249 unde
1360 4199 1538 4250 evenit
1575 4199 1779 4265 Optime
1807 4208 1862 4252 et
1889 4197 2184 4254 fortissime
2226 4216 2339 4255 rem

766 4292 826 4337 nt
870 4297 1095 4353 gerant,
1138 4286 1522 4354 rempublicam
1571 4288 1903 4354 amplificare
1953 4289 2232 4345 studentes
2288 4300 2343 4345 et

765 4375 855 4428 alii
890 4377 1089 4445 injuste
1130 4379 1451 4443 sentientes,
1500 4388 1557 4433 et
1598 4380 1805 4448 scipsos
1848 4384 2342 4438 circumvenientes

768 4467 998 4534 patriam
1038 4471 1282 4535 perdant.

2449 3401 2543 3451 καὶ
2586 3399 2916 3467 παραίτησιν
2958 3395 3229 3454 εἰπόντες.
3282 3394 3376 3445 καὶ
3424 3393 3485 3444 τὸ
3538 3393 3857 3444 τελευταῖον
3893 3392 4031 3443 κατα

2446 3490 2545 3561 τὴν
2591 3490 2893 3560 παροιμίαν
2919 3488 2980 3540 τὸ
3003 3486 3254 3538 κύκνειον
3308 3484 3563 3554 ᾄσαντες,
3620 3483 3781 3553 μόλις
3846 3483 4033 3535 ἑλαὸον

2445 3581 2784 3649 ἀποκρίσεις,
2841 3580 2906 3631 δι’
2951 3570 3027 3630 ὧν
3057 3576 3149 3628 τοῦ
3186 3576 3283 3643 μὲν
3312 3573 3637 3643 ὁλοσχεροῦς
3686 3574 3860 3641 φόϐου
3896 3590 4033 3641 παρ-

2448 3670 2738 3739 ελύθησαν,
2767 3670 2899 3737 περὶ
2926 3669 2983 3720 δὲ
3014 3666 3122 3719 τῶν
3174 3664 3539 3734 ἐγκλημάτων
3578 3664 3798 3734 πικρῶς
3829 3664 4033 3716 ὠνειδὶ-

2447 3761 2674 3831 σθησαν.

2512 3853 2710 3922 Διόπερ
2740 3853 2869 3906 ίδεῖν
2900 3852 3013 3906 ἔστι
3070 3854 3217 3918 παρᾶ
3262 3848 3555 3919 Ῥωμαίοις
3603 3848 3735 3908 τοὺς
3760 3848 4029 3911 Emens-

2446 3944 2671 4005 στάτους
2726 3943 2923 4012 ἄνδρας
2976 3943 3118 4012 ὑπὲρ
3164 3942 3321 4011 δόξης
3372 3940 3810 4008 ἁμιλλωμένους,
3855 3938 3921 3989 δι’
3953 3934 4023 3988 ὧν

2446 4034 2663 4087 ἅπαντα
2724 4034 2910 4103 σχεδὸν
2932 4034 3001 4085 τὰ
3051 4035 3282 4102 μέγιστα
3306 4033 3384 4101 τῷ
3422 4033 3578 4101 δήμῳ
3611 4030 4022 4095 κατορθοῦνται.

2460 4128 2547 4179 Ἐν
2585 4127 2683 4193 μὲν
2717 4126 2825 4194 γὰρ
2861 4130 2973 4187 τοῖς
3018 4125 3197 4187 ἄλλοις
3247 4124 3605 4191 πολιτεύμασι
3636 4119 4029 4188 ζηλοτυποῦσιν

2445 4215 2726 4284 ἀλλήλους,
2775 4216 3032 4284 Ῥωμαῖοι
3066 4215 3121 4268 δὲ
3152 4213 3485 4267 ἐπαινοῦσιν.
3532 4211 3625 4275 Ἐξ
3651 4204 3712 4262 οὗ
3743 4210 4029 4279 συμϐαίνει

2452 4308 2686 4377 μάλιστα
2730 4309 2856 4369 τοὺς
2891 4307 2988 4375 μὲν
3012 4307 3277 4376 πράσσειν
3300 4305 3367 4356 τὰ
3400 4304 3662 4357 κάλλιστα
3693 4304 3804 4354 τῶν
3832 4301 4025 4371 ἔργων.

2448 4398 2857 4466 ἁμιλλωμένους
2920 4396 3103 4461 αὕξειν
3136 4399 3195 4449 τδ
3224 4398 3373 4464 κοινῇ
3396 4396 3443 4427 ’⁸
3474 4393 3775 4465 συμφέρον,
3823 4396 3952 4455 τοὺς
3986 4392 4026 4441 δ’

2448 4485 2638 4547 ἄλλους
2658 4484 3097 4547 ἀδικοδοξοῦντας
3119 4484 3213 4536 καὶ
3244 4482 3341 4545 τὰς
3366 4483 3610 4551 ἀλλήλων
3629 4484 3673 4513 “
3709 4481 3968 4543 ἐπιϐολὰς
3986 4481 4026 4510 ’⁸

2449 4577 2874 4645 λυμαινομένους
2906 4576 3162 4646 βλάπτειν
3193 4576 3290 4644 τὴν
3325 4574 3579 4642 πατρίδα.

834 4648 1094 4704 Perseum
1131 4651 1376 4705 ultimum
1407 4667 1584 4722 regem
1609 4653 1958 4721 Macedoniae,
1989 4667 2272 4728 postquam
2298 4661 2342 4713 is

2522 4668 2646 4719 Ὅτι
2708 4668 2919 4735 Περσέα
2953 4668 3014 4720 τὸ
3060 4668 3367 4719 τελευταῖον
3404 4665 3743 4727 Μακεδονίας
3781 4664 4022 4735 βασιλέα,

764 4754 904 4808 stepe
943 4755 1064 4794 cum
1101 4741 1358 4795 Romanis
1396 4746 1688 4799 amicitiam
1725 4746 1867 4811 iniit,
1898 4762 2037 4816 saepe
2073 4749 2199 4802 itctn
2236 4766 2338 4803 non

766 4833 1160 4885 contemnendo
1188 4834 1429 4887 exercitu
1464 4836 1661 4889 bellum
1692 4839 1879 4903 gessit,
1915 4841 2130 4895 tandem
2163 4842 2342 4897 Emi-

760 4922 865 4975 lius
890 4924 1216 4979 debellatum
1258 4927 1429 4994 cepit,
1463 4937 1517 4980 et
1554 4929 1873 4994 praeclarum
1903 4933 1972 4986 ob
2001 4949 2120 4987 eam
2163 4936 2335 4989 victo-

760 5013 896 5065 riam
939 5015 1267 5084 trinmphnm
1304 5019 1433 5087 egit.
1474 5019 1705 5074 Perseus
1748 5036 1877 5076 vero
1912 5026 2074 5079 tantis
2104 5028 2338 5097 agitatus

763 5103 1163 5160 calamitatibus
1200 5119 1257 5163 ut
1300 5109 1504 5164 similes
1547 5125 1667 5165 esse
1708 5114 1991 5169 videantur
2031 5116 2149 5183 ejus
2183 5133 2341 5172 casus

763 5190 961 5246 fabulis
1001 5208 1178 5247 rerum
1234 5212 1509 5263 nunquam
1579 5210 1883 5268 gestarum,
1950 5218 2017 5257 nc
2066 5206 2345 5261 discedere

764 5282 981 5347 quidem
1016 5299 1046 5339 e
1084 5286 1186 5340 vita
1238 5287 1464 5342 volebat.
1505 5289 1824 5359 Priusquam
1859 5294 2000 5347 enim
2032 5306 2255 5349 senatus
2277 5298 2343 5349 de

760 5391 824 5429 eo
871 5380 1310 5444 pronuntiasset,
1364 5381 1488 5448 quid
1551 5381 1855 5436 faciendum
1910 5396 2055 5439 esset
2122 5387 2329 5441 urbano

2452 4757 3012 4824 πολλάκιςῬωμαίοις
3037 4758 3122 4809 διὰ
3149 4756 3328 4824 φιλίας
3362 4755 3529 4819 ίόντα,
3566 4755 3826 4816 πολλάκις
3860 4755 3915 4807 δέ
3936 4756 4023 4807 καὶ

2454 4848 2680 4917 στρατιᾷ
2706 4847 2803 4898 ούκ
2842 4846 3173 4915 ἀναξιολόγῳ
3197 4846 3579 4913 πολεμήσαντα
3600 4846 3753 4907 τέλος
3780 4846 4023 4909 Αἰμίλιος

2454 4938 2918 5005 καταπολεμήσας
2942 4934 3075 5000 εἷλε,
3118 4938 3212 4988 καὶ
3264 4937 3515 5005 λαμπρὸν
3558 4936 3828 5004 θρίαμϐον
3849 4938 3940 4987 ἐπὶ
3972 4939 4021 5003 τῇ

2455 5024 2579 5095 νίκῃ
2609 5027 2913 5093 κατήγαγε.
2943 5026 3186 5095 Περσεὺς
3215 5024 3271 5075 δὲ
3301 5025 3651 5092 τηλικαύταις
3710 5025 4021 5095 περιπεσὼν

2453 5118 2758 5184 συμφοραῖς
2781 5115 2918 5168 ὥστε
2932 5115 3106 5167 δοκεῖν
3118 5116 3277 5183 ὅμοια
3302 5115 3489 5183 μύθοις
3499 5117 3785 5183 ἀγενήτοις
3805 5114 3944 5168 εἶναι
3960 5116 4019 5167 τὲ

2451 5206 2599 5273 πάθη
2622 5208 2689 5257 τὰ
2718 5206 2844 5272 περὶ
2876 5206 3059 5269 αὑτὸν,
3086 5205 3193 5257 οὐδ’
3224 5206 3671 5273 ἀπολυθῆναιτοῦ
3704 5206 3806 5275 ζῇν
3839 5208 4014 5275 ἤθελε.

2450 5298 2584 5365 Πρὶν
2602 5298 2709 5366 γὰρ
2738 5297 2769 5366 ἦ
2807 5298 2902 5365 τὴν
2921 5295 3222 5365 σύγκλητον
3236 5296 3375 5365 ὑπὲρ
3401 5295 3562 5348 αὑτοῦ
3582 5295 3862 5348 διαλαϐεῖν
3879 5296 3906 5347 ὃ
3919 5296 4015 5365 χρὴ

2441 5387 2653 5450 παθεῖν,
2702 5385 2810 5437 τῶν
2841 5386 2983 5439 κατά
3012 5386 3166 5439 πόλιν
3190 5385 3511 5456 στρατηγῶν
3530 5386 3575 5418 ²⁶
3600 5380 3682 5449 εἷς
3710 5387 4012 5439 ἐνέίῖαλεηιμ⁷

2075 5518 2306 5572 VARUE
2358 5518 2764 5575 LECTKONES.

840 5602 883 5634 ’⁵
911 5603 1053 5672 ἀμφ.
1079 5606 1549 5674 περιπραγμάτων
1574 5606 1614 5659 Β
1637 5624 1698 5670 ς’.

769 5687 827 5725 πῖ.
907 5674 951 5703 ’³
974 5677 1123 5795 κοινῆ
1153 5674 1193 5728 Β
1233 5692 1245 5727 :
1277 5677 1454 5727 κοινὸν
1481 5693 1545 5737 ς.

772 5744 1070 5795 “Osfrid-1
1128 5746 1143 5795 ἶ
1292 5746 1331 5776 ³⁷
1378 5746 1545 5795 είςέξς

772 5744 1070 5801 ⁷’τ.ττίτγ,·,’ἓιλ
1109 5744 1143 5795 ti
1292 5746 1331 5776 ιτ
1378 5746 1659 5799 τιςέεαλον
1703 5747 1757 5810 ti,
1791 5744 2071 5801 5562))";
2129 5766 2183 5810 τ.

965 5793 969 5801 1

1774 5608 1818 5638 ὀ
1844 5608 2083 5660 δοικοῦσι
2119 5626 2179 5672 ς’.

2256 5613 2299 5641 ²¹
2328 5610 2425 5677 τῆς
2453 5611 2574 5663 add.
2607 5613 2669 5662 A.

1644 5676 1963 5750 "nidiﬁcia
1993 5680 2031 5730 Β
2056 5690 2108 5731 et
2134 5694 2278 5733 corr.
2318 5681 2357 5731 Α
2386 5676 2399 5732 .
2436 5679 2695 5750 ἀλλήλους
2729 5698 2789 5745 ς.

2750 5612 2796 5642 “
2829 5611 3162 5679 περιπνιτὴς
3192 5612 3231 5663 Β
3261 5622 3315 5664 et
3348 5626 3491 5663 corr.
3522 5610 3567 5661 ll
3604 5628 3618 5664 :
3665 5611 4002 5680 περιπνιγεῖς

2750 5698 2789 5745 Γ,
2886 5683 2931 5713 ’⁸
2959 5681 3251 5744 ἐπιϐουλὰς
3281 5710 3350 5722 -
3374 5680 3598 5750 βλάπτει
3620 5700 3685 5746 ς.
3764 5681 3810 5713 ³⁸
3842 5681 4002 5732 τὸν..

3226 5707 3249 5744 ς
3281 5710 3350 5722 —
3374 5707 3598 5744 Ριιιιτιῑτι
3620 5707 3685 5744 ς.
3764 5707 3808 5713 "
3842 5707 4011 5732 τυν-
