4206 6436
184 432 328 496 1397

1206 427 1729 489 BIBLIOTHECA.
1762 451 1831 464 —
1859 427 2021 489 COD.
2050 428 2344 490 CCXLIV.

3295 428 3430 494 1398

174 540 344 593 αὑτὸν
399 537 479 598 είς
517 537 606 588 τὸν
630 536 686 587 ὲν
720 532 943 595 Ἀλϐαις
988 534 1265 602 κάρκαρον
1325 532 1452 602 [623
1484 532 1578 603 IL]
1624 534 1761 602 μετὰ
1788 537 1834 595 Α

1788 537 1834 595 Α
1862 536 2113 601 praetori,
2158 537 2387 604 conjecit
2415 551 2537 592 eum
2568 536 2622 589 in
2654 549 2929 593 carcerem
2953 576 2968 600 ,
3000 537 3091 606 qui
3130 549 3216 594 est
3259 538 3428 595 Albae.

173 630 291 682 τῶν
321 628 548 681 τέκνων.
585 626 740 677 Ἐστι
768 624 827 677 δὲ
851 625 879 675 ὀ
912 624 1188 694 κάρκαρος
1223 624 1438 692 δρυγμα
1464 624 1757 690 κατάγειον

177 718 342 786 βαθὺ,
366 717 425 769 τὸ
465 716 563 785 μὲν
596 711 825 782 μέγεθος
850 711 972 779 ἔχον
995 711 1039 741 ’⁸
1072 712 1218 764 οἷκου
1254 710 1486 778 μάλιστά
1524 729 1638 773 πως
1670 712 1757 763 ὲν-

177 809 466 861 νεακλίνου
485 808 551 871 ¹⁹,
625 805 819 859 σκότου
841 802 884 834 ³⁸
913 802 969 854 δὲ
996 802 1197 870 πλῆρες
1220 802 1261 831 ³¹
1308 803 1403 853 καὶ
1463 801 1759 869 δυσοσμίας

177 902 269 952 διὰ
299 903 361 952 τὸ
394 900 598 967 πλῆθος
642 897 751 948 τῶν
803 894 1250 963 παραδεδομένων
1302 892 1378 951 είς
1433 892 1619 943 τοῦτον
1670 891 1759 942 τὸν

178 992 351 1041 τόπον
381 989 609 1057 ἀνδρῶν,
642 986 752 1037 τῶν
787 987 880 1037 ἐπὶ
915 986 1219 1045 θανατικυίς
1252 984 1557 1051 ἐγκλήμασι
1590 999 1760 1034 κατα-

178 1079 557 1147 δικαζομένων
588 1077 748 1149 [1157
778 1076 867 1147 ιι]
917 1069 990 1129 ὧν
1017 1079 1073 1128 ὲν
1108 1076 1337 1137 ἐκείνοις
1394 1077 1505 1137 τοῖς
1550 1073 1763 1143 χρόνοις

177 1174 230 1223 οἱ
280 1172 502 1233 πλείους
563 1171 795 1224 ἐνταῦθα
849 1169 1280 1238 καθείργνυντο·
1341 1169 1398 1219 ὲν
1450 1168 1594 1220 οὕτω
1655 1168 1764 1238 γὰρ

182 1264 451 1331 στενωπῷ
487 1262 990 1330 συγκεκλεισμένων
1040 1259 1249 1313 πολλῶν
1307 1260 1516 1329 ἀνδρῶν
1555 1260 1765 1329 ἀπεθη-

184 1354 371 1419 ριούτο
392 1354 460 1405 si
483 1353 592 1404 τῶν
622 1352 835 1420 ἀτυχῶν
868 1352 1115 1420 σώματα,
1147 1349 1258 1403 τῶν
1293 1368 1353 1401 τε
1383 1352 1520 1418 πρὸς
1540 1350 1766 1429 ξτροφὴν

182 1447 281 1497 καὶ
344 1446 444 1513 τὴν
474 1445 639 1513 ἀλλην
684 1446 865 1496 πᾶσαν
911 1442 1095 1510 χρείαν
1124 1442 1435 1510 ἀνηκόντων
1467 1444 1685 1494 πάντων
1710 1445 1767 1493 ἐν

181 1534 372 1603 ταύτῷ
403 1534 766 1602 πεφυρμένων
798 1535 1063 1600 τοσαύτην
1097 1532 1467 1599 προσπίπτειν
1501 1531 1768 1583 δυσωδίαν

184 1628 529 1687 συνέϐαινεν,
580 1625 719 1677 ὥστε
774 1624 976 1693 μηδένα
1036 1623 1143 1674 τῶν
1196 1624 1530 1689 προσιόντων
1574 1624 1769 1692 ῥᾳδίως

181 1718 453 1769 δύνασθαι
511 1715 873 1784 καρτερῆσαι.
912 1714 1266 1784 Ἐφ’ήμέρας
1334 1713 1431 1781 μὲν
1490 1708 1585 1765 οὖν
1633 1712 1770 1764 ἑπτὰ

180 1808 489 1860 διετέλεσεν
550 1806 782 1860 ἐνταῦθα
814 1806 1274 1875 κακουχούμενος,
1316 1804 1454 1857 ὥστε
1484 1805 1578 1857 καὶ
1617 1802 1769 1872 παρὰ

1867 640 1985 677 cum
2017 627 2178 683 natis.
2211 627 2307 681 Est
2335 637 2510 681 autem
2546 643 2734 681 carcer
2761 629 2871 692 ille,
2904 638 3118 681 antrum
3154 631 3431 683 subterra-

1866 730 2027 770 neum
2060 716 2381 784 profundum
2405 754 2419 780 ,
2460 719 2827 785 magnitudine
2877 720 3131 782 maxime,
3168 729 3429 787 quantum

1865 814 1947 856 est
1977 804 2311 858 cmnaculum
2351 818 2537 859 novem
2579 806 3070 873 lectorum.Estque
3089 807 3434 860 tenebrarum

1868 892 2077 960 plenum
2109 909 2171 948 ac
2212 896 2434 958 fetoris,
2476 906 2692 963 propter
2722 896 3119 951 multitudinem
3155 898 3432 951 hominum

1869 985 1943 1035 rei
1975 985 2219 1050 capitalis
2240 987 2634 1047 damnatorum,
2661 986 2751 1055 qui
2778 988 2830 1040 in
2864 1003 2982 1040 eum
3010 989 3183 1041 locum
3210 988 3435 1041 tradun-

1873 1084 1977 1136 Inr,
2010 1090 2235 1140 quorum
2273 1077 2501 1129 maxima
2534 1092 2658 1143 pars
2690 1078 2796 1131 illis
2825 1079 3158 1146 temporibus
3180 1080 3267 1133 hic
3293 1081 3439 1133 clau-

1872 1167 2116 1220 debatur.
2156 1164 2437 1220 Conclusis
2479 1167 2622 1221 enim
2672 1168 2724 1220 in
2780 1178 2884 1220 tam
2925 1177 3154 1239 angusto
3200 1174 3317 1224 loco
3363 1181 3439 1223 tot

1873 1256 2201 1322 hominibus,
2223 1256 2579 1312 eﬂ'erebantur
2605 1259 2923 1311 miserorum
2948 1274 3202 1327 corpora,
3229 1270 3282 1314 et
3307 1277 3438 1313 con-

1875 1345 2007 1401 fusis
2030 1347 2168 1401 inter
2197 1361 2314 1401 sese
2348 1349 2619 1409 omnibus,
2644 1364 2763 1417 qua:
2799 1350 2879 1402 vel
2910 1352 2973 1403 ad
3010 1352 3238 1414 victum,
3266 1354 3351 1406 vel
3374 1354 3438 1406 ad

1874 1436 2011 1490 alios
2060 1452 2192 1490 usus
2211 1437 2479 1505 pertinent
2504 1437 2725 1506 382a,
2757 1448 2934 1491 tantus
2967 1440 3103 1492 fetor
3122 1442 3439 1505 exsistebat,

1875 1536 1932 1579 nt
1970 1526 2149 1579 nullus
2194 1529 2560 1581 accedentium
2606 1529 2764 1583 facile
2801 1532 2996 1583 durare
3035 1541 3237 1597 posset.
3280 1532 3445 1600 igitur

1878 1616 1965 1670 ille
1995 1632 2086 1683 per
2111 1616 2224 1670 dies
2255 1627 2457 1682 septem
2502 1616 2619 1669 loco
2655 1618 2755 1670 huc
2784 1618 3057 1672 miseriam
3094 1621 3343 1685 pertulit,
3387 1630 3443 1672 nt

1876 1708 2038 1758 ctiam
2064 1716 2320 1760 extrema:
2350 1707 2675 1760 conditionis
2708 1712 2981 1762 hominum
3006 1720 3060 1764 et
3102 1722 3336 1764 statuum
3364 1710 3445 1764 ci-

1878 1795 2004 1849 bum
2056 1797 2433 1865 accipientium
2487 1811 2586 1865 ope
2645 1799 2928 1868 indigeret.
2982 1801 3083 1854 llic
3137 1803 3278 1856 enim
3330 1802 3446 1869 ejus

181 1900 295 1951 τῶν
352 1900 596 1967 ἐσχάτων
640 1898 735 1949 καὶ
763 1896 939 1949 τακτά
963 1899 1004 1928 ³³
1061 1896 1394 1963 σιτουμένων
1447 1895 1769 1964 ἐπικουρίας
1797 1883 1842 1941 Β

1797 1883 1844 1941 Β
1874 1886 2043 1940 vicem
2080 1898 2299 1954 propter
2331 1887 2746 1942 inl‘ortnniorum
2804 1891 3222 1957 magnitudinem
3258 1890 3444 1944 dolen-

183 1990 484 2057 δεηθῆναι·
547 1987 850 2056 συμπαθεῖς
898 1988 1004 2055 γὰρ
1053 1980 1199 2038 οὗτοι
1248 1985 1689 2050 γινόμενοιυδιά
1711 1984 1773 2035 τὸ

188 2079 424 2149 μέγεθος
483 2080 591 2130 τῶν
638 2078 1081 2149 ἀκληρωμάτων,
1140 2067 1216 2127 ὧν
1276 2073 1689 2141 μεταλάμδανον
1707 2074 1770 2134 ³⁵,

186 2170 589 2239 φιλαιθρὼπως
644 2148 847 2222 τούτωῖρ
902 2170 1095 2236 ὲκείνῳ
1129 2166 1480 2236 μετεδίδοσαν
1509 2164 1772 2232 δακρύον-

183 2280 301 2325 τες.
341 2263 606 2333 Ἐρῤιπτο
626 2262 668 2294 ³⁵
695 2260 901 2329 δἀύτῷ
931 2260 1022 2312 καὶ
1053 2260 1202 2326 ξίφος
1227 2258 1361 2327 πρὸς
1385 2257 1667 2326 ἀναίρεσιν
1685 2257 1774 2307 καὶ

184 2354 376 2414 κάλως
437 2352 569 2421 πρὸς
632 2352 888 2419 ἀγχόνην,
933 2349 1181 2415 ἐξουσίας
1227 2348 1508 2416 διδομένης
1540 2347 1613 2409 ὡς
1657 2346 1775 2415 βού-

184 2444 338 2495 λοιτο
363 2444 407 2473 ³⁸
435 2442 763 2511 χρήσασθαι.
812 2441 950 2492 Ἀλλ’
976 2441 1126 2493 οὐδὲν
1156 2439 1298 2492 οὕτω
1326 2440 1495 2504 γλυκὺ
1529 2438 1776 2505 φαίνεται

183 2536 301 2591 τοῖς
353 2532 683 2601 ἠτυχηκόσιν
724 2533 797 2593 ὡς
826 2530 887 2581 τὸ
912 2529 1032 2598 ζῇν,
1085 2528 1285 2597 καίπερ
1345 2527 1523 2580 αὐτῶν
1544 2527 1584 2557 ³⁷
1650 2526 1777 2590 ἄξια

185 2624 430 2677 θανάτου
494 2624 827 2691 πασχόντων.
884 2622 993 2674 Καὶ
1028 2621 1200 2690 πέρας
1225 2623 1283 2672 ἐν
1312 2620 1536 2681 ταύταις
1566 2617 1633 2671 ἂν
1659 2620 1778 2681 ταῖς

183 2715 464 2780 ἀνάγκαις
499 2712 833 2781 κατέστρεψε
874 2711 964 2764 τὸν
997 2710 1130 2779 βίον,
1161 2712 1209 2762 εί
1243 2710 1317 2778 μὴ
1343 2710 1568 2778 Μάρκος
1619 2709 1778 2777 Αἰμί-

185 2805 303 2865 λιος
348 2803 763 2874 προκαθήμενος
807 2800 899 2854 τοῦ
961 2801 1366 2870 βουλευτηρίου,
1424 2800 1609 2869 τηρῶν
1636 2801 1697 2852 τό
1717 2815 1776 2851 τε

186 2894 323 2963 περὶ
367 2893 528 2946 αὑτὸν
574 2894 790 2961 ἀξίωμα
850 2892 1040 2945 καὶτὸ
1066 2891 1165 2959 τῆς
1197 2891 1452 2959 πατρίδος
1514 2891 1776 2951 ἐπιεικὲς,

186 2981 471 3049 παρῄνεσε
501 2982 565 3049 τῇ
591 2981 877 3047 συγκλήτῳ
932 2977 1287 3046 σχετλιάζων,
1316 2981 1363 3030 εί
1410 2977 1484 3047 μὴ
1536 2978 1627 3029 τὸν
1682 2979 1778 3028 ἀν-

185 3074 466 3140 θρώπινον
540 3071 703 3139 φόϐον
761 3069 1137 3131 εὐλαϐοῦνται,
1170 3070 1271 3138 τήν
1326 3087 1389 3135 γε
1437 3069 1560 3131 τοὺς
1608 3070 1779 3138 ὑπερ-

184 3166 421 3235 ηοράνως
443 3166 562 3225 ταῖς
591 3162 859 3225 ἐξουσίαις
914 3162 1231 3231 χρωμένους
1257 3161 1662 3229 μετερχομένην
1692 3160 1779 3212 νέ-

187 3272 353 3325 μεσιν
418 3253 705 3307 αἰδεῖσθαι.
767 3252 968 3321 Διόπερ
1028 3255 1107 3313 είς
1140 3254 1557 3319 ἐπιεικεστέραν
1598 3252 1778 3313 δοθεὶς

184 3346 463 3415 φυλακὴν,
521 3346 613 3397 καὶ
644 3347 827 3405 κεναῖς
848 3344 891 3374 ³⁸
931 3342 1112 3395 ἐλπίσι
1166 3342 1540 3411 προσανέχων,
1584 3342 1780 3411 ὁμοίαν

181 3442 302 3500 τοῖς
335 3437 807 3506 προητυχημένοις
831 3434 955 3503 ἔσχε
981 3434 1074 3487 τοῦ
1107 3434 1220 3503 βίου
1251 3436 1348 3504 τὴν
1375 3437 1781 3505 καταστροφήν.

1879 1985 1979 2038 tes,
2011 1990 2130 2043 qum
2155 1976 2253 2044 ipsi
2284 1978 2643 2042 accipiebant,
2677 1980 2791 2034 haec
2816 1981 2863 2033 ei
2892 1981 3117 2050 benigne
3142 1981 3445 2047 lacryman-

1877 2075 1956 2119 tes
1990 2067 2367 2133 impertiebant
2436 2068 2599 2132 Igitur
2638 2070 2686 2123 ei
2737 2070 2943 2136 gladius
2977 2071 3043 2123 ad
3098 2072 3444 2136 occisionem,

1874 2168 1930 2211 et
1976 2160 2135 2213 restis
2185 2159 2251 2214 ad
2301 2162 2784 2227 strangulationem
2840 2164 3110 2232 proiectus
3158 2174 3276 2222 est.
3323 2166 3444 2217 data

1878 2249 2139 2301 utriusvis
2185 2251 2421 2318 optione.
2465 2251 2667 2304 Verum
2710 2252 2842 2305 nihil
2889 2262 2994 2307 tam
3040 2254 3197 2309 dulce
3238 2256 3448 2310 miseris

1878 2338 2092 2393 videtur
2125 2354 2284 2407 quam
2316 2342 2515 2404 vivere,
2561 2344 2773 2397 etiamsi
2824 2354 2995 2399 morte
3029 2346 3241 2415 dignam
3282 2351 3448 2401 mise-

1880 2430 2014 2482 riam
2066 2432 2356 2499 patiantur.
2404 2434 2481 2487 Ac
2531 2435 2745 2488 tandem
2793 2437 2844 2489 in
2904 2437 2986 2492 his
3036 2439 3449 2493 necessitatibus

1878 2522 2045 2573 vitam
2079 2520 2363 2586 ﬁnivisset,
2397 2524 2497 2577 nisi
2539 2524 2749 2579 Marcus
2785 2526 3038 2584 AEmilius
3072 2532 3234 2585 curia:
3267 2533 3447 2600 pra-si.

1879 2610 2031 2675 dens,
2054 2620 2108 2665 et
2144 2628 2295 2665 suam
2330 2614 2648 2684 dignitatem
2677 2628 2731 2670 et
2764 2618 2953 2685 patriai
2978 2621 3285 2688 mqnitatem
3323 2622 3451 2676 reti-

1882 2715 2035 2764 nens,
2062 2714 2306 2755 senatum
2341 2717 2465 2756 cum
2507 2706 2654 2772 gravi
2696 2708 3111 2776 reprehensione
3141 2726 3450 2765 commone-

1881 2790 2114 2857 fecisset,
2147 2802 2204 2846 ut
2237 2794 2279 2847 si
2314 2793 2553 2847 humano
2585 2804 2725 2850 metu
2760 2813 2865 2853 non
2907 2808 3220 2864 terreretur,
3252 2812 3307 2855 at
3331 2800 3443 2857 Ne-

1881 2880 2067 2933 mesim
2098 2881 2344 2936 ultricem
2388 2894 2537 2937 certe
2578 2897 2917 2952 vererentur,
2965 2904 3083 2958 qua:
3117 2893 3169 2944 in
3211 2906 3303 2946 eos
3328 2894 3451 2945 ani-

1881 2973 2218 3029 madvertere
2254 2978 2413 3040 solet,
2457 2979 2547 3046 qui
2577 2981 2935 3047 potestatibus
2955 2986 3184 3052 superbe
3206 2998 3447 3039 utuntur.

1881 3060 2063 3129 Itaque
2100 3064 2187 3118 ille
2228 3065 2278 3116 in
2316 3066 2584 3120 mitiorem
2622 3070 2776 3121 datus
2805 3072 3141 3135 custodiam,
3180 3082 3235 3126 et
3285 3088 3452 3126 vanas

1881 3168 2005 3221 spes
2034 3153 2253 3221 fovens,
2298 3156 2528 3209 similem
2572 3161 2945 3227 superioribus
2986 3161 3203 3217 casibus
3246 3164 3448 3216 exitum

1885 3242 2005 3295 vita:
2054 3246 2278 3296 sortitus
2314 3254 2417 3301 est.
2463 3245 2756 3315 Postquam
2806 3254 2949 3305 enim
3000 3252 3275 3306 biennium
3332 3254 3453 3307 vita:

1882 3335 2108 3401 cupidus
2133 3336 2369 3403 duravit,
2395 3354 2517 3393 cum
2548 3341 2802 3396 custodes
2834 3343 3095 3399 barbaros
3115 3343 3449 3407 offendisset,

1883 3427 2185 3495 prohibitus
2227 3440 2307 3483 est
2354 3432 2422 3485 ab
2461 3430 2565 3485 illis
2594 3449 2786 3487 somno
2812 3433 2936 3497 frui,
2983 3444 3147 3506 atque
3179 3439 3250 3491 ita
3284 3438 3448 3492 vitam

182 3531 352 3593 Διετῆ
394 3528 503 3597 γὰρ
537 3528 729 3596 χρόνον
761 3526 1157 3595 φιλοψυχήσας,
1189 3526 1283 3578 καὶ
1326 3526 1641 3595 προσκόψας
1669 3528 1783 3589 τοῖς
1884 3516 2076 3571 ﬁnivit.

184 3619 579 3690 φυλάττουσιη
624 3618 950 3687 βαρῦάροις,
1000 3616 1351 3686 κωλυόμενος
1407 3617 1499 3670 ὑπ’
1559 3618 1783 3672 ἐκείνων

186 3715 364 3766 ὕπνου
406 3714 587 3780 τυχεῖν
607 3709 974 3778 ἐτελεύτησεν.

264 3805 394 3855 ’Ὅτι
440 3803 689 3871 λέγουσιν
705 3801 750 3832 δ’
785 3802 1017 3862 ἑαυτοὺς
1064 3800 1113 3851 οἱ
1137 3801 1235 3867 τῆς
1270 3800 1668 3863 Καππαδοκίας
1691 3801 1786 3869 βα-

188 3896 365 3955 σιλεῖς
391 3894 471 3955 εἰς
505 3893 686 3961 Κῦρον
713 3892 1003 3961 ἀναφέρειν
1026 3892 1085 3944 τὸ
1112 3891 1268 3959 γένος
1300 3892 1391 3943 τὸν
1430 3895 1487 3944 ἐν
1525 3893 1783 3963 Πέρσαις,

185 3982 711 4036 διαὸεὗαιοῦνταιδὲ
743 3982 836 4033 καὶ
887 3980 995 4032 τῶν
1056 3982 1197 4033 έπτά
1258 3981 1485 4050 Περσῶν
1532 3982 1641 4033 τῶν
1693 3982 1785 4035 τὸν

190 4076 374 4143 μάγον
434 4072 843 4137 ἐπανελομὲνων
881 4072 1001 4133 ἐνὸς
1048 4071 1324 4139 ὑπάρχειν
1353 4072 1635 4138 ἀπόγονοι.
1673 4072 1787 4125 Καὶ

1958 3798 2147 3853 Dicunt
2174 3814 2290 3855 sese
2316 3801 2532 3871 (inquit)
2580 3801 2932 3873 Cappadociae
2980 3823 3134 3875 reges
3166 3810 3230 3862 ad
3254 3810 3449 3881 Cyrum

1885 3888 2106 3943 Persam
2154 3891 2358 3948 referre
2404 3909 2571 3963 genus
2617 3910 2796 3961 suum,
2849 3901 3284 3968 contenduulque
3329 3918 3453 3969 pro-

1884 3992 2073 4047 gnatos
2113 3996 2229 4035 esse
2271 3998 2329 4037 se
2370 3999 2476 4038 uno
2523 3995 2727 4053 septem
2764 3985 3075 4055 Persarum,
3120 3992 3209 4058 qui
3240 4007 3448 4061 magum

1884 4073 2219 4137 occiderunt,
2253 4085 2305 4127 et
2340 4076 2554 4128 ductam
2590 4078 2805 4144 quidem
2838 4094 2866 4132 a
2899 4080 3041 4149 Cyro
3073 4085 3447 4150 cognationem

183 4164 290 4231 τὴν
340 4163 438 4229 μὲν
473 4162 581 4214 ἀπὺ
613 4161 795 4231 Κύρου
840 4160 1162 4227 συγγένειαν
1192 4161 1334 4212 οὕτω
1372 4161 1782 4230 καταριθμοῦν-

183 4271 301 4308 ται.
334 4252 631 4319 Καμδύσου
662 4252 754 4303 τοῦ
785 4252 968 4323 Κύρου
997 4254 1202 4320 πατρδς
1248 4252 1483 4320 ἀδελφὴν
1537 4252 1783 4322 ὑπάρξαι

186 4344 421 4412 γνησίαν
443 4344 482 4375 ⁸³
518 4345 783 4395 ’Λτοπσαν
803 4344 870 4375 δ’·
928 4344 1131 4412 ταύτης
1167 4344 1222 4394 δὲ
1246 4344 1339 4394 καὶ
1360 4343 1650 4409 Φαράνκου
1673 4343 1768 4395 τοῦ

186 4433 592 4494 Καππαδοκίας
616 4434 879 4500 βασιλέως
916 4434 1170 4499 γενέσθαι
1203 4433 1371 4484 παῖδα
1430 4433 1652 4491 Γάλλον.
1686 4435 1781 4487 καὶ

1886 4164 1963 4214 sic
1999 4173 2342 4217 enumerant.
2373 4164 2635 4235 Cambyse
2664 4166 2789 4236 Cyri
2822 4172 2990 4236 patris
3015 4187 3254 4225 sororem
3288 4172 3450 4227 fuisse

1882 4267 2190 4320 germanam
2234 4257 2505 4312 Atossam.
2550 4255 2628 4310 Ex
2659 4259 2760 4313 hac
2782 4271 2835 4315 et
2863 4260 3141 4317 Pharnace
3168 4264 3445 4331 Cappado-

1884 4348 1979 4400 ciae
2018 4364 2141 4418 rege
2194 4361 2380 4402 natum
2428 4351 2595 4406 fuisse
2637 4350 2992 4423 Pedagamum
3022 4354 3154 4424 (61),
3201 4365 3256 4409 et
3298 4356 3452 4422 hujus

1887 4440 2050 4492 lilium
2090 4440 2257 4495 fuisse
2293 4442 2562 4496 Smcrdim
2597 4460 2611 4497 :
2648 4446 2803 4514 cujus
2838 4461 2999 4513 porro
3031 4448 3369 4508 Artamnam,
3399 4460 3452 4501 r-t

184 4524 386 4577 τούτου
430 4523 682 4589 γενέσθαι
738 4524 969 4594 Σμέρδιν
989 4525 1053 4585 ⁸³,
1111 4518 1171 4577 οὗ
1220 4525 1520 4593 ’Δρτάμηψ
1584 4525 1679 4577 τοῦ
1723 4527 1780 4578 δὲ
1812 4553 1845 4607 Π

1812 4553 1855 4607 [ι
1889 4531 2046 4599 hujus
2095 4535 2388 4600 Anaphan,
2439 4536 2526 4602 qui
2561 4534 2874 4590 fortitudine
2918 4549 2973 4592 ct
3022 4540 3243 4593 audacia
3273 4540 3450 4593 excel-

200 4618 471 4683 ’Λναφᾶν,
502 4616 561 4667 ὃν
587 4618 678 4668 καὶ
737 4616 1034 4683 διενεγκεῖν
1069 4616 1169 4684 μὲν
1211 4617 1434 4686 ἀνδρείᾳ
1464 4617 1555 4669 καὶ
1582 4617 1778 4690 τόλμῃ,

187 4708 451 4774 γενέσθαι
478 4707 523 4758 δ’
563 4708 657 4759 ἕνα
689 4707 797 4759 τῶν
845 4707 985 4759 ἑπτὰ
1015 4708 1256 4777 Περσῶν.
1289 4707 1398 4776 Τὴν
1443 4708 1540 4775 μὲν
1576 4707 1671 4760 οὖν
1699 4709 1778 4771 είς

188 4800 378 4867 Κῦρον
392 4799 437 4829 ⁸⁵
463 4800 785 4867 συγγένειαν
824 4799 967 4851 οὕτω
1020 4798 1407 4867 γενεαλογοῦσι
1438 4799 1532 4851 καὶ
1566 4798 1667 4867 τὴν
1699 4800 1777 4861 εἰς

199 4891 469 4956 ἈναφΞν,
513 4891 571 4942 δν
611 4907 741 4958 φασι
783 4890 848 4943 δι’
887 4891 1139 4958 ἀνδρείαν
1198 4890 1623 4959 συγχωρηθῆναι
1678 4890 1779 4957 τὴν

186 4980 603 5041 Καππαδοκίας
653 4980 978 5034 δυναστείαν
1027 4981 1166 5034 ὥστε
1245 4981 1318 5051 μὴ
1360 4980 1537 5033 τελεῖν
1583 4980 1781 5050 φόρους

189 5070 461 5135 Πέρσαις.
517 5065 591 5123 Oi}
622 5072 1050 5143 τελευτήσαντος
1099 5073 1387 5143 ὁμώνυμος
1431 5074 1545 5136 υίὸς
1598 5073 1778 5143 ἄρχει.

1888 4624 2065 4686 luerit,
2095 4634 2148 4678 et
2172 4641 2310 4680 unus
2333 4637 2537 4695 septem
2578 4629 2858 4683 Persarum
2890 4630 3068 4685 fuerit.
3103 4632 3266 4702 Igitur
3295 4650 3448 4688 suam

1885 4715 1949 4764 ad
1989 4714 2186 4783 Cyrum
2226 4720 2595 4786 cognationem
2630 4721 2708 4774 sic
2752 4734 3100 4786 enumerant,
3136 4725 3276 4779 etad
3305 4726 3450 4777 Ana-

1884 4805 2023 4871 phan
2053 4846 2066 4866 ,
2098 4808 2180 4859 cui
2207 4809 2490 4877 perhibent
2513 4824 2729 4880 propter
2758 4815 3004 4868 virtutem
3031 4817 3106 4869 sic
3134 4832 3447 4870 concessum

1886 4893 2050 4947 fuisse
2070 4895 2418 4965 Cappadocia:
2441 4901 2822 4968 principatum,
2844 4913 2898 4955 nt
2922 4904 3099 4958 Persis
3121 4906 3319 4958 tributa
3345 4920 3447 4957 nou

1884 4987 2161 5051 penderet.
2206 4991 2279 5040 Eo
2323 4991 2429 5042 vita
2473 4992 2726 5047 defuncto
2768 4995 3047 5061 imperavit
3082 4996 3320 5064 ejusdem
3351 5012 3449 5051 no-

1885 5077 2043 5129 minis
2072 5078 2232 5131 lilins.
2272 5079 2398 5133 Post
2422 5084 2574 5151 enjus
2600 5086 2805 5138 obitum
2832 5088 3214 5153 superstitibus
3242 5090 3451 5143 duobus

1427 5208 1666 5263 VARUE
1702 5209 2103 5268 LECTIONES.

290 5324 338 5355 ²¹¹
372 5322 495 5392 ἕχον
527 5323 567 5375 Β
596 5336 649 5377 et
678 5339 820 5378 corr.
852 5328 915 5377 Λ.

189 5393 233 5446 Λ
273 5412 285 5447 τ
325 5394 535 5461 πλήρης
569 5412 628 5457 ς-

189 5463 282 5515 AB
315 5481 330 5516 :
365 5463 653 5533 ἐρρίπτουν
695 5483 753 5527 ς.
833 5465 875 5495 ³⁸
901 5463 974 5525 ὡς
1006 5465 1071 5516 ἂν

191 5535 316 5592 ναῖς
346 5550 406 5594 ς.
507 5533 551 5563 ³⁸
588 5534 919 5599 φυλάσσουσι
952 5534 1013 5587 Β.

195 5601 457 5655 Ἀττόσαν
489 5620 528 5665 ς·

1108 5464 1350 5531 βούλοιτο
1376 5482 1434 5527 ς.

624 5602 671 5633 ⁸³
698 5604 936 5672 σμέρδην
969 5602 1026 5656 Β.
1104 5602 1149 5633 ⁸⁵
1177 5602 1340 5672 κῦρον
1373 5603 1442 5654 A:
1480 5602 1661 5667 Κύρου
1696 5618 1755 5663 ς.

1015 5327 1059 5358 ’⁸
1097 5325 1436 5378 ἐννεακλίνου
1468 5338 1614 5377 corr.
1642 5324 1684 5376 Α
1720 5340 1734 5375 :
1764 5328 2125 5381 ὲννεακλιτίου
2159 5348 2219 5394 ς.

706 5396 748 5425 ³¹
772 5394 967 5464 τακτὰ]
995 5397 1065 5447 τὰ
1099 5397 1238 5447 κατά
1269 5397 1331 5456 Α,
1362 5396 1430 5447 τὰ
1455 5393 1661 5461 ἐγκανα
1706 5394 1765 5447 Β.
1842 5398 1885 5428 ³³
1916 5393 2211 5466 γινόμενοι.
2291 5401 2336 5431 ³⁸
2361 5393 2766 5470 μετελάμϐανον
2826 5404 2955 5457 add.
2989 5393 3049 5455 Κ.
3097 5393 3111 5397 ⁷
3156 5406 3199 5436 ³⁸
3226 5404 3272 5473 Eg

706 5483 753 5542 ς.
833 5465 875 5495 ³⁸
901 5465 990 5542 ὡς
1006 5465 1071 5516 ἂν
1108 5464 1350 5542 βούλοιτο
1376 5482 1434 5542 ς.
1468 5532 1478 5542 ¹
1514 5464 1555 5493 ³⁷
1585 5464 1787 5542 καίπερ
1807 5467 2009 5542 αύτῶν]
2034 5472 2128 5542 καί
2147 5472 2277 5542 παρ’
2304 5472 2481 5523 αὐτῶν
2512 5474 2575 5533 Δ,
2604 5475 2698 5525 καὶ
2730 5472 2883 5542 παρὰ
2919 5473 3028 5525 τῶν
3071 5471 3129 5524 Β.
3229 5475 3272 5505 ⁸⁸

1184 5534 1435 5614 λέγουσίν
1461 5532 1670 5614 (φησιν)
1693 5532 1919 5599 ἑαυτοὺς
1949 5532 2008 5600 ςξ
2088 5539 2131 5569 ⁸³
2162 5532 2404 5609 ὑπάρξαι
2433 5542 2540 5610 γὰρ
2564 5532 2896 5611 γνησίανλς.

2319 5338 2361 5363 ευ
2388 5341 2607 5395 σκύτους
2653 5336 2712 5387 Β.
2810 5334 2851 5364 ³¹
2910 5333 3117 5402 πλῆρες
3145 5336 3184 5384 Β
3214 5344 3267 5386 et
3297 5350 3443 5388 corr.

2291 5401 2336 5431 “
2361 5403 2766 5470 μετελάμϐανον
2826 5404 2955 5457 add.
2989 5401 3049 5455 Α.
3156 5406 3199 5436 ³⁸
3226 5404 3449 5474 ἔρριπτο

2304 5472 2481 5523 αὐτῶν
2512 5474 2575 5526 Δ.
2604 5475 2698 5525 καὶ
2730 5472 2883 5526 παρὰ
2919 5473 3028 5525 τῶν
3071 5471 3129 5524 Β.
3229 5475 3272 5505 ⁸³
3324 5475 3446 5526 καί·

2989 5545 3034 5573 "
3058 5545 3291 5597 ἀτοσσαν
3315 5543 3405 5595 AB
3428 5557 3444 5596 :

1714 5713 1938 5771 NOTAE.

270 5802 382 5869 (lii)
425 5803 506 5855 Al.
536 5803 694 5856 παῖδα
716 5805 940 5869 Γάλλον,
979 5806 1149 5872 ﬁlium
1185 5806 1412 5858 Gallum.
