4206 6436
786 370 921 435 1399

1946 389 2211 458 PHOTII
2248 394 2748 463 PATRIARCHAZ
2786 404 2895 465 ΟΡ.

3897 410 4035 479 Ῑιθῡ

781 487 931 551 tlliis,
972 486 1215 551 Datama,
1252 489 1450 562 382b
1470 500 1521 547 et
1559 495 1851 563 Arimnzco,
1884 506 2215 562 successisse
2250 508 2347 561 im-

2450 508 2595 561 Μετά
2641 509 2697 562 δέ
2734 511 2835 579 τὴν
2876 509 3065 563 τούτου
3113 512 3372 583 τελευτὴν
3418 512 3863 582 ἀπολειφθέντων
3884 519 4032 571 δυεῖν

777 578 925 644 perio
959 578 1257 647 Datamam,
1301 584 1475 639 virum
1525 596 1578 640 et
1622 588 1761 644 bello
1805 601 1859 645 et
1891 594 2009 650 aliis
2054 599 2202 665 regni
2228 614 2346 666 par-

777 668 920 723 tibus
954 670 1245 736 laudatum,
1269 676 1358 742 qui
1384 690 1503 730 cum
1528 676 1712 735 Persis
1748 684 1930 750 praelic
1954 701 2273 755 congressus
2293 700 2348 743 et

774 769 994 812 strenue
1028 764 1321 829 prteliatus,
1363 766 1415 819 in
1457 782 1521 821 eo
1549 769 1886 826 occubuerit.
1918 792 2159 845 negnum
2191 792 2347 831 acce-

775 852 853 915 pit
888 852 1027 905 lilius
1072 855 1383 923 Ariamnes,
1414 860 1565 927 cujus
1610 862 1757 918 fuere
1800 865 1872 918 fili
1914 867 2229 925 Ariarathes
2292 881 2348 924 et

774 939 1125 1007 Olophernes.
1176 944 1221 997 ls
1266 946 1551 1005 Ariamnes
1594 967 1715 1008 cum
1750 972 1923 1012 annos
1953 960 2342 1030 quinquaginta

776 1032 1114 1099 imperasset,
1144 1052 1240 1091 nec
1282 1038 1443 1092 ullum
1472 1046 1851 1115 opus-dignum
1892 1052 2151 1105 memoria
2186 1053 2344 1108 fecis-

773 1134 875 1187 set,
909 1127 1061 1180 obiit.
1095 1129 1221 1197 Ejus
1256 1128 1311 1182 in
1338 1131 1619 1199 imperium
1648 1140 1910 1191 successit
1937 1151 2063 1194 natu
2090 1144 2345 1210 grandior

775 1212 916 1267 ﬁlius
953 1218 1286 1284 Ariarathes,
1310 1222 1397 1289 qui
1432 1238 1589 1291 supra
1622 1227 1835 1279 modum
1872 1244 2085 1285 amasse
2114 1230 2339 1289 fratrem

772 1306 997 1368 dicitur,
1031 1319 1084 1362 et
1130 1313 1195 1364 ad
1244 1313 1571 1370 clarissimos
1611 1319 1831 1372 ordines
1865 1322 2145 1384 erexisse.
2181 1335 2343 1392 utque

773 1394 911 1448 idem
952 1411 1071 1450 cum
1116 1400 1293 1455 Persis
1336 1404 1594 1458 adversus
1634 1406 1916 1475 Egyptios
1962 1411 2184 1477 missus,
2218 1414 2340 1469 belli

770 1487 948 1539 socius
982 1489 1177 1553 fuisse,
1214 1501 1268 1543 et
1307 1507 1429 1546 cum
1469 1496 1678 1563 magnis
1714 1498 2012 1555 honoribus
2048 1506 2337 1568 revenisse,

769 1591 905 1642 quos
928 1577 1212 1633 Persarum
1249 1596 1341 1635 rex
1369 1583 1546 1638 Ochus
1579 1598 1800 1654 propter
1828 1591 2085 1646 virtutem
2125 1597 2174 1647 in
2217 1613 2338 1649 eum

769 1667 1100 1733 conferebat,
1136 1671 1405 1741 vitamque
1446 1675 1495 1727 in
1537 1678 1708 1744 patria
1748 1681 2051 1749 reliquisse,
2087 1689 2329 1753 supersti-

769 1758 911 1811 tibus
935 1759 1058 1814 filiis
1089 1762 1375 1817 Ariaratha
1402 1775 1456 1818 et
1486 1768 1690 1837 Arysa;
1723 1770 1890 1824 frater
1916 1786 2092 1826 autem
2122 1787 2175 1829 et
2200 1778 2339 1845 Cap-

2449 600 2604 659 υίοτν,
2662 600 2915 669 Δατάμου
2967 602 3061 654 καὶ
3120 603 3434 671 Ἀριμναίου
3468 646 3481 668 ,
3526 604 3873 671 διαδέξασθαι
3931 607 4031 677 τὴν

2448 688 2625 759 ἀρχὴν
2658 692 2936 760 Δατάμην,
2968 692 3138 761 ἄνδρα
3164 693 3257 745 καὶ
3276 693 3320 725 ⁸⁸
3352 694 3494 746 κατά
3518 678 3755 765 πόλεμον
3779 700 3879 750 καὶ
3906 700 4028 749 κατ’

2446 779 2583 832 ἄλλα
2617 786 2756 850 μέρη
2796 782 2894 849 τῆς
2925 782 3198 851 βασιλείας
3237 783 3365 854 [θει
3396 784 3488 855 H.]
3518 788 3939 856 ἐπαινούμενον,
3970 788 4025 850 ὃς

2448 871 2684 940 Πέρσαις
2719 873 2805 924 διὰ
2852 874 3031 942 μάχης
3072 874 3243 926 ἐλθὼν
3305 876 3400 929 καὶ¹
3443 876 3708 945 λαμπρῶς
3745 880 3897 931 κατά
3927 880 4024 946 τὴν

2450 961 2629 1030 μάχην
2692 964 3099 1033 ἀγωνισάμενος
3130 967 3185 1017 ἐν
3227 967 3362 1036 αὐτῇ
3429 968 3673 1038 τελευτᾷ.
3736 970 4026 1033 Διεδέξατο

2444 1053 2499 1105 δὲ
2528 1055 2627 1122 τὴν
2658 1053 2933 1121 βασιλείαν
2962 1058 2988 1108 6
3018 1056 3131 1118 υίὸς
3174 1057 3490 1126 Ἀριάμνης,
3523 1054 3584 1111 οὗ
3614 1059 3857 1124 γίνονται
3893 1062 4019 1110 παῖ-

2444 1143 2533 1206 δες
2605 1143 2937 1213 Ἀριαράθης
2998 1145 3093 1197 καὶ
3161 1146 3525 1215 Ὀλοφέρνης·
3586 1142 3741 1207 οὗτος
3792 1146 3854 1198 δὲ
3922 1146 4017 1213 ἐτη

2443 1236 2780 1301 πεντήκοντα
2801 1236 3166 1297 δυναστεύσας
3195 1238 3289 1288 καὶ
3319 1237 3482 1303 μηδὲν
3509 1238 3668 1307 ἔργον
3699 1239 3851 1303 ἀξιον
3873 1240 4019 1309 μνή-

2447 1346 2552 1397 μης
2574 1326 2783 1398 πράξας
2802 1328 3050 1397 τελευτᾷ.
3078 1329 3189 1397 Τὴν
3216 1330 3273 1381 δὲ
3288 1330 3459 1399 ἀρχὴν
3482 1329 3751 1391 διεδέξατο
3792 1332 3820 1381 6
3842 1346 3987 1399 πρεσ
4002 1359 4016 1370 -

2443 1420 2669 1490 ϐύτερος
2719 1421 2827 1473 τῶν
2883 1420 3015 1475 υἱῶν
3090 1421 3440 1489 Ἀριαράθης,
3498 1422 3557 1483 ὃς
3588 1422 4020 1490 φιλοττοργῆσαι

2441 1512 2805 1581 διαφερόντως
2832 1511 3048 1579 λέγεται
3088 1510 3179 1563 τὸν
3210 1510 3462 1575 ἀδελφὸν,
3488 1511 3583 1563 καὶ
3610 1512 3882 1579 προάγειν
3921 1511 4019 1563 αὐ-

2439 1602 2530 1655 τὸν
2582 1606 2659 1665 είς
2686 1602 2783 1664 τὰς
2838 1602 3277 1670 ἐπιφανεστάτας
3307 1601 3519 1665 τάξεις·
3559 1602 3617 1653 ὃν
3656 1603 3751 1653 καὶ
3782 1602 4017 1670 Πέρσαις

2440 1694 2560 1748 κατ’
2622 1694 2935 1761 Αἰγυπτίων
2996 1693 3369 1746 ἀποσταλέντα
3420 1692 3783 1761 συμμαχῆσαι
3817 1692 4017 1759 μετά⁵⁶

2444 1786 2697 1855 μεγάλων
2755 1786 2929 1854 τιμῶν
2956 1785 3292 1846 ἐπανελθεῖν,
3326 1784 3393 1846 ἃς
3412 1780 3577 1851 Ὦχος
3608 1786 3635 1835 ὁ
3666 1782 3894 1851 Περσῶν
3922 1782 4017 1850 βα-

769 1849 1004 1911 padocim
1024 1852 1308 1918 imperium
1339 1854 1541 1909 habens
1566 1860 1687 1926 (nec
1708 1860 1853 1913 enim
1883 1879 2193 1929 germanam
2220 1884 2338 1935 pro-

2441 1848 2620 1939 σιλεὺς
2656 1875 2791 1946 ὑπὲρ
2813 1848 3063 1944 άνδρείας
3093 1876 3287 1931 ἐδίδου.
3320 1874 3411 1927 καὶ
3562 1874 3674 1941 βίον
3708 1848 3767 1924 ἐν
3790 1876 3857 1942 τῇ
3911 1848 4017 1923 πα-

768 1936 870 1992 lem
900 1940 1174 2007 habebat),
1206 1942 1547 2009 grandiorem
1583 1944 1765 1998 fratris
1795 1948 1960 1999 ﬁlium
1998 1951 2335 2006 Ariarathem

768 2031 1062 2095 adoptavit.
1097 2032 1195 2085 Per
1219 2048 1279 2087 ca
1307 2043 1542 2102 tempora
1574 2037 1879 2091 Alexander
1904 2040 2123 2097 Macedo
2149 2042 2338 2099 Persas

768 2121 1071 2184 debellavit,
1097 2125 1289 2177 deinde
1318 2125 1469 2180 ohiit.
1511 2129 1576 2181 At
1615 2128 1899 2185 Perdiccas
1933 2136 2171 2187 omnium
2211 2145 2338 2191 tunc

770 2229 948 2265 rerum
988 2216 1335 2281 gubernator,
1384 2218 1673 2273 Eumenem
1722 2223 1866 2276 misit
1900 2225 2087 2279 ducem
2130 2227 2339 2297 Cappa-

765 2304 961 2369 dociae,
1002 2322 1064 2360 ac
1104 2308 1369 2363 debellato
1407 2311 1691 2365 Ariaratha
1738 2324 1790 2367 et
1837 2314 1889 2368 in
1933 2331 2110 2383 pugna
2154 2319 2337 2373 inter-

766 2394 925 2455 fecto.
953 2406 1060 2451 tam
1087 2399 1199 2467 ipsa
1232 2401 1568 2469 Cappadocia
1593 2419 1752 2472 quam
1791 2406 2028 2461 ﬁnitimae
2067 2410 2335 2478 regiones,

767 2487 821 2539 in
882 2487 1233 2543 Macedonum
1300 2502 1621 2559 potestatem
1678 2508 1961 2551 venerunt.
2020 2499 2339 2555 Ariarathes

766 2592 896 2630 vero
937 2581 1190 2645 postremi
1239 2583 1380 2650 regis
1419 2581 1557 2636 ﬁlius
1597 2583 1649 2636 in
1691 2588 1973 2653 przesentia
2017 2590 2334 2657 desperans,

767 2673 1036 2725 concessit
1084 2688 1205 2726 cum
1257 2675 1443 2740 paucis
1485 2676 1536 2727 in
1583 2675 1917 2732 Armeniam.
1971 2678 2124 2734 Haud
2172 2683 2338 2735 multo

766 2774 887 2830 post
918 2773 1177 2832 tempore,
1216 2766 1450 2819 Eumene
1480 2776 1530 2821 et
1567 2766 1819 2823 Perdicca
1856 2774 2104 2837 mortuis,
2140 2784 2194 2829 et
2222 2777 2336 2829 An-

767 2855 948 2922 tigono
969 2870 1034 2908 ac
1063 2856 1291 2909 Seleuco
1316 2860 1645 2924 subsecutis,
1672 2861 1760 2915 ille
1787 2867 2022 2932 acceptis
2051 2867 2118 2921 ab
2151 2868 2339 2922 Arme—

766 2946 976 2998 niorum
1009 2961 1133 3014 rege
1164 2949 1402 3002 Ardoata
1435 2952 1637 3016 copiis,
1679 2962 1732 3004 et
1765 2952 2114 3008 Macedonum
2146 2958 2336 3010 ducem

765 3040 1055 3104 Amyntam
1102 3038 1394 3101 interiecit,
1441 3050 1495 3093 et
1523 3040 1842 3097 Macedones
1870 3045 2118 3099 celeriter
2146 3062 2174 3100 e
2216 3048 2338 3101 ﬁni-

766 3130 865 3180 hns
895 3128 1082 3193 cjccit,
1132 3130 1597 3199 domesticumque
1646 3134 1931 3201 imperium
1980 3142 2334 3206 recuperavit.

766 3216 962 3271 llahuit
991 3218 1078 3272 hic
1109 3230 1220 3273 tres
1240 3220 1400 3285 ﬁlios,
1420 3236 1645 3287 quorum
1680 3235 1807 3277 natu
1834 3227 2099 3281 maximus
2120 3229 2336 3282 Ariam-

766 3321 865 3360 nes
898 3323 1117 3376 regnum
1153 3310 1386 3377 accepit,
1421 3314 1509 3379 qui
1556 3312 1871 3369 afﬁnitatem
1912 3319 2182 3373 contraxit
2215 3335 2335 3373 cum

764 3400 1030 3454 Antiocho
1071 3404 1393 3473 cognomine
1430 3403 1568 3468 Deo,
1607 3404 1724 3473 ejus
1763 3408 1925 3459 ﬁliam
1976 3408 2336 3465 Stratonicam

766 3490 1068 3545 Ariaratha:
1097 3493 1329 3547 ﬁliorum
1361 3510 1578 3549 suorum
1609 3505 1733 3549 natu
1768 3500 2003 3553 maximo
2032 3501 2336 3555 collocavit.

765 3576 1009 3645 Cumque
1046 3588 1190 3634 esset
1219 3580 1447 3635 ﬁliorum
1482 3599 1639 3653 supra
1682 3587 1896 3639 modum
1929 3604 2139 3652 amans,
2173 3606 2340 3659 puero

766 3668 1011 3721 diadema
1061 3671 1355 3739 imposuit,
1407 3686 1530 3727 eum
1592 3676 1758 3729 totius
1811 3678 1863 3729 in
1913 3693 2078 3746 regno
2132 3680 2339 3746 imperii

768 3769 935 3829 atque
972 3761 1110 3827 juris
1160 3776 1228 3816 ex
1259 3778 1414 3832 aequo
1460 3780 1645 3819 secum
1697 3767 1902 3821 socium
1947 3767 2091 3822 fecit.
2132 3769 2344 3823 Mortuo

768 3863 924 3921 patre
954 3853 1270 3909 Ariarathes
1300 3856 1445 3909 solus
1476 3859 1745 3926 regnavit,
1780 3869 1832 3913 et
1863 3874 1893 3913 e
1922 3863 2028 3913 vita
2061 3862 2343 3917 discedens

769 3958 996 4010 regnum
1025 3944 1133 3997 ﬁlio
1155 3960 1253 3998 suo
1275 3947 1562 3999 admodum
1591 3962 1757 4014 puero
1790 3948 2030 4017 reliquit.
2067 3948 2165 4003 Hic
2191 3951 2345 4004 duxit

768 4034 823 4089 in
858 4051 1078 4089 uxorem
1105 4036 1269 4089 filiam
1303 4036 1553 4090 Antiochi
1582 4038 1782 4103 Magni,
1814 4043 2028 4094 nomine
2057 4043 2345 4097 Antiochi-

768 4127 932 4189 dem,
981 4138 1250 4181 \‘ersutauv
1314 4127 1623 4182 admodum.
1660 4127 1859 4197 383a
1887 4128 2071 4193 Hanc,
2115 4147 2239 4185 cum
2284 4133 2346 4184 li-

768 4217 928 4271 beros
973 4233 1076 4271 non
1119 4219 1397 4286 gigneret,
1445 4222 1794 4287 supposuisse
1839 4220 2016 4275 ferunt
2062 4222 2164 4275 sibi
2209 4222 2345 4275 duos

769 4310 913 4364 ﬁlios
948 4310 1227 4379 ignorante
1260 4311 1407 4373 viro,
1456 4311 1706 4365 videlicet
1750 4312 2090 4367 Ariarathem
2132 4326 2186 4368 et
2214 4314 2346 4369 Olo-

770 4404 1056 4470 pheruem.
1098 4404 1391 4471 Aliquanto
1436 4415 1553 4473 post
1587 4415 1829 4473 tempore
1874 4421 1993 4458 cum
2019 4422 2199 4460 semen
2225 4423 2348 4461 sus-

2439 1967 2578 2037 τρίδι
2612 1967 2809 2028 λιπεῖν,
2873 1968 3020 2029 υἱοὺς
3048 1965 3478 2032 ἐγκαταλιπόντα
3524 1963 3857 2032 Ἀριαράθην
3926 1963 4017 2013 καί

2452 2059 2706 2129 Ἀρύσην.
2757 2060 2815 2111 Ὀ
2836 2058 2889 2109 δὲ
2920 2058 3147 2123 ἀδελφὸς
3177 2058 3272 2108 καὶ
3304 2055 3416 2141 τῆς,
3430 2055 3822 2114 Καππαδοκίας
3876 2053 4019 2120 ἔχων

2438 2148 2535 2217 τὴν
2564 2150 2736 2217 ἀρχὴν
2760 2149 2840 2216 (οὐ
2866 2147 2973 2215 γάρ
2996 2143 3062 2215 ἦν
3088 2145 3235 2214 αὐτῷ
3260 2144 3395 2213 γυνὴ
3414 2145 3456 2175 ⁸⁷
3480 2144 3700 2213 γνησία)
3725 2142 3892 2213 [1160
3920 2141 4015 2209 IL]

2438 2240 2527 2290 τον
2556 2238 2922 2307 πρεσϐύτερον
2967 2238 3075 2289 τῶν
3129 2236 3331 2287 παίδων
3356 2233 3619 2302 τάδελφοῦ
3665 2232 4010 2303 Ἀριαράθην

2439 2330 2777 2381 υίοποιείται.
2810 2326 2967 2378 Κατὰ
2998 2326 3055 2377 δέ
3074 2325 3297 2387 τούτους
3335 2325 3461 2385 τοὺς
3492 2324 3719 2393 χρόνους
3765 2323 4017 2385 Ἀλέξαν-

2437 2419 2561 2487 δρος
2584 2421 2609 2470 ὁ
2633 2416 2897 2469 Μακεδὼν
2948 2417 3315 2483 καταπολεμεί
3355 2417 3449 2483 μὲν
3480 2414 3714 2484 Πέρσας,
3763 2411 3885 2465 εἶτα
3916 2414 4015 2465 καὶ

2438 2510 2683 2578 τελευτᾷ.
2721 2510 2815 2560 καὶ
2847 2506 3147 2577 Περδίκκας
3169 2506 3214 2537 ⁸⁸
3247 2507 3275 2558 6
3305 2505 3412 2558 τῶν
3439 2507 3575 2558 ὅλων
3604 2506 3726 2557 τότε
3772 2506 4017 2575 ἡγούμε-

2438 2619 2527 2664 νος
2567 2602 2782 2670 Εὐμένη
2824 2602 3031 2668 πέμπει
3088 2599 3482 2661 Καππαδοκίας
3542 2599 3870 2669 στρατηγόν.
3906 2599 4018 2649 Καὶ

2440 2691 2981 2759 καταπολεμηθέντος
3023 2690 3376 2759 Ἀριαράθου,
3402 2692 3658 2751 πεσόντος
3682 2705 3740 2740 τε
3764 2690 3810 2720 δ’
3852 2691 3910 2740 ἐν
3941 2691 4008 2757 τῇ

2442 2787 2610 2854 μάχῃ,
2678 2786 2812 2848 αὐτή
2845 2801 2901 2835 τε
2934 2786 2965 2853 ἠ
3007 2782 3374 2835 Καππαδοκία
3428 2784 3523 2833 καὶ
3552 2784 3619 2834 τά
3655 2782 4014 2849 πλησιόχωρα

2438 2876 2606 2937 αὑτῖης
2637 2877 2827 2927 ἔπεσεν
2875 2876 2979 2927 ὑπὸ
3033 2875 3369 2936 Μακεδόνας.
3413 2874 3743 2944 Ἀριαράθης
3780 2874 3840 2925 δὲ
3867 2876 3894 2924 6
3922 2872 4018 2923 τοῦ

2438 2968 2995 3035 προϐεϐασιλευκότος
3027 2966 3160 3027 υίὸς,
3207 2965 3512 3026 ἀπελπίσας
3547 2966 3688 3017 κατά
3717 2965 3781 3016 τὸ
3818 2962 4012 3030 παρὸν,

2438 3060 2715 3126 ἀποχωρεῖ
2778 3057 2893 3126 μετ’
2946 3058 3143 3124 ὀλίγων
3182 3055 3318 3124 πρὸς
3381 3056 3479 3125 τὴν
3522 3056 3843 3124 Ἀρμενίαν.
3878 3058 4012 3107 Μετ’

2440 3151 2501 3201 οὐ
2536 3148 2702 3199 πολὺν
2726 3149 2782 3200 δὲ
2810 3149 2999 3217 χρόνον
3040 3149 3148 3200 τῶν
3200 3150 3324 3216 περὶ
3376 3147 3467 3199 τὸν
3496 3148 3715 3216 Εὐμένη
3748 3150 3849 3199 καὶ
3880 3150 4017 3215 Περ-

2438 3240 2633 3292 δίκκαν
2685 3239 3144 3307 τελευτησάντων.
3190 3238 3492 3303 Ἀντιγόνου
3524 3238 3579 3288 δὲ
3618 3237 3713 3287 καὶ
3752 3236 4017 3287 Σελεύκου

2444 3330 2898 3398 περισπωμένων,
2929 3328 3110 3380 λαϐὼν
3137 3327 3366 3395 δύναμιν
3419 3328 3568 3396 παρά
3606 3326 3701 3379 τοῦ
3745 3327 4013 3393 βασιλέως

2441 3426 2548 3476 τῶν
2597 3420 2898 3490 Ἀρμενίων
2936 3418 3219 3487 Ἀρδοάτου
3270 3417 3358 3467 τὸν
3412 3418 3509 3485 μὲν
3535 3418 3641 3469 τῶν
3692 3418 4019 3469 Μακεδόνων

2445 3511 2750 3581 στρατηγὸν
2829 3506 3099 3576 Ἀμύνταν
3152 3504 3495 3566 ἀπέκτεινεν,
3548 3504 3768 3569 ἐξέϐαλε
3830 3505 3888 3557 δὲ
3927 3508 4019 3556 καὶ

2443 3601 2757 3660 Μακεδόνας
2776 3598 2822 3629 ⁸ο
2885 3597 3093 3664 ταχέως
3137 3594 3236 3661 τῆς
3287 3594 3490 3661 χώρας,
3558 3596 3652 3646 καὶ
3692 3594 3790 3661 τὴν
3820 3596 4019 3647 οἰκείαν

2444 3690 2617 3758 ἀρχὴν
2674 3688 3026 3752 ἀνεκτήσατο.
3063 3683 3307 3751 Τούτῳ⁸¹
3341 3683 3395 3733 δὲ
3417 3683 3583 3750 τριῶν
3614 3684 3823 3736 παίδων
3868 3702 4021 3750 γενε-

2449 3781 2622 3849 μένων
2640 3775 2912 3844 παρέλαϐε
2938 3776 3037 3845 τὴν
3067 3773 3341 3842 βασιλείαν
3364 3776 3389 3825 ό
3411 3773 3781 3841 πρεσϐύτατος
3799 3775 4020 3845 Ἀριάμ-

2445 3888 2573 3939 νηςο
2608 3871 2664 3931 ὃς
2701 3867 3000 3936 ἐπιγαμίαν
3060 3866 3195 3934 πρὸς
3236 3865 3506 3932 Ἀντίοχον
3533 3866 3906 3933 ποιησάμενος
3932 3868 4020 3918 τὸν

2447 3958 2883 4027 ἐπονομασθέντα
2940 3956 3093 4019 Θεὸν,
3126 3956 3224 4024 τὴν
3255 3954 3443 4007 τούτου
3471 3956 3745 4025 θυγατέρα
3789 3958 4021 4026 Στρατοο

2447 4053 2603 4117 νίκην
2632 4048 2895 4116 συνῴκισε
2914 4046 2992 4117 τῷ
3016 4045 3374 4114 πρεσϐυτέρῳ
3403 4045 3511 4098 τῶν
3539 4046 3671 4098 υἱῶν
3696 4046 4017 4115 Ἀριαράθῃ.

2460 4142 2751 4209 ’Υπάρχων
2782 4140 2838 4191 δέ
2869 4139 3177 4206 φιλότεκνος
3223 4138 3588 4208 διαφερόντως
3634 4138 3921 4207 περιέθετο
3945 4136 4021 4204 τῷ

2450 4231 2601 4283 παιδὶ¹
2631 4230 2884 4297 διάδημα,
2915 4229 3006 4280 καὶ⁵
3038 4231 3325 4297 συνάρχειν
3365 4227 3581 4279 πάντων
3602 4227 3710 4278 τῶν
3746 4228 3905 4295 τῆς⁸¹
3936 4226 4022 4294 βα-

2451 4321 2711 4382 σιλείας⁸⁸
2755 4318 3189 4388 προτερημάτων
3244 4317 3330 4369 ἐπ’
3370 4319 3489 4386 ἴσης
3526 4318 3875 4386 μεταδίδωσι.
3917 4316 4019 4368 Τοῦ

2449 4414 2505 4465 δέ
2540 4412 2741 4479 πατρὸς
2764 4410 3186 4478 τελευτήσαντος
3222 4408 3550 4475 Ἀριαράθης
3595 4407 3872 4475 βασιλεύει
3901 4407 4018 4459 καθ’

768 4493 1038 4561 cepisset,
1092 4494 1260 4560 ipsam
1300 4503 1494 4560 prater
1527 4509 1675 4561 spem
1709 4495 1982 4561 peperisse
2011 4496 2147 4548 duas
2180 4498 2340 4561 ﬁlias,

2451 4504 2642 4556 ἐαυτὸν
2664 4503 2756 4553 καὶ
2781 4500 3163 4570 μεταλλάσσων
3193 4502 3281 4551 τὸν
3304 4500 3415 4567 βίον
3466 4499 3723 4551 κατέλιπε
3744 4500 3789 4529 ⁸⁸
3818 4501 3917 4567 τὴν
3940 4498 4024 4567 βα-

769 4594 825 4638 et
849 4600 1011 4637 unmn
1041 4584 1228 4650 ﬁlittm,
1262 4585 1477 4639 nomine
1501 4584 1887 4639 Mithridatem.
1917 4587 1987 4638 At
2022 4596 2146 4641 tunc
2173 4590 2344 4640 virum

773 4677 839 4729 de
867 4675 1093 4728 subditis
1127 4675 1497 4742 consuluisse,
1533 4685 1590 4729 et
1624 4675 1817 4729 fecisse
1849 4685 1906 4729 ut
1940 4679 2193 4746 grandior
2222 4694 2343 4731 cum

773 4768 1138 4821 mediocribus
1171 4766 1515 4821 facultatibus
1546 4766 1774 4820 Romam
1806 4768 2145 4829 mitteretur.
2184 4780 2235 4822 et
2263 4772 2320 4837 ju

770 4860 893 4911 niur
920 4860 970 4910 in
1008 4856 1233 4921 Ioniam,
1268 4872 1335 4911 ne
1370 4858 1435 4911 de
1463 4872 1627 4926 regno
1656 4873 1775 4912 cum
1803 4874 2059 4927 germano
2085 4860 2196 4913 ﬁlio
2219 4875 2349 4913 con—

776 4949 1078 5003 tenderent.
1122 4947 1275 5002 Hunc
1306 4949 1546 5001 adultmn
1578 4949 1920 5002 Ariarathem
1958 4950 2110 5002 aiunt
2142 4965 2313 5019 cogno

770 5041 1067 5102 minatum,
1119 5048 1173 5093 et
1225 5040 1417 5094 litteris
1471 5038 1674 5094 Graecis
1726 5042 2031 5105 imbutum,
2076 5052 2240 5110 atque
2280 5042 2349 5097 ob

770 5143 1002 5185 cteteras
1037 5132 1264 5186 virtutes
1309 5130 1583 5185 laudatum
1635 5130 1819 5185 fuisse.
1860 5131 1924 5185 Et
1954 5144 2107 5201 pater
2133 5134 2347 5202 quidem

772 5226 884 5278 ﬁlio
923 5225 1092 5292 patris
1134 5223 1337 5277 amanti
1380 5223 1628 5277 studebat
1681 5238 1739 5277 se
1786 5223 2023 5276 vicissim
2074 5234 2347 5277 amantem

774 5315 865 5367 tilii
899 5316 1157 5369 exhibere
1185 5332 1199 5367 :
1233 5324 1393 5381 atque
1428 5326 1667 5381 eousque
1699 5315 1964 5381 processit
2000 5329 2187 5367 eorum
2224 5330 2345 5367 tnu-

772 5420 860 5463 tua
895 5411 1290 5474 benevolentia,
1335 5420 1393 5463 ut
1432 5418 1584 5462 pater
1612 5419 1722 5463 toto
1756 5410 1981 5480 imperio
2015 5412 2211 5465 cedere
2241 5409 2349 5466 ﬁlio

2447 4594 2648 4645 σιλείαν
2688 4590 2986 4659 Ἀριαράθῃ
3010 4589 3084 4657 τῷ
3108 4590 3228 4658 υἱῷ,
3261 4590 3439 4659 νηπίῳ
3468 4588 3749 4650 παντελῶς
3777 4589 3895 4640 ὄντι
3928 4589 4024 4655 τὴν

2446 4686 2681 4755 ἠλικίαν.
2735 4675 2905 4744 Οὗτος
2942 4682 2998 4734 δέ
3059 4681 3233 4750 ἔγημε
3293 4681 3567 4750 θυγατέρα
3627 4680 3721 4732 τοῦ
3787 4680 4022 4749 μεγάλου

2447 4777 2739 4845 κληθέντος
2813 4774 3086 4842 Ἀντιόχου
3118 4813 3135 4837 ,
3203 4772 3608 4841 ὀνομαζομένην
3677 4772 3979 4840 Ἀντιοχίδα
4007 4811 4020 4831 ,

2449 4865 2756 4934 πανοῦργον
2818 4864 3073 4931 μάλιστα.
3136 4860 3352 4930 Ταύτην
3403 4860 3459 4913 δὲ
3511 4861 3585 4930 μὴ
3639 4860 3944 4927 γινομένων
3978 4860 4022 4888 ³⁸

2448 4956 2655 5008 τέκνων
2714 4952 3077 5006 ὑποϐαλέσθαι
3100 4952 3148 4983 ⁸⁵
3202 4952 3294 5003 δύο
3324 4952 3516 5012 παῖδας
3556 4950 3884 5016 ἀγνοοῦντος
3933 4949 4022 5000 τοῦ

2452 5046 2663 5116 ἀνδρὸς,
2720 5046 3050 5115 Ἀριαράθην
3100 5042 3195 5095 καὶ
3243 5042 3595 5110 Ὀλοφέρνην.
3629 5042 3786 5094 Μετὰ
3818 5042 3877 5092 δέ
3908 5057 4022 5091 τινα

2455 5140 2641 5210 χρόνον
2674 5140 2770 5206 τῆς
2793 5136 3005 5204 φύσεως
3038 5134 3428 5203 ἐπιδεξαμένης
3462 5132 3797 5193 ἀνελπίστως
3840 5136 4015 5183 τεκεῖν

2456 5230 2629 5299 αὐτὴν
2650 5228 2740 5279 δύο
2774 5228 2869 5296 μὲν
2900 5225 3228 5293 θυγατέρας,
3252 5224 3367 5275 υἱὸν
3397 5223 3450 5274 δὲ
3468 5223 3561 5274 ἐνα
3577 5224 3669 5274 τὸν
3699 5224 4024 5291 ὀνομασθέν-

2458 5338 2524 5373 τα
2557 5317 2887 5387 Μιθριδάτην
2909 5316 2974 5367 ⁸⁷.
3012 5313 3103 5378 Ἐξ
3147 5307 3208 5365 οἶ)
3246 5312 3373 5375 τοὺς
3430 5312 3854 5380 ὑποϐολιμαίους
3897 5312 4022 5361 ἁνα-

2458 5411 2813 5481 διδαξαμένην
2888 5408 3073 5474 τάνδρὶ
3130 5406 3222 5459 τὸν
3280 5404 3380 5476 μὲν
3455 5402 3824 5473 πρεσϐύτερον
3890 5402 4024 5473 μετὰ

2052 5543 2285 5599 VARI/E
2323 5544 2717 5599 LECTIONES.

879 5649 921 5677 ,π
958 5646 1049 5698 καὶ
1110 5655 1229 5715 post
1285 5644 1455 5715 ἄνδρα
1502 5643 1623 5715 add.
1668 5642 1729 5693 Α.

778 5719 870 5767 καὶ
902 5714 1156 5777 πεσόντος
1188 5716 1246 5767 Β.
1329 5714 1373 5743 ⁸ο
1407 5714 1672 5781 μακεδόνα
1694 5727 1753 5772 ς.

781 5790 954 5849 μένων
988 5803 1043 5848 ς.
1137 5789 1180 5817 ⁸⁸
1214 5785 1332 5837 libri
1375 5783 1787 5835 612c66).'/.:19au.

1833 5713 1873 5741 Μ
1907 5711 2095 5762 τούτου

1866 5782 1907 5811 ⁵⁷
1930 5780 2265 5851 Μιθριδάτης
2294 5799 2351 5845 ς’.

1838 5641 1879 5672 ⁸⁸
1914 5640 2073 5711 μετά]
2130 5643 2223 5693 καὶ
2260 5642 2398 5710 μετὰ
2443 5641 2500 5695 Β.

2132 5711 2188 5762 Β.
2260 5702 2313 5742 ’⁸³
2341 5713 2436 5774 τῆς
2477 5727 2563 5765 om
2615 5702 2698 5763 Α(
2756 5702 2810 5741 ’δ’
2834 5711 3095 5781 βασιλέως
3126 5702 3186 5762 Βξ
3264 5710 3309 5741 ⁸⁸
3339 5705 3630 5760 κατέλειπε
3663 5704 3727 5754 A.
3806 5702 3852 5733 ⁸⁸
3875 5715 4023 5769 revo-

2605 5643 2645 5671 ιτ
2676 5642 2810 5710 γυνὴ
2862 5640 2919 5696 Β,
3021 5638 3066 5669 ⁸⁸
3095 5640 3355 5708 περδίκας
3385 5637 3487 5710 Β..-
3579 5633 3622 5663 ⁸³³
3658 5630 3919 5710 πεσόγξυς
3940 5649 3997 5682 τε
