4206 6436
184 399 324 468 1101
1250 412 1775 475 BIBLIOTHECA.

1870 437 1887 451 ·
1922 413 2089 477 COD.
2112 415 2402 478 CCXLIV.
3293 402 3433 469 M02

176 519 502 587 συμμέτρου
562 534 751 588 χριιας
798 522 880 584 είς
913 520 1134 592 Ῥώμην
1167 522 1536 592 ἀποσταλῆναι
1568 540 1751 594 παρα-

1870 531 2114 586 :ertaret,
2158 523 2248 578 ille
2288 532 2477 579 contra
2511 527 2913 579 demonstraret
2943 519 3057 576 lieri
3107 534 3216 575 non
3251 531 3433 587 posse,

179 608 470 669 σκευάσαι,
514 610 606 663 τὸν
652 611 711 663 δέ
765 611 1029 681 νεώτερον
1070 616 1151 676 εἰς
1203 614 1303 681 τὴν
1344 613 1547 666 Ἰωνίαν
1597 614 1759 682 χάριν

1870 623 1919 667 ιιι
1955 627 1984 665 a
2016 613 2330 679 parentibus
2368 612 2545 668 adhuc
2581 613 2885 668 viventibus
2917 609 3182 679 ejusmodi
3227 604 3437 661 beneﬂ-

176 698 273 749 τοῦ
306 698 383 766 μὴ
433 699 852 770 διαμφισϐητεῖν
911 703 1045 771 ὑπὲρ
1079 702 1178 769 τῆς
1208 702 1481 771 βασιλείας
1515 702 1594 770 τῷ
1624 718 1761 770 γνη-

1870 704 2003 756 rium
2029 702 2357 757 admitteret.
2384 702 2501 768 Hic,
2522 712 2811 773 postquam
2834 710 3111 770 parentem
3139 699 3248 753 fata
3272 710 3435 751 voca-

182 787 307 857 σίῳ.
351 790 552 843 Τοῦτον
585 792 643 844 δὲ
690 794 1028 862 ἀνδρωθέντα
1086 794 1180 845 καὶ
1226 792 1556 861 Ἀριαράθην
1601 794 1763 858 φασὶν

1870 804 2010 855 runt,
2037 808 2261 861 regnum
2292 794 2520 861 accepit.
2551 804 2662 849 tum
2695 796 2747 849 in
2784 795 3006 862 reliquis
3036 793 3162 846 vita:
3192 787 3437 843 moribus

184 881 681 951 μετονομασθῆναι,
750 884 1001 945 παιδείας
1023 900 1079 935 τε
1122 881 1441 951 Ἑλληνικῆς
1506 880 1632 952 [625
1666 879 1763 950 PL]

1870 884 2119 937 eximium
2183 898 2242 939 se
2286 886 2567 952 praebens,
2623 895 2735 937 tum
2797 882 3151 953 philosophia;
3212 890 3433 946 operam

186 977 506 1041 μετασχεῖν,
538 975 633 1028 καὶ
672 976 809 1027 κατὰ
830 975 927 1044 τὴν
973 976 1138 1045 ἄλλην
1166 973 1505 1028 ἐπαινεῖσθαι
1537 973 1761 1041 ἀρετήν.

1870 987 2095 1027 navans.
2124 974 2242 1039 Quo
2272 972 2475 1026 factum
2510 981 2596 1025 est
2622 978 2683 1023 ut
2710 969 3049 1039 Cappadocia
3079 969 3209 1022 olim
3230 964 3437 1021 Gratcis

184 1062 300 1113 Καὶ
324 1065 353 1114 ὁ
386 1062 484 1131 μὲν
513 1065 691 1133 πατὴρ
743 1065 1061 1134 φιλοπάτορι
1109 1066 1221 1117 ὄντι
1257 1066 1334 1133 τῷ
1361 1064 1460 1133 υίῷ
1505 1063 1764 1115 έσπευδεν

1870 1064 2068 1132 ignota,
2098 1073 2223 1117 tunc
2251 1062 2475 1117 eruditis
2501 1060 2671 1117 fuerit
2690 1059 3111 1128 receptaculum.
3138 1056 3285 1110 Idem
3312 1066 3437 1106 cum

183 1153 482 1206 ἀποδοῦναι
511 1155 607 1223 τὴν
625 1156 717 1208 τοῦ
740 1156 1047 1223 φιλοτέκνου
1075 1156 1331 1223 σπουδὴν,
1356 1156 1446 1207 καὶ
1470 1155 1563 1207 ἐπὶ
1580 1155 1766 1207 τοσοῦ-

1870 1156 2129 1208 Romauis
2164 1156 2455 1208 amicitiam
2490 1154 2917 1219 societatemque
2945 1145 3250 1201 renovavit.
3288 1141 3438 1193 Alia-

182 1259 281 1293 τον
315 1245 502 1307 αὐτοῖς
562 1247 766 1315 προέϐη
799 1246 867 1299 τὰ
892 1247 990 1315 τῆς
1034 1246 1168 1314 πρὸς
1218 1245 1481 1315 ἀλλήλους
1527 1244 1759 1305 εὐνοίας.

1870 1261 1971 1314 que
2009 1246 2239 1314 plurima
2282 1247 2349 1299 de
2393 1245 2651 1298 relatione
2684 1256 2870 1310 regum
2912 1234 3266 1309 Cappadocia:
3296 1245 3437 1303 pra:-

184 1334 331 1386 ὥστε
356 1338 383 1387 ὀ
415 1337 512 1402 μὲν
534 1338 712 1406 πατὴρ
740 1338 1051 1401 ἐξίστασθαι
1085 1338 1182 1404 τῆς
1208 1337 1334 1407 ὅλης
1355 1335 1528 1404 ἀρχῆς
1561 1334 1765 1402 ἠγωνία

1870 1337 2102 1389 seutium
2136 1350 2304 1403 usque
2332 1335 2396 1389 ad
2416 1334 2616 1404 Cyrum
2647 1332 2783 1401 (62).

185 1425 316 1487 ζετο
371 1428 450 1496 τῷ
498 1426 671 1491 παιδὶ,
704 1430 733 1480 ὁ
764 1429 819 1480 δὲ
856 1429 1115 1481 ἀδύνατον
1170 1427 1379 1481 ἐδείκνυ
1400 1425 1445 1458 ⁸⁸
1504 1425 1758 1489 δέξασθαι
1799 1427 1962 1479 αὐτὸν
2018 1429 2171 1499 παρὰ
2220 1427 2422 1495 γονέων
2472 1426 2551 1479 ἔτι
2612 1425 2829 1489 ζώντων
2896 1420 3153 1487 τοιαύτην
3215 1416 3434 1499 χάριτα.

182 1508 363 1580 Οὗτος
416 1518 507 1570 τὸν
560 1520 771 1588 πατέρα
822 1518 917 1571 τοῦ
977 1520 1337 1588 πεπρωμένου
1400 1520 1792 1581 καταλαϐόντος
1833 1498 2109 1585 διεδέξατο
2148 1519 2245 1590 τὴν
2300 1516 2593 1583 βασιλείαν,
2638 1519 2737 1587 τήν
2768 1533 2827 1568 τε
2858 1513 3023 1582 ἄλλην
3059 1509 3283 1579 ἀγωγὴν
3340 1498 3435 1559 τοῦ

185 1606 309 1674 βίου
360 1606 791 1677 ἀξιολογωτάτην
858 1609 1265 1678 ἐνδεικνύμενος
1325 1610 1419 1661 καὶ
1466 1610 1753 1679 φιλοσοφίᾳ
1791 1612 2159 1680 προσανὲχων,
2191 1610 2249 1673 ἐξ
2280 1606 2340 1664 οὗ
2372 1610 2465 1662 καὶ
2496 1610 2531 1678 ἡ
2556 1608 2705 1675 παρὰ
2722 1610 2833 1667 τοῖς
2891 1605 3150 1672 Ἕλλησιν
3212 1602 3440 1665 ἀγνοου-

187 1699 329 1767 μένη
374 1698 539 1750 παλαι
595 1700 958 1753 Καππαδοκία
1005 1700 1125 1752 τότε
1158 1702 1270 1762 τοῖς
1306 1700 1757 1768 πεπαιδευμένοις
1796 1700 2188 1769 ἐμϐιώτερονη
2217 1701 2479 1768 ὑπῆρχεν.
2518 1697 2877 1750 ’Λνενεὼσατο
2899 1696 2943 1747 δ’
2973 1689 3132 1755 οὗτος
3186 1691 3283 1743 καὶ
3338 1689 3439 1756 τὴν

183 1791 330 1859 πρὸς
396 1788 695 1858 Ῥωμαίους
763 1790 944 1857 φιλίαν
976 1807 1036 1843 τε
1065 1792 1159 1843 καὶ
1216 1790 1551 1858 συμμαχίαν.
1597 1789 1755 1843 Ἀλλὰ
1792 1789 1861 1841 τὰ
1914 1790 2013 1859 μὲν
2088 1790 2217 1862 περὶ
2276 1789 2374 1858 τῆς
2419 1789 2499 1849 είς
2553 1785 2737 1856 Κῦρον
2786 1784 3069 1852 ἀναφορᾶς
3116 1780 3226 1832 τῶν
3274 1776 3438 1846 μέχρι

181 1881 344 1934 τοῦδε
403 1882 506 1949 τῆς
568 1880 961 1943 Καππαδοκίας
1028 1880 1459 1951 βασιλευσάντων
1519 1882 1575 1932 ἐν
1629 1881 1859 1942 τούτοις.

751 1972 847 2024 Ἐκ
875 1970 981 2025 τοῦ
1010 1972 1215 2025 αὐτοῦ.

2483 1968 2568 2025 Ea:
2607 1971 2809 2025 eodem.

263 2064 392 2115 Ὀτι
425 2063 554 2129 περὶ
583 2062 813 2115 Λευκίου
868 2062 1140 2130 Αἰμιλίου,
1187 2060 1282 2114 τοῦ
1327 2060 1541 2128 Περσέα
1596 2076 1767 2112 κατα-

190 2154 629 2223 πολεμήσαντος,
664 2152 765 2220 τῆς
793 2152 968 2219 ταφῆς
990 2151 1354 2220 διερχόμενος,
1384 2149 1478 2202 καὶ⁵
1510 2149 1768 2219 λαμπρὰν

189 2246 367 2315 αὐτὴν
396 2246 454 2307 ἐς
490 2245 559 2297 τὰ
604 2244 839 2314 μάλιστα
872 2244 1125 2311 γενέσθαι
1149 2242 1345 2308 λέγων,
1380 2243 1574 2307 ἐπάγει
1597 2256 1611 2270 '
1650 2241 1769 2292 Τῶν

188 2340 306 2407 γὰρ
328 2338 627 2405 Ῥωμαίων
650 2339 699 2388 oi
736 2337 858 2397 ταῖς
886 2335 1184 2401 εὐγενείαις
1218 2334 1311 2386 καὶ
1340 2335 1618 2403 προγόνων
1646 2332 1767 2402 δόξῃ

190 2429 552 2497 διαφέροντες
618 2427 753 2496 μετὰ
825 2426 923 2494 τὴν
999 2426 1254 2495 τελευτὴν
1309 2424 1771 2477 είδωλοποιοῠνται

192 2520 346 2573 κατά
377 2536 435 2572 τε
457 2521 556 2589 τὴν
580 2517 670 2570 τοῦ
692 2517 1034 2587 χαρακτῆρος
1068 2516 1359 2586 ὁμοιότητα
1380 2512 1530 2585 [1101
1556 2511 1645 2583 IL]
1678 2513 1772 2565 καὶ

190 2610 345 2663 κατὰ
380 2609 475 2677 τὴν
515 2608 642 2675 ὃλην
687 2609 779 2659 τοῦ
814 2606 1064 2676 σώματος
1125 2607 1493 2676 περιγραφὴν,
1529 2605 1772 2675 μιμητὰς

192 2704 415 2771 ἔχοντες
448 2702 513 2753 ἐκ
540 2700 740 2761 παντὸς
764 2698 860 2749 τοῦ
893 2698 1006 2767 βίου
1044 2696 1564 2767 παρατετηρηκότας
1590 2695 1636 2727 ⁸⁸
1672 2696 1773 2763 τήν

192 2810 255 2844 τε
292 2791 523 2861 πορείαν
558 2790 651 2843 καὶ
680 2790 777 2851 τὰς
811 2790 949 2840 κατὰ
979 2788 1143 2857 μέρος
1174 2787 1437 2853 ίδιὸτητας
1465 2786 1563 2853 τῆς
1592 2786 1771 2853 ἐμφά-

194 2900 360 2944 σεως.
393 2880 797 2951 Παραπλησίως
838 2880 894 2930 δὲ
932 2881 1026 2930 καὶ
1071 2878 1179 2930 τῶν
1225 2878 1505 2946 προγόνων
1541 2876 1771 2936 ἕκαστος

194 2974 527 3041 προηγεῖται
584 2969 843 3036 τοιαύτην
878 2968 1017 3036 ἔχων
1076 2967 1368 3035 διασκευὴν
1419 2971 1509 3018 καὶ
1547 2966 1769 3035 κόσμον,

193 3064 343 3115 ὥστε
380 3065 507 3123 τοὺς
546 3061 851 3129 θεωμένους
890 3059 976 3110 διὰ
1004 3058 1104 3125 τῆς
1145 3060 1208 3111 ἐκ
1249 3059 1451 3109 τούτων
1486 3059 1773 3125 ἐμφάσεως

192 3158 490 3224 γινώσκειν
526 3155 609 3221 ἐφ’
634 3156 757 3207 ὅσον
789 3154 1010 3207 ἕκαστοι
1032 3155 1074 3185 ⁶¹
1107 3152 1272 3221 τιμῆς
1301 3153 1649 3221 προήχθησαν
1680 3152 1773 3203 καὶ

198 3253 471 3321 μετέσχον
502 3249 609 3301 τῶν
647 3248 705 3299 ἐν
736 3250 801 3317 τῇ
829 3246 1071 3316 πολιτείᾳ
1101 3245 1295 3299 καλῶν.

1942 2062 2014 2117 De
2048 2062 2195 2118 Lucii
2242 2062 2445 2118 Emilii
2484 2104 2499 2127 ,
2532 2064 2622 2133 qui
2654 2062 2867 2116 Persem
2906 2061 3226 2127 debellavit,
3261 2062 3442 2130 sepul-

1870 2164 1988 2207 tura
2036 2155 2148 2209 Ita-c
2189 2155 2381 2220 habet,
2429 2170 2588 2223 quam
2636 2164 2856 2223 propter
2900 2154 2998 2205 ista
3046 2154 3282 2206 maxime
3310 2152 3444 2206 dicit

1872 2246 2155 2300 illustrem.
2222 2245 2404 2299 Solent
2452 2248 2595 2299 enim
2648 2245 2875 2299 Romani
2927 2245 3016 2314 qui
3062 2246 3343 2299 nobilitate
3389 2253 3443 2299 et

1870 2336 2132 2404 majorum
2188 2354 2407 2391 suorum
2465 2337 2631 2405 gloria
2694 2346 3055 2405 praestarent,
3106 2348 3441 2391 mortuorum

1872 2429 2130 2495 imagines
2156 2428 2221 2481 ad
2254 2427 2660 2481 similitudinem
2715 2426 2859 2489 vitze,
2894 2427 3165 2493 totiusque
3199 2425 3445 2493 corporis

1873 2517 2283 2572 delineationem
2326 2517 2607 2585 eliiugere,
2650 2525 2708 2570 ut
2758 2517 2877 2571 vita!
2905 2518 3099 2573 seriem
3142 2526 3443 2577 servantes,

1870 2620 1922 2662 et
1952 2610 2101 2676 juxta
2153 2611 2401 2679 imaginis
2443 2610 2704 2677 cujusque
2744 2610 3014 2677 propriam
3051 2609 3304 2661 virtutem
3344 2608 3441 2660 ha-

1873 2701 2061 2754 berent
2106 2716 2211 2769 quo
2292 2701 2635 2753 imitarentur
2670 2700 2802 2769 (65).
2832 2700 3034 2753 Eodem
3079 2700 3240 2752 modo
3273 2713 3443 2751 unus-

1872 2793 2105 2861 quisque
2148 2808 2179 2845 e
2227 2792 2543 2860 parentibus
2590 2789 2852 2857 ejusmodi
2903 2801 3142 2852 statuas,
3191 2799 3245 2841 et
3283 2804 3446 2842 orna-

1873 2890 2050 2935 menta
2086 2882 2272 2935 habuit
2314 2891 2367 2935 et
2415 2882 2720 2948 prmcessit,
2770 2891 2826 2933 ut
2873 2896 2935 2934 ex
2982 2897 3171 2935 eorum
3218 2880 3447 2949 picturis

1872 2973 2098 3041 quisque
2124 2973 2402 3039 intelligat,
2434 2982 2662 3040 quantas
2678 2973 2871 3043 383b
2905 2973 2958 3026 in
2982 2972 3251 3041 republica
3276 2972 3448 3040 digni-

1875 3072 2012 3118 tates
2041 3065 2231 3136 singuli
2259 3076 2311 3118 et
2351 3066 2583 3120 honores
2616 3066 2931 3135 gesserinm

268 3306 411 3392 ’Ὁτί⁵
431 3340 556 3401 τοὺς
588 3306 811 3409 Ἴϐηρας
848 3337 941 3389 καὶ
967 3306 1293 3397 Λυσιτανοὺς
1326 3334 1604 3403 ὀνομάζει.
1630 3335 1765 3402 Φησὶ

1940 3325 2190 3380 Nominat
2218 3326 2550 3395 Hispanoset
2577 3325 2880 3379 Lusitanos.
2942 3324 3099 3378 Addit
3124 3323 3267 3377 enim
3315 3334 3449 3389 quo-

193 3433 308 3500 γὰρ
336 3431 411 3490 ὡς
454 3428 707 3497 Μέμμιος
756 3427 1086 3490 ἐξαπέλεκυς
1118 3427 1163 3457 ⁶¹
1210 3426 1513 3496 στριτηγὺς
1550 3427 1629 3487 είς
1670 3425 1770 3493 τὴν

208 3520 459 3588 Ἰϐηρίαν
508 3516 877 3580 ἐξαπέσταλτο
912 3516 1049 3585 μετὰ
1083 3515 1384 3584 δυνάμεως,
1424 3515 1473 3566 οἱ
1509 3514 1565 3566 δέ
1603 3515 1771 3567 Λυσι-

192 3612 356 3664 τανοὶ
395 3609 797 3678 συστραφέντες
828 3609 961 3678 πρὸς
1000 3609 1182 3671 αὐτὸν,
1214 3608 1309 3659 καὶ
1338 3606 1590 3669 λαϐόντες
1627 3607 1770 3660 ἁπα-

198 3703 472 3773 ράσκευον
498 3704 542 3734 ⁸³
579 3704 642 3756 ἐκ
672 3700 970 3762 κατάπλου,
1010 3700 1159 3769 μάχῃ
1189 3715 1247 3749 τε
1287 3698 1545 3767 ἐνίκησαν
1574 3698 1667 3749 καὶ
1710 3698 1770 3749 τὸ

194 3797 455 3847 πλεῖστον
517 3792 612 3845 τοῦ
684 3791 912 3861 στρατοῦ
970 3790 1299 3859 διέφθειραν.
1339 3788 1669 3859 Περιϐοήτου
1714 3790 1767 3841 δὲ

193 3887 502 3954 γενομένης
518 3886 616 3953 τῆς
644 3883 751 3937 τῶν
780 3882 1004 3950 Ἰϐήρων
1030 3880 1327 3949 εὐημερίας
1355 3881 1401 3930 οἱ
1428 3880 1525 3947 μὲν
1554 3881 1771 3947 Ἀρουα·

194 3979 308 4038 κοὶ,
339 3977 657 4045 νομίσαντες
698 3974 831 4029 πολὺ
871 3972 1149 4039 κρείττους
1200 3966 1478 4022 εἶναιτῶν
1526 3970 1767 4041 Ἰϐήρων,

195 4067 617 4136 κατεφρόνησαν
648 4065 757 4117 τῶν
786 4062 1079 4131 πολεμίων,
1110 4061 1204 4112 καὶ
1232 4060 1292 4111 τὸ
1321 4060 1523 4128 πλῆθος
1544 4059 1603 4111 τὸ
1630 4062 1769 4112 κατὰ

192 4160 301 4228 τὴν
328 4158 624 4225 ἐκκλησίαν
656 4156 744 4208 διὰ
774 4153 975 4221 ταύτην
1017 4152 1250 4221 μάλιστα
1297 4150 1499 4217 ταύτην
1536 4152 1768 4219 μάλιστα

192 4248 299 4319 τὴν
327 4247 506 4301 αἰτίαν
537 4245 712 4297 εἵλετο
748 4244 838 4297 τὸν
862 4242 999 4312 πρὸς
1042 4240 1347 4310 Ῥωμαίους
1370 4239 1624 4308 πόλεμον,

807 4334 902 4385 Ἐκ
928 4331 1033 4386 τοῦ
1054 4332 1172 4396 λβ.

272 4427 397 4480 Ὀτι
428 4425 488 4479 τὸ
524 4426 703 4495 τεῖχος
728 4424 837 4476 τῶν
871 4421 1256 4492 Καρχηδονίων
1292 4425 1390 4492 τῆς
1424 4419 1630 4483 πόλεώς
1661 4438 1766 4490 φη-

1874 3417 2031 3469 mado
2065 3415 2344 3469 Memmius
2370 3424 2569 3483 prmtor
2601 3416 2666 3468 ad
2689 3417 2874 3467 urbem
2908 3413 2960 3465 in
2996 3411 3134 3465 bello
3164 3410 3217 3464 in
3256 3409 3449 3476 Hispa-

1872 3509 2014 3559 niam
2059 3521 2181 3560 cum
2217 3507 2385 3574 copiis
2414 3507 2485 3560 sit
2521 3507 2741 3566 missus,
2782 3514 2835 3556 et
2868 3514 2921 3556 ut
2956 3502 3200 3556 Lusitani
3229 3515 3350 3553 cmn
3382 3514 3449 3552 eo

1870 3596 2297 3665 congredientes,
2335 3596 2748 3649 exsceudeutem
2804 3595 3121 3661 imparatum
3161 3598 3446 3657 occupant,

1872 3703 2154 3757 pugnaque
2184 3702 2304 3741 eum
2328 3696 2608 3755 superant,
2635 3699 2987 3753 magnamque
3028 3684 3298 3737 exercitus
3324 3695 3450 3749 par-

1874 3794 1976 3839 iem
2022 3779 2254 3845 caedunt,
2292 3779 2427 3831 iacta
2457 3787 2633 3831 autem
2671 3776 3022 3842 Hispanorum
3079 3773 3301 3827 victoria
3336 3770 3449 3838 jam

1869 3866 2087 3931 celrbz-i,
2146 3868 2368 3920 Arevaci
2426 3868 2798 3921 existimantes
2849 3880 2906 3919 se
2967 3863 3131 3917 lberis
3200 3862 3452 3916 fortiores

1870 3958 2045 4010 adhuc
2091 3972 2244 4023 esse,
2272 3958 2476 4010 hostem
2530 3964 2984 4023 contempserunt,
3018 3964 3073 4007 et
3117 3952 3453 4006 iuc0ucione

1870 4050 2113 4116 populus,
2144 4050 2243 4103 bac
2276 4049 2569 4117 przcscrtim
2604 4049 2670 4103 de
2713 4061 2896 4111 causa,
2943 4056 3132 4101 contra
3179 4045 3453 4098 Romanos

1870 4158 2060 4212 bellum
2103 4161 2266 4213 movit
2292 4160 2424 4231 (64).

2323 4332 2410 4384 Ex
2439 4334 2703 4387 tricesimo
2732 4334 2984 4387 secundo.

1943 4426 2093 4478 Licet
2122 4424 2606 4493 Cartltaginensum
2654 4424 2848 4478 mania
2901 4422 3256 4492 quadraginta
3294 4418 3451 4473 cubi~

193 4534 284 4569 σιν
316 4514 451 4587 ὕψος
494 4516 590 4583 μὲν
634 4511 774 4566 εἶναι
802 4511 993 4581 πηχῶν
1031 4510 1456 4575 τεσσαράκοντα,
1486 4508 1687 4567 πλάτος
1712 4508 1768 4559 δὲ

1874 4529 1953 4571 tos
1978 4518 2277 4578 altitudine,
2303 4528 2355 4569 et
2381 4516 2659 4569 latitudine
2730 4517 2915 4588 viginti
2943 4517 3075 4567 duos
3105 4515 3449 4575 excederent,

190 4606 497 4661 εἰκοσιδύοσ
530 4606 677 4675 ὅμως
711 4604 805 4656 καὶ
827 4604 873 4635 ⁸⁵
901 4601 1156 4654 τοιούτων
1191 4601 1357 4651 ὄντων
1397 4601 1452 4651 αί
1484 4599 1768 4668 Ῥωμαίων

1874 4611 2237 4662 liomanorum
2265 4619 2437 4661 tamen
2471 4608 2752 4671 machinae,
2775 4617 2828 4661 et
2858 4608 3028 4659 virtus
3052 4605 3237 4657 fortior
3286 4618 3450 4673 quam

193 4699 444 4769 μηχαναὶ
462 4697 554 4749 καὶ
586 4696 655 4749 τὰ
676 4695 817 4746 κατὰ
837 4693 1071 4762 πόλεμον
1092 4691 1557 4759 ἁνδραγαθήματα
1586 4688 1769 4758 κρείτ-

1878 4713 2063 4752 murus
2097 4697 2216 4761 fuit,
2253 4698 2331 4752 sic
2358 4706 2417 4751 ut
2448 4699 2632 4752 urbem
2674 4700 2933 4768 ceperint,
2962 4707 3014 4751 et
3048 4696 3163 4749 solo
3202 4708 3451 4763 aequave-

188 4800 320 4845 τους
360 4781 619 4852 ὧςροησαν
656 4782 755 4850 τῆς
785 4780 1010 4833 ἐκείνων
1060 4778 1396 4847 ἀσφαλείας,ι
1416 4778 1509 4830 καὶ
1555 4778 1695 4831 ἐάλω
1732 4780 1765 4845 ἡ
1877 4792 1985 4844 riui
2010 4790 2144 4859 (65),

187 4876 353 4937 πόλις
384 4873 477 4926 καὶ
503 4870 879 4943 κατερειπώοη
906 4871 971 4922 ⁸⁵.

268 4966 395 5017 Ὀτι
436 4965 803 5031 Μασανάσσης
828 4962 873 4993 ⁸⁸
901 4964 930 5014 ὁ
961 4960 1174 5014 Λιϐύων
1228 4958 1628 5028 βεϐασιλευκὼς
1672 4962 1767 5015 καὶ

1946 4962 2224 5016 Masinissa
2268 4976 2360 5015 rex
2394 4959 2795 5025 Africanorum,
2842 4960 2929 5028 qui
2980 4959 3271 5015 amicitiam
3322 4972 3445 5011 cum

187 5059 294 5131 τὴν
328 5057 466 5127 πρὸς
499 5055 803 5125 Ῥωμαίους
826 5054 1005 5121 φιλίαν
1034 5050 1353 5121 τετηρηκὼς
1383 5051 1701 5122 ἐνενήκοντα
1720 5052 1765 5082 ⁸⁷

1873 5050 2132 5106 Romanis
2160 5053 2343 5118 tenuit,
2370 5067 2539 5105 annos
2584 5052 2868 5120 nonaginta
2922 5051 2976 5104 in
3018 5050 3202 5118 vigore
3255 5047 3389 5102 vixit
3424 5086 3440 5102 .

1502 5207 1729 5263 t’ARle
1782 5208 2184 5264 LECTIONES.

282 5327 331 5359 ⁸⁸
356 5324 596 5378 ἐδείκνυε
618 5325 681 5378 B.
765 5325 827 5395 ξ’
861 5322 1223 5392 ἐμϐιωτήριον
1286 5325 1616 5395 Stephanus.
1713 5328 1757 5358 '°
1790 5325 1904 5395 βίου
1965 5327 2091 5388 τοὺς
2122 5340 2459 5394 παρατετηρ.
2496 5322 2556 5375 Β.
2657 5322 2951 5395 ⁶ξέκαστοιί
2988 5322 3030 5375 Δ
3074 5341 3088 5377 :
3129 5321 3359 5395 ἔκαστος
3384 5334 3447 5383 ς.

188 5399 237 5430 ⁸⁸
261 5395 697 5466 ἐξαπέλεκυς]ὲξ
736 5388 797 5448 οὗ
827 5388 1061 5452 πέλεκυς
1259 5398 1304 5428 ⁸³
1330 5388 1714 5465 ἀπαράσκευον
1768 5388 2214 5466 liliodnmamuts,
2262 5397 2327 5466 ἐκ
2388 5388 2754 5466 παρασκευῶν
2804 5396 2871 5459 Δ,
2937 5394 3353 5462 ἐκπαράσκευον
3383 5404 3447 5451 ς.

188 5468 239 5499 ⁸⁵
270 5464 387 5537 καὶ]
424 5462 680 5518 καίτοιἈ.
756 5466 802 5497 ⁸⁸
834 5462 1182 5533 κατεριπώθη
1210 5466 1275 5521 Α.
1378 5467 1423 5498 ⁸⁸
1442 5462 1691 5538 μανασῆς
1716 5466 1781 5532 Λ,
1806 5465 2087 5535 μανασσῆς
2114 5464 2174 5517 Β.
2256 5464 2301 5496 ⁸⁷
2326 5464 2680 5533 ἐννενήκοντα
2709 5478 2770 5527 ς.

1732 5605 1959 5663 ΝΟΤΕ.

1939 5717 2052 5785 (64)
2083 5716 2387 5784 Eutropius,
2413 5715 2504 5770 lib.
2536 5731 2635 5771 tv..

267 5722 385 5791 (6‘2)
429 5721 565 5777 Vide
594 5722 876 5777 Ciceronis
911 5722 1195 5792 Epistolas.

1937 5781 2045 5856 (65‘
2080 5787 2206 5843 Vide
2236 5781 2421 5843 Ortelii
2453 5785 2735 5840 Theatrum
2768 5783 2822 5839 in
2859 5781 3107 5852 Parergo.

267 5794 383 5866 (63)
415 5793 546 5849 Vide
582 5792 825 5849 Tacitum
853 5802 905 5849 et
932 5791 1263 5850 Juvenatem.
