4216 6430
781 379 914 445 1403

1902 390 2164 451 ΡΗΟΤΙΙ
2207 393 2712 459 ΡΛΤΒΙΑΒΕΗΕ
2744 400 2850 462 CP.

3905 401 4043 464 1404

776 491 916 546 filius
949 492 1138 548 decem
1162 506 1399 550 murreus
1432 493 1665 567 reliquit,
1693 513 1826 567 quos
1853 499 2111 556 Romanis
2134 519 2185 556 in
2215 513 2355 560 tute-

2459 509 2558 575 μὲν
2598 511 2730 563 ἐϐίω
2761 513 2854 580 ἔτη
2886 511 2943 564 ὲν
2988 511 3235 580 δυνάμει,
3267 514 3462 575 παῖδας
3489 513 3623 566 δέκα
3657 514 3716 565 ὲν
3746 513 3826 581 τῷ
3855 513 4042 564 ἁπαλ-

774 577 878 632 lam
905 582 1196 635 commisit.
1232 583 1358 636 Erat
1385 595 1432 637 et
1474 587 1713 654 corporis
1749 587 2001 643 ﬁrmitate
2057 602 2338 658 prmstans,

772 677 828 720 et
858 670 1066 724 duritiei
1094 685 1158 724 ac
1199 672 1468 724 laborilms
1501 688 1528 724 a
1571 675 1798 742 pueritia
1825 688 2088 732 assuetus.
2130 679 2339 732 Etenim

773 770 922 813 stans
971 761 1022 813 in
1053 762 1291 828 veStigiis
1321 771 1488 814 totum
1520 764 1658 818 diem
1695 769 1944 821 manebat
1970 769 2240 832 immotus,
2288 780 2343 824 et

772 849 964 902 sedens
989 864 1090 901 non
1125 851 1375 918 surgebat
1422 867 1593 921 usque
1627 857 1690 908 ad
1724 867 1956 919 noctem,
2007 868 2118 910 toto
2151 860 2236 911 die
2269 862 2344 910 la-

773 937 928 988 bores
961 937 1244 998 meditans,
1295 949 1348 990 et
1404 939 1454 991 in
1520 957 1659 1010 equo
1708 947 2048 999 continenter
2097 954 2209 999 toto
2265 949 2351 1000 die

771 1034 999 1079 etnocte
1026 1028 1238 1089 sedens,
1264 1032 1762 1098 etequitationilius
1803 1047 1957 1090 utens
1996 1054 2097 1092 non
2149 1041 2348 1095 defati-

772 1114 1020 1178 gabatur.
1058 1117 1149 1171 Est
1179 1119 1295 1185 ejus
1321 1122 1642 1178 valetudinis
1672 1128 1976 1196 vigorisque
2004 1132 2215 1197 signum
2244 1135 2344 1188 llOC

774 1207 1088 1270 maximum,
1131 1212 1269 1274 quod
1305 1211 1414 1265 fere
1447 1213 1554 1279 jam
1582 1220 1994 1284 nonagenarius,
2030 1221 2194 1274 [ilium
2255 1226 2350 1276 lia-

774 1294 924 1346 lieret
978 1297 1400 1364 quadrimulum,
1442 1305 1681 1372 corporis
1729 1307 1920 1361 robore
1979 1322 2346 1378 praestantem.

772 1383 826 1436 ln
851 1397 1098 1453 agrorum
1127 1389 1334 1442 cultura
1397 1408 1565 1462 usque
1599 1396 1731 1451 adeo
1760 1400 2030 1463 excelluit,
2061 1404 2362 1470 ulsittgttlis

772 1474 897 1528 liliis
924 1477 1200 1544 reliquerit
1225 1496 1410 1547 agrum
1444 1485 1628 1537 decem
1664 1488 1883 1541 millium
1909 1491 2157 1558 jugernut
2189 1497 2336 1546 omni

772 1567 1126 1621 instrumento
1157 1581 1422 1625 ornatum.
1461 1573 1720 1644 Regnavit
1740 1580 1994 1646 praeclare
2019 1596 2187 1635 annos
2211 1599 2362 1636 sexa-

771 1659 941 1724 ginta.

2449 597 2740 652 λάττεσθαι
2789 599 3140 662 καταλιπὼν,
3181 600 3276 664 οὓς
3325 605 3420 657 καὶ
3467 604 3763 672 Ῥωμαίοις
3810 607 4042 671 ἐπιτρο-

2448 690 2710 742 πεύεσθαι
2762 691 3168 758 παρεκατέθετο
3193 692 3238 722 ⁸³
3283 692 3409 762 [626
3437 694 3552 765 ΙΙ.],
3582 692 3649 763 ἦν
3678 696 3734 748 δὲ
3762 697 3864 748 καὶ
3902 697 4046 747 κατὰ

2447 781 2546 848 τὴν
2621 781 2713 832 τοῦ
2785 781 3036 849 σώματος
3099 784 3346 836 εὐτονίαν
3410 785 3682 854 διαφέρων
3750 787 3848 838 καὶ
3902 802 4043 855 acap-

2449 867 2606 935 capi;
2647 870 2741 919 καὶ
2793 871 2982 930 πόνοις
3034 871 3270 938 συνήθης
3327 875 3389 923 ὲκ
3417 874 3634 934 παιδός·
3686 874 3745 935 ὃς
3784 891 3849 941 γε
3911 874 4044 933 στὰς

2448 959 2503 1007 ἐν
2538 959 2648 1017 τοῖς
2700 958 2902 1025 ἴχνεσιν
2940 960 3067 1027 ὅλην
3118 960 3214 1028 τὴν
3272 963 3483 1029 ἡμέραν
3532 965 3787 1030 ἀκίνητος
3843 964 4037 1030 ἔμενε,

2455 1046 2819 1114 καθεζόμενος
2855 1048 2912 1099 δὲ
2966 1052 3067 1100 οὐκ
3109 1052 3363 1119 ἠγείρετο
3401 1053 3564 1120 μέχρι
3605 1054 3799 1115 νυκτὸς
3832 1055 4041 1120 ὲνημε-

2455 1138 2631 1202 ρεύων
2671 1139 2791 1198 ταῖς
2839 1138 2949 1188 τῶν
2995 1138 3174 1190 πόνων
3208 1140 3482 1206 μελέταις,
3515 1142 3606 1191 ἐπὶ
3637 1141 3693 1191 δὲ
3728 1142 3822 1192 τὸν
3870 1143 4042 1192 ἵππον

2452 1227 2744 1278 ἐπιϐαίνων
2786 1228 2828 1258 ⁶⁹
2879 1229 3122 1296 συνεχῶς
3156 1229 3370 1298 ἡμέραν
3431 1232 3526 1281 καὶ
3586 1231 3756 1282 νύκτα
3785 1232 3885 1282 καὶ
3920 1235 4042 1292 ταῖς

2463 1317 2749 1376 ίππασίαις
2788 1318 3068 1384 χρώμενος
3095 1318 3194 1370 οὐκ
3224 1317 3467 1380 ἐξελύετο
3493 1322 3558 1371 ⁷⁰.
3595 1321 3828 1386 Σημεῖον
3858 1321 3919 1370 δὲ
3943 1319 4044 1386 τῆς

2463 1408 2593 1475 περὶ
2621 1407 2780 1458 αὺτὸν
2811 1409 3024 1471 εὐεξίας
3054 1426 3111 1461 τε
3151 1411 3244 1460 καὶ
3282 1409 3564 1477 δυνάμεως
3590 1413 3847 1477 μέγιστον
3869 1427 3883 1440 ο
3921 1412 4040 1460 ἑνε-

2463 1499 2698 1564 νήκοντα
2732 1496 2841 1565 γὰρ
2875 1498 3057 1565 σχεδὸν
3102 1498 3242 1566 ἔχων
3289 1497 3381 1566 ἔτη
3428 1500 3541 1550 υἱὸν
3587 1497 3697 1566 εἶχε
3745 1500 4040 1567 τετραετῆ,

2464 1586 2782 1652 διαφέροντα
2810 1591 2875 1656 τῇ
2905 1588 2996 1639 τοῦ
3027 1589 3276 1655 σώματος
3319 1591 3498 1658 ῥώμῃ.
3542 1592 3630 1642 Ἐν
3659 1591 3716 1642 δὲ
3760 1594 3883 1652 ταῖς
3933 1592 4042 1642 τῶν

2465 1677 2649 1743 ἀγρῶν
2693 1678 3034 1743 ἐπιμελείαις
3083 1679 3335 1730 τοσοῦτον
3365 1681 3665 1748 διήνεγκεν,
3714 1683 3792 1740 ὡς
3823 1683 4042 1749 ἑκάστῳ

767 1751 875 1800 τῶν
920 1752 1048 1802 υίῶν
1084 1753 1363 1806 ἀπολιπεῖν
1393 1756 1559 1825 ἀγρὸν
1597 1761 2009 1830 μυριόπλεθρον,
2057 1765 2472 1834 κεκοσμημένον
2504 1768 2704 1828 πάσαις
2738 1770 2857 1830 ταῖς
2937 1772 3324 1831 κατασκευαῖς.
3393 1771 3733 1823 Ἐϐασίλευσε
3806 1772 3853 1823 δ’
3918 1775 4042 1822 επις

769 1840 952 1907 φανῶς
986 1843 1075 1908 ἔτη
1111 1844 1388 1912 ἐξήκοντα.

841 1928 1154 1984 Nicenietles
1191 1945 1392 2000 patrem
1429 1935 1672 1991 Prusiam
1727 1955 2074 2011 persequens,
2102 1947 2167 1999 ad
2197 1962 2344 2000 aram
2385 1952 2423 2005 Β

768 2017 918 2073 Jovis
981 2021 1379 2089 conlugientem
1449 2028 1740 2094 interfecit,
1793 2043 1848 2086 et
1909 2033 2139 2088 mrfanda
2200 2042 2344 2093 caede

769 2111 1053 2177 imperium
1108 2114 1409 2182 invadens,
1472 2119 1738 2189 Bithyniae
1820 2139 2042 2194 regnum
2117 2128 2344 2199 adeptus

768 2212 870 2254 est.

842 2293 1081 2349 Lusitani
1109 2299 1282 2364 primo
1310 2315 1490 2366 parem
1515 2304 1700 2358 ducem
1740 2323 1845 2362 nou
1880 2311 2155 2375 habentes,
2193 2313 2348 2368 facile

770 2384 1184 2449 superabantur,
1217 2391 1407 2444 bellum
1434 2409 1557 2446 cum
1579 2396 1831 2452 Romanis
1855 2413 2123 2469 gerentes.
2159 2403 2346 2457 Postea

771 2471 1071 2528 Viriathum
1126 2481 1300 2546 adepti
1370 2484 1594 2536 multum
1657 2485 1916 2541 Romanis
1982 2491 2344 2546 incommoda-

773 2575 916 2618 runt.
982 2567 1109 2620 Erat
1155 2570 1201 2623 is
1257 2586 1317 2624 ca
1368 2585 1522 2641 gente
1547 2577 1745 2648 384a
1810 2580 2208 2647 Lusitanorum,
2259 2587 2347 2652 qui

770 2655 1044 2710 Oceanum
1073 2663 1334 2716 accolunt.
1401 2663 1592 2718 Pastor
1644 2668 1795 2721 fuita
1831 2673 2026 2724 teneris
2084 2684 2350 2728 montana:

771 2747 892 2799 vitm
941 2759 1206 2814 assuetus,
1270 2753 1558 2820 adjuvante
1604 2757 1765 2810 etiam
1838 2765 2078 2828 corporis
2134 2774 2346 2818 natura.

772 2837 902 2890 Nam
940 2852 990 2890 et
1030 2842 1220 2896 robore
1256 2857 1309 2898 et
1334 2846 1607 2902 celeritate
1640 2851 2074 2921 reliquarumque
2114 2857 2348 2923 partium

769 2928 1006 2991 agilitate
1065 2930 1332 2994 llisnanos
1383 2937 1542 3004 longe
1609 2941 1982 3006 antecellebat,
2049 2959 2168 2997 cum
2226 2947 2348 2998 cibo

769 3021 987 3087 exiguo,
1017 3031 1070 3074 et
1099 3023 1286 3076 multis
1338 3029 1821 3081 exercitationibus
1876 3033 1948 3083 uti
1981 3032 2347 3086 consuefecis—

770 3119 868 3169 set.
902 3120 953 3162 et
986 3128 1174 3166 somno
1220 3117 1478 3171 duntaxat
1504 3132 1758 3188 quantum
1811 3129 1953 3175 esset
2003 3137 2244 3178 necesse.
2293 3125 2347 3177 In

771 3215 975 3251 sinnma
1009 3200 1208 3256 ferrum
1238 3208 1576 3263 continenter
1606 3224 1844 3278 gestans,
1885 3223 1939 3266 et
1989 3228 2109 3266 cum
2161 3214 2351 3269 bellnis

2523 1945 2644 1996 Ὅτι
2707 1945 3026 2014 Νικομήδης
3087 1946 3362 2014 Προυσίαν
3414 1945 3504 1998 τὸν
3563 1945 3758 1998 ἑαυτοῦ
3824 1949 4039 2016 πατέρα

2456 2036 2943 2104 καταπολεμήσας,
2993 2036 3086 2087 καὶ
3141 2036 3522 2102 καταφυγόντα
3571 2039 3651 2096 εἰς
3682 2039 3742 2088 τὸ
3781 2038 3878 2088 τοῦ
3915 2039 4039 2099 Διὸς

2457 2125 2599 2189 ἱερὸν
2639 2122 2865 2186 ἀνελὼν,
2902 2123 3177 2193 παρέλαϐε
3212 2125 3308 2190 τὴν
3335 2123 3612 2191 βασιλείαν
3643 2125 3740 2193 τῆς
3761 2126 4036 2189 Βιθυνίας,

2454 2214 2800 2283 ἀσεϐεστάτῳ
2827 2215 2972 2284 φόνῳ
2996 2216 3340 2283 κτησάμενος
3365 2214 3464 2282 τὴν
3490 2216 3688 2282 ἀρχήν.

2527 2307 2648 2358 ’Ὁτι
2687 2307 2997 2369 Λυσιτανοὶ,
3031 2307 3186 2375 φησὶ,
3217 2307 3277 2356 τὸ
3309 2305 3406 2374 μὲν
3441 2306 3656 2376 πρῶτον
3692 2308 3792 2359 οὐκ
3818 2308 4038 2376 ἔχοντες

2455 2396 2749 2464 ἀξιόχρεων
2770 2397 3012 2465 ἡγεμόνα
3034 2397 3297 2449 εὐάλωτοι
3322 2397 3363 2426 ⁷³
3393 2397 3716 2449 καθίσταντο
3741 2398 4038 2466 Ῥωμαίοις

2455 2487 2840 2563 πολεμούντες,
2882 2486 3105 2554 ὕστερον
3138 2487 3194 2538 δὲ
3231 2486 3515 2556 ’Υριάτθου
3562 2489 3900 2556 κυρήσαντες
3944 2507 4039 2558 p.2-

2457 2580 2595 2646 γάλα
2638 2581 2940 2648 Ῥωμαίους
3001 2577 3393 2648 ἔϐλαψαν.⁷Ην
3445 2580 3541 2648 μὲν
3592 2580 3683 2632 οὖν
3739 2576 3896 2642 οὗτος
3927 2583 4038 2635 τῶν

2456 2672 2605 2741 παρά
2633 2671 2724 2722 τὸν
2751 2671 2990 2724 ὠκεανὸν
3013 2672 3303 2724 οίκούντων
3339 2672 3676 2734 Λυσιτανῶν,
3717 2675 4031 2741 ποιμαίνων

2455 2762 2520 2812 ὲκ
2553 2761 2742 2822 παιδὸς
2763 2802 2777 2821 ,
2802 2762 2963 2832 ὀρείῳ
2989 2761 3088 2831 βίῳ
3117 2762 3402 2834 [κατέστη]
3425 2766 3468 2795 ⁷³
3491 2763 3750 2832 συνήθης.
3774 2766 4040 2832 συνεργὸν

2457 2852 2595 2920 ἔχων
2621 2853 2664 2881 ⁷³
2699 2854 2790 2903 καὶ
2842 2855 2940 2920 τὴν
2971 2853 3066 2905 τοῦ
3109 2852 3363 2922 σώματος
3392 2855 3581 2922 φύσινο
3612 2856 3702 2906 καὶ
3735 2855 3845 2921 γὰρ
3876 2858 4037 2924 ῥώμῃ

2458 2945 2550 2993 καὶ
2585 2944 2739 3010 τάχει
2773 2944 2866 2996 καὶ
2893 2948 2956 3011 τῇ
2989 2946 3098 2997 τῶν
3133 2946 3337 2997 λοιπῶν
3365 2945 3546 3013 μερῶν
3574 2946 3861 3015 εὐκινησία
3899 2948 4036 2998 πολὺ

2457 3032 2711 3100 διήνεγγά
2760 3035 2867 3086 τῶν
2910 3034 3151 3104 Ἰϐήρων.
3191 3036 3482 3097 Συνεθίσας
3527 3037 3572 3070 ⁷⁸
3612 3035 3669 3087 δὲ
3713 3038 3759 3066 ⁷⁵
3797 3038 3964 3088 αὑτὸν
3991 3039 4038 3068 ⁷⁸

2457 3130 2632 3195 τροφῇ
2673 3128 2770 3193 μὲν
2795 3127 2952 3198 ὀλίγῃ
2983 3128 3300 3193 γυμνασίοις
3329 3126 3387 3178 δὲ
3413 3129 3627 3191 πολλοῖς
3661 3131 3916 3200 χρῆσθαι,
3943 3131 4039 3182 καὶ

2461 3215 2614 3284 ὒπνῳ
2665 3218 2708 3247 ⁷⁷
2748 3218 2908 3286 μέχρι
2959 3219 3120 3284 μόνου
3163 3217 3257 3268 τοῦ
3309 3220 3648 3284 ἀναγκαίου,
3705 3221 3935 3273 καθόλου
3985 3223 4038 3274 δὲ

770 3298 825 3340 ct
859 3288 1156 3345 latronibus
1209 3310 1402 3347 manus
1433 3299 1743 3361 conferens,
1778 3302 1934 3371 vulgo
1963 3304 2195 3357 celebris
2224 3319 2354 3358 eva-

2463 3304 2835 3372 σιὸηροφορῶν
2868 3303 3107 3372 συνεχῶς
3146 3307 3239 3355 καὶ
3283 3305 3492 3373 θηρίοις
3544 3308 3636 3359 καὶ
3685 3309 3911 3376 λῃσταῖς
3961 3313 4038 3370 εἰς

771 3379 864 3441 sit,
899 3390 951 3432 et
979 3381 1172 3435 abillis
1205 3386 1308 3438 dux
1336 3387 1562 3452 elecuts,
1614 3392 1758 3444 brevi
1828 3394 2098 3447 latronum
2162 3405 2348 3449 cater-

772 3484 890 3519 vam
931 3484 990 3522 se
1022 3472 1220 3525 circum
1254 3483 1619 3546 congregavit.
1649 3486 1824 3552 Atque
1888 3485 1939 3537 in
1974 3486 2127 3539 bellis
2182 3488 2348 3556 proli-

773 3559 943 3621 ciens,
976 3577 1078 3615 non
1125 3564 1296 3618 solum
1348 3569 1690 3626 admirationi
1745 3574 1838 3628 fuit
1902 3587 2123 3645 prepter
2188 3579 2352 3630 robur

776 3653 1042 3718 corporis,
1068 3670 1250 3708 verum
1281 3659 1446 3710 etiam
1478 3663 1581 3715 dux
1609 3666 1878 3719 excellens
1905 3668 2051 3720 visos
2081 3677 2185 3721 est.
2222 3670 2352 3722 Erat

775 3747 953 3791 antem
1011 3743 1059 3793 in
1110 3743 1474 3810 disperticnda
1541 3754 1718 3817 praeda
1770 3755 1971 3821 justus,
2021 3767 2073 3808 et
2129 3772 2223 3811 eos
2261 3759 2350 3825 Qui

773 3829 987 3896 egregie
1019 3843 1404 3897 pugnaverant,
1461 3852 1560 3905 pro
1617 3840 1876 3908 dignitate
1926 3843 2080 3896 donis
2119 3846 2352 3897 extolle-

774 3913 859 3965 bat
894 3916 1130 3987 (liti-G7).
1178 3918 1414 3976 Tandem
1463 3940 1581 3978 Cum
1607 3927 1718 3995 jam
1779 3945 1880 3982 non
1935 3931 2196 3984 latronem
2259 3934 2351 3987 sed

777 4005 1070 4072 principem
1096 4024 1212 4063 sese
1229 4014 1582 4080 exhibuisset,
1603 4018 1795 4072 bellum
1819 4022 1979 4090 gessit
2004 4037 2122 4078 cum
2154 4023 2351 4076 Ruina-

779 4095 880 4156 nis,
914 4099 1209 4168 multisque
1234 4104 1437 4165 pra-liis
1470 4110 1719 4175 superior
1742 4113 1934 4175 evasit,
1959 4115 2091 4166 adeo
2111 4125 2166 4166 ut
2187 4115 2348 4168 etiam

776 4185 966 4237 ducem
1035 4187 1399 4244 Romanorum
1445 4193 1710 4251 Vitellium
1760 4216 1879 4253 cum
1940 4203 2055 4268 ipso
2109 4207 2349 4257 exercitu

776 4273 1153 4344 proﬂigaverit,
1186 4284 1564 4352 captivumque
1597 4291 1821 4356 ceperit,
1871 4299 1925 4343 et
1964 4292 2142 4358 gladio
2187 4310 2353 4347 neca-

775 4367 934 4426 verit,
966 4377 1020 4420 et
1057 4369 1158 4420 alia
1197 4372 1361 4424 multa
1396 4375 1446 4426 in
1481 4375 1620 4431 bello
1656 4378 1881 4434 feliciter
1908 4384 2155 4449 geSserit,
2185 4386 2352 4439 donec

775 4453 971 4510 Fabius
1002 4460 1122 4512 belli
1153 4464 1409 4517 adversus
1456 4468 1600 4521 illum
1650 4472 1755 4524 dux
1793 4485 2003 4526 creatus
2056 4486 2155 4528 est.
2217 4476 2351 4530 lntlc

778 4563 883 4600 non
920 4552 1077 4616 paulo
1112 4553 1335 4608 inferior
1360 4572 1482 4611 esse
1512 4563 1695 4627 coepit.
1750 4563 1947 4617 Deinde
2011 4576 2241 4631 creatus,
2293 4578 2347 4619 et

778 4637 940 4692 Fabio
971 4646 1216 4708 superior
1241 4647 1438 4712 laetus,
1473 4666 1594 4702 eum
1632 4653 1680 4704 itt
1712 4664 1867 4720 pacta
1904 4657 2228 4711 descendere
2257 4661 2336 4710 in-

777 4730 932 4797 digna
994 4731 1250 4788 Romanis
1282 4739 1473 4804 coegit.
1512 4739 1702 4794 Verum
1755 4744 1936 4810 Scipio
1969 4746 2227 4800 adversus
2267 4748 2356 4801 Vi-

783 4820 1013 4873 riathum
1044 4825 1146 4875 dux
1180 4827 1356 4880 electu
1378 4844 1426 4890 s,
1455 4846 1575 4896 qua:
1614 4844 1730 4885 acta
1757 4833 1881 4887 fecit
1914 4836 2083 4900 irrita,
2116 4850 2168 4890 et
2196 4854 2357 4906 supe-

788 4920 962 4962 ratum
993 4928 1135 4980 sape
1170 4914 1492 4981 \‘iriallittm,
1521 4925 1585 4973 ad
1615 4931 1909 4978 extremam
1935 4928 2124 4981 deinde
2153 4929 2354 4981 cladem

780 5002 1135 5067 enntpulsum,
1168 5007 1301 5059 adeo
1328 5017 1383 5059 ιιι
1412 5025 1592 5076 pacem
1631 5025 1921 5080 spectaret,
1967 5033 2059 5083 per
2097 5019 2358 5071 domesti-

781 5103 873 5140 ι-οε
906 5091 1028 5143 dolo
1080 5095 1369 5160 interfecit,
1440 5110 1494 5153 ct
1547 5102 1662 5169 ejus
1721 5105 1931 5170 imperii
1985 5121 2351 5161 successorem

784 5179 1102 5237 Tantamum
1158 5189 1381 5256 eiusqne
1406 5194 1583 5249 socios
1615 5197 1858 5250 Derculit.
1900 5207 1953 5250 et
1982 5209 2038 5250 ιιι
2074 5215 2173 5263 pax
2205 5200 2355 5250 arbi-

2455 3391 2672 3457 ἀγῶνας
2732 3392 3148 3460 καθιστάμενος,
3193 3395 3514 3464 περιϐόητος
3551 3397 3769 3461 ἐγένετο
3794 3397 3842 3428 ⁷⁸
3886 3397 4039 3462 παρά

2457 3486 2570 3544 τοῖς
2606 3482 2860 3551 πλήθεσι,
2907 3484 3002 3536 καὶ
3043 3481 3266 3550 ἡγεμὼν
3314 3484 3496 3546 αὐτοῖς
3533 3485 3727 3554 ᾑρέθη,
3767 3487 3864 3538 καὶ
3904 3487 4037 3555 ταχὺ

2462 3573 2716 3640 σύστημα
2743 3572 2870 3640 περὶ
2894 3573 3082 3624 ἑαυτὸν
3107 3573 3318 3643 λῃστῶν
3342 3573 3583 3643 ἥθροισε.
3616 3574 3782 3645 [1164
3817 3576 3912 3648 ΙΙ.]
3935 3578 4040 3628 Καὶ

2456 3666 2780 3735 προκόπτων
2810 3664 2866 3714 ὲν
2900 3666 3010 3724 τοῖς
3053 3663 3310 3731 πολέμοις
3331 3665 3392 3715 οὺ
3429 3665 3587 3732 μόνον
3633 3666 4035 3737 ἐθαυμαστώθη

2453 3757 2522 3808 δι’
2556 3754 2746 3825 ἀλκὴν,
2777 3753 2916 3804 ἀλλὰ
2952 3755 3044 3805 καὶ
3099 3755 3424 3822 στρατηγεῖν
3459 3754 3602 3818 ἔδοξε
3651 3754 4036 3822 διαφερόντως.

2457 3843 2566 3900 Ἦν
2605 3846 2661 3898 δὲ
2691 3846 2785 3898 καὶ
2812 3845 3016 3907 δίκαιος
3046 3845 3104 3896 ὲν
3151 3847 3271 3903 ταῖς
3304 3845 3588 3913 διανομαῖς
3618 3845 3728 3897 τῶν
3757 3846 4037 3916 λαφύρων,

2458 3935 2550 3987 καὶ
2588 3937 2706 3986 κατ’
2758 3934 2916 3999 ἀξίαν
2966 3934 3091 3995 τοὺς
3149 3934 3669 4004 ἀνδραγαθήσαντας
3709 3934 3876 4004 ὲξῆρε
3935 3938 4038 3996 τοῖς

2454 4025 2666 4093 δώροις.
2719 4024 2929 4092 Προϊὼν
2991 4024 3047 4075 δὲ
3134 4023 3316 4075 οὐκέτι
3407 4024 3606 4094 λῃστὴν
3669 4026 3809 4076 ἁλλά
3883 4025 4039 4078 δυνά·

2457 4133 2591 4185 στην
2634 4114 2794 4166 αὐτὸν
2845 4115 2889 4143 ⁷⁸
2975 4113 3258 4177 ἀναδείξας
3328 4113 3632 4182 ἐπολέμησε
3707 4113 4037 4180 Ῥωμαίοις,

2457 4207 2555 4257 καὶ
2609 4205 2829 4265 πολλαῖς
2869 4201 3138 4270 ἐκράτησε
3202 4202 3424 4270 μάχαις,
3463 4201 3539 4264 ὡς
3589 4203 3682 4254 καὶ
3736 4203 4040 4272 στρατηγὸν

2469 4298 2757 4365 Ῥωμαίων
2780 4296 3087 4347 Οὐϊτέλλιον
3110 4295 3153 4324 ⁸ο
3178 4294 3327 4363 αὐτῷ
3353 4295 3800 4362 καταπολεμῆσαι
3825 4292 4040 4362 στρατῷ

2461 4389 2557 4439 καὶ
2590 4387 2936 4453 αἰχμάλωτον
2962 4385 3146 4437 λαϐεῖν
3182 4386 3277 4437 καὶ
3306 4386 3448 4451 ξίφει
3478 4385 3708 4444 ἀνελεῖν,
3739 4385 3839 4436 καὶ
3875 4386 4042 4436 πολλά

2456 4477 2620 4543 ἕτερα
2648 4476 2986 4544 εὐημερῆσαι
3027 4475 3168 4527 κατὰ
3214 4475 3472 4544 πόλεμον,
3505 4477 3606 4536 ἓως
3653 4475 3852 4535 Φάϐιος
3883 4494 4042 4543 στρα-

2457 4567 2626 4633 τηγὸς
2649 4564 2743 4617 τοῦ
2775 4567 2907 4633 πρὸς
2934 4566 3095 4617 αὑτὸν
3123 4565 3362 4634 πολέμου
3393 4567 3826 4634 κεχειροτόνητο.
3865 4567 4038 4618 Ἐκεῖ-

2465 4656 2555 4706 θεν
2578 4655 2620 4706 δ“
2653 4655 3008 4706 ἐλαττοῦσθαι
3032 4655 3233 4722 ἤρξατο
3255 4654 3339 4705 ἐπ’
3371 4657 3470 4706 οὐκ
3500 4655 3700 4721 ὀλίγον.
3739 4651 3874 4706 Εἶτα
3911 4657 4041 4707 ἀνα-

2460 4744 2640 4798 λαῦὼν
2675 4745 2766 4796 καὶ
2796 4745 3266 4812 κατευὸοκιμήσας
3297 4746 3494 4796 Φαϐίου
3531 4748 3608 4805 εἰς
3634 4746 3916 4814 συνθήκας
3945 4747 4040 4798 αὑ-

2463 4837 2554 4887 τὸν
2584 4835 2757 4886 ἐλθεῖν
2782 4835 3034 4899 ἀναξίους
3073 4835 3356 4901 Ῥωμαίων
3379 4835 3710 4902 ἠνάγκασεν.
3754 4836 3900 4886 Ἀλλ’
3927 4837 3955 4888 ὃ
3981 4852 4038 4900 γε

2464 4923 2724 4993 Σκηπίων
2766 4924 3090 4991 στρατηγεῖν
3119 4923 3240 4974 καθ’
3275 4923 3561 4992 ’Υριάτοου
3592 4924 3632 4954 ⁸⁸
3673 4924 3923 4993 αἱρεθεὶς
3948 4927 4039 4987 τὰς

2463 5032 2521 5067 τε
2553 5014 2825 5080 συνθήκας
2851 5013 3128 5082 ἠκύρωσε,
3161 5013 3255 5065 καὶ
3286 5015 3541 5076 πολλάκις
3575 5015 3864 5082 ’Υρίατθον
3891 5015 4041 5067 έλατ·

2464 5105 2668 5166 τώσας,
2711 5099 2829 5154 εἶτα
2869 5105 2947 5165 είς
2996 5104 3217 5172 ἔσχατον
3245 5107 3416 5175 ἥττης
3448 5105 3744 5167 συνελάσας
3776 5105 3921 5157 ῶστε
3949 5103 4038 5158 καὶ

2466 5195 2601 5265 πρὸς
2652 5192 2881 5253 σπονδὰς
2931 5195 3084 5261 ὁρᾷν,
3116 5193 3204 5246 διὰ
3249 5195 3357 5248 τῶν
3392 5196 3608 5249 οίκείων
3657 5194 4031 5263 ἐδολοφόνησε.

2057 5285 2290 5340 VARI/8
2325 5278 2723 5340 LEC'I'IONES.

864 5357 908 5389 ⁸⁸
930 5367 1336 5432 παρακατέθετο
1365 5387 1422 5432 ς.

785 5431 829 5459 7‘
863 5430 1131 5484 εὐάλωτον
1163 5452 1221 5496 ς’.

786 5513 892 5549 mn.
922 5501 985 5549 Α.

793 5567 922 5635 θρου
960 5583 1017 5628 ς.

1300 5439 1599 5510 τίμκατέστη
1623 5457 1732 5495 om.
1769 5444 1827 5498 Β.

1061 5503 1106 5531 ⁷⁸
1136 5503 1324 5557 ἑαυτὸν
1350 5507 1406 5560 Β.
1484 5511 1526 5539 ⁷⁷
1548 5503 1714 5563 ὕπνου
1744 5515 1805 5566 Α.

1501 5371 1544 5403 ⁸⁹
1577 5373 1667 5424 τὸν
1693 5374 1856 5427 ἵππον
1883 5377 2172 5429 ἐπιϐαίνων
2202 5378 2240 5428 Β
2269 5388 2322 5430 et
2345 5391 2488 5431 corr.
2523 5375 2561 5424 A
2588 5390 2602 5424 :
2637 5370 2742 5422 τῶν
2791 5370 2979 5420 ἵππων
3024 5368 3299 5436 ἐπιμένων
3325 5386 3384 5432 ς’.

1919 5447 1963 5476 ⁷³
1989 5446 2126 5513 ἔχων
2155 5463 2265 5499 οιη.
2299 5463 2379 5510 pr.
2415 5447 2480 5499 A.

1909 5515 1951 5545 ⁷⁸
1981 5516 2194 5580 ἐγένετο
2227 5516 2352 5568 add.
2383 5516 2444 5566 A.

3461 5371 3506 5402 το
3543 5370 3762 5433 ἐξελυτο
3785 5386 3930 5425 corr.
3962 5377 4022 5428 Α.

2558 5442 2605 5472 ’⁵
2636 5439 2946 5500 συνειθίσας
2975 5438 3034 5501 Β,
3070 5438 3307 5506 συνήθης
3331 5439 3374 5491 Α
3410 5458 3422 5492 :
3456 5440 3727 5492 συνείθισε
3759 5457 3821 5504 ς.
3903 5443 3947 5472 ⁷⁸
3975 5445 4027 5496 δι

2553 5509 2599 5540 τ’
2635 5508 2827 5560 ἑαυτὸν
2884 5506 2944 5560 Β.
3047 5508 3092 5538 ’⁵⁸
3125 5509 3399 5560 Οὐϊτέλιον
3431 5525 3490 5571 ς.
3588 5509 3631 5540 ⁸¹
3662 5516 3780 5562 κατ’
3832 5510 4028 5580 Οὑριά-

2235 5643 2459 5698 NCT/I5.

862 5729 1066 5797 ((56-07)
1095 5733 1271 5787 Cicer.
1298 5734 1388 5787 ιιι).
1418 5751 1431 5787 1
1463 5735 1532 5790 Dc
1554 5741 1748 5806 officiis.
