4216 6430
255 384 399 450 1405

1327 386 1850 449 BIBIJOTHECA.
1875 410 1940 421 —
1978 386 2144 448 COD.
2171 387 2457 452 CCXLIV.

3360 394 3497 461 1406

252 499 367 551 Καὶ
401 500 496 553 τὸν
532 500 916 572 διαδεξάμενον
956 502 1119 555 αὑτοῦ
1167 504 1265 573 τὴν
1310 502 1643 572 στρατηγίαν
1696 498 1833 551 Γαύ-
1858 502 1911 561 Α

1829 528 1833 538 ι
1858 502 1911 561 Α
1938 499 2041 552 trio
2067 515 2164 553 suo
2204 503 2377 566 lleret,
2412 502 2610 572 ell'eclt,
2643 515 2807 576 atque
2838 508 2941 565 illis
2985 525 3178 583 agrum
3206 519 3259 567 et
3306 512 3494 566 urbem

246 607 427 658 τιμον
475 594 569 645 καὶ
601 596 725 655 τοὺς
774 595 892 663 μετ’
930 592 1095 647 αὐτοῦ
1155 593 1667 661 καταπληξάμενος.
1731 590 1826 641 καὶ

1934 587 2082 643 dedit
2110 592 2175 645 ad
2208 592 2576 650 habitandum.

250 683 487 745 σπονδὰς
520 681 768 753 [62711.]
829 683 947 743 οἵας
1018 682 1269 735 ἐϐούλετο
1334 682 1523 735 Θέσοαι
1579 675 2173 748 παρασκευασάμενος,
2230 683 2395 736 ἔδωκε
2447 684 2631 755 χώραν
2713 688 2811 741 καὶ
2869 690 3023 746 πόλιν
3088 693 3170 757 είς
3237 692 3503 765 κατοίκη-

250 786 339 821 σιν
366 771 436 825 ⁸⁹.

866 864 960 914 Ἐκ
989 863 1094 915 τοῦ
1120 862 1231 915 λδν.

325 952 451 1002 ’Ότι
479 950 615 1018 μετά
644 950 739 1018 τὴν
760 953 1144 1020 Καρχηδονίων
1174 951 1465 1003 κατάλυσιν
1498 953 1589 1003 ἐπί
1621 951 1659 1015 ξ’
1683 952 1826 1004 ἔτεσι

247 1041 364 1094 τῶν
393 1041 628 1092 Σικελῶν
659 1042 993 1109 εύροούντων
1018 1042 1063 1073 ⁸³
1089 1045 1144 1094 ὲν
1190 1046 1375 1109 πᾶσιν,
1396 1046 1429 1095 ὁ
1462 1044 1702 1103 δουλικὸς
1732 1044 1828 1095 αὐ-

247 1138 367 1196 τοῖς
393 1134 666 1202 ἐπανέστη
696 1134 929 1201 πόλεμος
950 1136 1007 1198 ἐξ
1036 1135 1210 1196 αἰτίας
1233 1135 1507 1201 τοιαύτης.
1543 1136 1663 1186 Ἐπὶ
1690 1134 1822 1186 πολὺ

248 1228 367 1286 τοῖς
395 1224 533 1290 βίοις
555 1224 955 1292 ἀναδραμόντες
988 1226 1080 1277 καὶ
1108 1226 1371 1292 μεγάλους
1398 1242 1462 1276 πε
1473 1226 1826 1293 ριποιησάμε-

249 1332 335 1368 νοι
361 1315 623 1376 πλούτους
644 1315 1004 1384 συνηγόραζον
1029 1316 1255 1368 οίκετῶν
1291 1316 1512 1384 πλῆθος·
1533 1311 1611 1377 οἷς
1631 1318 1693 1367 ἐκ
1719 1315 1825 1367 τῶν

252 1408 748 1475 σωματοτροφείων
794 1406 1054 1475 ἀγεληδὸν
1093 1408 1417 1476 άπαχοεῖσιν
1461 1400 1621 1470 eam);
1659 1424 1827 1475 χαρα-

248 1502 432 1565 κτῆρα
453 1498 749 1549 ἐπέϐαλλον
768 1500 862 1548 καὶ
895 1499 1125 1565 στιγμάς
1144 1502 1254 1561 τοῖς
1280 1499 1541 1568 σώμασιν.
1563 1499 1828 1567 Ἐχρῶντο

247 1588 309 1639 δὲ
327 1588 505 1638 αὐτῶν
532 1591 644 1639 τοῖς
670 1588 767 1655 μὲν
802 1588 940 1648 νέοις
965 1588 1209 1655 νομεῦσι.
1231 1592 1339 1651 τοῖς
1362 1589 1405 1640 δ’
1427 1588 1625 1650 ἄλλοις,
1650 1588 1716 1649 ὣς
1749 1605 1824 1657 πῃ

248 1678 468 1746 ἑκάστῳ
497 1681 525 1746 ἡ
568 1680 723 1747 χρεία
761 1677 1048 1729 ἐπέϐαλλε.
1082 1679 1299 1746 Βαρέως
1316 1679 1359 1729 δ’
1389 1680 1568 1740 αὐτοῖς
1604 1680 1741 1731 κατά
1766 1695 1825 1729 τε

2320 858 2403 913 Ea:
2434 861 2568 915 libro
2611 864 2872 920 tricesimo
2898 878 3105 928 quarto.

1998 944 2133 999 Cum
2165 957 2285 1014 post
2323 950 2523 1003 deletos
2559 950 3035 1023 Carthaginenses,
3073 956 3375 1013 Siculorum
3409 976 3497 1016 res

1927 1037 2083 1091 annis
2112 1040 2391 1108 sexaginta
2422 1042 2471 1094 in
2505 1041 2885 1099 ﬂorentissima
2912 1047 3123 1102 fortuna
3161 1055 3496 1118 permansis-

1928 1137 2068 1191 sent,
2106 1134 2317 1184 tandem
2354 1134 2551 1188 servile
2601 1136 2793 1189 bellum
2824 1141 2961 1206 apud
2985 1154 3078 1195 eos
3117 1141 3215 1196 hac
3245 1144 3309 1197 de
3335 1159 3496 1199 causa

1928 1230 2173 1275 exortum
2207 1232 2309 1275 est.
2350 1222 2486 1277 Vita:
2525 1227 2995 1283 commoditatibus
3025 1245 3346 1301 magnopere
3394 1250 3494 1288 au-

1928 1314 2022 1376 cti,
2064 1328 2127 1367 ac
2163 1315 2377 1369 divitias
2407 1317 2651 1385 ingentes
2689 1319 2888 1386 adepti,
2924 1336 3169 1390 magnam
3213 1338 3491 1378 servorum

1930 1402 2324 1457 multitudinem
2382 1419 2562 1459 emere
2610 1409 2751 1459 soliti
2800 1418 2952 1462 erant
2987 1427 3002 1463 ;
3039 1426 3268 1478 quorum
3331 1416 3493 1469 veluti

1930 1508 2119 1563 greges
2150 1496 2432 1561 quosdam,
2465 1497 2789 1564 simulatque
2815 1514 2845 1552 e
2880 1500 3010 1553 locis
3058 1502 3110 1553 in
3149 1505 3345 1569 quibus
3392 1521 3493 1558 nu-

1935 1582 2233 1635 triebantur
2258 1584 2574 1649 eduxeram,
2610 1587 2772 1639 certis
2816 1586 2932 1640 illos
2985 1589 3127 1642 notis
3168 1605 3496 1661 compunge-

1932 1673 2061 1723 bant
2099 1690 2109 1722 ε
2143 1683 2197 1726 et
2220 1688 2314 1726 eos
2341 1676 2555 1741 quidem
2590 1678 2679 1742 qui
2734 1678 2975 1742 juniores
3014 1690 3190 1744 erant,
3247 1693 3492 1748 pastores

246 1768 351 1825 τὰς
386 1767 688 1833 ὑπηρεσίας
740 1764 1012 1833 ἐχρῶντο,
1054 1767 1145 1816 καὶ
1182 1765 1497 1832 ἐπιμελείας
1548 1764 1824 1824 παντελῶς
1859 1766 1899 1821 Β

1859 1766 1899 1821 Β
1930 1764 2324 1818 constituebant
2359 1783 2373 1818 :
2416 1767 2639 1819 aliorum
2682 1780 2860 1820 autem
2891 1783 3049 1836 opera
3085 1774 3151 1824 ad
3183 1773 3283 1825 alia
3333 1776 3490 1829 mini-

244 1858 439 1927 ὀλίγης
459 1857 660 1925 ἠξίουν,
679 1858 775 1908 ὅσα
796 1873 855 1907 τε
874 1856 1229 1925 ἐντρέφεσῦαι
1253 1858 1343 1908 καὶ
1361 1857 1461 1908 ὅσα
1484 1855 1821 1908 ἐνδύσασθαι.

258 1950 352 2014 Ἐξ
385 1944 459 2001 ὧν
496 1951 544 1999 οἱ
582 1949 797 2006 πλείους
826 1949 932 2001 ἀπὸ
982 1948 1235 2020 λῃστείας
1263 1949 1322 1999 τὸ
1364 1948 1461 2017 ζῇν
1490 1948 1821 2017 ἐπορίζοντο,

245 2044 347 2095 καὶ
378 2042 551 2110 μεστὰ
572 2040 616 2070 ⁸⁸
640 2042 815 2109 φόνων
854 2036 922 2109 ἦν
983 2042 1217 2099 ἅπαντα.
1257 2040 1507 2109 καθάπερ
1562 2057 1821 2110 στρατευ-

252 2132 444 2199 μάτων
473 2130 888 2199 διεσπαρμένων
919 2130 1025 2181 τῶν
1059 2130 1287 2200 λῃστῶν.
1331 2132 1392 2181 Οἱ
1437 2131 1491 2181 δέ
1528 2133 1825 2199 στρατηγοὶ

247 2221 481 2273 κωλύειν
513 2221 608 2289 μὲν
657 2221 995 2288 ἐπεχείρουν,
1029 2223 1273 2284 κολάζειν
1310 2220 1366 2272 δὲ
1406 2222 1467 2273 ού
1515 2221 1823 2287 τολμῶντες

243 2314 336 2365 διὰ
369 2312 469 2380 τὴν
506 2312 656 2379 ἰσχὺν
684 2314 775 2362 καὶ
817 2312 876 2362 τὸ
914 2312 1074 2379 βάρος
1109 2312 1215 2362 τῶν
1258 2312 1480 2379 κυρίων,
1517 2313 1566 2363 οἳ
1602 2312 1821 2363 ἐδέσπο-

244 2405 275 2467 ζ
280 2422 344 2455 ον
382 2404 489 2455 τῶν
516 2404 561 2434 ⁸⁸
590 2402 822 2471 λῃστῶν,
854 2403 1225 2469 ἠναγκάζοντο
1268 2405 1527 2473 περιορᾷν
1562 2404 1821 2474 λῃστευο⁸

248 2495 424 2563 μένην
452 2494 548 2562 τὴν
580 2494 853 2563 ἐπαρχίαν
880 2511 891 2523 ·
929 2495 978 2545 οἱ
1007 2494 1249 2546 πλεῖστοι
1280 2494 1386 2564 γὰρ
1415 2496 1521 2546 τῶν
1542 2494 1821 2563 κτητόρων

246 2591 438 2650 ἱππεῖς
464 2588 614 2648 ὄντες
636 2586 742 2637 τῶν
774 2585 1083 2653 Ῥωμαίων,
1109 2586 1205 2637 καὶ
1238 2588 1422 2655 κριταὶ
1452 2588 1563 2647 τοῖς
1585 2585 1691 2637 ἀπὸ
1714 2584 1821 2636 τῶν

242 2678 529 2748 ἐπαρχιῶν
566 2676 1063 2745 κατηγορουμένοις
1096 2678 1420 2745 στρατηγοῖς
1447 2678 1492 2714 βο
1524 2676 1819 2743 γινόμενοι,

243 2772 471 2840 φοϐεροὶ
502 2772 609 2831 τοῖς
638 2768 897 2837 ἄρχουσιν
924 2769 1184 2837 ὑπῆρχον.
1206 2766 1521 2836 Πιεζόμενοι
1545 2766 1600 2818 δὲ
1628 2768 1675 2817 οἱ
1704 2766 1822 2818 δοῦ-

242 2865 329 2915 λοι
356 2866 473 2924 ταῖς
508 2860 928 2930 ταλαιπωρίαις,
950 2861 1044 2911 καὶ
1077 2860 1310 2927 πληγαῖς
1336 2859 1401 2910 τὰ
1429 2858 1596 2910 πολλὰ
1637 2875 1818 2927 παρα-

243 2956 421 3020 λόγως
451 2952 496 2983 ⁸⁷
523 2952 889 3022 ὑϐριζόμενοι,
922 2952 1019 3019 οὐχ
1064 2952 1353 3019 ὑπέμενον.
1402 2950 1677 3011 Συνιόντες
1726 2948 1819 3001 οὖν

241 3046 499 3111 ἀλλήλοις
542 3046 681 3095 κατὰ.
710 3043 805 3103 τὰς
833 3041 1120 3109 εὐκαιρίας
1153 3038 1476 3091 συνελάλουν
1512 3041 1638 3109 περὶ
1682 3041 1817 3093 ἀπο-

1925 1856 2088 1908 stcria
2123 1868 2281 1923 prout
2316 1858 2576 1927 cujusque
2629 1875 2759 1915 usus
2801 1863 3123 1928 postulabat,
3180 1868 3487 1921 utebantur.

1927 1946 2119 1998 Verum
2155 1960 2507 2016 praaterquam
2548 1953 2689 2018 quod
2744 1968 2870 2020 erga
2910 1968 3001 2006 eos
3034 1969 3256 2021 asperos
3291 1971 3354 2011 ac
3403 1960 3492 2011 ri—

1923 2029 2077 2097 gidos
2105 2030 2156 2082 in
2200 2030 2530 2099 imperandis
2577 2034 2893 2086 ministeriis
2923 2036 3267 2102 exhibebant,
3291 2039 3488 2112 3841;

1923 2118 2088 2173 etiam
2110 2135 2296 2173 eorum
2351 2122 2522 2175 victus
2555 2138 2615 2173 ac.
2674 2125 2899 2177 vesulus
2954 2141 3041 2179 vnx
3100 2128 3259 2180 ullam
3300 2145 3490 2197 gerere

1923 2198 2106 2264 curzun
2140 2212 2517 2282 dignabantur.
2576 2212 2724 2269 Unde
2773 2213 2953 2277 ﬁebat,
2992 2227 3049 2269 ut
3106 2233 3296 2273 eorum
3346 2223 3486 2278 bona

1921 2316 2045 2369 pars
2072 2304 2234 2355 vitam
2284 2314 2435 2372 rapto
2476 2314 2825 2363 sustentaret.
2879 2309 3167 2377 omniaque
3225 2314 3487 2381 sanguine

1920 2392 2286 2446 redundarent
2312 2411 2324 2444 :
2367 2401 2547 2462 utpote
2571 2394 2935 2460 pradonibus,
2965 2408 3217 2465 tauquam
3250 2401 3479 2455 militum

1918 2482 2267 2546 exercitibus,
2309 2483 2463 2551 longe
2492 2484 2704 2555 lateque
2733 2490 3126 2556 grassantibus.
3170 2490 3485 2547 Provincia-

1920 2585 2036 2622 rum
2074 2583 2245 2627 autem
2283 2572 2516 2640 prmfecti
2568 2578 2851 2643 prohibere
2876 2582 3090 2647 quidem
3126 2591 3483 2646 conabantur,

1919 2664 2012 2715 sed
2041 2679 2161 2716 cum
2208 2665 2524 2733 supplicium
2554 2668 2619 2719 de
2667 2669 2732 2721 iis
2788 2685 3001 2725 sumere
3058 2688 3165 2727 non
3227 2677 3486 2731 auderent

1920 2766 2135 2821 propter
2167 2770 2412 2825 magnam
2447 2760 2784 2813 dominorum
2844 2765 3135 2828 potentiam
3189 2775 3351 2835 atque
3380 2782 3482 2821 au-

1918 2847 2245 2907 ctoritatem,
2273 2863 2422 2901 suam
2455 2852 2681 2919 quisque
2702 2853 3031 2919 provinciam
3053 2858 3235 2911 sinere
3268 2860 3484 2927 impune

1917 2936 2072 3003 diripi
2114 2940 2423 3003 cogebatur.
2454 2937 2587 2991 Nam
2612 2956 2733 2993 cum
2759 2940 2995 3009 plerique
3016 2956 3045 2994 e
3070 2945 3303 3000 dominis
3331 2948 3485 3015 equi-

1919 3031 1997 3074 tes
2030 3022 2257 3076 Romani
2288 3035 2492 3090 essent,
2519 3039 2573 3079 et
2588 3028 2797 3095 jndices
2830 3031 3285 3088 constituerentur
3316 3050 3478 3091 accu-

242 3137 514 3197 στάσεως,
548 3135 651 3195 ἓως
678 3136 755 3194 εἰς
793 3133 951 3201 ἔργον
984 3134 1081 3197 τὴν
1126 3130 1317 3197 βουλὴν
1365 3131 1589 3200 ἤγαγον.
1622 3126 1729 3182 Ἦν
1760 3130 1815 3182 δέ
1844 3112 1885 3168 C

1844 3112 1885 3168 C
1920 3115 2187 3167 sationum
2223 3133 2341 3184 quze
2372 3119 2629 3173 adversus
2668 3121 2949 3189 praefectos
2976 3138 3008 3177 e
3032 3126 3326 3193 provinciis
3353 3129 3485 3185 affe-

242 3244 332 3288 ':t;
362 3227 578 3292 οἰκέτης
642 3224 809 3293 Σύρος
863 3223 1199 3288 ’Λντιγένους
1248 3222 1489 3273 Ἐνναίου
1524 3222 1583 3274 τὸ
1637 3222 1814 3289 γένος,

242 3320 310 3369 ἐκ
340 3316 440 3383 τῆς
468 3313 795 3382 ’Λπαμείας,
830 3312 1113 3381 ἄνθρωτος
1144 3312 1315 3379 μάγος
1344 3311 1436 3361 καὶ
1457 3311 1818 3379 τερατουργὸς

239 3407 336 3459 τὸν
368 3406 593 3473 τρόπον.
630 3398 800 3465 υῦτος
823 3404 869 3434 ⁸⁸
902 3403 1284 3471 προσεποιεῖτο
1319 3400 1455 3453 θεῶν
1482 3402 1817 3469 ἐπιτάγμασι

242 3493 372 3546 καθ’
406 3491 573 3543 ὕπνον
604 3491 889 3561 προλέγειν
915 3492 982 3542 τά
1024 3490 1304 3559 μέλλοντα,
1336 3490 1430 3540 καὶ
1472 3489 1697 3552 πολλοὺς
1730 3489 1816 3542 διὰ

240 3585 345 3655 τὴν
367 3587 446 3646 εἰς
467 3583 624 3635 τοῦτο
648 3584 709 3635 τὸ
740 3582 904 3651 μέρος
922 3580 967 3612 ⁸⁸
992 3582 1218 3648 εὐφυΐαν
1244 3580 1506 3649 ἐξηπάτα.
1539 3580 1817 3633 Ἐντεῦθεν

242 3675 453 3745 προῖὼν
484 3676 543 3726 οὐ
580 3675 735 3742 μόνον
783 3675 841 3737 ἐξ
873 3671 1097 3741 ὀνείρων
1140 3670 1463 3740 ἐμαντεύετο
1503 3669 1665 3741 [H65
1697 3670 1813 3743 [1.],

240 3766 383 3818 ἀλλὰ
423 3766 516 3817 καὶ
570 3764 947 3834 ἐγρηγορότως
985 3760 1141 3822 οεους
1180 3762 1309 3830 ὀρᾷν
1357 3760 1681 3830 ὑπεκρίνετο
1722 3764 1815 3813 καί¹

241 3862 304 3925 ἐξ
344 3860 521 3913 αὐτῶν
546 3858 765 3908 ἀκούειν
792 3854 859 3906 τὰ
889 3853 1169 3923 μέλλοντα.
1205 3852 1423 3905 Πολλῶν
1456 3854 1499 3905 δ’
1529 3853 1619 3905 ὑπ’
1649 3853 1813 3906 αὐτοῦ

242 3948 701 4021 σχεδιαζομένων,
733 3946 840 3998 ἀπὸ
885 3944 1055 4014 τύχης
1102 3943 1215 3996 ἔνια
1251 3945 1386 4013 πρὸς
1438 3944 1693 4013 ἀλήθειαν
1725 3944 1813 4008 ἐξ·-

241 4044 464 4096 έόαινε·
521 4040 616 4091 καὶ
668 4038 776 4090 τῶν
824 4039 922 4106 μὲν
979 4037 1054 4106 μὴ
1104 4038 1401 4107 γινομένων
1451 4038 1540 4090 ὑπ’
1600 4038 1812 4096 οὐδενὸς

241 4132 642 4200 ἐλεγχομένων,
677 4128 786 4179 τῶν
840 4128 896 4179 δὲ
947 4127 1386 4195 συντελουμένων
1439 4128 1813 4196 ἐπισημασίας

238 4202 640 4291 τυγχανόντων,
674 4217 957 4287 προκοπὴν
990 4216 1295 4285 ἐλάμϐανεν
1334 4218 1366 4285 ἡ
1400 4219 1526 4287 περὶ
1575 4218 1738 4269 αὑτὸν
1765 4218 1812 4249 ⁰⁹

238 4314 391 4377 δόξα.
430 4311 753 4363 Τελευταῖον
782 4309 868 4360 διά
902 4324 1045 4369 τινος
1082 4309 1329 4377 μηχανῆς
1359 4307 1469 4377 πῦρ
1502 4309 1639 4377 μετά
1669 4326 1812 4371 τινος

1919 3205 2198 3268 rebantur,
2250 3206 2579 3261 formidolosi
2632 3209 2764 3276 ipsis
2812 3211 3077 3279 praefectis
3131 3226 3305 3269 erant.
3362 3216 3485 3272 Jatn

1916 3312 2044 3350 vero
2083 3314 2205 3352 cum
2245 3302 2501 3353 aerumnis
2532 3314 2905 3369 premerentur
2933 3307 3098 3369 servi,
3132 3317 3185 3360 et
3214 3315 3333 3363 cuin
3362 3311 3484 3367 aliis

1918 3385 2090 3441 modis
2120 3388 2352 3455 pessime
2379 3389 2772 3457 acciperentur,
2809 3402 2917 3443 tum
2973 3406 3101 3446 vero
3137 3396 3308 3465 plagis
3359 3402 3487 3454 sub-

1919 3476 2041 3529 inde
2071 3485 2267 3545 praater
2300 3479 2563 3532 rationem
2591 3488 2646 3533 et
2699 3480 2956 3547 injuriose
3001 3489 3483 3552 eontunderentur,

1916 3568 2226 3633 patientiam
2267 3569 2589 3638 abrumpere
2618 3583 2916 3638 cmperunt.
2975 3573 3164 3643 Itaque
3226 3588 3484 3646 opportu-

1918 3672 2043 3709 num
2119 3668 2329 3727 tempus
2387 3662 2552 3722 nacti,
2607 3662 2660 3714 in
2720 3677 2886 3714 unum
2947 3666 3350 3733 convenientes,
3418 3670 3487 3725 de

1916 3746 2217 3800 defectione
2262 3763 2540 3803 sermones
2592 3748 2733 3803 inter
2814 3765 2872 3804 se
2922 3756 3167 3806 conferre
3218 3755 3482 3822 solebant,

1914 3842 2084 3893 donec
2108 3840 2321 3894 tandem
2349 3841 2511 3894 verba
2544 3843 2610 3893 ad
2642 3856 2754 3894 rem
2787 3845 3154 3897 contulerunt.
3188 3845 3314 3900 Erat
3336 3849 3481 3901 enim

1914 3947 2102 3985 servus
2131 3933 2347 4001 quidam
2401 3932 2570 4003 Syrus
2619 3934 2752 3987 urbe
2808 3937 3042 4004 Apamea
3087 3948 3244 3990 natus
3297 3939 3484 4008 (cujus

1914 4022 2161 4075 dominus
2192 4022 2482 4091 Antigenes
2510 4023 2822 4089 vocabatur,
2850 4034 3072 4093 eratque
3110 4026 3257 4080 Enna
3285 4032 3481 4099 ortus)

1914 4114 1997 4165 vir
2027 4113 2253 4181 magicis
2277 4114 2733 4168 incantationibus
2762 4124 2817 4168 et
2859 4117 3222 4171 circulatoriis
3268 4121 3479 4189 captio-

1913 4206 2069 4258 nibus
2089 4219 2153 4259 ac
2186 4207 2469 4275 praestigiis
2493 4208 2727 4262 deditus.
2768 4207 2905 4262 llinc
2936 4224 2996 4263 se
3046 4208 3224 4265 futura
3284 4215 3481 4281 praedi-

1912 4309 2034 4348 cere
2070 4296 2323 4348 instinctu
2356 4295 2642 4364 amatuque
2674 4298 2857 4351 divino
2902 4300 2999 4368 ipsi
3038 4302 3089 4353 in
3145 4306 3349 4357 somnis
3380 4320 3479 4372 ap-

236 4400 635 4469 ἐνθουσιασμοῦ
668 4400 758 4451 καὶ
786 4399 959 4468 φλόγα
985 4399 1073 4451 διά
1093 4399 1187 4450 τοῦ
1218 4399 1483 4466 στόματος
1516 4400 1687 4468 ἠφίει,
1715 4401 1807 4452 καὶ
1840 4437 1881 4489 D

1840 4437 1881 4489 Β
1910 4389 2207 4457 parentium
2237 4388 2524 4442 simulabat
2553 4404 2567 4442 :
2604 4390 2892 4459 multisque
2918 4406 3013 4460 per
3037 4406 3156 4446 eam
3206 4408 3310 4463 qua
3352 4405 3474 4450 ute-

236 4497 384 4549 οὕτω
414 4495 482 4545 τά
530 4494 787 4561 μέλλοντα
817 4492 1206 4557 ἀπεφοίϋαζεν,
1254 4493 1346 4555 Εἰς
1384 4496 1490 4562 γὰρ
1536 4494 1735 4561 κάρυον
1760 4494 1803 4525 ⁹¹

239 4590 274 4656 ἦ
305 4605 358 4639 τι
379 4585 591 4637 τοιοῦτο
613 4586 943 4654 τετρημένον
969 4583 1027 4646 ἐξ
1056 4584 1317 4651 ἐκατέρου
1352 4583 1552 4652 μέρους
1583 4581 1806 4635 ἐνετίθει

240 4679 339 4729 καὶ
365 4677 464 4745 τὴν
494 4676 737 4744 συνέχειν
766 4676 896 4728 αὐτὸ
917 4676 1220 4744 δυναμένην
1246 4674 1375 4743 ὓλην
1395 4691 1407 4704 ’
1440 4670 1557 4727 εἶτα
1582 4673 1808 4736 ἐντιθεὶς

236 4770 317 4838 τῷ
344 4768 573 4835 στόματι
602 4768 693 4818 καὶ
721 4768 1042 4835 προσπνέων
1068 4767 1197 4818 ποτὲ
1225 4766 1324 4835 μὲν
1350 4766 1649 4835 σπινθῆρας
1677 4764 1806 4815 ποτὲ

234 4862 291 4913 δὲ
324 4861 500 4928 φλόγα
531 4861 770 4924 ἐξέκαιεν.
812 4851 980 4919 Οὗτος
1012 4858 1119 4927 πρὸ
1145 4858 1241 4926 τῆς
1273 4857 1627 4918 ἀποστάσεως
1652 4854 1802 4921 ἔλεγε

234 4952 334 5022 τὴν
365 4951 565 5018 Συρίαν
588 4951 707 5001 θεὸν
734 4950 1165 5017 ἐπιφαινομένην
1200 4947 1349 5017 αὑτῷ
1377 4947 1554 5014 λέγειν
1582 4948 1662 4998 ὅτι
1704 4945 1801 5014 βα⁸

238 5042 480 5093 σιλεύσει
499 5055 515 5069 ⁸
544 5042 638 5091 καὶ
666 5039 825 5091 τοῦτο
854 5041 914 5091 ού
942 5039 1074 5107 πρὸς
1112 5038 1305 5095 ἄλλους
1339 5037 1496 5106 μόνον
1530 5036 1666 5089 ἀλλὰ
1708 5037 1800 5089 καὶ

234 5135 373 5204 πρὸς
397 5131 558 5183 αὑτὸν
592 5132 683 5183 τὸν
711 5130 900 5200 κύριον
925 5130 1088 5182 αὐτοῦ
1124 5129 1346 5181 διετέλει
1386 5128 1577 5194 λέγων.
1624 5129 1715 5189 Εἰς
1744 5128 1800 5179 δὲ

232 5223 455 5289 γέλωτα
496 5221 834 5290 τρεπομένου
864 5221 955 5271 τοῦ
990 5219 1333 5287 πράγματος,
1365 5218 1394 5268 ὁ
1435 5219 1530 5287 μὲν
1551 5218 1595 5249 ⁰¹
1625 5218 1799 5269 Ἀντι-

230 5320 397 5387 γένης
441 5312 940 5382 ψυχαγωγούμενος
987 5312 1079 5364 ἐπὶ
1136 5313 1201 5380 τῇ
1248 5310 1503 5380 τερατεία
1527 5307 1654 5379 [028
1707 5306 1797 5379 IL]

1910 4482 2066 4531 batur
2102 4479 2284 4533 hacin
2318 4480 2764 4547 partesolertiam
2822 4482 2887 4534 ad
2935 4484 3309 4538 dexteritatem
3372 4487 3473 4539 im-

1905 4570 2152 4637 ponebat.
2172 4569 2253 4622 Ab
2270 4570 2353 4622 his
2378 4579 2554 4623 autem
2576 4571 2880 4637 primordiis
2906 4571 3108 4641 longius-
3131 4589 3473 4645 progressus,

1905 4673 2010 4711 non
2044 4658 2215 4711 solum
2244 4672 2311 4711 ex
2340 4659 2668 4711 somniorum
2694 4659 2825 4713 visis
2854 4659 3031 4713 futura
3064 4666 3469 4730 pronuntiabat,

1904 4750 1997 4804 sed
2027 4758 2081 4803 et
2103 4749 2227 4817 vigil
2259 4762 2483 4802 cernere
2514 4764 2573 4803 se
2604 4750 2755 4812 deos,
2787 4760 2843 4805 et
2875 4766 2938 4804 ev
2998 4751 3065 4805 iis
3124 4767 3210 4807 res
3258 4753 3469 4811 futuras

1906 4841 2093 4894 audire
2122 4840 2375 4909 tingebat.
2430 4839 2564 4893 Cum
2594 4850 2771 4894 autem
2828 4842 2881 4894 in
2919 4843 3097 4898 multis
3130 4847 3468 4901 vaticinatio-

1908 4933 2064 4985 nibus
2088 4933 2311 4984 mendax
2366 4933 2773 4997 comperiretur,
2833 4933 3045 4987 interim
3113 4944 3289 4990 tamen
3339 4953 3466 4992 casn

1905 5034 2133 5079 eventus
2191 5024 2537 5090 quarumdam
2598 5037 2778 5077 rerum
2830 5038 2956 5079 vere
3025 5026 3466 5094 prmdictionibns

1906 5117 2019 5183 ejus
2051 5115 2454 5184 responderent,
2485 5123 2540 5168 et
2594 5113 2727 5169 falsa
2761 5116 2973 5185 quidem
3036 5118 3153 5186 ejus
3210 5121 3466 5173 vaticinia

1906 5220 2065 5263 nemo
2102 5216 2437 5274 coargueret,
2473 5221 2599 5259 vera
2647 5216 2825 5260 autem
2866 5223 2985 5261 cum
3030 5211 3285 5277 applausu
3340 5213 3464 5265 dili-

1905 5307 2091 5370 genter
2126 5307 2460 5361 notarentur,
2512 5297 2786 5351 hominum
2842 5301 3020 5366 Opinio
3051 5302 3115 5354 de
3167 5315 3232 5356 eo
3266 5304 3315 5356 in
3352 5305 3466 5359 dies

1497 5485 1728 5541 VARIA'S
1770 5482 2167 5541 LECTIUNES.

302 5609 349 5639 "
380 5605 680 5657 κατοίκισιν
703 5603 761 5655 Β.
861 5602 907 5635 ⁸³
933 5603 1301 5673 εύρροούντων
1334 5606 1392 5657 Β.

229 5684 318 5744 τοὶ
350 5694 410 5739 ς.
488 5675 531 5703 ⁸⁷
558 5674 878 5744 παραλόγως
906 5675 947 5725 Δ
974 5691 988 5726 ι
1018 5675 1166 5741 παρὰ
1197 5674 1353 5744 λόγου
1368 5692 1429 5738 ς.

232 5741 386 5817 ρυον]
414 5744 650 5811 κάρανον
670 5743 727 5796 Β.
806 5744 849 5773 ’⁸
893 5744 990 5811 μὲν
1019 5748 1091 5798 A:
1136 5744 1233 5813 μὲν
1258 5741 1352 5797 οὖν
1384 5762 1445 5807 ς.

1469 5605 1514 5637 ⁸³
1541 5606 1709 5673 μεστᾶ
1734 5605 1774 5655 Β
1798 5620 1811 5656 :
1855 5603 1991 5672 μετὰ
2014 5621 2075 5666 ς’.

1502 5671 1549 5705 ⁸⁸
1571 5671 1723 5737 οὗτος
1747 5674 1787 5725 Β
1826 5671 2039 5735 καύτὸς
2069 5688 2129 5735 ς.

2163 5602 2210 5633 ⁸⁸
2234 5602 2340 5653 τῶν
2378 5600 2497 5653 add.
2522 5601 2586 5655 Α.
2660 5600 2705 5632 ⁸⁸
2733 5600 3056 5667 στρατηγοῖς
3093 5598 3130 5651 Β
3170 5618 3182 5651 =
3228 5618 3462 5668 στρατη-

2204 5671 2248 5703 ⁸⁹
2277 5671 2439 5741 μέρος
2466 5670 2507 5721 Λ
2532 5686 2543 5722 :
2567 5668 2718 5737 γένος
2744 5688 2784 5734 ς
2873 5671 2916 5703 ⁸⁸
2940 5670 3117 5721 αὐτῶν
3156 5673 3220 5723 A.
3298 5672 3339 5701 "
3361 5674 3461 5725 κά-
