4216 6430
783 374 919 441 1407

1937 376 2194 436 ΡΗΟΤΙΙ
2224 377 2730 438 PATRIARClI/E
2766 378 2873 439 CP.

3913 373 4042 443 WB

782 484 1099 553 augebatur.
1151 481 1435 538 Postremo
1497 483 1782 539 artificium
1851 488 2194 554 excogitavit,
2253 504 2361 556 quo

2472 495 2688 560 παρῆγε
2725 490 2817 541 τὸν
2861 486 3063 540 Εὔνουν
3111 487 3189 546 εἰς
3238 486 3303 538 τὰ
3332 484 3618 537 σύνδειπνα
3685 482 3894 552 (τοῦτο
3943 488 4045 552 γὰρ

783 574 1049 625 flammam
1081 587 1146 627 ex
1176 589 1269 627 ore
1302 590 1422 626 cmn
1458 575 1688 640 quodam
1723 574 1955 630 fanatico
1992 578 2172 631 furore
2195 578 2355 632 entit-

786 665 949 727 tebat,
980 672 1032 717 et
1068 680 1186 717 cum
1221 664 1431 715 flamma
1455 665 1613 717 simul
1656 667 1890 720 vaticina
1921 669 2077 722 verba
2134 670 2365 723 Phoeba-

781 755 904 805 dum
962 756 1011 805 in
1059 771 1259 806 morem
1307 755 1591 808 fundebat.
1629 760 1808 824 lguem
1865 761 2003 811 enim
2076 762 2124 812 in
2173 777 2361 816 nucem

784 854 878 895 aut
937 844 1139 910 aliquid
1199 845 1500 912 lmjusntodi
1558 848 1807 912 utrinque
1861 848 2188 914 perforatum
2228 850 2360 919 (68),

792 936 1063 1001 simulque
1102 939 1378 988 materiam
1413 954 1529 1003 qme
1568 940 1710 989 illum
1750 939 1892 991 alere
1923 953 2126 1007 posset,
2190 942 2363 1006 impo-

786 1025 966 1085 nebat,
1002 1025 1193 1078 deinde
1228 1028 1305 1079 ori
1350 1028 1539 1079 indcus
1587 1038 1639 1081 et
1666 1029 1873 1092 alllans,
1900 1033 2056 1083 modo
2090 1032 2366 1091 scintillas,

786 1113 1233 1167 modoflammam
1261 1119 1609 1170 accendebat.
1673 1118 1769 1172 llic
1827 1132 1951 1173 ante
2012 1121 2367 1175 defectionem

780 1202 987 1270 jactare
1014 1216 1385 1267 coosueverat,
1431 1220 1772 1273 apparentem
1807 1211 1906 1262 sibi
1941 1211 1990 1261 in
2032 1214 2235 1265 somnis
2272 1217 2373 1274 Sy-

788 1296 921 1346 riam
944 1296 1093 1349 deam
1117 1298 1428 1364 dignitawm
1452 1304 1647 1366 regiam
1667 1304 1900 1369 polliceri
1924 1305 2126 1373 ((59).Et
2153 1307 2254 1358 hoc
2276 1324 2374 1357 non

782 1386 903 1437 aliis
936 1390 1129 1449 so'um,
1164 1390 1254 1440 sed
1290 1401 1339 1441 et
1368 1406 1467 1443 suo
1517 1393 1681 1458 ipsius
1714 1394 1930 1446 domino
1956 1397 2166 1447 asSIilue
2219 1397 2375 1446 dictio

785 1476 957 1530 tabat.
988 1478 1121 1531 Cum
1151 1491 1329 1533 autem
1366 1482 1473 1533 risu
1513 1498 1596 1536 res
1622 1484 1732 1537 ltaac
1762 1489 2123 1553 exciperetur,
2150 1488 2369 1553 Antige-

786 1580 879 1617 nes
911 1582 974 1619 ex
1009 1570 1153 1623 hisce
1181 1574 1499 1639 prodigiosis
1555 1576 1855 1628 mendaciis
1906 1576 2228 1642 voluptatem
2282 1594 2373 1629 ea-

783 1655 958 1721 piens,
991 1658 1042 1709 in
1078 1663 1339 1716 conviviis
1417 1665 1482 1717 ad
1528 1680 1643 1731 qua:

2468 581 2636 648 δνομα
2663 579 2741 647 τῷ
2776 575 3022 645 τερατία)
3065 574 3158 624 καὶ
3185 571 3425 640 διηρώτα
3459 573 3585 641 περὶ
3614 572 3709 639 τῆς
3746 572 4049 638 βασιλείας,

2469 674 2560 724 κα).
2602 671 2719 731 πῶς
2755 670 2968 737 ἑκάστῳ
3016 667 3280 735 χρήσεται
3328 663 3434 714 τῶν
3489 662 3808 728 παρόντων·
3860 661 3960 713 τοῦ
4000 662 4053 711 δὲ

2471 763 2760 831 ἀτρέπτως
2817 762 2995 811 πάντα
3044 758 3091 789 ⁸³
3138 754 3516 823 διηγουμένου,
3562 754 3653 803 καὶ
3698 752 3774 811 ὡς
3815 751 4055 820 μετρίως

2474 855 2736 921 χρήσεται
2770 854 2881 908 τοῖς
2907 848 3138 915 κυρίοις,
3159 847 3252 896 καὶ
3279 844 3340 895 τδ
3370 843 3585 894 σύνολον
3609 842 3874 900 ποικίλως
3900 857 4057 905 τερ-ι-

2473 942 2786 1007 τευομένου,
2825 939 3058 1006 γέλωτες
3092 936 3333 1001 ἐγίνοντο
3372 935 3483 991 τοῖς
3516 928 4053 997 παρακεκλημένοις,

2476 1036 2567 1085 καί
2598 1050 2739 1094 τινες
2780 1032 2956 1084 αὐτῶν
2988 1029 3094 1081 ἀπὸ
3126 1030 3227 1097 τῆς
3256 1023 3536 1094 τραπέζης
3557 1022 3875 1086 ἀξιολόγους
3902 1020 4054 1087 μερί-

2476 1127 2570 1185 δας
2620 1126 2865 1191 αἴροντες
2917 1121 3245 1189 ἐδωροῦντο,
3296 1118 3640 1182 ἐπιλέγοντες
3686 1117 3876 1173 ὅπως,
3935 1114 4058 1163 ὅταν

2478 1216 2703 1282 γένηται
2732 1216 3001 1283 βασιλεὺς,
3036 1213 3134 1277 τῆς
3180 1212 3402 1279 χάριτος
3438 1204 3787 1275 μνημονεύοι.
3835 1200 3915 1254 ὐὺ
3958 1203 4058 1269 μὴν

2489 1306 2602 1357 ἀλλ’
2630 1308 2661 1372 ἡ
2697 1306 2951 1373 τερατεία
2990 1301 3261 1372 προῆλθεν
3292 1302 3369 1358 είς
3423 1295 3671 1363 ἀληθινὸν
3703 1294 4058 1356 ἀποτέλεσμα

2484 1394 2781 1461 βασιλείας.
2850 1394 2941 1442 καὶ
2991 1391 3087 1457 τὴν
3143 1388 3493 1442 ἀνταπὸδοσιν
3543 1386 3650 1443 τοῖς
3710 1379 3866 1447 παρὰ
3904 1380 3953 1408 ’⁸
3998 1379 4059 1429 τὰ

2478 1488 2668 1538 δεῖπνα
2717 1482 3138 1550 δεξιωσαμένοις
3189 1481 3246 1531 ἐν
3278 1479 3472 1545 γέλωτι
3505 1475 3563 1526 οὐ
3604 1476 3775 1542 χωρὶς
3822 1472 4057 1537 σπουδῆς

2478 1579 2770 1643 ἐποιήσατο
2798 1576 2895 1640 τῆς
2928 1574 3161 1641 χάριτος.

1732 1668 1988 1717 invitatus
2046 1676 2182 1729 erat,
2234 1666 2445 1719 Eunnm
2488 1668 2595 1731 (ita
2648 1666 2789 1719 euitn
2854 1665 2939 1717 hic
2991 1661 3351 1729 przestigiator
3401 1654 3729 1718 vocabatur)
3792 1650 4054 1703 asseclam

785 1748 1036 1816 "abem".
1068 1768 1296 1822 eummte
1322 1774 1482 1825 super
1516 1777 1677 1829 regno
1711 1764 2106 1829 interrogabat,
2175 1774 2228 1815 et
2284 1763 2549 1830 quomodo
2585 1777 2711 1827 erga
2765 1768 3199 1823 unumquemque
3271 1767 3479 1809 eorum,
3540 1753 3627 1816 qui
3676 1750 3729 1800 in
3766 1756 3915 1797 ructu
3975 1747 4057 1795 ilio

784 1852 958 1905 erant,
983 1859 1169 1909 gerere
1202 1863 1258 1900 se
1293 1851 1641 1906 decrevisset.
1678 1854 1808 1906 Cum
1840 1867 2015 1907 autem
2044 1854 2131 1907 ille
2167 1856 2234 1906 ita
2286 1856 2350 1906 iis
2374 1854 2743 1920 responderet,
2776 1860 2832 1901 ut
2864 1849 2915 1900 in
2979 1848 3092 1899 suis
3157 1844 3499 1897 sermonibus
3560 1840 3781 1891 minime
3832 1837 4053 1889 vacilta-

786 1946 886 2001 ret,
927 1939 1373 2011 pollicereturque
1420 1946 1553 2009 fore,
1608 1956 1664 2000 ut
1696 1948 1943 2002 dominos
1996 1963 2121 2002 suos
2172 1949 2363 2001 leniter
2402 1948 2805 2013 clementerque
2842 1942 3129 2009 acciperet,
3162 1952 3306 1989 mera
3333 1936 3563 2000 denique
3636 1941 3875 1981 monstra
3951 1928 4053 1979 il‘is

785 2045 949 2097 s"l‘el'
978 2032 1094 2086 aliis
1125 2036 1286 2089 variis
1315 2040 1473 2092 rebus
1505 2058 1723 2095 narrare
1755 2058 1978 2109 pergere
2003 2044 2197 2112 385a
2244 2044 2495 2096 omnibus
2561 2040 2804 2093 convivis
2854 2038 3019 2089 rismn
3062 2035 3330 2086 movebat.
3369 2030 3441 2082 Et
3510 2028 3702 2094 quibus

785 2117 1117 2175 ferculorum
1179 2141 1280 2178 non
1328 2129 1667 2194 pwuitendas
1736 2135 2009 2201 portiones
2062 2135 2265 2187 ablatas
2316 2150 2345 2185 e
2424 2148 2606 2184 mensa
2677 2131 2724 2182 ei
2782 2126 3144 2195 porrigeballl.

3809 2020 4047 2074 nonnulli

3235 2133 3396 2188 atque
3466 2122 3605 2169 inter
3667 2112 4054 2181 porrigendum

787 2210 1162 2277 hortabantur,
1200 2228 1257 2268 ut
1281 2234 1499 2278 regnum
1524 2221 1746 2288 adeptus
1771 2224 1977 2291 accepti
2010 2226 2073 2277 ab
2102 2225 2231 2291 ipsis
2257 2222 2499 2275 beneticii
2540 2234 2745 2273 memor
2771 2226 2932 2271 esset.
3008 2214 3112 2267 Sed
3180 2212 3322 2264 enim
3389 2223 3509 2277 qure
3557 2205 3865 2275 prodigiosa
3938 2218 4057 2257 esse

790 2304 1077 2357 videbatur
1113 2310 1533 2375 vaniloquentia,
1578 2314 1796 2366 minime
1839 2330 2034 2366 vanum
2088 2325 2239 2367 nacta
2279 2323 2361 2365 est
2400 2313 2612 2366 tandem
2644 2311 2867 2370 exitum,
2893 2308 3038 2373 regni
3074 2304 3439 2369 adoptionem.

860 2397 1196 2465 Principium
1254 2414 1433 2453 autem
1486 2406 1646 2457 totius
1686 2405 2003 2459 defectionis
2040 2406 2134 2457 luit
2184 2406 2370 2473 ltujus-
2398 2408 2444 2465 B

790 2490 958 2544 modi.
1009 2490 1273 2544 Enuensis
1322 2494 1539 2559 quidam
1594 2496 1811 2549 nomine
1871 2496 2235 2563 Damopbilus,
2287 2500 2369 2549 vir

791 2582 934 2634 elato
974 2582 1190 2650 ingenio
1225 2585 1500 2650 przeditus,
1534 2587 1765 2654 indignis
1799 2589 1971 2639 modis
2016 2603 2175 2653 supra
2206 2604 2366 2655 quam

792 2672 942 2725 credi
987 2675 1158 2739 possit
1198 2690 1385 2727 servos
1410 2690 1536 2727 snos
1576 2689 1860 2743 acceperat
1898 2696 1908 2728 :
1945 2680 2169 2746 ejusque
2204 2694 2371 2732 uxore

794 2761 1075 2829 Megallide
1112 2765 1358 2815 certatim
1399 2779 1493 2816 eos
1548 2766 1826 2832 suppliciis
1878 2769 2041 2820 variis
2088 2767 2369 2830 alliciente,

794 2862 848 2904 et
876 2866 1089 2904 omnem
1134 2867 1260 2920 erga
1310 2868 1405 2906 eos
1453 2869 1666 2908 sensum
1718 2858 2067 2909 humanitatis
2118 2869 2368 2919 cxueute,

792 2945 1136 2996 exactionem
1173 2956 1227 2997 et
1268 2947 1613 2998 dominorum
1666 2950 1864 3001 cmdem
1903 2950 2042 3001 inter
2086 2964 2143 3001 se
2185 2950 2374 3015 conju-

796 3045 940 3097 raut,
994 3036 1313 3103 Eunumque
1370 3038 1632 3091 adeuntes
1684 3040 2044 3107 interrogant,
2098 3054 2163 3089 an
2218 3054 2369 3090 suum

797 3126 1038 3192 ipsorum
1070 3137 1388 3193 conceptum
1424 3142 1453 3179 a
1485 3128 1589 3181 diis
1615 3130 2028 3181 concederetur.
2068 3129 2165 3181 llic
2194 3140 2370 3180 autem

800 3219 904 3270 illis
934 3219 1241 3271 asseutieus
1267 3233 1294 3268 a
1322 3217 1427 3269 diis
1454 3219 1676 3272 concedi
1710 3220 2019 3285 respondet,
2052 3220 2213 3271 verba
2246 3234 2368 3272 eum

798 3310 973 3361 Sniilis
1006 3310 1297 3377 praestigiis
1331 3308 1559 3363 fundens
1588 3328 1600 3363 :
1643 3310 1915 3377 simulque
1948 3311 2074 3372 illis,
2108 3321 2162 3364 ut
2197 3313 2373 3378 primo

799 3414 1016 3465 quoque
1096 3411 1337 3466 tempore
1400 3400 1527 3451 illud
1601 3401 2007 3469 aggrediantur,
2066 3402 2373 3468 persuadet.

801 3492 995 3543 Statim
1030 3490 1191 3557 igitur
1223 3500 1408 3544 coacta
1439 3491 1958 3559 quadringentorum
1989 3501 2373 3545 conservorum

802 3595 989 3643 manu,
1024 3589 1077 3633 et
1125 3581 1176 3632 in
1206 3596 1325 3633 eum
1380 3596 1539 3648 quem
1596 3597 1691 3647 pro
1740 3590 1980 3649 tempore
2016 3592 2262 3647 poterant
2291 3598 2377 3632 ar-

803 3672 933 3723 mati
968 3672 1209 3733 modum,
1245 3672 1297 3723 in
1347 3674 1538 3724 urbem
1577 3671 1778 3723 Eunatn
1821 3671 2148 3738 irrumpunt,
2183 3672 2374 3723 ducem

2557 2402 2723 2473 Ἀρχὴ
2755 2400 2809 2452 δέ
2843 2400 2939 2467 τῆς
2968 2398 3095 2463 ὅλης
3148 2392 3500 2450 ἀποστάσεως
3539 2388 3754 2454 ἐγένετο
3799 2387 4052 2452 τοιαύτη.

2473 2494 2776 2565 Δαμόφιλός
2808 2508 2889 2551 τις
2919 2485 2986 2556 ἦν
3017 2488 3278 2547 Ἐνναῐος,
3306 2483 3403 2550 τὴν
3435 2482 3479 2533 δ’
3520 2481 3706 2533 οὐσίαν
3741 2479 4052 2547 μεγαλόψυ-

2472 2606 2562 2657 χος
2597 2589 2661 2640 η.
2693 2585 3039 2651 ὑπερήφανος
3068 2578 3123 2629 δὲ
3180 2577 3270 2628 τὸν
3300 2575 3519 2641 τρόπον.
3566 2566 3735 2631 Οὗτος
3765 2570 3956 2630 κακῶς
3978 2571 4054 2630 είς

2473 2676 2777 2747 ὑπερϐολὴν
2810 2673 3074 2738 ἐκέχρητο
3103 2669 3214 2726 τοῖς
3243 2666 3471 2724 δούλοις,
3504 2664 3596 2714 καὶ
3620 2664 3653 2729 ἡ
3680 2662 3816 2728 γυνὴ
3853 2661 3911 2711 δὲ
3939 2661 4053 2711 Με-

2473 2770 2661 2837 γαλλὶς
2693 2763 3119 2833 ἀντεφιλονείκει
3144 2757 3331 2825 τάνδρὶ
3364 2757 3498 2825 πρὸς
3526 2755 3622 2821 τὴν
3652 2753 3933 2820 τιμωρίαν
3966 2752 4055 2801 καὶ

2470 2867 2569 2931 τὴν
2592 2863 2754 2927 ἄλλην
2773 2852 3166 2923 ἀπανθρωπίαν
3188 2850 3284 2913 τὴν
3299 2849 3421 2914 περὶ
3443 2847 3567 2904 τους
3595 2844 3837 2902 δούλους.
3857 2841 3949 2901 Ἐξ
3975 2834 4049 2889 ὧν

2473 2950 2945 3019 ἀποθηριωθέντες
2970 2946 3018 2997 οἱ
3051 2939 3581 3009 προπηλακιζόμενοι
3612 2935 3895 2987 συνέθεντο
3921 2934 4055 2999 πρὸς

2474 3042 2736 3108 ἀλλήλους
2765 3036 2905 3104 ὑπὲρ
2940 3032 3291 3090 ἀποστάσεως
3336 3029 3433 3079 καὶ
3489 3027 3652 3091 φόνου
3682 3024 3791 3074 τῶν
3825 3021 4052 3089 κυρίων.

2476 3136 2585 3186 Καὶ
2614 3133 2749 3201 πρὸς
2783 3132 2873 3181 τὸν
2904 3126 3107 3179 Εὔνουν
3133 3122 3379 3179 ἐλθόντες
3409 3118 3635 3186 ἠρώτων
3668 3116 3713 3146 ⁹⁶
3754 3115 3803 3164 εί
3840 3130 4056 3178 συγχω-

2478 3229 2648 3295 ρεῖται
2678 3221 2824 3288 παρὰ
2857 3218 2963 3269 τῶν
3010 3214 3148 3266 θεῶν
3192 3212 3373 3270 αὐτοῖς
3406 3210 3465 3258 τὸ
3504 3204 3953 3272 βεϐουλευμένον.
4003 3203 4056 3252 Ὀ

2475 3293 2529 3368 δὲ
2562 3314 2699 3383 μετὰ
2750 3307 3056 3377 τερατείας,
3086 3305 3161 3364 ὡς
3213 3300 3417 3356 εἰώθει,
3464 3294 3787 3360 συνθέμενος
3822 3293 3905 3343 ὅτι
3930 3307 4059 3355 συγσ

2478 3381 2734 3468 χωροῦσι,
2751 3392 3093 3462 παραχρῆμα
3112 3387 3287 3440 πείθει
3301 3383 3515 3452 ἔχεσθαι
3535 3382 3633 3449 τῆς
3664 3381 4055 3448 ἐγχειρήσεως.

2480 3489 2653 3547 Εὐθὺς
2690 3482 2782 3537 οὖν
2811 3479 3199 3552 τετρακοσίους
3218 3475 3326 3527 τῶν
3357 3471 3658 3540 ὁμοδούλων
3673 3469 4055 3538 συνήθροισαν,

2479 3581 2571 3630 καὶ
2598 3579 2671 3638 ὼς
2703 3576 2768 3627 ἂν
2794 3578 2820 3626 ὁ
2842 3572 3029 3640 καιρὸς
3083 3568 3283 3629 ἐδίδου,
3342 3560 3798 3620 καθοπλισθέντες
3851 3560 3933 3619 εἰς
3965 3559 4059 3624 τὴν

2484 3673 2678 3721 ’Ἔνναν
2703 3666 2801 3735 τὴν
2830 3663 2985 3716 πόλιν
3014 3658 3413 3717 εἰσπίπτουσιν,
3462 3651 3849 3720 ἀφηγουμένου
3883 3648 4060 3701 αὐτῶν

804 3764 1065 3815 habentes
1098 3763 1329 3822 Eanum,
1380 3762 1491 3815 suis
1523 3762 1573 3813 in
1613 3763 1911 3815 emittenda
1943 3776 2008 3815 ex
2036 3776 2129 3814 ore
2160 3760 2375 3813 ﬂamma

2485 3764 2578 3815 καὶ
2624 3760 2720 3811 τοῦ
2770 3757 2940 3825 πυρὸς
2989 3754 3087 3814 τὰς
3141 3751 3345 3817 φλόγας
3397 3744 3823 3816 τερατευομὲνου
3856 3741 4062 3801 τούτοις

803 3852 1090 3921 praestigiis
1121 3862 1383 3905 utentem.
1417 3851 1614 3905 Domos
1643 3862 1822 3905 autem
1862 3853 2111 3920 ingressi,
2145 3862 2378 3919 stragem

808 3958 1057 4011 magnam
1110 3946 1297 4005 edunt,
1342 3958 1409 3996 ne
1446 3944 1769 3997 lactentibus
1813 3945 2027 4011 quidem
2087 3943 2383 3997 infantibus

806 4047 1145 4103 parcentes:
1198 4036 1292 4088 sed
1338 4050 1432 4089 eos
1476 4036 1543 4088 ab
1585 4036 1748 4089 ubere
1797 4037 1987 4089 matris
2043 4047 2225 4103 raptos
2265 4038 2383 4090 solo

808 4125 1127 4193 allligentes.
1168 4126 1223 4178 In
1258 4126 1511 4179 mulieres
1556 4135 1734 4179 autem
1779 4141 1899 4194 quae
1940 4128 2281 4180 contumelia:
2331 4138 2384 4181 et

808 4216 1117 4283 petulantia:
1170 4230 1366 4283 genera
1415 4216 1759 4268 exercuerint
1798 4216 1997 4286 (idque
2045 4218 2095 4268 in
2144 4219 2380 4285 ipsorum

810 4308 1129 4360 maritorum
1179 4306 1509 4375 conSpertu)
1590 4308 1771 4361 verbis
1811 4310 2039 4376 exprimi
2078 4310 2237 4363 nullis
2287 4326 2384 4379 pro

811 4400 1073 4467 dignitate
1104 4410 1297 4465 potest.
1348 4399 1457 4452 Illis
1484 4401 1627 4452 enim
1671 4416 1729 4453 se
1758 4415 1949 4469 magna
1984 4415 2264 4454 servorum
2298 4418 2386 4455 ur-

809 4491 894 4544 bis
931 4492 1215 4544 multitudo
1260 4491 1594 4558 adiunxerat.
1616 4491 1881 4545 Ceterum
1905 4507 2025 4545 cum
2053 4494 2102 4543 in
2134 4492 2385 4546 dominos

809 4584 990 4634 omnia
1022 4584 1264 4649 exempla
1309 4584 1693 4651 cruciatusque
1720 4586 2038 4643 edidissent,
2076 4584 2141 4635 ad
2178 4586 2384 4637 cazdem

810 4673 1033 4724 aliorum
1067 4688 1123 4726 se
1170 4684 1581 4727 converterunt.
1614 4674 1798 4728 Eunus
1827 4686 2005 4727 autem
2039 4692 2159 4728 cum
2190 4674 2387 4727 Damo-

811 4763 1014 4829 philnm
1049 4764 1100 4815 in
1137 4764 1463 4817 suburbanis
1512 4764 1686 4817 hortis
1734 4780 1835 4817 una
1869 4780 1989 4819 cum
2022 4779 2189 4816 uxore
2223 4765 2389 4816 rusti-

810 4853 921 4905 cari
954 4854 1217 4918 audisset,
1264 4855 1391 4907 illuc
1429 4855 1691 4921 quosdam
1720 4870 1750 4909 e
1785 4857 1901 4909 suis
1942 4857 2108 4917 misit,
2142 4856 2233 4922 qui
2273 4872 2389 4907 ain-

811 4947 908 4997 bos
940 4944 1065 4996 inde
1115 4944 1165 4996 in
1204 4947 1391 4997 urbem
1440 4948 1649 4999 vinctos
1696 4956 2101 5013 protraxerunt,
2138 4946 2304 4999 variis
2335 4946 2385 4997 in

2482 3854 2574 3905 τοῦ
2602 3850 2793 3903 Εὗνου.
2823 3848 2955 3907 Ταῖς
2984 3846 3027 3897 δ’
3062 3842 3257 3903 οἰκίαις
3305 3836 3712 3895 ἐπεισελθόντες
3740 3835 3785 3865 ’⁷
3814 3832 4061 3884 πλεῖστον

2485 3943 2643 4011 φόνον
2674 3939 3012 4007 εἰργάζοντο,
3052 3932 3174 4001 μηδ’
3203 3928 3382 3983 αὐτῶν
3413 3926 3520 3979 τῶν
3543 3923 3863 3990 ὑπομαζίων
3887 3921 4061 3989 φειδὸο

2490 4049 2659 4104 μενοι.
2729 4028 2888 4080 ⁹Αλλὲι
2964 4024 3136 4075 ταῦτα
3198 4021 3294 4089 μὲν
3347 4018 3445 4085 τῆς
3494 4015 3663 4082 θηλῆς
3708 4013 4062 4070 ἀποσπῶντες

2487 4103 2869 4193 προσήρασσον
2901 4120 2966 4185 τῇ
2999 4118 3069 4184 γῇ
3098 4131 3109 4143 ·
3143 4115 3220 4173 είς
3250 4112 3307 4163 δὲ
3353 4108 3449 4172 τὰς
3496 4108 3761 4174 γυναῖκας
3785 4104 3895 4155 οὐδ’
3920 4103 4063 4187 ἐστιν

2485 4217 2657 4267 εἰπεῖν
2712 4212 2829 4280 (καὶ
2878 4209 2998 4260 τότε
3056 4205 3101 4237 ’⁸
3166 4200 3469 4270 βλεπόντων
3521 4197 3628 4249 τῶν
3673 4194 3908 4263 ἀνδρῶν)
3966 4194 4063 4244 ὅσα

2485 4304 2765 4375 ἐνύϐριζόν
2791 4320 2849 4354 τε
2899 4301 2992 4351 καὶ
3039 4296 3446 4363 ἐνησέλγαινον,
3482 4287 3678 4341 πολλοῦ
3708 4288 3895 4347 αὐτοῖς
3930 4286 4063 4352 πλή-

2487 4400 2611 4461 θους
2652 4398 2761 4449 τῶν
2788 4393 2898 4445 ἀπὸ
2939 4392 3037 4457 τῆς
3087 4388 3293 4447 πόλεως
3328 4384 3529 4437 δούλων
3568 4378 3961 4448 προστεθέντος
3996 4378 4062 4435 ’⁸,

2486 4491 2535 4542 οἳ
2565 4489 2660 4541 καὶ
2692 4485 2832 4537 κατὰ
2877 4482 2986 4534 τῶν
3036 4478 3241 4546 κυρίων
3276 4474 3539 4543 πρότερον
3565 4470 3634 4522 τὰ
3665 4468 3871 4535 ἔσχατα
3905 4465 4065 4518 ἐνδει-

2488 4580 2744 4646 κνύμενοι
2766 4574 2906 4626 οὕτω
2934 4571 3069 4640 πρὸς
3114 4567 3205 4619 τὸν
3226 4565 3334 4617 τῶν
3362 4563 3535 4614 ἄλλων
3562 4560 3719 4627 φόνον
3750 4558 4062 4625 ἐτρέποντο.

2489 4671 2552 4721 Οἱ
2578 4668 2633 4719 δὲ
2660 4664 2789 4735 περ)⁸
2820 4662 2909 4713 τὸν
2945 4659 3145 4711 Εὖνουν
3190 4653 3487 4720 πυθόμενοι
3529 4650 3620 4701 τὸν
3652 4648 3965 4716 Δαμόφιλος)
3988 4648 4066 4697 ὅτι

2490 4760 2630 4814 κατὰ
2666 4758 2758 4809 τὸν
2815 4754 3041 4823 πλησίον
3085 4748 3186 4816 τῆς
3216 4746 3423 4804 πόλεως
3464 4742 3774 4809 περίκηπον
3799 4736 4067 4805 διατρίϐει

2495 4854 2630 4923 μετὰ
2687 4850 2784 4917 τῆς
2830 4843 3105 4913 γυναικὸς,
3136 4838 3299 4911 [1168
3333 4835 3430 4905 Β.)
3487 4828 3668 4885 εἷλκον
3725 4829 3940 4882 ἐκεῖθεν
3985 4826 4068 4879 διά

2491 4922 2653 4996 τινων
2686 4940 2742 5005 ἐξ
2766 4936 2955 4990 αὐτῶν
2995 4933 3293 4985 σταλέντων
3316 4928 3477 4981 αὐτόν
3491 4943 3550 4977 τε
3581 4923 3674 4976 καὶ
3703 4922 3807 4991 τὴν
3838 4923 4069 4987 γυναῖκα

810 5037 898 5089 via
931 5036 1273 5090 contumeliis
1307 5035 1551 5091 affectos.
1590 5037 1697 5089 Soli
1724 5048 1899 5091 autem
1928 5038 2043 5104 ejus
2084 5037 2205 5090 filia)
2240 5036 2381 5090 servi

2492 5036 2811 5103 δεδεμένους
2862 5024 3345 5093 ἐξαγκωνίσαντες,
3395 5016 3594 5077 πολλὰς
3646 5014 3787 5066 κατὰ
3829 5014 3927 5081 τὴν
3958 5010 4069 5113 east:

810 5143 1033 5198 prorsus
1085 5138 1441 5197 pepercerunt
1518 5138 1574 5182 et
1619 5145 1684 5183 ne
1725 5131 1946 5183 minima
1994 5130 2208 5183 cuidem
2261 5144 2379 5182 eam

2492 5130 2679 5198 ὓὸρεις
2703 5122 3059 5191 ὑποσχόντας.
3119 5114 3304 5183 Μάνης
3356 5112 3413 5164 δὲ
3464 5111 3561 5178 τῆς
3594 5108 3868 5175 θυγατρὸς
3896 5103 4068 5157 αὐτῶν

2098 5269 2329 5325 νᾹῐίΙιΕ
2365 5261 2776 5322 LECTIONES.

882 5409 930 5442 "
948 5408 1161 5479 ἅπαντα
1193 5425 1252 5465 ς.
1311 5406 1541 5479 "napi
1572 5408 1651 5462 A:
1686 5409 1816 5477 περὶ
1843 5426 1907 5479 ς.
1964 5409 2020 5479 ’⁸⁵
2051 5400 2450 5479 μεγαλόψυχος]

1366 5476 1414 5508 ⁹⁶
1442 5470 1669 5549 ἠρώτων
1718 5470 1863 5547 μὸει.⁷
1888 5470 2307 5547 βεϐουλευμένον
2339 5470 2488 5542 potiit
2522 5470 2581 5522 Β.

819 5476 1270 5547 μεγαλόπλουτος.

841 5552 860 5580 ’
895 5545 1294 5619 προστεθέντων
1328 5545 1389 5600 Β.

2486 5400 2679 5457 aptius.
2711 5392 2851 5463 quod
2887 5398 3046 5465 est_p.
3072 5385 3222 5439 38Gb
3253 5384 3417 5465 57,531
3628 5381 3719 5465 29.,
3742 5390 3798 5434 et
3821 5380 3928 5465 '58}
3959 5398 3989 5432 α
4022 5380 4068 5439 7,

2668 5453 3142 5519 ’τ’ὑπεισελθόντες
3170 5473 3230 5519 ς.
3334 5456 3379 5486 ’⁸⁸
3411 5455 3502 5505 καὶ
3527 5453 3646 5504 τότε
3682 5455 3761 5503 A:
3798 5453 3976 5503 καίτοι
4012 5466 4069 5511 ς.

2320 5650 2546 5707 NOTAE.

896 5757 1007 5827 (68)
1049 5755 1181 5811 Vide
1207 5754 1350 5809 Flori
1384 5752 1675 5807 Euilouten.

2563 5742 2672 5812 (69)
2710 5740 2835 5795 Vide
2862 5738 3157 5793 Lucnanum
3183 5743 3236 5790 et
3264 5735 3664 5802 Athenagoram
3694 5749 3748 5787 in
3797 5733 4069 5800 Apologia.
