4216 6430
190 430 330 495 “09

1272 411 1797 477 BlBLIOTHECA.
1834 432 1904 446 --
1931 408 2097 471 COD.
2136 405 2428 468 CCXLIV.

3308 392 3446 462 1810

186 538 237 588 cl
278 534 464 588 δοῦλοι
505 529 765 601 ὤφθησαν
830 529 912 591 είς
955 542 1131 581 πάντα
1180 525 1525 593 φεισάμενοι,
1576 519 1667 573 διὰ
1709 516 1771 569 τὸ
1798 518 1844 575 Δ

1798 518 1844 575 Δ
1870 515 2068 584 injuria
2095 513 2181 568 vel
2215 510 2541 569 contumelia
2574 506 2889 572 all’ccerunt,
2920 505 2990 562 ob
3020 505 3288 561 humanos
3325 505 3443 576 ejus

190 624 578 694 φιλάνθρωπον
610 622 781 689 αὐτῆς
808 613 938 689 ἦθος
964 617 1061 671 καὶ
1090 616 1219 682 περὶ
1239 616 1361 677 τοὺς
1390 612 1606 672 δούλους
1634 626 1771 678 συμ-

192 716 372 776 παθὲς
388 715 481 766 καὶ
506 712 827 782 βοηθητικὸν
857 708 998 763 κατά
1016 708 1266 776 δύναμιν.
1283 704 1373 768 Ἐξ
1394 698 1468 756 ὧν
1499 700 1774 754 ἐδείκνυτο

191 805 303 858 τῶν
333 804 540 856 δούλων
560 804 683 873 οὐχὶ
714 803 731 833 ί
752 801 971 870 ὠμότης
1002 795 1142 851 εἶναι
1167 797 1383 864 φύσεως
1416 792 1484 846 τά
1516 791 1774 860 γινόμενα

193 897 275 956 είς
302 896 433 955 τοὺς
456 893 669 954 ἄλλους,
703 891 838 944 ἀλλά
853 889 959 942 τῶν
982 885 1461 957 προϋπηργμένων
1482 884 1561 946 είς
1577 881 1774 943 αὐτοὺς

192 985 551 1052 ἀδικημάτων
600 982 975 1043 ἀνταπόδοσις.
1004 981 1047 1032 Τ
1050 980 1106 1032 δν
1132 980 1191 1032 δὲ
1217 974 1638 1058 Δαμόφιλονὲιαὶ
1667 972 1767 1041 τὴν

193 1072 515 1139 Μεγαλλίδα
538 1072 617 1133 εἰς
640 1069 739 1139 τὴν
768 1071 921 1121 πόλιν
942 1070 991 1121 οἱ
1009 1064 1409 1135 ἀπεσταλμένοι
1429 1061 1773 1121 ἑλκύσαντες,

196 1164 392 1234 ῶσπερ
416 1164 647 1231 ἔφημεν,
680 1164 761 1224 εἰς
795 1161 857 1213 rb
877 1161 1104 1229 θέατρον
1140 1160 1458 1229 εἰσήγαγον,
1482 1153 1776 1224 συνεληλυ-

198 1255 357 1315 θότος
387 1257 407 1285 ¹
440 1253 673 1306 ἐνταῦθα
727 1251 823 1305 τοῦ
880 1250 1119 1320 πλήθους
1144 1249 1252 1302 τῶν
1295 1248 1636 1301 ἀποστατῶν.
1666 1246 1778 1300 Καὶ

196 1344 297 1397 τοῦ
347 1343 656 1412 Δαμοφίλου
715 1341 1076 1411 τεχνάσασθαί
1129 1337 1372 1411 [6291].]
1411 1356 1462 1391 τι
1499 1339 1641 1402 ,πρὸς
1681 1337 1780 1408 τὴν

203 1435 486 1502 σωτηρίαν
538 1434 978 1502 ὲγχειρήσαντος.
1028 1434 1122 1483 καὶ
1154 1430 1377 1491 πολλοὺς
1422 1428 1516 1480 τοῦ
1544 1426 1782 1497 πλήθους

198 1526 317 1585 τοῖς
335 1523 511 1589 λόγοις
540 1522 902 1590 ἐπαγομένου,
944 1520 1199 1590 Ἑρμείας
1228 1520 1321 1573 καὶ
1352 1519 1539 1585 Ζεῦξις
1568 1517 1784 1587 πικρῶς

202 1615 347 1683 πρὸς
371 1615 533 1666 αὐτὸν
562 1615 582 1645 ³
611 1614 943 1681 διακείμενοι
991 1612 1191 1664 πλάνον
1226 1628 1285 1662 τε
1311 1609 1641 1671 ἀπεκάλουν,
1691 1609 1785 1660 καὶ

201 1708 309 1758 οὐκ
335 1706 723 1772 ἀναμείναντες
772 1705 869 1772 τὴν
918 1703 1117 1773 ἀκριϐῆ
1173 1701 1269 1754 τοῦ
1316 1701 1488 1769 δήμου
1535 1700 1719 1770 κρίσιν
1757 1700 1786 1749 ὁ

1874 621 2073 669 mores,
2102 614 2159 660 et
2186 605 2427 658 animum
2448 600 2515 655 ad
2536 596 3062 654 commiserationem
3085 611 3217 667 erga
3250 611 3446 652 servos

1872 713 2222 770 propensum,
2278 706 2438 766 atque
2489 697 2626 751 adeo
2686 693 2755 749 iis
2813 692 3109 748 auxiliandi
3162 694 3441 762 cupidum.

1875 793 2027 859 Quod
2054 792 2271 860 quidem
2299 796 2617 859 argumento
2638 794 2756 842 erat
2775 799 2965 840 servos
2990 800 3095 840 non
3124 785 3447 839 crudelitate

1877 894 2084 938 natura
2129 882 2256 937 talia
2306 889 2614 950 perpetrare
2668 879 2721 933 in
2772 876 2927 943 alios,
2968 876 3064 931 sed
3112 876 3290 931 illatas
3343 876 3445 928 sibi

1876 976 2103 1045 injurias
2136 974 2477 1029 ulciscentes.
2506 970 2708 1042 2⁸51)
2749 970 3021 1026 Caeterum
3069 968 3446 1037 Damophilnm

1878 1081 1998 1123 cum
2023 1081 2119 1121 sua
2154 1064 2435 1135 Megallide
2471 1078 2594 1117 cum
2635 1063 2689 1115 in
2719 1062 2905 1115 urbem
2931 1060 3339 1129 protraxissent
3385 1058 3449 1121 ii,

1878 1159 2075 1230 quibus
2110 1159 2292 1213 datum
2333 1166 2452 1212 erat
2480 1157 2777 1226 negotium,
2814 1164 2872 1209 ut
2904 1154 3166 1219 diximus,
3200 1152 3253 1205 in
3295 1152 3451 1204 thea—

1881 1262 2021 1307 trum
2072 1266 2167 1307 eos
2218 1251 2607 1320 produxerunt,
2678 1248 2770 1302 ubi
2812 1245 3143 1301 defectorum
3194 1244 3450 1297 universa

1881 1354 2204 1414 congregata
2256 1354 2372 1397 erat
2424 1340 2731 1395 multitudo.
2804 1337 3047 1405 Cumque
3102 1334 3454 1403 Damophilns

1883 1448 1998 1493 arte
2032 1438 2211 1505 aliqua
2243 1436 2398 1490 saluti
2449 1447 2558 1488 sum
2590 1431 2877 1487 consulere
2903 1445 3128 1492 conans,
3162 1428 3453 1480 multorum

1883 1545 1947 1583 ex
1997 1529 2103 1583 illis
2137 1527 2445 1581 voluntates
2491 1525 2556 1578 ad
2596 1539 2656 1577 se
2696 1522 2941 1576 oratione
2994 1534 3091 1573 sua
3147 1518 3453 1581 inclinaret,

1884 1617 2143 1671 Hermeas
2177 1625 2233 1670 et
2267 1615 2463 1669 Zeuxis
2497 1612 2695 1668 acerbo
2728 1627 2849 1665 eum
2882 1611 3007 1664 odio
3036 1616 3451 1679 prosequentes,

1886 1711 2235 1777 impostorem
2285 1706 2646 1761 vocitabant:
2692 1703 3021 1770 minimeque
3077 1709 3456 1768 exspectantes

206 1797 313 1865 μὲν
342 1795 431 1847 διά
462 1795 570 1847 τῶν
601 1795 849 1863 πλευρῶν
910 1795 969 1845 τὸ
1013 1794 1165 1860 ξίφος
1190 1791 1344 1853 ὠθεῖ,
1395 1793 1424 1843 ὁ
1478 1790 1534 1843 δὲ
1565 1789 1785 1861 πελέκει
1819 1846 1855 1867 η

1819 1846 1855 1867 ι,
1888 1800 2014 1850 dum
2047 1797 2273 1867 populus
2299 1806 2504 1850 certum
2536 1793 2603 1846 de
2642 1806 2709 1845 eo
2734 1790 2992 1858 judicium
3023 1789 3453 1858 pronuntiasset,

202 1888 303 1937 τὸν
338 1886 610 1954 τράχηλον
680 1884 893 1951 ἔκοψεν.
928 1883 1167 1936 Ἐκεῖθεν
1199 1884 1431 1951 αἱρεῖται
1471 1881 1725 1951 βασιλεὺς
1754 1883 1783 1932 ὁ

208 1975 436 2039 Εὔνους,
498 1974 620 2028 οὔτε
668 1977 736 2028 δι’
768 1975 1017 2045 ἀνδρείαν
1048 1974 1171 2026 οὔτε
1200 1973 1287 2026 διά
1315 1972 1666 2043 στρατηγίαν,
1695 1970 1785 2024 διά

205 2067 268 2119 δὲ
308 2067 477 2134 μόνην
506 2066 790 2135 τερατείαν
836 2066 1023 2118 καὶτὸ
1067 2065 1167 2133 τῆς
1215 2064 1567 2126 ἀποστάσεως
1603 2063 1782 2133 ἄρξαι,

206 2159 331 2225 ἅμα
376 2159 433 2210 δὲ
490 2160 583 2211 καὶ⁸
650 2158 750 2226 τῆς
796 2160 817 2188 ⁵
858 2157 1229 2227 προσηγορίας
1273 2156 1432 2208 οίονεί
1472 2172 1594 2206 τινα
1621 2154 1784 2206 καλὸν

206 2250 401 2301 οἰωνὸν
429 2247 657 2317 ἐχούσης
679 2248 813 2317 πρὸς
831 2248 928 2318 τὴν
953 2248 1061 2299 τῶν
1079 2244 1523 2313 ὑποταττομένων
1551 2242 1782 2297 εὔνοιαν.

208 2339 335 2392 Τῶν
359 2342 497 2393 ὅλων
527 2341 584 2393 δὲ
613 2343 723 2402 τοῖς
754 2340 1088 2401 ἀποστάταις
1120 2337 1392 2400 καταστὰς
1426 2336 1647 2406 Κύριος,
1693 2337 1787 2389 καὶ

211 2429 541 2497 συναγαγὼν
561 2431 876 2500 ἐκκλησίαν,
901 2432 1075 2483 ἀνεῖλε
1116 2429 1214 2499 μὲν
1245 2431 1266 2462 ⁵
1308 2430 1437 2491 τοὺς
1469 2428 1787 2497 ἐζωγρημέ-

210 2539 340 2583 νους
368 2522 477 2573 τῶν
494 2522 921 2585 Ἐνναίων,ὄσοις
950 2522 1049 2573 οὐκ
1071 2517 1137 2589 ἦν
1161 2520 1372 2589 ὴτέχνη
1391 2518 1529 2571 ὅπλα
1555 2517 1786 2589 ἐργάζε-

213 2612 369 2673 σθαι,
390 2612 629 2673 ἐκείνους
656 2612 710 2663 δὲ
730 2614 749 2641 ⁸
771 2610 1082 2679 δεδεμένους
1110 2612 1222 2672 τοῖς
1246 2610 1427 2679 ἔργοις
1460 2608 1725 2660 ὑπέϐαλεν
1745 2609 1785 2660 ⁷.

216 2701 433 2753 Ἔδωκε
464 2700 519 2752 δὲ
551 2702 642 2752 καὶ
665 2702 781 2761 ταῖς
812 2698 1164 2768 θεραπαίναις
1190 2697 1290 2766 τὴν
1314 2696 1627 2763 Μεγαλλίδα
1652 2696 1789 2764 χρή-

216 2792 418 2843 σασθαι
444 2790 518 2851 ὡς
550 2790 615 2841 ἂν
649 2789 917 2856 βούλοιντο
946 2805 959 2819 ο
1017 2789 1112 2840 καὶ
1158 2780 1316 2841 αὗται
1347 2788 1789 2856 κατεκρήμνισαν

214 2882 589 2948 αἰκισάμεναι.
622 2882 728 2933 Καὶ
757 2881 918 2942 αὐτὸς
946 2881 1002 2933 δὲ
1027 2882 1152 2942 τοὺς
1178 2880 1343 2940 ίδίους
1371 2880 1546 2933 ἀνεῖλε
1568 2880 1790 2949 κυρίους

229 2972 513 3038 Ἀντιγένη
537 2973 628 3022 καὶ
656 2971 901 3023 Πύθωνα.
960 2971 1323 3040 Περιθέμενος
1346 2971 1403 3023 δὲ
1426 2972 1665 3039 διάδημα
1695 2972 1790 3023 καὶ

216 3064 400 3115 πάντα
422 3064 491 3113 τά
511 3063 643 3115 ἀλλα
657 3062 723 3114 τά
747 3062 875 3131 περὶ
900 3063 1059 3114 αὑτὸν
1080 3061 1369 3130 βασιλικῶς
1391 3063 1784 3132 διακοσμήσας,

213 3156 318 3223 τήν
352 3171 410 3205 τε
447 3152 776 3219 συμὸιοῦσαν
806 3153 972 3221 αὐτῷ,
1019 3152 1197 3217 Σύραν
1229 3153 1321 3203 καὶ
1348 3152 1667 3221 συμπολίτιν
1694 3151 1784 3203 οὒ-
1817 3182 1862 3241 c

218 3262 341 3305 σαν,
378 3243 692 3312 βασίλισσαν
724 3243 1030 3307 ἀποδείξας,
1100 3243 1386 3312 συνέδρους
1424 3259 1481 3294 τε
1522 3244 1652 3305 τοὺς
1676 3259 1792 3294 συν-

216 3334 332 3386 έσει
350 3334 637 3395 δοκοῦντας
649 3334 924 3403 διαφέρειν
940 3334 1329 3403 ποιησάμενος,
1349 3328 1423 3386 ὧν
1447 3329 1515 3403 ἦν
1538 3334 1789 3402 Ἀχαιδς⁸

218 3428 317 3478 καὶ
354 3426 591 3494 τοΰνομα
620 3429 711 3479 καὶ
742 3428 803 3478 τὸ
831 3427 1006 3493 γένος,
1032 3427 1172 3494 ἀνὴρ
1207 3426 1300 3477 καὶ⁵
1332 3424 1493 3494 βουλῇ
1530 3426 1625 3477 καὶ
1650 3426 1794 3494 χειρὶ

216 3517 513 3585 διαφέρων,
564 3517 657 3568 καὶ
709 3519 766 3569 ἐν
811 3519 985 3586 τρισὶν
1035 3516 1267 3584 ἡμέραις
1304 3515 1519 3577 πλείους
1554 3516 1664 3568 τῶν
1705 3514 1794 3577 ἐξ·

216 3608 540 3675 ακισχιλίων
566 3609 657 3659 τὸν
684 3609 906 3659 δυνατὸν
942 3606 1279 3667 καθοπλίσας
1301 3607 1519 3675 τρόπον,
1552 3605 1645 3656 καὶ
1680 3606 1797 3657 ἑτέ-

222 3713 352 3765 ρους
379 3697 816 3765 συνεπαγόμενος
845 3696 1054 3759 ἀξίναις
1074 3695 1167 3747 καὶ
1201 3693 1455 3746 πελέκεσι
1483 3693 1797 3761 χρωμένους

217 3789 252 3856 ἢ
294 3787 605 3853 σφενδόναις
628 3790 659 3853 ἧ
678 3788 964 3856 δρεπάνοις
990 3786 1023 3854 ἢ
1059 3786 1235 3849 ξύλοις
1270 3784 1795 3853 πεπυρακτωμένοις

217 3880 253 3947 ἢ
296 3879 389 3929 καὶ
418 3879 692 3948 μαγείρων
718 3878 942 3941 ὀδελοίς,
974 3878 1131 3948 ὲπῄει
1182 3878 1361 3928 πᾶσαν
1404 3874 1681 3943 λεηλατῶν
1702 3876 1802 3943 τὴν

220 3968 432 4038 χώραν,
480 3970 572 4021 κα.)⁸
638 3968 841 4037 πλῆθος
883 3969 1108 4037 ἄπειρον
1168 3967 1396 4020 οἰκετῶν
1444 3965 1798 4036 προσλαμϐά-

223 4076 332 4111 νων
364 4060 634 4130 ἐθάρρησε
667 4062 764 4112 καὶ
795 4063 1117 4130 στρατηγοῖς
1145 4057 1438 4126 Ῥωμαίων
1468 4055 1797 4124 πολεμῆσαι,

223 4152 324 4203 καὶ
388 4151 729 4219 συμπλακεὶς
777 4151 854 4220 τῷ
916 4149 1111 4218 πλήθει
1177 4148 1436 4210 πολλάκις
1475 4149 1797 4217 ἐκράτησεν,

224 4242 369 4311 ἔχων
402 4242 502 4312 ἠδη
536 4242 868 4311 στρατιώτας
895 4241 1033 4311 ὑπὲρ
1061 4240 1185 4301 τοὺς
1220 4239 1466 4309 μυρίους.

222 4338 533 4399 securibus,
574 4345 667 4389 ant
721 4335 925 4401 fundis,
1014 4344 1108 4388 aut
1168 4333 1417 4397 falcibus,
1474 4346 1567 4387 aut
1617 4334 1841 4389 sudibus

1886 1884 2024 1937 alter
2079 1899 2263 1938 ensem
2318 1899 2414 1952 per
2470 1881 2635 1935 latera
2678 1879 2795 1948 ejus
2848 1879 3033 1947 adigit,
3084 1878 3223 1933 alter
3280 1876 3457 1931 securi

1885 1974 2153 2029 cervicem
2191 1975 2307 2043 ejus
2346 1972 2633 2026 abscindit.
2666 1969 2767 2024 Hic
2786 1985 2919 2024 vero
2952 1970 3133 2022 Eunus
3165 1984 3257 2023 rex
3301 1984 3455 2021 crea-

1889 2079 1975 2123 tur
2008 2086 2021 2121 :
2056 2084 2160 2121 non
2190 2066 2331 2134 quod
2360 2067 2443 2119 vir
2481 2066 2634 2118 fortis
2674 2075 2819 2118 esset
2851 2063 2940 2116 ille
2969 2064 3206 2130 quidem,
3248 2063 3331 2115 vel
3367 2062 3459 2115 bo-

1888 2176 1987 2214 nus
2012 2161 2321 2228 imperator,
2356 2158 2447 2213 sed
2474 2158 2544 2211 ob
2573 2171 2724 2210 suam
2751 2154 3221 2224 praestigiatoriam
3258 2161 3455 2217 artem,

1886 2253 2151 2321 quodque
2192 2249 2513 2304 defectioms
2576 2260 2764 2300 auctor
2824 2248 3033 2300 fuisset.
3091 2245 3232 2312 Quin
3291 2246 3457 2299 etiam

1888 2344 2121 2397 nominis
2159 2343 2275 2410 ejus
2310 2342 2410 2395 fuit
2452 2342 2660 2402 habita,
2699 2340 2875 2408 aliqua
2912 2338 3072 2403 ratio,
3103 2348 3287 2406 utpote
3312 2338 3459 2406 quod

1886 2436 2035 2488 velut
2084 2433 2369 2502 augurium
2418 2443 2564 2486 esset
2603 2432 2800 2485 futurae
2844 2431 2983 2484 illius
3028 2442 3156 2499 erga
3212 2430 3458 2482 subditos

1889 2526 2295 2580 benevolentim.
2341 2526 2523 2593 Itaque
2567 2522 2875 2577 defectores
2920 2537 3042 2575 cum
3098 2536 3278 2575 rermn
3314 2536 3462 2574 ειιιιι-

1889 2629 2029 2665 mam
2066 2614 2134 2667 ad
2176 2629 2298 2667 eum
2356 2612 2699 2675 detulissent,
2751 2610 3013 2662 advocata
3057 2608 3340 2671 concione,
3394 2622 3460 2659 cx

1903 2705 2238 2768 Ennensibns
2277 2706 2365 2770 qui
2412 2704 2517 2755 vivi
2554 2703 2695 2768 capti
2746 2710 2922 2765 erant,
2953 2715 3141 2754 omnes
3167 2713 3260 2753 eos
3293 2700 3463 2751 inter-

1892 2792 2038 2857 fecit,
2066 2793 2158 2859 qui
2180 2791 2548 2845 fabricationis
2579 2806 2850 2843 armorum
2874 2788 3106 2858 impcriti
3138 2800 3294 2842 erant
3323 2804 3337 2841 :
3371 2802 3466 2856 pe-

1893 2884 2024 2935 ritos
2055 2895 2235 2935 autem
2284 2884 2490 2935 vinctos
2535 2883 2685 2949 operi
2729 2880 2973 2934 faciendo
3009 2880 3237 2933 addixit.
3273 2878 3468 2949 Megal-

1891 2973 2048 3026 lidem
2104 2984 2361 3042 praeterea
2398 2974 2448 3025 in
2498 2987 2775 3025 servarum
2830 2982 3158 3040 potestatem
3220 2971 3464 3034 tradidit,

1892 3076 1948 3116 ut
1980 3079 2078 3130 pro
2119 3078 2219 3116 suo
2263 3063 2489 3115 arbitrio
2526 3063 2578 3114 in
2623 3076 2742 3114 eam
2785 3062 3301 3115 animadverterent.
3358 3060 3467 3113 Illa:

1892 3166 2071 3208 autem
2102 3170 2221 3208 eam
2272 3155 2503 3222 primum
2552 3152 2881 3207 cruciatibus
2920 3152 3241 3217 aﬂ'eccrunt,
3274 3153 3470 3205 deinde

1897 3247 2225 3313 praecipitem
2273 3248 2555 3299 dederunt.
2590 3244 2706 3314 Ipse
2736 3259 2953 3313 quoque
2987 3246 3238 3313 proprios
3268 3245 3471 3298 occidit

1898 3336 2166 3398 dominos,
2222 3339 2542 3405 Antigenem
2589 3345 2643 3388 et
2681 3334 3001 3402 Pythonem.
3041 3336 3279 3389 Tandem
3340 3349 3471 3387 vero

1901 3428 2150 3494 imposito
2190 3430 2351 3494 capiti
2400 3429 2723 3492 diademate,
2762 3427 3029 3495 rebusque
3073 3426 3187 3481 suis
3217 3426 3471 3480 omnibus

1901 3520 2065 3585 regali
2121 3518 2404 3585 splendore
2451 3519 2750 3581 adornatis,
2799 3532 2897 3572 sua
2940 3519 3065 3571 item
3115 3518 3473 3585 uxore(qu:e

1898 3620 1954 3661 et
1999 3610 2108 3676 ipsa
2154 3608 2287 3680 Syra
2335 3620 2458 3662 crat
2495 3610 2720 3677 ejusque
2750 3608 2916 3677 civis)
2952 3606 3222 3661 declarata
3262 3606 3468 3675 regina,

1896 3716 1961 3753 ex
1994 3716 2179 3753 eorum
2211 3716 2437 3755 numero
2466 3702 2555 3770 qui
2590 3701 2872 3769 prudentia
2899 3699 3109 3752 caeteris
3142 3696 3470 3752 antecellere

1898 3791 2241 3855 videbantur,
2294 3790 2498 3857 aliquot
2550 3790 2653 3843 sibi
2724 3788 3063 3843 consiliarios
3110 3788 3331 3855 delegit.
3393 3785 3472 3839 Ex

1899 3880 2094 3949 quibus
2139 3889 2258 3934 erat
2303 3882 2552 3944 Acha-us,
2605 3896 2710 3932 non
2768 3888 2977 3932 tantmn
3015 3880 3257 3944 nomine,
3291 3880 3383 3933 sed
3417 3890 3473 3931 et

1901 3972 2119 4024 natione
2168 3973 2417 4033 Aebrens,
2463 3972 2544 4023 vir
2583 3981 2636 4024 et
2666 3969 2896 4024 consilio
2926 3979 3192 4037 praestans
3221 3979 3279 4023 et
3310 3986 3471 4023 manu

1901 4061 2093 4113 mirum
2152 4061 2206 4115 in
2258 4063 2471 4115 modum
2518 4072 2820 4129 promptus.
2890 4059 2987 4114 Hic
3041 4062 3204 4115 trium
3263 4062 3472 4115 dierum

1898 4155 2074 4220 spatio
2098 4168 2219 4205 cum
2250 4167 2343 4205 sex
2394 4152 2673 4205 hominum
2722 4162 2989 4207 armasset
3024 4152 3214 4218 millia,
3248 4162 3305 4204 ιιι
3334 4162 3475 4206 ternm

1906 4257 2006 4309 pus
2046 4243 2229 4322 dabat,
2264 4258 2385 4297 cum
2427 4244 2513 4298 his
2543 4259 2671 4299 vero
2705 4253 2760 4299 et
2798 4244 2934 4299 alios
2962 4246 3191 4300 haberet
3218 4247 3382 4302 asciis
3410 4258 3467 4301 et

1910 4340 2180 4405 praeustis,
2234 4350 2327 4393 aut
2373 4354 2666 4408 coquorum
2712 4341 2945 4395 verubus
2995 4344 3310 4406 instructos,
3362 4350 3472 4396 tota

224 4432 450 4499 regione
483 4432 692 4497 prmdas
725 4445 891 4501 agens
958 4429 1299 4499 peragrabat.
1346 4427 1517 4482 Simul
1581 4443 1709 4483 vero
1768 4430 2160 4487 multitudinem
2208 4434 2471 4488 infinitam
2522 4449 2801 4489 servorum
2843 4434 3120 4488 asciscens
3204 4434 3475 4490 Romanos

221 4529 387 4582 etiam
432 4528 786 4594 imperatores
826 4526 964 4579 bello
1001 4538 1166 4580 ausus
1200 4533 1286 4577 est
1339 4522 1629 4585 lacessere,
1703 4526 2075 4595 consertisqne
2125 4529 2372 4583 manibus

2446 4545 2567 4584 cum
2652 4530 2754 4593 eis,
2836 4528 3066 4582 militum
3113 4543 3340 4583 numero
3382 4546 3476 4599 po-

224 4620 446 4679 tentior,
484 4618 705 4669 victoria
758 4633 899 4684 saepe
932 4618 1133 4681 potitus
1163 4624 1267 4679 est,
1298 4624 1485 4682 utpote
1514 4616 1796 4683 plusquam
1838 4620 2024 4672 decem
2055 4621 2330 4674 hominum
2363 4622 2527 4675 millia
2562 4624 2785 4676 ducens.

309 4706 399 4757 Ἐν
423 4706 596 4774 τούτῳ
618 4706 673 4757 δὲ
708 4707 895 4759 Κλέων
917 4725 999 4768 τις
1024 4708 1180 4770 Κίλιξ
1209 4707 1383 4761 ἀλλων
1421 4707 1623 4760 δούλων
1658 4710 1797 4761 ἀπο-
1830 4715 1873 4767 D
1973 4760 1974 4763 η

1830 4715 1873 4767 D
1973 4714 2106 4767 Dum
2158 4716 2268 4769 ha:c
2311 4727 2562 4785 aguntur,
2612 4716 2753 4770 Cilix
2800 4717 3017 4784 quidam
3050 4717 3137 4770 cui
3177 4716 3343 4771 Cleon
3375 4733 3472 4769 no-

222 4797 467 4858 στάσεως
510 4794 811 4866 ἧρξε.εΚαὶ
860 4799 1076 4850 πάντων
1123 4802 1243 4861 ταῖς
1303 4799 1485 4850 ὲλπίσι
1530 4816 1795 4870 μετεωρι-

223 4889 482 4953 σθέντων,
512 4888 585 4950 ὡς
640 4890 1057 4958 άντιπολεμήσει
1107 4892 1177 4941 τὰ
1227 4890 1601 4941 στασιάσαντα
1656 4892 1794 4959 πρὸς

219 4983 485 5052 ἀλλήλους
524 4986 615 5036 καὶ
646 4986 802 5037 αὐτοὶ
860 4986 1087 5047 ἑαυτοὺς
1121 4986 1167 5035 οί
1209 4984 1512 5036 ἀποστάται
1546 4983 1791 5053 διαφθεί-

221 5092 410 5145 ροντες
451 5075 874 5145 ὲλευθερὼσουσι
897 5076 993 5145 τὴν
1047 5074 1296 5126 Σικελίαν
1347 5078 1444 5143 τῆς
1479 5076 1718 5135 στάσεως
1750 5076 1793 5141 ³,

220 5170 372 5235 παρά
405 5167 561 5230 δόξαν
594 5167 843 5236 ἀλλήλοις
869 5167 1191 5235 συνέϐησαν,
1223 5166 1316 5218 τοῦ
1373 5166 1622 5227 Κλέωνος
1656 5168 1787 5218 ὐπο-

216 5258 477 5323 ταγέντος
506 5258 645 5326 ψιλῷ
678 5257 768 5309 τοῦ
810 5257 977 5309 Εὕνου
1031 5258 1413 5327 προστάγματι
1438 5258 1531 5309 καὶ
1566 5258 1663 5326 τὴν
1696 5258 1787 5310 τοῦ

219 5347 529 5418 στρατηγοῦ
560 5343 667 5417 (οἷα
699 5349 762 5417 δὴ
788 5350 829 5380 ¹⁶
854 5348 1079 5417 βασιλεῖ)
1113 5348 1299 5418 χρείαν
1321 5348 1786 5417 ἀποπληροῦντος,

217 5437 438 5506 ἔχοντος
473 5439 674 5492 οἰκεῖον
701 5439 906 5509 πλῆθος
927 5438 1274 5508 στρατιωτῶν
1298 5438 1750 5508 πεντακισχιλίων
1772 5456 1787 5470 ⁸

1900 4824 2019 4859 lllt'll
2077 4819 2217 4873 erat,
2276 4820 2465 4862 auctor
2531 4808 2853 4863 defectionis
2904 4809 3133 4863 aliorum
3184 4824 3470 4865 servorum

1899 4901 2017 4965 fuit,
2068 4911 2127 4955 et
2178 4915 2300 4953 cum
2348 4901 2414 4952 ad
2446 4916 2563 4954 eam
2600 4916 2751 4969 spem
2795 4904 2963 4955 erecti
3013 4903 3256 4957 omnium
3304 4905 3469 4957 animi

1897 5002 2098 5057 essent,
2156 4991 2271 5044 fore
2324 5002 2380 5044 ut
2435 5004 2549 5044 orta
2607 4994 2871 5047 seditione
2928 4994 2980 5047 hi
3030 4993 3291 5047 adversus
3352 4995 3472 5049 illos

1899 5096 2043 5135 arma
2071 5092 2344 5147 caperent,
2375 5092 2535 5151 atque
2563 5084 2774 5161 ita.sibi
2801 5092 3043 5137 mutuum
3076 5086 3302 5137 exitium
3335 5085 3469 5137 affe-

1900 5184 2103 5237 rentes,
2136 5173 2371 5227 Siciliam
2402 5176 2635 5228 tumultu
2664 5176 2974 5239 liberarent,
3008 5186 3203 5243 prwter
3228 5177 3468 5228 omnium

1900 5262 2355 5329 exspectationem
2386 5262 2676 5315 coitionem
2707 5263 2847 5315 inter
2886 5278 2945 5316 se
2970 5262 3246 5326 fecerunt;
3275 5263 3473 5331 quippe

1900 5365 2020 5401 cum
2052 5350 2214 5401 (lleon
2250 5351 2392 5402 nudo
2426 5348 2561 5402 Enni
2606 5351 2858 5413 tumidato
2905 5366 2962 5403 se
2998 5351 3365 5413 submitteret,
3414 5363 3472 5404 nt

1897 5441 1998 5494 sub
2022 5440 2132 5505 illo,
2166 5449 2225 5493 ut
2256 5455 2399 5509 rege,
2430 5441 2768 5509 imperatoris
2802 5444 2983 5495 munia
3016 5441 3217 5511 386a
3259 5442 3467 5507 obiret,

1525 5591 1755 5646 VARUE
1805 5591 2206 5646 LECTthES.

325 5706 343 5735 ¹
373 5705 475 5758 οὐκ
506 5704 563 5760 Β.
634 5708 654 5737 ⁸
689 5705 1120 5775 συνεληλυθότων
1144 5704 1204 5756 Β.
1278 5703 1300 5735 ³
1321 5704 1506 5775 αὑτὸν]
1531 5704 1692 5775 αὑτὸν
1722 5704 1874 5755 αὐτοὶ
1898 5702 1956 5757 Β.
2029 5704 2052 5734 δ
2080 5702 2199 5773 τῆς]
2241 5704 2301 5756 rb
2332 5704 2433 5772 τῆς
2459 5705 2522 5758 Α.
2599 5706 2621 5737 ⁸

216 5773 239 5806 ⁴
269 5774 394 5831 libri
426 5775 723 5831 ὑπέϐαλλεν
813 5778 835 5808 ⁸
866 5773 1099 5846 Ἀχαιδς]
1133 5776 1356 5843 ἀρχαῖος
1379 5774 1438 5826 Β.
1516 5776 1537 5805 ⁹
1564 5774 1801 5839 στάσεως
1830 5776 1907 5827 A:
1944 5775 2291 5836 ἀποστάσεως
2323 5791 2381 5836 ς’.
2460 5776 2503 5808 ⁸⁸
2546 5775 2611 5844 δὴ

2698 5705 2755 5757 ὲν
2781 5705 2902 5757 add.
2934 5704 3000 5760 Α.

2714 5774 2844 5829 εδεῖ
2884 5791 2946 5837 ς.

3100 5707 3124 5740 ⁸
3153 5705 3209 5760 δὲ
3249 5706 3370 5761 add.
3402 5704 3468 5763 Β.
