4216 6430
790 380 918 449 14⁸11

1956 381 2211 443 ΡΗΟΤΙΙ
2238 376 2739 441 ΡΑΤΒΙΑΒΩΗΑΞ
2776 378 2881 437 CP.

3875 371 4008 433 1419

789 495 1015 549 militum
1070 493 1380 560 propiorum
1434 491 1676 561 quinque
1725 492 1891 546 millia
1948 493 2172 547 habens.
2234 487 2454 546 HocAi

2343 487 2424 546 :A
2447 487 2653 555 ήμέραι
2704 485 2751 536 δ’
2792 486 2958 551 ἐγγὺς
3014 479 3155 552 ἦσαν
3198 483 3305 535 ἀπὸ
3341 484 3438 549 τῆς
3472 482 3829 541 ἀποστάσεως
3855 481 4008 546 τριά-

789 591 967 635 autem
1000 580 1102 632 fuit
1146 579 1365 649 triginta
1416 579 1526 633 fere
1578 599 1607 633 ιι
1643 578 1947 634 defectione
1987 581 2195 634 diebus.
2229 578 2346 633 Non

790 670 957 724 multo
984 680 1099 736 post
1128 669 1417 722 commissa
1453 684 1623 736 pugna
1647 683 1768 721 cum
1803 668 2124 737 imperatore
2155 668 2217 721 L.
2240 666 2351 736 Hy-

792 777 973 829 posazu
1008 759 1197 811 .lioma
1252 759 1501 811 veniente
1540 774 1659 811 cum
1691 769 1812 812 octo
1858 759 2090 813 millibus
2140 759 2350 811 Siculo-

795 868 911 904 rum
949 851 1200 912 militum,
1252 850 1475 902 victoria
1524 850 1672 915 potiti
1726 858 1873 912 sunt,
1910 860 2092 917 utpote
2136 850 2226 917 qui
2275 850 2353 902 vi-

795 941 925 1007 gittli
962 942 1122 992 millia
1181 951 1382 993 essent.
1426 941 1728 1007 Aliquando
1770 952 1896 1008 post
1950 952 2124 995 autem
2162 956 2350 995 eorum

798 1044 1056 1082 numerus
1099 1044 1266 1097 usque
1310 1032 1375 1083 ad
1419 1042 1632 1083 rentum
1667 1032 1832 1084 millia
1874 1032 2064 1086 crevit.
2113 1032 2354 1099 Cumque

798 1116 1055 1167 advursus
1094 1114 1365 1168 Rullianus
1418 1117 1601 1183 praelia
1648 1118 1876 1171 subinde
1911 1129 2181 1186 gererent.
2213 1133 2355 1187 saepe

796 1220 863 1257 ex
920 1205 983 1257 iis
1019 1205 1241 1272 gloriam
1287 1211 1652 1274 reportabant,
1704 1223 1828 1261 raro
1863 1219 2041 1262 autem
2075 1209 2227 1262 clade
2262 1224 2354 1261 ac-

798 1305 950 1360 cepta
990 1295 1255 1347 redibant.
1286 1296 1452 1363 Cujus
1490 1298 1566 1348 rei
1607 1313 1728 1350 cum
1760 1298 2054 1364 dissipatus
2084 1308 2234 1351 esset
2266 1313 2356 1348 ru-

800 1401 937 1445 mor,
979 1385 1087 1450 jam
1140 1387 1279 1437 servi
1328 1397 1543 1439 centum
1592 1389 1980 1455 quinquaginta
2031 1388 2209 1439 Roma:
2236 1403 2360 1439 con-

800 1459 1095 1540 Spiratione
1142 1476 1281 1527 inter
1322 1492 1381 1529 se
1431 1476 1571 1529 facta
1622 1479 1686 1530 ad
1755 1478 2109 1531 defectionem
2156 1478 2357 1531 incensi

800 1575 975 1627 erant,
1032 1567 1081 1617 iu
1138 1567 1315 1619 Attica
1364 1579 1541 1621 autem
1592 1570 1875 1636 plusquam
1938 1570 2115 1626 mille:
2174 1570 2358 1621 itidem

803 1671 930 1708 vero
958 1657 1090 1719 Deli,
1124 1660 1409 1726 multisque
1459 1659 1578 1711 aliis
1609 1661 1659 1711 in
1698 1660 1851 1712 locis.
1896 1661 2003 1712 Sed
2040 1673 2361 1725 unaquoque

804 1748 855 1798 in
883 1748 997 1799 loco
1027 1749 1059 1799 ii
1091 1764 1319 1813 quorum
1351 1766 1493 1802 cura:
1539 1753 1748 1819 negotia
1790 1752 1996 1819 publica
2042 1754 2356 1804 demandata

801 1845 978 1897 erant,
1008 1836 1185 1886 subito
1213 1838 1369 1888 rebus
1398 1837 1449 1888 in
1490 1839 1775 1891 discrimen
1807 1840 2053 1894 adductis
2086 1840 2360 1907 Opitnlati,

803 1938 925 1975 cum
960 1927 1139 1991 gravia
1182 1927 1248 1979 de
1295 1927 1398 1980 illis
1424 1929 1683 1995 supplicia
1720 1933 2103 1999 sumpsissent,
2134 1941 2361 1983 caeteros

803 2016 998 2081 quibus
1030 2015 1139 2081 jam
1189 2027 1242 2069 et
1276 2020 1402 2085 ipsis
1431 2035 1552 2087 spes
1599 2036 1825 2074 accensa
1870 2023 2186 2076 defectionis
2225 2032 2363 2086 erat,

807 2118 949 2158 metu
985 2119 1380 2175 represserunt,
1429 2123 1481 2161 et
1526 2112 1589 2163 ad
1635 2114 1901 2165 saniorem
1939 2123 2171 2166 mentem
2212 2130 2366 2167 revo-

803 2206 1017 2249 carunt.
1068 2199 1136 2249 At
1166 2214 1291 2251 vero
1321 2200 1370 2251 in
1422 2200 1603 2252 Sicilia
1634 2206 1829 2254 malum
1870 2205 1919 2255 in
1962 2207 2074 2257 dies
2124 2206 2367 2275 ingrave-

804 2287 1009 2349 scebat,
1040 2302 1159 2339 cum
1192 2300 1247 2341 et
1290 2289 1451 2342 urbes
1502 2307 1602 2342 una
1636 2307 1756 2345 cum
1792 2294 1922 2359 ipsis
1960 2294 2170 2347 civibus
2211 2310 2369 2362 cape-

809 2387 1016 2440 rentur,
1064 2389 1117 2430 et
1158 2380 1305 2431 multi
1343 2382 1614 2434 exercitus
1669 2399 1696 2433 a
1747 2384 2110 2438 defectoribus
2156 2387 2371 2439 desere-

808 2476 1015 2521 rentur.
1071 2467 1172 2521 Sed
1216 2472 1427 2522 tandem
1481 2471 1709 2524 llutilius
1768 2492 2024 2527 romanus
2075 2477 2371 2545 imperator

807 2555 1221 2609 Tauromenium
1270 2561 1399 2625 ipsis
1448 2564 1802 2626 recuperavit,
1866 2574 2145 2632 postquam
2206 2570 2369 2621 velte-

808 2645 1139 2697 mentissime
1173 2647 1299 2699 illud
1327 2659 1692 2715 Oppnguasset
1724 2690 1740 2714 ,
1769 2662 1823 2702 et
1856 2652 2153 2707 defectores
2186 2658 2275 2722 qui
2316 2657 2368 2708 iu

806 2747 869 2785 eo
894 2745 1048 2787 erant
1074 2737 1139 2786 ad
1169 2750 1408 2789 Summas
1438 2741 1712 2804 augustius
1760 2742 2079 2809 redegisset,
2117 2752 2276 2809 atque
2302 2746 2367 2795 ad

811 2834 917 2875 tam
978 2840 1157 2877 acrem
1214 2828 1409 2880 famem
1462 2832 1832 2896 compulisset,
1868 2844 1925 2884 ut
1953 2849 2070 2883 cum
2104 2836 2275 2901 primo
2308 2835 2371 2885 lio

808 2916 1056 2968 berorum
1087 2932 1305 2969 suorum
1342 2922 1661 2985 corporibus
1694 2924 1835 2975 vesci
1874 2926 2185 2989 cmpisseut,
2222 2940 2366 2986 mox,

808 3006 873 3056 ad
911 3021 1140 3058 uxorum
1197 3023 1422 3073 corpora
1456 3024 1515 3062 se
1549 3015 1964 3075 convertissem,
1999 3025 2272 3081 postremo
2306 3030 2371 3066 ne

2450 598 2633 633 κοντα.
2671 578 2835 649 [1169
2861 576 2953 647 8.]
2990 576 3102 630 Καὶ
3121 577 3255 645 μετά
3292 576 3462 645 βραχὺ
3488 577 3552 627 ἐκ
3582 573 3804 640 Ῥώμης
3831 572 4013 639 ἥκοντι

2451 669 2739 739 στρατηγῷ
2794 668 3007 732 Λευκίῳ
3055 667 3282 735 ’Υψαίῳ,
3341 666 3518 733 ἔχοντι
3574 660 3922 731 στρατιώτας
3959 661 4020 709 ὲκ

2452 762 2695 822 Σικελίας
2720 758 3176 827 ὀκτακισχιλίους,
3228 759 3305 817 είς
3357 757 3590 822 πόλεμον
3641 753 4024 810 καταστάντες

2450 855 2499 906 οί
2551 851 2852 905 ἀποστάται
2918 850 3205 916 ἐνίκησαν,
3264 847 3466 915 πλῆθος
3518 846 3667 906 ὄντες
3717 842 4024 909 δισμύριοι.

2454 944 2584 999 Μετ’
2612 944 2671 995 οὐ
2695 943 2828 1015 πολὺ
2861 942 2916 993 δὲ
2949 940 3265 1008 ἀθροίζεται
3313 937 3376 989 τδ
3422 938 3675 1004 σύστημα
3722 933 3911 986 αὐτῶν
3948 935 4025 993 είς

2456 1033 2721 1103 μυριάδας
2769 1029 2962 1092 εἴκοσι,
3011 1029 3107 1079 καὶ
3130 1027 3345 1088 πολλοῖς
3382 1030 3493 1086 τοίς
3530 1026 3669 1094 πρὸς
3712 1023 4027 1091 Ῥωμαίους

2457 1125 2714 1192 πολέμοις
2735 1120 3247 1187 ὲνευδοκιμὴσαντος
3305 1118 3524 1170 ἔλαττον
3566 1118 3721 1169 αὐτοὶ
3780 1114 4028 1165 ἐπταιον.

2500 1208 2531 1267 ὗ
2558 1212 2933 1280 διαϐοηθέντος
2964 1209 3104 1262 κατά
3132 1224 3191 1259 τε
3237 1206 3454 1275 Ῥώμην
3490 1205 3689 1257 δούλων
3719 1204 4032 1261 ἀπόστασις

2458 1303 2652 1354 ἑκατὸν
2704 1302 3040 1367 πεντήκοντα
3105 1298 3515 1364 συνομοσάντων
3561 1296 3840 1362 ἀνήπτετο
3868 1331 3887 1354 ,
3945 1292 4031 1342 καὶ

2459 1393 2597 1445 κατά
2613 1393 2710 1460 τὴν
2750 1392 3031 1456 Ἀττικὴν-
3052 1390 3190 1455 ὑπὲρ
3216 1387 3424 1456 χιλίων,
3481 1387 3536 1438 ἐν
3570 1403 3631 1437 τε
3668 1386 3705 1415 ⁸⁸
3741 1385 3911 1451 Δήλῳ
3946 1384 4033 1433 καὶ

2461 1486 2579 1537 κατ’
2617 1482 2807 1542 ἄλλους
2846 1481 3070 1540 πολλοὺς
3093 1480 3291 1539 τόπους
3312 1496 3324 1507 ·
3358 1478 3453 1538 οὓς
3479 1478 3631 1544 τάχει
3661 1494 3719 1527 τε
3762 1477 3868 1542 τῆς
3907 1474 4030 1541 βοη-

2461 1575 2609 1635 θείας
2634 1574 2727 1625 καὶ
2758 1572 2883 1643 [650
2914 1570 3002 1640 ΙΙ.]
3032 1573 3099 1637 τῇ
3129 1570 3333 1637 σφοδρᾷ
3382 1569 3598 1621 κολάσει
3626 1569 3724 1633 τῆς
3755 1566 4030 1631 τιμωρίας

2461 1669 2508 1719 οί
2550 1666 2669 1719 καθ’
2692 1667 2917 1717 ἕκαστον
2946 1662 3273 1731 ἐπιμεληταὶ
3290 1661 3396 1712 τῶν
3424 1661 3615 1712 κοινῶν
3660 1659 3864 1709 θᾶττον
3894 1659 4031 1724 ﬁed-

2463 1776 2637 1819 νισαν,
2671 1755 3099 1823 σωφρονίσαντες
3126 1752 3221 1805 καὶ
3242 1752 3303 1803 τὸ
3328 1751 3477 1811 ἄλλο,
3510 1745 3733 1816 ὂσον’ἦν
3771 1749 3868 1799 ἐπὶ
3900 1750 4029 1799 ἀπο-

2468 1849 2652 1899 στάσει
2680 1847 2970 1913 μετὲωρον.
2998 1844 3153 1895 Κατὰ
3169 1843 3225 1894 δὲ
3248 1843 3495 1894 Σικελίαν
3524 1841 3717 1910 ηὗξετο
3744 1840 3807 1891 τὸ
3837 1841 4028 1901 κακὸν,

2464 1941 2557 1991 καὶ
2596 1938 2776 1999 πόλεις
2812 1936 3091 2004 ἡλίσκοντο
3122 1933 3428 2000 αὔτανδροι,
3467 1935 3559 1985 καὶ
3596 1931 3769 1984 πολλά
3804 1932 4032 1998 στρατόο

2464 2030 2601 2080 πεδα
2638 2028 2742 2078 ὑπὸ
2765 2027 2872 2078 τῶν
2898 2024 3217 2077 ἀποστατῶν
3267 2024 3668 2086 κατεκόπησαν,
3724 2022 3835 2082 ἕως
3885 2020 4033 2073 Ῥου-

2465 2120 2630 2180 τίλιος
2670 2118 2765 2168 ¹⁸ὀ
2791 2119 2832 2148 ¹⁸
2871 2117 3153 2185 Ῥωμαίων
3205 2116 3504 2183 στρατηγὸς
3555 2114 3616 2165 τὸ
3658 2110 4032 2180 Ταυρομένιον

2466 2207 2776 2263 ἀνεσώσατο
2808 2209 3094 2275 Ῥωμαίοις
3120 2207 3187 2269 ⁸⁵,
3214 2205 3494 2276 καρτερῶς
3526 2208 3621 2273 μὲν
3650 2204 3785 2256 αὐτὸ
3820 2203 4033 2271 πολιορ-

2468 2303 2661 2370 κήσας,
2687 2302 2781 2353 καὶ
2810 2303 2889 2362 εἰς
2917 2301 3121 2368 ἄφατον
3171 2300 3417 2365 ἀνάγκην
3455 2298 3545 2348 καὶ
3571 2296 3726 2363 λιμὸν
3747 2296 3880 2356 τοὺς
3906 2295 4037 2344 ἀπο·

2471 2394 2666 2452 στάτας
2688 2391 3034 2457 συγκλείσας,
3063 2390 3201 2441 ὥστε
3246 2389 3582 2456 ἀρξαμένους
3616 2390 3680 2438 ἐκ
3710 2386 3924 2437 παίδων
3953 2384 4037 2450 βο.

2470 2485 2569 2553 ρᾶς
2632 2484 2728 2535 καὶ
2775 2482 3079 2543 διελθόντας
3130 2482 3219 2532 διά
3246 2478 3520 2544 γυναικῶν
3551 2478 3685 2545 μηδὲ
3726 2479 3829 2543 τῆς
3856 2473 4037 2526 αὐτῶν

2470 2574 2862 2641 ἀλληλοφογίας
2893 2573 3014 2641 μηδ’
3061 2572 3195 2630 ὅλως
3243 2570 3566 2635 φείσασθαιο
3610 2570 3699 2619 ὅτε
3737 2568 3780 2598 ³³
3814 2567 3909 2617 καὶ
3937 2567 4038 2616 Κο-

2474 2664 2639 2733 μανὸν
2672 2664 2712 2693 ¹⁶
2740 2663 2831 2713 τὶν
2864 2662 3090 2728 ἀδελφὸν
3126 2662 3373 2720 Κλέωνος
3405 2658 3669 2725 φεύγοντα
3697 2658 3799 2724 τῆς
3824 2658 4040 2723 πολιορ-

2470 2753 2739 2821 κουμένης
2770 2754 2975 2813 πόλεως
2995 2747 3127 2804 εἷλε.
3167 2753 3273 2802 Καὶ
3309 2752 3713 2809 τὸτελευταῖον,
3749 2747 4040 2815 Σαραπίω-

2470 2861 2557 2905 νος
2580 2845 2752 2911 Σύρου
2811 2844 2908 2911 τὴν
2933 2844 3108 2910 ἄκραν
3142 2841 3450 2910 προδόντος,
3483 2840 3813 2907 συμπάντων
3847 2836 3958 2886 τῶν
3986 2837 4041 2885 ἐν

2470 2937 2534 3001 τῇ
2564 2935 2715 2984 πόλει
2736 2932 3021 2999 δραπετῶν
3047 2934 3075 2982 ὀ
3119 2932 3425 2998 στρατηγδς
3448 2928 3764 2995 ἐκυρίευσεν
3788 2942 3804 2955 ⁸
3835 2924 3931 2985 οὓς
3953 2926 4043 2975 καὶ

2478 3025 2711 3090 αίκισάμ
2726 3040 2840 3083 ενος
2872 3022 3113 3088 κατεκρή
3124 3036 3329 3088 μνισεν.
3349 3018 3583 3070 Ἐκεῖθεν
3608 3018 3700 3067 ἐπὶ
3728 3018 3829 3084 τὴν
3850 3016 4045 3067 Ἔνναν

807 3096 908 3147 sibi
937 3098 1149 3163 quidem
1182 3100 1409 3152 invicem
1465 3112 1766 3166 parcerent,
1799 3106 1893 3157 sed
1928 3104 2017 3155 alii
2046 3106 2178 3157 alios
2210 3120 2368 3157 vora-
2395 3115 2441 3175 ο
2470 3136 2472 3159 ι

2395 3115 2441 3175 C
2470 3112 2637 3164 ἐλθὼν
2666 3110 3055 3180 παραπλησίως
3074 3109 3405 3178 ἐπολιόρκει,
3435 3109 3512 3167 είς
3529 3106 3765 3172 ἐσχάτην
3799 3106 4044 3169 ἀνάγκην

811 3196 948 3238 rent.
1008 3187 1205 3240 Eodem
1263 3200 1502 3255 tempore
1551 3193 1844 3246 Comanum
1884 3196 2097 3248 Cleonis
2150 3197 2370 3250 fratrem

809 3294 872 3330 cx
905 3280 1035 3332 urbe
1068 3282 1190 3331 dum
1245 3282 1608 3347 obsideretur,
1667 3284 1958 3352 fugientem
1996 3289 2155 3354 cepit,
2208 3300 2261 3340 et
2307 3289 2373 3341 ad

809 3376 1109 3422 extremum
1146 3386 1271 3424 arce
1318 3389 1346 3425 a
1393 3374 1693 3441 Sarapione
1733 3376 1873 3445 Syro
1916 3379 2153 3446 prodita,
2211 3390 2371 3446 quot-

811 3472 942 3528 quot
969 3463 1021 3514 iu
1068 3464 1202 3516 urbe
1230 3464 1442 3531 fugitivi
1479 3478 1657 3530 erant,
1703 3470 1755 3520 iu
1788 3479 2108 3536 potestatem
2146 3472 2377 3537 impera-

815 3553 947 3605 toris
1018 3565 1309 3617 veneruut,
1347 3572 1483 3623 quos
1543 3559 1706 3610 etiam
1766 3561 2100 3613 cruciatibus
2152 3560 2377 3613 all‘cctos

812 3646 1187 3712 prmcipitavit.
1238 3646 1365 3699 Inde
1425 3649 1629 3700 Eiinam
1666 3652 1936 3716 profectus
1985 3654 2214 3705 similem
2262 3653 2377 3720 ejus

812 3735 1143 3789 obsidionem
1220 3738 1549 3805 aggreditur,
1617 3740 1923 3793 defectores
1982 3744 2047 3792 ad
2106 3758 2370 3795 summam

814 3827 1247 3893 desperationem
1306 3830 1546 3895 adigens.
1592 3829 1835 3897 Cumque
1860 3830 2113 3885 Cleonem
2149 3833 2379 3899 impera-

818 3926 985 3971 torem
1034 3919 1166 3970 urbe
1214 3935 1513 3989 egressum,
1579 3935 1642 3974 ac
1692 3922 1903 3975 beroica
1965 3922 2192 3989 quadam
2229 3924 2380 3974 torti-

817 4009 998 4062 tudine
1019 4010 1320 4076 przcliatum
1353 4012 1661 4067 vulneribus
1705 4027 1829 4065 mox
1858 4012 2205 4075 confodisset,
2242 4016 2379 4066 banc

816 4114 1027 4167 quoque
1083 4102 1267 4154 urbem
1318 4103 1479 4169 cepit,
1546 4102 1704 4171 idque
1751 4104 2075 4171 proditione.
2134 4106 2204 4156 lta
2238 4104 2379 4155 enim

817 4204 936 4240 eam
977 4190 1111 4241 situs
1140 4189 1256 4256 ipse
1307 4192 1565 4243 munitam
1603 4193 1879 4253 reddebat,
1909 4202 1963 4244 ut
1996 4194 2044 4245 vi
2086 4194 2381 4264 expugnari

820 4279 965 4332 nullo
993 4280 1150 4331 modo
1184 4291 1382 4347 possm.
1418 4281 1599 4333 l-Zunus
1626 4294 1801 4335 autem
1828 4285 2120 4350 assumptis
2157 4299 2382 4337 sexcen-

817 4368 909 4431 tis,
957 4368 1022 4420 ad
1062 4370 1175 4421 loca
1228 4373 1472 4438 quaedam
1527 4387 1815 4441 praerupta,
1870 4386 1926 4427 ut
1961 4386 2075 4428 erat
2132 4378 2376 4441 ignavus,

2475 3202 2773 3268 συγκλείων
2806 3201 2903 3261 τὰς
2932 3200 3038 3250 τῶν
3068 3195 3390 3250 ἀποστατῶν
3421 3194 3661 3252 ἐλπίδας.
3692 3193 3807 3243 Καὶ
3822 3192 4043 3242 Κλέωνα

2472 3295 2560 3345 τὸν
2587 3293 2910 3360 στρατηγὸν,
2966 3289 3248 3354 ἐξελθόντα
3282 3289 3383 3354 τῆς
3412 3287 3615 3346 πόλεως
3646 3283 3745 3334 καὶ
3792 3282 4045 3351 ήρωῐκῶς

2475 3384 2886 3449 ἀγωνισάμενον
2946 3380 3061 3448 μετ’
3103 3379 3297 3443 ὀλίγων
3333 3378 3375 3407 ⁸⁷
3407 3378 3508 3428 om
3556 3378 3661 3427 τῶν
3715 3373 4046 3443 τραυμάτων

2474 3474 2651 3538 δείξας
2679 3472 2889 3541 νεκρὸν,
2929 3466 3041 3521 εἷλε
3076 3471 3172 3521 καὶ
3215 3466 3420 3534 ταύτην
3450 3466 3708 3535 προδοσίᾳ
3736 3465 3838 3531 τὴν
3869 3464 4041 3517 πόλιν,

2476 3566 2597 3616 ἐπεὶ
2633 3565 2740 3617 οὐδ’
2789 3564 2832 3593 ¹⁸
2877 3558 2945 3630 ἦν
2992 3558 3265 3628 ἁλώσιμος
3323 3559 3412 3611 διὰ
3471 3558 3569 3624 τὴν
3616 3557 3927 3623 ὀχυρότητα
3960 3552 4047 3619 βίᾳ⁵

2477 3655 2679 3725 χειρός.
2730 3654 2787 3705 ὐ
2811 3653 2867 3704 δὲ
2904 3654 2945 3683 ¹⁹
2982 3650 3186 3710 Εὔνους
3230 3648 3511 3701 ἀναλαϐὼν
3566 3647 3689 3706 τοὺς
3726 3642 4048 3711 σωματοφύ-

2477 3745 2667 3805 λακας,
2690 3742 2849 3803 ὄντας
2887 3740 3090 3809 χιλίους
3112 3741 3182 3802 ⁸⁸,
3211 3738 3407 3805 ἔφυγεν
3433 3739 3476 3767 ⁸⁸
3496 3736 3769 3803 ἀνάνδρως
3800 3732 3883 3794 εἷς
3904 3748 4046 3791 τινας

2483 3832 2915 3901 παρακρήμνους
2962 3829 3183 3890 τόπους.
3227 3827 3363 3879 Ἀλλ’
3394 3827 3445 3878 al.
3478 3828 3575 3893 μὲν
3608 3826 3703 3875 συν
3735 3822 3889 3890 αὑτῷ
3912 3821 4048 3887 ἄφυ-

2481 3939 2606 3974 κτον
2632 3922 2694 3973 τδ
2712 3922 2841 3989 περὶ
2873 3921 3067 3980 αὐτοὺς
3090 3918 3259 3970 δεινὸν
3288 3916 3636 3983 ἐπιστάμενοι
3664 3912 3787 3981 (ήδη
3814 3914 3929 3980 γὰρ
3957 3913 4048 3963 καὶ

2480 4014 2508 4063 ὁ
2542 4011 2843 4080 στρατηγὸς
2880 4008 3169 4070 Ῥουτίλιος
3229 4009 3315 4059 ἐπ’
3360 4007 3557 4066 αὐτοὺς
3588 4002 3842 4072 ἡλαυνεν)
3886 4002 4047 4069 ἀλλή-

2481 4103 2605 4163 λους
2626 4105 2738 4163 τοῖς
2783 4101 2990 4165 ξίφεσιν
3024 4097 3254 4166 ἔσφαζον
3283 4098 3325 4129 ’³
3349 4096 3812 4163 άπαυχενίσαντας
3838 4093 3887 4124 ⁸³
3907 4109 3920 4121 ⁸
3951 4094 3979 4144 ὀ
3996 4093 4047 4143 δὲ

2481 4192 2733 4261 τερατίας
2768 4190 2967 4252 Εὔνους
2990 4193 3084 4241 καὶ
3111 4189 3387 4256 βασιλεὺς,
3443 4184 3773 4253 καταφυγὼν
3800 4182 3894 4234 διὰ
3940 4183 4047 4233 δει-

2482 4283 2603 4334 λίαν
2660 4282 2715 4331 ἐν
2770 4297 2880 4332 τισι
2936 4280 3204 4338 κοιλάσιν,
3256 4276 3573 4344 ὲξειλκύσθη
3616 4275 3731 4343 ἃμα
3752 4275 4046 4343 τεττάρων,

2489 4372 2753 4441 μαγείρου
2791 4370 2885 4422 καὶ
2910 4368 3201 4438 ἀρτοποιοῦ
3232 4370 3326 4419 καὶ
3352 4365 3446 4419 τοῦ
3491 4365 3770 4434 τρίϐοντος
3801 4363 3967 4416 αὑτὸν
3996 4364 4049 4413 ὲ)

819 4453 939 4522 fuga
994 4470 1051 4508 se
1102 4460 1325 4525 recepit.
1377 4458 1482 4512 Sed
1530 4461 1623 4527 qui
1678 4478 1795 4513 cum
1840 4477 1903 4515 eo
1946 4473 2121 4525 erant,
2154 4464 2373 4515 exiliunt
2409 4454 2484 4507 [τι

2409 4454 2451 4507 D
2481 4465 2559 4534 τῷ
2587 4462 2797 4531 λουτρῷ
2844 4464 2889 4493 ³⁵
2941 4464 3036 4515 καὶ
3085 4462 3345 4526 τετάρτου
3389 4457 3481 4510 τοῦ
3524 4458 3673 4525 παρά
3702 4454 3827 4516 τοὺς
3856 4454 4048 4514 πότους

820 4546 919 4599 sibi
965 4546 1276 4602 inevitabile
1322 4550 1627 4617 impendere
1670 4552 1902 4604 scientes
1934 4552 2060 4622 (jam
2100 4556 2242 4606 enim
2274 4554 2384 4605 liu-

823 4636 968 4688 tilius
1006 4636 1299 4704 imperator
1323 4640 1386 4690 ad
1420 4654 1514 4691 eos
1547 4652 1709 4691 cursu
1742 4642 2147 4708 contendebat),
2182 4652 2239 4693 ut
2272 4658 2385 4692 rna-

820 4743 920 4780 nus
957 4729 1187 4781 hosﬁum
1241 4732 1619 4797 praevenirent,
1655 4732 1753 4783 sibi
1802 4743 1989 4785 mutuo
2017 4734 2257 4786 cervices
2288 4736 2383 4784 ab-

820 4820 1153 4873 scindebant.
1210 4823 1278 4875 At
1303 4822 1503 4883 Eunus,
1548 4822 1905 4891 prmstigiator
1938 4824 2139 4889 pariter
2182 4834 2234 4875 et
2267 4839 2379 4887 rex,

820 4926 940 4963 cum
972 4926 1082 4978 prze
1114 4912 1400 4965 timiditate
1436 4914 1486 4964 in
1513 4915 1770 4979 quasdam
1798 4914 2079 4980 speluncas
2109 4916 2385 4982 confugis-

820 5008 923 5062 set,
965 5015 1067 5050 una
1113 5014 1233 5051 cum
1270 5011 1501 5068 quatuor
1540 5016 1604 5053 ex
1658 5004 1768 5054 suis
1803 5002 1923 5054 inde
1971 5013 2243 5056 extractus
2280 5014 2382 5065 esr,

822 5102 1020 5154 coquo,
1055 5089 1279 5156 pistore,
1336 5089 1531 5158 3865
1565 5098 1619 5142 et
1651 5106 1714 5141 eo
1744 5091 1897 5159 cuius
1928 5108 2081 5143 manu
2112 5093 2160 5143 in
2196 5092 2384 5144 balneo

823 5178 1139 5242 fricabatur,
1176 5192 1368 5248 quarto
1403 5191 1579 5233 autem
1618 5196 1700 5241 eo,
1727 5183 1815 5249 qui
1847 5184 1987 5235 inter
2022 5184 2209 5249 epulas
2232 5183 2380 5236 oblev

824 5281 1093 5321 ctarnenta
1129 5270 1176 5321 ei
1216 5270 1492 5325 afferebat.
1534 5270 1581 5323 Is
1612 5281 1884 5325 extractus
1912 5272 2058 5330 inde.
2080 5281 2134 5323 et
2168 5273 2220 5323 in
2251 5287 2374 5324 car-

2483 4554 2733 4615 είωθότος
2778 4553 3128 4620 ψυχαγωγεῖν
3184 4549 3366 4600 αὐτόν.
3420 4548 3529 4599 Καὶ
3585 4544 3918 4612 παραδοθεὶς
3974 4546 4048 4601 εἰς

2484 4644 2749 4711 φυλακὴν,
2792 4643 2885 4694 καὶ⁵
2936 4641 3028 4693 τοῦ
3096 4640 3345 4706 σώματος
3398 4636 3562 4689 αὑτοῦ
3601 4633 3943 4690 διαλυθέντος
3976 4635 4047 4690 εἰς

2483 4734 2719 4802 φθειρῶν
2755 4732 2975 4800 πλῆθος,
3003 4730 3217 4791 οἰκείως
3233 4729 3331 4796 τῆς
3355 4730 3481 4796 περὶ
3509 4726 3668 4778 αὐτὸν
3700 4723 4047 4794 ῥᾳδιουργίας

2486 4825 2815 4891 κατέστρεψε
2871 4825 2960 4875 τὸν
3011 4823 3123 4891 βίον
3162 4822 3220 4872 ὲν
3251 4824 3315 4888 τῇ
3352 4818 3717 4887 Μοργαντίνῃ.
3773 4814 4048 4866 Ἐντεῦθεν

2499 4915 2788 4975 Ῥουτίλιος
2818 4915 3121 4982 ἐπιτρέχων
3141 4912 3268 4978 ὃλην
3291 4909 3387 4978 τὴν
3419 4908 3663 4960 Σικελίαν
3690 4907 3808 4975 ἅμα
3832 4905 4049 4968 λογάσιν

2484 5006 2702 5071 ὀλίγοις,
2740 5004 2932 5055 θᾶττον
2954 5003 3096 5073 ἥπερ
3124 5018 3209 5062 τις
3245 5000 3440 5051 ΰλπισε
3473 5000 3675 5058 παντὸς
3698 4997 3873 5061 αὐτὴν
3896 4996 4046 5062 ἠλευ-

2488 5097 2693 5165 θέρωσε
2760 5093 3077 5163 λῃστηρίου,
3121 5092 3245 5143 Ὀτι
3307 5093 3336 5141 ό
3381 5090 3489 5141 τῶν
3546 5085 3873 5140 ἀποστατῶν
3901 5084 4049 5151 βασι-

2487 5186 2609 5246 λεὺς
2634 5184 2833 5245 Εὔνους
2885 5182 3075 5234 ἑαυτὸν
3110 5180 3208 5249 μὲν
3264 5179 3549 5247 Ἀντίοχον,
3578 5177 3782 5244 Σύρους
3832 5173 3890 5225 δὲ
3950 5172 4049 5223 τῶν

2482 5273 2799 5327 ἀποστατῶν
2823 5273 2883 5325 τὸ
2912 5272 3114 5339 πλῆθος
3134 5271 3502 5339 ἐπωνόμασεν.

822 5376 998 5414 cerem
1074 5361 1360 5428 coniectus,
1415 5360 1466 5410 iu
1514 5374 1756 5428 magnam
1811 5361 2175 5429 pediculormn
2252 5363 2355 5416 vim
2420 5363 2648 5416 resoluto
2692 5375 2963 5428 corpore,
3007 5357 3592 5428 apud,Morgantinam
3647 5354 3869 5422 dignum
3945 5350 4047 5406 suis

2095 5480 2326 5533 VARI/{'1
2365 5477 2757 5533 LECTIONES.

894 5600 933 5629 “
966 5617 1020 5651 τε
1070 5601 1185 5652 add.
1229 5603 1292 5657 A.
1368 5602 1408 5631 ¹¹
1441 5600 1668 5668 ροτίλιος
1695 5602 1759 5653 Λ.
1792 5599 2213 5651 Rbodumannus
2258 5598 2579 5658 Ῥουπιλιος.

1362 5671 1405 5700 ιο
1442 5667 1695 5736 δίωμανὸν
1740 5672 1802 5721 Α.
1879 5670 1918 5699 ⁸⁷
1949 5668 2141 5732 ὀλίγων
2168 5668 2206 5716 Α
2235 5684 2245 5715 :
2279 5667 2454 5736 ὀλίγον
2478 5682 2537 5730 ς.

830 5669 1071 5723 Amstel.:
1103 5671 1185 5721 ὅτι
1222 5688 1281 5733 ς,

831 5738 1139 5801 ἑξακοσίους
1196 5756 1257 5802 ς.
1368 5740 1410 5773 ²¹
1443 5738 1668 5807 ἔφευγεν
1719 5740 1784 5791 A.

1886 5738 1928 5766 "
1961 5736 2217 5804 ἔσφαζον]
2248 5735 2475 5804 ἕφθαξον
2498 5752 2588 5805 γρ.
2630 5734 2689 5789 Β.

2659 5596 2702 5625 ¹³
2731 5595 2759 5644 ὀ
2787 5609 2895 5645 om.
2930 5595 2992 5645 Α.
3064 5594 3107 5623 ¹⁸
3143 5592 3403 5659 ρωμαίοις
3436 5589 3745 5641 ἀνεσώσατο
3777 5591 3835 5641 Β.
3900 5593 3943 5622 ¹³
3972 5591 4046 5639 ὅτε

2618 5666 2659 5695 η
2684 5662 2813 5730 om
2845 5663 2965 5729 μηδ’
2991 5662 3055 5714 Α.
3132 5663 3173 5692 η
3202 5661 3260 5712 δὲ
3288 5660 3414 5730 add.
3448 5661 3514 5711 A.
3622 5661 3667 5689 ιο
3699 5660 3905 5730 χιλίους
3936 5660 4043 5730 _A[_5:

2806 5678 2813 5730 ι
2845 5678 2964 5729 uno
2991 5678 3055 5714 ἢ.
3135 5678 3173 5692 “’
3202 5678 3260 5712 οε
3288 5678 3414 5712 aud.
3448 5678 3514 5711 Λ.
3623 5678 3666 5689 "
3698 5678 3905 5759 χιλιους
3939 5678 4042 5709 an;

2806 5733 2850 5765 ⁸³
2881 5731 3060 5787 malim
3090 5727 3572 5797 ἀπαυγενίσαντες.
3672 5732 3693 5760 ³
3761 5728 3965 5798 λοετρῴ
3993 5728 4042 5778 Β.
