4216 6430
820 392 959 458 M15

1984 399 2245 462 PHOTII
2294 399 2798 463 PATRIARCILE
2838 400 2943 463 (ΞΡ.

3954 406 4086 471 ιιιθ

814 522 910 563 eos
937 504 1029 575 qui
1061 518 1119 558 se
1149 515 1397 574 prompto
1424 515 1479 562 et
1502 507 1665 562 alacri
1712 510 1893 563 animo
1919 512 2095 566 socios
2126 514 2386 568 defectio-
2416 565 2420 575 ,

2503 514 2546 565 ss
2578 514 2901 581 συναγαγὼν
2940 514 3283 582 στρατιώτας
3335 516 3554 582 πλείους
3571 519 3681 572 τῶν
3706 518 4082 581 ἑπτακοσίων,

815 600 902 652 nis
949 596 1331 665 adjungcbant,
1381 598 1628 651 armabat
1677 616 1691 651 :
1725 611 1991 669 quotquot
2026 612 2204 656 autem
2234 619 2391 673 repu-

813 689 1072 759 gnabant,
1111 702 1202 741 cos
1244 688 1625 742 interticiebat.
1672 688 1807 743 Cum
1870 691 2031 760 igitur
2069 692 2251 759 plures
2302 709 2390 749 se-

814 780 1112 849 ptingentis
1174 780 1372 833 milites
1427 780 1712 847 coegisset,
1760 797 1961 851 eosque
2010 785 2060 837 in
2118 788 2392 839 centurias

815 872 1206 933 distribuisset,
1239 886 1302 924 ac
1348 872 1523 925 locum
1556 872 1609 925 in
1643 890 1750 941 quo
1775 883 1896 929 erat
1926 875 2065 928 vallo
2096 877 2391 945 circumje-

814 972 903 1015 cto
956 962 1265 1024 clausisset,
1312 962 1375 1013 ad
1419 977 1478 1017 se
1525 978 1619 1017 eos
1655 965 1746 1033 qui
1787 966 2130 1029 deficiebant,
2162 969 2394 1035 recipie-

814 1055 930 1108 bat.
971 1052 1085 1119 Qua
1133 1052 1435 1107 defectione
1480 1052 1723 1108 Romam‘
1754 1058 2019 1121 nuntiata,
2062 1072 2284 1113 senatus
2326 1059 2394 1113 de

814 1161 877 1199 ea
919 1145 1206 1199 consilium
1237 1149 1473 1213 prudens
1510 1148 1649 1211 iniit,
1686 1147 2007 1216 felicemque
2038 1150 2157 1215 ejus
2185 1151 2394 1203 exitum

816 1237 1025 1290 habuit.
1055 1236 1330 1303 Siquidem
1363 1253 1425 1291 ex
1464 1239 1530 1291 iis
1556 1241 1647 1307 qui
1682 1240 1733 1291 in
1776 1238 1923 1294 Urbe
1978 1252 2133 1295 erant
2172 1241 2396 1308 impera-

819 1327 1028 1380 toribus
1070 1329 1158 1380 uui
1196 1328 1255 1381 L.
1304 1327 1527 1382 Lucullo
1571 1330 1995 1399 subigendorum
2040 1332 2393 1401 fugitivorum

816 1420 1091 1487 negotium
1128 1420 1296 1471 dedit.
1333 1418 1431 1472 llic
1470 1430 1651 1473 autem
1682 1436 1748 1475 eo
1776 1423 1894 1489 ipso
1922 1424 2009 1477 die
2038 1438 2160 1476 cum
2209 1423 2396 1477 Romae

816 1520 1101 1563 sexcentos
1165 1510 1359 1563 milites
1421 1511 1589 1565 lectos
1644 1514 2095 1581 conscripsisset,
2155 1515 2394 1583 Capuam

818 1601 1115 1663 contendit,
1153 1602 1388 1669 peditum
1428 1604 1591 1655 millia
1617 1614 1867 1672 quatuor,
1888 1607 2096 1672 equites
2137 1606 2400 1673 quadrin-

820 1702 1023 1759 gentos
1052 1692 1393 1745 collecturus.
1456 1692 1714 1746 Minatius
1744 1695 1833 1747 ubi
1885 1694 2160 1747 Lucullum
2208 1696 2395 1749 conci-

824 1792 937 1835 tato
962 1797 1122 1835 cursu
1172 1783 1466 1836 adventare
1504 1784 1792 1847 intellexit,
1826 1785 2021 1838 collem
2058 1796 2248 1839 natura
2294 1786 2395 1840 loci

821 1874 1088 1926 munitum
1127 1877 1415 1942 occupavit
1443 1892 1565 1928 cutn
1608 1876 1878 1929 universis
1917 1877 2029 1929 suis
2059 1879 2251 1945 copiis,
2281 1893 2400 1945 qua:
2430 1846 2477 1903 B

823 1964 928 2016 tria
965 1963 1239 2014 hominum
1275 1964 1440 2015 millia
1470 1973 1523 2015 et
1577 1965 1903 2033 quingentos
1949 1965 2274 2027 eﬂiciebant,
2312 1975 2400 2017 at-

820 2067 926 2119 que
954 2054 1202 2119 amplius.
1256 2051 1317 2102 Et
1371 2053 1549 2121 primo
1580 2054 1796 2121 quidetn
1857 2053 2111 2107 conﬂictu
2161 2056 2314 2107 stetit
2371 2070 2401 2107 a

821 2143 1064 2211 fugitivis
1096 2143 1316 2197 victoria
1339 2146 1533 2212 quippe
1551 2144 1642 2212 qui
1665 2160 1693 2197 e
1715 2145 1991 2211 superiore
2012 2145 2131 2198 loco
2161 2145 2403 2211 pra-ltum

822 2237 1055 2300 inirent;
1086 2249 1265 2303 postea
1286 2253 1405 2289 cum
1431 2237 1768 2304 Apollonium
1790 2237 2173 2304 imperatorem
2199 2239 2409 2290 exerci-

824 2336 912 2379 tus
933 2327 1089 2379 Vettii
1111 2325 1367 2399 [Minutii]
1385 2325 1639 2380 Lucullus
1655 2328 2401 2395 largitionibuscorrupisset,

826 2417 1096 2485 fidemque
1138 2418 1405 2483 publicam
1443 2419 1682 2472 dedisset
1714 2435 1929 2487 pteuant
1982 2420 2057 2472 illi
2111 2421 2401 2474 remissum

822 2507 913 2569 iri,
961 2522 1083 2560 eum
1132 2510 1198 2560 ad
1251 2509 1559 2575 prodendos
1604 2510 1781 2563 socios
1824 2512 2057 2580 impulit.
2100 2511 2281 2576 Quare
2311 2511 2402 2564 illo

824 2598 1082 2653 Romanis
1126 2616 1343 2665 cperant
1395 2616 1547 2653 suam
1611 2612 1861 2665 navante,
1920 2615 2082 2671 atque
2130 2606 2267 2655 adeo
2302 2604 2401 2669 ipsi

828 2687 1011 2741 Vettio
1058 2687 1324 2759 [Minntio]
1366 2706 1559 2743 manus
1608 2691 1895 2755 inferente,
1944 2693 2029 2745 hic
2076 2692 2401 2759 supplicium

831 2780 933 2832 sibi
970 2794 1129 2845 capto
1153 2780 1471 2846 impendens
1506 2783 1730 2845 vetitus,
1754 2792 1980 2835 mortem
2000 2782 2097 2834 sibi
2118 2782 2401 2835 conscivit.

831 2869 1001 2922 Simul
1060 2885 1187 2922 vero
1252 2870 1571 2924 defectionis
1640 2874 1931 2940 participes
1992 2875 2115 2925 caesi
2164 2874 2406 2934 fuerunt,

2492 604 2585 656 καὶ
2614 604 2837 665 τούτους
2883 606 2965 665 είς
3020 606 3453 676 ἑκατονταρχίας
3508 610 3836 674 καταλέξας,
3898 611 4082 663 ἐνεϐά-

2490 692 2612 747 λετο
2674 695 2719 725 ³⁸
2769 696 2985 765 χάρακα
3027 696 3122 749 καὶ
3158 697 3283 758 τοὺς
3321 700 3728 767 ἀφισταμένους
3762 701 4079 768 ὑπεδέχετο.

2491 784 2604 852 Τῆς
2659 785 2705 837 δ’
2749 787 3107 849 ἀποστάσεως
3164 790 3243 849 είς
3279 788 3499 859 Ῥώμην
3547 792 4084 861 ἀπαγγελθείσης,ή

2494 876 2797 943 σύγκλητος
2854 879 3142 948 ἐμφρόνως
3190 882 3319 948 περὶ
3363 882 3537 949 αὐτῆς
3584 883 3960 936 ἐϐουλεύσατο
4000 884 4086 934 καὶ

2493 968 2843 1038 κατώρθωσε.
2886 968 3009 1023 Τῶν
3028 971 3134 1039 γάρ
3165 973 3301 1023 κατὰ
3323 972 3479 1024 πόλιν
3511 974 3840 1044 στρατηγῶν
3867 976 4086 1028 ἀπέδει-

2494 1058 2581 1121 ξεν
2604 1060 2701 1111 ἐνα
2740 1060 2875 1127 πρὸς
2913 1062 3013 1130 τὴν
3040 1062 3150 1113 τῶν
3203 1063 3489 1133 δραπετῶν
3525 1064 3812 1134 σύλληψιν,
3849 1067 4086 1118 Λεύκιον

2494 1151 2849 1204 Λούκουλλον.
2910 1145 3077 1214 Οὗτος
3130 1152 3187 1203 δέ
3253 1154 3569 1223 αὐθημερὸν
3609 1157 3676 1208 ἐκ
3718 1156 3823 1223 τῆς
3868 1156 4087 1225 Ῥώμης

2493 1241 2749 1305 ἐπιλέξας
2808 1244 3146 1311 στρατιώτας
3196 1244 3538 1309 ἑξακοσίους,
3594 1248 3673 1308 είς
3713 1247 3818 1313 τὴν
3851 1247 4088 1315 Καπὴν

2494 1328 2624 1403 ἦλθε
2674 1334 3038 1404 συναθροίσας
3068 1334 3267 1398 πεζοὺς
3318 1338 3418 1405 μὲν
3461 1340 3973 1407 τετρακισχιλίους,
4004 1341 4089 1390 ἰπ-

2495 1426 2617 1483 πεῖς
2649 1423 2705 1475 δὲ
2744 1423 3153 1492 τετρακοσίους.
3193 1424 3253 1475 ’0
3308 1423 3367 1477 δέ
3426 1424 3681 1488 Οὐέττιος
3751 1427 3851 1495 τὴν
3915 1428 4087 1496 ὁρμὴν

2497 1514 2627 1584 [652
2651 1512 2744 1583 [1.]
2767 1514 2859 1565 τοῦ
2886 1513 3223 1565 Λουκούλλου
3260 1513 3564 1583 πυθόμενος
3610 1516 3955 1568 κατελάϐετο
4010 1517 4089 1568 λό-

2498 1622 2598 1672 φον
2653 1606 2944 1673 καρτερὸν,
2977 1605 3116 1673 ἔχων
3145 1607 3274 1667 τοὺς
3320 1608 3526 1669 πάντας
3558 1607 3721 1659 πλέον
3757 1609 3869 1659 τῶν
3900 1615 3975 1673 γ’,
4002 1611 4088 1661 καὶ

2501 1686 2576 1754 φ’.
2613 1685 2780 1756 [1175
2804 1687 2895 1758 IL]
2926 1688 3035 1741 Καὶ
3063 1688 3123 1739 τὸ
3152 1687 3250 1756 μὲν
3300 1690 3517 1757 πρῶτον
3562 1692 3836 1759 συμϐολῆς
3874 1693 3924 1722 ³⁵
3948 1710 4092 1759 γενο-

2507 1778 2674 1845 μένης
2698 1777 3132 1845 ἐπλεονέκτησαν
3186 1779 3234 1828 οἱ
3291 1776 3577 1847 δραπέται,
3605 1779 3670 1830 ἐκ
3694 1780 3881 1830 τόπων
3920 1780 4088 1846 ὑπερ-

2504 1868 2693 1930 δεξίων
2730 1868 3027 1937 μαχόμενοι
3046 1884 3060 1897 ⁸
3097 1866 3309 1937 μετάδὲ
3337 1869 3509 1920 ταῦτα
3535 1871 3627 1920 τὸν
3656 1870 3754 1937 μὲν
3784 1871 4093 1939 στρατηγὸν

2502 1960 2596 2013 τοῦ
2630 1961 2889 2013 Οὐεττίου
2918 1958 3276 2012 Ἀπολλώνιον
3324 1960 3645 2031 διαφθείρας
3671 1964 3699 2013 ὁ
3728 1962 4089 2024 Λούκουλλος,

2506 2053 2598 2104 καὶ
2619 2054 2683 2122 τῇ
2707 2050 2944 2121 δημοσίᾳ
2972 2051 3153 2103 πίστει
3196 2051 3295 2121 τὴν
3332 2052 3528 2119 ἄφεσιν
3574 2053 3675 2120 τῆς
3702 2054 3979 2122 τιμωρίας
4011 2058 4095 2120 βε-

2509 2142 2772 2206 ϐαιώσας,
2837 2141 3059 2194 ἔπεισεν
3120 2142 3285 2194 αὑτὸν
3352 2143 3621 2213 προδότην
3674 2146 3939 2211 γενέσθαι
3991 2144 4095 2195 τῶν

2513 2233 2959 2286 συναποστατῶν.
3013 2232 3105 2285 Διδ
3151 2234 3249 2285 καὶ
3298 2233 3492 2286 τούτου
3550 2235 3952 2305 συνεργοῦντος
3987 2239 4097 2298 τοῖς

2521 2326 2817 2394 Ῥωμαίοις
2838 2326 2934 2376 καὶ
2956 2325 3057 2384 τάς
3079 2326 3267 2393 χεῖρας
3292 2325 3698 2394 προσφέροντος
3730 2324 3808 2392 τῷ
3834 2325 4095 2392 υῦεττίῳ,

2512 2418 2774 2486 φοϐηθεὶς
2803 2418 2903 2485 τὴν
2936 2418 3002 2468 ἐκ
3022 2416 3123 2484 τῆς
3163 2415 3422 2476 ἁλώσεως
3453 2418 3732 2485 τιμωρίαν
3764 2417 3967 2468 ἐαυτὸν
4000 2418 4100 2468 ἀπ-

2511 2508 2770 2575 έσφαξεν,
2800 2508 3003 2559 αὐτίκα
3039 2507 3500 2559 συναπολωλότων
3555 2511 3653 2560 καὶ
3702 2507 3813 2559 τῶν
3841 2508 3947 2574 τῆς
3974 2510 4101 2560 ἀπο-

2512 2601 2755 2659 στάσεως
2779 2598 3276 2665 κεκοινωνηκότων,
3310 2598 3451 2667 πλὴν
3468 2599 3561 2651 τοῦ
3592 2598 3881 2665 προδόντος
3902 2599 4098 2649 Ἀπολ-

2510 2688 2728 2740 λωνίου.
2751 2687 2859 2738 Καὶ
2895 2685 3070 2737 ταῦτα
3092 2685 3193 2753 μὲν
3212 2686 3317 2755 πρὸ
3334 2687 3432 2755 τῆς
3454 2688 3595 2745 κατά
3614 2687 3891 2747 Σικελίαν,
3913 2686 4101 2753 ὥσπερ

2512 2778 2985 2849 προοιμιαζόμενα
3045 2777 3223 2847 ταύτῃ
3252 2776 3323 2840 ³³,
3390 2777 3656 2846 μεγίσοκς
3695 2778 4096 2839 ἀποστάσεως·

2518 2873 2640 2940 ἥτις
2672 2870 2846 2939 ἀρχὴν
2876 2869 3038 2922 ἐλαϐε
3065 2868 3345 2937 τοιαύτην.

826 2972 1023 3028 praeter
1064 2974 1182 3012 eum
1221 2960 1306 3024 qni
1333 2960 1449 3013 illos
1484 2963 1791 3028 prodiderat
1818 2964 2180 3030 Apollonium.
2228 2962 2292 3015 Et
2320 2964 2432 3014 haec
2461 2964 2677 3028 quidem
2707 2970 3115 3014 auteverterunt
3142 2961 3433 3012 maximam
3461 2961 3549 3025 qui
3577 2961 3629 3011 itt
3656 2960 3844 3011 Sicilia
3870 2959 4094 3027 contigit

826 3051 1182 3103 defectionem
1217 3050 1411 3117 337D
1439 3054 1593 3117 quasi
1630 3068 1747 3119 qua:
1780 3054 1897 3118 ejus
1928 3054 2193 3119 quoddam
2227 3052 2541 3119 prazludium
2572 3062 2773 3104 essent.
2809 3050 2881 3101 Ea
2908 3061 3087 3104 autem
3115 3051 3240 3103 hinc
3265 3058 3386 3100 orta
3411 3056 3512 3100 est.

900 3144 953 3194 In
994 3144 1140 3196 Marii
1193 3144 1454 3197 adversus
1500 3144 1745 3197 Cimbros
1802 3145 2148 3213 expeditione
2192 3154 2412 3198 senatus

2586 3142 2743 3193 Κατὰ
2773 3141 2871 3209 τὴν
2896 3141 2993 3191 ἐπὶ
3012 3141 3140 3201 τοὺς
3178 3138 3463 3206 Κίμϐρους
3522 3137 3615 3188 τοῦ
3667 3138 3883 3207 Μαρίου
3937 3156 4100 3206 στρα-

831 3234 1029 3286 auxilia
1063 3250 1125 3284 ex
1178 3233 1560 3287 transmarinis
1609 3236 1919 3287 natiOnibus
1961 3236 2271 3288 accersendi
2312 3250 2408 3299 po-

834 3331 1081 3375 testatem
1108 3311 1281 3373 Mario
1306 3325 1548 3374 dederat.
1568 3322 1764 3375 Marius
1796 3325 1959 3391 igitur
1976 3325 2040 3376 ad
2064 3323 2410 3377 Nicomedem

831 3412 1095 3481 Bithyniae
1130 3428 1305 3480 regem
1336 3412 1403 3465 de
1434 3412 1713 3465 mittendis
1750 3416 1815 3464 uti
1848 3431 1907 3467 se
1938 3414 2297 3466 auxiliaribus
2324 3427 2414 3465 co-

833 3505 940 3572 piis
983 3504 1192 3556 scribit.
1244 3504 1289 3555 Is
1322 3519 1643 3571 responsum
1673 3505 1781 3567 dat,
1822 3506 2013 3557 bOnam
2056 3504 2413 3574 Bithynorum

834 3608 1044 3667 partem
1097 3616 1124 3647 κ
1180 3598 1524 3666 \eetigalinm
1586 3598 1923 3663 publicorum
1978 3599 2415 3665 redemptoribus

836 3691 1101 3755 direptam
1138 3690 1344 3741 servire
1385 3688 1707 3741 sertitutem
1759 3705 1856 3756 per
1909 3689 2240 3756 provincias.
2279 3688 2413 3741 Cum

836 3793 1017 3834 autem
1039 3789 1258 3833 senatus
1281 3779 1587 3832 eonsultum
1606 3794 1766 3842 esset,
1786 3796 1852 3831 ne
1878 3781 2000 3847 quis
2024 3796 2085 3831 ex
2104 3779 2285 3847 populi
2308 3778 2417 3830 Ro-

840 3874 981 3923 mani
1017 3873 1201 3933 sociis,
1219 3875 1310 3939 qui
1337 3872 1555 3938 quidem
1579 3872 1712 3922 liber
1738 3880 1903 3931 esset,
1923 3870 1977 3922 in
2004 3870 2283 3938 provincia
2308 3869 2414 3920 ulla

836 3964 1086 4023 serviret,
1118 3970 1171 4015 et
1205 3970 1263 4014 ut
1295 3964 1655 4029 imperatores
1683 3976 1869 4015 curam
1900 3975 2087 4013 eorum
2123 3959 2415 4011 manumit-

842 4054 1126 4107 teudorum
1180 4066 1454 4121 gererent,
1498 4054 1695 4105 accidit
1740 4064 1797 4104 ιιι
1838 4057 2131 4119 imperator
2174 4052 2417 4104 Licinius

840 4144 1035 4206 Nerva,
1071 4146 1163 4213 qui
1192 4157 1302 4196 tum
1323 4146 1465 4197 forte
1492 4146 1542 4196 in
1576 4144 1759 4197 Sicilia
1785 4156 1924 4208 erat,
1951 4148 2223 4198 decretum
2256 4161 2416 4197 sena-

841 4248 927 4289 ttts
953 4238 1273 4298 observans,
1323 4236 1523 4288 nmltos
1551 4251 1615 4287 ex
1656 4237 1825 4288 servis
1851 4237 2067 4303 judiciis
2108 4237 2418 4290 constitutis

841 4324 1271 4386 manumitteret,
1318 4327 1453 4375 adeo
1514 4333 1571 4375 ut
1624 4325 1759 4374 intra
1814 4338 2015 4391 paucos
2059 4326 2176 4377 dies
2239 4325 2418 4391 plures

839 4416 1165 4482 octingentis
1189 4413 1242 4465 in
1268 4413 1571 4465 iibet'tatem
1601 4425 1994 4466 assererentur.
2016 4412 2244 4479 Jamque
2264 4422 2418 4465 erant

2510 3236 2659 3286 τείαν
2685 3235 2885 3286 ἔδωκεν
2915 3237 2947 3301 ἡ
2974 3232 3273 3300 σύγκλητος
3300 3230 3547 3293 ἐξουσίαν
3572 3230 3649 3297 τῷ
3671 3232 3868 3299 Μαρίῳ
3899 3234 3966 3282 ἐκ
4000 3233 4101 3281 τῶν

2515 3328 2689 3397 πέραν
2707 3326 2978 3392 θαλάττης
3002 3325 3045 3355 ⁸⁸
3060 3323 3231 3376 ἐθνῶν
3265 3322 3724 3389 μεταπέμπεσθαι
3752 3324 4094 3390 συμμαχίαν,

2511 3419 2538 3467 ό
2571 3417 2667 3483 μὲν
2690 3415 2783 3467 οὖν
2807 3416 2849 3445 ³⁷
2878 3416 3088 3483 Μάριος
3106 3413 3378 3480 ἐξέπεμψε
3409 3412 3541 3481 πρὸς
3568 3412 3887 3482 Νικομήδην
3899 3415 3990 3465 τὸν
4006 3418 4097 3480 τῆς

2517 3506 2771 3566 Βιθυνίας
2795 3504 3049 3572 ,βασιλέα
3119 3502 3247 3570 περὶ
3299 3502 3569 3569 βοηθείαςο
3616 3504 3645 3551 ὁ
3697 3503 3753 3552 δέ
3809 3504 4098 3569 ἀπόκρισιν

2515 3598 2683 3648 ἔδωκε
2705 3596 2833 3656 τοὺς
2862 3596 3081 3656 πλείους
3112 3594 3225 3646 τῶν
3249 3590 3488 3643 Βιθυνῶν
3543 3592 3648 3643 ὑπὸ
3690 3592 3803 3643 τῶν
3829 3592 4098 3661 δημοσιω-

2515 3688 2621 3739 νῶν
2638 3686 3099 3754 ³⁸ξδιαρπαγέντας
3121 3684 3391 3735 δουλεύειν
3422 3685 3479 3734 έν
3518 3685 3637 3743 ταῖς
3655 3684 3973 3751 ἐπαρχίαις,
4003 3684 4096 3750 τῆς

2515 3778 2572 3829 δὲ
2598 3777 2903 3845 συγκλήτου
2935 3774 3325 3843 ψηφισαμένης
3374 3774 3522 3834 ὅπως
3576 3773 3764 3841 μηδεὶς
3818 3772 4097 3840 σύμμαχο;

2516 3867 2803 3934 ἐλεύθερος
2860 3867 2919 3917 ἐν
2953 3866 3193 3935 ἐπαρχίᾳ
3225 3866 3450 3935 δουλεύη
3493 3868 3536 3898 ³⁹
3592 3868 3685 3918 καὶ
3735 3868 3835 3935 τῆς
3900 3869 4097 3919 τούτων

2518 3957 2931 4025 ἐλευθερώσεως
2965 3958 3014 4015 ot
3051 3958 3351 4023 στρατηγοὶ
3401 3958 3657 4026 πρόνοιαν
3688 3960 4095 4021 ποιῶνται,τότε

2521 4050 2659 4102 κατά
2699 4050 2797 4117 τὴν
2820 4048 3067 4099 Σικελίαν
3105 4045 3180 4097 ὢν
3221 4049 3529 4115 στρατηγὸς
3570 4050 3815 4110 Λικίνιος
3853 4051 4095 4118 Nepotis;

2519 4138 2831 4199 ἀκολούθως
2852 4137 2931 4206 τῷ
2959 4138 3189 4206 δόγματι
3220 4140 3449 4206 συχνοὺς
3494 4139 3602 4190 τῶν
3634 4139 3838 4191 δούλων
3877 4140 4097 4208 ἠλευθέ-

2525 4248 2685 4301 ρωσε,
2713 4230 2918 4297 κρίσεις
2939 4228 3183 4298 προθεὶς,
3204 4229 3279 4289 ὡς
3301 4232 3359 4280 ἐν
3384 4229 3590 4295 ὀλίγαις
3615 4231 3855 4299 ἡμέραις
3883 4232 4099 4292 πλείους

2520 4325 2629 4373 τῶν
2654 4321 2991 4373 ὀκτακοσίων
3025 4323 3208 4387 τυχεῖν
3263 4320 3363 4387 τῆς
3408 4321 3739 4390 ἐλευθερίας.
3808 4323 3918 4373 Καὶ
3966 4318 4098 4390 ἦσαν

2525 4413 2726 4473 πάντες
2774 4412 2823 4462 ot
2883 4410 3025 4461 κατά
3079 4412 3178 4478 τήν
3228 4410 3389 4479 νῆσον
3431 4411 3771 4472 δουλεύοντες
3841 4413 4100 4480 μετέωροι

840 4506 1007 4558 animi
1039 4504 1279 4557 omnium
1315 4503 1459 4555 illius
1483 4503 1673 4555 insulae
1696 4519 1974 4557 servorum
1999 4506 2052 4557 in
2082 4522 2230 4574 spem
2257 4506 2420 4559 liber-

2525 4504 2659 4571 πρὸς
2685 4505 2783 4571 τὴν
2815 4502 3150 4572 ἐλευθερίαν.
3185 4502 3246 4553 Οί
3301 4501 3346 4552 δ’
3378 4503 3435 4553 ἐν
3477 4502 3754 4570 ἀξιώμασι
3799 4503 3848 4533 ⁸⁸
3881 4504 4095 4571 συνδρα-

841 4596 971 4650 tatis
1006 4594 1201 4655 erecti,
1233 4609 1356 4645 eum
1393 4608 1586 4659 graves
1620 4595 1942 4646 auctoritate
1978 4596 2077 4648 viri
2117 4596 2287 4663 ipsum
2320 4600 2423 4649 itit-

840 4691 1150 4751 peratorent
1183 4679 1539 4743 conVeniunt,
1580 4694 1815 4748 entuque
1842 4696 1949 4733 uno
1996 4697 2183 4735 omnes
2210 4699 2324 4745 ore,
2365 4695 2424 4736 ut

840 4780 906 4827 ab
934 4776 1144 4839 incepto
1192 4772 1441 4833 desistat,
1479 4782 1693 4838 regant.
1731 4775 1907 4842 Atque
1960 4776 2049 4828 hic
2095 4778 2208 4829 sive
2263 4794 2426 4846 pecu—

842 4865 949 4919 niis
979 4873 1337 4931 expugnatus,
1374 4862 1486 4913 sive
1514 4865 1743 4929 gratiam
1780 4876 2102 4931 ancupatus,
2149 4868 2414 4936 juditium

842 4958 946 5009 hac
974 4957 1039 5007 de
1078 4970 1132 5006 re
1170 4952 1481 5005 accuratius
1526 4966 1781 5004 exercere
1820 4955 1979 5006 desiit
2008 4973 2021 5009 :
2052 4966 2105 5009 et
2134 4960 2198 5009 ad
2232 4975 2287 5013 se
2320 4976 2413 5013 ve-

842 5048 1118 5100 nicntibns
1150 5054 1210 5096 ut
1239 5045 1492 5095 libertate
1520 5041 1876 5109 donarentur,
1910 5057 1965 5097 ut
1992 5049 2055 5097 ad
2088 5065 2240 5102 suum
2270 5052 2420 5116 quis-

843 5153 947 5202 qtte
976 5134 1250 5185 dominum
1302 5141 1724 5194 reverterentur,
1765 5134 2029 5201 imperare
2056 5140 2239 5205 etrapit.
2287 5140 2421 5192 Tum

843 5241 970 5279 vero
998 5224 1140 5275 servi
1198 5222 1433 5275 (oitione
1490 5221 1627 5273 facta
1677 5219 1975 5291 Syracusas
2007 5226 2327 5294 relinquere,
2375 5240 2427 5282 ct

845 5321 909 5369 ad
951 5315 1251 5369 Palicorum
1306 5314 1585 5365 delubrum
1617 5314 1928 5379 e0nfugere,
1968 5318 2151 5382 ibique
2197 5321 2337 5373 inter
2370 5335 2426 5373 se

844 5408 909 5459 de
939 5404 1243 5457 defectione
1272 5416 1549 5454 sermones
1596 5400 1866 5455 conferre.
1915 5404 2078 5457 Fama
2111 5418 2289 5459 autem
2325 5408 2425 5458 hu-

2527 4595 2721 4663 μόντες
2750 4593 3096 4663 παρεκάλουν
3120 4592 3210 4643 τὸν
3230 4593 3534 4659 στρατηγὸν
3562 4594 3869 4660 ἀποστῆναι
3901 4593 4100 4658 ταύτης

2521 4687 2620 4753 τῆς
2646 4685 2927 4751 ἐπιϐολῆς.
2969 4686 3028 4737 '0
3066 4685 3238 4736 δἐίτε
3277 4685 3520 4753 χρήμασι
3561 4682 3810 4743 πεισθεὶς
3869 4686 3977 4735 είτε
4010 4684 4099 4751 χά-

2526 4794 2636 4847 ρισι
2667 4775 2962 4835 δουλεύσας
2989 4776 3086 4844 τῆς
3109 4775 3208 4844 μὲν
3240 4775 3347 4826 τῶν
3372 4775 3672 4843 κριτηρίων
3697 4774 3910 4827 τούτων
3942 4791 4093 4825 οπο-,ιο

2524 4870 2618 4937 ὃῆς
2640 4868 2873 4933 ἀπέστη,
2897 4868 2989 4918 καὶ
3014 4868 3140 4929 τοὺς
3169 4866 3495 4935 προσιόντας
3517 4868 3609 4917 ἐπὶ
3625 4866 3703 4934 τῷ
3726 4868 3768 4895 ⁸⁸
3798 4870 3986 4934 τυχεῖν
4011 4867 4099 4931 τῆς

2522 4957 2831 5023 ἐλευθερίας
2864 4956 3208 5025 ἐπιπλήττων
3230 4957 3308 5017 είς
3330 4956 3455 5017 τοὺς
3491 4955 3653 5017 ἰδίους
3684 4955 3909 5025 κυρίους
3939 4972 4099 5024 προσ-

2524 5050 2742 5099 έταττεν
2794 5048 3244 5117 ἐπαναστρέφειν.
3280 5048 3341 5100 Οί
3382 5047 3439 5099 δὲ
3472 5046 3650 5099 δοῦλοι
3677 5049 4096 5116 συστραφέντες.

2524 5141 2619 5192 καὶ
2658 5140 2765 5191 τῶν
2812 5139 3176 5209 Συρακουσῶν
3238 5138 3663 5205 ἀπαλλαγέντες,
3720 5140 3815 5189 καὶ
3863 5157 4096 5206 καταφυ-

2528 5233 2714 5297 γόντες
2746 5233 2822 5292 εἰς
2849 5231 2907 5281 τὸ
2941 5231 3049 5281 τῶν
3088 5231 3339 5281 Παλίκων
3364 5230 3607 5297 τέμενος,
3642 5230 3926 5281 διελάλουν
3975 5231 4099 5295 πρὸς

2530 5318 2792 5385 ἀλλήλους
2820 5317 2959 5385 ὑπὲρ
2986 5318 3359 5376 ἀποστάσεως.
3400 5318 3640 5368 Ἐκεῖθεν
3665 5320 3725 5369 ἐν
3760 5316 3981 5379 πολλοῖς
4018 5320 4096 5366 τό·

2538 5426 2659 5470 ποις
2692 5409 2789 5475 τῆς
2821 5409 2930 5461 τῶν
2954 5408 3178 5460 οἰκετῶν
3217 5408 3421 5479 τόλμης
3457 5409 3683 5478 ἐκδήλου
3733 5408 4033 5475 γινομένης
4061 5408 4099 5436 ⁸⁸

2125 5539 2360 5593 νΑΙὶΙᾹΞ
2392 5540 2798 5593 LECTIONI‘IS.

950 5628 992 5659 ³³
1036 5625 1316 5699 ἐνεϐάλετο
1485 5626 1800 5699 ἐνεϐάλλετο
1832 5648 1891 5693 ς.
1926 5631 2163 5699 Scaliger
2192 5632 2466 5683 ἐϐάλλετο.

848 5700 1047 5764 ταύτην
1077 5715 1135 5758 ς.

1218 5697 1262 5728 ³⁸
1286 5696 1553 5767 θαλάττης
1584 5696 1859 5767 Scaliger:
1899 5702 2016 5752 liltri
2055 5696 2353 5754 dantuiri.

851 5767 1123 5837 δημοσίων
1153 5783 1215 5832 ς.

1293 5766 1335 5798 δ’
1361 5764 1598 5818 δουλεύοι
1621 5769 1685 5821 A.

2458 5704 2498 5732 ³⁷
2533 5706 2559 5752 ὁ
2594 5702 2690 5769 μὲν
2720 5701 2810 5752 οὖν
2848 5702 2905 5760 Β,
2948 5705 2975 5752 ὁ

1769 5770 1812 5801 ⁵ο
1836 5771 1894 5825 ὲν
1923 5770 2193 5839 ἀξιώμασι
2223 5774 2265 5825 Λ
2296 5790 2308 5826 :
2341 5771 2607 5840 ἀξιώματι
2642 5788 2700 5832 ς.
2773 5772 2816 5802 ⁸⁸
2850 5772 2927 5840 τῷ
2960 5770 3033 5825 BS:
3060 5772 3119 5824 τὸ
3149 5790 3208 5835 ς.

2581 5632 2958 5699 ³⁶συμϐουλῆς
2992 5650 3049 5695 ς.
3155 5634 3199 5666 ³³
3252 5632 3421 5701 ταύτῃ
3452 5648 3561 5701 mg.
3616 5631 3773 5682 ταυτὶ
3806 5646 3948 5683 corr.
3998 5634 4026 5681 Λ
4079 5649 4093 5684 :

3011 5705 3108 5771 μὲν
3136 5705 3175 5753 Δ
3205 5722 3218 5756 :
3244 5703 3365 5754 ὅθεν
3392 5721 3451 5765 ς.
3556 5701 3599 5732 ³⁸
3628 5701 3984 5767 δημοσιωνῶν
4006 5704 4049 5755 Δ
4080 5715 4092 5753 :

3295 5775 3340 5803 "
3363 5772 3658 5840 γενομένης
3682 5787 3744 5832 ς’.
