4216 6430
250 396 397 459 1417
1358 405 1429 463 BI
1444 406 1809 466 BLIOTHEC

1918 434 1981 446 -
2015 408 2176 471 COD.
2210 410 2497 472 CCXLIV.
3344 414 3480 479 1418

245 512 465 578 πρῶτοι
522 513 620 582 τῆς
682 513 994 585 ἐλευθερίας
1058 518 1481 584 ἀντεποιήσαντο
1524 515 1668 569 κατὰ
1718 517 1812 585 τὴν

1918 518 2067 587 iusce
2101 529 2208 574 tam
2240 520 2462 576 audacis
2495 533 2777 576 servorum
2814 522 3068 577 facinoris
3099 535 3197 591 per
3220 522 3477 592 Ancylio-

261 599 568 667 ’Δγκυλξων
623 602 807 673 χώραν
864 605 1108 673 ἀδελφῶν
1159 608 1303 659 δυεῖν
1366 605 1812 674 μεγαλοπλούτων

1923 627 2035 665 rum
2059 612 2172 666 loca
2194 613 2307 682 jam
2336 614 2571 684 vulgata,
2607 614 2765 685 primi
2801 629 2860 669 se
2886 614 2937 668 in
2961 613 3267 669 libertatem
3298 611 3481 665 vindi-
3528 640 3533 643 Α

244 690 461 742 οἰκέται
484 692 798 759 τριάκοντα,
818 684 892 745 ὧν
916 696 1102 763 ἠγεῖτο
1130 695 1343 764 Ὀἀριος
1378 694 1571 762 ὄνομα
1594 692 1644 745 οἳ
1668 692 1820 760 πρῶ-

241 792 341 827 τον
368 777 466 845 μὲν
519 781 712 842 νυκτὸς
747 782 1124 851 κοιμωμένους
1172 784 1295 843 τοὺς
1347 780 1507 843 ἰδίους
1554 781 1818 843 δεσπότας

240 868 591 936 ἀπέσφαξαν,
614 866 735 924 εἶτα
763 873 855 924 ἐπὶ
892 872 991 934 τάς
1032 872 1351 940 γειτνιώσας
1378 871 1634 934 ἐπαύλεις
1668 888 1816 939 παρ-

240 959 495 1023 ελθόντες
554 963 898 1031 παρεκάλουν
949 965 1040 1016 ἐπὶ
1071 964 1169 1034 τὴν
1204 963 1513 1033 ἐλευθερίαν
1538 964 1663 1023 τοὺς
1706 961 1818 1013 δού-

241 1050 395 1113 λους·
433 1054 526 1105 καὶ
552 1054 610 1104 ὲν
632 1055 769 1122 αὐτῇ
804 1056 869 1123 τῇ
896 1056 1052 1107 νυκτὶ
1080 1056 1415 1125 συνέδραμον
1467 1055 1686 1116 πλείους
1706 1056 1815 1106 τῶν

243 1150 355 1211 ρκ’.
391 1145 498 1197 Καὶ
527 1145 956 1215 καταλαϐόμενοι
1000 1147 1196 1217 χωρίον
1228 1147 1388 1214 φύσει
1414 1146 1628 1214 ὀχυρὸν,
1660 1145 1817 1197 τοῦτο

244 1233 450 1300 μᾶλλον
507 1234 903 1302 ὲπωχύρωσαν,
930 1236 1352 1303 προσδεξάμενοι
1431 1236 1525 1288 καὶ
1599 1235 1816 1303 ἐτέρους

240 1326 467 1388 δούλους
495 1326 871 1396 ὡπλισμένους
895 1334 971 1382 π’.
1017 1329 1075 1381 Ὀ
1101 1330 1155 1380 δὲ
1189 1328 1491 1397 στρατηγὸς
1512 1328 1612 1395 τῆς
1642 1328 1815 1397 ἐπαρ-

1918 713 2112 757 carunt
2140 705 2358 773 triginta
2381 705 2606 759 duorum
2634 706 3019 758 ditissimorum
3046 702 3271 756 fratrum
3298 702 3437 754 servi
3463 715 3478 751 :

1918 807 2145 859 quorum
2176 795 2281 847 dux
2318 803 2435 847 erat
2467 794 2684 863 quidam
2726 794 2940 848 nomine
2991 794 3207 846 (larius.
3256 790 3322 844 Hi
3376 793 3485 861 pri-

1919 895 2063 933 mutu
2122 896 2253 936 suos
2316 882 2477 935 heros
2533 889 2693 935 noctu
2760 880 3091 935 dormientes
3146 878 3482 947 jugularunt,

1917 970 2113 1025 deinde
2147 973 2212 1026 ad
2242 972 2449 1026 vicinas
2497 973 2667 1026 etiam
2696 973 2962 1038 progressi
3000 969 3153 1025 villas
3201 984 3483 1024 servorum

1918 1061 2130 1115 animos
2164 1064 2228 1116 ad
2266 1063 2530 1117 libertatis
2570 1063 2801 1116 studium
2836 1062 3221 1123 accenderunt,
3253 1060 3389 1115 adeo
3426 1068 3485 1113 ut

1918 1151 2005 1207 illa
2040 1154 2153 1219 ipsa
2186 1163 2342 1206 nocte
2381 1166 2677 1208 c0ncursus
2720 1153 2785 1205 ad
2828 1166 2920 1207 eos
2953 1150 3126 1205 factus
3156 1152 3227 1205 sit
3257 1152 3486 1203 aliorum

1919 1254 2135 1299 centum
2166 1254 2219 1298 et
2247 1246 2435 1315 viginti
2485 1255 2647 1313 atque
2687 1243 2936 1313 amplius.
2972 1242 3035 1296 Hi
3066 1251 3329 1311 occupato
3364 1242 3482 1296 loco

1918 1344 2107 1388 natura
2147 1337 2373 1398 munito,
2408 1346 2524 1389 arte
2559 1336 2695 1388 baud
2745 1334 2902 1401 paulo
2930 1333 3275 1386 munitiorem
3308 1332 3487 1386 reddi-

241 1416 373 1483 χίας
400 1415 637 1477 Λικίνιος
666 1415 712 1446 ⁸³
740 1416 984 1486 Νερούας
1019 1418 1159 1470 κατά
1200 1418 1365 1485 τάχος
1423 1417 1603 1477 αὐτοῖς
1652 1415 1815 1467 ἐπελ-

242 1505 359 1557 θὼν
392 1507 485 1558 καὶ
543 1506 847 1576 πολιορκῶν
896 1508 1173 1579 ἄπρακτον
1216 1508 1342 1576 ἔσχε
1399 1507 1498 1575 τὴν
1550 1505 1812 1572 σπουδήν.

1917 1424 2131 1490 derunt,
2162 1427 2453 1494 assumptis
2483 1436 2537 1479 et
2568 1425 2688 1479 aliis
2718 1426 2984 1492 octoginta
3016 1423 3217 1487 servis,
3270 1422 3358 1489 qui
3394 1436 3487 1473 ar-

1919 1515 2045 1567 mati
2100 1524 2299 1570 essent.
2349 1515 2651 1569 Provincize
2674 1525 2852 1570 autent
2908 1515 3201 1583 imperator
3248 1510 3487 1566 Licinius

256 1596 414 1646 Ἐπεὶ
441 1596 495 1647 δὲ
524 1596 614 1666 βίᾳ
649 1597 919 1649 ἀνάλωτον
939 1599 998 1649 τὸ
1024 1597 1067 1627 ⁸⁵
1090 1596 1349 1666 φρούριον
1387 1596 1555 1665 ἑώρα,
1609 1596 1700 1649 ἐπὶ
1716 1595 1812 1664 τὴν

1918 1604 2114 1669 Nerva,
2146 1619 2268 1660 cum
2299 1616 2517 1673 repente
2560 1605 2945 1671 superveniens
2970 1618 3065 1657 eos
3096 1602 3344 1656 obsidere
3372 1614 3485 1655 cae-

241 1684 534 1752 προδοσίαν
558 1686 679 1753 ὁρᾷ,
718 1686 809 1737 καὶ
845 1687 1117 1754 σωτηρίας
1172 1684 1498 1754 ὑποσχέσεσι
1527 1685 1685 1737 Γάϊον
1715 1686 1812 1737 Τι-

1918 1696 2108 1762 pisset,
2157 1694 2290 1748 nihil
2352 1694 2472 1749 ullis
2532 1696 2818 1748 conatibus
2875 1707 3197 1763 promovere
3248 1700 3482 1762 poterat.

241 1775 415 1825 τίνιον
442 1773 569 1843 [633
608 1773 698 1844 IL]
731 1775 1154 1843 ἐπικαλούμενον
1189 1775 1414 1827 Γαδαῖον
1435 1775 1480 1805 ⁸⁵
1511 1774 1812 1836 ἀναπείσας

1921 1784 2279 1850 Quamobrem
2306 1786 2465 1840 nullis
2493 1786 2701 1840 viribus
2757 1784 3114 1854 expugnabile
3175 1783 3485 1851 praesidium

244 1864 337 1934 (ἦν
367 1868 412 1921 δ’
436 1862 587 1930 οὗτος
620 1868 728 1937 πρὸ
775 1868 918 1921 δυεῖν
957 1869 1094 1921 ἐτῶν
1140 1866 1559 1927 καταδικασθεὶς
1592 1866 1689 1934 μὲν
1724 1865 1812 1917 θα-

1922 1876 2048 1930 illud
2072 1892 2193 1932 esse
2230 1891 2476 1941 cernens,
2512 1876 2577 1930 ad
2605 1876 2960 1944 proditionem
2992 1874 3229 1927 animum
3255 1888 3485 1925 conver-

240 1959 415 2024 νὰτῳ,
453 1958 551 2025 τὴν
580 1959 852 2028 τιμωρίαν
904 1958 947 2011 δ’
977 1958 1232 2026 ἐκφυγὼν
1279 1958 1373 2010 xui.
1425 1956 1653 2019 πολλοὺς
1707 1956 1812 2008 τῶν

1918 1966 1998 2019 tit.
2031 1965 2158 2034 Ejus
2179 1976 2357 2021 autem
2384 1967 2684 2020 ministrum
2707 1964 2891 2018 habuit
2915 1964 3201 2033 quemdam
3225 1961 3485 2016 Titinium

240 2050 386 2101 κατά
414 2049 511 2117 τὴν
542 2049 724 2119 χώραν
757 2049 1055 2120 ἐλευθέρων
1104 2049 1247 2101 κατὰ
1267 2048 1524 2119 λῃστείαν
1549 2047 1811 2114 ἀναιρῶν,

1918 2068 2272 2126 cognomento
2297 2058 2571 2123 Cadmum,
2604 2072 2697 2124 spe
2732 2057 2922 2111 salutis
2951 2055 3277 2109 adductum:
3312 2055 3487 2108 fuerat

237 2140 434 2191 ούδὲνα
472 2140 529 2193 δὲ
559 2141 667 2193 τῶν
691 2141 915 2193 οίκετῶν
945 2141 1323 2211 παραλυπῶν),
1354 2136 1501 2208 εῖχεν
1535 2140 1812 2208 ὑπηρέτην

1918 2148 2056 2221 enim
2093 2148 2181 2202 hic
2231 2147 2464 2202 Titinius
2494 2158 2621 2201 ante
2648 2148 2783 2200 duos
2832 2159 3000 2198 attnos
3031 2142 3260 2215 [Romae]
3292 2142 3486 2210 capitis

235 2232 335 2283 τοῦ
375 2232 601 2284 σκοποῦ.
632 2232 794 2303 [H76
817 2233 907 2305 8.]
939 2228 1105 2296 Οὗτος
1161 2234 1299 2303 ἔχων
1331 2233 1480 2302 αὐτῷ
1512 2233 1558 2263 ⁸⁸
1588 2236 1811 2297 πιστοὺς

1918 2238 2322 2303 condemnatus,
2359 2240 2451 2290 sed
2490 2253 2702 2306 ptenam
2744 2235 3022 2304 effugerat,
3071 2235 3375 2304 multosque
3417 2249 3487 2287 ex

234 2322 460 2385 οίκέτας
481 2323 718 2387 ἱκανοὺς,
747 2324 993 2393 πρόσεισι
1014 2325 1093 2394 τῷ
1111 2325 1352 2395 φρουρίῳ
1375 2323 1481 2376 τῶν
1497 2324 1538 2354 ⁸⁷
1570 2324 1808 2377 ἀποστα-

232 2412 369 2473 τῶν,
418 2412 493 2473 ώς
553 2412 617 2482 δὴ
658 2414 701 2444 ⁸⁸
758 2412 1116 2482 συμμεθέξων
1152 2411 1247 2464 τοῦ
1314 2413 1456 2465 κατά
1517 2412 1809 2481 Ῥωμαίων

236 2503 505 2572 πολέμου·
533 2504 777 2573 εὐμενῶς
811 2505 867 2557 δὲ
917 2505 1009 2555 καὶ
1063 2504 1398 2575 φιλοφρόνως
1454 2505 1810 2574 προσδεχθεὶς

235 2595 414 2663 ᾑρέθη
433 2594 519 2647 διὰ
546 2596 644 2665 τὴν
674 2596 923 2663 ἀνδρείαν
951 2596 1042 2646 καὶ
1060 2595 1386 2665 στρατηγὸς,
1416 2597 1507 2647 καὶ
1528 2594 1807 2665 προύδωκε

233 2683 302 2733 το
331 2683 607 2753 φρούριον.
651 2683 772 2735 Τῶν
828 2683 872 2735 δ’
892 2684 1209 2736 ἀποστατῶν
1238 2684 1282 2714 ⁴⁵⁹
1316 2684 1363 2736 οί
1423 2684 1520 2753 μὲν
1571 2685 1811 2753 μαχόμε-

233 2789 322 2823 νοι
356 2773 398 2803 ⁵⁸
432 2774 833 2840 κατεκόπησαν,
866 2773 914 2826 οἱ
947 2774 1001 2825 δὲ
1036 2776 1132 2841 τὴν
1162 2773 1271 2826 ἀπὸ
1296 2774 1391 2843 τῆς
1430 2772 1683 2835 ἀλὼσεως
1720 2756 1809 2825 δελ

232 2867 412 2929 δ.ότες
444 2871 711 2938 τιμωρίαν
732 2870 955 2932 ἑαυτοὺς
998 2872 1464 2939 κατεκρήμνισαν.
1499 2873 1564 2923 'H
1596 2871 1694 2940 μὲν
1719 2865 1812 2924 οὗν

233 2960 430 3028 πρώτη
455 2960 563 3013 τῶν
579 2961 861 3031 δραπετῶν
897 2962 1086 3025 στάσις
1113 2960 1384 3029 κατελύθη
1407 2961 1497 3014 τὸν
1522 2962 1810 3032 εἰρημένον

234 3053 461 3118 τρόπον.

1916 2328 2225 2383 hominibus
2268 2328 2466 2397 3880
2496 2329 2679 2382 liberis
2702 2326 2818 2394 ejus
2836 2326 3069 2396 regionis
3088 2323 3487 2395 praedabundus

1915 2417 2221 2473 interficere
2260 2420 2486 2482 solebat,
2518 2419 2690 2473 servis
2723 2428 2909 2472 contra
2954 2432 3020 2471 ne
3052 2416 3333 2470 minimum
3365 2416 3487 2483 qui-

1916 2509 2034 2565 dem
2068 2510 2263 2577 negorii
2300 2509 2593 2563 facesseris.
2623 2507 2773 2563 Unde
2802 2524 2921 2560 cum
2959 2508 3157 2561 multos
3193 2505 3264 2559 ibi
3295 2519 3485 2560 servos

1915 2600 2016 2655 sibi
2052 2600 2186 2655 fidos
2233 2600 2477 2663 haberet,
2518 2596 2932 2661 adgcastellnm,
2969 2607 3223 2665 tanquam
3271 2606 3326 2649 et
3370 2596 3487 2663 ipse

1917 2706 2014 2760 pro
2046 2691 2186 2744 virili
2220 2700 2368 2759 parte
2404 2692 2667 2745 adversus
2708 2688 2976 2743 Romanos
2999 2688 3361 2756 prazliaturus,
3388 2701 3484 2740 ac-

1916 2783 2080 2836 cedit.
2110 2781 2371 2836 Beuevole
2393 2791 2571 2834 autem
2614 2782 2948 2847 comiterque
2992 2789 3262 2847 receptus,
3319 2778 3484 2831 etiam

1919 2871 2210 2939 imperator
2269 2869 2605 2925 fortitudinis
2666 2884 2794 2938 ergo
2854 2880 3067 2923 creatus
3124 2869 3245 2922 fuit.
3308 2866 3484 2932 Quam

1917 2962 2231 3031 dignitatem
2267 2964 2514 3030 adeptus.
2546 2960 2822 3014 castellum
2872 2961 3125 3028 prodidit.
3170 2959 3305 3012 Tum
3353 2972 3487 3012 vero

1912 3066 1979 3105 ex
2010 3052 2373 3107 defectoribus
2407 3053 2497 3106 alii
2536 3052 2758 3121 quidem
2808 3052 2861 3105 in
2902 3051 3087 3118 pralio
3116 3050 3320 3105 concisi
3361 3050 3483 3104 fue-

235 3152 385 3205 runt,
418 3142 505 3195 alii
536 3156 663 3195 vero
691 3157 863 3208 pmnae
889 3151 1056 3206 metu,
1097 3157 1257 3211 quam
1283 3156 1341 3195 se
1365 3150 1551 3208 captos
1590 3157 1812 3197 manere
1849 3143 2115 3210 sciebant,
2140 3158 2199 3197 se
2225 3144 2527 3213 praecipites
2554 3144 2838 3198 dederunt.
2871 3142 3050 3198 Prima
3118 3144 3283 3215 igitur
3342 3147 3486 3220 fugi-

232 3235 471 3285 tivorum
502 3232 697 3286 seditio
740 3246 985 3298 repressa
1017 3233 1119 3286 boc
1150 3233 1309 3287 modo
1338 3232 1458 3286 fuit.

306 3322 430 3375 Τῶν
458 3322 513 3375 δὲ
540 3321 886 3392 στρατιωτῶν
932 3322 1068 3391 πρὸς
1110 3322 1179 3376 τὰ
1225 3324 1401 3379 οἰκεῖα
1437 3322 1546 3392 ήθη
1603 3324 1811 3377 ἀπολυ-

1985 3323 2469 3378 Vernmenimvero
2534 3322 2794 3378 militibus
2831 3323 2894 3377 ad
2941 3323 3099 3379 sedes
3137 3340 3265 3380 suas
3294 3327 3487 3382 dimis-

232 3415 461 3477 θέντων,
495 3408 628 3483 ἧκόν
660 3429 805 3474 τινες
829 3413 1265 3480 ἀπαγγέλλοντες
1288 3414 1368 3465 ὅτι
1402 3415 1632 3466 Πόπλιον
1672 3414 1811 3466 K16-

232 3524 371 3568 νιον,
411 3505 702 3572 γενόμενον
757 3504 928 3556 ἱππέα
973 3503 1286 3573 Ῥωμαίων,
1315 3506 1721 3567 ἐπαναστάντες
1762 3506 1812 3558 oi

231 3597 415 3648 δοῦλοι
453 3594 801 3662 κατέσφαξαν
822 3594 1154 3663 ὀγδοήκοντα
1178 3595 1354 3659 ὅντες,
1380 3597 1473 3649 καὶ
1498 3597 1578 3649 ὅτι
1610 3595 1812 3665 πλῆθος

232 3687 541 3757 ἀγείρουσι.
631 3685 794 3737 Καὶὸ
832 3684 930 3754 μὲν
974 3687 1279 3754 στρατηγὸς
1330 3686 1532 3753 ἑτέρων
1594 3686 1813 3756 βουλαῖς

233 3776 697 3847 παρακρουσθεὶς,
729 3777 827 3846 ἤδη
889 3777 982 3829 καὶ
1022 3776 1130 3829 τῶν
1160 3777 1429 3829 πλείστων
1460 3778 1812 3846 στρατιωτῶν

234 3867 659 3935 ἀπολελυμένων
692 3867 772 3933 ⁸¹,,
790 3866 982 3937 καιρὸν
1006 3869 1231 3937 παρεῖχε
1268 3867 1356 3919 διὰ
1400 3867 1498 3934 τῆς
1544 3868 1813 3937 ἀναϐολῆς

232 3963 349 4021 τοῖς
366 3959 697 4020 ἀποστάταις
716 3957 921 4027 βέλτιον
938 3957 1134 4019 αὐτοὺς
1151 3957 1576 4025 ἀσφαλίσασθαι.
1599 3960 1812 4028 Προῆγε

234 4054 296 4104 δὲ
333 4050 471 4119 μετὰ
531 4050 639 4101 τῶν
688 4049 916 4101 ἐνόντων
965 4047 1332 4118 στρατιωτῶν,
1368 4050 1464 4101 καὶ
1497 4048 1686 4110 διαϐάς
1724 4048 1813 4100 τὸν

240 4141 450 4195 Ἀλεαν
472 4140 736 4209 ποταμὸν,
753 4138 998 4208 παρῆλθε
1021 4140 1147 4201 τοὺς
1179 4140 1487 4201 ἀποστάτας
1512 4138 1814 4209 διατρίϐον-

236 4248 339 4294 τας
372 4232 431 4282 ὲν
456 4230 573 4299 ὄρει
621 4228 949 4298 καλουμένῳ
978 4226 1304 4297 Καπριανῷ,
1339 4230 1434 4280 κα)⁵
1478 4229 1814 4297 κατήντησεν

236 4324 321 4384 είς
353 4321 509 4373 πόλιν
549 4318 900 4388 Ἡράκλειαν.
947 4318 1039 4370 Ἐκ
1064 4318 1174 4387 γάρ
1193 4319 1239 4349 ⁸³
1266 4316 1360 4369 τοῦ
1390 4318 1464 4386 μὴ
1488 4316 1813 4387 προσϐαλεῖν

235 4413 427 4473 αὐτοῖς
471 4410 562 4462 τὸν
616 4409 923 4480 στρατηγὸν
955 4408 1215 4478 ἀτολμίαν
1246 4407 1412 4461 αὑτοῦ
1446 4407 1813 4478 διαφημίσαν-

232 4519 348 4564 τες,
384 4499 611 4569 συχνοὺς
630 4500 876 4552 ἀνέσειον
902 4499 1011 4552 τῶν
1039 4499 1286 4552 οἰκετῶν.
1316 4498 1423 4552 Καὶ
1443 4498 1652 4551 πολλῶν
1680 4500 1813 4568 συρ-

235 4594 474 4661 ῥεόντων
501 4590 706 4643 καὶτὸν
742 4589 966 4642 δυνατὸν
1010 4589 1210 4658 τρόπον
1262 4588 1341 4650 είς
1406 4590 1585 4658 μάχην
1634 4604 1811 4656 παρα·

1915 3412 2011 3475 sis,
2041 3410 2267 3466 affertur
2296 3427 2324 3464 a
2347 3410 2670 3481 quibusdam
2709 3412 2949 3475 nuntius,
2982 3428 3167 3468 servos
3191 3414 3260 3469 80
3285 3417 3483 3484 conju-

1918 3505 2126 3558 ratione
2157 3502 2297 3559 facta
2329 3501 2392 3556 P.
2421 3502 2667 3558 Clonium
2698 3504 2785 3571 qui
2812 3505 3081 3571 equestris
3112 3507 3321 3561 ordinis
3350 3507 3478 3571 fuit.
3508 3544 3515 3561 κ

1918 3594 2271 3657 interfecisse.
2330 3608 2690 3662 magnamque
2741 3594 2840 3647 sibi
2886 3609 3106 3649 manum
3166 3599 3478 3668 adiungere.

1913 3685 2218 3750 Quinetiam
2286 3685 2402 3754 ipse
2448 3685 2743 3753 imperator
2778 3686 3020 3740 consiliis
3050 3688 3279 3740 aliorum
3317 3689 3482 3745 dece-

1916 3788 2060 3843 ptus,
2087 3775 2197 3842 jam
2224 3775 2359 3830 bona
2388 3790 2608 3831 suorum
2634 3775 2865 3829 militum
2891 3786 3041 3844 parte
3060 3778 3280 3832 dimissa
3298 3819 3313 3840 .
3342 3780 3484 3834 defe-

1912 3868 2153 3921 ctoribus
2181 3867 2247 3921 ad
2276 3882 2335 3922 se
2359 3867 2551 3921 melius
2571 3866 2892 3920 muniendas
2916 3876 3128 3933 tempus
3148 3869 3485 3925 dabat.Tau-

1913 3957 2036 4012 dem
2094 3970 2415 4012 tamencum
2455 3958 2817 4025 qualicunque
2864 3959 3037 4025 potuit
3087 3973 3248 4013 manu
3283 3961 3347 4013 ad
3385 3977 3484 4017 eos

1913 4047 2215 4107 contendit.
2270 4047 2600 4116 traiectoque
2655 4045 2817 4099 ﬂuvio
2871 4046 3028 4108 Alba,
3079 4047 3382 4101 defectores
3430 4052 3481 4103 in

1915 4149 2096 4192 monte
2143 4135 2414 4205 Capriano
2463 4137 2751 4190 stationem
2800 4146 3023 4202 agentes
3066 4146 3484 4204 praetergressus

1912 4238 2019 4293 est,
2045 4238 2101 4282 et
2121 4230 2187 4282 ad
2220 4229 2409 4282 urbem
2438 4227 2751 4281 Heracleam
2775 4228 3035 4297 perrexit.
3063 4228 3199 4281 Cum
3230 4229 3391 4297 igitur
3414 4232 3481 4285 de

1913 4320 2128 4391 ignavia
2148 4320 2487 4388 imperatoris
2508 4334 2777 4373 rumorem
2794 4319 3137 4387 sparsissent,
3160 4329 3343 4387 utpote
3360 4321 3482 4376 illos

1913 4411 2101 4481 praelia
2137 4410 2405 4466 lacessere
2429 4422 2534 4463 n0n
2565 4410 2707 4471 ausi,
2736 4408 2935 4463 multos
2972 4425 3037 4462 ex
3076 4410 3250 4464 servis
3280 4411 3346 4463 ad
3382 4411 3478 4464 de-

1913 4502 2200 4555 fectionem
2224 4499 2559 4562 animabaut,
2593 4498 2728 4552 adeo
2756 4497 2939 4551 multis
2979 4499 3216 4565 undique
3243 4500 3481 4553 circum-

1912 4589 2224 4654 fluentibus,
2269 4601 2435 4657 seque
2484 4588 2569 4650 iis,
2623 4602 2851 4657 quorum
2906 4586 3216 4641 facultatem
3269 4597 3481 4657 tempus

234 4682 678 4749 ςκευαζομένων,
756 4682 815 4731 ὲν
896 4678 1036 4732 ἐπτά
1099 4681 1221 4742 ταῖς
1282 4678 1527 4749 πρώταις
1579 4678 1812 4747 ἡμέραις

1918 4681 2175 4748 locusque
2213 4679 2434 4741 dabant,
2472 4676 2639 4730 armis
2673 4676 3079 4739 instruentibus,
3108 4687 3163 4730 ut
3194 4677 3332 4729 intra
3366 4678 3481 4743 pri-

231 4770 698 4838 καθωπλίσθησαν
755 4768 973 4830 πλείους
1030 4767 1137 4819 τῶν
1204 4767 1556 4831 ὀκτακοσίων,
1611 4766 1808 4834 ἐφεξῆς

1918 4783 2031 4822 mos
2066 4776 2271 4835 septem
2300 4767 2416 4819 dies
2445 4764 2771 4832 octingentis
2802 4764 2981 4831 plures
3016 4766 3210 4817 armati
3253 4764 3476 4831 fuerint,

231 4863 276 4913 δ’
304 4862 551 4928 ἐγένοντο
582 4861 691 4913 τῶν
730 4858 1002 4928 δισχιλίων
1040 4860 1141 4911 οὑκ
1171 4859 1445 4919 ἐλάττους.
1498 4858 1807 4928 Πυθόμενος

1918 4874 2098 4928 poetea
2146 4871 2273 4909 vero
2321 4870 2491 4922 usque
2525 4857 2590 4908 ad
2636 4856 2863 4908 duorum
2916 4855 3141 4907 tnillium
3191 4871 3478 4909 uulnerum

230 4956 276 5006 δ’
310 4956 367 5005 ὲν
414 4952 707 5022 Ἡρακλεία
768 4954 867 5019 τὴν
913 4952 1140 5021 αύξησιν
1183 4952 1359 5003 αὐτῶν
1414 4950 1451 5001 ’ὁ
1509 4949 1811 5019 στρατηγὸς

1918 4954 2203 5007 creverint.
2245 4951 2538 5018 Postquam
2581 4960 2760 5003 autem
2802 4950 3094 5017 imperator
3124 4950 3262 5017 apud
3307 4949 3479 5003 Hera-

232 5045 480 5114 ἡγεμόνα
510 5044 925 5111 προεχειρίσατο
949 5043 1174 5111 Μάρκον
1214 5041 1466 5102 Τιτίνιον,
1500 5041 1623 5102 δοὺς
1661 5039 1809 5109 αύτῷ

1918 5044 2082 5097 cleam
2112 5042 2177 5096 de
2210 5043 2383 5095 auctis
2424 5056 2611 5097 eorum
2648 5041 2851 5093 viribus
2882 5039 3080 5092 certior
3127 5038 3300 5093 factus
3353 5038 3474 5102 fuit,

232 5135 574 5205 στρατιώτας
603 5137 728 5197 τοὺς
747 5136 810 5187 ὲκ
831 5134 926 5202 τῆς
953 5134 1147 5201 Ἔννης
1178 5134 1447 5201 φρουροὺς
1470 5131 1803 5194 ἑξακοσίους.

1918 5133 2103 5188 ducem
2160 5134 2419 5187 adversus
2479 5148 2574 5185 eus
2627 5129 2863 5184 Marcum
2926 5128 3185 5182 Titinium
3244 5131 3474 5192 creavit,

232 5223 405 5291 Οὗτος
429 5229 482 5281 δὲ
520 5228 668 5297 μάχῃ
723 5225 1045 5296 προσϐαλὼν
1096 5228 1207 5287 τοῖς
1269 5224 1623 5285 ἀποστάταις,
1683 5221 1806 5273 ἐπεὶ

1918 5241 2141 5294 eumque
2166 5241 2288 5279 cum
2327 5224 2599 5279 sexcentis
2626 5237 2693 5277 ex
2723 5222 2873 5277 Enna
2908 5221 3259 5291 praesidiariis
3291 5222 3475 5275 militi-

233 5322 329 5373 καὶ
352 5320 429 5388 τῷ
479 5320 672 5387 πλήθει
706 5320 800 5370 καὶ
852 5319 969 5379 ταῖς
986 5316 1313 5386 δυσχωρίαις
1342 5314 1388 5348 ⁵³
1418 5312 1803 5365 ἐπλεονέκτουν

1918 5318 2011 5370 bus
2030 5318 2199 5371 misit.
2228 5316 2324 5369 llic
2358 5331 2487 5369 vero
2515 5315 2815 5369 defectores
2845 5312 3066 5366 adortus
3110 5314 3293 5382 praelia
3330 5311 3472 5380 (cum

233 5415 457 5474 ἐκεῖνοι,
483 5411 691 5479 ἐτράπη
728 5410 824 5462 σὺν
866 5411 975 5471 τοῖς
1034 5406 1164 5475 περὶ
1215 5405 1396 5466 αὑτὸν,
1425 5404 1635 5456 πολλῶν
1696 5402 1794 5473 μὲν

1926 5406 1976 5456 lli
2025 5415 2079 5457 et
2114 5420 2337 5459 numero
2379 5404 2682 5473 superiores
2721 5412 2922 5466 essent,
2946 5410 3000 5455 et
3043 5400 3095 5455 in
3139 5416 3205 5455 eo
3261 5416 3476 5470 quoque

1522 5544 1754 5600 VARIJE
1796 5542 2193 5598 LECTIONES.

308 5644 672 5703 ⁸³Λικκίννιος
693 5642 756 5696 Α.
832 5643 876 5674 ⁸³
892 5643 951 5694 τὸ
979 5658 1090 5697 out.
1123 5645 1186 5695 A.
1264 5644 1308 5675 "
1338 5642 1585 5695 Γαὸδαῖον
1616 5640 1672 5693 Β.
1743 5639 1788 5671 ⁸⁸
1809 5637 1973 5690 αὑτοῦ
2008 5637 2083 5709 Β.
2107 5637 2151 5668 ⁵⁷
2167 5636 2297 5709 τῶν]
2325 5639 2414 5689 καὶ
2437 5638 2542 5690 τῶν
2564 5637 2622 5691 B.
2698 5637 2741 5669 “
2762 5637 2834 5709 ᾡς
2858 5635 3011 5709 δῂ--λ
3068 5635 3113 5665 δ’
3151 5635 3474 5709 ἀποστατῶν

234 5713 407 5837 ἓὲηω
433 5722 487 5813 e':
511 5711 1143 5850 |l6l33fliépxattcaéoﬁttevot
1168 5729 1227 5777 ς.
1331 5714 1372 5745 ἰ
1402 5710 1744 5781 στρατιωτῶν
1782 5708 2199 5776 ἀπολελυμένων
2248 5703 2357 5761 oin.
2396 5711 2459 5761 Α.
2564 5709 2609 5740 ³³
2655 5705 2786 5777 γάρ]
2814 5703 2939 5773 γοῦν
2987 5707 3053 5765 A,
3087 5705 3394 5773 przestiturit
3423 5703 3471 5755 δ’

484 5874 749 5930 Pn'tmL.
782 5874 898 5931 (in.
935 5870 1090 5929 Clll.
3018 5861 3095 5919 hii
