4216 6430
258 416 401 485 1421

1370 422 1889 483 BlBLlOTHECA.
1908 449 1975 460 -
2002 426 2163 488 COD.
2198 429 2485 490 CCXLIV.

3378 426 3512 490 1L2!

255 533 368 600 τὴν
397 531 710 603 ιλευθερίαν
744 532 1075 603 ἀνατρέψας,
1106 532 1478 602 αὐτομολῆσαι
1508 536 1630 597 τοὺς
1682 535 1838 587 πλεί-

1870 543 1913 596 Α
1943 540 2194 605 tegravit,
2218 539 2483 608 jussitque
2516 540 2837 610 proclamari
2872 553 2930 596 se
2957 540 3024 596 iis
3053 539 3378 605 libertatem,
3408 550 3506 610 qui

262 639 436 686 στους
462 624 847 690 παρεσκεύασε
876 627 989 686 τοῖς
1011 625 1366 686 ἀποστάταις.

1948 630 2019 681 ibi
2050 640 2250 693 essent,
2284 633 2454 687 servis
2491 632 2837 687 donaturum.
2867 632 2973 687 Sed
3006 634 3149 686 enim
3178 647 3365 688 eorum
3409 634 3508 687 do-

256 714 430 766 minis
472 714 709 768 vicissim
764 730 883 769 eam
936 715 1039 768 illis
1069 714 1513 782 proponentibus,
1547 715 1838 769 dummodo
1876 729 2063 771 secum
2105 722 2365 777 adversus
2409 723 2590 778 hostes
2638 723 2980 787 dimicarent,
3032 738 3152 777 eam
3231 722 3299 776 ab
3374 724 3510 792 ipsis

264 804 523 871 accipere
570 806 902 869 maluerunt,
948 815 1204 871 tantaque
1252 806 1419 859 animi
1474 816 1851 874 pugnaverunt
1887 806 2184 874 alacritate,
2212 820 2273 866 ut
2325 812 2659 868 obsidionem
2714 817 3115 868 submoverent.
3152 812 3503 867 Verumenim

257 908 396 947 vero
432 896 722 964 imperator
751 906 935 963 postea
970 894 1167 965 389a
1201 896 1471 965 denegans
1510 893 1830 963 promissam
1870 893 1976 949 illis
2000 896 2327 965 libertatem,
2354 900 2411 955 in
2445 916 2605 957 causa
2629 901 2729 957 fuit
2755 918 2854 957 cur
2885 906 2951 958 ad
3010 903 3309 958 defectores
3378 901 3507 970 plu-

253 988 385 1041 rimi
424 989 822 1056 transfugerent
858 987 996 1055 (70).

334 1100 468 1168 Περὶ
499 1099 556 1151 δὲ
586 1099 681 1168 τὴν
711 1098 1046 1167 Αἰγεσταίων
1080 1098 1175 1151 καὶΙ
1232 1099 1571 1153 Διλυδαῖτῶν
1620 1101 1829 1170 χώραν,

250 1190 419 1243 ἔτιδὲ
477 1191 585 1242 τῶν
631 1189 805 1241 ἄλλων
854 1189 961 1241 τῶν
1000 1187 1426 1258 πλησιοχώρων,
1482 1190 1656 1242 ἐνόσει
1698 1191 1834 1260 πρὸς

251 1281 564 1333 ἀπόστασιν
596 1280 666 1331 τά
697 1279 875 1348 πλήθη
924 1280 1028 1331 τῶν
1066 1279 1308 1332 οἰκετῶν.
1350 1277 1561 1332 Γίνεται
1599 1279 1656 1332 δὲ
1709 1280 1836 1332 τού-

252 1389 371 1424 των
398 1372 642 1441 ἀρχηγὸς
674 1370 937 1437 Ἀθηνίων
962 1370 1155 1438 ὄνομα,
1187 1370 1326 1439 ἀνὴρ
1375 1369 1595 1439 ἀνδρείᾳ
1646 1371 1836 1438 διαφέ-

254 1479 393 1532 ρων,
446 1462 604 1525 Κίλιξ
656 1460 716 1513 τὺ
766 1461 937 1527 γένος.
985 1456 1151 1520 Οὗτος
1180 1460 1459 1530 οίκονόμος
1504 1460 1579 1514 ὣν
1615 1462 1762 1515 δυοῖν
1792 1463 1836 1494 ⁸⁷

251 1553 511 1621 ἀδελφῶν
564 1552 1032 1621 μεγαλοπλούτων,
1100 1554 1191 1605 καὶ
1247 1552 1345 1620 τῆς
1396 1554 1835 1622 ἀστρομαντικῆς

252 1645 465 1713 πολλὴν
494 1644 632 1713 ἔχων
666 1642 982 1713 ἐμπειρίαν,
1015 1643 1196 1695 ἔπεισε
1224 1643 1333 1695 τῶν
1359 1644 1585 1695 οἰκετῶν
1616 1645 1831 1714 πρῶτον

256 1736 362 1803 μὲν
390 1736 516 1795 τοὺς
547 1734 635 1801 ὑφ’
666 1735 856 1786 ἑαυτὸν
880 1734 1266 1801 τεταγμένους,
1294 1736 1422 1803 περὶ
1454 1734 1497 1765 ⁸⁹
1526 1735 1832 1796 διακοσίους

250 1827 441 1890 ὄντας,
476 1826 664 1877 ἔπειτα
696 1826 820 1889 τοὺς
848 1824 1215 1893 γειτνιῶντας,
1244 1823 1383 1876 ὥστε
1405 1825 1463 1877 ὲν
1488 1824 1649 1876 πέντε
1695 1825 1834 1895 ἡμέ-

254 1933 385 1984 ραις
420 1915 750 1983 συναχθῆναι
780 1914 996 1975 πλείους
1023 1915 1132 1966 τῶν
1163 1913 1367 1982 χιλίων.
1417 1913 1552 1966 ’Υπὸ
1609 1913 1668 1965 δὲ
1706 1913 1831 1967 τού-

250 2024 368 2058 των
401 2007 641 2076 αἱρεθεὶς
676 2006 926 2075 βασιλεὺς
958 2007 1052 2059 καὶ
1078 2007 1313 2076 διάδημα
1341 2007 1715 2077 περιθέμενος,
1741 2010 1831 2061 ὲν-

250 2098 446 2149 αντίαν
472 2102 585 2158 τοῖς
610 2098 787 2159 ἄλλοις
823 2097 1026 2150 ἅπασιν
1059 2098 1394 2159 ἀποστάταις
1439 2098 1540 2165 τὴν
1592 2098 1833 2153 διάθεσιν

251 2190 519 2241 ἐποιεῖτο.
544 2191 617 2242 Ού
642 2192 750 2260 γὰρ
780 2190 1138 2261 προσεδέχετο
1172 2191 1380 2252 πάντας
1421 2190 1546 2252 τοὺς
1592 2193 1830 2258 ἀφιστα-

254 2281 478 2349 μένους,
504 2283 639 2334 ἀλλά
666 2284 790 2345 τοὺς
835 2282 1087 2350 ἀρίστους
1118 2283 1435 2353 ποιούμενος
1466 2282 1827 2351 στρατιώτας,

250 2373 382 2433 τσὺς
410 2371 602 2433 ἄλλους
651 2373 927 2440 ἠνάγκαζε
948 2373 1205 2441 μένοντας
1229 2373 1322 2425 ἐπὶ
1346 2374 1456 2424 τῶν
1499 2391 1831 2445 προγεγενη-

254 2461 441 2528 μένων
472 2463 743 2529 ἐργασιῶν
779 2464 1154 2530 ἐπιμελεῖσθαι
1180 2464 1280 2531 τῆς
1325 2464 1462 2526 ἰδίας
1489 2464 1720 2518 ἕκαστον
1750 2468 1828 2518 ol-

251 2551 517 2619 κονομίας
572 2553 662 2604 καὶ
712 2553 935 2617 τάξεως,
991 2554 1047 2618 ἐξ
1088 2548 1161 2606 ὧν
1210 2554 1305 2606 καὶ
1336 2556 1545 2624 τροφάς
1566 2556 1830 2623 ἀφθόνους

248 2642 367 2694 τῶν
400 2644 744 2711 στρατιωτῶν
774 2646 1103 2713 ἐχορηγεῖτο.
1159 2647 1545 2715 Προσεποιείτο
1598 2648 1655 2700 δὲ
1704 2650 1829 2710 τοὺς

250 2733 415 2795 θεοὺς
444 2734 593 2803 αὐτῷ
618 2735 703 2786 διὰ
756 2736 862 2786 τῶν
893 2736 1106 2805 ἄστρων
1137 2739 1528 2814 προσημαίνειν
1549 2740 1623 2801 ὡς
1649 2740 1827 2793 ἔσοιτο

247 2824 354 2892 τῆς
402 2826 533 2892 [635
565 2824 659 2896 Η.]
705 2826 951 2887 Σικελίας
984 2827 1031 2857 ⁶⁹
1065 2829 1359 2898 συμπάσης
1389 2828 1640 2896 βασιλεύς
1670 2846 1686 2861 ⁸
1744 2832 1827 2884 διο

246 2915 364 2967 δεῖν
396 2917 565 2985 αὐτῆς
593 2934 649 2967 τε
680 2918 777 2984 τῆς
807 2916 987 2987 χώρας
1020 2921 1111 2971 καὶ
1140 2920 1248 2971 τῶν
1285 2922 1342 2971 ἐν
1392 2922 1526 2990 αὐτῇ
1570 2920 1726 2983 ζώων
1765 2940 1825 2974 τε

249 3006 352 3056 καὶ
410 3008 636 3075 καρπῶν
670 3008 745 3069 ὼς
793 3009 936 3061 ἰδίων
980 3010 1277 3075 φείδεσθαι.
1342 3012 1504 3073 Τέλος
1564 3013 1825 3079 ἀθροίσας

248 3095 397 3165 ὑπὲρ
449 3098 576 3157 τοὺς
635 3098 860 3167 μυρίους
902 3100 1165 3169 ἐτόλμησε
1216 3102 1370 3153 πόλιν
1423 3103 1733 3171 ἀπόρθητον
1763 3104 1824 3156 τὸ

247 3184 545 3237 Λιλυϐαἰον
561 3187 885 3257 πολιορκεῖν.
914 3188 1094 3258 Μηδὲν
1109 3191 1165 3241 δὲ
1192 3191 1369 3243 ἀνύων
1404 3194 1761 3259 μετανίστατο
1776 3195 1823 3226 ⁷⁸
1849 3186 1893 3247 C

248 3276 449 3345 αὐτῆς,
499 3278 667 3328 εἰπὼν
710 3279 858 3347 αὑτῷ
907 3280 1032 3340 τοὺς
1059 3281 1232 3342 ,θεοὺς
1284 3282 1440 3333 τοῦτο
1470 3285 1779 3337 ἐπιτάττειν
1805 3304 1820 3319 ’

248 3369 609 3436 ἐπιμένοντας
644 3371 749 3439 γάρ
776 3375 841 3441 τῇ
874 3374 1157 3443 πολιορκίᾳ
1194 3375 1602 3445 δυστυχήματος
1634 3397 1823 3451 πειρα-

249 3460 1011 3533 θῆναι.11αρασκευαζομένου
1040 3466 1083 3497 ⁷⁸
1120 3465 1177 3517 δὲ
1199 3466 1365 3519 αὑτοῦ
1422 3468 1520 3537 τὴν
1570 3469 1677 3521 ἀπὸ
1724 3472 1823 3540 τῆς

247 3553 457 3614 πόλεως
483 3553 847 3623 ἀναχώρησιν,
882 3557 1253 3611 κατέπλευσάν
1274 3575 1417 3621 τινες
1450 3563 1506 3612 ἐν
1521 3564 1641 3623 ταῖς
1666 3564 1823 3614 ναυσὶ

248 3646 567 3713 κομίζοντες
595 3649 908 3709 ἐπιλέκτους
935 3646 1335 3719 Μαυρουσίους,
1376 3652 1425 3705 οἳ
1446 3655 1539 3705 ἐπὶ
1567 3655 1820 3723 βοήθειαν

246 3732 391 3805 ἦσαν
420 3736 819 3805 ἀπεσταλμένοι
844 3736 1007 3808 [1180
1024 3739 1115 3810 IL]
1137 3744 1248 3803 τοῖς
1270 3744 1641 3810 Λιλυὸαἲταις,
1667 3744 1819 3815 ἔχον⁹

245 3845 340 3889 τες
365 3829 667 3897 ἡγούμενον
694 3831 752 3891 ὃς
774 3831 1085 3899 ὠνομάζετο
1114 3834 1152 3884 Γ
1154 3834 1321 3902 όμων.
1388 3830 1557 3899 Οὗτος
1584 3838 1681 3890 σὺν
1705 3843 1821 3904 τοῖς

247 3919 346 3988 ἀμ’
395 3920 544 3990 αὐτῷ
597 3922 737 3974 κατὰ
787 3922 959 3976 νύκτα
1008 3927 1099 3977 καὶ
1127 3926 1461 3991 ἀνελπίστως
1500 3933 1819 4002 ἐπιθέμενος

242 4012 373 4073 τοὺς
404 4012 534 4080 περὶ
557 4013 853 4083 Ἀθηνίωνα
909 4016 1342 4087 ὁδοιποροῦντας,
1379 4022 1606 4087 πολλοὺς
1650 4042 1819 4079 κατα⁴

244 4100 523 4164 ϐαλόντες,
563 4103 661 4153 οὐκ
689 4103 902 4170 ὀλίγους
924 4106 968 4136 ⁷¹
1000 4106 1055 4157 δὲ
1088 4111 1577 4178 τραυματίσαντες,
1604 4116 1683 4177 εἰς
1718 4116 1816 4185 τὴν

245 4190 402 4242 πόλιν
426 4193 746 4261 ἐπανῆλθον.
774 4196 972 4265 Διόπερ
994 4197 1044 4248 οἱ
1068 4200 1370 4252 ἀποστάται
1404 4202 1501 4271 τὴν
1551 4206 1615 4257 ἐκ
1642 4206 1687 4237 ⁷³
1716 4207 1819 4276 τῆς

242 4280 674 4349 άστρομαντείας
703 4285 1009 4355 πρόρρησιν
1030 4286 1357 4357 ἐθαύμαζον.

316 4564 442 4636 Εἶχε
470 4567 525 4619 δὲ
556 4569 655 4639 τὴν
686 4569 962 4624 Σικελείαν
993 4574 1170 4625 πᾶσαν
1217 4574 1261 4605 ⁷⁸
1291 4574 1551 4645 σύγχυσις
1590 4583 1686 4633 καὶ
1714 4600 1814 4635 κα-

239 4659 357 4711 κῶν
413 4660 592 4721 Ἰλιάς.
635 4661 707 4713 Ού
758 4664 864 4731 γὰρ
892 4664 939 4714 οί
973 4662 1144 4717 δοῦλοι
1180 4667 1359 4734 μόνον,
1394 4668 1529 4722 ἀλλά
1568 4673 1661 4723 καὶ
1708 4673 1815 4726 τῶν

239 4751 548 4818 ἐλευθέρων
573 4754 619 4803 οἱ
644 4755 842 4823 ἄποροι
867 4756 1047 4809 πᾶσαν
1073 4758 1329 4827 ἁρπαγὴν
1353 4762 1447 4811 καὶ
1471 4765 1813 4834 παρανομίαν

237 4843 623 4912 ἐργαζόμενοι,
660 4846 757 4898 καὶ
803 4849 928 4910 τοὺς
967 4851 1455 4919 περιτυγχάνοντας
1492 4856 1711 4918 δούλους
1752 4879 1812 4914 τε

237 4937 334 4987 καὶ
364 4936 697 5006 ἐλευθέρους,
731 4940 879 5001 ὅπως
917 4943 1105 5010 μηδεὶς
1133 4944 1435 5012 ἀπαγγέλοι
1462 4949 1505 4977 ⁷⁸
1544 4951 1642 5019 τὴν
1681 4954 1810 5023 περὶ⁵

238 5027 437 5088 αὐτοὺς
473 5029 750 5093 ἀπόνοιαν,
790 5032 1039 5097 ἐφόνευον
1073 5034 1320 5098 ἀναιδῶς.
1358 5039 1448 5091 Διὸ
1478 5044 1571 5093 καὶ
1610 5046 1809 5108 πάντες

230 5119 280 5167 οί
311 5117 452 5168 κατά
478 5118 577 5181 τὰς
605 5121 785 5183 πόλεις
813 5122 1190 5191 ὑπελάμϐανον
1214 5128 1283 5177 τά
1319 5129 1417 5196 μὲν
1447 5132 1592 5195 ἐντὸς
1615 5136 1807 5203 τειχῶν

233 5208 391 5291 μόλις
429 5205 565 5264 εἶναι
601 5212 724 5275 ἴδια,
750 5213 817 5265 τά
837 5214 884 5266 δ’
911 5214 1068 5277 ἐκτὸς
1110 5215 1361 5289 ἀλλότρια
1391 5223 1482 5276 καὶ
1511 5223 1671 5279 δοῦλα
1702 5229 1801 5297 τῆς

2006 1093 2121 1147 Jam
2180 1110 2310 1149 vero
2370 1105 2424 1150 et
2451 1098 2593 1165 apud
2651 1096 2974 1167 IEgesIzeos,
3015 1099 3326 1167 pariterque
3378 1100 3505 1153 Lili-

1938 1185 2199 1247 basenses,
2244 1198 2305 1238 ac
2330 1184 2590 1239 ﬁnitimos
2620 1186 2724 1241 illis
2750 1187 2994 1254 populos,
3032 1189 3220 1244 eadem
3256 1189 3508 1243 defectio-

1939 1275 2023 1330 nis
2068 1274 2352 1343 cupiditas,
2403 1290 2497 1329 ceu
2551 1278 2770 1330 morbus
2828 1277 3043 1345 quidam
3088 1292 3184 1345 per
3220 1292 3503 1332 servorum

1939 1380 2129 1433 greges
2177 1366 2447 1433 serpebat.
2499 1366 2695 1420 Eorum
2780 1378 2959 1419 autem
3007 1367 3112 1420 dux
3159 1370 3507 1423 constituitur

1943 1460 2172 1514 Athenio
2201 1461 2417 1526 quidam
2444 1463 2527 1515 vir
2563 1462 2877 1517 fortitudine
2910 1475 3190 1532 praestans,
3225 1476 3377 1520 ortus
3405 1484 3505 1521 au-

1944 1558 2049 1603 tem
2078 1563 2107 1602 e
2132 1547 2341 1605 Cilicia.
2372 1550 2469 1605 Hic
2496 1565 2618 1607 cum
2644 1567 2732 1606 res
2753 1552 3078 1610 domesticas
3111 1557 3336 1611 duorum
3372 1572 3506 1622 opu-

1942 1637 2357 1693 lentissimorum
2396 1640 2622 1696 fratrum
2665 1642 3026 1711 dispensaret,
3062 1660 3115 1700 et
3146 1647 3263 1715 ejus
3296 1664 3416 1715 qua:
3448 1650 3508 1701 fit

1939 1741 2003 1780 ex
2030 1728 2191 1781 astris
2213 1730 2451 1783 scientia:
2476 1733 2841 1798 peritissimus
2867 1744 3031 1799 esset,
3060 1752 3245 1793 servos
3276 1738 3327 1791 in
3353 1754 3504 1792 suam

1868 1860 1907 1917 Β
1939 1821 2257 1873 sententiam
2281 1823 2545 1887 pertraxit
2572 1838 2584 1873 :
2611 1823 2842 1891 primum
2864 1827 3078 1891 quidem
3098 1841 3214 1891 eos,
3241 1843 3375 1896 quos
3403 1832 3504 1882 suh

1935 1914 2202 1975 potestate
2233 1909 2483 1975 habebat,
2508 1926 2731 1966 numero
2757 1914 2975 1970 circiter
2996 1916 3292 1997 ducentos;
3320 1928 3504 1986 postea

1935 1998 2146 2049 vero’et
2170 1997 2396 2061 vicinos,
2416 2000 2549 2053 adeo
2575 2010 2633 2055 ut
2660 2004 2899 2072 quinque
2923 2007 3129 2061 dierum
3158 2011 3334 2077 spatio
3362 2012 3508 2066 mille

1933 2090 1988 2137 et
2024 2086 2257 2152 amplius
2279 2101 2759 2160 congregarentur.
2781 2091 2864 2148 Ab
2889 2095 2973 2149 bis
3007 2106 3186 2151 autem
3218 2114 3312 2154 rex
3344 2117 3503 2157 crea-

1936 2182 2038 2237 tus,
2079 2176 2435 2247 impositaque
2459 2180 2622 2247 capiti
2662 2182 2993 2250 diademate,
3027 2202 3183 2241 secus
3209 2204 3370 2257 quam
3394 2208 3503 2248 cae-

1935 2263 2032 2315 teri
2091 2264 2392 2320 defectores
2445 2284 2572 2324 suas
2625 2271 2866 2327 rationes
2926 2274 3263 2332 instituebat.
3319 2278 3507 2346 Neque

1932 2352 2073 2406 enim
2100 2367 2286 2410 omnes
2310 2366 2575 2426 quotquot
2596 2360 2942 2427 deficiebant,
2971 2365 3288 2434 recipiebat,
3317 2373 3413 2423 sed
3437 2385 3506 2425 ex

1933 2440 1998 2494 iis
2024 2445 2431 2502 strenuissimos
2462 2464 2703 2521 quosque
2730 2452 2782 2507 in
2808 2467 3027 2509 suorum
3052 2458 3281 2512 militum
3315 2476 3505 2516 nume-

1932 2546 2049 2584 rum
2077 2533 2332 2603 allegens,
2370 2538 2606 2607 reliquos
2661 2544 2917 2612 cogebat,
2969 2549 3213 2615 repetitis
3260 2551 3505 2619 pristinis

1930 2622 2177 2691 opificiis.
2209 2642 2650 2700 unumquemque
2675 2637 2921 2690 eumdem
2951 2652 3109 2706 quem
3137 2651 3293 2695 antea
3326 2643 3502 2698 locum

1933 2715 2137 2773 tenere,
2176 2717 2230 2763 et
2262 2727 2490 2780 quarum
2524 2730 2703 2771 rerum
2725 2720 3050 2787 dispensatio
3083 2734 3231 2779 esset
3251 2726 3365 2791 ejus
3390 2728 3505 2781 offi-

1929 2794 2190 2858 cii,.'eam
2249 2801 2490 2855 studiose
2545 2806 2838 2873 suscipere.
2896 2808 3011 2874 Qua
3062 2827 3129 2865 ex
3180 2829 3237 2867 re
3290 2815 3498 2884 largum

1927 2884 2092 2938 etiam
2122 2893 2471 2956 comparabat
2499 2895 2613 2947 suis
2648 2910 3026 2953 commeatum.
3071 2901 3239 2957 Porro
3270 2904 3501 2972 ﬁngebat

1928 2972 2056 3028 deos
2094 2990 2189 3042 per
2224 2986 2369 3032 astra
2402 2979 2639 3035 futurum
2682 3000 2739 3039 se
2769 2988 3037 3043 universae
3078 2988 3278 3045 Siciliae
3313 3009 3495 3062 regem

1928 3059 2371 3126 praesignificare,
2416 3064 2641 3129 ideoque
2672 3080 2922 3133 oportere
2967 3083 3071 3126 tam
3115 3077 3214 3143 ipsi
3265 3059 3496 3147 regioni,

1927 3160 2085 3212 quam
2111 3150 2434 3205 animalibus
2456 3162 2511 3207 et
2542 3154 2828 3219 fructibus,
2863 3162 2951 3228 qui
2993 3162 3045 3214 in
3079 3177 3140 3216 ea
3173 3178 3355 3218 essent
3383 3179 3501 3222 tan-

1927 3251 2083 3304 quam
2121 3241 2350 3308 propriis
2371 3257 2619 3311 parcere.
2650 3244 2885 3302 Tandem
2916 3265 3041 3304 vero
3064 3267 3184 3305 cum
3214 3270 3374 3324 supra
3404 3258 3500 3313 dc-

1923 3340 2039 3381 cem
2070 3329 2230 3382 millia
2256 3329 2531 3385 hominum
2557 3337 3142 3411 coegisset,Lilyb:cum
3170 3346 3501 3416 inexpugna—

1928 3419 2086 3474 bilem
2145 3423 2331 3476 urbem
2386 3425 2636 3481 obsidere
2682 3439 2765 3484 est
2802 3446 2993 3499 ausus;
3032 3435 3128 3490 sed
3173 3453 3232 3492 se
3279 3455 3495 3509 operam

1929 3514 2153 3579 perdere
2190 3515 2646 3585 animadvertetis,
2688 3523 3025 3580 obsidionem
3066 3537 3321 3599 tanquam
3354 3536 3495 3588 dco-

1927 3618 2045 3656 rnm
2097 3606 2324 3672 imperio
2372 3607 2579 3674 solvit,'.
2608 3620 2789 3679 utpote
2855 3614 3030 3681 aliqua
3078 3635 3183 3673 non
3241 3623 3498 3679 mediocri

1921 3694 2257 3760 impendente
2287 3696 2593 3753 calamitate
2624 3700 2905 3758 obsidione
2930 3722 3034 3761 non
3077 3708 3496 3769 abstinentibus.

1918 3782 2051 3835 Cum
2098 3785 2261 3854 igitur
2310 3790 2379 3843 ab
2425 3789 2555 3843 urbe
2600 3795 2853 3847 recedere
2898 3808 3133 3865 pararet,
3179 3801 3497 3870 appulerunt

1921 3888 2112 3942 naves,
2155 3880 2401 3944 quaedam
2456 3880 2718 3934 delectam
2800 3883 3107 3941 Maurorum
3168 3890 3498 3949 advehentes

1919 3977 2155 4029 manum,
2215 3967 2415 4022 auxilio
2449 3970 2872 4038 Lylibazensibus
2918 3978 3134 4033 missam
3173 3997 3188 4034 :
3230 3984 3313 4037 cui
3350 4000 3496 4052 prce-

1916 4063 2030 4106 erat
2058 4056 2272 4121 quidam
2302 4058 2518 4112 nomine
2559 4058 2787 4117 Gomon.
2815 4063 2915 4121 Hic
2945 4082 3067 4122 cum
3098 4072 3213 4126 suis
3243 4088 3404 4129 noctu
3440 4089 3495 4133 et

1918 4140 2209 4209 improviso
2240 4146 2597 4202 Athenionem
2656 4165 2784 4207 suas
2815 4157 2994 4223 c0pias
3022 4160 3305 4216 ducentem
3332 4166 3495 4219 ador-

1918 4242 2023 4298 tus,
2047 4249 2170 4289 cum
2202 4238 2398 4293 multos
2423 4240 2524 4294 iter
2544 4240 2805 4300 facientes
2829 4257 3177 4315 prostrasset,
3212 4270 3317 4308 non
3359 4272 3493 4323 pau-

1916 4339 2009 4379 cos
2050 4337 2227 4404 autem
2292 4330 2648 4396 vulnerasset,
2702 4334 2771 4388 ad
2823 4338 3007 4392 urbem
3055 4344 3241 4408 pedem
3292 4347 3490 4400 retulit.

1916 4418 2093 4483 Quare
2113 4420 2200 4475 illa
2224 4423 2543 4481 Athenionis
2563 4442 2629 4481 ex
2656 4429 2849 4484 castris
2883 4433 3192 4489 vaticinatio
3218 4439 3269 4491 in
3322 4444 3492 4507 pretio

1852 4538 1896 4592 ο
1921 4516 1974 4562 et
2005 4509 2362 4567 admiratione
2391 4526 2526 4569 erat.

1983 4617 2129 4672 Inter
2178 4635 2239 4673 ea
2290 4633 2469 4677 autem
2526 4626 2678 4681 valde
2722 4629 2980 4685 confusus
3033 4637 3486 4710 perturbatusque

1911 4717 2228 4762 eratrerum
2282 4709 2481 4766 Siciliae
2514 4726 2709 4781 status,
2760 4733 2991 4787 vereque
3047 4724 3308 4779 malorum
3364 4709 3487 4783 llius

1910 4812 2028 4849 eam
2072 4814 2449 4867 occupaverat.
2487 4805 2669 4875 Neque
2713 4808 2856 4861 enim
2906 4813 3045 4865 servi
3077 4815 3357 4881 duntaxat,
3388 4821 3484 4875 5rd

1911 4888 2071 4940 etiam
2098 4904 2165 4942 ex
2206 4891 2390 4947 liberis
2430 4896 2740 4951 hominibus
2788 4900 2819 4952 ii
2846 4904 2936 4968 qui
2982 4916 3224 4971 egestate
3268 4924 3484 4976 preme-

1917 4977 2132 5043 bantur,
2184 4996 2343 5037 omne
2394 4986 2664 5041 latrocinii
2714 4989 3009 5059 flagitiique
3042 5011 3211 5061 genus
3259 5014 3483 5055 exerce-

1916 5067 2069 5123 bant.
2096 5072 2165 5125 At
2197 5090 2262 5127 ne
2292 5077 2411 5142 quis
2445 5079 2580 5132 hanc
2611 5082 2874 5148 perditam
2906 5086 3202 5153 nequitiam
3237 5093 3481 5147 nuntiare

1916 5170 2117 5225 posset,
2148 5164 2363 5217 obvium
2388 5170 2700 5235 quemlibet,
2738 5189 2954 5227 servum
2986 5180 3191 5244 pariter
3234 5190 3287 5233 et
3329 5183 3477 5250 inge-

1912 5264 2047 5303 nues
2103 5256 2458 5313 trucidabattl.
2522 5260 2674 5316 Unde
2731 5264 2910 5330 ﬁebat,
2940 5277 2994 5321 ut
3041 5270 3130 5338 qui
3181 5270 3234 5323 iu
3274 5275 3479 5341 Oppidis

1529 5391 1761 5449 VARUS
1798 5399 2196 5464 LECTIONES.

372 5485 515 5563 δυεῖν
540 5488 596 5543 Β.
664 5488 721 5563 ξ’
750 5494 871 5560 περὶ
897 5510 1003 5545 om.
1037 5494 1093 5547 Β.
1172 5498 1216 5528 ⁶⁹
1246 5500 1486 5563 σικελίας
1516 5503 1555 5553 Β
1576 5512 1631 5557 et
1662 5522 1808 5561 corr.

372 5515 515 5537 υυειν
541 5515 596 5543 υ,
680 5515 720 5520 *⁷
750 5515 871 5560 περι
897 5515 1003 5545 tml.
1038 5515 1093 5547 υ.
1172 5515 1215 5528 "
1246 5515 1486 5563 σικελιας
1516 5515 1631 5557 ὅθι
1662 5522 1808 5561 COI‘I‘.
1848 5515 1883 5562 Α
1921 5533 1930 5565 ς
1968 5515 2237 5583 βασιλείας
2268 5542 2326 5587 ς,
2399 5529 2443 5559 ⁷⁸
2474 5531 2723 5588 ἀνίστατο
2751 5535 2809 5590 Β,
2881 5538 2921 5569 τ’
2968 5542 3367 5614 σκευαζομένου
3407 5560 3471 5608 ς,

224 5555 267 5583 H
524 5576 582 5614 ς.
660 5561 703 5589 ⁷³
728 5564 790 5613 ἐκ
827 5571 896 5614 ΑΖ
1064 5582 1121 5614 ς.
1228 5570 1273 5598 7’
1310 5572 1484 5614 πᾶταν
1518 5590 1618 5614 mur,
1658 5595 1671 5605 ο
1711 5580 1825 5614 ΙιΙιι-ἰ
1861 5586 2005 5614 ηυξ-ι-
2140 5592 2178 5614 :n
2214 5594 2284 5614 ι.-
2332 5613 2337 5614 ,
2414 5599 2475 5614 μ-
2592 5607 2605 5614 -

300 5558 487 5622 ὀλίγας
524 5576 582 5620 ς.
660 5561 703 5589 ⁷³
728 5564 790 5613 ἐκ
826 5558 896 5615 Ᾱε
932 5566 1035 5615 ἀπὸ
1064 5582 1121 5627 ς.

1228 5570 1273 5598 ’⁸
1310 5572 1484 5622 πᾶσαν
1516 5590 1623 5643 mg.
1658 5595 1671 5628 :
1710 5580 1825 5631 labri
1861 5570 2031 5640 πᾶσι.
2140 5592 2178 5620 ῖ⁵

1659 5690 1887 5763 more,

300 5790 414 5859 (το)
441 5789 630 5846 Cicero
665 5791 729 5845 In
778 5792 1005 5848 Verrem.
