4216 6430
749 403 887 469 N23
1881 402 2140 462 l'lIOTII
2176 404 2319 463 ΡΛΤ

2414 406 2557 464 ARC
2573 406 2695 464 ΠΕ
2731 406 2836 465 CP.
3874 412 4016 476 Ῑιῖἱ

746 516 947 588 3891)
1008 523 1184 577 erant,
1218 526 1277 565 ea
1309 524 1425 579 quae
1459 509 1595 562 intra
1638 524 1819 563 muros
1856 522 2057 577 essent,
2092 514 2177 565 vix
2213 529 2322 581 pro

2439 517 2756 585 παρανόμου
2784 515 3192 585 χειροκρασίας.
3222 518 3330 568 Καὶ
3355 518 3487 572 ἄλλα
3516 520 3570 573 δὲ
3596 521 3765 576 πολλὰ
3797 526 4016 587 πολλοῖς

746 611 861 677 pris
885 606 1291 659 existimarent:
1314 616 1433 669 qua:
1454 610 1627 653 autem
1644 613 1817 665 extra,
1841 602 2011 655 aliena
2033 614 2086 656 et
2104 605 2322 657 domino

2430 607 2605 659 ἄτοπα
2638 609 2777 660 κατὰ
2804 607 2901 676 τὴν
2930 608 3178 661 Σικελίαν
3208 611 3490 678 ἐτολμᾶτο.

746 700 917 767 exlegi
947 699 1303 764 violentaeque
1334 696 1581 764 polentia:
1617 696 1849 749 subdita.
1875 696 2035 751 Multa
2062 698 2297 766 denique
2327 699 2427 753 alia
2457 711 2643 754 contra
2680 702 2760 755 fas
2784 712 2833 755 et
2856 718 3068 770 equum
3096 715 3408 771 perpetrare
3431 709 3704 763 audebam
3732 712 3782 763 in
3804 712 4012 767 δίεὶιῖη,

818 792 1031 845 Salvius
1054 798 1233 841 autem
1263 790 1354 855 qui
1398 787 1788 857 Morgantinatn
1820 789 2127 851 obsidebat,
2172 790 2322 843 factis

2519 794 2577 849 ὐ
2627 796 2684 847 δέ
2732 795 2831 865 τὴν
2874 796 3264 865 Μαργαντίνην
3314 798 3681 871 πολιορκήσας
3734 806 4013 876 Σαλούῖος,

748 887 799 940 in
833 894 998 938 totam
1046 882 1188 935 illam
1233 879 1504 947 regionem
1542 879 1963 941 incursionibus,
2000 880 2066 932 ad
2107 879 2322 933 Leonti-

2433 886 2749 956 ἐπιδραμὼν
2782 887 2880 954 τὴν
2925 888 3111 955 χώραν
3144 890 3305 957 μέχρι
3337 890 3431 943 τοῦ
3476 894 3762 947 Λεοντίνου
3802 899 4011 963 πεδίου,

748 994 873 1029 num
906 987 1071 1041 usque
1101 985 1370 1037 campum,
1405 978 1571 1021 totum
1621 968 1918 1023 exercitum
1956 969 2025 1021 ibi
2062 969 2322 1037 recollegit

2434 973 2683 1041 ἤθροισεν
2710 972 2871 1024 αὑτοῦ
2897 973 2955 1023 τὸ
2978 973 3199 1042 σύμπαν
3232 977 3561 1046 στράτευμα,
3582 980 3901 1045 ἐπιλέκτους
3918 987 4013 1037 ἀν-

747 1070 797 1121 in
832 1082 935 1135 quo
960 1064 1313 1118 numerabant
1334 1060 1549 1128 triginta
1577 1060 1834 1123 millia,et
1866 1059 2082 1126 quidem
2101 1061 2322 1115 selecto-

2431 1058 2564 1125 δρας
2603 1061 2701 1110 οὑκ
2743 1058 2998 1121 ἐλάττους
3024 1060 3133 1112 τῶν
3168 1064 3527 1131 τρισμυρίων,
3574 1068 3668 1119 καὶ
3700 1068 3871 1132 θύσας
3904 1075 4015 1130 τοῖς

748 1175 882 1212 rum.
920 1158 1054 1210 Tum
1078 1170 1205 1209 vero
1235 1153 1380 1207 Italis
1410 1153 1663 1206 heroibus
1686 1166 1840 1207 sacra
1868 1150 2019 1216 fecit,
2048 1167 2322 1222 unamque

2444 1144 2721 1207 Ἰταλικοῖς
2770 1147 2812 1177 ⁷⁸
2856 1146 3032 1216 ήρωσι
3069 1148 3281 1209 τούτοις
3313 1149 3412 1217 μὲν
3446 1152 3679 1221 ἀνέθηκε
3726 1156 3857 1222 μίαν
3905 1159 4015 1207 τῶν

744 1268 771 1301 e
795 1249 1075 1319 purpureis
1094 1248 1334 1301 vestibus
1360 1246 1575 1308 dicavit,
1592 1254 1777 1312 gratus
1798 1260 1862 1299 ac
1894 1260 2099 1300 memor
2124 1246 2326 1301 benefi-

742 1345 832 1405 cii,
863 1342 916 1393 in
950 1354 1055 1406 quo
1088 1338 1235 1390 illum
1273 1335 1553 1388 victoriam
1585 1335 1778 1389 dantes
1822 1333 2134 1389 affecerant.
2172 1335 2317 1390 Tan-

741 1433 861 1485 dem
913 1444 1039 1483 veru
1087 1444 1209 1481 cum
1258 1429 1399 1493 regis
1447 1441 1639 1479 nomen
1705 1425 1807 1478 sibi
1860 1427 2167 1491 ascivissct,
2228 1442 2324 1494 pro

744 1522 923 1574 Salvio
958 1521 1211 1590 Tryphon
1238 1534 1265 1570 a
1316 1517 1681 1570 defectoribus
1707 1516 1963 1585 appellari
1997 1519 2179 1586 cmpit.
2210 1518 2321 1571 lla-

742 1617 875 1668 bens
910 1624 1085 1666 autem
1140 1614 1191 1664 in
1246 1611 1427 1662 animo
1483 1606 1737 1662 Triocala
1795 1623 2084 1676 occupare,
2136 1610 2321 1677 ibique

742 1707 944 1775 regiam
973 1719 1121 1758 suam
1152 1710 1413 1764 statuere,
1449 1708 1638 1753 evocat
1665 1699 1827 1751 etiam
1861 1699 2243 1762 Athenionem,
2268 1710 2320 1754 et

2426 1236 3198 1310 ἀλουργῶν.περιπορφύρων
3264 1243 3457 1309 στολήν
3518 1247 3853 1313 χαριστήρια
3914 1251 4013 1317 τῆς

2428 1330 2605 1397 νίκης,
2663 1331 2823 1392 αὑτὸς
2855 1332 2899 1383 δ’
2945 1332 3319 1401 ἀναγορεύσας
3359 1334 3552 1387 ἐαυτὸν
3590 1336 3820 1404 βασιλέα
3867 1340 4013 1407 Τρύ-

2427 1437 2541 1485 φων
2574 1421 2615 1449 ⁷⁷
2649 1420 2749 1489 μὲν
2782 1422 2885 1474 ὑπὸ
2909 1424 3016 1474 τῶν
3042 1424 3365 1477 ἀποστατῶν
3392 1429 3852 1495 προσηγορεύετο.
3889 1412 4015 1482 λια-

2426 1510 2716 1579 νοούμενος
2770 1512 2826 1563 δὲ
2856 1513 2925 1565 τὰ
2949 1514 3226 1583 Τριόκαλα
3264 1515 3309 1546 ⁷⁸
3349 1518 3753 1570 καταλαϐέσθαι
3793 1522 3888 1573 καὶ
3918 1539 4015 1575 κα-

2425 1604 2761 1657 τασκευάσαι
2802 1604 3050 1673 βασίλεια
3089 1607 3301 1675 πέμπει
3348 1610 3443 1661 καὶ
3504 1612 3638 1678 πρὸς
3683 1611 4011 1679 Ἀθηνίωνα,

2430 1697 2924 1766 μεταπεμπόμενος
3003 1697 3165 1750 αὑτὸν
3218 1698 3294 1761 ὡς
3364 1702 3668 1769 στρατηγὸν
3722 1702 4008 1771 βασιλεύς.

742 1802 958 1869 quidem
980 1813 1104 1853 eum
1133 1809 1191 1850 ut
1213 1813 1305 1850 rex
1338 1797 1715 1864 imperatorem
1745 1809 2049 1847 accersens.
2078 1792 2174 1846 Hie
2196 1808 2321 1848 vero

2430 1788 2635 1849 Πάντες
2698 1789 2797 1856 μὲν
2847 1787 2941 1840 οὖν
2996 1789 3381 1857 ὑπελάμϐανον
3440 1792 3530 1842 τὸν
3578 1792 3882 1861 Ἀθηνίωνα
3906 1796 4011 1847 τῶν

742 1908 864 1946 cum
900 1904 1088 1943 omnes
1130 1889 1532 1942 arbitrarentur
1564 1885 1679 1939 fore
1733 1894 1792 1939 ut
1818 1884 2054 1939 Athenio
2086 1886 2317 1953 primum

740 1994 794 2037 et
827 1981 1147 2035 altissimum
1208 1978 1486 2047 dignitatis
1543 1976 1768 2045 gradum
1822 1976 2078 2029 obtinere
2138 1976 2318 2040 vellet,

740 2084 899 2143 atque
924 2072 1049 2127 hinc
1070 2082 1190 2126 orto
1221 2071 1365 2123 inter
1396 2068 1728 2123 defectorum
1763 2068 2037 2136 principes
2072 2067 2317 2132 dissidio,

742 2166 899 2219 facile
942 2165 1071 2219 huic
1102 2162 1246 2217 bello
1278 2163 1435 2214 linem
1473 2160 1783 2228 impositum
1816 2159 1905 2224 iri,
1957 2158 2169 2212 fortuna
2200 2168 2320 2211 tan-

740 2271 898 2325 qunni
932 2255 995 2308 de
1024 2252 1286 2307 induStria
1320 2251 1502 2319 copias
1531 2248 1876 2317 fugitivorum
1905 2262 2129 2314 augens,
2154 2248 2321 2300 duces

739 2362 923 2401 eorum
953 2346 1003 2397 in
1040 2344 1384 2399 concordiam
1419 2340 1663 2394 adduxit.
1690 2338 1911 2409 Trypho
1938 2341 2081 2394 enim
2114 2340 2321 2409 magnis

742 2437 1023 2491 itineribus
1044 2436 1109 2489 ad
1135 2433 1319 2488 urbem
1345 2430 1591 2485 Triocala
1615 2447 1736 2485 cum
1764 2430 2019 2485 universo
2042 2444 2141 2483 suo
2170 2444 2323 2484 exer-

739 2529 848 2583 citu
886 2526 1148 2593 pervenit.
1198 2525 1398 2578 Eodem
1444 2533 1500 2577 et
1533 2523 1768 2577 Athenio
1812 2535 2007 2591 magna
2042 2520 2323 2576 celeritate

739 2620 1035 2681 contendit,
1088 2632 1152 2671 ex
1186 2618 1297 2670 suis
1331 2616 1431 2668 tria
1496 2614 1764 2668 duntaxat
1813 2614 2087 2667 adducens
2110 2612 2275 2665 millia
2307 2652 2319 2675 ,

740 2719 796 2763 et
830 2708 1104 2778 Tryphoni
1158 2716 1214 2758 ut
1246 2705 1541 2771 imperator
1586 2704 1696 2772 regi
1751 2704 1893 2757 dicto
1938 2703 2186 2757 audiens.
2229 2702 2325 2755 Re-

741 2803 942 2867 liququ
992 2808 1171 2851 autem
1229 2795 1529 2848 exercitum
1583 2796 1648 2847 ad
1708 2794 2111 2861 depopulandos
2169 2792 2324 2858 longe

739 2894 957 2961 lateque
1010 2903 1190 2958 agros,
1227 2887 1557 2954 servitiaque
1606 2885 1673 2938 ad
1721 2884 2081 2937 defectionem
2118 2882 2318 2938 sollici-

742 2985 901 3037 tanda
957 2983 1200 3035 miserat.
1242 2979 1441 3032 Verum
1489 2986 1680 3046 postea
1738 2975 1960 3046 Trypho
2016 2976 2324 3044 suspicatus

741 3075 855 3126 fore
878 3083 938 3125 ut
965 3070 1197 3123 Athenio
1235 3070 1406 3136 prima
1442 3082 1660 3137 quoque
1705 3068 2017 3128 occasione,
2063 3066 2321 3120 adversus

2425 1877 2713 1945 πρωτείων
2762 1879 3209 1947 ἀντιποιήσεσθαι
3238 1882 3307 1945 ⁷⁹,
3368 1882 3463 1933 καὶ
3515 1882 3605 1934 διὰ
3665 1884 3761 1953 τὴν
3822 1887 4011 1938 στάσιν

2425 1968 2536 2021 τῶν
2584 1969 2912 2022 ἀποστατῶν
2956 1971 3153 2040 ῥαδίως
3202 1972 3676 2042 καταλυθήσεσθαι
3724 1978 3815 2029 τὸν
3857 1979 4011 2031 πόλει

2426 2076 2525 2127 μον
2553 2077 2566 2090 ’
2608 2062 2639 2128 ή
2676 2060 2731 2111 δὲ
2758 2061 2893 2127 τύχη
2924 2062 3174 2130 καθάπερ
3205 2063 3457 2132 ἐπίτηδες
3489 2065 3733 2129 αὔξουσα
3771 2070 3869 2130 τας
3900 2072 4010 2122 τῶν

2422 2151 2705 2219 δραπετῶν
2736 2152 3017 2221 δυνάμεις,
3063 2154 3361 2222 ὁμονοῆσαι
3398 2158 3521 2219 τοὺς
3564 2158 3769 2211 τούτων
3801 2163 4009 2230 ήγεμό-

2424 2258 2519 2304 νας
2577 2243 2852 2308 ἐποίησεν.
2895 2239 3036 2295 Ἦκε
3090 2244 3192 2313 μὲν
3239 2246 3349 2315 γὰρ
3386 2248 3667 2318 συντόμως
3723 2253 3861 2319 μετὰ
3912 2254 4007 2321 τῆς

2422 2333 2705 2402 δυνάμεως
2750 2333 2843 2386 ἐπὶ
2875 2334 2944 2386 τὰ
2980 2334 3257 2402 Τριόκαλα
3300 2341 3328 2389 ό
3370 2338 3625 2407 Τρύφων,
3666 2337 3771 2411 ἧκε
3823 2342 3882 2395 δὲ
3919 2347 4010 2396 καὶ

2437 2425 2696 2494 Ἀθηνίων
2724 2426 2862 2494 μετά
2894 2428 3233 2497 τρισχιλίων,
3271 2430 3566 2483 ὑπακούων
3600 2433 3675 2495 ὡς
3702 2438 4010 2505 στρατηγὸς

2426 2514 2637 2583 βασιλεί
2673 2515 2750 2585 τῷ
2785 2516 3062 2586 Τρύφωνι,
3101 2518 3200 2588 τὴν
3245 2519 3414 2589 ἄλλην
3440 2522 3602 2573 αὑτοῦ
3636 2523 3869 2593 δύναμιν
3913 2545 4012 2578 κα-

2423 2610 2709 2675 τατρέχειν
2738 2607 2835 2676 τὴν
2874 2607 3057 2677 χώραν
3108 2609 3203 2660 καὶ
3240 2610 3490 2662 ἀνασείεν
3532 2614 3668 2683 πρὸς
3709 2617 4012 2671 ἀπόστασιν

2423 2696 2549 2757 τοὺς
2573 2696 2791 2757 οἰκέτας
2820 2697 3201 2762 ἀπεσταλκώς.
3228 2700 3385 2752 Μετὰ
3413 2700 3470 2753 δέ
3498 2703 3671 2757 ταῦτα
3704 2706 4013 2777 ὑπονοήσας

2424 2788 2451 2837 ό
2509 2784 2743 2854 Τρύφων
2794 2788 2886 2838 τὸν
2960 2787 3261 2856 Ἀθηνίωνα
3309 2790 3669 2861 ἐπιθήσεσθαι
3718 2798 3777 2847 ἐν
3835 2799 4013 2867 καιρῷ

2426 2878 2743 2947 παρέδωκεν
2773 2880 2852 2941 είς
2894 2881 3161 2951 φυλακήν.
3204 2882 3275 2933 Τὸ
3315 2882 3372 2935 δὲ
3407 2883 3665 2953 φρούριον
3700 2886 4012 2956 όχουρὼτα-

2427 2987 2516 3021 τον
2568 2968 2626 3020 ὃν
2686 2970 3057 3034 κατεσκεύαζε
3124 2971 3442 3024 πολυτελέσι
3500 2979 3871 3039 κατασκευαῖς
3924 2981 4014 3030 καὶ

2427 3062 2519 3113 ἐπὶ
2558 3062 2760 3129 μᾶλλον
2785 3062 3027 3132 ὠχύρου.
3059 3063 3338 3130 Τριόκαλα
3374 3064 3430 3116 δέ
3465 3067 3596 3117 αὑτό
3619 3084 3784 3133 φασιν
3814 3069 3859 3098 ⁸ο
3886 3070 4016 3121 ὠνο-

741 3164 912 3229 ipsum
966 3176 1113 3213 arma
1169 3168 1411 3226 caperet,
1458 3172 1579 3211 enin
1634 3157 1685 3211 in
1743 3170 2023 3210 carcerem
2067 3156 2320 3225 conjecit.

2429 3154 2635 3223 μάσθαι
2670 3154 2757 3206 διὰ
2793 3156 2853 3207 τὸ
2894 3155 3023 3224 τρία
3058 3156 3199 3207 καλά
3237 3156 3405 3225 ἔχειν,
3456 3158 3671 3226 πρῶτον
3700 3161 3801 3227 μὲν
3837 3179 4013 3231 ναμα-

741 3253 1006 3306 Caeterum
1053 3250 1363 3319 praesidium
1404 3248 1533 3301 illud
1568 3248 1766 3316 alioqui
1809 3248 2230 3301 munitissimum
2273 3249 2324 3300 iu

739 3346 854 3399 dies
892 3344 1059 3410 magis
1097 3357 1157 3395 ac
1196 3342 1367 3411 magis
1416 3340 1737 3402 muniebat,
1769 3348 1822 3393 et
1862 3338 2131 3407 magnifici
2184 3348 2326 3392 stru-

738 3435 911 3489 cturis
973 3431 1288 3487 adornabat.
1350 3432 1516 3484 Aiunt
1595 3441 1777 3484 autem
1852 3429 2097 3483 Triocala
2161 3428 2326 3484 fuisse

738 3526 1071 3579 nominatam
1114 3522 1258 3590 quod
1302 3521 1426 3590 τρία
1485 3518 1626 3572 καλά
1677 3519 1753 3589 (id
1806 3529 1886 3573 est
1940 3520 2039 3571 tria
2078 3519 2322 3588 pulchra)

738 3616 787 3669 ei
833 3616 1094 3668 inessent.
1152 3610 1393 3664 Primum
1446 3608 1593 3678 quod
1654 3609 2019 3676 scaturigines
2076 3609 2321 3675 plurima:

737 3720 999 3773 aquarum
1029 3705 1081 3756 in
1114 3718 1176 3757 ea
1202 3712 1499 3763 exstarent,
1530 3684 1651 3768 qua;
1674 3698 1963 3752 dulcedine
1998 3712 2323 3769 magnopere

736 3796 1267 3851 commendarentur.
1316 3791 1519 3845 Deinde
1565 3791 1707 3860 quod
1748 3790 2060 3858 adjacentes
2092 3789 2206 3856 agri
2248 3790 2324 3839 vi-

738 3896 860 3937 neta
881 3881 1037 3935 simul
1060 3890 1113 3934 et
1137 3880 1333 3933 oliveta
1362 3879 1645 3938 baberent,
1669 3886 1849 3930 essent
1873 3891 1999 3929 vero
2026 3886 2080 3928 et
2100 3876 2323 3929 ουΙιιιτιΒ

736 3974 930 4025 mirum
970 3972 1021 4023 in
1078 3973 1291 4023 modum
1343 3968 1544 4021 idonei.
1595 3965 1896 4030 Postremo,
1939 3969 2079 4035 quod
2127 3976 2319 4019 natura

735 4066 887 4117 locus
944 4063 1015 4115 ita
1076 4062 1313 4113 munitus
1378 4058 1537 4122 foret,
1598 4068 1659 4112 ut
1714 4057 1846 4111 nihil
1908 4072 2074 4125 supra
2114 4068 2315 4126 posset,

733 4156 933 4225 quippe
972 4153 1062 4222 qui
1103 4166 1351 4221 magnam
1398 4153 1689 4219 quamdam
1741 4160 1796 4205 et
1844 4148 2318 4218 inexpugnabilem

735 4246 966 4298 haberet
999 4257 1187 4310 rupem
1222 4260 1234 4294 :
1269 4256 1431 4310 quam
1463 4242 1613 4295 urbis
1642 4242 1865 4302 arnhilu,
1899 4241 1989 4307 qui
2024 4238 2167 4292 mille
2198 4254 2323 4307 pas-

732 4352 826 4391 sus
859 4336 1226 4406 amplectitur,
1274 4349 1401 4387 cum
1449 4334 1730 4395 cinxisset,
1781 4331 2037 4399 fossaque
2082 4332 2136 4386 in
2173 4347 2323 4387 sum-

734 4439 875 4479 mam
945 4425 1287 4478 altitudinem
1356 4423 1627 4491 producta
1684 4422 2167 4488 circumdedisset,
2224 4436 2321 4489 pro

2429 3246 2618 3297 τιαίων
2672 3246 2881 3298 ὑδάτων
2934 3246 3167 3316 πλῆθος,
3236 3249 3511 3319 διαφόρων
3563 3255 3628 3319 τῇ
3690 3251 4012 3322 γλυκύτητι.

2426 3337 2678 3407 δεύτερον
2698 3338 3116 3407 παρακειμένην
3137 3337 3323 3409 χώραν
3349 3342 3734 3409 ἀμπελόφυτόν
3767 3342 3898 3413 [636
3924 3344 4013 3413 IL]

2426 3445 2483 3479 τε
2524 3427 2620 3479 καὶ
2658 3428 2974 3494 ἐλαιόφυτον
3014 3430 3108 3481 καὶ
3136 3432 3507 3499 γεωργεῖσθαι
3542 3434 3854 3503 δυναμένην
3887 3437 4015 3487 θαυ-

2430 3520 2650 3589 μαστῶς
2693 3520 2763 3583 ⁸¹,
2816 3521 3001 3590 τρίτον
3057 3521 3505 3591 ὑπερϐάλλουσαν
3564 3524 3895 3594 ὀχυρότητα,
3945 3527 4017 3589 ὡς

2428 3612 2493 3663 ἂν
2532 3611 2699 3681 οὔσης
2742 3612 2983 3682 μεγάλης
3019 3612 3227 3681 πέτρας
3257 3613 3539 3667 ἀναλώτου
3572 3631 3586 3645 ο
3618 3616 3683 3685 ἢν
3720 3617 3817 3668 καὶ
3865 3634 4017 3687 περι-

2426 3703 2568 3772 ϐόλῳ
2596 3704 2805 3765 πόλεως
2837 3704 3067 3757 σταδίων
3092 3704 3238 3757 ὀκτὼ
3276 3706 3764 3776 προσπεριϐαλὼν,
3805 3709 3903 3760 καὶ
3922 3725 4018 3760 τα-

2428 3795 2669 3864 φρεύσας
2723 3794 2914 3865 βαθείᾳ
2968 3797 3185 3865 τάφρῳ,
3245 3796 3535 3865 βασιλείοις
3588 3799 3813 3868 ἐχρῆτο,
3870 3803 4014 3871 πάσῃ

2424 3886 2659 3955 ἀφθονίᾳ
2694 3885 2802 3961 τῷν
2831 3886 2973 3939 κατά
3009 3887 3099 3939 τὸν
3134 3888 3247 3956 βίον
3284 3889 3541 3942 ἁπάντων
3562 3890 3607 3921 ⁸⁸
3646 3893 4014 3961 πεπληρωμέ-

2424 3994 2540 4046 νην.
2574 3960 2962 4030 Κατεσκεύασε
2999 3978 3055 4031 δέ
3091 3980 3185 4031 καὶ
3224 3978 3508 4048 βασιλικὴν
3558 3983 3734 4034 οἰκίαν
3764 3960 3861 4035 καί
3891 3988 4014 4049 ἀγο-

2426 4067 2524 4136 ρὰν
2548 4067 2857 4136 δυναμένην
2887 4068 3139 4131 δέξασθαι
3166 4068 3213 4099 ⁸³
3237 4070 3439 4137 πλῆθος
3460 4070 3789 4138 ἀνθρώπων.
3807 4074 4013 4137 Ἐξελέ-

2427 4156 2553 4217 ξατο
2603 4155 2660 4206 δέ
2686 4156 2779 4207 καὶ
2806 4156 2913 4209 τῶν
2950 4159 3212 4227 φρονήσει
3249 4159 3616 4231 διαφερόντων
3643 4162 3856 4231 ἀνδρῶν
3890 4164 4011 4225 τοὺς

2433 4249 2675 4311 ἱκανοὺς,
2701 4247 2792 4310 οὓς
2824 4249 3116 4313 ἀποδείξας
3143 4252 3483 4320 συμϐούλους
3518 4254 3717 4321 ἐχρῆτο
3735 4256 4010 4323 συνέδροις

2424 4339 2624 4398 αὑτοῖς·
2642 4338 2906 4407 τήϐεννάν
2931 4356 2989 4391 τε
3018 4340 3427 4411 περιπόρφυρον
3447 4344 3904 4414 περιεϐάλλετο⁸⁸,
3921 4348 4006 4396 καὶ

2426 4428 2779 4497 πλατύσημον
2821 4429 2909 4481 ἑδυ
2954 4430 3155 4497 χιτῶνα
3208 4432 3517 4495 κατάτοὺς
3568 4438 4003 4503 χρηματισμοὺς,

732 4519 877 4587 regia
906 4532 1001 4572 sua
1046 4517 1258 4579 habuit,
1286 4516 1529 4569 omnium
1571 4530 1691 4583 qua;
1746 4518 1995 4567 humanae
2028 4514 2151 4567 vita:
2186 4530 2320 4567 usus

2428 4516 2523 4568 καὶ
2573 4490 2734 4586 [ll-Si
2771 4515 2864 4587 8.]
2896 4490 3228 4586 ῥαϐδούχους
3267 4490 3383 4589 εἶχε
3415 4490 3553 4589 μετά
3568 4490 3867 4576 ’πελέκεων
3889 4490 4009 4585 τούς

732 4609 968 4679 postulat
1024 4607 1361 4661 abundantia
1420 4604 1698 4659 refertum.
1767 4604 2044 4659 Construit
2102 4606 2324 4672 insuper

732 4702 1011 4755 basilicam
1052 4718 1065 4753 :
1105 4700 1281 4753 forum
1325 4699 1453 4750 item
1510 4710 1809 4751 numerosa:
1840 4697 2119 4750 hominum
2152 4696 2322 4751 turbae

2431 4607 2904 4676 προηγουμένους,
2941 4610 3033 4660 καὶ
3059 4605 3229 4661 τᾶλλα
3265 4613 3444 4665 πάντα
3484 4614 3584 4665 ὅσα
3626 4615 3842 4667 ποιοῦσί
3884 4634 3941 4668 τε
3966 4617 4009 4647 ⁸⁸

2434 4700 2529 4751 καὶ
2562 4699 2958 4770 ἐπικοσμοῦσιν
2988 4703 3282 4771 ἐπετήδευε
3319 4704 3617 4773 βασιλείαν.

732 4811 923 4864 capax.
991 4794 1255 4848 Prmterea
1281 4809 1345 4847 ex
1378 4793 1645 4861 praedictis
1680 4790 1875 4859 insigni
1928 4794 2211 4860 prudentia
2264 4796 2399 4851 viris
2436 4796 2632 4863 delegit
2680 4804 2810 4865 quot
2868 4798 3000 4850 satis
3046 4808 3219 4865 erant,
3260 4814 3460 4869 eosque
3517 4804 3618 4858 sibi
3673 4807 4012 4863 censiliarios

733 4904 942 4955 Slalml,
998 4902 1160 4959 atque
1220 4903 1523 4943 assessores
1593 4890 1643 4941 in
1718 4888 1854 4955 juris
1908 4888 2389 4956 disceptationibus
2430 4892 2633 4945 habere
2699 4891 2950 4944 instituit.
2982 4890 3098 4946 Jam
3136 4910 3263 4949 vero
3295 4906 3349 4950 et
3406 4908 3523 4968 toga
3568 4909 3827 4967 praztexta
3879 4908 4014 4962 tuni-

732 4998 902 5048 caque
931 4982 1019 5033 lati
1082 4980 1249 5033 clavis
1288 4980 1517 5032 amictus
1585 4979 1674 5045 jus
1715 4976 1993 5043 reddebat,
2040 4978 2237 5049 390a
2279 4981 2606 5051 lictoresque
2654 4981 2725 5033 illi
2759 4996 2879 5035 cum
2948 4986 3231 5039 securibus
3275 4989 3539 5054 praaibant
3571 5006 3585 5041 :
3618 5004 3739 5058 qua:
3785 4990 4013 5060 denique

732 5076 937 5139 regiam
979 5074 1294 5141 dignitatem
1330 5069 1589 5134 efﬁciunt,
1624 5079 1676 5123 et
1704 5084 1824 5137 quae
1867 5081 2086 5135 ornant,
2152 5086 2217 5125 ea
2282 5073 2461 5125 omnia
2497 5081 2901 5126 consectantur.

800 5173 1064 5226 Caéterum
1094 5172 1471 5237 imperatorem
1490 5167 1751 5219 adversus
1776 5166 2079 5220 defectores
2101 5177 2322 5221 senatus

732 5264 1004 5316 Romanus
1034 5260 1229 5328 delegit
1259 5258 1320 5313 L.
1366 5257 1631 5311 Licinium
1662 5256 1939 5309 Lucullum
1964 5298 1977 5323 ,
2030 5258 2319 5312 habentem

735 5357 1096 5407 ltoinanorum
1122 5349 1341 5419 quidem
1364 5359 1414 5401 et
1448 5348 1701 5401 Italorum
1736 5349 1962 5401 militum
1989 5351 2324 5417 quatuorde-

730 5448 831 5497 rim
855 5443 1307 5510 millia,Bitbynos
1324 5438 1822 5504 autem,Tbessalos
1861 5441 2175 5494 Acarnanes
2196 5440 2322 5494 800.

2505 5168 2917 5239 Προχειρίζεται
2947 5170 3003 5223 δέ
3039 5171 3180 5224 κατὰ
3204 5172 3313 5225 τῶν
3346 5177 3669 5228 ἀποστατῶν
3702 5178 3735 5245 ή
3779 5180 4013 5247 σύγκληο

2429 5278 2519 5323 τος
2575 5262 2685 5313 τῶν
2732 5263 3018 5333 Ῥωμαίων
3057 5266 3287 5318 Λεύκιον
3324 5270 3564 5322 Λικίνιον
3592 5271 3927 5325 Λούκουλλον
3946 5276 4008 5337 ⁸⁸,

2432 5353 2624 5422 ἔχοντα
2662 5355 3003 5424 στρατιώτας
3032 5358 3261 5428 μυρίους
3286 5360 3386 5428 μὲν
3418 5364 3511 5414 καὶ
3542 5368 4008 5433 τετρακισχιλίους

2446 5444 2749 5514 Ῥωμαίους
2775 5451 2867 5499 καὶ
2920 5447 3178 5513 Ἰταλοὺς,
3214 5450 3473 5515 Βιθυνοὺς
3501 5453 3558 5505 δέ
3588 5456 3681 5506 καὶ
3714 5455 4007 5518 Θετταλούς

2032 5551 2265 5608 νΑιίιιΕ
2303 5556 2703 5614 ΜίϐΐΙΟΝΕΞ.

826 5652 869 5680 ⁷⁸
899 5649 1149 5709 Ηαλικοῖς
1177 5647 1588 5716 Wesselingins.

735 5723 785 5785 (q
816 5724 848 5770 Il
881 5721 1140 5785 τρύφωνα
1174 5720 1355 5776 habet)
1393 5717 1449 5767 ll.
1528 5718 1569 5744 7"
1597 5717 1861 5783 Τριόκελα
1888 5725 1951 5767 Α.

730 5796 776 5820 δ’
812 5789 1022 5843 ἅπαντα
1054 5805 1111 5848 ς.
1189 5788 1230 5817 ⁵³
1256 5788 1503 5853 δέχεσθαι
1534 5802 1591 5846 τ.

1690 5646 1732 5727 ⁷7
1762 5646 1996 5728 Ἰίρύφων
2022 5678 2098 5728 ἶ
2124 5649 2225 5728 ὑπὸ
2256 5679 2322 5688 —-
2349 5653 2811 5728 προσηγορεύετο]
2837 5653 3097 5728 τρόφωνα
3130 5681 3198 5728 :-
3228 5656 3367 5728 μετά
3389 5686 3460 5728 έ-
3508 5660 3859 5728 προηγάγετο
3882 5662 3924 5712 Α
3953 5671 4001 5711 et

2055 5678 2091 5687 -
2124 5668 2225 5699 υπο
2256 5679 2322 5688 —-
2349 5668 2811 5768 npoml’yopsua‘toj
2843 5668 3097 5720 τροφωνα
3130 5681 3198 5692 -
3228 5668 3367 5723 μετα
3389 5686 3460 5696 -·
3508 5676 3684 5727 προηγ

2055 5718 2098 5747 ⁷⁹
2150 5719 2507 5785 άντιποιήσασ
2546 5739 2600 5769 αι
2667 5725 2726 5772 Δ.
2835 5723 2878 5752 ⁸ο
2942 5726 3104 5785 φησὶν
3141 5722 3198 5774 Β.
3300 5726 3342 5755 ⁸¹
3397 5727 3684 5785 θαυμαστιῖ

1669 5788 1712 5813 ⁸⁵
1746 5786 2094 5853 περιεϐάλετο
2117 5787 2169 5837 ll.
2250 5790 2293 5820 ⁸³
2322 5806 2377 5838 τε
2408 5792 2450 5839 Α
2477 5804 2487 5838 :
2518 5807 2577 5855 γε
2606 5806 2661 5851 τ.

2546 5739 2600 5769 αι
2667 5725 2726 5772 Δ.
2792 5722 2878 5752 73°
2942 5726 3104 5789 φησὶν
3141 5722 3198 5774 Β.

3300 5726 3342 5755 ⁸¹
3397 5726 3887 5796 θαυμαστώςήυηι.
3943 5731 3998 5781 Β.

2761 5793 2804 5821 ⁸⁸
2835 5792 3167 5844 Λεύκουλλον
3191 5809 3249 5854 ς.
