4216 6430
229 388 379 458 1425
1257 394 1781 457 BIBLIOTIIECA.
1812 421 1827 434 -

1943 398 2080 458 30D.
2142 397 2431 460 CCXLIV.
3347 391 3483 459 1426

214 508 322 557 καί
372 504 709 572 Ἀκαρνᾶνας
726 502 770 533 ⁸³⁷
802 502 1177 568 ὀκτακοσίους,
1205 504 1269 557 ἐκ
1291 504 1347 558 δὲ
1370 506 1468 576 τῆς
1492 507 1797 568 Λευκανίας

1943 523 1965 561 ι
1984 506 2218 562 Lucania
2235 523 2366 562 vero
2378 507 2502 571 600,
2519 506 2714 575 quibus
2742 502 3224 574 praeeratCleptius
3241 503 3475 573 impera-

215 592 570 657 ἑξακοσίους,
617 586 693 647 ὧν
717 595 906 663 ἠγεῖτο
931 594 1222 659 Κλέπτιος,
1262 595 1403 665 ἀνὴρ
1434 598 1800 665 στρατηγικὸς

1943 610 2015 662 π,
2039 597 2113 651 rei
2138 597 2384 651 militaris
2408 595 2635 651 scientia
2659 605 2713 648 et
2730 593 3046 649 fortitudine
3068 591 3482 647 celeberrimus.

217 682 326 735 mi.
351 683 443 735 ἐπ’
464 682 689 753 ἀνδρείᾳ
719 682 1063 752 περιϐόητος,
1100 683 1180 734 ἔτι
1208 683 1266 735 δὲ
1294 686 1389 735 καὶ
1423 685 1645 755 ἐτέρους
1678 685 1806 750 ἐξα-

1943 686 2056 739 dios
2094 691 2353 752 praeterea
2378 683 2503 747 600,
2541 684 2672 738 adeo
2698 691 2756 736 ut
2780 680 3017 737 universi
3050 696 3338 736 numerum
3405 696 3486 733 se-

217 773 479 837 κοσίους,
534 773 610 834 ῶς
668 774 923 839 γενέσθαι
975 773 1295 841 σύμπαντας
1370 774 1807 843 ἑπτακισχιλίους

1943 775 2228 831 temdecim
2279 774 2502 828 millium
2534 773 2826 829 edicerent.
2856 772 2987 827 Cum
3027 773 3109 827 his
3153 773 3323 839 copiis
3352 769 3490 837 Sici-

220 866 325 917 καὶ
362 863 612 933 μυρίους,
636 864 730 925 οὓς
758 863 897 934 ἔχων
920 864 1183 916 κατέλαδε
1216 865 1315 934 τὴν
1346 865 1613 919 Σικελίαν.
1663 867 1722 919 '0
1752 865 1809 918 δὲ

1943 871 2038 923 iant
2087 878 2334 936 occupat.
2398 867 2656 937 Tryphon
2713 866 2875 935 igitur
2927 864 3140 933 culpam
3190 862 3484 917 Athenioni

229 953 470 1022 Τρύφων
498 953 778 1015 ἀπολύσας
829 955 1129 1023 Ἀθηνίωνα
1152 956 1251 1024 τῆς
1281 955 1460 1017 αίτίας
1500 956 1814 1010 ἐϐουλεύετο

1943 958 2249 1022 :ondonans,
2287 960 2350 1011 ad
2383 957 2829 1013 deliberationem
2855 957 2921 1011 de
2953 956 3093 1010 bello
3128 956 3179 1007 in
3213 955 3492 1008 Romanos

233 1045 368 1113 περὶ
400 1044 496 1096 τοῦ
549 1046 686 1115 πρὸς
751 1046 1059 1114 Ῥωμαίους
1117 1047 1376 1116 πολέμου.
1437 1048 1546 1100 Καὶ
1583 1047 1661 1118 τῷ
1716 1048 1816 1117 μὲν

1943 1047 2151 1113 gerendo
2174 1063 2297 1102 eum
2333 1048 2598 1103 adhibuit.
2628 1045 2696 1101 Et
2731 1045 3040 1115 Tryphouis
3064 1046 3280 1115 quidem
3313 1043 3494 1098 consi-

230 1137 473 1205 ἧρεσκεν
500 1137 563 1189 ἐν
590 1139 702 1198 τοῖς
734 1136 1052 1207 Τριοκάλοις
1068 1137 1451 1205 ἀγωνίζεσθαι,
1480 1137 1742 1208 Ἀθηνίων
1760 1138 1817 1190 δὲ

235 1227 595 1279 συνεϐούλευε
628 1228 705 1297 μὴ
740 1230 1049 1294 συγκλείειν
1091 1230 1319 1292 ἑαυτοὺς
1362 1231 1441 1291 είς
1480 1229 1818 1297 πολιορκίαν,

234 1318 355 1371 ἀλλ’
412 1320 473 1372 ἐν
521 1320 774 1389 ὑπαίθρῳ
838 1320 1277 1388 διαγωνίζεσθαι.
1334 1322 1705 1390 Κρατησάσης
1763 1321 1821 1373 δὲ

231 1407 445 1478 ταύτης
475 1409 522 1441 ’⁸
560 1409 665 1471 τῆς
716 1410 912 1479 βουλῆς
960 1412 1559 1482 κατεστρατοπέδευσαν
1598 1410 1823 1480 πλησίον

236 1499 541 1568 Σκιρθαίας
592 1500 665 1563 ⁸⁸,
705 1501 859 1563 δντες
882 1503 982 1555 οὐκ
1010 1502 1269 1564 ἐλάττους
1301 1501 1411 1556 τῶν
1449 1518 1821 1572 τετρακισμυ-

239 1595 378 1660 ρίων
410 1607 425 1620 ·
484 1592 678 1660 ἀπεῖχε
732 1592 776 1644 δ’
822 1594 1005 1646 αὐτῶν
1054 1596 1087 1664 ἡ
1157 1594 1447 1662 Ῥωμαίων
1500 1593 1821 1664 παρεμϐολὴ

239 1682 435 1734 στάδια
462 1683 807 1737 δυοκαίδεκα.
840 1685 913 1735 Τὸ
938 1686 1034 1752 μὲν
1063 1679 1157 1737 οὖν
1184 1683 1401 1754 πρῶτον
1424 1684 1662 1750 ἐγίνοντο
1702 1700 1828 1734 συν-

237 1779 391 1846 εχεῖς
411 1775 801 1846 ἀκροδολισμοί
827 1793 842 1808 ’
878 1773 998 1842 εἶτα
1029 1776 1499 1847 παραταξαμένων
1522 1776 1824 1844 ἑκατέρων,

1920 1140 2052 1195 lium
2102 1149 2244 1204 erat,
2305 1148 2363 1192 ut
2404 1137 2669 1193 Triocalis
2719 1147 3022 1200 manentes,
3076 1138 3202 1190 inde
3258 1149 3491 1205 pugnam

1920 1233 2317 1287 committerent
2348 1248 2362 1283 :
2400 1230 2631 1284 Athenio
2660 1236 2838 1282 autem
2869 1238 3062 1282 auctor
3086 1235 3227 1291 erat,
3258 1242 3327 1281 ne
3351 1226 3494 1294 seip-

1920 1338 2010 1378 sos
2042 1321 2323 1376 obsidione
2374 1320 2660 1375 intercludi
2708 1327 3042 1389 paterentur,
3081 1316 3178 1373 sed
3218 1318 3401 1386 potius
3439 1317 3490 1369 in

1922 1422 2108 1480 aperto
2152 1424 2346 1479 campo
2386 1410 2725 1463 dimicarent.
2769 1409 2904 1463 Cum
2955 1408 3120 1476 igitur
3164 1404 3345 1485 potior
3379 1406 3495 1459 visa

1926 1501 2213 1556 essethaec
2257 1499 2522 1553 sententia
2549 1536 2568 1563 ,
2626 1498 2781 1565 juxta
2832 1497 3149 1553 Sclrthazam
3204 1505 3497 1551 castrame-

1926 1592 2023 1645 tati
2056 1600 2201 1655 sunt,
2241 1589 2595 1659 quadraginta
2625 1589 2858 1643 millibus
2885 1603 2988 1643 non
3041 1587 3342 1657 pauciores.
3390 1586 3498 1639 Ab-

1925 1692 2081 1736 erant
2110 1696 2235 1735 vero
2270 1682 2338 1735 ab
2374 1681 2440 1734 iis
2470 1679 2832 1734 Romanorum
2863 1689 3038 1734 castra
3062 1679 3312 1747 passibus
3338 1679 3496 1732 1250.

1928 1778 2114 1830 Primo
2166 1776 2328 1845 igitur
2394 1773 2648 1828 velitares
2698 1786 2889 1841 pugnae
2932 1773 3158 1827 subinde
3194 1771 3501 1826 committe-

239 1869 342 1921 καὶ
378 1870 478 1937 τῆς
512 1871 693 1941 μάχης
724 1864 826 1925 ὦδε
869 1871 1091 1922 κάκεῖσε
1133 1870 1433 1939 ῥεπούσης,
1485 1870 1578 1919 καὶ
1617 1866 1827 1919 πολλῶν

1943 1876 2127 1922 bantur
2168 1885 2183 1921 :
2228 1867 2324 1920 sed
2380 1880 2500 1918 cum
2532 1862 2747 1917 tandem
2790 1865 3041 1932 utrinque
3081 1864 3253 1917 aciem
3298 1862 3501 1917 instru-

241 1962 593 2032 ἑκατέρωθεν
624 1964 953 2024 πιπτόντων,
986 1964 1014 2014 6
1048 1961 1147 2026 μὲν
1185 1960 1445 2027 Ἀθηνίων
1469 1959 1606 2028 ἔχων
1628 1958 1672 1989 ⁹¹
1705 1974 1829 2009 συν-

240 2053 681 2121 αγωνιζομένσυς
726 2052 1033 2115 διακοσίους
1076 2052 1258 2113 ίππεῖς
1303 2050 1621 2111 ἐπιλέκτων,
1648 2048 1829 2101 πάντα

240 2143 337 2195 τδν
386 2145 515 2213 περὶ
561 2144 726 2196 αὐτὸν
782 2144 947 2195 τόπον
986 2142 1198 2211 νεκρῶν
1245 2143 1551 2213 ἐπλήρωσε,
1596 2140 1830 2212 τρωθεὶς

238 2235 290 2288 δ’
318 2238 399 2298 είς
424 2236 711 2308 ἀμφότερα
735 2239 803 2289 τὰ
841 2238 1043 2304 γόνατα
1076 2237 1167 2288 καὶ
1208 2236 1398 2305 τρίτην
1437 2234 1637 2298 λαϐὼν,
1660 2235 1832 2304 ἄχρη-

243 2342 376 2387 στος
406 2326 629 2392 ἐγένετο
648 2326 785 2394 πρὸς
813 2325 911 2392 τὴν
941 2325 1139 2393 μάχην,
1167 2322 1225 2389 ἐξ
1248 2316 1311 2376 ού
1341 2325 1389 2375 οί
1419 2322 1682 2393 δραπέται
1711 2325 1831 2385 ταῖς

240 2415 449 2484 ψυχαῖς
490 2416 745 2477 πεσόντες
767 2417 903 2486 πρὸς
927 2418 1104 2485 φυγὴν
1125 2417 1461 2485 ἐτράπησαν.
1514 2416 1573 2468 'O
1598 2414 1655 2466 δὲ
1678 2414 1833 2485 Ἀθη-

242 2508 379 2558 νίων
401 2508 476 2570 ὡς
514 2508 709 2576 νεκρὸς
736 2506 812 2559 ῶν
840 2507 1020 2573 ἔλαθε,
1054 2509 1146 2561 καὶ
1169 2508 1555 2578 προσποιηθεὶς
1585 2508 1829 2560 τετελευ-

246 2600 482 2669 τηκέναι
513 2600 614 2667 τῆς
644 2600 837 2661 νυκτὸς
870 2598 1233 2668 ἐπιλαϐούσης
1260 2598 1514 2668 διεσώθη.
1560 2598 1831 2666 Ἐπεκρά·

241 2707 422 2755 τησαν
450 2690 505 2741 δὲ
530 2690 798 2759 λαμπρῶς
832 2690 882 2741 oi
927 2690 1205 2757 Ῥωμαῖοι,
1250 2689 1528 2757 φυγόντων
1573 2688 1669 2741 καὶ
1719 2689 1829 2740 τῶν

249 2778 395 2848 μετά
417 2779 714 2847 Τρύφωνος
749 2778 844 2831 καὶ
868 2778 1030 2830 αὑτοῦ
1056 2778 1260 2831 ἐκείνου
1290 2794 1306 2810 ⁸
1334 2777 1429 2830 καὶ
1452 2778 1661 2830 πολλῶν
1693 2776 1836 2829 κατὰ

247 2871 351 2938 τὴν
384 2870 565 2938 φυγὴν
594 2869 871 2922 κοπέντων
899 2869 1051 2929 τέλος
1080 2869 1179 2920 οὐκ
1208 2868 1462 2930 ἐλάττους
1495 2867 1605 2920 τῶν
1633 2867 1834 2935 δισμυ-

1930 1959 2179 2024 xisseut,
2266 1957 2465 2025 diuque
2525 1954 2744 2024 ancipiti
2813 1953 2983 2008 Marte
3057 1966 3354 2023 pugnatum
3414 1966 3501 2009 es-

1930 2063 2033 2115 set,
2065 2066 2125 2105 ac
2156 2051 2305 2105 multi
2348 2052 2415 2106 ab
2439 2035 2669 2117 utraque
2700 2058 2851 2116 Parte
2888 2048 3238 2111 cecidissent,
3266 2049 3503 2102 Athenio

1930 2144 2159 2212 stipatus
2173 2141 2279 2196 200
2306 2141 2522 2197 selectis
2547 2140 2840 2207 equitibus,
2867 2150 3045 2209 strage
3068 2141 3249 2194 omnia
3269 2142 3503 2195 circum-

1930 2245 2143 2299 quaque
2174 2229 2416 2298 implevit
2443 2246 2457 2282 :
2510 2243 2695 2282 verum
2734 2242 2873 2296 genu
2906 2237 3139 2296 utroque
3165 2227 3502 2293 vulneratus,

1933 2337 2115 2392 postea
2155 2332 2210 2377 et
2248 2324 2411 2377 tertio
2455 2323 2675 2377 vulnere
2714 2324 2766 2376 in
2810 2322 2911 2375 alia
2939 2325 3182 2391 corporis
3216 2334 3367 2393 parte
3408 2339 3505 2379 ac-

1933 2425 2108 2483 cepto,
2139 2431 2330 2484 pugnat
2355 2414 2500 2469 utilis
2550 2430 2672 2470 esse
2703 2416 2880 2469 desiit.
2906 2415 3266 2481 Quamobrem
3296 2416 3503 2487 fugitivi

1935 2509 2171 2559 animum
2200 2505 2620 2575 despondentes,
2662 2504 2802 2573 fugae
2836 2521 2894 2560 se
2927 2507 3213 2561 dederunt.
3274 2507 3506 2561 Athenio

1935 2607 2110 2651 autem
2133 2613 2252 2651 cum
2273 2607 2516 2651 mortuus
2542 2598 2878 2661 crederetur,
2904 2598 3155 2664 latitavit,
3178 2607 3234 2652 et
3253 2599 3505 2654 simulata

1936 2687 2322 2757 aliquantisper
2345 2700 2537 2754 morte,
2561 2704 2683 2742 cum
2721 2689 2954 2757 primum
2976 2704 3077 2743 nox
3113 2691 3352 2755 advenit,
3382 2689 3505 2760 iuga

1936 2781 2035 2834 sibi
2070 2780 2295 2834 salutem
2350 2782 2573 2849 peperit.
2621 2779 2944 2835 Praeclaram
2995 2796 3123 2836 vero
3158 2783 3336 2850 adepti
3385 2793 3513 2835 sunt

1940 2870 2165 2924 Ruinani
2199 2871 2499 2936 victoriam,
2529 2869 2834 2939 Tryphonis
2862 2872 3150 2926 comitibus
3183 2881 3238 2924 et
3273 2872 3367 2927 illo
3394 2873 3512 2939 ipso

248 2965 387 3032 ρίων
414 2960 781 3031 ἀνῃρέθησαν.
814 2961 877 3013 Οί
899 2960 955 3012 δὲ
981 2959 1158 3012 λοιποὶ
1186 2958 1284 3028 τῆς
1318 2959 1512 3021 νυκτὸς
1537 2956 1827 3027 συνεργού-

1943 2963 1989 3015 in
2032 2960 2211 3030 fugam
2258 2962 2557 3024 conversis,
2600 2963 2888 3031 multisque
2930 2963 2980 3015 in
3024 2961 3147 3033 fuga
3186 2964 3360 3027 caesis,
3390 2972 3512 3016 tan-

246 3070 353 3121 σης
403 3052 658 3118 διέφυγον
701 3052 781 3113 είς
824 3052 892 3103 τὰ
943 3050 1217 3117 Τριόκαλα
1248 3065 1263 3079 ·
1301 3049 1476 3101 καίτοι
1518 3050 1648 3119 ῥᾷον
1682 3049 1729 3079 ⁹¹
1769 3044 1827 3118 ἦν

1943 3055 2057 3107 dem
2090 3054 2275 3121 viginti
2310 3053 2474 3106 millia
2519 3068 2784 3108 caesorum
2830 3065 3210 3122 compererunt
3250 3069 3393 3109 esse.
3445 3056 3515 3107 At

246 3140 600 3205 ἐπιδιώξαντι
644 3139 723 3208 τῷ
758 3138 1049 3209 στρατηγῷ
1074 3140 1169 3191 καὶ
1192 3137 1414 3200 τούτους
1438 3138 1665 3191 ἀνελεῖν.
1715 3139 1827 3190 Ἐπὶ

1944 3144 2134 3212 reliqui
2174 3144 2559 3198 commoditate
2593 3145 2766 3198 noctis
2806 3144 2907 3205 usi,
2939 3144 3004 3196 ad
3037 3142 3284 3197 Triocala
3316 3142 3515 3199 conl‘u-

246 3230 506 3283 τοσοῦτον
535 3230 591 3282 δὲ
620 3230 987 3282 τεταπείνωτο
1012 3229 1070 3281 τὸ
1090 3229 1380 3291 οἰκετικὸν,
1406 3226 1547 3280 ῶστε
1568 3226 1662 3278 καὶ
1684 3226 1827 3278 €601)-

1943 3244 2148 3301 gerant.
2186 3250 2493 3304 quanquam
2529 3244 2583 3288 et
2613 3235 2710 3287 hos
2742 3236 3045 3290 interticere
3080 3234 3239 3289 facile
3260 3244 3378 3289 erat
3411 3235 3514 3288 im-

249 3320 520 3372 λεύσαντο
574 3319 666 3371 ἐπὶ
708 3319 837 3380 τοὺς
866 3317 1090 3387 κυρίους
1119 3317 1519 3387 ἐπαναδραμεῖν
1562 3316 1656 3369 καὶ
1699 3317 1827 3383 σφᾶς

1943 3326 2199 3392 peratori,
2225 3327 2270 3380 si
2311 3337 2627 3395 persecutus
2660 3340 2755 3380 eos
2783 3324 2997 3380 fuisset.
3032 3326 3188 3381 Adeo
3215 3334 3393 3381 autem
3420 3326 3516 3379 ab-

247 3412 437 3473 αύτοῖς
479 3409 785 3479 ἐγχειρίσαι
815 3427 829 3441 ·
876 3410 1013 3477 πλὴν
1039 3410 1418 3479 ἐπεκράτησεν
1441 3411 1475 3477 ἡ
1506 3407 1701 3477 γνώμη
1730 3406 1827 3458 τῶι

1943 3416 2177 3483 iecerant
2226 3418 2437 3470 animos
2484 3416 2647 3479 servi,
2700 3426 2760 3469 ut
2811 3417 2971 3469 etiam
3024 3418 3091 3471 de
3142 3417 3414 3470 redeundo
3449 3415 3516 3469 ad

254 3500 423 3569 μέχρι
469 3499 730 3565 τελευτῆς
786 3497 1138 3567 ὑποθεμένων
1189 3496 1561 3565 ἀγωνίσασθαι
1613 3495 1708 3546 καὶ
1762 3493 1827 3562 μὴ

1943 3507 2204 3571 dominos,
2229 3522 2593 3576 sequeeorum
2621 3508 2873 3577 potestati
2886 3507 3517 3568 committenda,delibe-

247 3595 363 3653 τοῖς
378 3591 590 3659 ἐχθροῖς
610 3590 840 3652 ἑαυτοὺς
861 3589 1315 3657 καταπροδοῦναι.
1341 3587 1494 3641 Μετὰ
1516 3588 1561 3639 δ’
1579 3587 1777 3655 ἐνάτην
1792 3586 1827 3617 ’³

1943 3599 2078 3652 ratio
2124 3599 2190 3651 ab
2240 3598 2307 3651 iis
2356 3597 2628 3666 preposita
2685 3596 2869 3652 fuerit.
2928 3597 3125 3650 Eorum
3176 3608 3357 3651 tamen
3390 3598 3522 3651 vicit

250 3686 469 3754 ἡμέραν
501 3688 530 3737 6
577 3686 881 3756 στρατηγὸς
922 3679 1023 3755 ἦκε
1063 3685 1439 3755 πολιορκήσων
1472 3684 1538 3737 τὰ
1590 3682 1714 3754 [657
1746 3681 1827 3734 ΗΣ

1947 3690 2231 3753 sententia,
2257 3690 2345 3757 qui
2374 3697 2623 3743 auctores
2652 3697 2809 3742 erant
2833 3699 2890 3740 ut
2920 3688 2985 3740 ad
3008 3697 3311 3741 extremum
3344 3703 3519 3756 usque

249 3776 550 3843 Τριόκαλα.
571 3776 677 3828 Καὶ
699 3776 767 3828 τὰ
798 3777 896 3844 μὲν
926 3776 1183 3846 ἀναιρῶν,
1199 3776 1266 3828 τὰ
1280 3775 1336 3828 δὲ
1359 3776 1405 3807 ’⁸
1427 3773 1827 3845 ἀναιρούμενος,

1948 3781 2193 3851 spiritum
2242 3780 2584 3846 dimicarent,
2622 3795 2720 3834 nec
2770 3780 2870 3849 ipsi
2903 3782 3109 3848 seipsos
3140 3781 3428 3848 prodentes
3466 3781 3520 3833 in

252 3868 475 3919 ἔλαττον
528 3867 668 3936 ἔχων
719 3866 1035 3936 ἀπηλλάγη,
1086 3868 1180 3921 καὶ
1235 3868 1283 3919 oi
1336 3867 1639 3920 ἀποστάται
1686 3862 1827 3924 αὖθις

1950 3887 2147 3925 manus
2174 3870 2408 3925 hostium
2445 3886 2503 3924 se
2536 3871 2833 3925 traderent.
2880 3868 3043 3923 Sexto
3083 3880 3204 3938 post
3232 3871 3319 3923 die
3354 3872 3523 3938 impe-

251 3958 771 4027 ἐφρονηματίζοντο.
805 3960 974 4011 Ἦνυε
998 3959 1053 4011 δὲ
1076 3958 1184 4011 τῶν
1211 3958 1436 4011 δεόντων
1458 3959 1486 4011 6
1512 3954 1827 4025 στρατηγὸς1

1951 3972 2098 4017 rator
2132 3961 2200 4015 ad
2233 3960 2527 4015 obsidenda
2561 3959 2810 4013 Triocala
2852 3960 3015 4025 venit,
3060 3960 3149 4028 qui
3190 3974 3312 4013 cum
3337 3959 3525 4015 hostes

252 4052 366 4102 εἴτε
405 4049 494 4102 διὰ
524 4048 805 4120 ῥᾳστώνην
846 4051 954 4103 είτε
991 4050 1077 4101 διὰ
1108 4049 1456 4119 δωροδοκίαν,
1490 4047 1640 4100 οὐδέν
1670 4062 1687 4078 ⁸
1720 4042 1827 4099 ἀνθ

1946 4056 2198 4119 caederet,
2244 4053 2591 4122 vicissimque
2632 4054 2701 4108 ab
2758 4053 2865 4107 illis
2928 4053 3253 4117 mederetur,
3304 4055 3521 4108 tandem

252 4133 331 4191 ὧν
355 4140 449 4193 καὶ
476 4140 632 4209 δίκην
657 4138 882 4210 ὕστερον
915 4140 1125 4209 κριθεὶς
1166 4138 1455 4207 Ῥωμαίοις
1485 4137 1677 4190 ἔδωκε.

1949 4144 2172 4198 inferior
2223 4143 2491 4197 discessit.
2542 4143 2657 4207 Qua
2708 4158 2776 4197 ex
2826 4157 2884 4196 re
2934 4142 3164 4197 multum
3206 4143 3415 4197 ﬁducia:
3463 4161 3527 4197 ac

254 4251 482 4319 spiritus
515 4251 878 4306 defectoribus
932 4252 1110 4305 rediit.
1149 4251 1343 4320 390b
1391 4249 1501 4304 Nec
1528 4264 1653 4303 vero
1686 4249 1802 4316 ipse
1840 4245 2137 4310 imperator
2192 4237 2299 4292 ulla
2333 4237 2386 4290 in
2431 4248 2585 4306 parte
2619 4236 2757 4305 (sive
2790 4251 2901 4305 pra:
2940 4236 3171 4302 desidia,
3198 4236 3313 4291 sive
3376 4238 3523 4304 quod

257 4330 577 4397 muneribus
604 4354 892 4410 corruptus
918 4343 1081 4411 esset)
1152 4340 1326 4395 oilicio
1365 4356 1465 4396 suo
1507 4339 1899 4395 satisfaciebat.
1950 4328 2296 4387 Uude'etiam
2332 4339 2519 4397 postea
2552 4329 2606 4381 in
2628 4328 2892 4397 judicium
2928 4343 2958 4381 a
2991 4327 3249 4383 Romanis
3278 4341 3522 4404 vocatus,

258 4434 627 4502 multatusque
660 4435 776 4487 l‘uit.

334 4528 489 4585 Γάϊος
514 4526 571 4579 δὲ
594 4519 901 4596 Σερουΐλιος
934 4524 1350 4595 καταπεμφθεὶς
1388 4522 1694 4593 στρατηγὸς
1723 4519 1827 4573 διά·

2015 4513 2083 4566 At
2111 4510 2275 4564 Caius
2304 4506 2567 4562 Servilius
2587 4504 2785 4559 missus
2813 4506 3123 4573 imperatori
3154 4504 3379 4559 Lucullo
3400 4520 3526 4558 suc-

259 4621 417 4689 δοχος
431 4617 789 4681 Λουκούλλου,
813 4618 925 4670 οὐδ’
946 4617 1105 4679 αύτός
1129 4633 1180 4667 τι
1200 4615 1350 4681 ἀξιον
1370 4614 1589 4683 μνήμης
1608 4610 1827 4682 ἔπραξε·

1943 4620 2147 4670 cessor,
2202 4604 2315 4671 ipse
2361 4614 2577 4669 quoque
2643 4598 2775 4650 nihil
2818 4598 3115 4665 quidquam
3176 4597 3529 4651 memorabile

260 4687 343 4764 ὂῐδ
376 4712 470 4763 καὶ
500 4711 699 4777 ὁμοίως
729 4708 1048 4778 Λουκούλλῳ
1097 4708 1323 4776 ὕστερον
1360 4708 1505 4775 φυγῇ
1548 4703 1827 4757 κατεδικά-

1943 4699 2107 4766 gessit
2145 4714 2159 4747 :
2195 4706 2361 4761 quare
2409 4690 2598 4744 eodem
2627 4704 2735 4759 quo
2777 4687 3027 4742 Lucullus
3072 4689 3230 4742 modo
3272 4690 3529 4741 multatus

263 4800 393 4868 σθη.
449 4800 883 4867 Τελευτήσαντος
910 4798 967 4850 δὲ
1002 4797 1294 4867 Τρύφωνος
1326 4796 1569 4864 διάδοχος
1600 4794 1701 4862 τῆς
1746 4795 1838 4858 ἀρ-

262 4889 368 4957 χῆς
402 4889 431 4939 6
481 4886 744 4955 Ἀθηνίων
787 4886 1132 4949 καθίσταται,
1173 4884 1267 4936 καὶ
1314 4884 1470 4936 τοῦτο
1517 4883 1616 4951 μὲν
1654 4882 1838 4944 πόλεις

265 4976 601 5046 ἐπολιόρκει,
630 4974 788 5027 τοῦτο
816 4976 871 5027 δὲ
907 4976 1085 5027 πᾶσαν
1119 4975 1219 5043 τὴν
1268 4971 1450 5042 χώραν
1489 4970 1658 5032 ἀδεῶς
1705 4986 1843 5023 κατ-

267 5070 292 5120 έ
307 5085 483 5138 τρεχε,
499 5069 591 5119 καὶ
621 5066 829 5119 πολλῶν
849 5066 1154 5137 ἐκυρίευσε,
1178 5064 1271 5116 τοῦ
1290 5063 1591 5133 Σερουῖλίου
1618 5062 1843 5131 μηδὲνθη

267 5160 752 5226 ἀντιπράττοντος.

341 5247 449 5301 Τοῦ
482 5249 526 5301 δ’
552 5248 817 5300 ἐνιαυσίου
844 5247 1033 5317 χρόνου
1065 5246 1362 5307 διελθόντος
1386 5245 1588 5308 ὕπατος
1620 5248 1677 5298 ὲν
1712 5246 1845 5297 Ῥώ-

271 5357 352 5412 μῃ
377 5340 532 5402 Γάϊος
558 5340 766 5410 Μάριος
795 5339 962 5409 ᾑρέθη
984 5340 1043 5391 τὸ
1066 5339 1312 5407 πέμπτον
1342 5339 1433 5389 καὶ
1468 5338 1624 5399 Γάϊος
1648 5335 1842 5398 ’Λκύλ-

268 5434 385 5495 ita;
410 5448 423 5460 '
467 5427 541 5485 ὦν
588 5435 616 5485 6
642 5433 920 5494 Ἀκύλλιος
957 5432 1258 5503 στρατηγὸς
1288 5430 1428 5483 κατὰ
1454 5429 1563 5483 τῶν
1599 5431 1839 5481 ἀποστα-

1944 4786 2131 4841 exsilio
2161 4784 2279 4836 iuit.
2325 4782 2461 4835 Dum
2502 4782 2617 4835 haec
2646 4790 2928 4847 geruntur,
2973 4780 3205 4833 moritur
3244 4795 3337 4833 rex
3391 4779 3527 4844 Try-

1945 4879 2073 4949 pho.
2107 4877 2291 4945 Regna
2320 4873 2562 4930 succedit
2596 4872 2849 4926 Athenio.
2886 4870 2983 4924 llic
3007 4871 3169 4925 urbes
3199 4870 3523 4931 obsidendo,

1943 4982 2215 5037 totamque
2250 4968 2522 5038 regionem
2569 4965 2978 5021 incursionibus
3026 4978 3126 5031 pro
3172 4963 3395 5017 libidine
3446 4966 3531 5017 in-

1944 5062 2207 5126 festando,
2263 5061 2441 5129 prmda
2503 5059 2727 5129 ingenti,
2788 5072 2892 5110 non
2937 5057 3235 5111 obsistente
3300 5056 3532 5110 Servilio

1945 5153 2146 5223 potitus
2175 5161 2280 5205 est.

2015 5243 2185 5296 Porro
2220 5253 2411 5297 exacto
2458 5256 2636 5295 annuo
2687 5242 2863 5311 spatio
2897 5241 3080 5295 Roma:
3120 5239 3365 5309 quintum
3394 5254 3531 5292 Cun-

1951 5335 2032 5388 sul
2066 5333 2336 5388 cuinCaio
2373 5334 2544 5388 Acilio
2572 5331 2668 5404 [αι.
2705 5331 2949 5403 Aquileo]
2983 5342 3198 5386 creatus
3230 5330 3331 5383 fuit
3362 5330 3526 5383 Caius

1948 5427 2165 5481 Marius.
2215 5425 2411 5482 Missus
2459 5438 2635 5480 autem
2677 5426 2880 5480 Acilius
2928 5425 3190 5479 adversus
3221 5422 3525 5478 defectores

1596 5563 1825 5618 VARI/8
1864 5560 2268 5618 LECTIONES.

347 5699 390 5730 ⁸⁷
425 5701 696 5771 καρνᾶνας
727 5703 788 5751 Λ.
866 5702 908 5771 ’Ψ
939 5700 1160 5771 ταύτης]
1193 5703 1362 5771 αὐτῆς
1385 5705 1447 5756 Α.

274 5778 335 5827 et
361 5771 506 5824 coi'r.
544 5770 589 5824 A
662 5772 706 5803 "
734 5770 883 5840 ῥᾴονι
913 5772 1020 5824 imo
1056 5770 1249 5835 ῥᾴδιον.

1559 5703 1602 5733 ³³
1633 5702 1926 5769 Σκριθαίας
1957 5702 2019 5755 Λ.

1348 5774 1392 5804 ’³
1418 5773 1609 5841 ἐνάτην
1640 5780 1646 5838 |
1680 5774 1839 5840 ἕκτην
1873 5772 1929 5826 Β.

2116 5700 2160 5729 ’°
2192 5698 2329 5766 ἔχων
2361 5714 2471 5752 om.
2510 5701 2571 5751 Λ.
2714 5696 2757 5728 ²²¹
2791 5694 3111 5764 ἐπιλέκτων]
3152 5692 3463 5766 ἐπικρατῶν
3496 5692 3534 5742 15

2032 5770 2077 5801 "‘
2107 5767 2184 5831 δὲ]
2218 5764 2274 5822 δὲ
2296 5770 2387 5822 καί
2419 5769 2478 5822 ii.
2556 5769 2601 5801 "
2637 5767 2804 5835 μηδὲν
2838 5768 2875 5817 Λ
2923 5784 2935 5818 :
2977 5768 3031 5818 δὲ
3064 5764 3229 5835 μηδὲν
3260 5781 3317 5827 τ.
