  <div class='ocr_page' id='page_1' title='image "/cluster/home/n/w/nwhite01/storage/ocr_20150623/103/nnc1.0046979689/737.png"; bbox 0 0 4216 6430; ppageno 0'>
   <div class='ocr_carea' id='block_1_1' title="bbox 785 371 917 435">
    <p class='ocr_par' dir='ltr' id='par_1_1' title="bbox 785 371 917 435">
     <span class='ocr_line' id='line_1_1' title="bbox 785 371 917 435; baseline 0.008 -1"><span class='ocrx_word' id='word_1_1' title='bbox 785 371 917 435; x_wconf 63' lang='grc'><strong>162⁷7</strong></span> 
     </span>
    </p>
   </div>
   <div class='ocr_carea' id='block_1_2' title="bbox 1939 373 2863 437">
    <p class='ocr_par' dir='ltr' id='par_1_2' title="bbox 1939 373 2863 437">
     <span class='ocr_line' id='line_1_2' title="bbox 1939 373 2863 437; baseline -0.006 0"><span class='ocrx_word' id='word_1_2' title='bbox 1939 376 2195 437; x_wconf 82' lang='grc' dir='ltr'><strong>ΡΗΟΤΙΙ</strong></span> <span class='ocrx_word' id='word_1_3' title='bbox 2221 374 2721 435; x_wconf 80' lang='lat' dir='ltr'><strong>PATRIARCH/E</strong></span> <span class='ocrx_word' id='word_1_4' title='bbox 2754 373 2863 432; x_wconf 79' lang='grc' dir='ltr'><strong>ΟΡ.</strong></span> 
     </span>
    </p>
   </div>
   <div class='ocr_carea' id='block_1_3' title="bbox 3886 366 4027 434">
    <p class='ocr_par' dir='ltr' id='par_1_3' title="bbox 3886 366 4027 434">
     <span class='ocr_line' id='line_1_3' title="bbox 3886 366 4027 434; baseline 0.035 -5"><span class='ocrx_word' id='word_1_5' title='bbox 3886 366 4027 434; x_wconf 72' lang='grc'><strong>1428</strong></span> 
     </span>
    </p>
   </div>
   <div class='ocr_carea' id='block_1_4' title="bbox 774 478 2399 553">
    <p class='ocr_par' dir='ltr' id='par_1_4' title="bbox 774 482 2399 553">
     <span class='ocr_line' id='line_1_4' title="bbox 774 482 2399 553; baseline -0.002 -15"><span class='ocrx_word' id='word_1_6' title='bbox 774 485 1087 551; x_wconf 78' lang='lat' dir='ltr'><strong>imperator,</strong></span> <span class='ocrx_word' id='word_1_7' title='bbox 1128 484 1197 537; x_wconf 85' lang='lat' dir='ltr'><strong>ita</strong></span> <span class='ocrx_word' id='word_1_8' title='bbox 1230 499 1287 538; x_wconf 86' lang='lat' dir='ltr'><strong>se</strong></span> <span class='ocrx_word' id='word_1_9' title='bbox 1319 482 1531 543; x_wconf 70' lang='lat' dir='ltr'><strong>fortiter</strong></span> <span class='ocrx_word' id='word_1_10' title='bbox 1559 484 1744 553; x_wconf 79' lang='lat' dir='ltr'><strong>gessit,</strong></span> <span class='ocrx_word' id='word_1_11' title='bbox 1793 494 1847 538; x_wconf 83' lang='grc' dir='ltr'><strong>ιιι</strong></span> <span class='ocrx_word' id='word_1_12' title='bbox 1884 484 2182 538; x_wconf 73' lang='lat' dir='ltr'><strong>defeetores</strong></span> <span class='ocrx_word' id='word_1_13' title='bbox 2218 484 2340 536; x_wconf 89' lang='lat' dir='ltr'><strong>illn-</strong></span> <span class='ocrx_word' id='word_1_14' title='bbox 2371 488 2399 541; x_wconf 82' lang='grc' dir='ltr'><strong><em>Α</em></strong></span> 
     </span>
    </p>
   </div>
   <div class='ocr_carea' id='block_1_5' title="bbox 2430 478 4025 553">
    <p class='ocr_par' dir='ltr' id='par_1_5' title="bbox 2443 478 4025 551">
     <span class='ocr_line' id='line_1_5' title="bbox 2443 478 4025 551; baseline -0.003 -17"><span class='ocrx_word' id='word_1_15' title='bbox 2443 483 2550 535; x_wconf 82' lang='grc' dir='ltr'><strong>τῶν</strong></span> <span class='ocrx_word' id='word_1_16' title='bbox 2575 483 2789 543; x_wconf 75' lang='grc' dir='ltr'><strong>σταλεὶς</strong></span> <span class='ocrx_word' id='word_1_17' title='bbox 2818 480 2979 551; x_wconf 74' lang='grc' dir='ltr'><strong>[ιιει</strong></span> <span class='ocrx_word' id='word_1_18' title='bbox 3006 479 3099 551; x_wconf 61' lang='grc' dir='ltr'><strong>Β.)</strong></span> <span class='ocrx_word' id='word_1_19' title='bbox 3116 479 3202 531; x_wconf 64' lang='grc' dir='ltr'><strong>διὰ</strong></span> <span class='ocrx_word' id='word_1_20' title='bbox 3228 480 3326 546; x_wconf 77' lang='grc' dir='ltr'><strong>τῆς</strong></span> <span class='ocrx_word' id='word_1_21' title='bbox 3345 478 3480 541; x_wconf 85' lang='grc' dir='ltr'><strong>ἰδίας</strong></span> <span class='ocrx_word' id='word_1_22' title='bbox 3500 478 3751 549; x_wconf 80' lang='grc' dir='ltr'><strong>ἀνδρείας</strong></span> <span class='ocrx_word' id='word_1_23' title='bbox 3766 479 4025 546; x_wconf 67' lang='grc' dir='ltr'><strong>ἐπιφανεῖ</strong></span> 
     </span>
    </p>
   </div>
   <div class='ocr_carea' id='block_1_6' title="bbox 772 574 2340 642">
    <p class='ocr_par' dir='ltr' id='par_1_6' title="bbox 772 574 2340 642">
     <span class='ocr_line' id='line_1_6' title="bbox 772 574 2340 642; baseline -0.001 -14"><span class='ocrx_word' id='word_1_24' title='bbox 772 574 870 628; x_wconf 84' lang='lat' dir='ltr'><strong>stri</strong></span> <span class='ocrx_word' id='word_1_25' title='bbox 892 574 1075 641; x_wconf 78' lang='lat' dir='ltr'><strong>praelia</strong></span> <span class='ocrx_word' id='word_1_26' title='bbox 1097 574 1766 641; x_wconf 87' lang='lat' dir='ltr'><strong>superaverit.Quinetiam</strong></span> <span class='ocrx_word' id='word_1_27' title='bbox 1799 590 1917 628; x_wconf 91' lang='lat' dir='ltr'><strong>cum</strong></span> <span class='ocrx_word' id='word_1_28' title='bbox 1952 575 2189 642; x_wconf 86' lang='lat' dir='ltr'><strong>ipsorum</strong></span> <span class='ocrx_word' id='word_1_29' title='bbox 2212 589 2340 642; x_wconf 86' lang='lat' dir='ltr'><strong>rege</strong></span> 
     </span>
    </p>
   </div>
   <div class='ocr_carea' id='block_1_7' title="bbox 770 665 2339 731">
    <p class='ocr_par' dir='ltr' id='par_1_7' title="bbox 770 665 2339 731">
     <span class='ocr_line' id='line_1_7' title="bbox 770 665 2339 731; baseline 0 -16"><span class='ocrx_word' id='word_1_30' title='bbox 770 666 1075 716; x_wconf 79' lang='lat' dir='ltr'><strong>Athenione</strong></span> <span class='ocrx_word' id='word_1_31' title='bbox 1124 674 1369 717; x_wconf 87' lang='lat' dir='ltr'><strong>conserta</strong></span> <span class='ocrx_word' id='word_1_32' title='bbox 1420 679 1579 716; x_wconf 89' lang='lat' dir='ltr'><strong>manu</strong></span> <span class='ocrx_word' id='word_1_33' title='bbox 1613 665 1886 717; x_wconf 90' lang='lat' dir='ltr'><strong>heroicum</strong></span> <span class='ocrx_word' id='word_1_34' title='bbox 1912 665 2156 731; x_wconf 66' lang='lat' dir='ltr'><strong>praelium</strong></span> <span class='ocrx_word' id='word_1_35' title='bbox 2190 678 2339 717; x_wconf 90' lang='lat' dir='ltr'><strong>com-</strong></span> 
     </span>
    </p>
   </div>
   <div class='ocr_carea' id='block_1_8' title="bbox 770 754 2341 823">
    <p class='ocr_par' dir='ltr' id='par_1_8' title="bbox 770 754 2341 823">
     <span class='ocr_line' id='line_1_8' title="bbox 770 754 2341 823; baseline 0.003 -21"><span class='ocrx_word' id='word_1_36' title='bbox 770 754 945 816; x_wconf 82' lang='lat' dir='ltr'><strong>misit;</strong></span> <span class='ocrx_word' id='word_1_37' title='bbox 976 756 1296 821; x_wconf 87' lang='lat' dir='ltr'><strong>tandemque</strong></span> <span class='ocrx_word' id='word_1_38' title='bbox 1312 770 1433 807; x_wconf 88' lang='lat' dir='ltr'><strong>eum</strong></span> <span class='ocrx_word' id='word_1_39' title='bbox 1456 754 1742 819; x_wconf 91' lang='lat' dir='ltr'><strong>interfecit,</strong></span> <span class='ocrx_word' id='word_1_40' title='bbox 1759 766 1976 823; x_wconf 86' lang='lat' dir='ltr'><strong>accepto</strong></span> <span class='ocrx_word' id='word_1_41' title='bbox 1994 756 2107 808; x_wconf 87' lang='lat' dir='ltr'><strong>solo</strong></span> <span class='ocrx_word' id='word_1_42' title='bbox 2121 756 2341 808; x_wconf 83' lang='lat' dir='ltr'><strong>vulnere</strong></span> 
     </span>
    </p>
   </div>
   <div class='ocr_carea' id='block_1_9' title="bbox 773 845 2340 914">
    <p class='ocr_par' dir='ltr' id='par_1_9' title="bbox 773 845 2340 914">
     <span class='ocr_line' id='line_1_9' title="bbox 773 845 2340 914; baseline 0.004 -21"><span class='ocrx_word' id='word_1_43' title='bbox 773 845 820 893; x_wconf 91' lang='lat' dir='ltr'><strong>iu</strong></span> <span class='ocrx_word' id='word_1_44' title='bbox 857 845 1050 909; x_wconf 81' lang='lat' dir='ltr'><strong>capite,</strong></span> <span class='ocrx_word' id='word_1_45' title='bbox 1080 860 1143 898; x_wconf 80' lang='lat' dir='ltr'><strong>ex</strong></span> <span class='ocrx_word' id='word_1_46' title='bbox 1180 861 1285 913; x_wconf 90' lang='lat' dir='ltr'><strong>quo</strong></span> <span class='ocrx_word' id='word_1_47' title='bbox 1314 857 1531 899; x_wconf 83' lang='lat' dir='ltr'><strong>sanatus</strong></span> <span class='ocrx_word' id='word_1_48' title='bbox 1576 846 1852 913; x_wconf 90' lang='lat' dir='ltr'><strong>aliquanto</strong></span> <span class='ocrx_word' id='word_1_49' title='bbox 1886 858 2004 914; x_wconf 89' lang='lat' dir='ltr'><strong>post</strong></span> <span class='ocrx_word' id='word_1_50' title='bbox 2026 848 2144 899; x_wconf 83' lang='lat' dir='ltr'><strong>fuit.</strong></span> <span class='ocrx_word' id='word_1_51' title='bbox 2188 846 2340 899; x_wconf 76' lang='lat' dir='ltr'><strong>Mox-</strong></span> 
     </span>
    </p>
   </div>
   <div class='ocr_carea' id='block_1_10' title="bbox 769 934 2339 1009">
    <p class='ocr_par' dir='ltr' id='par_1_10' title="bbox 769 934 2339 1009">
     <span class='ocr_line' id='line_1_10' title="bbox 769 934 2339 1009; baseline 0.003 -27"><span class='ocrx_word' id='word_1_52' title='bbox 769 949 872 998; x_wconf 91' lang='lat' dir='ltr'><strong>que</strong></span> <span class='ocrx_word' id='word_1_53' title='bbox 893 934 1222 987; x_wconf 80' lang='lat' dir='ltr'><strong>delectorum</strong></span> <span class='ocrx_word' id='word_1_54' title='bbox 1262 936 1515 1000; x_wconf 77' lang='lat' dir='ltr'><strong>reliquias</strong></span> <span class='ocrx_word' id='word_1_55' title='bbox 1533 936 1669 989; x_wconf 88' lang='lat' dir='ltr'><strong>bello</strong></span> <span class='ocrx_word' id='word_1_56' title='bbox 1686 946 1998 1009; x_wconf 88' lang='lat' dir='ltr'><strong>persecutus</strong></span> <span class='ocrx_word' id='word_1_57' title='bbox 2026 948 2109 990; x_wconf 85' lang='lat' dir='ltr'><strong>est</strong></span> <span class='ocrx_word' id='word_1_58' title='bbox 2155 936 2339 989; x_wconf 80' lang='lat' dir='ltr'><strong>decem</strong></span> 
     </span>
    </p>
   </div>
   <div class='ocr_carea' id='block_1_11' title="bbox 768 1023 2337 1092">
    <p class='ocr_par' dir='ltr' id='par_1_11' title="bbox 768 1023 2337 1092">
     <span class='ocr_line' id='line_1_11' title="bbox 768 1023 2337 1092; baseline 0.001 -17"><span class='ocrx_word' id='word_1_59' title='bbox 768 1023 934 1075; x_wconf 86' lang='lat' dir='ltr'><strong>millia</strong></span> <span class='ocrx_word' id='word_1_60' title='bbox 968 1024 1265 1077; x_wconf 84' lang='lat' dir='ltr'><strong>hominum.</strong></span> <span class='ocrx_word' id='word_1_61' title='bbox 1306 1025 1500 1077; x_wconf 86' lang='lat' dir='ltr'><strong>Verum</strong></span> <span class='ocrx_word' id='word_1_62' title='bbox 1538 1025 1591 1078; x_wconf 92' lang='lat' dir='ltr'><strong>hi</strong></span> <span class='ocrx_word' id='word_1_63' title='bbox 1615 1040 1738 1079; x_wconf 91' lang='lat' dir='ltr'><strong>cum</strong></span> <span class='ocrx_word' id='word_1_64' title='bbox 1794 1027 2048 1092; x_wconf 87' lang='lat' dir='ltr'><strong>impetum</strong></span> <span class='ocrx_word' id='word_1_65' title='bbox 2092 1025 2209 1092; x_wconf 85' lang='lat' dir='ltr'><strong>ejus</strong></span> <span class='ocrx_word' id='word_1_66' title='bbox 2233 1039 2337 1077; x_wconf 91' lang='lat' dir='ltr'><strong>non</strong></span> 
     </span>
    </p>
   </div>
   <div class='ocr_carea' id='block_1_12' title="bbox 769 1111 2336 1183">
    <p class='ocr_par' dir='ltr' id='par_1_12' title="bbox 769 1111 2336 1183">
     <span class='ocr_line' id='line_1_12' title="bbox 769 1111 2336 1183; baseline 0 -20"><span class='ocrx_word' id='word_1_67' title='bbox 769 1111 1171 1177; x_wconf 83' lang='lat' dir='ltr'><strong>sustinuissent,</strong></span> <span class='ocrx_word' id='word_1_68' title='bbox 1203 1113 1296 1165; x_wconf 88' lang='lat' dir='ltr'><strong>sed</strong></span> <span class='ocrx_word' id='word_1_69' title='bbox 1331 1114 1397 1166; x_wconf 90' lang='lat' dir='ltr'><strong>ad</strong></span> <span class='ocrx_word' id='word_1_70' title='bbox 1423 1113 1536 1166; x_wconf 89' lang='lat' dir='ltr'><strong>loca</strong></span> <span class='ocrx_word' id='word_1_71' title='bbox 1566 1115 1767 1167; x_wconf 90' lang='lat' dir='ltr'><strong>munita</strong></span> <span class='ocrx_word' id='word_1_72' title='bbox 1796 1113 2163 1183; x_wconf 78' lang='lat' dir='ltr'><strong>confugissent</strong></span> <span class='ocrx_word' id='word_1_73' title='bbox 2190 1131 2205 1179; x_wconf 88' lang='lat'>;</span> <span class='ocrx_word' id='word_1_74' title='bbox 2234 1127 2336 1165; x_wconf 91' lang='lat' dir='ltr'><strong>non</strong></span> 
     </span>
    </p>
   </div>
   <div class='ocr_carea' id='block_1_13' title="bbox 769 1199 2337 1270">
    <p class='ocr_par' dir='ltr' id='par_1_13' title="bbox 769 1199 2337 1270">
     <span class='ocr_line' id='line_1_13' title="bbox 769 1199 2337 1270; baseline 0.003 -20"><span class='ocrx_word' id='word_1_75' title='bbox 769 1206 948 1252; x_wconf 89' lang='lat' dir='ltr'><strong>tamen</strong></span> <span class='ocrx_word' id='word_1_76' title='bbox 988 1199 1207 1267; x_wconf 81' lang='lat' dir='ltr'><strong>Acylius</strong></span> <span class='ocrx_word' id='word_1_77' title='bbox 1246 1201 1428 1253; x_wconf 90' lang='lat' dir='ltr'><strong>omnia</strong></span> <span class='ocrx_word' id='word_1_78' title='bbox 1482 1211 1691 1256; x_wconf 90' lang='lat' dir='ltr'><strong>tentare</strong></span> <span class='ocrx_word' id='word_1_79' title='bbox 1749 1204 1897 1268; x_wconf 89' lang='lat' dir='ltr'><strong>prius</strong></span> <span class='ocrx_word' id='word_1_80' title='bbox 1944 1202 2125 1265; x_wconf 87' lang='lat' dir='ltr'><strong>desiit,</strong></span> <span class='ocrx_word' id='word_1_81' title='bbox 2174 1217 2337 1270; x_wconf 90' lang='lat' dir='ltr'><strong>quam</strong></span> 
     </span>
    </p>
   </div>
   <div class='ocr_carea' id='block_1_14' title="bbox 768 1292 2335 1361">
    <p class='ocr_par' dir='ltr' id='par_1_14' title="bbox 768 1292 2335 1361">
     <span class='ocr_line' id='line_1_14' title="bbox 768 1292 2335 1361; baseline 0.003 -21"><span class='ocrx_word' id='word_1_82' title='bbox 768 1303 862 1341; x_wconf 88' lang='lat' dir='ltr'><strong>eos</strong></span> <span class='ocrx_word' id='word_1_83' title='bbox 890 1301 1224 1358; x_wconf 82' lang='lat' dir='ltr'><strong>expugnatos</strong></span> <span class='ocrx_word' id='word_1_84' title='bbox 1252 1292 1305 1344; x_wconf 90' lang='lat' dir='ltr'><strong>in</strong></span> <span class='ocrx_word' id='word_1_85' title='bbox 1351 1302 1669 1360; x_wconf 87' lang='lat' dir='ltr'><strong>potestatem</strong></span> <span class='ocrx_word' id='word_1_86' title='bbox 1714 1293 1937 1361; x_wconf 78' lang='lat' dir='ltr'><strong>redegit.</strong></span> <span class='ocrx_word' id='word_1_87' title='bbox 1990 1294 2123 1347; x_wconf 88' lang='lat' dir='ltr'><strong>Cum</strong></span> <span class='ocrx_word' id='word_1_88' title='bbox 2155 1303 2335 1347; x_wconf 89' lang='lat' dir='ltr'><strong>autem</strong></span> 
     </span>
    </p>
   </div>
   <div class='ocr_carea' id='block_1_15' title="bbox 768 1378 2336 1447">
    <p class='ocr_par' dir='ltr' id='par_1_15' title="bbox 768 1378 2336 1447">
     <span class='ocr_line' id='line_1_15' title="bbox 768 1378 2336 1447; baseline 0 -18"><span class='ocrx_word' id='word_1_89' title='bbox 768 1388 1119 1443; x_wconf 91' lang='lat' dir='ltr'><strong>superessent</strong></span> <span class='ocrx_word' id='word_1_90' title='bbox 1149 1378 1325 1432; x_wconf 90' lang='lat' dir='ltr'><strong>adhuc</strong></span> <span class='ocrx_word' id='word_1_91' title='bbox 1353 1380 1515 1444; x_wconf 89' lang='lat' dir='ltr'><strong>mille,</strong></span> <span class='ocrx_word' id='word_1_92' title='bbox 1541 1394 1771 1447; x_wconf 92' lang='lat' dir='ltr'><strong>quorum</strong></span> <span class='ocrx_word' id='word_1_93' title='bbox 1800 1379 1907 1432; x_wconf 77' lang='lat' dir='ltr'><strong>dux</strong></span> <span class='ocrx_word' id='word_1_94' title='bbox 1940 1387 2056 1432; x_wconf 87' lang='lat' dir='ltr'><strong>erat</strong></span> <span class='ocrx_word' id='word_1_95' title='bbox 2086 1379 2336 1447; x_wconf 80' lang='lat' dir='ltr'><strong>Satyrus,</strong></span> 
     </span>
    </p>
   </div>
   <div class='ocr_carea' id='block_1_16' title="bbox 768 1466 2335 1536">
    <p class='ocr_par' dir='ltr' id='par_1_16' title="bbox 768 1466 2335 1536">
     <span class='ocr_line' id='line_1_16' title="bbox 768 1466 2335 1536; baseline 0.002 -19"><span class='ocrx_word' id='word_1_96' title='bbox 768 1466 1001 1533; x_wconf 75' lang='lat' dir='ltr'><strong>primunt</strong></span> <span class='ocrx_word' id='word_1_97' title='bbox 1056 1467 1270 1534; x_wconf 85' lang='lat' dir='ltr'><strong>quidem</strong></span> <span class='ocrx_word' id='word_1_98' title='bbox 1318 1478 1543 1521; x_wconf 93' lang='lat' dir='ltr'><strong>conatus</strong></span> <span class='ocrx_word' id='word_1_99' title='bbox 1589 1478 1673 1522; x_wconf 88' lang='lat' dir='ltr'><strong>est</strong></span> <span class='ocrx_word' id='word_1_100' title='bbox 1721 1469 1888 1521; x_wconf 86' lang='lat' dir='ltr'><strong>armis</strong></span> <span class='ocrx_word' id='word_1_101' title='bbox 1924 1482 2016 1520; x_wconf 88' lang='lat' dir='ltr'><strong>eos</strong></span> <span class='ocrx_word' id='word_1_102' title='bbox 2064 1467 2335 1536; x_wconf 87' lang='lat' dir='ltr'><strong>subigere,</strong></span> 
     </span>
    </p>
   </div>
   <div class='ocr_carea' id='block_1_17' title="bbox 767 1556 2337 1625">
    <p class='ocr_par' dir='ltr' id='par_1_17' title="bbox 767 1556 2337 1625">
     <span class='ocr_line' id='line_1_17' title="bbox 767 1556 2337 1625; baseline 0.004 -21"><span class='ocrx_word' id='word_1_103' title='bbox 767 1565 953 1623; x_wconf 79' lang='lat' dir='ltr'><strong>postea</strong></span> <span class='ocrx_word' id='word_1_104' title='bbox 989 1570 1116 1609; x_wconf 89' lang='lat' dir='ltr'><strong>vero</strong></span> <span class='ocrx_word' id='word_1_105' title='bbox 1145 1571 1263 1609; x_wconf 91' lang='lat' dir='ltr'><strong>cum</strong></span> <span class='ocrx_word' id='word_1_106' title='bbox 1291 1556 1478 1625; x_wconf 88' lang='lat' dir='ltr'><strong>legatis</strong></span> <span class='ocrx_word' id='word_1_107' title='bbox 1508 1559 1686 1611; x_wconf 84' lang='lat' dir='ltr'><strong>missis</strong></span> <span class='ocrx_word' id='word_1_108' title='bbox 1704 1572 1764 1611; x_wconf 89' lang='lat' dir='ltr'><strong>se</strong></span> <span class='ocrx_word' id='word_1_109' title='bbox 1792 1556 2087 1621; x_wconf 83' lang='lat' dir='ltr'><strong>dedissent,</strong></span> <span class='ocrx_word' id='word_1_110' title='bbox 2120 1557 2173 1610; x_wconf 89' lang='lat' dir='ltr'><strong>in</strong></span> <span class='ocrx_word' id='word_1_111' title='bbox 2201 1572 2337 1625; x_wconf 61' lang='lat' dir='ltr'><strong>pra-</strong></span> 
     </span>
    </p>
   </div>
   <div class='ocr_carea' id='block_1_18' title="bbox 766 1649 2339 1716">
    <p class='ocr_par' dir='ltr' id='par_1_18' title="bbox 766 1649 2339 1716">
     <span class='ocr_line' id='line_1_18' title="bbox 766 1649 2339 1716; baseline 0.001 -15"><span class='ocrx_word' id='word_1_112' title='bbox 766 1662 893 1701; x_wconf 84' lang='lat' dir='ltr'><strong>sens</strong></span> <span class='ocrx_word' id='word_1_113' title='bbox 923 1649 1137 1715; x_wconf 77' lang='lat' dir='ltr'><strong>quidem</strong></span> <span class='ocrx_word' id='word_1_114' title='bbox 1178 1663 1388 1716; x_wconf 79' lang='lat' dir='ltr'><strong>pcenam</strong></span> <span class='ocrx_word' id='word_1_115' title='bbox 1432 1650 1656 1713; x_wconf 87' lang='lat' dir='ltr'><strong>remisit,</strong></span> <span class='ocrx_word' id='word_1_116' title='bbox 1690 1650 1782 1703; x_wconf 88' lang='lat' dir='ltr'><strong>sed</strong></span> <span class='ocrx_word' id='word_1_117' title='bbox 1823 1649 2047 1703; x_wconf 80' lang='lat' dir='ltr'><strong>Romam</strong></span> <span class='ocrx_word' id='word_1_118' title='bbox 2078 1650 2339 1703; x_wconf 89' lang='lat' dir='ltr'><strong>abductos</strong></span> 
     </span>
    </p>
   </div>
   <div class='ocr_carea' id='block_1_19' title="bbox 768 1738 2334 1808">
    <p class='ocr_par' dir='ltr' id='par_1_19' title="bbox 768 1738 2334 1808">
     <span class='ocr_line' id='line_1_19' title="bbox 768 1738 2334 1808; baseline 0.001 -18"><span class='ocrx_word' id='word_1_119' title='bbox 768 1752 891 1790; x_wconf 92' lang='lat' dir='ltr'><strong>cum</strong></span> <span class='ocrx_word' id='word_1_120' title='bbox 945 1738 1133 1792; x_wconf 87' lang='lat' dir='ltr'><strong>bestiis</strong></span> <span class='ocrx_word' id='word_1_121' title='bbox 1170 1740 1464 1802; x_wconf 87' lang='lat' dir='ltr'><strong>commisit,</strong></span> <span class='ocrx_word' id='word_1_122' title='bbox 1510 1740 1597 1791; x_wconf 89' lang='lat' dir='ltr'><strong>ubi</strong></span> <span class='ocrx_word' id='word_1_123' title='bbox 1640 1740 1907 1807; x_wconf 85' lang='lat' dir='ltr'><strong>proditum</strong></span> <span class='ocrx_word' id='word_1_124' title='bbox 1933 1748 2013 1793; x_wconf 88' lang='lat' dir='ltr'><strong>est</strong></span> <span class='ocrx_word' id='word_1_125' title='bbox 2051 1755 2081 1792; x_wconf 86' lang='lat' dir='ltr'><strong>a</strong></span> <span class='ocrx_word' id='word_1_126' title='bbox 2118 1740 2334 1808; x_wconf 82' lang='lat' dir='ltr'><strong>quibus-</strong></span> 
     </span>
    </p>
   </div>
   <div class='ocr_carea' id='block_1_20' title="bbox 2445 568 4021 641">
    <p class='ocr_par' dir='ltr' id='par_1_20' title="bbox 2445 568 4021 641">
     <span class='ocr_line' id='line_1_20' title="bbox 2445 568 4021 641; baseline -0.001 -18"><span class='ocrx_word' id='word_1_127' title='bbox 2445 572 2595 641; x_wconf 80' lang='grc' dir='ltr'><strong>μάχῃ</strong></span> <span class='ocrx_word' id='word_1_128' title='bbox 2633 572 2757 633; x_wconf 80' lang='grc' dir='ltr'><strong>τοὺς</strong></span> <span class='ocrx_word' id='word_1_129' title='bbox 2794 570 3107 631; x_wconf 80' lang='grc' dir='ltr'><strong>ἀποστάτας</strong></span> <span class='ocrx_word' id='word_1_130' title='bbox 3148 569 3385 635; x_wconf 74' lang='grc' dir='ltr'><strong>ἐνίκησε.</strong></span> <span class='ocrx_word' id='word_1_131' title='bbox 3432 570 3539 621; x_wconf 76' lang='grc' dir='ltr'><strong>Καὶ</strong></span> <span class='ocrx_word' id='word_1_132' title='bbox 3579 568 3713 637; x_wconf 79' lang='grc' dir='ltr'><strong>πρὸς</strong></span> <span class='ocrx_word' id='word_1_133' title='bbox 3756 569 3925 621; x_wconf 80' lang='grc' dir='ltr'><strong>αὑτὸν</strong></span> <span class='ocrx_word' id='word_1_134' title='bbox 3966 569 4021 620; x_wconf 65' lang='grc' dir='ltr'><strong>δὲ</strong></span> 
     </span>
    </p>
   </div>
   <div class='ocr_carea' id='block_1_21' title="bbox 2441 658 4020 728">
    <p class='ocr_par' dir='ltr' id='par_1_21' title="bbox 2441 658 4020 728">
     <span class='ocr_line' id='line_1_21' title="bbox 2441 658 4020 728; baseline -0.003 -15"><span class='ocrx_word' id='word_1_135' title='bbox 2441 662 2531 713; x_wconf 79' lang='grc' dir='ltr'><strong>τὸν</strong></span> <span class='ocrx_word' id='word_1_136' title='bbox 2585 660 2807 728; x_wconf 78' lang='grc' dir='ltr'><strong>βασιλέα</strong></span> <span class='ocrx_word' id='word_1_137' title='bbox 2850 659 2958 711; x_wconf 85' lang='grc' dir='ltr'><strong>τῶν</strong></span> <span class='ocrx_word' id='word_1_138' title='bbox 3006 659 3331 712; x_wconf 77' lang='grc' dir='ltr'><strong>ἀποστατῶν</strong></span> <span class='ocrx_word' id='word_1_139' title='bbox 3374 658 3678 725; x_wconf 77' lang='grc' dir='ltr'><strong>Ἀθηνίωνα</strong></span> <span class='ocrx_word' id='word_1_140' title='bbox 3724 658 4020 725; x_wconf 82' lang='grc' dir='ltr'><strong>συμϐαλὼν</strong></span> 
     </span>
    </p>
   </div>
   <div class='ocr_carea' id='block_1_22' title="bbox 2440 748 4019 821">
    <p class='ocr_par' dir='ltr' id='par_1_22' title="bbox 2440 748 4019 821">
     <span class='ocr_line' id='line_1_22' title="bbox 2440 748 4019 821; baseline -0.003 -20"><span class='ocrx_word' id='word_1_141' title='bbox 2440 751 2679 821; x_wconf 79' lang='grc' dir='ltr'><strong>ἠρωῖκὸν</strong></span> <span class='ocrx_word' id='word_1_142' title='bbox 2708 749 2893 815; x_wconf 82' lang='grc' dir='ltr'><strong>ἀγῶνα</strong></span> <span class='ocrx_word' id='word_1_143' title='bbox 2920 751 3304 816; x_wconf 84' lang='grc' dir='ltr'><strong>συνεστήσατο.</strong></span> <span class='ocrx_word' id='word_1_144' title='bbox 3332 750 3439 800; x_wconf 75' lang='grc' dir='ltr'><strong>Καὶ</strong></span> <span class='ocrx_word' id='word_1_145' title='bbox 3455 748 3639 801; x_wconf 82' lang='grc' dir='ltr'><strong>τοῦτον</strong></span> <span class='ocrx_word' id='word_1_146' title='bbox 3661 749 3759 817; x_wconf 80' lang='grc' dir='ltr'><strong>μὲν</strong></span> <span class='ocrx_word' id='word_1_147' title='bbox 3786 749 4019 811; x_wconf 76' lang='grc' dir='ltr'><strong>ἀνεῖλεν,</strong></span> 
     </span>
    </p>
   </div>
   <div class='ocr_carea' id='block_1_23' title="bbox 2441 838 4019 908">
    <p class='ocr_par' dir='ltr' id='par_1_23' title="bbox 2441 838 4019 908">
     <span class='ocr_line' id='line_1_23' title="bbox 2441 838 4019 908; baseline -0.001 -17"><span class='ocrx_word' id='word_1_148' title='bbox 2441 840 2601 899; x_wconf 83' lang='grc' dir='ltr'><strong>αὑτὸς</strong></span> <span class='ocrx_word' id='word_1_149' title='bbox 2631 840 2675 890; x_wconf 85' lang='grc' dir='ltr'><strong>δ’</strong></span> <span class='ocrx_word' id='word_1_150' title='bbox 2705 842 2784 899; x_wconf 78' lang='grc' dir='ltr'><strong>εἰς</strong></span> <span class='ocrx_word' id='word_1_151' title='bbox 2828 839 2927 906; x_wconf 79' lang='grc' dir='ltr'><strong>τὴν</strong></span> <span class='ocrx_word' id='word_1_152' title='bbox 2964 840 3203 907; x_wconf 81' lang='grc' dir='ltr'><strong>κεφαλὴν</strong></span> <span class='ocrx_word' id='word_1_153' title='bbox 3235 839 3465 908; x_wconf 73' lang='grc' dir='ltr'><strong>τρωθεὶς</strong></span> <span class='ocrx_word' id='word_1_154' title='bbox 3502 838 3870 905; x_wconf 81' lang='grc' dir='ltr'><strong>ἐθεραπεύθη.</strong></span> <span class='ocrx_word' id='word_1_155' title='bbox 3915 839 4019 889; x_wconf 85' lang='grc' dir='ltr'><strong>Καὶ</strong></span> 
     </span>
    </p>
   </div>
   <div class='ocr_carea' id='block_1_24' title="bbox 2444 919 4015 996">
    <p class='ocr_par' dir='ltr' id='par_1_24' title="bbox 2444 919 4015 996">
     <span class='ocr_line' id='line_1_24' title="bbox 2444 919 4015 996; baseline -0.003 -18"><span class='ocrx_word' id='word_1_156' title='bbox 2444 926 2727 996; x_wconf 75' lang='grc' dir='ltr'><strong>στρατεύει</strong></span> <span class='ocrx_word' id='word_1_157' title='bbox 2763 929 2855 979; x_wconf 78' lang='grc' dir='ltr'><strong>ἐπὶ</strong></span> <span class='ocrx_word' id='word_1_158' title='bbox 2892 929 3016 989; x_wconf 81' lang='grc' dir='ltr'><strong>τοὺς</strong></span> <span class='ocrx_word' id='word_1_159' title='bbox 3048 928 3503 995; x_wconf 74' lang='grc' dir='ltr'><strong>ὑπολειπομένους</strong></span> <span class='ocrx_word' id='word_1_160' title='bbox 3530 928 3637 979; x_wconf 84' lang='grc' dir='ltr'><strong>τῶν</strong></span> <span class='ocrx_word' id='word_1_161' title='bbox 3668 919 4015 986; x_wconf 75' lang='grc' dir='ltr'><strong>ἀποστατῶν,</strong></span> 
     </span>
    </p>
   </div>
   <div class='ocr_carea' id='block_1_25' title="bbox 2439 1015 4016 1087">
    <p class='ocr_par' dir='ltr' id='par_1_25' title="bbox 2439 1015 4016 1087">
     <span class='ocr_line' id='line_1_25' title="bbox 2439 1015 4016 1087; baseline -0.002 -18"><span class='ocrx_word' id='word_1_162' title='bbox 2439 1016 2597 1079; x_wconf 75' lang='grc' dir='ltr'><strong>ὄντας</strong></span> <span class='ocrx_word' id='word_1_163' title='bbox 2627 1018 2867 1086; x_wconf 89' lang='grc' dir='ltr'><strong>μυρίους.</strong></span> <span class='ocrx_word' id='word_1_164' title='bbox 2888 1020 2998 1087; x_wconf 90' lang='grc' dir='ltr'><strong>Οὑχ</strong></span> <span class='ocrx_word' id='word_1_165' title='bbox 3021 1018 3428 1086; x_wconf 82' lang='grc' dir='ltr'><strong>ὑπομεινάντων</strong></span> <span class='ocrx_word' id='word_1_166' title='bbox 3448 1018 3505 1070; x_wconf 80' lang='grc' dir='ltr'><strong>δὲ</strong></span> <span class='ocrx_word' id='word_1_167' title='bbox 3531 1018 3628 1085; x_wconf 86' lang='grc' dir='ltr'><strong>τὴν</strong></span> <span class='ocrx_word' id='word_1_168' title='bbox 3660 1017 3872 1084; x_wconf 70' lang='grc' dir='ltr'><strong>ἔφοδον,</strong></span> <span class='ocrx_word' id='word_1_169' title='bbox 3906 1015 4016 1066; x_wconf 88' lang='grc' dir='ltr'><strong>ἀλλ’</strong></span> 
     </span>
    </p>
   </div>
   <div class='ocr_carea' id='block_1_26' title="bbox 2440 1108 4017 1178">
    <p class='ocr_par' dir='ltr' id='par_1_26' title="bbox 2440 1108 4017 1178">
     <span class='ocr_line' id='line_1_26' title="bbox 2440 1108 4017 1178; baseline -0.001 -19"><span class='ocrx_word' id='word_1_170' title='bbox 2440 1112 2519 1169; x_wconf 84' lang='grc' dir='ltr'><strong>εἰς</strong></span> <span class='ocrx_word' id='word_1_171' title='bbox 2563 1109 2636 1161; x_wconf 85' lang='grc' dir='ltr'><strong>τὰ</strong></span> <span class='ocrx_word' id='word_1_172' title='bbox 2682 1110 3011 1178; x_wconf 83' lang='grc' dir='ltr'><strong>ὀχυρώματα</strong></span> <span class='ocrx_word' id='word_1_173' title='bbox 3051 1111 3496 1177; x_wconf 76' lang='grc' dir='ltr'><strong>καταφυγόντων,</strong></span> <span class='ocrx_word' id='word_1_174' title='bbox 3542 1110 3691 1178; x_wconf 84' lang='grc' dir='ltr'><strong>ὅμως</strong></span> <span class='ocrx_word' id='word_1_175' title='bbox 3736 1108 4017 1167; x_wconf 79' lang='grc' dir='ltr'><strong>’Λκύλλιος</strong></span> 
     </span>
    </p>
   </div>
   <div class='ocr_carea' id='block_1_27' title="bbox 2438 1198 4014 1268">
    <p class='ocr_par' dir='ltr' id='par_1_27' title="bbox 2438 1198 4014 1268">
     <span class='ocr_line' id='line_1_27' title="bbox 2438 1198 4014 1268; baseline 0.001 -20"><span class='ocrx_word' id='word_1_176' title='bbox 2438 1198 2538 1250; x_wconf 89' lang='grc' dir='ltr'><strong>οὑκ</strong></span> <span class='ocrx_word' id='word_1_177' title='bbox 2565 1198 2793 1250; x_wconf 73' lang='grc' dir='ltr'><strong>ἐνεδίδου</strong></span> <span class='ocrx_word' id='word_1_178' title='bbox 2824 1200 3002 1251; x_wconf 87' lang='grc' dir='ltr'><strong>πάντα</strong></span> <span class='ocrx_word' id='word_1_179' title='bbox 3046 1202 3322 1268; x_wconf 82' lang='grc' dir='ltr'><strong>πράττων,</strong></span> <span class='ocrx_word' id='word_1_180' title='bbox 3358 1199 3462 1261; x_wconf 64' lang='grc' dir='ltr'><strong>ἕως</strong></span> <span class='ocrx_word' id='word_1_181' title='bbox 3500 1199 3697 1260; x_wconf 80' lang='grc' dir='ltr'><strong>αὑτοὺς</strong></span> <span class='ocrx_word' id='word_1_182' title='bbox 3726 1198 4014 1266; x_wconf 74' lang='grc' dir='ltr'><strong>ἐκπολιορ-</strong></span> 
     </span>
    </p>
   </div>
   <div class='ocr_carea' id='block_1_28' title="bbox 2440 1290 4013 1358">
    <p class='ocr_par' dir='ltr' id='par_1_28' title="bbox 2440 1290 4013 1358">
     <span class='ocr_line' id='line_1_28' title="bbox 2440 1290 4013 1358; baseline -0.001 -17"><span class='ocrx_word' id='word_1_183' title='bbox 2440 1290 2615 1358; x_wconf 85' lang='grc' dir='ltr'><strong>κήσας</strong></span> <span class='ocrx_word' id='word_1_184' title='bbox 2636 1291 2683 1321; x_wconf 79' lang='grc'><strong>³⁸</strong></span> <span class='ocrx_word' id='word_1_185' title='bbox 2706 1291 3060 1358; x_wconf 79' lang='grc' dir='ltr'><strong>ἐχειρώσατο.</strong></span> <span class='ocrx_word' id='word_1_186' title='bbox 3101 1292 3222 1343; x_wconf 83' lang='grc' dir='ltr'><strong>Ἔτι</strong></span> <span class='ocrx_word' id='word_1_187' title='bbox 3254 1290 3299 1343; x_wconf 82' lang='grc' dir='ltr'><strong>δ’</strong></span> <span class='ocrx_word' id='word_1_188' title='bbox 3339 1290 3779 1358; x_wconf 78' lang='grc' dir='ltr'><strong>ὑπολειπομένων</strong></span> <span class='ocrx_word' id='word_1_189' title='bbox 3808 1290 4013 1357; x_wconf 85' lang='grc' dir='ltr'><strong>χιλίων,</strong></span> 
     </span>
    </p>
   </div>
   <div class='ocr_carea' id='block_1_29' title="bbox 2440 1379 4017 1449">
    <p class='ocr_par' dir='ltr' id='par_1_29' title="bbox 2440 1379 4017 1449">
     <span class='ocr_line' id='line_1_29' title="bbox 2440 1379 4017 1449; baseline -0.002 -17"><span class='ocrx_word' id='word_1_190' title='bbox 2440 1382 2536 1433; x_wconf 76' lang='grc' dir='ltr'><strong>καὶ</strong></span> <span class='ocrx_word' id='word_1_191' title='bbox 2568 1382 2869 1449; x_wconf 85' lang='grc' dir='ltr'><strong>στρατηγὸν</strong></span> <span class='ocrx_word' id='word_1_192' title='bbox 2893 1381 3124 1449; x_wconf 72' lang='grc' dir='ltr'><strong>ἑχόντων</strong></span> <span class='ocrx_word' id='word_1_193' title='bbox 3161 1379 3253 1432; x_wconf 79' lang='grc' dir='ltr'><strong>τὸν</strong></span> <span class='ocrx_word' id='word_1_194' title='bbox 3278 1380 3535 1449; x_wconf 81' lang='grc' dir='ltr'><strong>Σάτυρον,</strong></span> <span class='ocrx_word' id='word_1_195' title='bbox 3568 1380 3628 1432; x_wconf 83' lang='grc' dir='ltr'><strong>τὸ</strong></span> <span class='ocrx_word' id='word_1_196' title='bbox 3668 1381 3769 1449; x_wconf 82' lang='grc' dir='ltr'><strong>μὲν</strong></span> <span class='ocrx_word' id='word_1_197' title='bbox 3802 1381 4017 1448; x_wconf 84' lang='grc' dir='ltr'><strong>πρῶτον</strong></span> 
     </span>
    </p>
   </div>
   <div class='ocr_carea' id='block_1_30' title="bbox 2438 1468 4014 1536">
    <p class='ocr_par' dir='ltr' id='par_1_30' title="bbox 2438 1468 4014 1536">
     <span class='ocr_line' id='line_1_30' title="bbox 2438 1468 4014 1536; baseline -0.003 -13"><span class='ocrx_word' id='word_1_198' title='bbox 2438 1469 2737 1523; x_wconf 68' lang='grc' dir='ltr'><strong>ἐπεϐάλετο</strong></span> <span class='ocrx_word' id='word_1_199' title='bbox 2778 1470 2821 1501; x_wconf 83' lang='lat'>&quot;</span> <span class='ocrx_word' id='word_1_200' title='bbox 2858 1469 2945 1521; x_wconf 85' lang='grc' dir='ltr'><strong>διὰ</strong></span> <span class='ocrx_word' id='word_1_201' title='bbox 2991 1470 3100 1521; x_wconf 85' lang='grc' dir='ltr'><strong>τῶν</strong></span> <span class='ocrx_word' id='word_1_202' title='bbox 3148 1470 3328 1521; x_wconf 86' lang='grc' dir='ltr'><strong>ὅπλων</strong></span> <span class='ocrx_word' id='word_1_203' title='bbox 3369 1470 3569 1530; x_wconf 81' lang='grc' dir='ltr'><strong>αὑτοὺς</strong></span> <span class='ocrx_word' id='word_1_204' title='bbox 3621 1468 4014 1536; x_wconf 78' lang='grc' dir='ltr'><strong>χειρώσασθαι,</strong></span> 
     </span>
    </p>
   </div>
   <div class='ocr_carea' id='block_1_31' title="bbox 2440 1557 4015 1628">
    <p class='ocr_par' dir='ltr' id='par_1_31' title="bbox 2440 1557 4015 1628">
     <span class='ocr_line' id='line_1_31' title="bbox 2440 1557 4015 1628; baseline -0.001 -18"><span class='ocrx_word' id='word_1_205' title='bbox 2440 1560 2579 1628; x_wconf 89' lang='grc' dir='ltr'><strong>μετά</strong></span> <span class='ocrx_word' id='word_1_206' title='bbox 2633 1558 2690 1609; x_wconf 64' lang='grc' dir='ltr'><strong>δὲ</strong></span> <span class='ocrx_word' id='word_1_207' title='bbox 2738 1557 2911 1610; x_wconf 83' lang='grc' dir='ltr'><strong>ταῦτα</strong></span> <span class='ocrx_word' id='word_1_208' title='bbox 2960 1558 3457 1627; x_wconf 87' lang='grc' dir='ltr'><strong>διαπρεσϐευόντων</strong></span> <span class='ocrx_word' id='word_1_209' title='bbox 3519 1560 3613 1611; x_wconf 72' lang='grc' dir='ltr'><strong>καὶ</strong></span> <span class='ocrx_word' id='word_1_210' title='bbox 3659 1557 4015 1627; x_wconf 83' lang='grc' dir='ltr'><strong>παραδόντων</strong></span> 
     </span>
    </p>
   </div>
   <div class='ocr_carea' id='block_1_32' title="bbox 2439 1647 4011 1716">
    <p class='ocr_par' dir='ltr' id='par_1_32' title="bbox 2439 1647 4011 1716">
     <span class='ocr_line' id='line_1_32' title="bbox 2439 1647 4011 1716; baseline -0.002 -17"><span class='ocrx_word' id='word_1_211' title='bbox 2439 1649 2663 1710; x_wconf 82' lang='grc' dir='ltr'><strong>ἑαυτοὺς</strong></span> <span class='ocrx_word' id='word_1_212' title='bbox 2716 1648 2817 1716; x_wconf 87' lang='grc' dir='ltr'><strong>τῆς</strong></span> <span class='ocrx_word' id='word_1_213' title='bbox 2873 1649 2973 1716; x_wconf 78' lang='grc' dir='ltr'><strong>μὲν</strong></span> <span class='ocrx_word' id='word_1_214' title='bbox 3031 1649 3347 1715; x_wconf 81' lang='grc' dir='ltr'><strong>παραυτίκα</strong></span> <span class='ocrx_word' id='word_1_215' title='bbox 3396 1647 3665 1715; x_wconf 75' lang='grc' dir='ltr'><strong>τιμωρίας</strong></span> <span class='ocrx_word' id='word_1_216' title='bbox 3720 1647 4011 1709; x_wconf 78' lang='grc' dir='ltr'><strong>ἀπέλυσεν,</strong></span> 
     </span>
    </p>
   </div>
   <div class='ocr_carea' id='block_1_33' title="bbox 2438 1737 4015 1808">
    <p class='ocr_par' dir='ltr' id='par_1_33' title="bbox 2438 1737 4015 1808">
     <span class='ocr_line' id='line_1_33' title="bbox 2438 1737 4015 1808; baseline 0 -19"><span class='ocrx_word' id='word_1_217' title='bbox 2438 1737 2741 1804; x_wconf 87' lang='grc' dir='ltr'><strong>ἀπαγαγὼν</strong></span> <span class='ocrx_word' id='word_1_218' title='bbox 2771 1739 2829 1791; x_wconf 76' lang='grc' dir='ltr'><strong>δὲ</strong></span> <span class='ocrx_word' id='word_1_219' title='bbox 2867 1740 2947 1800; x_wconf 79' lang='grc' dir='ltr'><strong>είς</strong></span> <span class='ocrx_word' id='word_1_220' title='bbox 2975 1738 3075 1808; x_wconf 77' lang='grc' dir='ltr'><strong>τὴν</strong></span> <span class='ocrx_word' id='word_1_221' title='bbox 3122 1738 3340 1807; x_wconf 81' lang='grc' dir='ltr'><strong>Ῥώμην</strong></span> <span class='ocrx_word' id='word_1_222' title='bbox 3370 1737 3712 1806; x_wconf 82' lang='grc' dir='ltr'><strong>θηριομάχας</strong></span> <span class='ocrx_word' id='word_1_223' title='bbox 3742 1738 3789 1767; x_wconf 79' lang='grc'><strong>’⁸</strong></span> <span class='ocrx_word' id='word_1_224' title='bbox 3818 1738 4015 1797; x_wconf 83' lang='grc' dir='ltr'><strong>αὑτοὺς</strong></span> 
     </span>
    </p>
   </div>
   <div class='ocr_carea' id='block_1_34' title="bbox 768 1804 2399 1896">
    <p class='ocr_par' dir='ltr' id='par_1_34' title="bbox 768 1804 2399 1891">
     <span class='ocr_line' id='line_1_34' title="bbox 768 1804 2399 1891; baseline 0.003 -14"><span class='ocrx_word' id='word_1_225' title='bbox 768 1825 917 1891; x_wconf 87' lang='lat' dir='ltr'><strong>dam,</strong></span> <span class='ocrx_word' id='word_1_226' title='bbox 952 1843 1047 1882; x_wconf 87' lang='lat' dir='ltr'><strong>cos</strong></span> <span class='ocrx_word' id='word_1_227' title='bbox 1080 1829 1315 1881; x_wconf 80' lang='lat' dir='ltr'><strong>maxima</strong></span> <span class='ocrx_word' id='word_1_228' title='bbox 1348 1843 1466 1881; x_wconf 91' lang='lat' dir='ltr'><strong>cum</strong></span> <span class='ocrx_word' id='word_1_229' title='bbox 1510 1829 1665 1883; x_wconf 85' lang='lat' dir='ltr'><strong>laude</strong></span> <span class='ocrx_word' id='word_1_230' title='bbox 1706 1831 1872 1883; x_wconf 86' lang='lat' dir='ltr'><strong>vitam</strong></span> <span class='ocrx_word' id='word_1_231' title='bbox 1910 1829 2168 1884; x_wconf 85' lang='lat' dir='ltr'><strong>ilnivisse.</strong></span> <span class='ocrx_word' id='word_1_232' title='bbox 2199 1830 2335 1882; x_wconf 84' lang='lat' dir='ltr'><strong>Nam</strong></span> <span class='ocrx_word' id='word_1_233' title='bbox 2369 1804 2399 1857; x_wconf 65' lang='grc' dir='ltr'><strong><em>Ε</em></strong></span> 
     </span>
    </p>
   </div>
   <div class='ocr_carea' id='block_1_35' title="bbox 2430 1804 4015 1896">
    <p class='ocr_par' dir='ltr' id='par_1_35' title="bbox 2441 1804 4015 1896">
     <span class='ocr_line' id='line_1_35' title="bbox 2441 1804 4015 1896; baseline 0.002 -20"><span class='ocrx_word' id='word_1_234' title='bbox 2441 1827 2684 1893; x_wconf 79' lang='grc' dir='ltr'><strong>ἐποίησε.</strong></span> <span class='ocrx_word' id='word_1_235' title='bbox 2711 1827 2849 1891; x_wconf 83' lang='grc' dir='ltr'><strong>Τοὺς</strong></span> <span class='ocrx_word' id='word_1_236' title='bbox 2874 1827 2930 1880; x_wconf 74' lang='grc' dir='ltr'><strong>δέ</strong></span> <span class='ocrx_word' id='word_1_237' title='bbox 2961 1804 3093 1896; x_wconf 73' lang='grc' dir='ltr'><strong>φασί</strong></span> <span class='ocrx_word' id='word_1_238' title='bbox 3120 1804 3265 1889; x_wconf 79' lang='grc' dir='ltr'><strong>τινες</strong></span> <span class='ocrx_word' id='word_1_239' title='bbox 3294 1804 3739 1895; x_wconf 27' lang='grc' dir='ltr'><strong>*ἐπιφανεστάτην</strong></span> <span class='ocrx_word' id='word_1_240' title='bbox 3780 1828 4015 1894; x_wconf 79' lang='grc' dir='ltr'><strong>ποιήσα-</strong></span> 
     </span>
    </p>
   </div>
   <div class='ocr_carea' id='block_1_36' title="bbox 771 1919 2340 1988">
    <p class='ocr_par' dir='ltr' id='par_1_36' title="bbox 771 1919 2340 1988">
     <span class='ocr_line' id='line_1_36' title="bbox 771 1919 2340 1988; baseline 0.001 -18"><span class='ocrx_word' id='word_1_241' title='bbox 771 1927 1043 1971; x_wconf 87' lang='lat' dir='ltr'><strong>certamen</strong></span> <span class='ocrx_word' id='word_1_242' title='bbox 1084 1933 1205 1970; x_wconf 87' lang='lat' dir='ltr'><strong>cum</strong></span> <span class='ocrx_word' id='word_1_243' title='bbox 1254 1919 1438 1971; x_wconf 80' lang='lat' dir='ltr'><strong>bestiis</strong></span> <span class='ocrx_word' id='word_1_244' title='bbox 1477 1919 1827 1983; x_wconf 84' lang='lat' dir='ltr'><strong>detrectasse,</strong></span> <span class='ocrx_word' id='word_1_245' title='bbox 1880 1928 1935 1974; x_wconf 88' lang='lat' dir='ltr'><strong>et</strong></span> <span class='ocrx_word' id='word_1_246' title='bbox 1978 1921 2044 1972; x_wconf 85' lang='lat' dir='ltr'><strong>ad</strong></span> <span class='ocrx_word' id='word_1_247' title='bbox 2098 1920 2340 1988; x_wconf 90' lang='lat' dir='ltr'><strong>publicas</strong></span> 
     </span>
    </p>
   </div>
   <div class='ocr_carea' id='block_1_37' title="bbox 766 2007 2342 2077">
    <p class='ocr_par' dir='ltr' id='par_1_37' title="bbox 766 2007 2342 2077">
     <span class='ocr_line' id='line_1_37' title="bbox 766 2007 2342 2077; baseline 0.003 -20"><span class='ocrx_word' id='word_1_248' title='bbox 766 2021 891 2060; x_wconf 89' lang='lat' dir='ltr'><strong>aras</strong></span> <span class='ocrx_word' id='word_1_249' title='bbox 939 2008 1139 2061; x_wconf 88' lang='lat' dir='ltr'><strong>mutuis</strong></span> <span class='ocrx_word' id='word_1_250' title='bbox 1192 2007 1506 2061; x_wconf 77' lang='lat' dir='ltr'><strong>vulneribus</strong></span> <span class='ocrx_word' id='word_1_251' title='bbox 1552 2009 1896 2073; x_wconf 89' lang='lat' dir='ltr'><strong>occubuisse,</strong></span> <span class='ocrx_word' id='word_1_252' title='bbox 1944 2024 2175 2077; x_wconf 89' lang='lat' dir='ltr'><strong>cumque</strong></span> <span class='ocrx_word' id='word_1_253' title='bbox 2224 2008 2342 2061; x_wconf 83' lang='lat' dir='ltr'><strong>ulti-</strong></span> 
     </span>
    </p>
   </div>
   <div class='ocr_carea' id='block_1_38' title="bbox 765 2098 2340 2167">
    <p class='ocr_par' dir='ltr' id='par_1_38' title="bbox 765 2098 2340 2167">
     <span class='ocr_line' id='line_1_38' title="bbox 765 2098 2340 2167; baseline 0.003 -19"><span class='ocrx_word' id='word_1_254' title='bbox 765 2112 912 2148; x_wconf 87' lang='lat' dir='ltr'><strong>mutn</strong></span> <span class='ocrx_word' id='word_1_255' title='bbox 945 2112 1011 2150; x_wconf 81' lang='lat' dir='ltr'><strong>ex</strong></span> <span class='ocrx_word' id='word_1_256' title='bbox 1044 2099 1108 2151; x_wconf 91' lang='lat' dir='ltr'><strong>iis</strong></span> <span class='ocrx_word' id='word_1_257' title='bbox 1149 2098 1263 2165; x_wconf 92' lang='lat' dir='ltr'><strong>ipse</strong></span> <span class='ocrx_word' id='word_1_258' title='bbox 1294 2098 1520 2167; x_wconf 83' lang='lat' dir='ltr'><strong>Satyrus</strong></span> <span class='ocrx_word' id='word_1_259' title='bbox 1553 2098 1930 2161; x_wconf 86' lang='lat' dir='ltr'><strong>interfecisset,</strong></span> <span class='ocrx_word' id='word_1_260' title='bbox 1959 2113 2079 2152; x_wconf 89' lang='lat' dir='ltr'><strong>eum</strong></span> <span class='ocrx_word' id='word_1_261' title='bbox 2109 2106 2227 2167; x_wconf 88' lang='lat' dir='ltr'><strong>post</strong></span> <span class='ocrx_word' id='word_1_262' title='bbox 2257 2113 2340 2152; x_wconf 85' lang='lat' dir='ltr'><strong>re-</strong></span> 
     </span>
    </p>
   </div>
   <div class='ocr_carea' id='block_1_39' title="bbox 764 2186 2333 2256">
    <p class='ocr_par' dir='ltr' id='par_1_39' title="bbox 764 2186 2333 2256">
     <span class='ocr_line' id='line_1_39' title="bbox 764 2186 2333 2256; baseline 0.001 -18"><span class='ocrx_word' id='word_1_263' title='bbox 764 2186 940 2254; x_wconf 84' lang='lat' dir='ltr'><strong>liquos</strong></span> <span class='ocrx_word' id='word_1_264' title='bbox 968 2203 1179 2251; x_wconf 88' lang='lat' dir='ltr'><strong>omnes,</strong></span> <span class='ocrx_word' id='word_1_265' title='bbox 1225 2204 1346 2241; x_wconf 89' lang='lat' dir='ltr'><strong>cum</strong></span> <span class='ocrx_word' id='word_1_266' title='bbox 1385 2203 1577 2255; x_wconf 89' lang='lat' dir='ltr'><strong>magno</strong></span> <span class='ocrx_word' id='word_1_267' title='bbox 1604 2203 1668 2241; x_wconf 92' lang='lat' dir='ltr'><strong>ac</strong></span> <span class='ocrx_word' id='word_1_268' title='bbox 1707 2188 1867 2256; x_wconf 81' lang='lat' dir='ltr'><strong>plane</strong></span> <span class='ocrx_word' id='word_1_269' title='bbox 1913 2188 2131 2243; x_wconf 86' lang='lat' dir='ltr'><strong>heroico</strong></span> <span class='ocrx_word' id='word_1_270' title='bbox 2170 2188 2333 2240; x_wconf 88' lang='lat' dir='ltr'><strong>animi</strong></span> 
     </span>
    </p>
   </div>
   <div class='ocr_carea' id='block_1_40' title="bbox 763 2279 2337 2349">
    <p class='ocr_par' dir='ltr' id='par_1_40' title="bbox 763 2279 2337 2349">
     <span class='ocr_line' id='line_1_40' title="bbox 763 2279 2337 2349; baseline 0.002 -18"><span class='ocrx_word' id='word_1_271' title='bbox 763 2279 981 2340; x_wconf 86' lang='lat' dir='ltr'><strong>robore.</strong></span> <span class='ocrx_word' id='word_1_272' title='bbox 1015 2281 1116 2333; x_wconf 84' lang='lat' dir='ltr'><strong>sibi</strong></span> <span class='ocrx_word' id='word_1_273' title='bbox 1164 2295 1352 2334; x_wconf 88' lang='lat' dir='ltr'><strong>manus</strong></span> <span class='ocrx_word' id='word_1_274' title='bbox 1400 2282 1664 2335; x_wconf 85' lang='lat' dir='ltr'><strong>intulisse.</strong></span> <span class='ocrx_word' id='word_1_275' title='bbox 1715 2279 1920 2333; x_wconf 90' lang='lat' dir='ltr'><strong>Bellum</strong></span> <span class='ocrx_word' id='word_1_276' title='bbox 1956 2281 2117 2349; x_wconf 90' lang='lat' dir='ltr'><strong>igitur</strong></span> <span class='ocrx_word' id='word_1_277' title='bbox 2141 2281 2337 2335; x_wconf 81' lang='lat' dir='ltr'><strong>servile</strong></span> 
     </span>
    </p>
   </div>
   <div class='ocr_carea' id='block_1_41' title="bbox 764 2370 2337 2441">
    <p class='ocr_par' dir='ltr' id='par_1_41' title="bbox 764 2370 2337 2441">
     <span class='ocr_line' id='line_1_41' title="bbox 764 2370 2337 2441; baseline 0.001 -18"><span class='ocrx_word' id='word_1_278' title='bbox 764 2370 819 2423; x_wconf 90' lang='lat' dir='ltr'><strong>in</strong></span> <span class='ocrx_word' id='word_1_279' title='bbox 854 2370 1059 2433; x_wconf 82' lang='lat' dir='ltr'><strong>Sicilia,</strong></span> <span class='ocrx_word' id='word_1_280' title='bbox 1103 2387 1227 2426; x_wconf 89' lang='lat' dir='ltr'><strong>cum</strong></span> <span class='ocrx_word' id='word_1_281' title='bbox 1272 2387 1444 2426; x_wconf 91' lang='lat' dir='ltr'><strong>annos</strong></span> <span class='ocrx_word' id='word_1_282' title='bbox 1482 2372 1731 2426; x_wconf 86' lang='lat' dir='ltr'><strong>durasset</strong></span> <span class='ocrx_word' id='word_1_283' title='bbox 1775 2372 2158 2441; x_wconf 86' lang='lat' dir='ltr'><strong>propemodum</strong></span> <span class='ocrx_word' id='word_1_284' title='bbox 2205 2386 2337 2441; x_wconf 86' lang='lat' dir='ltr'><strong>qua-</strong></span> 
     </span>
    </p>
   </div>
   <div class='ocr_carea' id='block_1_42' title="bbox 767 2463 1986 2533">
    <p class='ocr_par' dir='ltr' id='par_1_42' title="bbox 767 2463 1986 2533">
     <span class='ocr_line' id='line_1_42' title="bbox 767 2463 1986 2533; baseline 0.001 -19"><span class='ocrx_word' id='word_1_285' title='bbox 767 2474 914 2527; x_wconf 86' lang='lat' dir='ltr'><strong>tuor,</strong></span> <span class='ocrx_word' id='word_1_286' title='bbox 945 2464 1086 2517; x_wconf 89' lang='lat' dir='ltr'><strong>hunc</strong></span> <span class='ocrx_word' id='word_1_287' title='bbox 1120 2463 1237 2518; x_wconf 89' lang='lat' dir='ltr'><strong>fere</strong></span> <span class='ocrx_word' id='word_1_288' title='bbox 1262 2464 1518 2533; x_wconf 83' lang='lat' dir='ltr'><strong>tragicum</strong></span> <span class='ocrx_word' id='word_1_289' title='bbox 1544 2464 1748 2518; x_wconf 81' lang='lat' dir='ltr'><strong>exitum</strong></span> <span class='ocrx_word' id='word_1_290' title='bbox 1779 2464 1986 2518; x_wconf 88' lang='lat' dir='ltr'><strong>habuit.</strong></span> 
     </span>
    </p>
   </div>
   <div class='ocr_carea' id='block_1_43' title="bbox 838 2637 2334 2709">
    <p class='ocr_par' dir='ltr' id='par_1_43' title="bbox 838 2637 2334 2709">
     <span class='ocr_line' id='line_1_43' title="bbox 838 2637 2334 2709; baseline 0.001 -18"><span class='ocrx_word' id='word_1_291' title='bbox 838 2637 1019 2701; x_wconf 78' lang='lat' dir='ltr'><strong>Venit,</strong></span> <span class='ocrx_word' id='word_1_292' title='bbox 1073 2637 1287 2704; x_wconf 89' lang='lat' dir='ltr'><strong>inquit.</strong></span> <span class='ocrx_word' id='word_1_293' title='bbox 1338 2652 1369 2692; x_wconf 91' lang='lat' dir='ltr'><strong>e</strong></span> <span class='ocrx_word' id='word_1_294' title='bbox 1414 2637 1731 2694; x_wconf 85' lang='lat' dir='ltr'><strong>Pessinunte</strong></span> <span class='ocrx_word' id='word_1_295' title='bbox 1788 2639 2031 2709; x_wconf 68' lang='lat' dir='ltr'><strong>Phrygiae</strong></span> <span class='ocrx_word' id='word_1_296' title='bbox 2081 2638 2334 2693; x_wconf 89' lang='lat' dir='ltr'><strong>sacerdos</strong></span> 
     </span>
    </p>
   </div>
   <div class='ocr_carea' id='block_1_44' title="bbox 764 2728 2325 2798">
    <p class='ocr_par' dir='ltr' id='par_1_44' title="bbox 764 2728 2325 2798">
     <span class='ocr_line' id='line_1_44' title="bbox 764 2728 2325 2798; baseline 0.001 -18"><span class='ocrx_word' id='word_1_297' title='bbox 764 2728 981 2798; x_wconf 89' lang='lat' dir='ltr'><strong>quidam</strong></span> <span class='ocrx_word' id='word_1_298' title='bbox 1034 2743 1238 2797; x_wconf 75' lang='lat' dir='ltr'><strong>magna:</strong></span> <span class='ocrx_word' id='word_1_299' title='bbox 1280 2729 1503 2782; x_wconf 88' lang='lat' dir='ltr'><strong>deorum</strong></span> <span class='ocrx_word' id='word_1_300' title='bbox 1567 2730 1755 2783; x_wconf 88' lang='lat' dir='ltr'><strong>matris</strong></span> <span class='ocrx_word' id='word_1_301' title='bbox 1808 2731 2021 2784; x_wconf 89' lang='lat' dir='ltr'><strong>nomine</strong></span> <span class='ocrx_word' id='word_1_302' title='bbox 2054 2730 2325 2791; x_wconf 86' lang='lat' dir='ltr'><strong>Battaces,</strong></span> 
     </span>
    </p>
   </div>
   <div class='ocr_carea' id='block_1_45' title="bbox 762 2820 2330 2888">
    <p class='ocr_par' dir='ltr' id='par_1_45' title="bbox 762 2820 2330 2888">
     <span class='ocr_line' id='line_1_45' title="bbox 762 2820 2330 2888; baseline -0.003 -14"><span class='ocrx_word' id='word_1_303' title='bbox 762 2821 853 2888; x_wconf 93' lang='lat' dir='ltr'><strong>qui</strong></span> <span class='ocrx_word' id='word_1_304' title='bbox 889 2834 947 2872; x_wconf 91' lang='lat' dir='ltr'><strong>se</strong></span> <span class='ocrx_word' id='word_1_305' title='bbox 970 2820 1135 2887; x_wconf 64' lang='lat' dir='ltr'><strong>jussu;</strong></span> <span class='ocrx_word' id='word_1_306' title='bbox 1165 2821 1277 2873; x_wconf 60' lang='lat' dir='ltr'><strong>deas</strong></span> <span class='ocrx_word' id='word_1_307' title='bbox 1312 2834 1562 2873; x_wconf 80' lang='lat' dir='ltr'><strong>asserens</strong></span> <span class='ocrx_word' id='word_1_308' title='bbox 1600 2820 1811 2882; x_wconf 85' lang='lat' dir='ltr'><strong>adesse,</strong></span> <span class='ocrx_word' id='word_1_309' title='bbox 1844 2821 1895 2871; x_wconf 93' lang='lat' dir='ltr'><strong>in</strong></span> <span class='ocrx_word' id='word_1_310' title='bbox 1934 2829 2121 2872; x_wconf 87' lang='lat' dir='ltr'><strong>senatu</strong></span> <span class='ocrx_word' id='word_1_311' title='bbox 2148 2833 2330 2871; x_wconf 87' lang='lat' dir='ltr'><strong>coram</strong></span> 
     </span>
    </p>
   </div>
   <div class='ocr_carea' id='block_1_46' title="bbox 761 2907 2331 2975">
    <p class='ocr_par' dir='ltr' id='par_1_46' title="bbox 761 2907 2331 2975">
     <span class='ocr_line' id='line_1_46' title="bbox 761 2907 2331 2975; baseline -0.002 -14"><span class='ocrx_word' id='word_1_312' title='bbox 761 2910 1168 2975; x_wconf 78' lang='lat' dir='ltr'><strong>magistratibus</strong></span> <span class='ocrx_word' id='word_1_313' title='bbox 1206 2908 1341 2960; x_wconf 73' lang='lat' dir='ltr'><strong>dixit</strong></span> <span class='ocrx_word' id='word_1_314' title='bbox 1384 2922 1539 2961; x_wconf 87' lang='lat' dir='ltr'><strong>sacra</strong></span> <span class='ocrx_word' id='word_1_315' title='bbox 1580 2908 1689 2959; x_wconf 72' lang='lat' dir='ltr'><strong>dea:</strong></span> <span class='ocrx_word' id='word_1_316' title='bbox 1734 2907 1931 2974; x_wconf 89' lang='lat' dir='ltr'><strong>polluta</strong></span> <span class='ocrx_word' id='word_1_317' title='bbox 1986 2920 2127 2966; x_wconf 88' lang='lat' dir='ltr'><strong>esse,</strong></span> <span class='ocrx_word' id='word_1_318' title='bbox 2170 2915 2331 2973; x_wconf 83' lang='lat' dir='ltr'><strong>atque</strong></span> 
     </span>
    </p>
   </div>
   <div class='ocr_carea' id='block_1_47' title="bbox 760 2990 2329 3065">
    <p class='ocr_par' dir='ltr' id='par_1_47' title="bbox 760 2990 2329 3065">
     <span class='ocr_line' id='line_1_47' title="bbox 760 2990 2329 3065; baseline -0.006 -14"><span class='ocrx_word' id='word_1_319' title='bbox 760 2997 882 3051; x_wconf 88' lang='lat' dir='ltr'><strong>ideo</strong></span> <span class='ocrx_word' id='word_1_320' title='bbox 924 2996 1106 3049; x_wconf 64' lang='lat' dir='ltr'><strong>Romae</strong></span> <span class='ocrx_word' id='word_1_321' title='bbox 1157 2996 1371 3065; x_wconf 90' lang='lat' dir='ltr'><strong>publice</strong></span> <span class='ocrx_word' id='word_1_322' title='bbox 1417 2995 1623 3062; x_wconf 79' lang='lat' dir='ltr'><strong>expiari</strong></span> <span class='ocrx_word' id='word_1_323' title='bbox 1670 2993 1883 3046; x_wconf 88' lang='lat' dir='ltr'><strong>debere.</strong></span> <span class='ocrx_word' id='word_1_324' title='bbox 1928 2992 2157 3045; x_wconf 89' lang='lat' dir='ltr'><strong>Ferebat</strong></span> <span class='ocrx_word' id='word_1_325' title='bbox 2184 2990 2329 3044; x_wconf 91' lang='lat' dir='ltr'><strong>adid</strong></span> 
     </span>
    </p>
   </div>
   <div class='ocr_carea' id='block_1_48' title="bbox 758 3081 2399 3177">
    <p class='ocr_par' dir='ltr' id='par_1_48' title="bbox 758 3081 2399 3177">
     <span class='ocr_line' id='line_1_48' title="bbox 758 3081 2399 3177; baseline -0.002 -40"><span class='ocrx_word' id='word_1_326' title='bbox 758 3095 989 3150; x_wconf 84' lang='lat' dir='ltr'><strong>vestem,</strong></span> <span class='ocrx_word' id='word_1_327' title='bbox 1016 3085 1228 3152; x_wconf 88' lang='lat' dir='ltr'><strong>aliaque</strong></span> <span class='ocrx_word' id='word_1_328' title='bbox 1261 3085 1503 3152; x_wconf 90' lang='lat' dir='ltr'><strong>corporis</strong></span> <span class='ocrx_word' id='word_1_329' title='bbox 1532 3092 1851 3136; x_wconf 87' lang='lat' dir='ltr'><strong>ornamenta</strong></span> <span class='ocrx_word' id='word_1_330' title='bbox 1884 3081 2081 3150; x_wconf 81' lang='lat' dir='ltr'><strong>391a</strong></span> <span class='ocrx_word' id='word_1_331' title='bbox 2112 3096 2246 3135; x_wconf 91' lang='lat' dir='ltr'><strong>nova</strong></span> <span class='ocrx_word' id='word_1_332' title='bbox 2275 3091 2329 3134; x_wconf 92' lang='lat' dir='ltr'><strong>et</strong></span> <span class='ocrx_word' id='word_1_333' title='bbox 2356 3120 2399 3177; x_wconf 64' lang='grc' dir='ltr'>Ο</span> 
     </span>
    </p>
   </div>
   <div class='ocr_carea' id='block_1_49' title="bbox 762 3172 2329 3242">
    <p class='ocr_par' dir='ltr' id='par_1_49' title="bbox 762 3172 2329 3242">
     <span class='ocr_line' id='line_1_49' title="bbox 762 3172 2329 3242; baseline -0.002 -16"><span class='ocrx_word' id='word_1_334' title='bbox 762 3190 1035 3242; x_wconf 84' lang='lat' dir='ltr'><strong>nunquam</strong></span> <span class='ocrx_word' id='word_1_335' title='bbox 1086 3173 1345 3228; x_wconf 79' lang='lat' dir='ltr'><strong>Romanis</strong></span> <span class='ocrx_word' id='word_1_336' title='bbox 1391 3172 1527 3237; x_wconf 88' lang='lat' dir='ltr'><strong>visa,</strong></span> <span class='ocrx_word' id='word_1_337' title='bbox 1571 3186 1931 3238; x_wconf 86' lang='lat' dir='ltr'><strong>coronamque</strong></span> <span class='ocrx_word' id='word_1_338' title='bbox 1969 3186 2189 3224; x_wconf 89' lang='lat' dir='ltr'><strong>auream</strong></span> <span class='ocrx_word' id='word_1_339' title='bbox 2223 3186 2329 3224; x_wconf 87' lang='lat' dir='ltr'><strong>ma-</strong></span> 
     </span>
    </p>
   </div>
   <div class='ocr_carea' id='block_1_50' title="bbox 762 3258 2334 3331">
    <p class='ocr_par' dir='ltr' id='par_1_50' title="bbox 762 3258 2334 3331">
     <span class='ocr_line' id='line_1_50' title="bbox 762 3258 2334 3331; baseline -0.001 -16"><span class='ocrx_word' id='word_1_340' title='bbox 762 3263 1042 3331; x_wconf 86' lang='lat' dir='ltr'><strong>gnitudine</strong></span> <span class='ocrx_word' id='word_1_341' title='bbox 1088 3263 1367 3325; x_wconf 87' lang='lat' dir='ltr'><strong>inusitata,</strong></span> <span class='ocrx_word' id='word_1_342' title='bbox 1420 3272 1475 3313; x_wconf 91' lang='lat' dir='ltr'><strong>et</strong></span> <span class='ocrx_word' id='word_1_343' title='bbox 1515 3261 1707 3314; x_wconf 88' lang='lat' dir='ltr'><strong>stolam</strong></span> <span class='ocrx_word' id='word_1_344' title='bbox 1752 3258 1974 3312; x_wconf 82' lang='lat' dir='ltr'><strong>ﬂoribus</strong></span> <span class='ocrx_word' id='word_1_345' title='bbox 2026 3259 2248 3312; x_wconf 78' lang='lat' dir='ltr'><strong>intextis</strong></span> <span class='ocrx_word' id='word_1_346' title='bbox 2280 3271 2334 3313; x_wconf 92' lang='lat' dir='ltr'><strong>et</strong></span> 
     </span>
    </p>
   </div>
   <div class='ocr_carea' id='block_1_51' title="bbox 758 3350 2334 3422">
    <p class='ocr_par' dir='ltr' id='par_1_51' title="bbox 758 3350 2334 3422">
     <span class='ocr_line' id='line_1_51' title="bbox 758 3350 2334 3422; baseline -0.003 -14"><span class='ocrx_word' id='word_1_347' title='bbox 758 3356 1083 3415; x_wconf 85' lang='lat' dir='ltr'><strong>inauratam,</strong></span> <span class='ocrx_word' id='word_1_348' title='bbox 1133 3356 1283 3422; x_wconf 86' lang='lat' dir='ltr'><strong>regio</strong></span> <span class='ocrx_word' id='word_1_349' title='bbox 1327 3367 1457 3407; x_wconf 81' lang='lat' dir='ltr'><strong>sane</strong></span> <span class='ocrx_word' id='word_1_350' title='bbox 1504 3353 1807 3420; x_wconf 89' lang='lat' dir='ltr'><strong>splendore.</strong></span> <span class='ocrx_word' id='word_1_351' title='bbox 1867 3351 2053 3419; x_wconf 87' lang='lat' dir='ltr'><strong>itaque</strong></span> <span class='ocrx_word' id='word_1_352' title='bbox 2083 3367 2113 3405; x_wconf 88' lang='lat' dir='ltr'><strong>e</strong></span> <span class='ocrx_word' id='word_1_353' title='bbox 2144 3350 2334 3404; x_wconf 88' lang='lat' dir='ltr'><strong>rostris</strong></span> 
     </span>
    </p>
   </div>
   <div class='ocr_carea' id='block_1_52' title="bbox 758 3442 2333 3512">
    <p class='ocr_par' dir='ltr' id='par_1_52' title="bbox 758 3442 2333 3512">
     <span class='ocr_line' id='line_1_52' title="bbox 758 3442 2333 3512; baseline -0.002 -16"><span class='ocrx_word' id='word_1_354' title='bbox 758 3447 824 3496; x_wconf 88' lang='lat' dir='ltr'><strong>ad</strong></span> <span class='ocrx_word' id='word_1_355' title='bbox 871 3446 1120 3512; x_wconf 90' lang='lat' dir='ltr'><strong>populum</strong></span> <span class='ocrx_word' id='word_1_356' title='bbox 1152 3446 1315 3499; x_wconf 88' lang='lat' dir='ltr'><strong>verba</strong></span> <span class='ocrx_word' id='word_1_357' title='bbox 1363 3444 1586 3506; x_wconf 80' lang='lat' dir='ltr'><strong>faciens,</strong></span> <span class='ocrx_word' id='word_1_358' title='bbox 1631 3442 1696 3495; x_wconf 90' lang='lat' dir='ltr'><strong>ad</strong></span> <span class='ocrx_word' id='word_1_359' title='bbox 1745 3442 2181 3510; x_wconf 89' lang='lat' dir='ltr'><strong>superstitiosum</strong></span> <span class='ocrx_word' id='word_1_360' title='bbox 2217 3442 2333 3495; x_wconf 84' lang='lat' dir='ltr'><strong>cul-</strong></span> 
     </span>
    </p>
   </div>
   <div class='ocr_carea' id='block_1_53' title="bbox 758 3530 2333 3599">
    <p class='ocr_par' dir='ltr' id='par_1_53' title="bbox 758 3530 2333 3599">
     <span class='ocr_line' id='line_1_53' title="bbox 758 3530 2333 3599; baseline -0.001 -12"><span class='ocrx_word' id='word_1_361' title='bbox 758 3543 871 3587; x_wconf 86' lang='lat' dir='ltr'><strong>tum</strong></span> <span class='ocrx_word' id='word_1_362' title='bbox 903 3551 995 3588; x_wconf 91' lang='lat' dir='ltr'><strong>eos</strong></span> <span class='ocrx_word' id='word_1_363' title='bbox 1026 3534 1289 3598; x_wconf 86' lang='lat' dir='ltr'><strong>incitavit,</strong></span> <span class='ocrx_word' id='word_1_364' title='bbox 1314 3542 1367 3586; x_wconf 88' lang='lat' dir='ltr'><strong>et</strong></span> <span class='ocrx_word' id='word_1_365' title='bbox 1400 3532 1652 3599; x_wconf 84' lang='lat' dir='ltr'><strong>hospitiis</strong></span> <span class='ocrx_word' id='word_1_366' title='bbox 1684 3530 1913 3599; x_wconf 87' lang='lat' dir='ltr'><strong>publicis</strong></span> <span class='ocrx_word' id='word_1_367' title='bbox 1935 3541 1988 3584; x_wconf 91' lang='lat' dir='ltr'><strong>et</strong></span> <span class='ocrx_word' id='word_1_368' title='bbox 2019 3532 2333 3586; x_wconf 83' lang='lat' dir='ltr'><strong>diversoriis</strong></span> 
     </span>
    </p>
   </div>
   <div class='ocr_carea' id='block_1_54' title="bbox 759 3621 2335 3694">
    <p class='ocr_par' dir='ltr' id='par_1_54' title="bbox 759 3621 2335 3694">
     <span class='ocr_line' id='line_1_54' title="bbox 759 3621 2335 3694; baseline -0.001 -16"><span class='ocrx_word' id='word_1_369' title='bbox 759 3637 1021 3694; x_wconf 80' lang='lat' dir='ltr'><strong>exceptus</strong></span> <span class='ocrx_word' id='word_1_370' title='bbox 1048 3641 1076 3678; x_wconf 92' lang='lat' dir='ltr'><strong>a</strong></span> <span class='ocrx_word' id='word_1_371' title='bbox 1108 3626 1324 3679; x_wconf 88' lang='lat' dir='ltr'><strong>tribuno</strong></span> <span class='ocrx_word' id='word_1_372' title='bbox 1348 3624 1519 3691; x_wconf 88' lang='lat' dir='ltr'><strong>plebis</strong></span> <span class='ocrx_word' id='word_1_373' title='bbox 1541 3624 1604 3677; x_wconf 84' lang='lat' dir='ltr'><strong>A.</strong></span> <span class='ocrx_word' id='word_1_374' title='bbox 1631 3621 1890 3690; x_wconf 88' lang='lat' dir='ltr'><strong>Pompeio</strong></span> <span class='ocrx_word' id='word_1_375' title='bbox 1913 3637 2165 3676; x_wconf 90' lang='lat' dir='ltr'><strong>coronam</strong></span> <span class='ocrx_word' id='word_1_376' title='bbox 2192 3623 2335 3677; x_wconf 82' lang='lat' dir='ltr'><strong>ferre</strong></span> 
     </span>
    </p>
   </div>
   <div class='ocr_carea' id='block_1_55' title="bbox 764 3712 2333 3783">
    <p class='ocr_par' dir='ltr' id='par_1_55' title="bbox 764 3712 2333 3783">
     <span class='ocr_line' id='line_1_55' title="bbox 764 3712 2333 3783; baseline -0.001 -16"><span class='ocrx_word' id='word_1_377' title='bbox 764 3717 1069 3783; x_wconf 87' lang='lat' dir='ltr'><strong>prohibitus</strong></span> <span class='ocrx_word' id='word_1_378' title='bbox 1096 3723 1198 3769; x_wconf 91' lang='lat' dir='ltr'><strong>est.</strong></span> <span class='ocrx_word' id='word_1_379' title='bbox 1225 3714 1307 3767; x_wconf 84' lang='lat' dir='ltr'><strong>Ab</strong></span> <span class='ocrx_word' id='word_1_380' title='bbox 1342 3715 1510 3766; x_wconf 91' lang='lat' dir='ltr'><strong>altero</strong></span> <span class='ocrx_word' id='word_1_381' title='bbox 1543 3723 1721 3764; x_wconf 88' lang='lat' dir='ltr'><strong>autem</strong></span> <span class='ocrx_word' id='word_1_382' title='bbox 1754 3713 1967 3765; x_wconf 88' lang='lat' dir='ltr'><strong>tribuno</strong></span> <span class='ocrx_word' id='word_1_383' title='bbox 1992 3713 2251 3767; x_wconf 89' lang='lat' dir='ltr'><strong>deductus</strong></span> <span class='ocrx_word' id='word_1_384' title='bbox 2280 3712 2333 3765; x_wconf 90' lang='lat' dir='ltr'><strong>in</strong></span> 
     </span>
    </p>
   </div>
   <div class='ocr_carea' id='block_1_56' title="bbox 760 3803 2329 3873">
    <p class='ocr_par' dir='ltr' id='par_1_56' title="bbox 760 3803 2329 3873">
     <span class='ocr_line' id='line_1_56' title="bbox 760 3803 2329 3873; baseline -0.001 -15"><span class='ocrx_word' id='word_1_385' title='bbox 760 3816 1031 3867; x_wconf 87' lang='lat' dir='ltr'><strong>rostra,et</strong></span> <span class='ocrx_word' id='word_1_386' title='bbox 1068 3807 1134 3859; x_wconf 89' lang='lat' dir='ltr'><strong>de</strong></span> <span class='ocrx_word' id='word_1_387' title='bbox 1174 3805 1354 3871; x_wconf 89' lang='lat' dir='ltr'><strong>templi</strong></span> <span class='ocrx_word' id='word_1_388' title='bbox 1396 3803 1701 3870; x_wconf 78' lang='lat' dir='ltr'><strong>expiatione</strong></span> <span class='ocrx_word' id='word_1_389' title='bbox 1729 3803 2091 3871; x_wconf 85' lang='lat' dir='ltr'><strong>interrogatus</strong></span> <span class='ocrx_word' id='word_1_390' title='bbox 2138 3820 2329 3873; x_wconf 88' lang='lat' dir='ltr'><strong>super-</strong></span> 
     </span>
    </p>
   </div>
   <div class='ocr_carea' id='block_1_57' title="bbox 759 3890 2335 3959">
    <p class='ocr_par' dir='ltr' id='par_1_57' title="bbox 759 3890 2335 3959">
     <span class='ocr_line' id='line_1_57' title="bbox 759 3890 2335 3959; baseline -0.001 -13"><span class='ocrx_word' id='word_1_391' title='bbox 759 3894 1027 3947; x_wconf 87' lang='lat' dir='ltr'><strong>stitiosum</strong></span> <span class='ocrx_word' id='word_1_392' title='bbox 1093 3907 1223 3945; x_wconf 86' lang='lat' dir='ltr'><strong>sane</strong></span> <span class='ocrx_word' id='word_1_393' title='bbox 1273 3906 1591 3959; x_wconf 85' lang='lat' dir='ltr'><strong>responsum</strong></span> <span class='ocrx_word' id='word_1_394' title='bbox 1620 3891 1870 3944; x_wconf 87' lang='lat' dir='ltr'><strong>reddidit.</strong></span> <span class='ocrx_word' id='word_1_395' title='bbox 1903 3890 2085 3959; x_wconf 87' lang='lat' dir='ltr'><strong>Itaque</strong></span> <span class='ocrx_word' id='word_1_396' title='bbox 2118 3908 2147 3945; x_wconf 90' lang='lat' dir='ltr'><strong>a</strong></span> <span class='ocrx_word' id='word_1_397' title='bbox 2182 3891 2335 3947; x_wconf 87' lang='lat' dir='ltr'><strong>Pom-</strong></span> 
     </span>
    </p>
   </div>
   <div class='ocr_carea' id='block_1_58' title="bbox 758 3981 2329 4051">
    <p class='ocr_par' dir='ltr' id='par_1_58' title="bbox 758 3981 2329 4051">
     <span class='ocr_line' id='line_1_58' title="bbox 758 3981 2329 4051; baseline -0.001 -15"><span class='ocrx_word' id='word_1_398' title='bbox 758 3986 881 4051; x_wconf 84' lang='lat' dir='ltr'><strong>peio</strong></span> <span class='ocrx_word' id='word_1_399' title='bbox 920 3985 1174 4037; x_wconf 88' lang='lat' dir='ltr'><strong>seditiose</strong></span> <span class='ocrx_word' id='word_1_400' title='bbox 1198 3990 1478 4043; x_wconf 89' lang='lat' dir='ltr'><strong>tractatus,</strong></span> <span class='ocrx_word' id='word_1_401' title='bbox 1503 3981 1912 4049; x_wconf 87' lang='lat' dir='ltr'><strong>etcumiujuria</strong></span> <span class='ocrx_word' id='word_1_402' title='bbox 1946 3982 2011 4035; x_wconf 88' lang='lat' dir='ltr'><strong>ad</strong></span> <span class='ocrx_word' id='word_1_403' title='bbox 2037 3982 2329 4051; x_wconf 87' lang='lat' dir='ltr'><strong>hospitium</strong></span> 
     </span>
    </p>
   </div>
   <div class='ocr_carea' id='block_1_59' title="bbox 760 4073 2331 4141">
    <p class='ocr_par' dir='ltr' id='par_1_59' title="bbox 760 4073 2331 4141">
     <span class='ocr_line' id='line_1_59' title="bbox 760 4073 2331 4141; baseline -0.001 -14"><span class='ocrx_word' id='word_1_404' title='bbox 760 4076 1039 4137; x_wconf 83' lang='lat' dir='ltr'><strong>deductus,</strong></span> <span class='ocrx_word' id='word_1_405' title='bbox 1074 4090 1176 4128; x_wconf 92' lang='lat' dir='ltr'><strong>non</strong></span> <span class='ocrx_word' id='word_1_406' title='bbox 1212 4073 1440 4141; x_wconf 88' lang='lat' dir='ltr'><strong>amplius</strong></span> <span class='ocrx_word' id='word_1_407' title='bbox 1472 4074 1687 4141; x_wconf 89' lang='lat' dir='ltr'><strong>prodiit,</strong></span> <span class='ocrx_word' id='word_1_408' title='bbox 1720 4086 1825 4124; x_wconf 91' lang='lat' dir='ltr'><strong>non</strong></span> <span class='ocrx_word' id='word_1_409' title='bbox 1854 4086 1911 4126; x_wconf 88' lang='lat' dir='ltr'><strong>se</strong></span> <span class='ocrx_word' id='word_1_410' title='bbox 1940 4073 2117 4138; x_wconf 89' lang='lat' dir='ltr'><strong>modo,</strong></span> <span class='ocrx_word' id='word_1_411' title='bbox 2143 4088 2331 4127; x_wconf 89' lang='lat' dir='ltr'><strong>verum</strong></span> 
     </span>
    </p>
   </div>
   <div class='ocr_carea' id='block_1_60' title="bbox 762 4162 2335 4231">
    <p class='ocr_par' dir='ltr' id='par_1_60' title="bbox 762 4162 2335 4231">
     <span class='ocr_line' id='line_1_60' title="bbox 762 4162 2335 4231; baseline -0.001 -13"><span class='ocrx_word' id='word_1_412' title='bbox 762 4166 924 4219; x_wconf 89' lang='lat' dir='ltr'><strong>etiam</strong></span> <span class='ocrx_word' id='word_1_413' title='bbox 962 4165 1115 4217; x_wconf 89' lang='lat' dir='ltr'><strong>deam</strong></span> <span class='ocrx_word' id='word_1_414' title='bbox 1163 4164 1421 4231; x_wconf 77' lang='lat' dir='ltr'><strong>iniuriose</strong></span> <span class='ocrx_word' id='word_1_415' title='bbox 1471 4164 1705 4216; x_wconf 85' lang='lat' dir='ltr'><strong>habitam</strong></span> <span class='ocrx_word' id='word_1_416' title='bbox 1756 4178 1877 4217; x_wconf 89' lang='lat' dir='ltr'><strong>esse</strong></span> <span class='ocrx_word' id='word_1_417' title='bbox 1922 4162 2129 4217; x_wconf 90' lang='lat' dir='ltr'><strong>dicens.</strong></span> <span class='ocrx_word' id='word_1_418' title='bbox 2178 4163 2335 4217; x_wconf 88' lang='lat' dir='ltr'><strong>Pom-</strong></span> 
     </span>
    </p>
   </div>
   <div class='ocr_carea' id='block_1_61' title="bbox 759 4254 2332 4324">
    <p class='ocr_par' dir='ltr' id='par_1_61' title="bbox 759 4254 2332 4324">
     <span class='ocr_line' id='line_1_61' title="bbox 759 4254 2332 4324; baseline 0 -15"><span class='ocrx_word' id='word_1_419' title='bbox 759 4256 911 4323; x_wconf 90' lang='lat' dir='ltr'><strong>peius</strong></span> <span class='ocrx_word' id='word_1_420' title='bbox 931 4269 1055 4309; x_wconf 91' lang='lat' dir='ltr'><strong>vero</strong></span> <span class='ocrx_word' id='word_1_421' title='bbox 1074 4271 1137 4308; x_wconf 81' lang='lat' dir='ltr'><strong>ex</strong></span> <span class='ocrx_word' id='word_1_422' title='bbox 1170 4264 1410 4321; x_wconf 90' lang='lat' dir='ltr'><strong>tempore</strong></span> <span class='ocrx_word' id='word_1_423' title='bbox 1433 4254 1567 4306; x_wconf 88' lang='lat' dir='ltr'><strong>febri</strong></span> <span class='ocrx_word' id='word_1_424' title='bbox 1601 4254 1900 4307; x_wconf 87' lang='lat' dir='ltr'><strong>vehementi</strong></span> <span class='ocrx_word' id='word_1_425' title='bbox 1920 4255 2119 4322; x_wconf 88' lang='lat' dir='ltr'><strong>corripi</strong></span> <span class='ocrx_word' id='word_1_426' title='bbox 2144 4255 2332 4324; x_wconf 74' lang='lat' dir='ltr'><strong>ccepit,</strong></span> 
     </span>
    </p>
   </div>
   <div class='ocr_carea' id='block_1_62' title="bbox 763 4341 2335 4413">
    <p class='ocr_par' dir='ltr' id='par_1_62' title="bbox 763 4341 2335 4413">
     <span class='ocr_line' id='line_1_62' title="bbox 763 4341 2335 4413; baseline 0 -17"><span class='ocrx_word' id='word_1_427' title='bbox 763 4347 903 4399; x_wconf 85' lang='lat' dir='ltr'><strong>unde</strong></span> <span class='ocrx_word' id='word_1_428' title='bbox 934 4344 1091 4413; x_wconf 90' lang='lat' dir='ltr'><strong>paulo</strong></span> <span class='ocrx_word' id='word_1_429' title='bbox 1125 4355 1242 4413; x_wconf 91' lang='lat' dir='ltr'><strong>post</strong></span> <span class='ocrx_word' id='word_1_430' title='bbox 1274 4354 1453 4396; x_wconf 92' lang='lat' dir='ltr'><strong>mutus</strong></span> <span class='ocrx_word' id='word_1_431' title='bbox 1486 4341 1659 4397; x_wconf 83' lang='lat' dir='ltr'><strong>factus</strong></span> <span class='ocrx_word' id='word_1_432' title='bbox 1686 4352 1789 4407; x_wconf 84' lang='lat' dir='ltr'><strong>est,</strong></span> <span class='ocrx_word' id='word_1_433' title='bbox 1836 4345 2154 4412; x_wconf 70' lang='lat' dir='ltr'><strong>anginteque</strong></span> <span class='ocrx_word' id='word_1_434' title='bbox 2184 4344 2335 4398; x_wconf 88' lang='lat' dir='ltr'><strong>dolo-</strong></span> 
     </span>
    </p>
   </div>
   <div class='ocr_carea' id='block_1_63' title="bbox 2443 1914 4013 1987">
    <p class='ocr_par' dir='ltr' id='par_1_63' title="bbox 2443 1914 4013 1987">
     <span class='ocr_line' id='line_1_63' title="bbox 2443 1914 4013 1987; baseline 0.001 -20"><span class='ocrx_word' id='word_1_435' title='bbox 2443 1915 2565 1966; x_wconf 86' lang='grc' dir='ltr'><strong>σθαι</strong></span> <span class='ocrx_word' id='word_1_436' title='bbox 2593 1914 2686 1967; x_wconf 80' lang='grc' dir='ltr'><strong>τοῦ</strong></span> <span class='ocrx_word' id='word_1_437' title='bbox 2720 1915 2835 1984; x_wconf 88' lang='grc' dir='ltr'><strong>βίου</strong></span> <span class='ocrx_word' id='word_1_438' title='bbox 2872 1918 3264 1986; x_wconf 81' lang='grc' dir='ltr'><strong>καταστροφήν</strong></span> <span class='ocrx_word' id='word_1_439' title='bbox 3291 1933 3307 1949; x_wconf 81' lang='grc' dir='ltr'><strong><em>ο</em></strong></span> <span class='ocrx_word' id='word_1_440' title='bbox 3332 1917 3431 1985; x_wconf 80' lang='grc' dir='ltr'><strong>τῆς</strong></span> <span class='ocrx_word' id='word_1_441' title='bbox 3467 1917 3566 1987; x_wconf 77' lang='grc' dir='ltr'><strong>μὲν</strong></span> <span class='ocrx_word' id='word_1_442' title='bbox 3587 1918 3631 1947; x_wconf 75' lang='grc'><em>’³</em></span> <span class='ocrx_word' id='word_1_443' title='bbox 3654 1916 3763 1986; x_wconf 75' lang='grc' dir='ltr'><strong>γὰρ</strong></span> <span class='ocrx_word' id='word_1_444' title='bbox 3791 1918 3930 1985; x_wconf 82' lang='grc' dir='ltr'><strong>πρὸς</strong></span> <span class='ocrx_word' id='word_1_445' title='bbox 3949 1918 4013 1969; x_wconf 56' lang='lat' dir='ltr'><strong>ca</strong></span> 
     </span>
    </p>
   </div>
   <div class='ocr_carea' id='block_1_64' title="bbox 2441 2008 4013 2079">
    <p class='ocr_par' dir='ltr' id='par_1_64' title="bbox 2441 2008 4013 2079">
     <span class='ocr_line' id='line_1_64' title="bbox 2441 2008 4013 2079; baseline 0.001 -19"><span class='ocrx_word' id='word_1_446' title='bbox 2441 2008 2603 2079; x_wconf 83' lang='grc' dir='ltr'><strong>θηρία</strong></span> <span class='ocrx_word' id='word_1_447' title='bbox 2648 2009 2827 2078; x_wconf 80' lang='grc' dir='ltr'><strong>μάχης</strong></span> <span class='ocrx_word' id='word_1_448' title='bbox 2858 2011 3186 2078; x_wconf 80' lang='grc' dir='ltr'><strong>ἀποστῆναι,</strong></span> <span class='ocrx_word' id='word_1_449' title='bbox 3216 2010 3473 2078; x_wconf 73' lang='grc' dir='ltr'><strong>ἀλλήλους</strong></span> <span class='ocrx_word' id='word_1_450' title='bbox 3495 2010 3552 2062; x_wconf 78' lang='grc' dir='ltr'><strong>δὲ</strong></span> <span class='ocrx_word' id='word_1_451' title='bbox 3583 2010 3673 2061; x_wconf 74' lang='grc' dir='ltr'><strong>ἐπὶ</strong></span> <span class='ocrx_word' id='word_1_452' title='bbox 3705 2010 3815 2061; x_wconf 84' lang='grc' dir='ltr'><strong>τῶν</strong></span> <span class='ocrx_word' id='word_1_453' title='bbox 3845 2010 4013 2078; x_wconf 84' lang='grc' dir='ltr'><strong>δημο-</strong></span> 
     </span>
    </p>
   </div>
   <div class='ocr_carea' id='block_1_65' title="bbox 2441 2092 4014 2161">
    <p class='ocr_par' dir='ltr' id='par_1_65' title="bbox 2441 2092 4014 2161">
     <span class='ocr_line' id='line_1_65' title="bbox 2441 2092 4014 2161; baseline 0.003 -18"><span class='ocrx_word' id='word_1_454' title='bbox 2441 2092 2567 2144; x_wconf 87' lang='grc' dir='ltr'><strong>σίων</strong></span> <span class='ocrx_word' id='word_1_455' title='bbox 2617 2092 2815 2161; x_wconf 82' lang='grc' dir='ltr'><strong>βωμῶν</strong></span> <span class='ocrx_word' id='word_1_456' title='bbox 2859 2095 3227 2161; x_wconf 78' lang='grc' dir='ltr'><strong>κατασφάξαι,</strong></span> <span class='ocrx_word' id='word_1_457' title='bbox 3268 2098 3360 2147; x_wconf 75' lang='grc' dir='ltr'><strong>καὶ</strong></span> <span class='ocrx_word' id='word_1_458' title='bbox 3395 2097 3485 2146; x_wconf 88' lang='grc' dir='ltr'><strong>τὸν</strong></span> <span class='ocrx_word' id='word_1_459' title='bbox 3518 2096 3826 2147; x_wconf 87' lang='grc' dir='ltr'><strong>τελευταῖον</strong></span> <span class='ocrx_word' id='word_1_460' title='bbox 3856 2097 4014 2147; x_wconf 83' lang='grc' dir='ltr'><strong>αὑτὸν</strong></span> 
     </span>
    </p>
   </div>
   <div class='ocr_carea' id='block_1_66' title="bbox 2438 2184 4014 2257">
    <p class='ocr_par' dir='ltr' id='par_1_66' title="bbox 2438 2184 4014 2257">
     <span class='ocr_line' id='line_1_66' title="bbox 2438 2184 4014 2257; baseline 0.001 -23"><span class='ocrx_word' id='word_1_461' title='bbox 2438 2184 2676 2253; x_wconf 85' lang='grc' dir='ltr'><strong>Σάτυρον</strong></span> <span class='ocrx_word' id='word_1_462' title='bbox 2726 2186 3008 2252; x_wconf 81' lang='grc' dir='ltr'><strong>ἀνελόντα,</strong></span> <span class='ocrx_word' id='word_1_463' title='bbox 3051 2187 3241 2239; x_wconf 81' lang='grc' dir='ltr'><strong>τοῦτον</strong></span> <span class='ocrx_word' id='word_1_464' title='bbox 3280 2188 3325 2240; x_wconf 80' lang='grc' dir='ltr'><strong>δ’</strong></span> <span class='ocrx_word' id='word_1_465' title='bbox 3367 2188 3458 2239; x_wconf 69' lang='grc' dir='ltr'><strong>ἐπὶ</strong></span> <span class='ocrx_word' id='word_1_466' title='bbox 3502 2190 3665 2241; x_wconf 80' lang='grc' dir='ltr'><strong>πᾶσιν</strong></span> <span class='ocrx_word' id='word_1_467' title='bbox 3696 2188 4014 2257; x_wconf 74' lang='grc' dir='ltr'><strong>αὐτοχειρίᾳ</strong></span> 
     </span>
    </p>
   </div>
   <div class='ocr_carea' id='block_1_67' title="bbox 2437 2275 4014 2347">
    <p class='ocr_par' dir='ltr' id='par_1_67' title="bbox 2437 2275 4014 2347">
     <span class='ocr_line' id='line_1_67' title="bbox 2437 2275 4014 2347; baseline 0.002 -22"><span class='ocrx_word' id='word_1_468' title='bbox 2437 2275 2688 2343; x_wconf 78' lang='grc' dir='ltr'><strong>ήρωῖκῶς</strong></span> <span class='ocrx_word' id='word_1_469' title='bbox 2739 2276 3131 2347; x_wconf 79' lang='grc' dir='ltr'><strong>καταστρέψαι.</strong></span> <span class='ocrx_word' id='word_1_470' title='bbox 3187 2277 3243 2331; x_wconf 85' lang='grc'><strong>’0</strong></span> <span class='ocrx_word' id='word_1_471' title='bbox 3283 2277 3380 2347; x_wconf 77' lang='grc' dir='ltr'><strong>μὲν</strong></span> <span class='ocrx_word' id='word_1_472' title='bbox 3428 2276 3521 2330; x_wconf 72' lang='grc' dir='ltr'><strong>οὖν</strong></span> <span class='ocrx_word' id='word_1_473' title='bbox 3573 2278 3713 2330; x_wconf 85' lang='grc' dir='ltr'><strong>κατὰ</strong></span> <span class='ocrx_word' id='word_1_474' title='bbox 3766 2278 4014 2329; x_wconf 78' lang='grc' dir='ltr'><strong>Σικελίαν</strong></span> 
     </span>
    </p>
   </div>
   <div class='ocr_carea' id='block_1_68' title="bbox 2434 2366 4015 2439">
    <p class='ocr_par' dir='ltr' id='par_1_68' title="bbox 2434 2366 4015 2439">
     <span class='ocr_line' id='line_1_68' title="bbox 2434 2366 4015 2439; baseline 0.002 -22"><span class='ocrx_word' id='word_1_475' title='bbox 2434 2366 2543 2417; x_wconf 84' lang='grc' dir='ltr'><strong>τῶν</strong></span> <span class='ocrx_word' id='word_1_476' title='bbox 2567 2366 2796 2418; x_wconf 76' lang='grc' dir='ltr'><strong>οἰκετῶν</strong></span> <span class='ocrx_word' id='word_1_477' title='bbox 2826 2366 3080 2437; x_wconf 87' lang='grc' dir='ltr'><strong>πόλεμος,</strong></span> <span class='ocrx_word' id='word_1_478' title='bbox 3117 2369 3400 2438; x_wconf 75' lang='grc' dir='ltr'><strong>διαμείνας</strong></span> <span class='ocrx_word' id='word_1_479' title='bbox 3429 2370 3524 2437; x_wconf 79' lang='grc' dir='ltr'><strong>ἔτη</strong></span> <span class='ocrx_word' id='word_1_480' title='bbox 3556 2370 3742 2439; x_wconf 83' lang='grc' dir='ltr'><strong>σχεδόν</strong></span> <span class='ocrx_word' id='word_1_481' title='bbox 3765 2387 3871 2421; x_wconf 88' lang='grc' dir='ltr'><strong>που</strong></span> <span class='ocrx_word' id='word_1_482' title='bbox 3901 2370 4015 2421; x_wconf 79' lang='grc' dir='ltr'><strong>τέτ-</strong></span> 
     </span>
    </p>
   </div>
   <div class='ocr_carea' id='block_1_69' title="bbox 2437 2454 3622 2528">
    <p class='ocr_par' dir='ltr' id='par_1_69' title="bbox 2437 2454 3622 2528">
     <span class='ocr_line' id='line_1_69' title="bbox 2437 2454 3622 2528; baseline 0.007 -25"><span class='ocrx_word' id='word_1_483' title='bbox 2437 2469 2598 2521; x_wconf 84' lang='grc' dir='ltr'><strong>ταρα,</strong></span> <span class='ocrx_word' id='word_1_484' title='bbox 2624 2454 2895 2524; x_wconf 74' lang='grc' dir='ltr'><strong>τραγικὴν</strong></span> <span class='ocrx_word' id='word_1_485' title='bbox 2927 2454 3052 2523; x_wconf 74' lang='grc' dir='ltr'><strong>ἔσχε</strong></span> <span class='ocrx_word' id='word_1_486' title='bbox 3084 2457 3182 2525; x_wconf 82' lang='grc' dir='ltr'><strong>τὴν</strong></span> <span class='ocrx_word' id='word_1_487' title='bbox 3220 2459 3622 2528; x_wconf 67' lang='grc' dir='ltr'><strong>καταστροφήν.</strong></span> 
     </span>
    </p>
   </div>
   <div class='ocr_carea' id='block_1_70' title="bbox 2506 2624 4015 2703">
    <p class='ocr_par' dir='ltr' id='par_1_70' title="bbox 2506 2624 4015 2703">
     <span class='ocr_line' id='line_1_70' title="bbox 2506 2624 4015 2703; baseline 0.009 -27"><span class='ocrx_word' id='word_1_488' title='bbox 2506 2624 2627 2677; x_wconf 84' lang='grc' dir='ltr'><strong>Ὀτι</strong></span> <span class='ocrx_word' id='word_1_489' title='bbox 2662 2625 2947 2697; x_wconf 85' lang='grc' dir='ltr'><strong>Βαττάκης</strong></span> <span class='ocrx_word' id='word_1_490' title='bbox 2968 2646 3051 2691; x_wconf 90' lang='grc' dir='ltr'><strong>τις</strong></span> <span class='ocrx_word' id='word_1_491' title='bbox 3079 2629 3250 2699; x_wconf 79' lang='grc' dir='ltr'><strong>ὄνομα</strong></span> <span class='ocrx_word' id='word_1_492' title='bbox 3270 2627 3395 2702; x_wconf 78' lang='grc' dir='ltr'><strong>ἧκε,</strong></span> <span class='ocrx_word' id='word_1_493' title='bbox 3428 2636 3615 2703; x_wconf 64' lang='grc' dir='ltr'><strong>φησιν,</strong></span> <span class='ocrx_word' id='word_1_494' title='bbox 3646 2639 3709 2687; x_wconf 69' lang='grc' dir='ltr'><strong>ἐκ</strong></span> <span class='ocrx_word' id='word_1_495' title='bbox 3735 2635 4015 2689; x_wconf 76' lang='grc' dir='ltr'><strong>Πισινοῦνσ</strong></span> 
     </span>
    </p>
   </div>
   <div class='ocr_carea' id='block_1_71' title="bbox 2432 2715 4013 2793">
    <p class='ocr_par' dir='ltr' id='par_1_71' title="bbox 2432 2715 4013 2793">
     <span class='ocr_line' id='line_1_71' title="bbox 2432 2715 4013 2793; baseline -0.004 -17"><span class='ocrx_word' id='word_1_496' title='bbox 2432 2731 2522 2775; x_wconf 79' lang='grc' dir='ltr'><strong>τος</strong></span> <span class='ocrx_word' id='word_1_497' title='bbox 2581 2715 2596 2744; x_wconf 78' lang='grc'>⁸</span> <span class='ocrx_word' id='word_1_498' title='bbox 2648 2715 2747 2783; x_wconf 77' lang='grc' dir='ltr'><strong>τῆς</strong></span> <span class='ocrx_word' id='word_1_499' title='bbox 2802 2717 3066 2786; x_wconf 81' lang='grc' dir='ltr'><strong>Φρυγίας,</strong></span> <span class='ocrx_word' id='word_1_500' title='bbox 3108 2720 3287 2789; x_wconf 78' lang='grc' dir='ltr'><strong>ἱερεὺς</strong></span> <span class='ocrx_word' id='word_1_501' title='bbox 3324 2723 3582 2790; x_wconf 79' lang='grc' dir='ltr'><strong>ὑπάρχων</strong></span> <span class='ocrx_word' id='word_1_502' title='bbox 3619 2723 3718 2792; x_wconf 84' lang='grc' dir='ltr'><strong>τῆς</strong></span> <span class='ocrx_word' id='word_1_503' title='bbox 3774 2727 4013 2793; x_wconf 70' lang='grc' dir='ltr'><strong>μεγάλης</strong></span> 
     </span>
    </p>
   </div>
   <div class='ocr_carea' id='block_1_72' title="bbox 2432 2803 4012 2883">
    <p class='ocr_par' dir='ltr' id='par_1_72' title="bbox 2432 2803 4012 2883">
     <span class='ocr_line' id='line_1_72' title="bbox 2432 2803 4012 2883; baseline 0.007 -28"><span class='ocrx_word' id='word_1_504' title='bbox 2432 2804 2540 2855; x_wconf 83' lang='grc' dir='ltr'><strong>τῶν</strong></span> <span class='ocrx_word' id='word_1_505' title='bbox 2581 2803 2721 2856; x_wconf 80' lang='grc' dir='ltr'><strong>θεῶν</strong></span> <span class='ocrx_word' id='word_1_506' title='bbox 2755 2808 2985 2875; x_wconf 88' lang='grc' dir='ltr'><strong>μητρός.</strong></span> <span class='ocrx_word' id='word_1_507' title='bbox 3028 2804 3196 2869; x_wconf 78' lang='grc' dir='ltr'><strong>Οὗτος</strong></span> <span class='ocrx_word' id='word_1_508' title='bbox 3230 2811 3370 2862; x_wconf 86' lang='grc' dir='ltr'><strong>κατά</strong></span> <span class='ocrx_word' id='word_1_509' title='bbox 3400 2812 3725 2881; x_wconf 76' lang='grc' dir='ltr'><strong>πρόσταγμα</strong></span> <span class='ocrx_word' id='word_1_510' title='bbox 3759 2815 3857 2883; x_wconf 81' lang='grc' dir='ltr'><strong>τῆς</strong></span> <span class='ocrx_word' id='word_1_511' title='bbox 3895 2815 4012 2866; x_wconf 79' lang='grc' dir='ltr'><strong>θεοῦ</strong></span> 
     </span>
    </p>
   </div>
   <div class='ocr_carea' id='block_1_73' title="bbox 2433 2898 4015 2975">
    <p class='ocr_par' dir='ltr' id='par_1_73' title="bbox 2433 2898 4015 2975">
     <span class='ocr_line' id='line_1_73' title="bbox 2433 2898 4015 2975; baseline 0.008 -27"><span class='ocrx_word' id='word_1_512' title='bbox 2433 2898 2688 2965; x_wconf 83' lang='grc' dir='ltr'><strong>παρεῖναι</strong></span> <span class='ocrx_word' id='word_1_513' title='bbox 2719 2898 2919 2967; x_wconf 81' lang='grc' dir='ltr'><strong>φήσας,</strong></span> <span class='ocrx_word' id='word_1_514' title='bbox 2965 2902 3079 2961; x_wconf 89' lang='grc' dir='ltr'>τοίς</span> <span class='ocrx_word' id='word_1_515' title='bbox 3109 2902 3367 2970; x_wconf 89' lang='grc' dir='ltr'><strong>ἀρχουσιν</strong></span> <span class='ocrx_word' id='word_1_516' title='bbox 3402 2904 3620 2973; x_wconf 66' lang='grc' dir='ltr'><strong>ἐνέτυχε</strong></span> <span class='ocrx_word' id='word_1_517' title='bbox 3657 2907 3749 2958; x_wconf 81' lang='grc' dir='ltr'><strong>καὶ</strong></span> <span class='ocrx_word' id='word_1_518' title='bbox 3778 2911 3845 2975; x_wconf 81' lang='grc' dir='ltr'><strong>τῇ</strong></span> <span class='ocrx_word' id='word_1_519' title='bbox 3898 2924 4015 2974; x_wconf 86' lang='grc' dir='ltr'><strong>συγ-</strong></span> 
     </span>
    </p>
   </div>
   <div class='ocr_carea' id='block_1_74' title="bbox 2430 2987 4013 3063">
    <p class='ocr_par' dir='ltr' id='par_1_74' title="bbox 2430 2987 4013 3063">
     <span class='ocr_line' id='line_1_74' title="bbox 2430 2987 4013 3063; baseline 0.008 -25"><span class='ocrx_word' id='word_1_520' title='bbox 2430 2987 2631 3056; x_wconf 84' lang='grc' dir='ltr'><strong>κλήτῳ,</strong></span> <span class='ocrx_word' id='word_1_521' title='bbox 2672 2988 2845 3055; x_wconf 82' lang='grc' dir='ltr'><strong>λέγων</strong></span> <span class='ocrx_word' id='word_1_522' title='bbox 2871 2991 2931 3042; x_wconf 88' lang='grc' dir='ltr'><strong>τὸ</strong></span> <span class='ocrx_word' id='word_1_523' title='bbox 2961 2992 3101 3059; x_wconf 80' lang='grc' dir='ltr'><strong>ἱερὸν</strong></span> <span class='ocrx_word' id='word_1_524' title='bbox 3127 2993 3227 3061; x_wconf 78' lang='grc' dir='ltr'><strong>τῆς</strong></span> <span class='ocrx_word' id='word_1_525' title='bbox 3262 2994 3383 3046; x_wconf 85' lang='grc' dir='ltr'><strong>Θεοῦ</strong></span> <span class='ocrx_word' id='word_1_526' title='bbox 3415 2998 3740 3063; x_wconf 85' lang='grc' dir='ltr'><strong>μεμιάνθαι,</strong></span> <span class='ocrx_word' id='word_1_527' title='bbox 3779 3001 3875 3051; x_wconf 76' lang='grc' dir='ltr'><strong>καὶ</strong></span> <span class='ocrx_word' id='word_1_528' title='bbox 3908 3000 4013 3052; x_wconf 81' lang='grc' dir='ltr'><strong>δεῖν</strong></span> 
     </span>
    </p>
   </div>
   <div class='ocr_carea' id='block_1_75' title="bbox 2432 3077 4014 3158">
    <p class='ocr_par' dir='ltr' id='par_1_75' title="bbox 2432 3077 4014 3158">
     <span class='ocr_line' id='line_1_75' title="bbox 2432 3077 4014 3158; baseline 0.008 -29"><span class='ocrx_word' id='word_1_529' title='bbox 2432 3077 2627 3138; x_wconf 81' lang='grc' dir='ltr'><strong>αὑτοὺς</strong></span> <span class='ocrx_word' id='word_1_530' title='bbox 2655 3078 2675 3107; x_wconf 81' lang='grc'><em>³</em></span> <span class='ocrx_word' id='word_1_531' title='bbox 2712 3078 2950 3148; x_wconf 78' lang='grc' dir='ltr'><strong>δημοσίᾳ</strong></span> <span class='ocrx_word' id='word_1_532' title='bbox 2970 3080 3289 3151; x_wconf 75' lang='grc' dir='ltr'><strong>καθαρμοὺς</strong></span> <span class='ocrx_word' id='word_1_533' title='bbox 3320 3086 3413 3135; x_wconf 68' lang='grc' dir='ltr'><strong>ἐπὶ</strong></span> <span class='ocrx_word' id='word_1_534' title='bbox 3441 3089 3541 3155; x_wconf 81' lang='grc' dir='ltr'><strong>τῇς</strong></span> <span class='ocrx_word' id='word_1_535' title='bbox 3583 3087 3801 3158; x_wconf 85' lang='grc' dir='ltr'><strong>Ῥώμης</strong></span> <span class='ocrx_word' id='word_1_536' title='bbox 3829 3107 4014 3142; x_wconf 80' lang='grc' dir='ltr'><strong>συντε-</strong></span> 
     </span>
    </p>
   </div>
   <div class='ocr_carea' id='block_1_76' title="bbox 2435 3166 4015 3247">
    <p class='ocr_par' dir='ltr' id='par_1_76' title="bbox 2435 3166 4015 3247">
     <span class='ocr_line' id='line_1_76' title="bbox 2435 3166 4015 3247; baseline 0.01 -30"><span class='ocrx_word' id='word_1_537' title='bbox 2435 3166 2711 3235; x_wconf 80' lang='grc' dir='ltr'><strong>λεσθῆναι.</strong></span> <span class='ocrx_word' id='word_1_538' title='bbox 2748 3168 2966 3237; x_wconf 80' lang='grc' dir='ltr'><strong>Έφόρει</strong></span> <span class='ocrx_word' id='word_1_539' title='bbox 2995 3171 3048 3222; x_wconf 89' lang='grc' dir='ltr'><strong>δὲ</strong></span> <span class='ocrx_word' id='word_1_540' title='bbox 3079 3173 3283 3242; x_wconf 75' lang='grc' dir='ltr'><strong>ἐσθῆτα</strong></span> <span class='ocrx_word' id='word_1_541' title='bbox 3313 3177 3407 3226; x_wconf 69' lang='grc' dir='ltr'><strong>καὶ</strong></span> <span class='ocrx_word' id='word_1_542' title='bbox 3448 3178 3548 3244; x_wconf 81' lang='grc' dir='ltr'><strong>τὴν</strong></span> <span class='ocrx_word' id='word_1_543' title='bbox 3588 3180 3717 3246; x_wconf 84' lang='grc' dir='ltr'><strong>περὶ</strong></span> <span class='ocrx_word' id='word_1_544' title='bbox 3760 3179 3822 3231; x_wconf 86' lang='grc' dir='ltr'><strong>τὸ</strong></span> <span class='ocrx_word' id='word_1_545' title='bbox 3858 3182 4015 3247; x_wconf 80' lang='grc' dir='ltr'><strong>σῶμα</strong></span> 
     </span>
    </p>
   </div>
   <div class='ocr_carea' id='block_1_77' title="bbox 2435 3256 4014 3334">
    <p class='ocr_par' dir='ltr' id='par_1_77' title="bbox 2435 3256 4014 3334">
     <span class='ocr_line' id='line_1_77' title="bbox 2435 3256 4014 3334; baseline 0.009 -25"><span class='ocrx_word' id='word_1_546' title='bbox 2435 3256 2601 3325; x_wconf 85' lang='grc' dir='ltr'><strong>ἀλλην</strong></span> <span class='ocrx_word' id='word_1_547' title='bbox 2636 3260 2981 3329; x_wconf 82' lang='grc' dir='ltr'><strong>κατασκευὴν</strong></span> <span class='ocrx_word' id='word_1_548' title='bbox 3012 3260 3425 3334; x_wconf 71' lang='grc' dir='ltr'><strong>ἐξηλλαγμένην</strong></span> <span class='ocrx_word' id='word_1_549' title='bbox 3466 3269 3559 3319; x_wconf 83' lang='grc' dir='ltr'><strong>καὶ</strong></span> <span class='ocrx_word' id='word_1_550' title='bbox 3594 3268 3696 3320; x_wconf 86' lang='grc' dir='ltr'><strong>ὑπὸ</strong></span> <span class='ocrx_word' id='word_1_551' title='bbox 3726 3271 3838 3320; x_wconf 85' lang='grc' dir='ltr'><strong>τῶν</strong></span> <span class='ocrx_word' id='word_1_552' title='bbox 3884 3272 4014 3324; x_wconf 86' lang='grc' dir='ltr'><strong>Ῥω-</strong></span> 
     </span>
    </p>
   </div>
   <div class='ocr_carea' id='block_1_78' title="bbox 2420 3349 4015 3431">
    <p class='ocr_par' dir='ltr' id='par_1_78' title="bbox 2420 3349 4015 3431">
     <span class='ocr_line' id='line_1_78' title="bbox 2420 3349 4015 3431; baseline 0.011 -34"><span class='ocrx_word' id='word_1_553' title='bbox 2420 3349 2613 3417; x_wconf 66' lang='grc' dir='ltr'><strong>,μαίων</strong></span> <span class='ocrx_word' id='word_1_554' title='bbox 2657 3350 2795 3402; x_wconf 77' lang='grc' dir='ltr'><strong>ἐθῶν</strong></span> <span class='ocrx_word' id='word_1_555' title='bbox 2818 3352 2838 3383; x_wconf 87' lang='grc'><strong><em>³</em></strong></span> <span class='ocrx_word' id='word_1_556' title='bbox 2871 3352 2971 3404; x_wconf 90' lang='grc' dir='ltr'><strong>οὑκ</strong></span> <span class='ocrx_word' id='word_1_557' title='bbox 3001 3355 3449 3426; x_wconf 79' lang='grc' dir='ltr'><strong>ὲπιχωρουμένην</strong></span> <span class='ocrx_word' id='word_1_558' title='bbox 3473 3359 3523 3388; x_wconf 71' lang='grc' dir='ltr'><strong>δ·</strong></span> <span class='ocrx_word' id='word_1_559' title='bbox 3558 3361 3795 3428; x_wconf 80' lang='grc' dir='ltr'><strong>χρυσοῦν</strong></span> <span class='ocrx_word' id='word_1_560' title='bbox 3825 3380 3885 3414; x_wconf 90' lang='grc' dir='ltr'><strong>τε</strong></span> <span class='ocrx_word' id='word_1_561' title='bbox 3913 3365 4015 3431; x_wconf 79' lang='grc' dir='ltr'><strong>γάρ</strong></span> 
     </span>
    </p>
   </div>
   <div class='ocr_carea' id='block_1_79' title="bbox 2440 3437 4014 3523">
    <p class='ocr_par' dir='ltr' id='par_1_79' title="bbox 2440 3437 4014 3523">
     <span class='ocr_line' id='line_1_79' title="bbox 2440 3437 4014 3523; baseline 0.013 -34"><span class='ocrx_word' id='word_1_562' title='bbox 2440 3440 2703 3507; x_wconf 84' lang='grc' dir='ltr'><strong>στέφανον</strong></span> <span class='ocrx_word' id='word_1_563' title='bbox 2736 3437 2881 3510; x_wconf 81' lang='grc' dir='ltr'><strong>εἶχεν</strong></span> <span class='ocrx_word' id='word_1_564' title='bbox 2913 3444 3263 3516; x_wconf 83' lang='grc' dir='ltr'><strong>ὑπερμεγέθη</strong></span> <span class='ocrx_word' id='word_1_565' title='bbox 3299 3449 3391 3500; x_wconf 76' lang='grc' dir='ltr'><strong>καὶ</strong></span> <span class='ocrx_word' id='word_1_566' title='bbox 3416 3451 3606 3521; x_wconf 77' lang='grc' dir='ltr'><strong>στολὴν</strong></span> <span class='ocrx_word' id='word_1_567' title='bbox 3649 3452 3876 3523; x_wconf 89' lang='grc' dir='ltr'><strong>ἀνθίνην</strong></span> <span class='ocrx_word' id='word_1_568' title='bbox 3907 3457 4014 3509; x_wconf 78' lang='grc' dir='ltr'><strong>διά·</strong></span> 
     </span>
    </p>
   </div>
   <div class='ocr_carea' id='block_1_80' title="bbox 2436 3528 4014 3611">
    <p class='ocr_par' dir='ltr' id='par_1_80' title="bbox 2436 3528 4014 3611">
     <span class='ocr_line' id='line_1_80' title="bbox 2436 3528 4014 3611; baseline 0.012 -33"><span class='ocrx_word' id='word_1_569' title='bbox 2436 3545 2657 3598; x_wconf 87' lang='grc' dir='ltr'><strong>χρυσον,</strong></span> <span class='ocrx_word' id='word_1_570' title='bbox 2693 3528 2973 3601; x_wconf 75' lang='grc' dir='ltr'><strong>βασιλικὴν</strong></span> <span class='ocrx_word' id='word_1_571' title='bbox 3006 3534 3161 3599; x_wconf 79' lang='grc' dir='ltr'><strong>ἀξίαν</strong></span> <span class='ocrx_word' id='word_1_572' title='bbox 3200 3538 3610 3603; x_wconf 72' lang='grc' dir='ltr'><strong>ἐπιφαίνουσαν.</strong></span> <span class='ocrx_word' id='word_1_573' title='bbox 3642 3542 4014 3611; x_wconf 79' lang='grc' dir='ltr'><strong>Ποιησάμενος</strong></span> 
     </span>
    </p>
   </div>
   <div class='ocr_carea' id='block_1_81' title="bbox 2436 3619 4011 3701">
    <p class='ocr_par' dir='ltr' id='par_1_81' title="bbox 2436 3619 4011 3701">
     <span class='ocr_line' id='line_1_81' title="bbox 2436 3619 4011 3701; baseline 0.011 -32"><span class='ocrx_word' id='word_1_574' title='bbox 2436 3619 2493 3671; x_wconf 85' lang='grc' dir='ltr'><strong>δὲ</strong></span> <span class='ocrx_word' id='word_1_575' title='bbox 2524 3619 2715 3687; x_wconf 89' lang='grc' dir='ltr'><strong>λόγους</strong></span> <span class='ocrx_word' id='word_1_576' title='bbox 2740 3622 2832 3674; x_wconf 75' lang='grc' dir='ltr'><strong>ἐπὶ</strong></span> <span class='ocrx_word' id='word_1_577' title='bbox 2860 3624 2970 3675; x_wconf 84' lang='grc' dir='ltr'><strong>τῶν</strong></span> <span class='ocrx_word' id='word_1_578' title='bbox 3004 3625 3249 3691; x_wconf 74' lang='grc' dir='ltr'><strong>ἐμϐόλων</strong></span> <span class='ocrx_word' id='word_1_579' title='bbox 3274 3630 3331 3679; x_wconf 86' lang='grc' dir='ltr'><strong>ὲν</strong></span> <span class='ocrx_word' id='word_1_580' title='bbox 3362 3630 3438 3699; x_wconf 83' lang='grc' dir='ltr'><strong>τῷ</strong></span> <span class='ocrx_word' id='word_1_581' title='bbox 3469 3632 3644 3701; x_wconf 86' lang='grc' dir='ltr'><strong>δήμῳ,</strong></span> <span class='ocrx_word' id='word_1_582' title='bbox 3683 3634 3859 3686; x_wconf 76' lang='grc' dir='ltr'><strong>καὶτὸ</strong></span> <span class='ocrx_word' id='word_1_583' title='bbox 3877 3636 4011 3701; x_wconf 72' lang='grc' dir='ltr'><strong>πλῆ-</strong></span> 
     </span>
    </p>
   </div>
   <div class='ocr_carea' id='block_1_82' title="bbox 2439 3710 4012 3796">
    <p class='ocr_par' dir='ltr' id='par_1_82' title="bbox 2439 3710 4012 3796">
     <span class='ocr_line' id='line_1_82' title="bbox 2439 3710 4012 3796; baseline 0.011 -35"><span class='ocrx_word' id='word_1_584' title='bbox 2439 3710 2528 3772; x_wconf 81' lang='grc' dir='ltr'><strong>θος</strong></span> <span class='ocrx_word' id='word_1_585' title='bbox 2562 3714 2642 3774; x_wconf 86' lang='grc' dir='ltr'><strong>είς</strong></span> <span class='ocrx_word' id='word_1_586' title='bbox 2699 3714 3122 3784; x_wconf 82' lang='grc' dir='ltr'><strong>δεισιδαιμονίαν</strong></span> <span class='ocrx_word' id='word_1_587' title='bbox 3163 3718 3437 3787; x_wconf 81' lang='grc' dir='ltr'><strong>ἐμϐαλὼν,</strong></span> <span class='ocrx_word' id='word_1_588' title='bbox 3491 3723 3873 3795; x_wconf 71' lang='grc' dir='ltr'><strong>καταλύματος</strong></span> <span class='ocrx_word' id='word_1_589' title='bbox 3921 3729 4012 3796; x_wconf 78' lang='grc' dir='ltr'><strong>μὲν</strong></span> 
     </span>
    </p>
   </div>
   <div class='ocr_carea' id='block_1_83' title="bbox 2436 3798 4012 3881">
    <p class='ocr_par' dir='ltr' id='par_1_83' title="bbox 2436 3798 4012 3881">
     <span class='ocr_line' id='line_1_83' title="bbox 2436 3798 4012 3881; baseline 0.012 -30"><span class='ocrx_word' id='word_1_590' title='bbox 2436 3798 2691 3869; x_wconf 80' lang='grc' dir='ltr'><strong>δημοσίου</strong></span> <span class='ocrx_word' id='word_1_591' title='bbox 2735 3804 2828 3854; x_wconf 71' lang='grc' dir='ltr'><strong>καὶ</strong></span> <span class='ocrx_word' id='word_1_592' title='bbox 2872 3802 3060 3868; x_wconf 83' lang='grc' dir='ltr'><strong>ξενίων</strong></span> <span class='ocrx_word' id='word_1_593' title='bbox 3104 3808 3335 3881; x_wconf 74' lang='grc' dir='ltr'><strong>ἠξιώθη,</strong></span> <span class='ocrx_word' id='word_1_594' title='bbox 3361 3812 3453 3864; x_wconf 82' lang='grc' dir='ltr'><strong>τὸν</strong></span> <span class='ocrx_word' id='word_1_595' title='bbox 3478 3814 3534 3866; x_wconf 82' lang='grc' dir='ltr'><strong>δὲ</strong></span> <span class='ocrx_word' id='word_1_596' title='bbox 3575 3815 3837 3881; x_wconf 73' lang='grc' dir='ltr'><strong>στέφανον</strong></span> <span class='ocrx_word' id='word_1_597' title='bbox 3882 3820 4012 3870; x_wconf 81' lang='grc' dir='ltr'><strong>ἐκω-</strong></span> 
     </span>
    </p>
   </div>
   <div class='ocr_carea' id='block_1_84' title="bbox 2436 3887 4010 3975">
    <p class='ocr_par' dir='ltr' id='par_1_84' title="bbox 2436 3887 4010 3975">
     <span class='ocr_line' id='line_1_84' title="bbox 2436 3887 4010 3975; baseline 0.013 -36"><span class='ocrx_word' id='word_1_598' title='bbox 2436 3887 2571 3957; x_wconf 76' lang='grc' dir='ltr'><strong>λύθη</strong></span> <span class='ocrx_word' id='word_1_599' title='bbox 2593 3894 2779 3959; x_wconf 77' lang='grc' dir='ltr'><strong>φορεῖν</strong></span> <span class='ocrx_word' id='word_1_600' title='bbox 2800 3893 2889 3961; x_wconf 79' lang='grc' dir='ltr'><strong>ὑφ’</strong></span> <span class='ocrx_word' id='word_1_601' title='bbox 2914 3895 3032 3958; x_wconf 71' lang='grc' dir='ltr'><strong>ἑνὸς</strong></span> <span class='ocrx_word' id='word_1_602' title='bbox 3052 3897 3159 3949; x_wconf 84' lang='grc' dir='ltr'><strong>τῶν</strong></span> <span class='ocrx_word' id='word_1_603' title='bbox 3180 3900 3477 3971; x_wconf 86' lang='grc' dir='ltr'><strong>δημάρχων</strong></span> <span class='ocrx_word' id='word_1_604' title='bbox 3500 3902 3671 3955; x_wconf 81' lang='grc' dir='ltr'><strong>Δὺλου</strong></span> <span class='ocrx_word' id='word_1_605' title='bbox 3705 3906 4010 3975; x_wconf 69' lang='grc' dir='ltr'><strong>Πομπηΐου.</strong></span> 
     </span>
    </p>
   </div>
   <div class='ocr_carea' id='block_1_85' title="bbox 2436 3982 4008 4068">
    <p class='ocr_par' dir='ltr' id='par_1_85' title="bbox 2436 3982 4008 4068">
     <span class='ocr_line' id='line_1_85' title="bbox 2436 3982 4008 4068; baseline 0.012 -37"><span class='ocrx_word' id='word_1_606' title='bbox 2436 3982 2535 4033; x_wconf 86' lang='grc' dir='ltr'><strong>Διά</strong></span> <span class='ocrx_word' id='word_1_607' title='bbox 2569 4000 2710 4045; x_wconf 85' lang='grc' dir='ltr'><strong>τινος</strong></span> <span class='ocrx_word' id='word_1_608' title='bbox 2731 3984 2776 4035; x_wconf 78' lang='grc' dir='ltr'><strong>δ’</strong></span> <span class='ocrx_word' id='word_1_609' title='bbox 2806 3985 2991 4054; x_wconf 78' lang='grc' dir='ltr'><strong>ἑτέρου</strong></span> <span class='ocrx_word' id='word_1_610' title='bbox 3021 3987 3304 4060; x_wconf 84' lang='grc' dir='ltr'><strong>δημάρχου</strong></span> <span class='ocrx_word' id='word_1_611' title='bbox 3332 3994 3623 4061; x_wconf 77' lang='grc' dir='ltr'><strong>προαχθεὶς</strong></span> <span class='ocrx_word' id='word_1_612' title='bbox 3644 3997 3737 4047; x_wconf 76' lang='grc' dir='ltr'><strong>ἐπὶ</strong></span> <span class='ocrx_word' id='word_1_613' title='bbox 3765 3994 3895 4066; x_wconf 72' lang='grc'><strong>[6⁷58</strong></span> <span class='ocrx_word' id='word_1_614' title='bbox 3926 3996 4008 4068; x_wconf 83' lang='grc' dir='ltr'><strong>ΙΙ.]</strong></span> 
     </span>
    </p>
   </div>
   <div class='ocr_carea' id='block_1_86' title="bbox 2435 4073 4011 4153">
    <p class='ocr_par' dir='ltr' id='par_1_86' title="bbox 2435 4073 4011 4153">
     <span class='ocr_line' id='line_1_86' title="bbox 2435 4073 4011 4153; baseline 0.013 -31"><span class='ocrx_word' id='word_1_615' title='bbox 2435 4074 2501 4123; x_wconf 87' lang='grc' dir='ltr'><strong>τὰ</strong></span> <span class='ocrx_word' id='word_1_616' title='bbox 2533 4073 2755 4141; x_wconf 78' lang='grc' dir='ltr'><strong>ἔμϐολα,</strong></span> <span class='ocrx_word' id='word_1_617' title='bbox 2788 4076 2879 4127; x_wconf 80' lang='grc' dir='ltr'><strong>καὶ</strong></span> <span class='ocrx_word' id='word_1_618' title='bbox 2914 4079 3042 4147; x_wconf 76' lang='grc' dir='ltr'><strong>περὶ</strong></span> <span class='ocrx_word' id='word_1_619' title='bbox 3079 4082 3176 4148; x_wconf 82' lang='grc' dir='ltr'><strong>τῆς</strong></span> <span class='ocrx_word' id='word_1_620' title='bbox 3206 4085 3283 4144; x_wconf 90' lang='grc' dir='ltr'><strong>εἰς</strong></span> <span class='ocrx_word' id='word_1_621' title='bbox 3312 4082 3334 4112; x_wconf 84' lang='grc'><strong><em>⁵</em></strong></span> <span class='ocrx_word' id='word_1_622' title='bbox 3364 4084 3423 4135; x_wconf 84' lang='grc' dir='ltr'><strong>τὸ</strong></span> <span class='ocrx_word' id='word_1_623' title='bbox 3454 4086 3597 4153; x_wconf 77' lang='grc' dir='ltr'><strong>ἱερὸν</strong></span> <span class='ocrx_word' id='word_1_624' title='bbox 3631 4088 3856 4153; x_wconf 82' lang='grc' dir='ltr'><strong>ἁγνείας</strong></span> <span class='ocrx_word' id='word_1_625' title='bbox 3918 4092 4011 4142; x_wconf 79' lang='grc' dir='ltr'><strong>ἑπ-</strong></span> 
     </span>
    </p>
   </div>
   <div class='ocr_carea' id='block_1_87' title="bbox 2437 4162 4010 4245">
    <p class='ocr_par' dir='ltr' id='par_1_87' title="bbox 2437 4162 4010 4245">
     <span class='ocr_line' id='line_1_87' title="bbox 2437 4162 4010 4245; baseline 0.012 -32"><span class='ocrx_word' id='word_1_626' title='bbox 2437 4162 2812 4232; x_wconf 86' lang='grc' dir='ltr'><strong>ερωτώμενος,</strong></span> <span class='ocrx_word' id='word_1_627' title='bbox 2844 4168 3162 4237; x_wconf 84' lang='grc' dir='ltr'><strong>ἀποκρίσεις</strong></span> <span class='ocrx_word' id='word_1_628' title='bbox 3199 4174 3432 4225; x_wconf 74' lang='grc' dir='ltr'><strong>ἐποιεῖτο</strong></span> <span class='ocrx_word' id='word_1_629' title='bbox 3460 4174 3883 4245; x_wconf 82' lang='grc' dir='ltr'><strong>δεισιδαιμονίαν</strong></span> <span class='ocrx_word' id='word_1_630' title='bbox 3920 4197 4010 4231; x_wconf 82' lang='grc' dir='ltr'><strong>πε-</strong></span> 
     </span>
    </p>
   </div>
   <div class='ocr_carea' id='block_1_88' title="bbox 2440 4253 4007 4339">
    <p class='ocr_par' dir='ltr' id='par_1_88' title="bbox 2440 4253 4007 4339">
     <span class='ocr_line' id='line_1_88' title="bbox 2440 4253 4007 4339; baseline 0.013 -36"><span class='ocrx_word' id='word_1_631' title='bbox 2440 4253 2747 4323; x_wconf 83' lang='grc' dir='ltr'><strong>ριεχούσας.</strong></span> <span class='ocrx_word' id='word_1_632' title='bbox 2779 4257 3283 4324; x_wconf 81' lang='grc' dir='ltr'><strong>Καταστασιασθεὶς</strong></span> <span class='ocrx_word' id='word_1_633' title='bbox 3319 4263 3375 4316; x_wconf 87' lang='grc' dir='ltr'><strong>δὲ</strong></span> <span class='ocrx_word' id='word_1_634' title='bbox 3408 4265 3512 4317; x_wconf 76' lang='grc' dir='ltr'><strong>ὑπὸ</strong></span> <span class='ocrx_word' id='word_1_635' title='bbox 3538 4267 3630 4319; x_wconf 84' lang='grc' dir='ltr'><strong>τοῦ</strong></span> <span class='ocrx_word' id='word_1_636' title='bbox 3657 4268 3676 4297; x_wconf 90' lang='grc'><strong>⁸</strong></span> <span class='ocrx_word' id='word_1_637' title='bbox 3704 4268 4007 4339; x_wconf 66' lang='grc' dir='ltr'><strong>Πομπηΐου.</strong></span> 
     </span>
    </p>
   </div>
   <div class='ocr_carea' id='block_1_89' title="bbox 2440 4349 4011 4430">
    <p class='ocr_par' dir='ltr' id='par_1_89' title="bbox 2440 4349 4011 4430">
     <span class='ocr_line' id='line_1_89' title="bbox 2440 4349 4011 4430; baseline 0.012 -31"><span class='ocrx_word' id='word_1_638' title='bbox 2440 4349 2532 4400; x_wconf 83' lang='grc' dir='ltr'><strong>καὶ</strong></span> <span class='ocrx_word' id='word_1_639' title='bbox 2557 4349 2676 4417; x_wconf 88' lang='grc' dir='ltr'><strong>μεθ’</strong></span> <span class='ocrx_word' id='word_1_640' title='bbox 2712 4350 2921 4419; x_wconf 82' lang='grc' dir='ltr'><strong>ὕϐρεως</strong></span> <span class='ocrx_word' id='word_1_641' title='bbox 2950 4354 3282 4422; x_wconf 82' lang='grc' dir='ltr'><strong>ἀπαλλαγεὶς</strong></span> <span class='ocrx_word' id='word_1_642' title='bbox 3318 4360 3409 4411; x_wconf 77' lang='grc' dir='ltr'><strong>ἐπὶ</strong></span> <span class='ocrx_word' id='word_1_643' title='bbox 3444 4359 3542 4429; x_wconf 78' lang='grc' dir='ltr'><strong>τὴν</strong></span> <span class='ocrx_word' id='word_1_644' title='bbox 3568 4364 3887 4430; x_wconf 78' lang='grc' dir='ltr'><strong>κατάλυσιν,</strong></span> <span class='ocrx_word' id='word_1_645' title='bbox 3923 4367 4011 4418; x_wconf 78' lang='grc' dir='ltr'><strong>οὑ-</strong></span> 
     </span>
    </p>
   </div>
   <div class='ocr_carea' id='block_1_90' title="bbox 758 4436 2399 4529">
    <p class='ocr_par' dir='ltr' id='par_1_90' title="bbox 758 4436 2399 4529">
     <span class='ocr_line' id='line_1_90' title="bbox 758 4436 2399 4529; baseline -0.002 -38"><span class='ocrx_word' id='word_1_646' title='bbox 758 4439 911 4491; x_wconf 85' lang='lat' dir='ltr'><strong>rihus</strong></span> <span class='ocrx_word' id='word_1_647' title='bbox 968 4452 1133 4504; x_wconf 86' lang='lat' dir='ltr'><strong>supra</strong></span> <span class='ocrx_word' id='word_1_648' title='bbox 1197 4438 1417 4489; x_wconf 88' lang='lat' dir='ltr'><strong>modum</strong></span> <span class='ocrx_word' id='word_1_649' title='bbox 1478 4444 1699 4488; x_wconf 79' lang='lat' dir='ltr'><strong>vexatus</strong></span> <span class='ocrx_word' id='word_1_650' title='bbox 1743 4444 1864 4502; x_wconf 93' lang='lat' dir='ltr'><strong>post</strong></span> <span class='ocrx_word' id='word_1_651' title='bbox 1910 4436 2051 4489; x_wconf 91' lang='lat' dir='ltr'><strong>diem</strong></span> <span class='ocrx_word' id='word_1_652' title='bbox 2109 4436 2327 4489; x_wconf 90' lang='lat' dir='ltr'><strong>tertium</strong></span> <span class='ocrx_word' id='word_1_653' title='bbox 2361 4476 2399 4529; x_wconf 63' lang='grc' dir='ltr'><strong><em>Β</em></strong></span> 
     </span>
    </p>
   </div>
   <div class='ocr_carea' id='block_1_91' title="bbox 2430 4436 4010 4529">
    <p class='ocr_par' dir='ltr' id='par_1_91' title="bbox 2440 4444 4010 4522">
     <span class='ocr_line' id='line_1_91' title="bbox 2440 4444 4010 4522; baseline 0.011 -27"><span class='ocrx_word' id='word_1_654' title='bbox 2440 4444 2557 4496; x_wconf 86' lang='grc' dir='ltr'><strong>κέτι</strong></span> <span class='ocrx_word' id='word_1_655' title='bbox 2585 4446 3004 4515; x_wconf 77' lang='grc' dir='ltr'><strong>προεπορεύετο,</strong></span> <span class='ocrx_word' id='word_1_656' title='bbox 3044 4449 3219 4516; x_wconf 80' lang='grc' dir='ltr'><strong>λέγων</strong></span> <span class='ocrx_word' id='word_1_657' title='bbox 3258 4452 3331 4522; x_wconf 82' lang='grc' dir='ltr'><strong>μὴ</strong></span> <span class='ocrx_word' id='word_1_658' title='bbox 3368 4455 3526 4522; x_wconf 81' lang='grc' dir='ltr'><strong>μόνον</strong></span> <span class='ocrx_word' id='word_1_659' title='bbox 3572 4457 3759 4509; x_wconf 80' lang='grc' dir='ltr'><strong>ἑαυτὸν</strong></span> <span class='ocrx_word' id='word_1_660' title='bbox 3806 4461 4010 4520; x_wconf 69' lang='grc' dir='ltr'><strong>ἀσεϐῶς</strong></span> 
     </span>
    </p>
   </div>
   <div class='ocr_carea' id='block_1_92' title="bbox 762 4526 2399 4619">
    <p class='ocr_par' dir='ltr' id='par_1_92' title="bbox 762 4526 2393 4595">
     <span class='ocr_line' id='line_1_92' title="bbox 762 4526 2393 4595; baseline -0.001 -15"><span class='ocrx_word' id='word_1_661' title='bbox 762 4529 1083 4595; x_wconf 77' lang='lat' dir='ltr'><strong>exspiravit,</strong></span> <span class='ocrx_word' id='word_1_662' title='bbox 1110 4527 1371 4593; x_wconf 90' lang='lat' dir='ltr'><strong>multique</strong></span> <span class='ocrx_word' id='word_1_663' title='bbox 1392 4540 1456 4578; x_wconf 92' lang='lat' dir='ltr'><strong>eo</strong></span> <span class='ocrx_word' id='word_1_664' title='bbox 1485 4526 1624 4593; x_wconf 91' lang='lat' dir='ltr'><strong>quod</strong></span> <span class='ocrx_word' id='word_1_665' title='bbox 1664 4526 2021 4590; x_wconf 87' lang='lat' dir='ltr'><strong>sacerdotem,</strong></span> <span class='ocrx_word' id='word_1_666' title='bbox 2050 4526 2330 4595; x_wconf 84' lang='lat' dir='ltr'><strong>ipsamque</strong></span> <span class='ocrx_word' id='word_1_667' title='bbox 2363 4526 2393 4529; x_wconf 73' lang='grc'><em>”</em></span> 
     </span>
    </p>
   </div>
   <div class='ocr_carea' id='block_1_93' title="bbox 2430 4526 4006 4619">
    <p class='ocr_par' dir='ltr' id='par_1_93' title="bbox 2437 4535 4006 4619">
     <span class='ocr_line' id='line_1_93' title="bbox 2437 4535 4006 4619; baseline 0.012 -37"><span class='ocrx_word' id='word_1_668' title='bbox 2437 4535 2975 4604; x_wconf 86' lang='grc' dir='ltr'><strong>προπεπηλακίσθαι,</strong></span> <span class='ocrx_word' id='word_1_669' title='bbox 3001 4539 3135 4592; x_wconf 88' lang='grc' dir='ltr'><strong>ἀλλά</strong></span> <span class='ocrx_word' id='word_1_670' title='bbox 3152 4543 3242 4592; x_wconf 70' lang='grc' dir='ltr'><strong>καὶ</strong></span> <span class='ocrx_word' id='word_1_671' title='bbox 3266 4541 3363 4611; x_wconf 85' lang='grc' dir='ltr'><strong>τὴν</strong></span> <span class='ocrx_word' id='word_1_672' title='bbox 3392 4543 3529 4608; x_wconf 81' lang='grc' dir='ltr'><strong>θεόν.</strong></span> <span class='ocrx_word' id='word_1_673' title='bbox 3562 4544 3619 4598; x_wconf 88' lang='lat'><strong>&#39;0</strong></span> <span class='ocrx_word' id='word_1_674' title='bbox 3651 4546 3706 4598; x_wconf 84' lang='grc' dir='ltr'><strong>δὲ</strong></span> <span class='ocrx_word' id='word_1_675' title='bbox 3731 4548 4006 4619; x_wconf 77' lang='grc' dir='ltr'><strong>Πομπήϊος</strong></span> 
     </span>
    </p>
   </div>
   <div class='ocr_carea' id='block_1_94' title="bbox 760 4616 2333 4684">
    <p class='ocr_par' dir='ltr' id='par_1_94' title="bbox 760 4616 2333 4684">
     <span class='ocr_line' id='line_1_94' title="bbox 760 4616 2333 4684; baseline -0.001 -13"><span class='ocrx_word' id='word_1_676' title='bbox 760 4620 913 4671; x_wconf 89' lang='lat' dir='ltr'><strong>deam</strong></span> <span class='ocrx_word' id='word_1_677' title='bbox 968 4618 1302 4681; x_wconf 70' lang='lat' dir='ltr'><strong>offendisset,</strong></span> <span class='ocrx_word' id='word_1_678' title='bbox 1347 4618 1527 4669; x_wconf 90' lang='lat' dir='ltr'><strong>divina</strong></span> <span class='ocrx_word' id='word_1_679' title='bbox 1571 4616 1801 4684; x_wconf 89' lang='lat' dir='ltr'><strong>quadam</strong></span> <span class='ocrx_word' id='word_1_680' title='bbox 1853 4617 2189 4683; x_wconf 88' lang='lat' dir='ltr'><strong>providentia</strong></span> <span class='ocrx_word' id='word_1_681' title='bbox 2239 4632 2333 4670; x_wconf 81' lang='lat' dir='ltr'><strong>ex-</strong></span> 
     </span>
    </p>
   </div>
   <div class='ocr_carea' id='block_1_95' title="bbox 759 4705 2333 4775">
    <p class='ocr_par' dir='ltr' id='par_1_95' title="bbox 759 4705 2333 4775">
     <span class='ocr_line' id='line_1_95' title="bbox 759 4705 2333 4775; baseline -0.001 -15"><span class='ocrx_word' id='word_1_682' title='bbox 759 4708 1016 4760; x_wconf 87' lang='lat' dir='ltr'><strong>stinctum</strong></span> <span class='ocrx_word' id='word_1_683' title='bbox 1060 4708 1497 4775; x_wconf 87' lang='lat' dir='ltr'><strong>suspicabantur.</strong></span> <span class='ocrx_word' id='word_1_684' title='bbox 1544 4705 2033 4771; x_wconf 89' lang='lat' dir='ltr'><strong>Superstitionibus</strong></span> <span class='ocrx_word' id='word_1_685' title='bbox 2061 4706 2204 4759; x_wconf 90' lang='lat' dir='ltr'><strong>enim</strong></span> <span class='ocrx_word' id='word_1_686' title='bbox 2236 4708 2333 4759; x_wconf 87' lang='lat' dir='ltr'><strong>mi-</strong></span> 
     </span>
    </p>
   </div>
   <div class='ocr_carea' id='block_1_96' title="bbox 759 4795 2333 4860">
    <p class='ocr_par' dir='ltr' id='par_1_96' title="bbox 759 4795 2333 4860">
     <span class='ocr_line' id='line_1_96' title="bbox 759 4795 2333 4860; baseline -0.001 -9"><span class='ocrx_word' id='word_1_687' title='bbox 759 4815 877 4851; x_wconf 84' lang='lat' dir='ltr'><strong>rum</strong></span> <span class='ocrx_word' id='word_1_688' title='bbox 908 4796 960 4849; x_wconf 88' lang='lat' dir='ltr'><strong>in</strong></span> <span class='ocrx_word' id='word_1_689' title='bbox 1002 4800 1216 4851; x_wconf 89' lang='lat' dir='ltr'><strong>modum</strong></span> <span class='ocrx_word' id='word_1_690' title='bbox 1254 4797 1414 4850; x_wconf 87' lang='lat' dir='ltr'><strong>dediti</strong></span> <span class='ocrx_word' id='word_1_691' title='bbox 1458 4796 1683 4848; x_wconf 79' lang='lat' dir='ltr'><strong>Romani</strong></span> <span class='ocrx_word' id='word_1_692' title='bbox 1709 4804 1852 4848; x_wconf 89' lang='lat' dir='ltr'><strong>sunt.</strong></span> <span class='ocrx_word' id='word_1_693' title='bbox 1879 4795 2055 4860; x_wconf 88' lang='lat' dir='ltr'><strong>Quare</strong></span> <span class='ocrx_word' id='word_1_694' title='bbox 2087 4795 2333 4850; x_wconf 83' lang='lat' dir='ltr'><strong>Battaces</strong></span> 
     </span>
    </p>
   </div>
   <div class='ocr_carea' id='block_1_97' title="bbox 759 4884 2328 4951">
    <p class='ocr_par' dir='ltr' id='par_1_97' title="bbox 759 4884 2328 4951">
     <span class='ocr_line' id='line_1_97' title="bbox 759 4884 2328 4951; baseline -0.001 -10"><span class='ocrx_word' id='word_1_695' title='bbox 759 4902 927 4941; x_wconf 77' lang='lat' dir='ltr'><strong>sacrte</strong></span> <span class='ocrx_word' id='word_1_696' title='bbox 958 4888 1111 4941; x_wconf 75' lang='lat' dir='ltr'><strong>stola:</strong></span> <span class='ocrx_word' id='word_1_697' title='bbox 1169 4888 1386 4940; x_wconf 89' lang='lat' dir='ltr'><strong>indutus</strong></span> <span class='ocrx_word' id='word_1_698' title='bbox 1426 4896 1766 4948; x_wconf 84' lang='lat' dir='ltr'><strong>ornamento,</strong></span> <span class='ocrx_word' id='word_1_699' title='bbox 1802 4884 2155 4951; x_wconf 86' lang='lat' dir='ltr'><strong>amplioribus</strong></span> <span class='ocrx_word' id='word_1_700' title='bbox 2182 4901 2211 4938; x_wconf 91' lang='lat' dir='ltr'><strong>a</strong></span> <span class='ocrx_word' id='word_1_701' title='bbox 2247 4886 2328 4939; x_wconf 92' lang='lat' dir='ltr'><strong>vi-</strong></span> 
     </span>
    </p>
   </div>
   <div class='ocr_carea' id='block_1_98' title="bbox 762 4974 2331 5042">
    <p class='ocr_par' dir='ltr' id='par_1_98' title="bbox 762 4974 2331 5042">
     <span class='ocr_line' id='line_1_98' title="bbox 762 4974 2331 5042; baseline -0.002 -12"><span class='ocrx_word' id='word_1_702' title='bbox 762 4980 835 5031; x_wconf 84' lang='lat' dir='ltr'><strong>ris</strong></span> <span class='ocrx_word' id='word_1_703' title='bbox 880 4979 1063 5031; x_wconf 90' lang='lat' dir='ltr'><strong>multis</strong></span> <span class='ocrx_word' id='word_1_704' title='bbox 1114 4986 1169 5030; x_wconf 91' lang='lat' dir='ltr'><strong>et</strong></span> <span class='ocrx_word' id='word_1_705' title='bbox 1206 4976 1423 5029; x_wconf 87' lang='lat' dir='ltr'><strong>feminis</strong></span> <span class='ocrx_word' id='word_1_706' title='bbox 1474 4975 1722 5041; x_wconf 89' lang='lat' dir='ltr'><strong>hospitiis</strong></span> <span class='ocrx_word' id='word_1_707' title='bbox 1780 4985 2073 5042; x_wconf 75' lang='lat' dir='ltr'><strong>exceptus,</strong></span> <span class='ocrx_word' id='word_1_708' title='bbox 2130 4974 2331 5028; x_wconf 84' lang='lat' dir='ltr'><strong>Roma-</strong></span> 
     </span>
    </p>
   </div>
   <div class='ocr_carea' id='block_1_99' title="bbox 760 5062 2331 5131">
    <p class='ocr_par' dir='ltr' id='par_1_99' title="bbox 760 5062 2331 5131">
     <span class='ocr_line' id='line_1_99' title="bbox 760 5062 2331 5131; baseline 0.001 -16"><span class='ocrx_word' id='word_1_709' title='bbox 760 5079 866 5131; x_wconf 84' lang='lat' dir='ltr'><strong>que</strong></span> <span class='ocrx_word' id='word_1_710' title='bbox 922 5064 1200 5118; x_wconf 79' lang='lat' dir='ltr'><strong>discedens</strong></span> <span class='ocrx_word' id='word_1_711' title='bbox 1253 5078 1374 5115; x_wconf 82' lang='lat' dir='ltr'><strong>cum</strong></span> <span class='ocrx_word' id='word_1_712' title='bbox 1425 5077 1637 5129; x_wconf 58' lang='lat' dir='ltr'><strong>pompa.</strong></span> <span class='ocrx_word' id='word_1_713' title='bbox 1682 5062 1934 5115; x_wconf 90' lang='lat' dir='ltr'><strong>dimissus</strong></span> <span class='ocrx_word' id='word_1_714' title='bbox 1992 5072 2096 5115; x_wconf 90' lang='lat' dir='ltr'><strong>est.</strong></span> <span class='ocrx_word' id='word_1_715' title='bbox 2143 5063 2331 5117; x_wconf 84' lang='lat' dir='ltr'><strong>Solent</strong></span> 
     </span>
    </p>
   </div>
   <div class='ocr_carea' id='block_1_100' title="bbox 766 5150 2330 5219">
    <p class='ocr_par' dir='ltr' id='par_1_100' title="bbox 766 5150 2330 5219">
     <span class='ocr_line' id='line_1_100' title="bbox 766 5150 2330 5219; baseline 0.001 -14"><span class='ocrx_word' id='word_1_716' title='bbox 766 5156 995 5206; x_wconf 75' lang='lat' dir='ltr'><strong>Montani</strong></span> <span class='ocrx_word' id='word_1_717' title='bbox 1047 5154 1243 5206; x_wconf 90' lang='lat' dir='ltr'><strong>milites</strong></span> <span class='ocrx_word' id='word_1_718' title='bbox 1298 5154 1529 5214; x_wconf 85' lang='lat' dir='ltr'><strong>ducem,</strong></span> <span class='ocrx_word' id='word_1_719' title='bbox 1580 5150 1792 5219; x_wconf 82' lang='lat' dir='ltr'><strong>quando</strong></span> <span class='ocrx_word' id='word_1_720' title='bbox 1846 5152 2103 5204; x_wconf 87' lang='lat' dir='ltr'><strong>adversus</strong></span> <span class='ocrx_word' id='word_1_721' title='bbox 2148 5151 2330 5206; x_wconf 87' lang='lat' dir='ltr'><strong>hostes</strong></span> 
     </span>
    </p>
   </div>
   <div class='ocr_carea' id='block_1_101' title="bbox 761 5242 2328 5313">
    <p class='ocr_par' dir='ltr' id='par_1_101' title="bbox 761 5242 2328 5313">
     <span class='ocr_line' id='line_1_101' title="bbox 761 5242 2328 5313; baseline 0.001 -17"><span class='ocrx_word' id='word_1_722' title='bbox 761 5259 883 5297; x_wconf 90' lang='lat' dir='ltr'><strong>cum</strong></span> <span class='ocrx_word' id='word_1_723' title='bbox 922 5245 1024 5298; x_wconf 88' lang='lat' dir='ltr'><strong>illis</strong></span> <span class='ocrx_word' id='word_1_724' title='bbox 1069 5260 1241 5313; x_wconf 87' lang='lat' dir='ltr'><strong>pugna</strong></span> <span class='ocrx_word' id='word_1_725' title='bbox 1284 5244 1657 5308; x_wconf 83' lang='lat' dir='ltr'><strong>contendens,</strong></span> <span class='ocrx_word' id='word_1_726' title='bbox 1709 5257 1869 5311; x_wconf 90' lang='lat' dir='ltr'><strong>supra</strong></span> <span class='ocrx_word' id='word_1_727' title='bbox 1905 5258 1996 5297; x_wconf 82' lang='lat' dir='ltr'><strong>sex</strong></span> <span class='ocrx_word' id='word_1_728' title='bbox 2039 5242 2181 5297; x_wconf 88' lang='lat' dir='ltr'><strong>mille</strong></span> <span class='ocrx_word' id='word_1_729' title='bbox 2228 5246 2328 5297; x_wconf 86' lang='lat' dir='ltr'><strong>Ito-</strong></span> 
     </span>
    </p>
   </div>
   <div class='ocr_carea' id='block_1_102' title="bbox 2433 4627 4007 4709">
    <p class='ocr_par' dir='ltr' id='par_1_102' title="bbox 2433 4627 4007 4709">
     <span class='ocr_line' id='line_1_102' title="bbox 2433 4627 4007 4709; baseline 0.011 -34"><span class='ocrx_word' id='word_1_730' title='bbox 2433 4627 2776 4694; x_wconf 77' lang='grc' dir='ltr'><strong>παραχρῆμα</strong></span> <span class='ocrx_word' id='word_1_731' title='bbox 2840 4629 2938 4696; x_wconf 78' lang='grc' dir='ltr'><strong>μὲν</strong></span> <span class='ocrx_word' id='word_1_732' title='bbox 2991 4628 3175 4701; x_wconf 88' lang='grc' dir='ltr'><strong>λάϐρῳ</strong></span> <span class='ocrx_word' id='word_1_733' title='bbox 3205 4632 3225 4662; x_wconf 83' lang='grc'><strong>⁷</strong></span> <span class='ocrx_word' id='word_1_734' title='bbox 3259 4635 3479 4705; x_wconf 82' lang='grc' dir='ltr'><strong>πυρετῷ</strong></span> <span class='ocrx_word' id='word_1_735' title='bbox 3512 4638 3836 4707; x_wconf 76' lang='grc' dir='ltr'><strong>συνεσχέθη,</strong></span> <span class='ocrx_word' id='word_1_736' title='bbox 3878 4643 4007 4709; x_wconf 71' lang='grc' dir='ltr'><strong>μετὰ</strong></span> 
     </span>
    </p>
   </div>
   <div class='ocr_carea' id='block_1_103' title="bbox 2429 4712 4008 4792">
    <p class='ocr_par' dir='ltr' id='par_1_103' title="bbox 2429 4712 4008 4792">
     <span class='ocr_line' id='line_1_103' title="bbox 2429 4712 4008 4792; baseline 0.01 -29"><span class='ocrx_word' id='word_1_737' title='bbox 2429 4712 2485 4763; x_wconf 81' lang='grc' dir='ltr'><strong>δὲ</strong></span> <span class='ocrx_word' id='word_1_738' title='bbox 2544 4713 2716 4766; x_wconf 83' lang='grc' dir='ltr'><strong>ταῦτα</strong></span> <span class='ocrx_word' id='word_1_739' title='bbox 2757 4716 2967 4781; x_wconf 75' lang='grc' dir='ltr'><strong>ἀφωνος</strong></span> <span class='ocrx_word' id='word_1_740' title='bbox 3016 4721 3305 4789; x_wconf 84' lang='grc' dir='ltr'><strong>γενόμενος</strong></span> <span class='ocrx_word' id='word_1_741' title='bbox 3350 4724 3444 4773; x_wconf 76' lang='grc' dir='ltr'><strong>καὶ</strong></span> <span class='ocrx_word' id='word_1_742' title='bbox 3482 4725 3855 4792; x_wconf 81' lang='grc' dir='ltr'><strong>καταληφθεὶς</strong></span> <span class='ocrx_word' id='word_1_743' title='bbox 3898 4747 4008 4779; x_wconf 74' lang='grc' dir='ltr'><strong>κυν-</strong></span> 
     </span>
    </p>
   </div>
   <div class='ocr_carea' id='block_1_104' title="bbox 2434 4804 4007 4886">
    <p class='ocr_par' dir='ltr' id='par_1_104' title="bbox 2434 4804 4007 4886">
     <span class='ocr_line' id='line_1_104' title="bbox 2434 4804 4007 4886; baseline 0.011 -33"><span class='ocrx_word' id='word_1_744' title='bbox 2434 4804 2646 4872; x_wconf 83' lang='grc' dir='ltr'><strong>αγχικῷ</strong></span> <span class='ocrx_word' id='word_1_745' title='bbox 2712 4805 2875 4857; x_wconf 83' lang='grc' dir='ltr'><strong>πάθει</strong></span> <span class='ocrx_word' id='word_1_746' title='bbox 2911 4811 3150 4877; x_wconf 82' lang='grc' dir='ltr'><strong>τριταῖος</strong></span> <span class='ocrx_word' id='word_1_747' title='bbox 3188 4813 3521 4882; x_wconf 73' lang='grc' dir='ltr'><strong>κατέστρεψε</strong></span> <span class='ocrx_word' id='word_1_748' title='bbox 3563 4815 3651 4867; x_wconf 80' lang='grc' dir='ltr'><strong>τὸν</strong></span> <span class='ocrx_word' id='word_1_749' title='bbox 3686 4816 3823 4885; x_wconf 87' lang='grc' dir='ltr'><strong>βίον,</strong></span> <span class='ocrx_word' id='word_1_750' title='bbox 3866 4821 4007 4886; x_wconf 70' lang='grc' dir='ltr'><strong>παρὰ</strong></span> 
     </span>
    </p>
   </div>
   <div class='ocr_carea' id='block_1_105' title="bbox 2432 4895 4003 4976">
    <p class='ocr_par' dir='ltr' id='par_1_105' title="bbox 2432 4895 4003 4976">
     <span class='ocr_line' id='line_1_105' title="bbox 2432 4895 4003 4976; baseline 0.009 -33"><span class='ocrx_word' id='word_1_751' title='bbox 2432 4898 2543 4954; x_wconf 77' lang='grc' dir='ltr'><strong>τοῖς</strong></span> <span class='ocrx_word' id='word_1_752' title='bbox 2572 4895 2782 4956; x_wconf 77' lang='grc' dir='ltr'><strong>πολλοῖς</strong></span> <span class='ocrx_word' id='word_1_753' title='bbox 2832 4898 3163 4967; x_wconf 85' lang='grc' dir='ltr'><strong>ὑποληφθεὶς</strong></span> <span class='ocrx_word' id='word_1_754' title='bbox 3203 4901 3322 4970; x_wconf 77' lang='grc' dir='ltr'><strong>θεία</strong></span> <span class='ocrx_word' id='word_1_755' title='bbox 3351 4905 3457 4955; x_wconf 79' lang='grc' dir='ltr'><strong>τινὶ</strong></span> <span class='ocrx_word' id='word_1_756' title='bbox 3501 4907 3744 4976; x_wconf 69' lang='grc' dir='ltr'><strong>προνοίᾳ,</strong></span> <span class='ocrx_word' id='word_1_757' title='bbox 3786 4909 3905 4959; x_wconf 78' lang='grc' dir='ltr'><strong>ἀνθ’</strong></span> <span class='ocrx_word' id='word_1_758' title='bbox 3939 4902 4003 4959; x_wconf 63' lang='grc' dir='ltr'><strong>ὧν</strong></span> 
     </span>
    </p>
   </div>
   <div class='ocr_carea' id='block_1_106' title="bbox 2436 4983 4003 5065">
    <p class='ocr_par' dir='ltr' id='par_1_106' title="bbox 2436 4983 4003 5065">
     <span class='ocr_line' id='line_1_106' title="bbox 2436 4983 4003 5065; baseline 0.011 -34"><span class='ocrx_word' id='word_1_759' title='bbox 2436 4984 2515 5043; x_wconf 80' lang='grc' dir='ltr'><strong>είς</strong></span> <span class='ocrx_word' id='word_1_760' title='bbox 2547 4983 2637 5033; x_wconf 69' lang='grc' dir='ltr'><strong>τὸν</strong></span> <span class='ocrx_word' id='word_1_761' title='bbox 2675 4984 2821 5052; x_wconf 79' lang='grc' dir='ltr'><strong>ἱερέα</strong></span> <span class='ocrx_word' id='word_1_762' title='bbox 2852 4987 2946 5037; x_wconf 80' lang='grc' dir='ltr'><strong>καὶ</strong></span> <span class='ocrx_word' id='word_1_763' title='bbox 2985 4987 3083 5056; x_wconf 84' lang='grc' dir='ltr'><strong>τὴν</strong></span> <span class='ocrx_word' id='word_1_764' title='bbox 3125 4988 3247 5042; x_wconf 81' lang='grc' dir='ltr'><strong>θεὸν</strong></span> <span class='ocrx_word' id='word_1_765' title='bbox 3286 4991 3734 5063; x_wconf 80' lang='grc' dir='ltr'><strong>ἐπλημμέλησεν.</strong></span> <span class='ocrx_word' id='word_1_766' title='bbox 3780 4997 3877 5048; x_wconf 81' lang='grc' dir='ltr'><strong>τοῦ</strong></span> <span class='ocrx_word' id='word_1_767' title='bbox 3914 4999 4003 5065; x_wconf 76' lang='grc' dir='ltr'><strong>ζῇν</strong></span> 
     </span>
    </p>
   </div>
   <div class='ocr_carea' id='block_1_107' title="bbox 2438 5073 3999 5156">
    <p class='ocr_par' dir='ltr' id='par_1_107' title="bbox 2438 5073 3999 5156">
     <span class='ocr_line' id='line_1_107' title="bbox 2438 5073 3999 5156; baseline 0.014 -36"><span class='ocrx_word' id='word_1_768' title='bbox 2438 5073 2765 5141; x_wconf 79' lang='grc' dir='ltr'><strong>ἐστερῆσθαι</strong></span> <span class='ocrx_word' id='word_1_769' title='bbox 2797 5091 2810 5103; x_wconf 91' lang='grc'><strong>·</strong></span> <span class='ocrx_word' id='word_1_770' title='bbox 2865 5078 3069 5148; x_wconf 79' lang='grc' dir='ltr'><strong>σφόδρα</strong></span> <span class='ocrx_word' id='word_1_771' title='bbox 3099 5080 3207 5151; x_wconf 81' lang='grc' dir='ltr'><strong>γάρ</strong></span> <span class='ocrx_word' id='word_1_772' title='bbox 3244 5081 3501 5149; x_wconf 83' lang='grc' dir='ltr'><strong>Ῥωμαῖοι</strong></span> <span class='ocrx_word' id='word_1_773' title='bbox 3531 5085 3999 5156; x_wconf 76' lang='grc' dir='ltr'><strong>δεισιδαιμονοῦσι.</strong></span> 
     </span>
    </p>
   </div>
   <div class='ocr_carea' id='block_1_108' title="bbox 2438 5165 4004 5248">
    <p class='ocr_par' dir='ltr' id='par_1_108' title="bbox 2438 5165 4004 5248">
     <span class='ocr_line' id='line_1_108' title="bbox 2438 5165 4004 5248; baseline 0.013 -36"><span class='ocrx_word' id='word_1_774' title='bbox 2438 5165 2634 5232; x_wconf 73' lang='grc' dir='ltr'><strong>Διόπερ</strong></span> <span class='ocrx_word' id='word_1_775' title='bbox 2663 5167 2690 5216; x_wconf 85' lang='grc' dir='ltr'><strong>ό</strong></span> <span class='ocrx_word' id='word_1_776' title='bbox 2719 5166 3000 5239; x_wconf 82' lang='grc' dir='ltr'><strong>Βαττάκης</strong></span> <span class='ocrx_word' id='word_1_777' title='bbox 3025 5170 3203 5224; x_wconf 88' lang='grc' dir='ltr'><strong>λαϐὼν</strong></span> <span class='ocrx_word' id='word_1_778' title='bbox 3233 5174 3334 5242; x_wconf 84' lang='grc' dir='ltr'><strong>τὴν</strong></span> <span class='ocrx_word' id='word_1_779' title='bbox 3362 5177 3705 5247; x_wconf 89' lang='grc' dir='ltr'><strong>συγχώρησιν</strong></span> <span class='ocrx_word' id='word_1_780' title='bbox 3734 5180 3837 5248; x_wconf 84' lang='grc' dir='ltr'><strong>τῆς</strong></span> <span class='ocrx_word' id='word_1_781' title='bbox 3873 5185 4004 5235; x_wconf 72' lang='grc' dir='ltr'><strong>κατὰ</strong></span> 
     </span>
    </p>
   </div>
   <div class='ocr_carea' id='block_1_109' title="bbox 2438 5254 3996 5341">
    <p class='ocr_par' dir='ltr' id='par_1_109' title="bbox 2438 5254 3996 5341">
     <span class='ocr_line' id='line_1_109' title="bbox 2438 5254 3996 5341; baseline 0.015 -38"><span class='ocrx_word' id='word_1_782' title='bbox 2438 5254 2536 5321; x_wconf 75' lang='grc' dir='ltr'><strong>τὴν</strong></span> <span class='ocrx_word' id='word_1_783' title='bbox 2566 5256 2712 5326; x_wconf 78' lang='grc' dir='ltr'><strong>ἱερὰν</strong></span> <span class='ocrx_word' id='word_1_784' title='bbox 2755 5258 2943 5329; x_wconf 82' lang='grc' dir='ltr'><strong>στολὴν</strong></span> <span class='ocrx_word' id='word_1_785' title='bbox 2991 5265 3352 5333; x_wconf 82' lang='grc' dir='ltr'><strong>κατασκευῆς,</strong></span> <span class='ocrx_word' id='word_1_786' title='bbox 3383 5268 3475 5318; x_wconf 74' lang='grc' dir='ltr'><strong>καὶ</strong></span> <span class='ocrx_word' id='word_1_787' title='bbox 3519 5269 3774 5341; x_wconf 75' lang='grc' dir='ltr'><strong>τιμηθεὶς</strong></span> <span class='ocrx_word' id='word_1_788' title='bbox 3805 5273 3996 5336; x_wconf 67' lang='grc' dir='ltr'><strong>ἀξιολό-</strong></span> 
     </span>
    </p>
   </div>
   <div class='ocr_carea' id='block_1_110' title="bbox 2043 5426 2716 5491">
    <p class='ocr_par' dir='ltr' id='par_1_110' title="bbox 2043 5426 2716 5491">
     <span class='ocr_line' id='line_1_110' title="bbox 2043 5426 2716 5491; baseline 0.012 -9"><span class='ocrx_word' id='word_1_789' title='bbox 2043 5426 2271 5483; x_wconf 64' lang='lat' dir='ltr'><strong>VARI/{‘3</strong></span> <span class='ocrx_word' id='word_1_790' title='bbox 2316 5428 2716 5491; x_wconf 72' lang='lat' dir='ltr'><strong>LECTIONES.</strong></span> 
     </span>
    </p>
   </div>
   <div class='ocr_carea' id='block_1_111' title="bbox 840 5594 1973 5667">
    <p class='ocr_par' dir='ltr' id='par_1_111' title="bbox 840 5594 1973 5667">
     <span class='ocr_line' id='line_1_111' title="bbox 840 5594 1973 5667; baseline 0.006 -22"><span class='ocrx_word' id='word_1_791' title='bbox 840 5594 882 5667; x_wconf 53' lang='lat' dir='ltr'><strong>f‘</strong></span> <span class='ocrx_word' id='word_1_792' title='bbox 908 5594 1359 5667; x_wconf 72' lang='grc' dir='ltr'><strong>ἐκπολιορκήσας]</strong></span> <span class='ocrx_word' id='word_1_793' title='bbox 1466 5615 1479 5649; x_wconf 90' lang='lat'><strong>:</strong></span> <span class='ocrx_word' id='word_1_794' title='bbox 1509 5599 1885 5667; x_wconf 73' lang='grc' dir='ltr'><strong>ὲκπολεμήσας</strong></span> <span class='ocrx_word' id='word_1_795' title='bbox 1915 5617 1973 5663; x_wconf 82' lang='grc' dir='ltr'><strong>ς.</strong></span> 
     </span>
    </p>
   </div>
   <div class='ocr_carea' id='block_1_112' title="bbox 762 5664 1331 5725">
    <p class='ocr_par' dir='ltr' id='par_1_112' title="bbox 762 5664 1331 5725">
     <span class='ocr_line' id='line_1_112' title="bbox 762 5664 1331 5725; baseline 0.005 -11"><span class='ocrx_word' id='word_1_796' title='bbox 762 5664 975 5725; x_wconf 71' lang='grc' dir='ltr'><strong>ν’)ὖντος</strong></span> <span class='ocrx_word' id='word_1_797' title='bbox 1008 5666 1067 5717; x_wconf 79' lang='grc' dir='ltr'><strong>Β.</strong></span> <span class='ocrx_word' id='word_1_798' title='bbox 1144 5668 1163 5695; x_wconf 82' lang='grc'>¹</span> <span class='ocrx_word' id='word_1_799' title='bbox 1188 5668 1331 5719; x_wconf 59' lang='lat' dir='ltr'><strong>animi</strong></span> 
     </span>
    </p>
   </div>
   <div class='ocr_carea' id='block_1_113' title="bbox 769 5734 955 5799">
    <p class='ocr_par' dir='ltr' id='par_1_113' title="bbox 769 5734 955 5799">
     <span class='ocr_line' id='line_1_113' title="bbox 769 5734 955 5799; baseline 0.011 -17"><span class='ocrx_word' id='word_1_800' title='bbox 769 5734 955 5799; x_wconf 78' lang='grc' dir='ltr'><strong>μένην.</strong></span> 
     </span>
    </p>
   </div>
   <div class='ocr_carea' id='block_1_114' title="bbox 1068 5666 2288 5809">
    <p class='ocr_par' dir='ltr' id='par_1_114' title="bbox 1068 5666 2288 5809">
     <span class='ocr_line' id='line_1_114' title="bbox 1144 5666 2287 5788; baseline 0.006 -70"><span class='ocrx_word' id='word_1_801' title='bbox 1144 5668 1163 5695; x_wconf 83' lang='grc'>¹</span> <span class='ocrx_word' id='word_1_802' title='bbox 1188 5666 1565 5788; x_wconf 52' lang='grc' dir='ltr'><strong>αὑτοὺςλαὺτῇ</strong></span> <span class='ocrx_word' id='word_1_803' title='bbox 1603 5666 2016 5739; x_wconf 75' lang='lat' dir='ltr'><strong>Wchelingitts.</strong></span> <span class='ocrx_word' id='word_1_804' title='bbox 2094 5672 2114 5701; x_wconf 82' lang='grc'><em>³</em></span> <span class='ocrx_word' id='word_1_805' title='bbox 2148 5672 2287 5725; x_wconf 81' lang='grc' dir='ltr'><strong>ἐθῶν</strong></span> 
     </span>
     <span class='ocr_line' id='line_1_115' title="bbox 1068 5736 2288 5809; baseline 0.007 -23"><span class='ocrx_word' id='word_1_806' title='bbox 1068 5737 1087 5767; x_wconf 85' lang='grc'><strong>⁸</strong></span> <span class='ocrx_word' id='word_1_807' title='bbox 1119 5736 1197 5797; x_wconf 83' lang='grc' dir='ltr'><strong>εἰς</strong></span> <span class='ocrx_word' id='word_1_808' title='bbox 1226 5752 1335 5790; x_wconf 84' lang='lat' dir='ltr'><strong>om.</strong></span> <span class='ocrx_word' id='word_1_809' title='bbox 1519 5737 1540 5769; x_wconf 78' lang='grc'><strong>⁸</strong></span> <span class='ocrx_word' id='word_1_810' title='bbox 1568 5738 1659 5788; x_wconf 76' lang='grc' dir='ltr'><strong>τοῦ</strong></span> <span class='ocrx_word' id='word_1_811' title='bbox 1683 5740 1803 5792; x_wconf 86' lang='lat' dir='ltr'><strong>add.</strong></span> <span class='ocrx_word' id='word_1_812' title='bbox 1832 5741 1893 5791; x_wconf 86' lang='lat' dir='ltr'><strong>A.</strong></span> <span class='ocrx_word' id='word_1_813' title='bbox 1971 5742 1988 5770; x_wconf 89' lang='lat'><strong>&quot;</strong></span> <span class='ocrx_word' id='word_1_814' title='bbox 2021 5739 2204 5809; x_wconf 75' lang='grc' dir='ltr'><strong>λαύρῳ</strong></span> <span class='ocrx_word' id='word_1_815' title='bbox 2232 5759 2288 5804; x_wconf 72' lang='grc' dir='ltr'><strong>ς.</strong></span> 
     </span>
    </p>
   </div>
   <div class='ocr_carea' id='block_1_115' title="bbox 1232 5602 3172 5681">
    <p class='ocr_par' dir='ltr' id='par_1_115' title="bbox 1232 5602 3172 5681">
     <span class='ocr_line' id='line_1_116' title="bbox 1232 5602 3172 5681; baseline 0 0"><span class='ocrx_word' id='word_1_816' title='bbox 1232 5602 1428 5681; x_wconf 59' lang='grc' dir='ltr'><strong>,σαῑῌ</strong></span> <span class='ocrx_word' id='word_1_817' title='bbox 1466 5602 1973 5681; x_wconf 62' lang='grc' dir='ltr'><strong>ῖὲὶεῖιέ-εμῆεῑριςςι</strong></span> <span class='ocrx_word' id='word_1_818' title='bbox 2076 5602 2472 5681; x_wconf 62' lang='grc' dir='ltr'><strong>νῖξῖτεεάλλεῖρ</strong></span> <span class='ocrx_word' id='word_1_819' title='bbox 2505 5624 2564 5670; x_wconf 76' lang='grc' dir='ltr'><strong>ς·</strong></span> <span class='ocrx_word' id='word_1_820' title='bbox 2717 5609 3081 5681; x_wconf 76' lang='grc' dir='ltr'><strong>θηριομάχους</strong></span> <span class='ocrx_word' id='word_1_821' title='bbox 3113 5614 3172 5669; x_wconf 81' lang='lat' dir='ltr'><strong>B.</strong></span> 
     </span>
    </p>
   </div>
   <div class='ocr_carea' id='block_1_116' title="bbox 1144 5668 2964 5742">
    <p class='ocr_par' dir='ltr' id='par_1_116' title="bbox 1144 5668 2964 5742">
     <span class='ocr_line' id='line_1_117' title="bbox 1144 5668 2964 5742; baseline 0.009 -24"><span class='ocrx_word' id='word_1_822' title='bbox 1144 5668 1402 5742; x_wconf 59' lang='grc' dir='ltr'><strong>ξαὺτοὺς]</strong></span> <span class='ocrx_word' id='word_1_823' title='bbox 1430 5670 1565 5742; x_wconf 71' lang='grc' dir='ltr'><strong>αὐτῇ</strong></span> <span class='ocrx_word' id='word_1_824' title='bbox 1603 5668 2032 5742; x_wconf 57' lang='lat' dir='ltr'><strong>\chselingitts._</strong></span> <span class='ocrx_word' id='word_1_825' title='bbox 2148 5672 2287 5725; x_wconf 81' lang='grc' dir='ltr'><strong>ἐθῶν</strong></span> <span class='ocrx_word' id='word_1_826' title='bbox 2314 5668 2551 5742; x_wconf 73' lang='lat' dir='ltr'><strong>Scaliger</strong></span> <span class='ocrx_word' id='word_1_827' title='bbox 2579 5697 2589 5729; x_wconf 91' lang='lat'><em>:</em></span> <span class='ocrx_word' id='word_1_828' title='bbox 2620 5678 2740 5730; x_wconf 83' lang='lat' dir='ltr'><strong>libri</strong></span> <span class='ocrx_word' id='word_1_829' title='bbox 2772 5668 2964 5735; x_wconf 60' lang='grc' dir='ltr'><strong>’ἐθνῶνξ</strong></span> 
     </span>
    </p>
   </div>
   <div class='ocr_carea' id='block_1_117' title="bbox 3272 5617 3993 5685">
    <p class='ocr_par' dir='ltr' id='par_1_117' title="bbox 3272 5617 3993 5685">
     <span class='ocr_line' id='line_1_118' title="bbox 3272 5617 3993 5685; baseline 0.004 -16"><span class='ocrx_word' id='word_1_830' title='bbox 3272 5617 3318 5650; x_wconf 83' lang='grc'><strong>⁹⁹</strong></span> <span class='ocrx_word' id='word_1_831' title='bbox 3350 5618 3447 5685; x_wconf 76' lang='grc' dir='ltr'><strong>μὲν</strong></span> <span class='ocrx_word' id='word_1_832' title='bbox 3472 5619 3595 5670; x_wconf 77' lang='lat' dir='ltr'><strong>add.</strong></span> <span class='ocrx_word' id='word_1_833' title='bbox 3632 5619 3691 5670; x_wconf 82' lang='grc' dir='ltr'><strong>Β.</strong></span> <span class='ocrx_word' id='word_1_834' title='bbox 3772 5623 3788 5652; x_wconf 85' lang='grc'>¹</span> <span class='ocrx_word' id='word_1_835' title='bbox 3820 5621 3993 5672; x_wconf 84' lang='grc' dir='ltr'><strong>Πισσι-</strong></span> 
     </span>
    </p>
   </div>
   <div class='ocr_carea' id='block_1_118' title="bbox 3040 5686 3996 5759">
    <p class='ocr_par' dir='ltr' id='par_1_118' title="bbox 3040 5686 3996 5759">
     <span class='ocr_line' id='line_1_119' title="bbox 3040 5686 3996 5759; baseline 0.048 -28"><span class='ocrx_word' id='word_1_836' title='bbox 3040 5688 3056 5713; x_wconf 67' lang='grc' dir='ltr'>σ</span> <span class='ocrx_word' id='word_1_837' title='bbox 3090 5686 3553 5757; x_wconf 64' lang='grc' dir='ltr'><strong>ἐπεχωρουμένην]</strong></span> <span class='ocrx_word' id='word_1_838' title='bbox 3576 5689 3697 5742; x_wconf 67' lang='lat' dir='ltr'><strong>libri</strong></span> <span class='ocrx_word' id='word_1_839' title='bbox 3729 5690 3996 5759; x_wconf 51' lang='grc' dir='ltr'><strong>ἐπίκωρν</strong></span> 
     </span>
    </p>
   </div>
  </div>
