4216 6430
275 403 432 467 1429
1316 407 1844 469 BIBLIOTHECA.
1876 430 1939 443 -·
1958 410 2124 470 COD.
2155 409 2445 471 CCXLIV.
3392 408 3529 474 “30

269 537 398 589 γοις
443 519 659 584 ξενίοις.
708 519 813 573 ὁπ’)
846 520 1054 574 πολλῶν
1083 520 1292 591 ἀνδρῶν
1338 539 1399 573 τε
1439 522 1534 574 καὶ
1584 521 1861 589 γυναικῶν

1962 522 2125 576 stium
2184 523 2561 593 profligasset,
2606 523 3005 592 imperatorem,
3046 523 3151 579 hoc
3211 532 3294 578 est
3352 538 3534 594 rogent

270 609 649 681 προεπέμφθη
667 611 766 681 τὴν
789 612 853 664 ἑκ
872 612 970 680 τῆς
1002 612 1219 681 Ῥώμης
1236 612 1495 665 ἐπάνοδον
1518 612 1858 680 ποιούμενος.
1971 613 2282 666 renuntiare
2307 614 2439 683 (Ἠ).

272 704 406 757 Ὀτι
434 705 557 767 έθος
596 702 663 777 ἦν
706 709 822 768 τοῖς
874 708 1162 775 Ῥωμαίων
1200 707 1583 775 στρατιώταις,
1634 707 1801 773 ήνίκα
1832 705 1863 756 ό
1894 706 2201 774 στρατηγὸς
2242 709 2564 773 αὐτῶν,σὺν
2606 709 2792 773 αὐτοῖς
2824 709 2975 781 μάχῃ
3001 708 3141 779 πρός
3198 724 3355 770 τινας
3429 707 3540 760 τῶν

273 796 558 866 πολεμίων
589 801 964 867 συμπλακεὶς,
1001 801 1137 871 ὑπὲρ
1170 803 1296 865 τοὺς
1327 802 1726 873 ἑξακισχιλίους
1756 798 1884 871 [156
1918 797 2008 869 8.]
2046 800 2154 853 τῶν
2189 802 2399 871 ἐχθρῶν
2431 803 2681 871 ἐφαίνετο
2706 804 2932 870 ἀνελὼν,
2959 804 3303 873 ίμπεράτορα
3329 802 3353 833 ⁸
3374 800 3540 854 αὑτὸν

273 893 635 959 ἀναγορεύειν
668 893 763 943 καὶ
796 893 1111 961 ἀποκαλεῖν,
1148 896 1178 948 δ
1216 898 1333 948 ἐστι
1357 896 1601 965 βασιλέα.

496 984 599 1036 Ἐκ
633 984 740 1037 τοῦ
775 983 863 1043 ,ιθ
898 987 997 1041 καί
1034 995 1087 1053 η’
1122 989 1221 1042 καί
1262 988 1382 1042 τῶν
1417 991 1661 1059 ἐφεξῆς.

2098 982 2183 1035 Ea:
2213 983 2348 1036 libro
2380 998 2563 1037 sum
2595 991 2643 1036 et
2681 996 2777 1037 vttt
2812 991 2863 1037 et
2891 982 3012 1036 aliis
3046 982 3401 1051 sequentibus.

353 1074 480 1126 Ὀτι
515 1074 606 1125 τὸν
634 1076 919 1146 Μαρσικὸν
946 1079 1315 1149 ὀνομασθέντα
1362 1083 1600 1151 πόλεμον
1641 1086 1735 1139 ἐπὶ
1769 1086 1869 1155 τῆς

276 1165 516 1217 αὐτοῦ’*
548 1168 764 1237 ἡλικίας
814 1171 1079 1242 Διόδωρος
1141 1172 1365 1242 μείζονα
1428 1176 1648 1231 πάντων
1668 1178 1709 1210 ⁸⁸
1758 1179 1870 1230 τῶν

278 1257 692 1323 προγεγονότων
742 1260 1125 1330 ἀποφαίνεται.
1157 1266 1481 1334 Ὤνομάσθαι
1541 1268 1601 1321 δέ
1663 1287 1796 1337 φησι
1825 1271 1869 1302 η

277 1347 569 1418 Μαρσικὸν
614 1354 679 1404 ὲκ
721 1352 829 1405 τῶν
876 1355 1157 1425 ἀρξάντων
1193 1361 1295 1429 τῆς
1339 1362 1713 1429 ἀποστάσεως,
1745 1364 1867 1417 επεὶ

281 1439 601 1509 σύμπαντές
628 1459 690 1508 γε
718 1443 911 1497 Ἰταλοὶ
936 1448 1080 1500 κατά
1109 1449 1400 1518 Ῥωμαίων
1421 1451 1610 1505 τοῦτον
1636 1454 1868 1523 ἐξήνεγ-

278 1548 386 1583 καν
408 1534 501 1585 τὸν
530 1534 787 1599 πόλεμον.
816 1539 1006 1591 Αίτίαν
1034 1540 1091 1593 δὲ
1119 1540 1343 1611 πρώτην
1371 1543 1625 1610 γενέσθαι
1649 1546 1745 1598 τοῦ
1772 1564 1871 1599 πο-

276 1621 449 1689 λέμου
481 1625 543 1675 τὸ
577 1631 904 1693 μεταπεσεῖν
931 1631 1055 1691 τοὺς
1089 1632 1393 1701 Ῥωμαίους
1423 1637 1531 1687 ἀπὸ
1571 1637 1671 1705 τῆς
1718 1637 1870 1689 εὑτάο

276 1727 414 1764 κτου
448 1714 542 1765 καὶ
586 1715 737 1785 λιτῆς
766 1719 991 1789 ἀγωγῆς
1034 1722 1129 1774 καὶ
1154 1724 1477 1793 ιγκρατοῦς,
1505 1726 1572 1779 δι’
1600 1724 1669 1798 ἧς
1706 1728 1800 1780 ἰπὶ
1824 1727 1867 1759 ⁸³

2036 1074 2128 1127 Ait
2158 1074 2421 1129 Diodorus
2449 1072 2647 1137 bellum
2682 1072 2825 1141 quod
2858 1072 3056 1127 dicitur
3095 1071 3407 1137 Marsicum,
3440 1084 3538 1126 sua

1964 1175 2125 1222 mtate
2164 1166 2378 1221 aleris
2420 1164 2863 1218 antecedentibus
2891 1162 3068 1231 majus
3107 1177 3230 1218 esse
3265 1182 3281 1218 :
3329 1170 3385 1217 et
3415 1161 3539 1216 ideo

1965 1258 2033 1310 ab
2082 1255 2395 1310 auctoribus
2430 1251 2744 1308 rebellionis
2790 1250 3083 1307 Marsicum
3114 1253 3538 1320 ldenominatum

1966 1360 2107 1399 esse.
2164 1342 2439 1413 Siquidem
2486 1340 2606 1395 Itali
2656 1356 2847 1397 omnes
2892 1340 3155 1397 Romanis
3195 1341 3392 1396 bellum
3437 1342 3542 1395 hoc

1966 1434 2282 1488 intulerunt.
2339 1432 2472 1487 Belli
2521 1447 2683 1487 causa
2725 1432 2898 1500 prima
2948 1430 3070 1495 fuit,
3126 1432 3253 1500 quia
3310 1430 3541 1486 Romani

1964 1524 2280 1593 compositis
2338 1522 2643 1593 sobriisque
2692 1532 2750 1577 et
2807 1519 3213 1576 continentibus
3272 1521 3540 1585 moribus,

1964 1630 2061 1685 per
2091 1629 2229 1684 quos
2258 1621 2541 1683 tantopere
2571 1622 2880 1678 creverant,
2910 1612 2977 1667 ad
3008 1612 3376 1681 perniciosum
3407 1611 3542 1666 deli-

1966 1707 2170 1761 ciarum
2199 1714 2255 1760 et
2286 1706 2715 1773 intemperantia
2740 1704 2973 1758 studium
3002 1704 3365 1759 desciverunt.
3403 1702 3539 1757 Nam

277 1805 537 1858 τοσοῦτον
564 1772 914 1880 ηὐξῆθησάν,
942 1772 1023 1877 είς
1055 1772 1863 1888 ὀλέθριοςξῆλοῐνντρυζῆςπκαὶ

1968 1798 2038 1852 ob
2059 1796 2198 1853 banc
2225 1772 2584 1865 corruptelam
2613 1804 2732 1848 orta
2775 1795 2947 1862 plebis
2991 1795 3249 1849 adversus
3289 1803 3537 1849 senatum

279 1898 598 1963 ἀκολασίας.
634 1902 728 1954 Ἐκ
780 1903 891 1974 γάρ
940 1904 1041 1974 τῆς
1088 1906 1391 1978 διαφθορᾶς
1412 1910 1457 1941 ⁸⁸
1494 1910 1699 1982 ταύτης
1738 1928 1868 1964 στα-

282 1990 574 2053 σιάσαντος
622 1992 717 2045 τοῦ
760 1995 1056 2062 δημοτικοῦ
1090 1998 1226 2067 πρὸς
1254 1998 1352 2069 τὴν
1384 2000 1711 2069 σύγκλητον,
1746 1997 1868 2056 εἶτα

278 2080 501 2149 ἐκείνης
536 2084 1010 2156 ἐπικαλεσαμένης
1038 2090 1163 2152 τοὺς
1189 2092 1253 2143 ὲκ
1272 2091 1373 2159 τῆς
1399 2092 1630 2154 Ἰταλίας
1650 2094 1867 2147 ιπικου-

280 2174 468 2239 ρῆσαι,
491 2174 588 2227 καὶ
613 2176 992 2249 ὑποσχομένης
1022 2180 1122 2249 τῆς
1148 2183 1520 2255 πολυτρόπου
1549 2187 1865 2259 Ῥωμαῖκῆς

274 2264 556 2327 πολιτείας
592 2268 915 2333 μεταδοῦναι
947 2272 1038 2322 καὶ
1080 2273 1228 2342 νόμῳ
1256 2275 1531 2342 κυρῶσαι,
1563 2277 1688 2330 ἐπεὶ
1713 2280 1866 2332 οὐδὲν

272 2352 390 2404 τῶν
420 2354 815 2424 ὑπεσχημένων
849 2362 961 2418 τοῖς
990 2361 1319 2426 Ἰταλιώταις
1347 2365 1583 2432 έγένετο,
1614 2369 1645 2420 δ
1670 2368 1731 2433 ἐξ
1763 2371 1865 2423 αὑ·

271 2446 388 2497 τῶν
422 2447 656 2513 πόλεμος
681 2450 819 2518 πρὸς
844 2450 1145 2521 Ῥωμαίους
1166 2454 1461 2526 έξεκαύθη,
1480 2459 1865 2514 ὑπατευόντων

273 2531 337 2581 ἑν
387 2534 454 2601 τῇ
489 2532 675 2605 Ῥώμῃ
723 2537 955 2590 Λευκίου
987 2540 1275 2605 Μάρκουη
1310 2544 1579 2600 Φιλίππου
1612 2549 1712 2600 καὶ
1740 2549 1865 2612 Σέξ-

273 2636 373 2671 του
392 2622 432 2651 ¹⁶
454 2622 671 2674 Ἰουλίου
689 2639 704 2654 ο
740 2624 1045 2691 Ὀλυμπιὰς
1076 2627 1122 2680 δ’
1145 2627 1336 2698 ῆχθη¹⁷
1362 2632 1497 2701 πρὸς
1524 2636 1647 2696 ταῖς
1670 2634 1864 2686 ἑκατὸν

273 2708 779 2776 ἑϐδομήκοντα.Ἑν
813 2715 988 2785 τούτῳ
1027 2715 1104 2786 τῷ
1136 2716 1359 2787 πολέμῳ
1388 2721 1609 2773 ποικίλα
1639 2724 1735 2774 καὶ
1767 2738 1863 2774 πο·

272 2793 522 2864 λύτροπα
561 2799 708 2869 πάθη
756 2802 853 2854 καὶ
895 2804 1102 2857 πόλεων
1153 2806 1384 2869 ἁλώσεις
1413 2811 1658 2878 ἐκατέρῳ
1704 2810 1860 2880 μέρει

1968 1890 2256 1956 seditione,
2298 1904 2422 1944 cum
2466 1887 2659 1942 deinde
2692 1897 2912 1943 senatus
2956 1886 3213 1941 Italorum
3249 1902 3404 1954 opem
3434 1887 3539 1939 im-

1966 1980 2251 2051 plorasset,
2285 1988 2341 2035 et
2372 1980 2451 2034 eis
2495 1988 2739 2042 optatam
2770 1977 2897 2032 illud
2928 1977 3185 2031 Romanae
3236 1976 3432 2047 3916
3459 1978 3542 2032 ci-

1968 2071 2150 2126 vitatis
2184 2070 2274 2140 jus
2304 2071 2577 2140 pollicitus
2608 2067 2821 2129 fuisset,
2849 2068 3009 2138 idque
3046 2083 3106 2123 se
3138 2068 3255 2137 iege
3294 2068 3539 2123 sancitu-

1956 2176 2085 2216 rum
2140 2162 2525 2231 promississet,
2577 2174 2700 2213 ctttn
2756 2159 3147 2228 promissorum
3201 2160 3335 2214 nihil
3390 2159 3539 2215 Italis

1966 2261 2333 2319 praestaretur,
2368 2250 2571 2303 exarsit
2591 2263 2657 2303 ex
2696 2249 2801 2302 illis
2835 2248 3030 2303 bellum
3052 2249 3310 2304 adversus
3336 2249 3540 2303 lloma-

1967 2358 2083 2407 nos,
2136 2340 2321 2396 Romae
2378 2340 2718 2395 consulatum
2765 2340 3073 2405 gerentibus
3116 2338 3285 2395 Lucio
3333 2339 3540 2396 Marcio

1965 2432 2234 2501 Philippo,
2263 2440 2318 2485 et
2349 2430 2513 2485 Sexto
2549 2428 2712 2494 Julio,
2751 2428 3069 2500 Olympiade
3106 2444 3267 2498 supra
3304 2430 3535 2484 centesi-

1966 2537 2105 2576 mam
2159 2522 2552 2591 septuagesima
2599 2524 2857 2576 secunda.
2900 2520 2956 2576 In
3002 2522 3105 2576 hoc
3148 2521 3293 2576 bello
3334 2521 3540 2577 diversi

1966 2614 2208 2682 variique
2245 2627 2404 2668 casus
2465 2623 2519 2667 et
2575 2614 2789 2668 urbium
2843 2613 3267 2683 expugnationes
3322 2614 3539 2682 utrique

1966 2703 2277 2756 bellantium
2330 2703 2470 2769 parti
2530 2703 2897 2772 contigerunt,
2947 2711 3170 2758 nutante
3216 2703 3373 2772 quasi
3408 2703 3535 2757 data

1962 2809 2124 2862 opera
2162 2795 2213 2846 in
2249 2801 2536 2863 utramque
2571 2802 2776 2862 partem
2826 2794 3074 2857 victoria,
3102 2803 3158 2848 et
3188 2796 3394 2849 neutris
3426 2802 3541 2849 sta-

272 2883 388 2935 τῶν
404 2885 918 2958 διαπολεμησάντων
940 2893 1163 2963 συνέϐη,
1190 2895 1653 2968 ταλαντευομένης
1669 2898 1860 2968 ὥσπερ
1964 2884 2054 2937 bi"
2090 2893 2459 2953 Ρθτηηηθηιθ·
2503 2884 2705 2938 Tamen
2738 2894 3023 2953 βοείαιυιιη
3057 2886 3311 2954 ιιιτῑηαυθ
3341 2887 3540 2942 cedd“

272 2973 528 3041 ἐπίτηδες
577 2978 726 3045 παρά
773 2981 937 3048 μέρος
984 2981 1085 3051 τῆς
1126 2984 1282 3051 νίκης
1325 2987 1419 3037 καὶ
1453 2986 1768 3055 μηδετέροις
1798 2988 1859 3040 ὲν

1966 2976 2227 3029 immensa
2274 2976 2548 3029 hominum
2610 2976 2919 3042 multitudo,
2969 2992 3095 3032 sero
3139 2986 3195 3032 et
3243 2993 3387 3047 aegre
3426 2977 3537 3033 ilo-

274 3064 484 3134 βεϐαίῳ
528 3068 915 3141 διαμενούσηςο
948 3074 1098 3141 ὅμως
1141 3074 1369 3143 ἀπείρου
1400 3076 1638 3145 πλήθους
1668 3076 1859 3129 ἑκατέ-

1965 3065 2105 3117 mani
2145 3064 2425 3118 victoriam
2466 3067 2667 3134 adepti,
2715 3067 2899 3122 ﬁrmas
2940 3069 3085 3123 vires
3153 3068 3530 3125 obtinuerunt.

274 3154 457 3222 ρωθεν
491 3158 765 3223 πεσόντος,
798 3161 895 3229 ὀψὲ
944 3162 1039 3215 καὶ
1072 3162 1227 3232 μόλις
1260 3162 1551 3233 Ῥωμαίοις
1574 3166 1856 3235 ἐξενίκησε

1962 3154 2354 3224 Oppugnabant
2386 3164 2566 3210 autem
2604 3155 2879 3213 Romanos
2922 3158 3219 3225 Samnites,
3250 3160 3534 3225 Asculani,

276 3243 647 3316 βεϐαιωθῆναι
698 3249 758 3301 τὸ
811 3252 1031 3319 κράτος.
1076 3253 1407 3324 Ἑπολέμουν
1458 3256 1515 3308 δὲ
1562 3256 1857 3324 Ῥωμαίοις

1960 3245 2182 3309 Lucani,
2213 3246 2501 3314 Picentini,
2530 3246 2748 3313 Nolani,
2772 3257 2826 3302 et
2862 3250 2979 3303 alite
3006 3252 3167 3305 urbes
3198 3259 3358 3319 atque
3387 3266 3534 3321 gen-

274 3333 555 3399 Σαυνῖται,
574 3338 963 3404 ’Δσκολανοὶ¹³,
994 3343 1278 3407 Λευκανοὶ,
1312 3344 1629 3411 Πικεντηνοὶ
1648 3346 1712 3407 η,
1736 3344 1858 3396 Νω-

1963 3346 2064 3400 tes,
2106 3338 2158 3391 in
2186 3337 2382 3406 quibus
2411 3348 2529 3391 erat
2563 3339 2925 3393 illustrissima
2952 3348 3007 3394 et
3041 3341 3272 3394 maxima
3302 3352 3359 3395 et
3382 3356 3537 3397 com-

274 3425 433 3479 λανοὶ
460 3430 555 3480 καὶ
583 3428 766 3499 ἕτεραι
788 3432 973 3495 πόλεις
995 3434 1088 3487 καὶ
1109 3432 1235 3502 ἔθνη
1253 3450 1267 3463 ο
1296 3435 1355 3485 ἐν
1374 3428 1451 3496 οἷς
1474 3436 1852 3507 ἑπισημοτάτη

272 3520 372 3571 καὶ
411 3520 643 3590 μεγίστη
692 3524 787 3575 καὶ
833 3525 983 3595 κοινὴ
1027 3524 1179 3585 πόλις
1222 3526 1346 3594 ἄρτι
1393 3527 1853 3596 συντετελεσμένη

272 3615 393 3674 τοῖς
425 3612 756 3676 Ἰταλιώταις
786 3616 843 3667 τὸ
876 3615 1169 3685 Κορφίνιον
1210 3612 1277 3685 ἦν
1300 3657 1314 3676 ,
1352 3618 1409 3668 ὲν
1506 3619 1573 3670 τά
1603 3634 1663 3669 τε
1696 3617 1852 3683 ἀλλα,

273 3704 379 3754 ὅσα
421 3702 665 3773 μεγάλην
693 3704 848 3756 πόλιν
880 3707 973 3757 καὶ
1002 3704 1175 3775 ἀρχὴν
1211 3706 1559 3774 κρατύνουσι,
1591 3710 1853 3775 συνεστήσ-

276 3811 445 3847 σαντο
472 3798 563 3847 καὶ
594 3797 800 3864 ἀγοράν
828 3796 1099 3865 εὐμεγέθη
1128 3798 1222 3849 καὶ
1264 3796 1393 3868 [659
1423 3797 1517 3868 IL]
1562 3799 1853 3870 βουλευτή-

275 3903 415 3956 ριον,
447 3887 542 3937 καί⁵
568 3886 633 3937 τὰ
662 3886 794 3939 ἄλλα
815 3886 883 3938 τά
919 3887 1050 3955 πρὸς
1077 3887 1313 3956 πόλεμον
1333 3888 1581 3955 ἀφθόνως
1612 3889 1849 3953 ἅπαντα.

272 3980 371 4031 καὶ
427 3978 724 4046 χρημάτων
777 3976 1014 4046 πλῆθος,
1054 3980 1147 4030 καὶ
1184 3980 1389 4050 τροφῆς
1446 3980 1642 4051 δαψιλῆ
1682 3999 1849 4053 χορη-

272 4072 421 4137 γίαν.

350 4164 755 4232 Συνεστήσαντο
781 4165 837 4217 δὲ
865 4164 959 4217 καὶ
993 4162 1294 4233 σύγκλητον
1316 4166 1499 4237 κοινὴν
1515 4168 1560 4199 ¹⁶
1587 4184 1850 4219 πεντακο-

275 4258 411 4308 σίων
442 4256 669 4326 ἀνδρῶν,
696 4256 754 4322 ἐξ
782 4250 856 4309 ὧν
883 4257 935 4308 οῖ
971 4273 1026 4309 τε
1054 4258 1149 4326 τῆς
1194 4258 1453 4327 πατρίδος
1489 4261 1676 4330 ἄρχειν
1709 4259 1850 4324 άξιοι

274 4347 720 4416 προαχθήσεσθαι
752 4348 976 4415 ἔμελλον
1001 4348 1093 4400 καὶ
1124 4349 1175 4400 οἱ
1202 4350 1721 4420 προϐουλεύεσθαι¹¹
1766 4352 1851 4401 δυο

1958 3426 2137 3479 munis
2180 3427 2310 3480 urbs
2349 3440 2521 3495 nuper
2565 3426 2632 3478 ab
2675 3426 2823 3482 Italis
2853 3427 3087 3495 perfecta
3118 3428 3441 3494 Corﬁnium,
3480 3429 3532 3482 in

1957 3530 2060 3583 qua
2096 3529 2220 3568 cum
2257 3524 2453 3569 caetera
2485 3528 2605 3582 qua:
2650 3530 2900 3586 magnam
2930 3516 3119 3571 urbem
3159 3526 3214 3571 et
3244 3517 3532 3586 imperium

1957 3604 2297 3665 conﬁrmant,
2344 3604 2767 3669 constituerunt,
2803 3613 2911 3657 tum
2944 3605 3119 3659 forum
3153 3622 3532 3677 permagnum,

1955 3704 2010 3748 et
2042 3696 2275 3757 curiam,
2318 3704 2376 3747 et
2421 3703 2614 3748 caetera
2660 3695 2841 3747 omnia
2875 3695 2940 3748 ad
2994 3695 3190 3749 bellum
3222 3698 3528 3753 necessaria

1955 3783 2191 3851 copiose,
2221 3792 2275 3835 et
2320 3782 2558 3850 pecunia:
2610 3782 3034 3848 multitudinem,
3084 3792 3141 3838 et
3191 3783 3527 3840 cibariorum

1956 3874 2163 3944 largum
2187 3881 2568 3928 commeatum.

2021 4170 2433 4225 Constituerunt
2469 4180 2524 4224 et
2572 4178 2818 4224 senatum
2872 4184 3069 4223 novum
3104 4170 3526 4240 quingentorum

1954 4261 2212 4344 virorum,
2232 4276 2299 4315 ex
2336 4261 2533 4331 quibus
2554 4262 2646 4328 qui
2673 4260 2859 4329 patria:
2883 4260 3107 4329 imperio
3124 4262 3268 4331 digni
3315 4273 3533 4328 essent,,

1954 4350 2400 4421 producerentur,
2446 4362 2501 4404 ct
2531 4352 2620 4419 qui
2664 4352 2731 4404 de
2782 4353 3053 4405 communi
3097 4353 3269 4407 salute
3307 4356 3527 4407 consul-

271 4438 498 4507 νάμενοι
532 4440 661 4508 περὶ
690 4440 785 4508 τῆς
815 4440 999 4508 κοινῆς
1030 4440 1323 4509 σωτηρίας.
1356 4442 1463 4494 Καὶ
1504 4441 1715 4503 τούτοις
1748 4442 1847 4493 trr-

1956 4449 2070 4495 tare
2094 4449 2337 4510 possent,
2357 4441 2531 4507 iisque
2561 4440 2681 4493 belli
2717 4455 2905 4494 curam
2936 4442 3284 4506 mandarunt,
3312 4457 3529 4498 summa

269 4530 510 4599 ἐτρεψαν
531 4532 573 4561 ⁸⁸
604 4529 671 4581 τά
694 4530 832 4581 κατά
855 4530 945 4581 τὸν
980 4531 1215 4599 πόλεμον
1235 4533 1476 4595 διοικεῖν,
1512 4531 1847 4601 αὐτοκράτο-

273 4638 375 4691 ρας
406 4622 729 4690 ποιήσαντες
759 4624 882 4683 τοὺς
912 4621 1219 4690 συνέδρους.
1250 4616 1407 4675 Οὗτοι
1441 4623 1485 4673 δ’
1522 4622 1848 4691 ἐνομοθέτη-

271 4731 376 4767 σαν
399 4714 493 4766 δύο
522 4714 617 4782 μὲν
652 4715 888 4774 ὑπάτους
910 4714 1026 4765 κατ’
1060 4712 1303 4764 ἐνιαυτὸν
1331 4712 1850 4782 αἱρεῖσθαι,δώδεκα

267 4812 329 4863 δὲ
365 4810 724 4879 στρατηγούς.
755 4811 863 4861 Καὶ
891 4808 1304 4879 κατεστάθησαν
1338 4807 1528 4859 ὕπατοι
1563 4808 1663 4876 μὲν
1691 4809 1850 4860 Κόϊν-

268 4918 361 4963 τος
408 4901 740 4969 Πομπαίδιος
776 4900 967 4963 Σίλων,
1003 4900 1224 4969 Μάρσος
1260 4898 1358 4966 μὲν
1392 4900 1449 4950 τὸ
1480 4901 1633 4965 γένος
1654 4943 1667 4965 ,
1698 4919 1851 4971 πρω-

269 4992 446 5045 τεύων
471 4993 527 5043 δὲ
543 4992 651 5043 τῶν
672 4990 965 5060 ὁμοεθνῶν,
988 4993 1076 5043 καὶ
1097 4990 1344 5059 δεύτερος
1369 4993 1430 5042 ὲκ
1452 4990 1545 5042 τοῦ
1576 4991 1850 5043 Σαυνιτῶν

270 5083 463 5151 γένους
493 5082 650 5141 Γάϊος
673 5080 935 5142 Ἀπώνιος
968 5080 1210 5141 Μότυλος
1230 5119 1245 5142 ,
1278 5081 1372 5132 καὶ
1402 5081 1563 5143 αὐτὸς
1600 5082 1727 5153 δόξῃ
1757 5083 1851 5135 καὶ

271 5170 507 5241 πράξεσι
536 5169 631 5222 τοῦ
660 5170 844 5233 ἔθνους
875 5172 1143 5240 προέχων.
1159 5170 1269 5239 Τὴν
1298 5169 1343 5223 δ’
1361 5170 1487 5239 ὅλην
1512 5170 1743 5223 Ἰταλίαν
1768 5172 1849 5233 είς

1953 4541 2214 4601 potestate
2252 4530 2660 4584 consessoribus
2696 4530 2980 4595 permissa.
3016 4528 3081 4582 lli
3115 4531 3261 4600 leges
3288 4532 3528 4587 tulerunt

1954 4626 2013 4669 ut
2041 4616 2145 4669 duo
2175 4613 2426 4668 consules
2460 4616 2749 4681 quotannis
2782 4624 3120 4677 crearentur,
3152 4624 3208 4669 et
3240 4616 3525 4670 duodecim

1952 4707 2134 4761 duces.
2157 4704 2416 4760 Consules
2443 4703 2611 4759 creati
2636 4703 2999 4770 suntQuintus
3023 4704 3363 4774 Pompadius
3385 4707 3523 4770 Silo,

1956 4798 2170 4851 natione
2197 4794 2429 4860 Marsus,
2463 4804 2519 4849 et
2545 4809 2655 4848 suae
2700 4796 2875 4860 gentis
2912 4796 3230 4862 primarius.
3278 4799 3431 4851 Alter
3456 4813 3525 4850 ex

1955 4889 2256 4942 Samnitum
2312 4900 2511 4956 genere
2570 4884 2733 4940 Caius
2784 4885 3030 4953 Aponius
3084 4885 3340 4951 Motulus,
3407 4888 3525 4954 ipse

1951 4996 2169 5050 quoque
2200 4980 2369 5049 gloria
2390 4979 2676 5046 ;rebusque
2740 4979 2903 5044 gestis
2933 4994 3040 5031 suae
3072 4980 3249 5047 gentis
3282 4978 3526 5033 clarissi-

1958 5088 2095 5124 mus.
2131 5072 2193 5125 Et
2235 5078 2345 5123 tota
2377 5068 2524 5122 Italia
2568 5069 2620 5120 in
2668 5077 2850 5136 partes
2876 5068 3007 5123 duas
3036 5070 3231 5133 divisa,
3265 5085 3360 5124 eas
3390 5084 3525 5124 con-

1956 5164 2165 5218 sulares
2208 5158 2561 5230 praefecturas
2588 5168 2751 5228 atque
2794 5169 2975 5227 partes
3007 5160 3425 5214 constituerunt.
3459 5159 3527 5213 Et

1568 5300 1803 5357 γΑιιιιΕ
1847 5296 2248 5357 LECTIUNES.

345 5395 369 5425 ⁸
422 5393 744 5463 ίνπεράτορα
775 5411 835 5456 ς.

271 5466 313 5495 ¹¹
344 5466 563 5518 πάντων
626 5462 699 5516 ιιι
731 5465 983 5516 ἁπάντων
1009 5482 1067 5527 ς.
1146 5464 1186 5494 ⁸³
1219 5481 1348 5527 φασι
1412 5481 1469 5526 ς.
1578 5464 1619 5494 ³⁸
1648 5462 1716 5527 ἧς

269 5550 388 5602 ger.
466 5533 508 5564 “
528 5533 755 5597 Σέξστου
788 5551 849 5597 ς.
927 5536 967 5564 ⁸⁷
1000 5532 1160 5603 ἤχθη]
1186 5534 1379 5603 mihi;
1412 5534 1453 5601 β’
1484 5532 1745 5600 Scaliger.

268 5608 353 5659 bri
385 5607 595 5675 καινήν.

1219 5481 1348 5531 φασι
1412 5481 1469 5526 ς.

672 5607 712 5635 ⁸⁸
745 5603 1247 5672 παραϐουλεύεσθαι
1283 5604 1342 5656 Β.

932 5396 953 5425 ⁹
982 5394 1203 5490 βασιλέα
1232 5408 1341 5446 om.
1367 5408 1451 5462 pr.
1489 5392 1787 5490 A:‘i.n1quo
1816 5407 1938 5490 post
1962 5408 2079 5490 erant
2104 5405 2299 5490 voc‘e‘mk
2315 5387 2629 5490 vaeuizsunt
2658 5386 2902 5490 versas?)
2938 5384 3055 5490 1/12.

943 5482 983 5490 ι..
1012 5482 1047 5490 ρ
1168 5467 1186 5490 ί
1221 5481 1344 5490 .-ι-ι-.
1414 5481 1449 5490 ρ
1695 5481 1716 5490 ρ
1773 5482 1803 5490 ..
1844 5483 1870 5490 ..
1912 5468 1981 5490 ι..
2056 5479 2093 5490 ι-
2306 5475 2463 5490 ιιινΑΑΛ
2511 5475 2531 5487 ρ
2561 5475 2599 5490 ρ
2832 5472 2997 5490 ηΛνΛιι

1772 5459 1870 5533 μὲν
1912 5464 2002 5516 ὲπί
2055 5479 2115 5523 ς.
2192 5462 2234 5497 δ’
2272 5459 2531 5525 διαφορᾶς
2561 5475 2617 5520 ς.

1825 5535 1867 5565 ¹⁸
1904 5529 2297 5585 ἈσκαλανοίΑ.
2377 5529 2417 5566 ¹⁹
2445 5529 2617 5579 Πικεν·

1442 5605 1485 5633 ³³
1513 5604 1843 5671 ἐπέτρεψαν]
1876 5600 2260 5668 ἐπιτρέψαντες
2287 5600 2350 5652 Λ.

3159 5386 3201 5415 ι’
3220 5384 3400 5468 ,αὐτῆς
3431 5386 3520 5468 ιυο

2698 5459 2741 5488 ’⁸
2772 5454 3022 5523 Μάρκου]
3052 5456 3296 5523 Μαρτίου
3345 5454 3522 5507 Scali-

2377 5524 2759 5593 ¹⁹Πικεντηνοί
2794 5528 2866 5577 Βε
2897 5524 3195 5577 Πικεντινοί
3231 5541 3292 5587 ς.
3368 5526 3415 5555 ⁸⁸
3454 5525 3520 5576 li-

1813 5693 2046 5750 NOTAE.

342 5788 459 5851 (Ἠ)
503 5785 639 5841 Vide
663 5786 721 5839 Ρ.
754 5784 1073 5851 Valtrittum,
1108 5785 1261 5839 initio
1287 5785 1302 5837 ι
1328 5788 1379 5838 ὁ»,
1416 5786 1509 5839 ult.
1547 5785 1617 5838 Dc
1653 5786 1843 5838 militia
1888 5785 2259 5838 Humanarum.
