4216 6430
724 395 850 458 1431

1847 400 2101 460 PHOTII
2139 397 2645 459 PATRIARCH/E
2674 400 2784 458 ΟΡ.

3820 382 3969 449 1832

720 506 1021 572 Ρυιιῳέριιίο
1047 507 1263 574 quidem
1300 507 1570 577 regionem
1605 509 1947 577 assignarunt
1984 510 2053 563 ab
2078 524 2144 563 eo
2170 508 2286 562 loco

2406 508 2479 559 ῐύο
2513 508 2653 577 μέρη
2686 506 2950 565 διελόντες
2996 501 3267 563 ὑπατικὰς
3314 498 3583 567 ἐπαρχίας
3631 493 3838 555 ταύτας
3881 495 3979 546 καὶ

719 596 810 662 qui
839 593 1059 648 Cercola
1093 597 1414 663 appellatur,
1450 612 1621 665 usque
1659 598 1724 649 ad
1755 597 2088 651 Adriaticum
2116 612 2289 659 mare,

720 701 813 739 eos
842 696 1047 742 tractus
1080 690 1172 755 qui
1220 688 1288 740 ad
1336 702 1587 742 occasum
1636 700 1691 745 et
1739 692 2137 758 septentriones
2169 705 2292 742 ver-

718 786 872 842 gunt,
909 786 963 831 et
990 777 1154 831 duces
1179 778 1228 831 ei
1259 792 1353 831 sex
1381 780 1763 835 attribuerunt.
1792 781 2077 849 Reliquum
2105 778 2289 841 Italim,

718 866 968 920 videlicet
1013 883 1132 921 eam
1173 878 1403 936 partem,
1436 884 1555 935 qua:
1598 879 1805 937 spectat
1851 871 1915 924 ad
1947 871 2212 923 orientem
2242 879 2295 922 ct

722 958 1023 1022 meridiem,
1068 960 1416 1029 assignarunt
1468 964 1598 1016 Caio
1649 961 1867 1024 Motulo,
1923 961 2198 1029 adjunctis
2244 964 2291 1013 el

716 1046 903 1099 itidem
953 1061 1046 1101 sex
1098 1050 1346 1104 ducibus.
1382 1052 1567 1121 Itaque
1604 1062 1886 1120 postquam
1933 1066 2089 1105 suum
2120 1051 2293 1120 impe-

719 1136 860 1187 rium
910 1145 964 1189 et
1020 1141 1198 1191 omnia
1233 1140 1391 1202 scite,
1437 1152 1513 1205 et,
1551 1152 1610 1194 ut
1638 1143 1946 1195 summatim
1985 1143 2183 1206 dicam,
2228 1143 2294 1195 ad

718 1223 1077 1282 imitationem
1125 1229 1350 1285 Romani
1394 1243 1449 1286 et
1482 1234 1689 1301 antiqui
1737 1233 1942 1285 ordinis
1974 1248 2296 1301 composue-

719 1324 870 1378 runt,
908 1316 1168 1387 deinceps
1204 1320 1583 1374 vehementius
1641 1320 1825 1375 futuro
1875 1320 2015 1375 bello
2080 1324 2294 1375 incum-

718 1404 939 1471 bcbant,
997 1423 1120 1463 cum
1178 1412 1393 1477 quidem
1452 1412 1658 1465 Italiam
1723 1427 2065 1467 communem
2106 1414 2292 1467 urbem

718 1494 917 1564 392a
976 1513 1381 1569 nuncupassent
1410 1543 1426 1567 ,
1460 1512 1512 1557 et
1562 1504 1633 1557 ita
1684 1504 1879 1557 bellum
1922 1518 2140 1573 gessere
2172 1520 2294 1559 cum

722 1583 1003 1652 Romanis,
1048 1601 1108 1643 ut
1143 1593 1375 1645 maxima
1403 1608 1469 1647 ex
1513 1606 1667 1660 parte
1714 1593 1916 1649 fuerint
1966 1596 2293 1664 superiores,

720 1671 889 1726 donec
916 1675 1110 1730 Cneius
1152 1677 1439 1746 Pompeius
1471 1682 1657 1735 consul
1687 1690 1739 1735 et
1768 1682 1894 1736 belli
1934 1682 2040 1737 dux
2068 1682 2291 1747 electus,

718 1770 772 1816 et
802 1763 945 1816 Sulla
980 1767 1083 1819 dux
1110 1769 1210 1821 sub
1243 1769 1412 1824 altero
1436 1773 1656 1826 consule
1680 1772 1905 1836 Catone,
1935 1773 2296 1827 nobilissimis

719 1855 919 1919 prmliis
947 1856 1104 1911 Italos
1135 1874 1241 1913 n0n
1276 1863 1464 1925 semel,
1497 1863 1590 1917 sed
1623 1864 1820 1932 saepius
1852 1866 2140 1928 vincendo,
2178 1866 2295 1917 illu-

719 1960 838 1998 rnm
874 1962 958 2002 res
986 1964 1052 2002 eo
1081 1952 1427 2018 redegerunt,
1465 1962 1521 2005 ut
1547 1952 1841 2024 proﬂigata:
1881 1954 2100 2012 fuerint.
2130 1954 2296 2025 Igitur

719 2054 825 2091 non
869 2041 1100 2109 amplius
1148 2044 1440 2109 bellarunt,
1472 2047 1567 2099 sed
1613 2046 1746 2102 Caio
1788 2048 2041 2103 Coscinio
2070 2050 2121 2103 in
2150 2048 2297 2119 Iapy-

717 2129 860 2195 giam
888 2132 1024 2186 duce
1048 2134 1234 2195 misso.
1267 2150 1409 2204 saepe
1432 2137 1555 2190 victi
1580 2150 1725 2203 sunt,
1754 2144 2002 2209 atqueita
2033 2143 2295 2210 superati,

718 2230 773 2272 et
824 2235 888 2275 ex
926 2223 1109 2278 multis
1138 2226 1295 2293 pauci
1329 2226 1537 2291 relicti,
1574 2230 1845 2283 communi
1902 2233 2169 2285 sententia
2200 2247 2296 2286 no-

717 2326 840 2364 vam
870 2316 1127 2368 deserunt
1162 2318 1350 2371 urbem
1398 2319 1716 2384 Corfinium,
1753 2323 2005 2388 quoniam
2046 2324 2204 2377 Marsi
2244 2336 2297 2377 et

720 2420 908 2460 omnes
961 2406 1202 2462 ﬁnitima:
1258 2419 1447 2476 gentes
1492 2410 1833 2463 desciverant
1883 2413 1947 2465 ad
1998 2413 2293 2468 Romanos.

718 2493 1100 2550 Cons-ederunt
1144 2506 1324 2549 autem
1370 2498 1425 2551 in
1458 2496 1709 2552 Esernia
1740 2498 2071 2567 Samnitum,
2100 2506 2300 2557 creatis

719 2586 821 2640 sibi
849 2589 1086 2656 quinque
1119 2591 1367 2653 ducibus,
1417 2606 1645 2658 quorum
1678 2591 1767 2643 uni
1825 2593 2059 2645 maxime
2100 2596 2299 2659 Quinto

718 2676 1030 2748 Pompaadio
1064 2679 1230 2734 Siloni
1267 2683 1510 2735 omnium
1564 2682 1847 2749 imperium
1910 2684 2296 2747 crediderunt,

720 2777 941 2835 propter
970 2768 1086 2833 ejus
1115 2771 1415 2836 imperandi
1460 2774 1713 2826 virtutem
1759 2781 1925 2839 atque
1970 2773 2221 2841 gloriam.
2256 2772 2303 2826 Is

723 2860 791 2911 de
830 2862 1101 2913 communi
1146 2863 1341 2915 ducum
1394 2864 1663 2917 sententia
1703 2878 1956 2933 magnum
2005 2864 2301 2917 exercitum

721 2950 1081 3015 comparavit,
1110 2951 1243 3004 adeo
1276 2960 1333 3003 ut
1370 2951 1421 3005 in
1456 2952 1791 3019 universum,
1819 2967 1941 3007 cum
1980 2952 2045 3006 iis
2078 2953 2167 3020 qui
2189 2952 2303 3019 jam

724 3049 904 3106 erant,
948 3039 1113 3095 fuerit
1161 3042 1381 3096 circiter
1436 3044 1654 3111 triginta
1698 3043 1883 3097 millia.
1940 3042 2148 3096 Praeter
2207 3045 2305 3097 bos

2397 599 2619 668 μερίδας
2650 597 2957 660 ἀπέδειξαν,
2997 595 3090 646 καὶ
3119 593 3198 659 τῷ
3229 592 3326 658 μὲν
3352 588 3675 658 Πομπαιδίῳ
3704 585 3979 654 προσώρι-

2396 706 2493 739 σαν
2515 688 2699 756 χώραν
2722 688 2829 738 ἀπὸ
2854 687 2960 739 τῶν
2985 683 3294 753 Κερκώ).ων
3315 680 3664 749 καλουμένων
3692 678 3857 745 μέχρι
3878 680 3976 743 τῆς

2407 775 2748 843 Ἀδριατικῆς
2778 772 3075 839 θαλάσσης,
3107 770 3177 823 τὰ
3208 769 3342 837 πρὸς
3371 767 3582 833 δυσμὰς
3612 767 3707 817 καὶ
3747 765 3849 832 τὴν
3878 766 3973 832 a9-

2395 885 2521 919 κτον
2550 866 2773 918 νεύοντα
2800 864 2966 933 μέρη,
2991 862 3085 914 καὶ
3109 861 3448 930 στρατηγοὺς
3480 856 3675 919 ἔταξαν
3702 855 3856 921 αὑτῴ
3880 854 3936 918 ’ἐξ
3956 870 3970 885 ·

2395 958 2455 1010 τὸ
2496 959 2550 1009 δὲ
2587 956 2767 1007 λοιπδν
2811 955 2911 1020 τῆς
2934 952 3189 1012 Ἰταλίας,
3216 950 3315 1019 τὴν
3349 949 3483 1017 πρὸς
3525 948 3599 998 ἒω
3626 948 3723 998 καὶ
3755 962 3972 1013 μεσημ-

2398 1050 2553 1119 ϐρίαν
2583 1048 2860 1107 νεύουσαν,
2904 1041 3257 1113 προσώρισαν
3281 1040 3425 1108 Γαΐῳ
3455 1036 3705 1105 Μοτύλῳ.
3738 1052 3973 1106 στρατη-

2397 1143 2526 1210 γοὺς
2553 1139 2753 1206 ὁμοίως
2787 1134 3143 1200 συζεύξαντες
3165 1132 3244 1197 ἒξ.
3286 1127 3441 1183 Οὕτω
3465 1129 3640 1181 πάντα
3667 1127 3863 1190 δεξιῶς
3886 1126 3974 1177 καὶ

2397 1231 2536 1285 κατὰ
2569 1230 2817 1299 μίμησιν,
2852 1228 2912 1279 τὸ
2953 1225 3171 1277 σύνολον
3201 1223 3385 1290 φάναι,
3414 1220 3512 1288 τῆς
3543 1218 3864 1285 Ῥωμαῖκῆς
3888 1217 3973 1267 καί

2396 1332 2460 1381 ὲκ
2509 1326 2738 1379 παλαιοῦ
2782 1324 2987 1387 τάξεως
3036 1322 3135 1389 τὴν
3186 1313 3393 1371 ἑαυτῶν
3442 1315 3617 1388 ἀρχὴν
3643 1312 3971 1380 διαθέμενοι.

2397 1421 2538 1473 κατὰ
2565 1419 2625 1471 τὸ
2660 1416 3021 1484 σφοδρότερον
3054 1412 3240 1464 λοιπὸν
3276 1409 3484 1477 εἴχοντο
3512 1407 3607 1459 καὶ
3649 1402 3746 1455 τοῦ
3775 1403 3973 1470 ἑφεξῆς

2397 1513 2655 1581 πολέμου,
2686 1510 2783 1576 τὴν
2816 1507 3002 1575 κοινὴν
3033 1505 3183 1557 πόλιν
3207 1499 3433 1553 Ἰταλίαν
3457 1496 3896 1565 ἐπονομάσαντες
3914 1494 3973 1544 ’³.

2397 1606 2506 1657 Καὶ
2556 1601 2953 1667 διεπολέμησαν
2998 1594 3291 1663 Ῥωμαίοις
3336 1592 3406 1643 τὰ
3450 1590 3676 1642 πλεῖστα
3727 1588 3875 1639 κατὰ
3921 1588 3976 1637 τὸ

2398 1694 2853 1763 ἐπικρατέστερον
2872 1729 2885 1747 .
2913 1688 3020 1748 ἕως
3050 1687 3236 1745 Γναῖος
3270 1682 3551 1751 Πομπήῖος
3585 1678 3794 1734 ὕπατος
3826 1680 3978 1745 αίρε-

2399 1788 2512 1849 θεὶς
2537 1787 2630 1839 καὶ
2658 1781 2960 1852 στρατηγὸς
2986 1778 3081 1830 τοῦ
3115 1777 3375 1839 πολέμου,
3393 1774 3487 1826 καὶ
3517 1771 3723 1832 Σύλλας
3740 1771 3786 1800 ’⁵
3814 1786 3978 1837 στρα-

2398 1880 2562 1949 τηγδς
2583 1878 2687 1930 ὑπὸ
2703 1876 2779 1938 τῷ
2802 1874 2972 1942 ἑτέρῳ
2992 1871 3184 1938 ὑπάτῳ
3200 1869 3438 1923 Κάτωνι.
3459 1863 3917 1931 ἐπιφανεστάταις
3935 1861 3977 1889 ’⁸

2402 1973 2598 2040 μάχαις
2625 1970 2750 2031 τοὺς
2770 1963 3080 2023 Ἰταλιώτας
3118 1960 3216 2028 οὐχ
3250 1956 3417 2022 ἅπαξ,
3434 1953 3571 2007 ἀλλὰ
3596 1954 3691 2007 καλ⁵
3721 1952 3979 2010 πολλάκις

2398 2064 2743 2130 νικήσαντες.
2792 2055 2958 2127 [1188
2989 2052 3080 2123 IL]
3133 2052 3201 2103 τὰ
3232 2050 3541 2119 πράγματα
3574 2044 3766 2130 αὐτῶν
3805 2044 3889 2104 εἰς
3923 2043 3982 2094 τὸ

2402 2126 3193 2216 συντρίϐεσθαιῨπεριέστησαν.
3222 2137 3602 2204 Ἐπολέμησαν
3631 2132 3677 2185 δ’
3707 2126 3802 2183 οὗν
3832 2130 3980 2181 xui"

2399 2242 2478 2293 ἔτι
2496 2258 2508 2270 ·
2545 2239 2680 2292 ἀλλὰ
2706 2238 2867 2289 Γαΐού
2892 2232 3186 2285 Κοσκονίου
3205 2231 3248 2261 ⁸⁷
3289 2228 3571 2289 σταλέντος
3602 2227 3679 2287 εἰς
3701 2225 3983 2289 Ἰαπυγίαν

2401 2328 2706 2399 στρατηγοῦ
2752 2326 3011 2385 πολλάκις
3056 2322 3389 2393 ἡττήθησαν.
3420 2313 3552 2371 Εἶτα
3588 2316 3983 2375 ὲλαττωθέντες

2398 2424 2494 2475 καὶ
2508 2422 2553 2452 ¹⁶
2582 2422 2645 2473 ὲκ
2670 2417 2881 2470 πολλῶν
2911 2415 3082 2481 ὀλίγοι
3112 2410 3756 2477 καταλειφθέντες,κοινῇ
3788 2406 3981 2474 γνώμῃ

2398 2516 2497 2581 τὴν
2531 2509 2716 2577 κοινὴν
2736 2510 2783 2539 ¹⁹
2814 2505 3126 2559 ἐκλείπουσι
3157 2502 3342 2563 πόλιν,
3373 2500 3434 2551 τὸ
3463 2499 3775 2568 Κορφίνιον,
3807 2497 3895 2548 διὰ
3927 2496 3985 2547 τὸ

2401 2602 2527 2659 τοὺς
2575 2599 2832 2665 Μάρσους
2881 2593 2975 2646 καὶ
3016 2590 3193 2644 πάντα
3224 2590 3293 2643 τὰ
3321 2588 3638 2656 γειτνιῶντα
3673 2586 3785 2639 τῶν
3816 2584 3987 2637 ἐθνῶν

2402 2682 2925 2757 προσκεχωρηκέναι
2947 2683 3061 2743 τοῖς
3090 2680 3403 2749 Ῥωμαίοις.
3425 2679 3518 2740 Εἰς
3544 2678 3600 2729 δὲ
3628 2678 3728 2745 τὴν
3761 2678 3819 2727 ὲν
3847 2676 3986 2727 Σαυ-

2403 2778 2578 2838 νίταις
2614 2774 2902 2845 Αἰσερνίαν
2934 2770 3416 2839 καθιδρύθησαν³⁰,
3448 2770 3609 2820 πέντε
3643 2769 3987 2835 στρατηγοὺς

2405 2867 2587 2927 αὐτοῖς
2634 2866 3045 2934 ἐπιστήσαντες,
3082 2856 3157 2914 ὧν
3205 2862 3285 2911 ἑνὶ
3332 2858 3566 2928 μάλιστα
3597 2859 3811 2925 Κοΐντῳ
3844 2858 3991 2922 Πομ-

2406 2958 2605 3027 παιδίῳ
2636 2957 2827 3009 Σίλωνι
2856 2956 2954 3025 τὴν
2988 2956 3207 3006 πάντων
3234 2952 3530 3023 ἡγεμονίαν
3551 2951 3881 3003 ἐπίστευσαν
3904 2949 3992 2999 διὰ

2405 3048 2504 3117 τὴν
2537 3048 2665 3115 περ)⁸
2697 3046 2857 3097 αὐτὴν
2901 3048 2957 3096 ὲν
2990 3044 3068 3113 τῷ
3103 3044 3425 3112 στρατηγεῖν
3456 3040 3657 3108 ἀρετήν
3686 3054 3743 3089 τε
3778 3039 3873 3087 καὶ
3905 3037 3990 3087 δό-

727 3134 1076 3203 congregavit
1118 3135 1278 3187 etiam
1311 3149 1519 3198 servos,
1541 3151 1571 3188 a
1604 3150 1663 3189 se
1688 3135 1938 3189 libertate
1964 3136 2214 3199 donatos,
2249 3144 2304 3189 et

2410 3140 2525 3204 ξαν.
2557 3132 2721 3197 Οὗτος
2754 3135 2811 3188 δὲ
2862 3135 2999 3203 μετὰ
3026 3134 3125 3199 τῆς
3154 3132 3341 3199 κοινῆς
3370 3132 3479 3182 τῶν
3511 3127 3835 3198 στρατηγῶν
3862 3126 3995 3192 γνώ-

730 3230 787 3273 nt
820 3233 1027 3289 tempus
1060 3221 1265 3275 ferebat
1292 3234 1530 3276 armatos
1566 3238 1670 3276 non
1697 3223 1868 3277 multo
1899 3224 2184 3291 pauciores
2209 3225 2305 3277 de-

730 3328 847 3366 cem
889 3313 1146 3377 millibus,
1180 3323 1234 3367 et
1267 3314 1475 3382 equites
1502 3315 1671 3368 mille.
1723 3316 1799 3369 Ac
1834 3315 2017 3383 praelia
2043 3332 2166 3369 cum
2200 3315 2312 3368 Ro-

733 3404 908 3455 manis
963 3416 1315 3469 cougressus,
1376 3417 1607 3469 quorum
1662 3403 1766 3455 dux
1819 3412 1936 3455 erat
1985 3401 2307 3463 Mamercus,

735 3493 1009 3547 Romanos
1058 3507 1257 3559 paucos
1307 3492 1581 3556 interﬁcit,
1634 3501 1689 3545 ct
1742 3506 1961 3545 suorum
2010 3506 2170 3558 supra
2218 3505 2309 3542 sex

735 3579 903 3631 millia
934 3579 1153 3634 amittit.
1189 3578 1289 3631 Per
1323 3578 1463 3632 idem
1505 3588 1719 3645 tempus
1748 3576 1995 3631 Metellus
2037 3579 2087 3629 in
2121 3576 2309 3642 Apulia

734 3670 1048 3733 Venusiam,
1094 3670 1279 3724 urbem
1312 3670 1445 3723 satis
1486 3685 1755 3738 magnam,
1782 3678 1838 3722 et
1885 3670 2084 3721 milites
2117 3668 2314 3724 multos

738 3761 1047 3822 habentem,
1079 3759 1431 3829 expugnavit,
1458 3768 1512 3811 et
1544 3759 1829 3826 plusquam
1860 3758 1963 3811 tria
2025 3758 2189 3811 millia
2223 3772 2307 3811 ca-

735 3854 1003 3921 ptivorum
1029 3852 1187 3917 cepit.
1225 3849 1451 3918 Jamque
1499 3851 1878 3918 superantibus
1907 3850 1958 3902 in
2001 3851 2114 3902 dies
2146 3850 2315 3919 magis

737 3943 1021 4009 magisque
1076 3940 1358 4001 Romanis,
1417 3940 1636 3993 mittunt
1674 3940 1789 3993 Itali
1838 3941 1902 3992 ad
1948 3938 2315 3993 Mithridatem

739 4048 921 4101 regem
966 4032 1148 4094 Ponti,
1206 4031 1494 4100 pollentem
1551 4041 1681 4083 tunc
1721 4029 1910 4084 bellica
1961 4046 2123 4083 manu
2157 4042 2317 4098 atque

738 4135 1019 4193 apparatu,
1053 4135 1296 4193 petentes
1325 4134 1381 4176 nt
1428 4125 1478 4177 in
1515 4122 1723 4176 Italiam
1756 4126 2015 4177 adversus
2044 4121 2318 4177 Romanos

739 4218 1030 4270 adduceret
1062 4216 1270 4283 copias,
1304 4216 1377 4268 ita
1433 4217 1576 4269 enim
1618 4214 1776 4267 facile
1810 4215 2119 4282 conjunctis
2148 4217 2319 4283 copiis

740 4322 899 4376 posse
955 4307 1322 4360 Romanorum
1398 4306 1543 4359 vires
1610 4305 1912 4358 deturbari.
1978 4304 2318 4359 Mithridates

738 4412 1060 4464 responsqu
1107 4396 1239 4461 dat,
1294 4399 1579 4449 ducturum
1628 4410 1686 4449 se
1743 4397 1927 4464 c0pias
1972 4396 2022 4448 in
2073 4394 2319 4462 Italiam,

2412 3243 2520 3296 μης
2551 3224 2917 3278 κατεσκεύασε
2949 3224 3189 3292 μεγάλην
3212 3221 3462 3288 δύναμιν,
3488 3218 3560 3279 ὡς
3588 3219 3714 3278 τοὺς
3741 3217 3993 3283 σύμπιν-

2410 3334 2506 3378 τας
2541 3316 2676 3383 μετὰ
2708 3313 2816 3366 τῶν
2863 3313 3324 3383 προῦπαρχόντων
3352 3310 3480 3380 περὶ
3510 3308 3871 3377 τρισμυρίους
3901 3324 3994 3371 γε·

2412 3405 2617 3457 νέσθαι.
2654 3406 2837 3473 Χωρὶς
2862 3405 2918 3456 δὲ
2945 3405 3149 3454 τούτων
3181 3403 3314 3464 ,τοὺς
3359 3401 3577 3461 δούλους
3622 3397 3994 3464 ἐλευθερώσας

2414 3497 2508 3546 καὶ
2540 3494 2635 3559 (ὡς
2661 3493 2688 3542 ὁ
2713 3492 2901 3560 καιρὸς
2930 3490 3123 3556 ἐδίδου)
3156 3489 3491 3551 καθοπλίσας
3516 3488 3747 3556 συνῆγεν
3770 3488 3835 3538 οὑ
3862 3486 3995 3535 πολὺ

2414 3585 2703 3644 λείποντας
2732 3582 2838 3633 τῶν
2864 3578 3165 3649 δισμυρίων
3183 3581 3250 3644 υ,
3286 3581 3468 3641 ίππείς
3497 3579 3553 3631 δὲ
3594 3577 3821 3647 χιλίους.
3855 3577 3998 3643 Συμ-

2415 3674 2593 3727 6αλὼν
2616 3673 2671 3724 δὲ
2701 3671 2992 3739 Ῥωμαίοις
3014 3671 3318 3739 Μαμέρκου
3344 3668 3774 3740 στρατηγοῦντος
3793 3668 3995 3728 αὐτῶν,

2429 3765 2732 3833 Ῥωμαίους
2772 3763 2869 3831 μὲν
2899 3762 3115 3829 ἀναιρεῖ
3146 3761 3378 3826 ὀλίγους,
3405 3761 3514 3812 τῶν
3544 3761 3589 3812 δ’
3618 3759 3840 3811 οἰκείων
3861 3758 3998 3826 ὑπὲρ

2418 3855 2814 3923 ἑξακισχιλίους
2866 3852 3183 3906 ἀποϐάλλει.
3224 3852 3334 3904 Καὶ
3387 3851 3658 3913 Μέτελλος
3703 3852 3847 3902 κατὰ
3904 3850 3999 3915 τὴν

2431 3946 2718 4001 Ἀπουλίαν
2752 3945 2881 4017 [640
2910 3944 3003 4016 Η.]
3033 3944 3132 4013 τὴν
3160 3942 3488 3995 Οὐενουσίαν
3529 3942 3684 3995 πόλιν
3722 3941 4000 4006 ἀξιόλογον

2418 4035 2583 4092 οὖσαν
2603 4037 2647 4067 ³⁸
2691 4038 2785 4088 καὶ
2832 4033 3171 4105 στρατιώτας
3220 4034 3445 4096 πολλοὺς
3492 4032 3719 4101 ἔχουσαν
3737 4033 3783 4063 ³⁸
3816 4034 4003 4096 ἐξεπο-

2419 4129 2677 4197 λιόρκησε
2730 4126 2874 4179 κατὰ
2921 4126 3112 4193 καιρὸν
3144 4125 3237 4177 τὸν
3275 4125 3460 4187 αὑτὸν,
3506 4125 3601 4176 καὶ
3632 4122 3851 4182 πλείους
3898 4122 4001 4171 τῶν

2420 4218 2735 4289 τρισχιλίων
2779 4218 2869 4286 αἰχ
2878 4217 3157 4287 μαλώτους
3202 4212 3341 4267 εἷλεν
3365 4215 3429 4269 ³³.
3448 4211 3923 4281 Ἐπικρατούντων
3949 4211 4003 4263 δ’

2422 4312 2515 4365 ἐπὶ
2549 4310 2748 4379 μᾶλλον
2796 4310 2889 4362 καὶ
2923 4308 3122 4377 μᾶλλον
3149 4307 3257 4359 τῶν
3294 4307 3579 4376 Ῥωμαίων
3615 4306 3927 4370 πέμπουσιν
3957 4303 4001 4353 οἱ

2436 4400 2628 4452 Ἰταλοὶ
2664 4397 2796 4465 πρὸς
2827 4396 3164 4466 Μιθριδάτην
3191 4396 3282 4447 τὸν
3314 4394 3538 4463 βασιλέα
3572 4394 3797 4455 Πόντου,
3826 4391 4005 4460 ἀκμά-

742 4496 1031 4556 postquam
1070 4487 1253 4539 Asiam
1303 4486 1597 4553 subegerit,
1645 4486 1698 4537 id
1744 4486 1889 4538 enim
1921 4486 2135 4554 agebat.
2166 4484 2307 4539 Hanc

2426 4491 2585 4554 ζοντα
2610 4490 2727 4541 τότε
2754 4489 3025 4557 πολεμικῇ
3052 4489 3199 4557 χειρὶ
3224 4486 3316 4539 καὶ
3350 4488 3697 4555 παρασκευῇ,
3726 4483 4005 4547 ἀξιοῦντες

742 4580 811 4632 ob
857 4594 968 4631 rem
1006 4593 1227 4646 prorsus
1278 4578 1463 4645 rejecti
1513 4577 1861 4631 rebellatores
1911 4578 2318 4646 despondebant

741 4672 974 4724 animos.
1026 4668 1194 4721 Erant
1246 4671 1387 4722 enim
1442 4668 1631 4735 reliqui
1692 4669 1997 4721 Samnitum
2047 4668 2225 4735 pauci,
2266 4679 2319 4721 et

744 4762 942 4816 Sabelli
977 4761 1122 4814 Nolae
1152 4763 1428 4828 degentes,
1464 4771 1519 4814 et
1544 4770 1739 4827 praater
1770 4760 1869 4814 hos
1904 4760 2235 4828 Lamponius
2267 4767 2321 4813 et

740 4852 1022 4921 Cleptius,
1088 4851 1348 4904 habentes
1400 4849 1740 4903 Lucanorum
1796 4850 2071 4918 reliquias.
2135 4851 2317 4919 Itaque

742 4945 971 4998 Marsico
1016 4944 1156 4997 bello
1190 4943 1301 5009 jam
1348 4941 1461 4996 fere
1500 4942 1869 5005 exolesceute,
1928 4942 2123 5011 392i:
2154 4958 2316 5011 supe-

743 5033 907 5086 rioris
944 5034 1202 5101 temporis
1233 5032 1528 5085 seditiones
1554 5032 1737 5085 civiles
1770 5029 1955 5084 Romae
1997 5048 2162 5085 novos
2208 5048 2321 5086 mo-

744 5134 830 5178 tus
853 5124 1141 5189 faciebant,
1187 5122 1369 5176 multis
1399 5122 1694 5176 illustribus
1729 5123 1857 5176 viris
1886 5123 2008 5176 belli
2037 5124 2318 5190 imperiunm

746 5218 1002 5267 adversus
1054 5214 1421 5267 Mithridatem
1483 5213 1866 5278 ambientibus,
1916 5221 2135 5281 propter
2188 5230 2315 5281 pra:-

751 5306 981 5357 miormu
1047 5307 1495 5374 magnitudinem.
1550 5305 1681 5358 Nam
1717 5315 1770 5357 et
1812 5304 1972 5357 Caius
2012 5304 2204 5368 Julius,
2260 5316 2315 5359 et

745 5394 905 5451 Caius
930 5397 1150 5465 Marius,
1178 5400 1223 5453 is
1239 5398 1329 5467 qui
1356 5398 1532 5452 sexies
1564 5397 1901 5451 consulatum
1938 5408 2199 5463 gesserat,
2230 5398 2315 5451 in-

2426 4585 2519 4635 ὲπὶ
2552 4583 2649 4651 τὴν
2679 4581 2909 4632 Ἰταλίαν
2936 4581 3077 4632 κατὰ
3103 4578 3389 4647 Ῥωμαίων
3409 4579 3564 4643 ἄγειν
3584 4578 3684 4637 τὰς
3706 4576 3967 4644 δυνάμεις
3988 4588 4004 4603 ·

2428 4674 2570 4725 οὕτω
2612 4673 2718 4741 γάρ
2764 4670 2957 4741 ῥᾳδίως
2975 4670 3018 4701 ³⁸
3065 4670 3131 4722 ἂν
3178 4668 3558 4734 συναφθέντων
3606 4667 3665 4719 τὸ
3698 4667 4008 4733 Ῥωμαϊκὸν

2429 4761 2941 4831 καταὸληθήσεσθαι
2989 4760 3214 4830 κράτος.
3235 4760 3292 4811 Ὀ
3318 4760 3373 4811 δὲ
3402 4758 3740 4828 Μιθριδάτης
3772 4760 4007 4826 ἀπόκρι-

2429 4871 2511 4906 σιν
2560 4852 2775 4903 δίδωσιν
2820 4848 2966 4913 ἄξειν
2984 4851 3024 4881 ³⁷
3067 4850 3166 4912 τὰς
3214 4849 3467 4917 δυνάμεις
3511 4850 3590 4908 εἰς
3625 4848 3723 4915 τὴν
3749 4846 4003 4907 Ἰταλίαν,

2426 4944 2642 4995 ἐπειδὰν
2672 4941 2823 5011 αὐτῷ
2857 4942 3174 5011 καταστήσῃ
3204 4940 3301 5009 τὴν
3324 4938 3508 4991 Ἀσίαν
3528 4955 3540 4966 ·
3574 4938 3731 4990 τοῦτο
3768 4938 3879 5006 γὰρ
3917 4938 4004 4988 καὶ

2423 5036 2682 5106 ἔπραττε.
2715 5035 2804 5087 Διὸ
2837 5034 3115 5096 παντελῶς
3140 5036 3187 5085 οἰ
3218 5034 3521 5086 ἀποστάται
3547 5030 4003 5097 τεταπεινωμένοι

2422 5126 2833 5193 ἀπεγίνωσκονο
2866 5125 3043 5177 λοιποὶ
3078 5124 3185 5193 γὰρ
3230 5123 3475 5192 ὑπῆρχον
3518 5120 3792 5174 Σαυνιτῶν
3836 5119 4002 5186 ὀλίγοι

2425 5223 2520 5269 καὶ
2551 5215 2805 5269 Σάὸελλοι
2836 5216 3200 5285 διατρίϐοντες
3251 5217 3307 5266 ὲν
3349 5218 3411 5283 τῇ
3453 5212 3617 5281 Νώλα
3650 5213 3745 5264 καὶ
3777 5214 3915 5282 πρός
3942 5228 4000 5277 γε

2422 5308 2632 5369 τούτοις
2680 5307 2728 5359 οἰ
2774 5308 2902 5376 περὶ
2954 5306 3285 5375 Λαμπώνιον
3316 5308 3410 5358 καὶ
3442 5305 3751 5369 Κλεπίτιον,
3783 5305 3993 5373 ἔχοντες

2428 5399 2656 5467 λείψανα
2682 5401 2787 5451 τῶν
2814 5399 3125 5453 Λευκανῶν.
3157 5400 3248 5450 Διὸ
3276 5400 3369 5451 καὶ
3391 5399 3434 5429 ³⁸
3462 5397 3555 5450 τοῦ
3578 5396 3873 5466 Μαρσικοῦ
3910 5412 4000 5448 ποο

2034 5540 2266 5595 νΑιιιΑς
2294 5542 2695 5597 ίΈΟΤΙΗΝΙιΞ.

817 5654 863 5686 ’⁸
886 5654 1340 5727 ὀνομάσαντεςῄς.
1384 5652 1633 5727 ξδ-Σύλας
1664 5654 1809 5727 A._"
1844 5655 1995 5727 émfp.
2026 5658 2141 5714 ταῖς
2172 5656 2373 5722 μάχαις
2402 5673 2460 5716 ς.
2503 5656 2547 5684 ’⁸
2580 5652 2703 5727 xa‘cl
2727 5672 2824 5705 ουκ
2855 5669 2918 5707 Α.
2978 5656 3021 5685 ³⁷
3050 5656 3319 5707 κοσκινίου
3353 5672 3412 5717 ς.
3466 5655 3510 5684 ’⁸
3538 5654 3716 5727 ὲλαττ.
3749 5655 3797 5706 εἰ
3827 5652 3917 5705 καί
3939 5668 3992 5713 ς.

751 5726 795 5759 ²⁹
832 5726 1021 5791 καινήν
1052 5741 1110 5787 ς.
1241 5722 1284 5752 ³ο
1310 5723 1709 5791 καθιδρύθησαν
1739 5722 1816 5791 B_:
1852 5724 2176 5791 καθίδρυσαν
2206 5741 2264 5787 ς.

753 5792 797 5829 ⁸³
823 5793 1049 5861 ἔχουσαν
1076 5794 1116 5847 Α
1140 5810 1152 5845 :
1177 5792 1470 5859 ἀνέχουσαν
1500 5811 1560 5856 ς’.

1672 5794 1713 5826 ³³
1747 5787 1889 5843 εἷλον
1924 5810 1980 5854 ς.
2011 5787 2019 5791 ⁷
2059 5792 2101 5825 ³⁸
2131 5794 2308 5861 ῥᾴδιον
2341 5811 2397 5856 ς.

2402 5727 2440 5763 ³⁸
2478 5722 2828 5789 ύπαρχᾶντων
2861 5741 2917 5785 ς.
3042 5728 3085 5760 ³¹
3121 5726 3328 5794 μυρίων
3359 5728 3421 5777 Α.
3527 5722 3769 5794 ³³νοῦσαν
3798 5738 3908 5778 om.
3934 5726 3993 5773 A.

2510 5796 2549 5825 ³⁷
2574 5795 2721 5857 ἄξειν
2758 5795 2831 5844 A:
2872 5795 3011 5858 Ξξσιν
3038 5793 3130 5857 ς(
3194 5795 3238 5826 ⁸³
3274 5795 3366 5847 καὶ
3409 5794 3529 5847 add.
3568 5793 3609 5845 Δ
