  <div class='ocr_page' id='page_1' title='image "/cluster/home/n/w/nwhite01/storage/ocr_20150623/103/nnc1.0046979689/740.png"; bbox 0 0 4216 6430; ppageno 0'>
   <div class='ocr_carea' id='block_1_1' title="bbox 246 401 393 469">
    <p class='ocr_par' dir='ltr' id='par_1_1' title="bbox 246 401 393 469">
     <span class='ocr_line' id='line_1_1' title="bbox 246 401 393 469; baseline 0.027 -4"><span class='ocrx_word' id='word_1_1' title='bbox 246 401 393 469; x_wconf 70' lang='grc'><strong>1433</strong></span> 
     </span>
    </p>
   </div>
   <div class='ocr_carea' id='block_1_2' title="bbox 1303 411 2414 474">
    <p class='ocr_par' dir='ltr' id='par_1_2' title="bbox 1303 411 2414 474">
     <span class='ocr_line' id='line_1_2' title="bbox 1303 411 2414 474; baseline 0.003 -3"><span class='ocrx_word' id='word_1_2' title='bbox 1303 411 1820 473; x_wconf 78' lang='lat' dir='ltr'><strong>BBiLIOTHECA.</strong></span> <span class='ocrx_word' id='word_1_3' title='bbox 1850 437 1917 449; x_wconf 88' lang='grc'><strong><em>--</em></strong></span> <span class='ocrx_word' id='word_1_4' title='bbox 1947 414 2112 474; x_wconf 88' lang='lat' dir='ltr'><strong>COD.</strong></span> <span class='ocrx_word' id='word_1_5' title='bbox 2146 413 2414 474; x_wconf 71' lang='lat' dir='ltr'><strong>CCXLIV</strong></span> 
     </span>
    </p>
   </div>
   <div class='ocr_carea' id='block_1_3' title="bbox 3378 410 3517 478">
    <p class='ocr_par' dir='ltr' id='par_1_3' title="bbox 3378 410 3517 478">
     <span class='ocr_line' id='line_1_3' title="bbox 3378 410 3517 478; baseline 0.05 -7"><span class='ocrx_word' id='word_1_6' title='bbox 3378 410 3517 478; x_wconf 60' lang='lat'><strong>143‘</strong></span> 
     </span>
    </p>
   </div>
   <div class='ocr_carea' id='block_1_4' title="bbox 243 522 1835 598">
    <p class='ocr_par' dir='ltr' id='par_1_4' title="bbox 243 522 1825 598">
     <span class='ocr_line' id='line_1_4' title="bbox 243 522 1825 598; baseline 0.003 -24"><span class='ocrx_word' id='word_1_7' title='bbox 243 523 420 592; x_wconf 74' lang='grc' dir='ltr'><strong>λέμου</strong></span> <span class='ocrx_word' id='word_1_8' title='bbox 449 523 637 592; x_wconf 83' lang='grc' dir='ltr'><strong>σχεδὸν</strong></span> <span class='ocrx_word' id='word_1_9' title='bbox 679 523 779 594; x_wconf 70' lang='grc' dir='ltr'><strong>ἤδη</strong></span> <span class='ocrx_word' id='word_1_10' title='bbox 829 522 1180 593; x_wconf 65' lang='grc' dir='ltr'><strong>διαλυομένου</strong></span> <span class='ocrx_word' id='word_1_11' title='bbox 1215 526 1375 579; x_wconf 85' lang='grc' dir='ltr'><strong>πάλιν</strong></span> <span class='ocrx_word' id='word_1_12' title='bbox 1401 530 1455 589; x_wconf 83' lang='grc' dir='ltr'><strong>αἱ</strong></span> <span class='ocrx_word' id='word_1_13' title='bbox 1490 539 1825 598; x_wconf 83' lang='grc' dir='ltr'><strong>προγεγενη-</strong></span> 
     </span>
    </p>
   </div>
   <div class='ocr_carea' id='block_1_5' title="bbox 1939 522 3512 598">
    <p class='ocr_par' dir='ltr' id='par_1_5' title="bbox 1939 526 3512 597">
     <span class='ocr_line' id='line_1_5' title="bbox 1939 526 3512 597; baseline 0.001 -14"><span class='ocrx_word' id='word_1_14' title='bbox 1939 541 2011 583; x_wconf 65' lang='lat' dir='ltr'><strong>ter</strong></span> <span class='ocrx_word' id='word_1_15' title='bbox 2061 544 2119 583; x_wconf 86' lang='lat' dir='ltr'><strong>se</strong></span> <span class='ocrx_word' id='word_1_16' title='bbox 2172 528 2569 583; x_wconf 74' lang='lat' dir='ltr'><strong>cmiteuilebaut</strong></span> <span class='ocrx_word' id='word_1_17' title='bbox 2615 534 2671 582; x_wconf 91' lang='lat' dir='ltr'><strong>et</strong></span> <span class='ocrx_word' id='word_1_18' title='bbox 2730 527 2905 596; x_wconf 83' lang='lat' dir='ltr'><strong>plebis</strong></span> <span class='ocrx_word' id='word_1_19' title='bbox 2940 541 3065 597; x_wconf 86' lang='lat' dir='ltr'><strong>pars</strong></span> <span class='ocrx_word' id='word_1_20' title='bbox 3124 526 3295 583; x_wconf 83' lang='lat' dir='ltr'><strong>altera</strong></span> <span class='ocrx_word' id='word_1_21' title='bbox 3356 529 3512 585; x_wconf 85' lang='lat' dir='ltr'><strong>alteri</strong></span> 
     </span>
    </p>
   </div>
   <div class='ocr_carea' id='block_1_6' title="bbox 248 611 1833 688">
    <p class='ocr_par' dir='ltr' id='par_1_6' title="bbox 248 611 1833 688">
     <span class='ocr_line' id='line_1_6' title="bbox 248 611 1833 688; baseline 0.003 -23"><span class='ocrx_word' id='word_1_22' title='bbox 248 611 416 679; x_wconf 63' lang='grc' dir='ltr'><strong>μόναι</strong></span> <span class='ocrx_word' id='word_1_23' title='bbox 467 614 685 675; x_wconf 79' lang='grc' dir='ltr'><strong>στάσεις</strong></span> <span class='ocrx_word' id='word_1_24' title='bbox 735 612 990 681; x_wconf 86' lang='grc' dir='ltr'><strong>ἐμφύλιοι</strong></span> <span class='ocrx_word' id='word_1_25' title='bbox 1032 616 1173 667; x_wconf 87' lang='grc' dir='ltr'><strong>κατά</strong></span> <span class='ocrx_word' id='word_1_26' title='bbox 1200 617 1299 685; x_wconf 82' lang='grc' dir='ltr'><strong>τὴν</strong></span> <span class='ocrx_word' id='word_1_27' title='bbox 1337 617 1558 686; x_wconf 80' lang='grc' dir='ltr'><strong>Ῥώμην</strong></span> <span class='ocrx_word' id='word_1_28' title='bbox 1587 619 1833 688; x_wconf 77' lang='grc' dir='ltr'><strong>κινήσεις</strong></span> 
     </span>
    </p>
   </div>
   <div class='ocr_carea' id='block_1_7' title="bbox 244 701 1834 778">
    <p class='ocr_par' dir='ltr' id='par_1_7' title="bbox 244 701 1834 778">
     <span class='ocr_line' id='line_1_7' title="bbox 244 701 1834 778; baseline 0.007 -27"><span class='ocrx_word' id='word_1_29' title='bbox 244 701 579 769; x_wconf 72' lang='grc' dir='ltr'><strong>ἐλάμϐανον,</strong></span> <span class='ocrx_word' id='word_1_30' title='bbox 604 704 1068 773; x_wconf 82' lang='grc' dir='ltr'><strong>ἀντιποιουμένων</strong></span> <span class='ocrx_word' id='word_1_31' title='bbox 1090 706 1299 758; x_wconf 81' lang='grc' dir='ltr'>πολλῶν</span> <span class='ocrx_word' id='word_1_32' title='bbox 1324 708 1547 773; x_wconf 75' lang='grc' dir='ltr'><strong>ἐνδόξων</strong></span> <span class='ocrx_word' id='word_1_33' title='bbox 1568 710 1628 761; x_wconf 82' lang='grc' dir='ltr'><strong>τὸ</strong></span> <span class='ocrx_word' id='word_1_34' title='bbox 1650 711 1834 778; x_wconf 79' lang='grc' dir='ltr'><strong>τυχεῖν</strong></span> 
     </span>
    </p>
   </div>
   <div class='ocr_carea' id='block_1_8' title="bbox 242 790 1833 867">
    <p class='ocr_par' dir='ltr' id='par_1_8' title="bbox 242 790 1833 867">
     <span class='ocr_line' id='line_1_8' title="bbox 242 790 1833 867; baseline 0.006 -26"><span class='ocrx_word' id='word_1_35' title='bbox 242 790 347 856; x_wconf 80' lang='grc' dir='ltr'><strong>τῆς</strong></span> <span class='ocrx_word' id='word_1_36' title='bbox 376 791 520 843; x_wconf 85' lang='grc' dir='ltr'><strong>κατά</strong></span> <span class='ocrx_word' id='word_1_37' title='bbox 546 791 880 860; x_wconf 83' lang='grc' dir='ltr'><strong>Μιθριδάτου</strong></span> <span class='ocrx_word' id='word_1_38' title='bbox 915 796 1247 863; x_wconf 78' lang='grc' dir='ltr'><strong>στρατηγίας</strong></span> <span class='ocrx_word' id='word_1_39' title='bbox 1267 796 1353 849; x_wconf 80' lang='grc' dir='ltr'><strong>διά</strong></span> <span class='ocrx_word' id='word_1_40' title='bbox 1380 798 1441 849; x_wconf 84' lang='grc' dir='ltr'><strong>τὸ</strong></span> <span class='ocrx_word' id='word_1_41' title='bbox 1474 798 1702 867; x_wconf 82' lang='grc' dir='ltr'><strong>μέγεθος</strong></span> <span class='ocrx_word' id='word_1_42' title='bbox 1721 798 1833 851; x_wconf 83' lang='grc' dir='ltr'><strong>τῶν</strong></span> 
     </span>
    </p>
   </div>
   <div class='ocr_carea' id='block_1_9' title="bbox 244 885 1835 961">
    <p class='ocr_par' dir='ltr' id='par_1_9' title="bbox 244 885 1835 961">
     <span class='ocr_line' id='line_1_9' title="bbox 244 885 1835 961; baseline 0.006 -26"><span class='ocrx_word' id='word_1_43' title='bbox 244 885 503 937; x_wconf 75' lang='grc' dir='ltr'><strong>ἐπάθλων</strong></span> <span class='ocrx_word' id='word_1_44' title='bbox 521 903 547 917; x_wconf 52' lang='grc' dir='ltr'><strong>’ί</strong></span> <span class='ocrx_word' id='word_1_45' title='bbox 570 887 728 950; x_wconf 79' lang='grc' dir='ltr'><strong>Γάϊός</strong></span> <span class='ocrx_word' id='word_1_46' title='bbox 750 905 808 940; x_wconf 84' lang='grc' dir='ltr'><strong>τε</strong></span> <span class='ocrx_word' id='word_1_47' title='bbox 838 889 945 957; x_wconf 78' lang='grc' dir='ltr'><strong>γάρ</strong></span> <span class='ocrx_word' id='word_1_48' title='bbox 969 888 1187 950; x_wconf 82' lang='grc' dir='ltr'><strong>Ἰούλιος</strong></span> <span class='ocrx_word' id='word_1_49' title='bbox 1233 891 1325 943; x_wconf 66' lang='grc' dir='ltr'><strong>καὶ⁵</strong></span> <span class='ocrx_word' id='word_1_50' title='bbox 1368 891 1528 953; x_wconf 83' lang='grc' dir='ltr'><strong>Γάϊος</strong></span> <span class='ocrx_word' id='word_1_51' title='bbox 1551 892 1781 961; x_wconf 75' lang='grc' dir='ltr'><strong>ΙΜάριος</strong></span> <span class='ocrx_word' id='word_1_52' title='bbox 1805 892 1835 944; x_wconf 81' lang='grc' dir='ltr'><strong>ὁ</strong></span> 
     </span>
    </p>
   </div>
   <div class='ocr_carea' id='block_1_10' title="bbox 245 972 1833 1052">
    <p class='ocr_par' dir='ltr' id='par_1_10' title="bbox 245 972 1833 1052">
     <span class='ocr_line' id='line_1_10' title="bbox 245 972 1833 1052; baseline 0.006 -26"><span class='ocrx_word' id='word_1_53' title='bbox 245 975 439 1039; x_wconf 79' lang='grc' dir='ltr'><strong>ἑξάκις</strong></span> <span class='ocrx_word' id='word_1_54' title='bbox 470 977 781 1040; x_wconf 79' lang='grc' dir='ltr'><strong>ὑπατεύσας</strong></span> <span class='ocrx_word' id='word_1_55' title='bbox 799 972 1299 1046; x_wconf 80' lang='grc' dir='ltr'><strong>άντεφιλοκείνουν,</strong></span> <span class='ocrx_word' id='word_1_56' title='bbox 1332 982 1426 1034; x_wconf 72' lang='grc' dir='ltr'><strong>καὶ</strong></span> <span class='ocrx_word' id='word_1_57' title='bbox 1454 982 1516 1033; x_wconf 84' lang='grc' dir='ltr'><strong>τὸ</strong></span> <span class='ocrx_word' id='word_1_58' title='bbox 1540 982 1743 1050; x_wconf 86' lang='grc' dir='ltr'><strong>πλῆθος</strong></span> <span class='ocrx_word' id='word_1_59' title='bbox 1764 978 1833 1052; x_wconf 80' lang='grc' dir='ltr'><strong>ἦν</strong></span> 
     </span>
    </p>
   </div>
   <div class='ocr_carea' id='block_1_11' title="bbox 244 1066 1835 1141">
    <p class='ocr_par' dir='ltr' id='par_1_11' title="bbox 244 1066 1835 1141">
     <span class='ocr_line' id='line_1_11' title="bbox 244 1066 1835 1141; baseline 0.005 -25"><span class='ocrx_word' id='word_1_60' title='bbox 244 1066 537 1136; x_wconf 74' lang='grc' dir='ltr'><strong>ἑκατέροις</strong></span> <span class='ocrx_word' id='word_1_61' title='bbox 570 1068 1045 1137; x_wconf 74' lang='grc' dir='ltr'><strong>συμμεριξόμενον</strong></span> <span class='ocrx_word' id='word_1_62' title='bbox 1073 1072 1193 1131; x_wconf 76' lang='grc' dir='ltr'><strong>ταῖς</strong></span> <span class='ocrx_word' id='word_1_63' title='bbox 1221 1070 1488 1140; x_wconf 83' lang='grc' dir='ltr'><strong>γνώμαις.</strong></span> <span class='ocrx_word' id='word_1_64' title='bbox 1518 1072 1835 1141; x_wconf 83' lang='grc' dir='ltr'><strong>Συνὲὁησαν</strong></span> 
     </span>
    </p>
   </div>
   <div class='ocr_carea' id='block_1_12' title="bbox 244 1155 1833 1227">
    <p class='ocr_par' dir='ltr' id='par_1_12' title="bbox 244 1155 1833 1227">
     <span class='ocr_line' id='line_1_12' title="bbox 244 1155 1833 1227; baseline 0.004 -21"><span class='ocrx_word' id='word_1_65' title='bbox 244 1155 306 1206; x_wconf 76' lang='grc' dir='ltr'><strong>δὲ</strong></span> <span class='ocrx_word' id='word_1_66' title='bbox 336 1158 436 1207; x_wconf 76' lang='grc' dir='ltr'><strong>καὶ</strong></span> <span class='ocrx_word' id='word_1_67' title='bbox 470 1157 655 1225; x_wconf 82' lang='grc' dir='ltr'><strong>ἑτεραι</strong></span> <span class='ocrx_word' id='word_1_68' title='bbox 685 1158 1020 1226; x_wconf 82' lang='grc' dir='ltr'><strong>ταραχαί.’0</strong></span> <span class='ocrx_word' id='word_1_69' title='bbox 1052 1160 1236 1227; x_wconf 82' lang='grc' dir='ltr'><strong>μέντοι</strong></span> <span class='ocrx_word' id='word_1_70' title='bbox 1266 1160 1471 1224; x_wconf 80' lang='grc' dir='ltr'><strong>Σύλλας</strong></span> <span class='ocrx_word' id='word_1_71' title='bbox 1507 1160 1711 1222; x_wconf 80' lang='grc' dir='ltr'><strong>ὕπατος</strong></span> <span class='ocrx_word' id='word_1_72' title='bbox 1736 1161 1833 1227; x_wconf 85' lang='grc' dir='ltr'><strong>ὣν,</strong></span> 
     </span>
    </p>
   </div>
   <div class='ocr_carea' id='block_1_13' title="bbox 243 1248 1835 1322">
    <p class='ocr_par' dir='ltr' id='par_1_13' title="bbox 243 1248 1835 1322">
     <span class='ocr_line' id='line_1_13' title="bbox 243 1248 1835 1322; baseline 0.004 -23"><span class='ocrx_word' id='word_1_73' title='bbox 243 1248 541 1315; x_wconf 78' lang='grc' dir='ltr'><strong>χωρισθεὶς</strong></span> <span class='ocrx_word' id='word_1_74' title='bbox 569 1249 669 1318; x_wconf 84' lang='grc' dir='ltr'><strong>τῆς</strong></span> <span class='ocrx_word' id='word_1_75' title='bbox 699 1250 943 1318; x_wconf 85' lang='grc' dir='ltr'><strong>Ῥώμης,</strong></span> <span class='ocrx_word' id='word_1_76' title='bbox 973 1252 1112 1319; x_wconf 86' lang='grc' dir='ltr'><strong>πρὸς</strong></span> <span class='ocrx_word' id='word_1_77' title='bbox 1138 1252 1238 1314; x_wconf 84' lang='grc' dir='ltr'><strong>τάς</strong></span> <span class='ocrx_word' id='word_1_78' title='bbox 1265 1250 1395 1321; x_wconf 76' lang='grc' dir='ltr'><strong>περὶ</strong></span> <span class='ocrx_word' id='word_1_79' title='bbox 1425 1252 1620 1305; x_wconf 84' lang='grc' dir='ltr'><strong>Νῶλαν</strong></span> <span class='ocrx_word' id='word_1_80' title='bbox 1646 1253 1835 1322; x_wconf 79' lang='grc' dir='ltr'><strong>ἠθροι-</strong></span> 
     </span>
    </p>
   </div>
   <div class='ocr_carea' id='block_1_14' title="bbox 245 1341 1835 1414">
    <p class='ocr_par' dir='ltr' id='par_1_14' title="bbox 245 1341 1835 1414">
     <span class='ocr_line' id='line_1_14' title="bbox 245 1341 1835 1414; baseline 0.003 -23"><span class='ocrx_word' id='word_1_81' title='bbox 245 1341 457 1407; x_wconf 78' lang='grc' dir='ltr'><strong>σμένας</strong></span> <span class='ocrx_word' id='word_1_82' title='bbox 485 1342 819 1410; x_wconf 81' lang='grc' dir='ltr'><strong>παρεγένετο</strong></span> <span class='ocrx_word' id='word_1_83' title='bbox 851 1341 1113 1412; x_wconf 86' lang='grc' dir='ltr'><strong>δυνάμεις</strong></span> <span class='ocrx_word' id='word_1_84' title='bbox 1134 1380 1152 1408; x_wconf 94' lang='grc'><strong>,</strong></span> <span class='ocrx_word' id='word_1_85' title='bbox 1181 1344 1277 1396; x_wconf 74' lang='grc' dir='ltr'><strong>καὶ</strong></span> <span class='ocrx_word' id='word_1_86' title='bbox 1305 1344 1535 1411; x_wconf 81' lang='grc' dir='ltr'><strong>πολλοὺς</strong></span> <span class='ocrx_word' id='word_1_87' title='bbox 1562 1344 1671 1398; x_wconf 81' lang='grc' dir='ltr'><strong>τῶν</strong></span> <span class='ocrx_word' id='word_1_88' title='bbox 1696 1345 1835 1414; x_wconf 87' lang='grc' dir='ltr'><strong>πλη-</strong></span> 
     </span>
    </p>
   </div>
   <div class='ocr_carea' id='block_1_15' title="bbox 246 1432 1837 1506">
    <p class='ocr_par' dir='ltr' id='par_1_15' title="bbox 246 1432 1837 1506">
     <span class='ocr_line' id='line_1_15' title="bbox 246 1432 1837 1506; baseline 0.005 -25"><span class='ocrx_word' id='word_1_89' title='bbox 246 1432 589 1499; x_wconf 76' lang='grc' dir='ltr'><strong>σιοχώρων³⁸</strong></span> <span class='ocrx_word' id='word_1_90' title='bbox 638 1434 1130 1504; x_wconf 79' lang='grc' dir='ltr'><strong>καταπληξάμενος</strong></span> <span class='ocrx_word' id='word_1_91' title='bbox 1178 1436 1459 1503; x_wconf 75' lang='grc' dir='ltr'><strong>ἠνάγκασε</strong></span> <span class='ocrx_word' id='word_1_92' title='bbox 1499 1436 1837 1506; x_wconf 84' lang='grc' dir='ltr'><strong>παραδοῦναι</strong></span> 
     </span>
    </p>
   </div>
   <div class='ocr_carea' id='block_1_16' title="bbox 245 1524 1835 1594">
    <p class='ocr_par' dir='ltr' id='par_1_16' title="bbox 245 1524 1835 1594">
     <span class='ocr_line' id='line_1_16' title="bbox 245 1524 1835 1594; baseline 0.003 -20"><span class='ocrx_word' id='word_1_93' title='bbox 245 1524 391 1588; x_wconf 77' lang='grc' dir='ltr'><strong>σφᾶς</strong></span> <span class='ocrx_word' id='word_1_94' title='bbox 417 1524 614 1585; x_wconf 79' lang='grc' dir='ltr'><strong>αὐτοὺς</strong></span> <span class='ocrx_word' id='word_1_95' title='bbox 644 1526 739 1578; x_wconf 72' lang='grc' dir='ltr'><strong>καὶ</strong></span> <span class='ocrx_word' id='word_1_96' title='bbox 769 1526 870 1589; x_wconf 85' lang='grc' dir='ltr'><strong>τάς</strong></span> <span class='ocrx_word' id='word_1_97' title='bbox 912 1527 1115 1588; x_wconf 84' lang='grc' dir='ltr'><strong>πόλεις.</strong></span> <span class='ocrx_word' id='word_1_98' title='bbox 1152 1527 1260 1579; x_wconf 81' lang='grc' dir='ltr'><strong>Τοῦ</strong></span> <span class='ocrx_word' id='word_1_99' title='bbox 1284 1527 1341 1579; x_wconf 83' lang='grc' dir='ltr'><strong>δὲ</strong></span> <span class='ocrx_word' id='word_1_100' title='bbox 1367 1526 1543 1579; x_wconf 83' lang='grc' dir='ltr'><strong>Σύλλα</strong></span> <span class='ocrx_word' id='word_1_101' title='bbox 1570 1528 1835 1594; x_wconf 85' lang='grc' dir='ltr'><strong>στρατεύ-</strong></span> 
     </span>
    </p>
   </div>
   <div class='ocr_carea' id='block_1_17' title="bbox 246 1613 1836 1685">
    <p class='ocr_par' dir='ltr' id='par_1_17' title="bbox 246 1613 1836 1685">
     <span class='ocr_line' id='line_1_17' title="bbox 246 1613 1836 1685; baseline 0.004 -24"><span class='ocrx_word' id='word_1_102' title='bbox 246 1627 447 1673; x_wconf 83' lang='grc' dir='ltr'><strong>σαντος</strong></span> <span class='ocrx_word' id='word_1_103' title='bbox 494 1613 593 1680; x_wconf 85' lang='grc' dir='ltr'><strong>μὲν</strong></span> <span class='ocrx_word' id='word_1_104' title='bbox 626 1614 717 1664; x_wconf 77' lang='grc' dir='ltr'><strong>ἐπὶ</strong></span> <span class='ocrx_word' id='word_1_105' title='bbox 748 1615 847 1683; x_wconf 82' lang='grc' dir='ltr'><strong>τὴν</strong></span> <span class='ocrx_word' id='word_1_106' title='bbox 870 1616 1056 1668; x_wconf 80' lang='grc' dir='ltr'><strong>Ἀσίαν</strong></span> <span class='ocrx_word' id='word_1_107' title='bbox 1086 1617 1229 1669; x_wconf 85' lang='grc' dir='ltr'><strong>κατά</strong></span> <span class='ocrx_word' id='word_1_108' title='bbox 1256 1616 1617 1685; x_wconf 82' lang='grc' dir='ltr'><strong>Μιθριδάτου.</strong></span> <span class='ocrx_word' id='word_1_109' title='bbox 1648 1618 1745 1683; x_wconf 82' lang='grc' dir='ltr'><strong>τῆς</strong></span> <span class='ocrx_word' id='word_1_110' title='bbox 1780 1617 1836 1668; x_wconf 73' lang='grc' dir='ltr'><strong>δὲ</strong></span> 
     </span>
    </p>
   </div>
   <div class='ocr_carea' id='block_1_18' title="bbox 258 1700 1839 1775">
    <p class='ocr_par' dir='ltr' id='par_1_18' title="bbox 258 1700 1839 1775">
     <span class='ocr_line' id='line_1_18' title="bbox 258 1700 1839 1775; baseline 0.004 -23"><span class='ocrx_word' id='word_1_111' title='bbox 258 1700 483 1771; x_wconf 80' lang='grc' dir='ltr'><strong>Ῥώμης</strong></span> <span class='ocrx_word' id='word_1_112' title='bbox 511 1705 775 1771; x_wconf 77' lang='grc' dir='ltr'><strong>μεγάλαις</strong></span> <span class='ocrx_word' id='word_1_113' title='bbox 805 1709 1071 1775; x_wconf 81' lang='grc' dir='ltr'><strong>ταραχαῖς</strong></span> <span class='ocrx_word' id='word_1_114' title='bbox 1102 1707 1197 1759; x_wconf 60' lang='grc' dir='ltr'><strong>καὶ⁷</strong></span> <span class='ocrx_word' id='word_1_115' title='bbox 1220 1708 1403 1774; x_wconf 81' lang='grc' dir='ltr'><strong>φόνοις</strong></span> <span class='ocrx_word' id='word_1_116' title='bbox 1431 1707 1715 1775; x_wconf 71' lang='grc' dir='ltr'><strong>ἐμφυλίοις</strong></span> <span class='ocrx_word' id='word_1_117' title='bbox 1740 1724 1839 1758; x_wconf 85' lang='grc' dir='ltr'><strong>πε-</strong></span> 
     </span>
    </p>
   </div>
   <div class='ocr_carea' id='block_1_19' title="bbox 250 1795 1835 1865">
    <p class='ocr_par' dir='ltr' id='par_1_19' title="bbox 250 1795 1835 1865">
     <span class='ocr_line' id='line_1_19' title="bbox 250 1795 1835 1865; baseline 0.004 -23"><span class='ocrx_word' id='word_1_118' title='bbox 250 1795 607 1861; x_wconf 79' lang='grc' dir='ltr'><strong>ρισπωμένης</strong></span> <span class='ocrx_word' id='word_1_119' title='bbox 629 1834 644 1857; x_wconf 89' lang='grc'><strong>,</strong></span> <span class='ocrx_word' id='word_1_120' title='bbox 675 1795 901 1864; x_wconf 85' lang='grc' dir='ltr'><strong>Μάρκος</strong></span> <span class='ocrx_word' id='word_1_121' title='bbox 924 1796 1188 1858; x_wconf 80' lang='grc' dir='ltr'><strong>Ἀπώνιος</strong></span> <span class='ocrx_word' id='word_1_122' title='bbox 1218 1798 1311 1848; x_wconf 71' lang='grc' dir='ltr'><strong>καὶ</strong></span> <span class='ocrx_word' id='word_1_123' title='bbox 1339 1796 1591 1865; x_wconf 78' lang='grc' dir='ltr'><strong>Τιὸἐριος</strong></span> <span class='ocrx_word' id='word_1_124' title='bbox 1628 1797 1835 1849; x_wconf 74' lang='grc' dir='ltr'><strong>Κλεπί-</strong></span> 
     </span>
    </p>
   </div>
   <div class='ocr_carea' id='block_1_20' title="bbox 1935 617 3515 691">
    <p class='ocr_par' dir='ltr' id='par_1_20' title="bbox 1935 617 3515 691">
     <span class='ocr_line' id='line_1_20' title="bbox 1935 617 3515 691; baseline -0.001 -16"><span class='ocrx_word' id='word_1_125' title='bbox 1935 619 2351 690; x_wconf 79' lang='lat' dir='ltr'><strong>sull‘ragabatur.</strong></span> <span class='ocrx_word' id='word_1_126' title='bbox 2390 619 2729 673; x_wconf 78' lang='lat' dir='ltr'><strong>Exstiterunt</strong></span> <span class='ocrx_word' id='word_1_127' title='bbox 2757 627 2813 674; x_wconf 90' lang='lat' dir='ltr'><strong>et</strong></span> <span class='ocrx_word' id='word_1_128' title='bbox 2848 619 2969 674; x_wconf 62' lang='lat' dir='ltr'><strong>alia</strong></span> <span class='ocrx_word' id='word_1_129' title='bbox 3001 623 3193 674; x_wconf 65' lang='lat' dir='ltr'><strong>turbae.</strong></span> <span class='ocrx_word' id='word_1_130' title='bbox 3218 617 3336 674; x_wconf 79' lang='lat' dir='ltr'><strong>Jam</strong></span> <span class='ocrx_word' id='word_1_131' title='bbox 3368 619 3515 691; x_wconf 80' lang='lat' dir='ltr'><strong>Sylla</strong></span> 
     </span>
    </p>
   </div>
   <div class='ocr_carea' id='block_1_21' title="bbox 1934 708 3515 779">
    <p class='ocr_par' dir='ltr' id='par_1_21' title="bbox 1934 708 3515 779">
     <span class='ocr_line' id='line_1_21' title="bbox 1934 708 3515 779; baseline 0.001 -17"><span class='ocrx_word' id='word_1_132' title='bbox 1934 708 2122 762; x_wconf 84' lang='lat' dir='ltr'><strong>consul</strong></span> <span class='ocrx_word' id='word_1_133' title='bbox 2162 710 2330 762; x_wconf 80' lang='lat' dir='ltr'><strong>ltoma</strong></span> <span class='ocrx_word' id='word_1_134' title='bbox 2362 708 2657 776; x_wconf 85' lang='lat' dir='ltr'><strong>profectus,</strong></span> <span class='ocrx_word' id='word_1_135' title='bbox 2682 708 2749 760; x_wconf 89' lang='lat' dir='ltr'><strong>ad</strong></span> <span class='ocrx_word' id='word_1_136' title='bbox 2773 717 3133 779; x_wconf 82' lang='lat' dir='ltr'><strong>congregatas</strong></span> <span class='ocrx_word' id='word_1_137' title='bbox 3157 709 3299 777; x_wconf 84' lang='lat' dir='ltr'><strong>apud</strong></span> <span class='ocrx_word' id='word_1_138' title='bbox 3327 709 3515 764; x_wconf 83' lang='lat' dir='ltr'><strong>Nolam</strong></span> 
     </span>
    </p>
   </div>
   <div class='ocr_carea' id='block_1_22' title="bbox 1936 798 3517 868">
    <p class='ocr_par' dir='ltr' id='par_1_22' title="bbox 1936 798 3517 868">
     <span class='ocr_line' id='line_1_22' title="bbox 1936 798 3517 868; baseline 0.002 -15"><span class='ocrx_word' id='word_1_139' title='bbox 1936 800 2119 867; x_wconf 87' lang='lat' dir='ltr'><strong>copias</strong></span> <span class='ocrx_word' id='word_1_140' title='bbox 2168 802 2354 860; x_wconf 86' lang='lat' dir='ltr'><strong>venit,</strong></span> <span class='ocrx_word' id='word_1_141' title='bbox 2424 807 2479 852; x_wconf 91' lang='lat' dir='ltr'><strong>et</strong></span> <span class='ocrx_word' id='word_1_142' title='bbox 2528 798 2730 853; x_wconf 87' lang='lat' dir='ltr'><strong>multos</strong></span> <span class='ocrx_word' id='word_1_143' title='bbox 2783 800 3134 853; x_wconf 84' lang='lat' dir='ltr'><strong>finitimorum</strong></span> <span class='ocrx_word' id='word_1_144' title='bbox 3193 802 3517 868; x_wconf 74' lang='lat' dir='ltr'><strong>perterritos</strong></span> 
     </span>
    </p>
   </div>
   <div class='ocr_carea' id='block_1_23' title="bbox 1935 891 3516 963">
    <p class='ocr_par' dir='ltr' id='par_1_23' title="bbox 1935 891 3516 963">
     <span class='ocr_line' id='line_1_23' title="bbox 1935 891 3516 963; baseline 0.001 -18"><span class='ocrx_word' id='word_1_145' title='bbox 1935 892 2131 960; x_wconf 90' lang='lat' dir='ltr'><strong>coegit,</strong></span> <span class='ocrx_word' id='word_1_146' title='bbox 2152 901 2206 943; x_wconf 92' lang='lat' dir='ltr'><strong>et</strong></span> <span class='ocrx_word' id='word_1_147' title='bbox 2226 892 2434 958; x_wconf 85' lang='lat' dir='ltr'><strong>seipsos</strong></span> <span class='ocrx_word' id='word_1_148' title='bbox 2465 901 2521 944; x_wconf 92' lang='lat' dir='ltr'><strong>et</strong></span> <span class='ocrx_word' id='word_1_149' title='bbox 2544 891 2708 944; x_wconf 85' lang='lat' dir='ltr'><strong>urbes</strong></span> <span class='ocrx_word' id='word_1_150' title='bbox 2736 891 2952 945; x_wconf 84' lang='lat' dir='ltr'><strong>dedere.</strong></span> <span class='ocrx_word' id='word_1_151' title='bbox 2987 891 3121 945; x_wconf 85' lang='lat' dir='ltr'><strong>Cum</strong></span> <span class='ocrx_word' id='word_1_152' title='bbox 3154 903 3335 947; x_wconf 88' lang='lat' dir='ltr'><strong>autem</strong></span> <span class='ocrx_word' id='word_1_153' title='bbox 3367 892 3516 963; x_wconf 88' lang='lat' dir='ltr'><strong>Sylla</strong></span> 
     </span>
    </p>
   </div>
   <div class='ocr_carea' id='block_1_24' title="bbox 1937 979 3516 1049">
    <p class='ocr_par' dir='ltr' id='par_1_24' title="bbox 1937 979 3516 1049">
     <span class='ocr_line' id='line_1_24' title="bbox 1937 979 3516 1049; baseline 0 -15"><span class='ocrx_word' id='word_1_154' title='bbox 1937 982 1989 1034; x_wconf 90' lang='lat' dir='ltr'><strong>in</strong></span> <span class='ocrx_word' id='word_1_155' title='bbox 2019 982 2201 1033; x_wconf 68' lang='lat' dir='ltr'><strong>Asiam</strong></span> <span class='ocrx_word' id='word_1_156' title='bbox 2230 981 2487 1034; x_wconf 83' lang='lat' dir='ltr'><strong>adversus</strong></span> <span class='ocrx_word' id='word_1_157' title='bbox 2529 979 2938 1035; x_wconf 81' lang='lat' dir='ltr'><strong>Mithriditatem</strong></span> <span class='ocrx_word' id='word_1_158' title='bbox 2988 980 3267 1049; x_wconf 88' lang='lat' dir='ltr'><strong>profectus</strong></span> <span class='ocrx_word' id='word_1_159' title='bbox 3300 982 3516 1046; x_wconf 76' lang='lat' dir='ltr'><strong>fuisset,</strong></span> 
     </span>
    </p>
   </div>
   <div class='ocr_carea' id='block_1_25' title="bbox 1936 1070 3518 1139">
    <p class='ocr_par' dir='ltr' id='par_1_25' title="bbox 1936 1070 3518 1139">
     <span class='ocr_line' id='line_1_25' title="bbox 1936 1070 3518 1139; baseline 0.001 -15"><span class='ocrx_word' id='word_1_160' title='bbox 1936 1080 1990 1124; x_wconf 86' lang='lat' dir='ltr'><strong>et</strong></span> <span class='ocrx_word' id='word_1_161' title='bbox 2040 1071 2205 1123; x_wconf 84' lang='lat' dir='ltr'><strong>Roma</strong></span> <span class='ocrx_word' id='word_1_162' title='bbox 2260 1071 2465 1139; x_wconf 86' lang='lat' dir='ltr'><strong>magnis</strong></span> <span class='ocrx_word' id='word_1_163' title='bbox 2519 1070 2838 1125; x_wconf 74' lang='lat' dir='ltr'><strong>tumultibus</strong></span> <span class='ocrx_word' id='word_1_164' title='bbox 2896 1080 2951 1124; x_wconf 89' lang='lat' dir='ltr'><strong>et</strong></span> <span class='ocrx_word' id='word_1_165' title='bbox 2997 1072 3251 1125; x_wconf 82' lang='lat' dir='ltr'><strong>civilibus</strong></span> <span class='ocrx_word' id='word_1_166' title='bbox 3283 1073 3518 1125; x_wconf 64' lang='lat' dir='ltr'><strong>cedibus</strong></span> 
     </span>
    </p>
   </div>
   <div class='ocr_carea' id='block_1_26' title="bbox 1937 1159 3516 1229">
    <p class='ocr_par' dir='ltr' id='par_1_26' title="bbox 1937 1159 3516 1229">
     <span class='ocr_line' id='line_1_26' title="bbox 1937 1159 3516 1229; baseline -0.002 -15"><span class='ocrx_word' id='word_1_167' title='bbox 1937 1161 2325 1225; x_wconf 75' lang='lat' dir='ltr'><strong>deatinaretnr,</strong></span> <span class='ocrx_word' id='word_1_168' title='bbox 2359 1159 2573 1213; x_wconf 76' lang='lat' dir='ltr'><strong>Marcus</strong></span> <span class='ocrx_word' id='word_1_169' title='bbox 2609 1160 2854 1228; x_wconf 81' lang='lat' dir='ltr'><strong>Aponius</strong></span> <span class='ocrx_word' id='word_1_170' title='bbox 2883 1168 2937 1213; x_wconf 90' lang='lat' dir='ltr'><strong>et</strong></span> <span class='ocrx_word' id='word_1_171' title='bbox 2967 1162 3220 1215; x_wconf 78' lang='lat' dir='ltr'><strong>Tiberius</strong></span> <span class='ocrx_word' id='word_1_172' title='bbox 3250 1160 3516 1229; x_wconf 85' lang='lat' dir='ltr'><strong>Cleptius,</strong></span> 
     </span>
    </p>
   </div>
   <div class='ocr_carea' id='block_1_27' title="bbox 1939 1247 3516 1318">
    <p class='ocr_par' dir='ltr' id='par_1_27' title="bbox 1939 1247 3516 1318">
     <span class='ocr_line' id='line_1_27' title="bbox 1939 1247 3516 1318; baseline 0.001 -17"><span class='ocrx_word' id='word_1_173' title='bbox 1939 1259 2195 1316; x_wconf 70' lang='lat' dir='ltr'><strong>praeterea</strong></span> <span class='ocrx_word' id='word_1_174' title='bbox 2224 1247 2533 1318; x_wconf 84' lang='lat' dir='ltr'><strong>Pompeius,</strong></span> <span class='ocrx_word' id='word_1_175' title='bbox 2568 1249 2897 1317; x_wconf 85' lang='lat' dir='ltr'><strong>reliquorum</strong></span> <span class='ocrx_word' id='word_1_176' title='bbox 2930 1248 3182 1303; x_wconf 90' lang='lat' dir='ltr'><strong>Italorum</strong></span> <span class='ocrx_word' id='word_1_177' title='bbox 3237 1251 3403 1304; x_wconf 87' lang='lat' dir='ltr'><strong>duces</strong></span> <span class='ocrx_word' id='word_1_178' title='bbox 3464 1252 3516 1303; x_wconf 91' lang='lat' dir='ltr'><strong>in</strong></span> 
     </span>
    </p>
   </div>
   <div class='ocr_carea' id='block_1_28' title="bbox 1937 1336 3517 1409">
    <p class='ocr_par' dir='ltr' id='par_1_28' title="bbox 1937 1336 3517 1409">
     <span class='ocr_line' id='line_1_28' title="bbox 1937 1336 3517 1409; baseline 0 -18"><span class='ocrx_word' id='word_1_179' title='bbox 1937 1337 2116 1393; x_wconf 84' lang='lat' dir='ltr'><strong>Bretia</strong></span> <span class='ocrx_word' id='word_1_180' title='bbox 2154 1336 2388 1409; x_wconf 79' lang='lat' dir='ltr'><strong>[Brutis]</strong></span> <span class='ocrx_word' id='word_1_181' title='bbox 2426 1336 2708 1407; x_wconf 72' lang='lat' dir='ltr'><strong>degentes,</strong></span> <span class='ocrx_word' id='word_1_182' title='bbox 2741 1337 2883 1390; x_wconf 66' lang='lat' dir='ltr'><strong>Asia:</strong></span> <span class='ocrx_word' id='word_1_183' title='bbox 2910 1339 3097 1392; x_wconf 87' lang='lat' dir='ltr'><strong>urbem</strong></span> <span class='ocrx_word' id='word_1_184' title='bbox 3133 1338 3369 1392; x_wconf 83' lang='lat' dir='ltr'><strong>validam</strong></span> <span class='ocrx_word' id='word_1_185' title='bbox 3393 1353 3517 1393; x_wconf 90' lang='lat' dir='ltr'><strong>cum</strong></span> 
     </span>
    </p>
   </div>
   <div class='ocr_carea' id='block_1_29' title="bbox 1938 1427 3518 1496">
    <p class='ocr_par' dir='ltr' id='par_1_29' title="bbox 1938 1427 3518 1496">
     <span class='ocr_line' id='line_1_29' title="bbox 1938 1427 3518 1496; baseline -0.001 -14"><span class='ocrx_word' id='word_1_186' title='bbox 1938 1429 2031 1482; x_wconf 92' lang='lat' dir='ltr'><strong>diu</strong></span> <span class='ocrx_word' id='word_1_187' title='bbox 2065 1427 2431 1493; x_wconf 88' lang='lat' dir='ltr'><strong>obsedissent,</strong></span> <span class='ocrx_word' id='word_1_188' title='bbox 2476 1442 2582 1481; x_wconf 90' lang='lat' dir='ltr'><strong>non</strong></span> <span class='ocrx_word' id='word_1_189' title='bbox 2621 1436 2913 1496; x_wconf 88' lang='lat' dir='ltr'><strong>potuerunt</strong></span> <span class='ocrx_word' id='word_1_190' title='bbox 2942 1442 3163 1495; x_wconf 77' lang='lat' dir='ltr'><strong>capere,</strong></span> <span class='ocrx_word' id='word_1_191' title='bbox 3197 1430 3292 1482; x_wconf 88' lang='lat' dir='ltr'><strong>sed</strong></span> <span class='ocrx_word' id='word_1_192' title='bbox 3328 1427 3518 1481; x_wconf 85' lang='lat' dir='ltr'><strong>relicta</strong></span> 
     </span>
    </p>
   </div>
   <div class='ocr_carea' id='block_1_30' title="bbox 1940 1518 3517 1588">
    <p class='ocr_par' dir='ltr' id='par_1_30' title="bbox 1940 1518 3517 1588">
     <span class='ocr_line' id='line_1_30' title="bbox 1940 1518 3517 1588; baseline -0.001 -16"><span class='ocrx_word' id='word_1_193' title='bbox 1940 1519 1993 1573; x_wconf 87' lang='lat' dir='ltr'><strong>in</strong></span> <span class='ocrx_word' id='word_1_194' title='bbox 2026 1519 2305 1574; x_wconf 87' lang='lat' dir='ltr'><strong>obsidione</strong></span> <span class='ocrx_word' id='word_1_195' title='bbox 2331 1526 2483 1587; x_wconf 88' lang='lat' dir='ltr'><strong>parte</strong></span> <span class='ocrx_word' id='word_1_196' title='bbox 2508 1519 2804 1581; x_wconf 81' lang='lat' dir='ltr'><strong>exercitus,</strong></span> <span class='ocrx_word' id='word_1_197' title='bbox 2828 1518 3033 1585; x_wconf 85' lang='lat' dir='ltr'><strong>reli‘qua</strong></span> <span class='ocrx_word' id='word_1_198' title='bbox 3071 1528 3224 1585; x_wconf 89' lang='lat' dir='ltr'><strong>parte</strong></span> <span class='ocrx_word' id='word_1_199' title='bbox 3254 1518 3517 1588; x_wconf 78' lang='lat' dir='ltr'><strong>Rhegium</strong></span> 
     </span>
    </p>
   </div>
   <div class='ocr_carea' id='block_1_31' title="bbox 1939 1608 3519 1677">
    <p class='ocr_par' dir='ltr' id='par_1_31' title="bbox 1939 1608 3519 1677">
     <span class='ocr_line' id='line_1_31' title="bbox 1939 1608 3519 1677; baseline -0.001 -14"><span class='ocrx_word' id='word_1_200' title='bbox 1939 1612 2139 1664; x_wconf 78' lang='lat' dir='ltr'><strong>acriter</strong></span> <span class='ocrx_word' id='word_1_201' title='bbox 2175 1611 2505 1675; x_wconf 81' lang='lat' dir='ltr'><strong>obsidentes,</strong></span> <span class='ocrx_word' id='word_1_202' title='bbox 2540 1620 2849 1677; x_wconf 84' lang='lat' dir='ltr'><strong>sperantes.</strong></span> <span class='ocrx_word' id='word_1_203' title='bbox 2881 1610 2928 1662; x_wconf 88' lang='lat' dir='ltr'><strong>si</strong></span> <span class='ocrx_word' id='word_1_204' title='bbox 2966 1610 3068 1665; x_wconf 87' lang='lat' dir='ltr'><strong>hac</strong></span> <span class='ocrx_word' id='word_1_205' title='bbox 3098 1610 3251 1676; x_wconf 81' lang='lat' dir='ltr'><strong>potiti</strong></span> <span class='ocrx_word' id='word_1_206' title='bbox 3297 1608 3519 1673; x_wconf 82' lang='lat' dir='ltr'><strong>fuerint,</strong></span> 
     </span>
    </p>
   </div>
   <div class='ocr_carea' id='block_1_32' title="bbox 1940 1699 3520 1768">
    <p class='ocr_par' dir='ltr' id='par_1_32' title="bbox 1940 1699 3520 1768">
     <span class='ocr_line' id='line_1_32' title="bbox 1940 1699 3520 1768; baseline -0.001 -15"><span class='ocrx_word' id='word_1_207' title='bbox 1940 1699 2099 1755; x_wconf 79' lang='lat' dir='ltr'><strong>facile</strong></span> <span class='ocrx_word' id='word_1_208' title='bbox 2128 1702 2184 1755; x_wconf 89' lang='lat' dir='ltr'><strong>in</strong></span> <span class='ocrx_word' id='word_1_209' title='bbox 2234 1700 2481 1755; x_wconf 87' lang='lat' dir='ltr'><strong>Siciliam</strong></span> <span class='ocrx_word' id='word_1_210' title='bbox 2515 1708 2981 1768; x_wconf 80' lang='lat' dir='ltr'><strong>transportatums</strong></span> <span class='ocrx_word' id='word_1_211' title='bbox 3011 1701 3216 1768; x_wconf 87' lang='lat' dir='ltr'><strong>copias,</strong></span> <span class='ocrx_word' id='word_1_212' title='bbox 3252 1712 3308 1754; x_wconf 89' lang='lat' dir='ltr'><strong>et</strong></span> <span class='ocrx_word' id='word_1_213' title='bbox 3344 1700 3520 1753; x_wconf 78' lang='lat' dir='ltr'><strong>insula</strong></span> 
     </span>
    </p>
   </div>
   <div class='ocr_carea' id='block_1_33' title="bbox 1942 1791 3518 1859">
    <p class='ocr_par' dir='ltr' id='par_1_33' title="bbox 1942 1791 3518 1859">
     <span class='ocr_line' id='line_1_33' title="bbox 1942 1791 3518 1859; baseline -0.001 -15"><span class='ocrx_word' id='word_1_214' title='bbox 1942 1794 2209 1857; x_wconf 84' lang='lat' dir='ltr'><strong>petituros</strong></span> <span class='ocrx_word' id='word_1_215' title='bbox 2239 1792 2480 1846; x_wconf 90' lang='lat' dir='ltr'><strong>omnium</strong></span> <span class='ocrx_word' id='word_1_216' title='bbox 2520 1805 2641 1859; x_wconf 73' lang='lat' dir='ltr'><strong>quae</strong></span> <span class='ocrx_word' id='word_1_217' title='bbox 2670 1793 2770 1845; x_wconf 93' lang='lat' dir='ltr'><strong>sub</strong></span> <span class='ocrx_word' id='word_1_218' title='bbox 2816 1791 2929 1845; x_wconf 88' lang='lat' dir='ltr'><strong>sole</strong></span> <span class='ocrx_word' id='word_1_219' title='bbox 2956 1803 3139 1845; x_wconf 88' lang='lat' dir='ltr'><strong>essent</strong></span> <span class='ocrx_word' id='word_1_220' title='bbox 3182 1792 3518 1846; x_wconf 84' lang='lat' dir='ltr'><strong>beatissima.</strong></span> 
     </span>
    </p>
   </div>
   <div class='ocr_carea' id='block_1_34' title="bbox 240 1882 1835 1956">
    <p class='ocr_par' dir='ltr' id='par_1_34' title="bbox 240 1882 1835 1953">
     <span class='ocr_line' id='line_1_34' title="bbox 240 1882 1835 1953; baseline 0.003 -21"><span class='ocrx_word' id='word_1_221' title='bbox 240 1898 364 1942; x_wconf 86' lang='grc' dir='ltr'><strong>τιος</strong></span> <span class='ocrx_word' id='word_1_222' title='bbox 380 1883 451 1947; x_wconf 73' lang='grc'><strong>⁸⁸,</strong></span> <span class='ocrx_word' id='word_1_223' title='bbox 468 1882 549 1934; x_wconf 76' lang='grc' dir='ltr'><strong>ἐτι</strong></span> <span class='ocrx_word' id='word_1_224' title='bbox 577 1884 634 1935; x_wconf 73' lang='grc' dir='ltr'><strong>δὲ</strong></span> <span class='ocrx_word' id='word_1_225' title='bbox 657 1884 938 1953; x_wconf 85' lang='grc' dir='ltr'><strong>Πομπήϊος</strong></span> <span class='ocrx_word' id='word_1_226' title='bbox 957 1884 1025 1946; x_wconf 71' lang='grc' dir='ltr'><strong>δ’,</strong></span> <span class='ocrx_word' id='word_1_227' title='bbox 1057 1886 1105 1937; x_wconf 80' lang='lat' dir='ltr'><strong>oi</strong></span> <span class='ocrx_word' id='word_1_228' title='bbox 1132 1885 1241 1939; x_wconf 83' lang='grc' dir='ltr'><strong>τῶν</strong></span> <span class='ocrx_word' id='word_1_229' title='bbox 1272 1885 1581 1938; x_wconf 78' lang='grc' dir='ltr'><strong>ὑπολοίπων</strong></span> <span class='ocrx_word' id='word_1_230' title='bbox 1601 1885 1835 1939; x_wconf 87' lang='grc' dir='ltr'><strong>Ἰταλιω-</strong></span> 
     </span>
    </p>
   </div>
   <div class='ocr_carea' id='block_1_35' title="bbox 1939 1882 3526 1956">
    <p class='ocr_par' dir='ltr' id='par_1_35' title="bbox 1944 1884 3526 1956">
     <span class='ocr_line' id='line_1_35' title="bbox 1944 1884 3526 1956; baseline 0 -18"><span class='ocrx_word' id='word_1_231' title='bbox 1944 1884 2142 1939; x_wconf 83' lang='lat' dir='ltr'><strong>Verum</strong></span> <span class='ocrx_word' id='word_1_232' title='bbox 2181 1885 2297 1952; x_wconf 89' lang='lat' dir='ltr'><strong>eius</strong></span> <span class='ocrx_word' id='word_1_233' title='bbox 2324 1887 2431 1939; x_wconf 80' lang='lat' dir='ltr'><strong>dux</strong></span> <span class='ocrx_word' id='word_1_234' title='bbox 2466 1884 2632 1940; x_wconf 87' lang='lat' dir='ltr'><strong>Caius</strong></span> <span class='ocrx_word' id='word_1_235' title='bbox 2676 1884 2931 1939; x_wconf 88' lang='lat' dir='ltr'><strong>Orbanus</strong></span> <span class='ocrx_word' id='word_1_236' title='bbox 2965 1901 3161 1956; x_wconf 85' lang='lat' dir='ltr'><strong>magno</strong></span> <span class='ocrx_word' id='word_1_237' title='bbox 3192 1885 3439 1940; x_wconf 78' lang='lat' dir='ltr'><strong>exercitu</strong></span> <span class='ocrx_word' id='word_1_238' title='bbox 3470 1894 3526 1939; x_wconf 89' lang='lat' dir='ltr'><strong>et</strong></span> 
     </span>
    </p>
   </div>
   <div class='ocr_carea' id='block_1_36' title="bbox 242 1972 1833 2046">
    <p class='ocr_par' dir='ltr' id='par_1_36' title="bbox 242 1972 1833 2046">
     <span class='ocr_line' id='line_1_36' title="bbox 242 1972 1833 2046; baseline 0.011 -24"><span class='ocrx_word' id='word_1_239' title='bbox 242 1972 358 2023; x_wconf 83' lang='grc' dir='ltr'><strong>τῶν</strong></span> <span class='ocrx_word' id='word_1_240' title='bbox 389 1976 717 2043; x_wconf 73' lang='grc' dir='ltr'><strong>στρατηγοὶ,</strong></span> <span class='ocrx_word' id='word_1_241' title='bbox 750 1974 1119 2045; x_wconf 82' lang='grc' dir='ltr'><strong>διατρίϐοντες</strong></span> <span class='ocrx_word' id='word_1_242' title='bbox 1148 1977 1205 2028; x_wconf 84' lang='grc' dir='ltr'><strong>ἐν</strong></span> <span class='ocrx_word' id='word_1_243' title='bbox 1237 1977 1302 2045; x_wconf 72' lang='grc' dir='ltr'><strong>τῇ</strong></span> <span class='ocrx_word' id='word_1_244' title='bbox 1337 1975 1589 2046; x_wconf 77' lang='grc' dir='ltr'><strong>Βρεττίᾳ,</strong></span> <span class='ocrx_word' id='word_1_245' title='bbox 1607 1976 1769 2038; x_wconf 79' lang='grc' dir='ltr'><strong>Ἰσίας</strong></span> <span class='ocrx_word' id='word_1_246' title='bbox 1790 1977 1833 2008; x_wconf 71' lang='grc'><strong>⁸⁸</strong></span> 
     </span>
    </p>
   </div>
   <div class='ocr_carea' id='block_1_37' title="bbox 247 2063 1832 2136">
    <p class='ocr_par' dir='ltr' id='par_1_37' title="bbox 247 2063 1832 2136">
     <span class='ocr_line' id='line_1_37' title="bbox 247 2063 1832 2136; baseline 0.001 -21"><span class='ocrx_word' id='word_1_247' title='bbox 247 2063 352 2130; x_wconf 76' lang='grc' dir='ltr'><strong>μὲν</strong></span> <span class='ocrx_word' id='word_1_248' title='bbox 396 2064 549 2115; x_wconf 84' lang='grc' dir='ltr'><strong>πόλιν</strong></span> <span class='ocrx_word' id='word_1_249' title='bbox 589 2064 790 2135; x_wconf 83' lang='grc' dir='ltr'><strong>ὀχυράν</strong></span> <span class='ocrx_word' id='word_1_250' title='bbox 825 2066 917 2118; x_wconf 75' lang='grc' dir='ltr'><strong>ἐπὶ</strong></span> <span class='ocrx_word' id='word_1_251' title='bbox 940 2067 1106 2119; x_wconf 82' lang='grc' dir='ltr'><strong>πολὺν</strong></span> <span class='ocrx_word' id='word_1_252' title='bbox 1136 2066 1324 2135; x_wconf 84' lang='grc' dir='ltr'><strong>χρόνον</strong></span> <span class='ocrx_word' id='word_1_253' title='bbox 1350 2066 1832 2136; x_wconf 80' lang='grc' dir='ltr'><strong>πολιορκήσαντες,</strong></span> 
     </span>
    </p>
   </div>
   <div class='ocr_carea' id='block_1_38' title="bbox 242 2154 1835 2227">
    <p class='ocr_par' dir='ltr' id='par_1_38' title="bbox 242 2154 1835 2227">
     <span class='ocr_line' id='line_1_38' title="bbox 242 2154 1835 2227; baseline 0.004 -24"><span class='ocrx_word' id='word_1_254' title='bbox 242 2154 409 2204; x_wconf 56' lang='lat' dir='ltr'><strong>oux“</strong></span> <span class='ocrx_word' id='word_1_255' title='bbox 444 2156 670 2223; x_wconf 73' lang='grc' dir='ltr'><strong>ἴσχυσαν</strong></span> <span class='ocrx_word' id='word_1_256' title='bbox 702 2157 862 2217; x_wconf 86' lang='grc' dir='ltr'><strong>ἐλεῖν,</strong></span> <span class='ocrx_word' id='word_1_257' title='bbox 891 2158 1058 2226; x_wconf 82' lang='grc' dir='ltr'><strong>μέρος</strong></span> <span class='ocrx_word' id='word_1_258' title='bbox 1084 2156 1129 2209; x_wconf 84' lang='grc' dir='ltr'><strong>δ’</strong></span> <span class='ocrx_word' id='word_1_259' title='bbox 1152 2158 1245 2208; x_wconf 80' lang='grc' dir='ltr'><strong>ἐπὶ</strong></span> <span class='ocrx_word' id='word_1_260' title='bbox 1268 2158 1367 2227; x_wconf 81' lang='grc' dir='ltr'><strong>τῆς</strong></span> <span class='ocrx_word' id='word_1_261' title='bbox 1400 2157 1719 2227; x_wconf 84' lang='grc' dir='ltr'><strong>πολιορκίας</strong></span> <span class='ocrx_word' id='word_1_262' title='bbox 1742 2157 1835 2210; x_wconf 83' lang='grc' dir='ltr'><strong>τοῦ</strong></span> 
     </span>
    </p>
   </div>
   <div class='ocr_carea' id='block_1_39' title="bbox 246 2245 1838 2319">
    <p class='ocr_par' dir='ltr' id='par_1_39' title="bbox 246 2245 1838 2319">
     <span class='ocr_line' id='line_1_39' title="bbox 246 2245 1838 2319; baseline 0.003 -24"><span class='ocrx_word' id='word_1_263' title='bbox 246 2245 661 2314; x_wconf 79' lang='grc' dir='ltr'><strong>στρατεύματος</strong></span> <span class='ocrx_word' id='word_1_264' title='bbox 708 2247 1098 2309; x_wconf 81' lang='grc' dir='ltr'><strong>καταλιπόντες</strong></span> <span class='ocrx_word' id='word_1_265' title='bbox 1114 2248 1161 2279; x_wconf 70' lang='grc'><strong><em>⁵⁵</em></strong></span> <span class='ocrx_word' id='word_1_266' title='bbox 1200 2250 1268 2319; x_wconf 73' lang='grc' dir='ltr'><strong>τῇ</strong></span> <span class='ocrx_word' id='word_1_267' title='bbox 1313 2249 1473 2319; x_wconf 83' lang='grc' dir='ltr'><strong>λοιπῇ</strong></span> <span class='ocrx_word' id='word_1_268' title='bbox 1524 2248 1587 2301; x_wconf 80' lang='grc' dir='ltr'><strong>τὸ</strong></span> <span class='ocrx_word' id='word_1_269' title='bbox 1620 2248 1838 2317; x_wconf 84' lang='grc' dir='ltr'><strong>Ῥήγιον</strong></span> 
     </span>
    </p>
   </div>
   <div class='ocr_carea' id='block_1_40' title="bbox 247 2336 1836 2409">
    <p class='ocr_par' dir='ltr' id='par_1_40' title="bbox 247 2336 1836 2409">
     <span class='ocr_line' id='line_1_40' title="bbox 247 2336 1836 2409; baseline 0.003 -23"><span class='ocrx_word' id='word_1_270' title='bbox 247 2337 491 2405; x_wconf 72' lang='grc' dir='ltr'><strong>ἰσχυρῶς</strong></span> <span class='ocrx_word' id='word_1_271' title='bbox 536 2338 908 2405; x_wconf 91' lang='grc' dir='ltr'><strong>ἐπολιόρκουν,</strong></span> <span class='ocrx_word' id='word_1_272' title='bbox 937 2336 1271 2403; x_wconf 78' lang='grc' dir='ltr'><strong>ἐλπίζοντες,</strong></span> <span class='ocrx_word' id='word_1_273' title='bbox 1300 2341 1347 2391; x_wconf 84' lang='grc' dir='ltr'><strong>εί</strong></span> <span class='ocrx_word' id='word_1_274' title='bbox 1393 2339 1601 2406; x_wconf 84' lang='grc' dir='ltr'><strong>ταύτης</strong></span> <span class='ocrx_word' id='word_1_275' title='bbox 1628 2340 1836 2409; x_wconf 85' lang='grc' dir='ltr'><strong>κρατή-</strong></span> 
     </span>
    </p>
   </div>
   <div class='ocr_carea' id='block_1_41' title="bbox 244 2427 1836 2497">
    <p class='ocr_par' dir='ltr' id='par_1_41' title="bbox 244 2427 1836 2497">
     <span class='ocr_line' id='line_1_41' title="bbox 244 2427 1836 2497; baseline 0.003 -18"><span class='ocrx_word' id='word_1_276' title='bbox 244 2443 422 2489; x_wconf 80' lang='grc' dir='ltr'><strong>σαιεν,</strong></span> <span class='ocrx_word' id='word_1_277' title='bbox 456 2427 651 2496; x_wconf 76' lang='grc' dir='ltr'><strong>ῥαδίως</strong></span> <span class='ocrx_word' id='word_1_278' title='bbox 678 2431 758 2491; x_wconf 78' lang='grc' dir='ltr'><strong>εἰς</strong></span> <span class='ocrx_word' id='word_1_279' title='bbox 780 2432 879 2497; x_wconf 75' lang='grc' dir='ltr'><strong>τὴν</strong></span> <span class='ocrx_word' id='word_1_280' title='bbox 909 2430 1160 2483; x_wconf 84' lang='grc' dir='ltr'><strong>Σικελίαν</strong></span> <span class='ocrx_word' id='word_1_281' title='bbox 1188 2429 1525 2484; x_wconf 75' lang='grc' dir='ltr'><strong>διαϐιϐάσειν</strong></span> <span class='ocrx_word' id='word_1_282' title='bbox 1547 2430 1646 2493; x_wconf 84' lang='grc' dir='ltr'><strong>τάς</strong></span> <span class='ocrx_word' id='word_1_283' title='bbox 1673 2431 1836 2484; x_wconf 89' lang='grc' dir='ltr'><strong>δυνά-</strong></span> 
     </span>
    </p>
   </div>
   <div class='ocr_carea' id='block_1_42' title="bbox 1934 1974 3525 2044">
    <p class='ocr_par' dir='ltr' id='par_1_42' title="bbox 1934 1974 3525 2044">
     <span class='ocr_line' id='line_1_42' title="bbox 1934 1974 3525 2044; baseline 0.001 -19"><span class='ocrx_word' id='word_1_284' title='bbox 1934 1983 2194 2041; x_wconf 82' lang='lat' dir='ltr'><strong>apparatu</strong></span> <span class='ocrx_word' id='word_1_285' title='bbox 2245 1982 2301 2027; x_wconf 90' lang='lat' dir='ltr'><strong>et</strong></span> <span class='ocrx_word' id='word_1_286' title='bbox 2344 1974 2627 2029; x_wconf 84' lang='lat' dir='ltr'><strong>alacritate</strong></span> <span class='ocrx_word' id='word_1_287' title='bbox 2662 1990 2815 2037; x_wconf 88' lang='lat' dir='ltr'><strong>usus,</strong></span> <span class='ocrx_word' id='word_1_288' title='bbox 2865 1976 3099 2042; x_wconf 89' lang='lat' dir='ltr'><strong>percutit</strong></span> <span class='ocrx_word' id='word_1_289' title='bbox 3148 1975 3307 2029; x_wconf 87' lang='lat' dir='ltr'><strong>Italos</strong></span> <span class='ocrx_word' id='word_1_290' title='bbox 3353 1990 3525 2044; x_wconf 83' lang='lat' dir='ltr'><strong>appa-</strong></span> 
     </span>
    </p>
   </div>
   <div class='ocr_carea' id='block_1_43' title="bbox 1937 2066 3523 2136">
    <p class='ocr_par' dir='ltr' id='par_1_43' title="bbox 1937 2066 3523 2136">
     <span class='ocr_line' id='line_1_43' title="bbox 1937 2066 3523 2136; baseline 0.001 -18"><span class='ocrx_word' id='word_1_291' title='bbox 1937 2076 2085 2120; x_wconf 88' lang='lat' dir='ltr'><strong>ratus</strong></span> <span class='ocrx_word' id='word_1_292' title='bbox 2128 2067 2516 2135; x_wconf 78' lang='lat' dir='ltr'><strong>magnitudine,</strong></span> <span class='ocrx_word' id='word_1_293' title='bbox 2566 2078 2729 2135; x_wconf 89' lang='lat' dir='ltr'><strong>atque</strong></span> <span class='ocrx_word' id='word_1_294' title='bbox 2778 2066 3114 2136; x_wconf 81' lang='lat' dir='ltr'><strong>Rhegieuses</strong></span> <span class='ocrx_word' id='word_1_295' title='bbox 3166 2085 3229 2123; x_wconf 79' lang='lat' dir='ltr'><strong>cx</strong></span> <span class='ocrx_word' id='word_1_296' title='bbox 3280 2068 3523 2136; x_wconf 86' lang='lat' dir='ltr'><strong>pericqu</strong></span> 
     </span>
    </p>
   </div>
   <div class='ocr_carea' id='block_1_44' title="bbox 1935 2157 3527 2229">
    <p class='ocr_par' dir='ltr' id='par_1_44' title="bbox 1935 2157 3527 2229">
     <span class='ocr_line' id='line_1_44' title="bbox 1935 2157 3527 2229; baseline 0.001 -20"><span class='ocrx_word' id='word_1_297' title='bbox 1935 2158 2150 2224; x_wconf 80' lang='lat' dir='ltr'><strong>eripuit.</strong></span> <span class='ocrx_word' id='word_1_298' title='bbox 2185 2157 2382 2210; x_wconf 89' lang='lat' dir='ltr'><strong>Deinde</strong></span> <span class='ocrx_word' id='word_1_299' title='bbox 2405 2173 2529 2211; x_wconf 91' lang='lat' dir='ltr'><strong>cum</strong></span> <span class='ocrx_word' id='word_1_300' title='bbox 2555 2161 2854 2211; x_wconf 79' lang='lat' dir='ltr'><strong>exarsisset</strong></span> <span class='ocrx_word' id='word_1_301' title='bbox 2884 2158 3018 2225; x_wconf 84' lang='lat' dir='ltr'><strong>apud</strong></span> <span class='ocrx_word' id='word_1_302' title='bbox 3060 2159 3333 2213; x_wconf 82' lang='lat' dir='ltr'><strong>Romanos</strong></span> <span class='ocrx_word' id='word_1_303' title='bbox 3364 2158 3527 2229; x_wconf 79' lang='lat' dir='ltr'><strong>Sylla:</strong></span> 
     </span>
    </p>
   </div>
   <div class='ocr_carea' id='block_1_45' title="bbox 1935 2244 3524 2317">
    <p class='ocr_par' dir='ltr' id='par_1_45' title="bbox 1935 2244 3524 2317">
     <span class='ocr_line' id='line_1_45' title="bbox 1935 2244 3524 2317; baseline -0.001 -16"><span class='ocrx_word' id='word_1_304' title='bbox 1935 2257 1990 2301; x_wconf 89' lang='lat' dir='ltr'><strong>et</strong></span> <span class='ocrx_word' id='word_1_305' title='bbox 2021 2248 2175 2300; x_wconf 61' lang='lat' dir='ltr'><strong>alarii</strong></span> <span class='ocrx_word' id='word_1_306' title='bbox 2203 2248 2379 2302; x_wconf 78' lang='lat' dir='ltr'><strong>civilis</strong></span> <span class='ocrx_word' id='word_1_307' title='bbox 2407 2246 2625 2311; x_wconf 88' lang='lat' dir='ltr'><strong>seditio,</strong></span> <span class='ocrx_word' id='word_1_308' title='bbox 2674 2247 2765 2300; x_wconf 92' lang='lat' dir='ltr'><strong>alii</strong></span> <span class='ocrx_word' id='word_1_309' title='bbox 2810 2244 2998 2317; x_wconf 63' lang='lat' dir='ltr'><strong>Syllae,</strong></span> <span class='ocrx_word' id='word_1_310' title='bbox 3026 2248 3117 2301; x_wconf 87' lang='lat' dir='ltr'><strong>alii</strong></span> <span class='ocrx_word' id='word_1_311' title='bbox 3160 2246 3311 2300; x_wconf 79' lang='lat' dir='ltr'><strong>Marii</strong></span> <span class='ocrx_word' id='word_1_312' title='bbox 3340 2255 3524 2315; x_wconf 86' lang='lat' dir='ltr'><strong>partes</strong></span> 
     </span>
    </p>
   </div>
   <div class='ocr_carea' id='block_1_46' title="bbox 1938 2337 3527 2405">
    <p class='ocr_par' dir='ltr' id='par_1_46' title="bbox 1938 2337 3527 2405">
     <span class='ocr_line' id='line_1_46' title="bbox 1938 2337 3527 2405; baseline 0.001 -14"><span class='ocrx_word' id='word_1_313' title='bbox 1938 2339 2110 2391; x_wconf 87' lang='lat' dir='ltr'><strong>secuti</strong></span> <span class='ocrx_word' id='word_1_314' title='bbox 2143 2346 2290 2401; x_wconf 89' lang='lat' dir='ltr'><strong>sunt,</strong></span> <span class='ocrx_word' id='word_1_315' title='bbox 2329 2348 2386 2391; x_wconf 90' lang='lat' dir='ltr'><strong>et</strong></span> <span class='ocrx_word' id='word_1_316' title='bbox 2423 2352 2609 2391; x_wconf 88' lang='lat' dir='ltr'><strong>eorum</strong></span> <span class='ocrx_word' id='word_1_317' title='bbox 2640 2352 2766 2405; x_wconf 83' lang='lat' dir='ltr'><strong>pars</strong></span> <span class='ocrx_word' id='word_1_318' title='bbox 2798 2337 2968 2405; x_wconf 88' lang='lat' dir='ltr'><strong>major</strong></span> <span class='ocrx_word' id='word_1_319' title='bbox 2997 2338 3151 2393; x_wconf 87' lang='lat' dir='ltr'><strong>bellis</strong></span> <span class='ocrx_word' id='word_1_320' title='bbox 3191 2339 3411 2402; x_wconf 85' lang='lat' dir='ltr'><strong>cecidit,</strong></span> <span class='ocrx_word' id='word_1_321' title='bbox 3441 2352 3527 2392; x_wconf 85' lang='lat' dir='ltr'><strong>re-</strong></span> 
     </span>
    </p>
   </div>
   <div class='ocr_carea' id='block_1_47' title="bbox 1942 2428 3528 2501">
    <p class='ocr_par' dir='ltr' id='par_1_47' title="bbox 1942 2428 3528 2501">
     <span class='ocr_line' id='line_1_47' title="bbox 1942 2428 3528 2501; baseline 0.001 -19"><span class='ocrx_word' id='word_1_322' title='bbox 1942 2429 2085 2497; x_wconf 83' lang='lat' dir='ltr'><strong>liqua</strong></span> <span class='ocrx_word' id='word_1_323' title='bbox 2117 2432 2183 2482; x_wconf 88' lang='lat' dir='ltr'><strong>ad</strong></span> <span class='ocrx_word' id='word_1_324' title='bbox 2216 2432 2475 2483; x_wconf 77' lang='lat' dir='ltr'><strong>victorem</strong></span> <span class='ocrx_word' id='word_1_325' title='bbox 2524 2428 2727 2498; x_wconf 84' lang='lat' dir='ltr'><strong>Syllam</strong></span> <span class='ocrx_word' id='word_1_326' title='bbox 2764 2429 2991 2484; x_wconf 84' lang='lat' dir='ltr'><strong>descivit</strong></span> <span class='ocrx_word' id='word_1_327' title='bbox 3033 2447 3048 2484; x_wconf 89' lang='lat'><strong>:</strong></span> <span class='ocrx_word' id='word_1_328' title='bbox 3105 2443 3266 2501; x_wconf 87' lang='lat' dir='ltr'><strong>atque</strong></span> <span class='ocrx_word' id='word_1_329' title='bbox 3300 2434 3371 2486; x_wconf 90' lang='lat' dir='ltr'><strong>ita</strong></span> <span class='ocrx_word' id='word_1_330' title='bbox 3407 2442 3528 2484; x_wconf 86' lang='lat' dir='ltr'><strong>tan-</strong></span> 
     </span>
    </p>
   </div>
   <div class='ocr_carea' id='block_1_48' title="bbox 247 2517 1835 2590">
    <p class='ocr_par' dir='ltr' id='par_1_48' title="bbox 247 2517 1835 2590">
     <span class='ocr_line' id='line_1_48' title="bbox 247 2517 1835 2590; baseline 0.004 -25"><span class='ocrx_word' id='word_1_331' title='bbox 247 2531 376 2583; x_wconf 77' lang='grc' dir='ltr'><strong>μεις</strong></span> <span class='ocrx_word' id='word_1_332' title='bbox 402 2517 498 2568; x_wconf 74' lang='grc' dir='ltr'><strong>καὶ</strong></span> <span class='ocrx_word' id='word_1_333' title='bbox 529 2518 822 2586; x_wconf 76' lang='grc' dir='ltr'><strong>κρατήσειν</strong></span> <span class='ocrx_word' id='word_1_334' title='bbox 849 2518 945 2587; x_wconf 68' lang='grc' dir='ltr'><strong>τῆς</strong></span> <span class='ocrx_word' id='word_1_335' title='bbox 972 2519 1465 2590; x_wconf 86' lang='grc' dir='ltr'><strong>εύδαιμονεστάτης</strong></span> <span class='ocrx_word' id='word_1_336' title='bbox 1486 2520 1595 2572; x_wconf 84' lang='grc' dir='ltr'><strong>τῶν</strong></span> <span class='ocrx_word' id='word_1_337' title='bbox 1623 2520 1728 2572; x_wconf 71' lang='grc' dir='ltr'><strong>ὑπὸ</strong></span> <span class='ocrx_word' id='word_1_338' title='bbox 1749 2520 1835 2573; x_wconf 75' lang='grc' dir='ltr'><strong>τὸν</strong></span> 
     </span>
    </p>
   </div>
   <div class='ocr_carea' id='block_1_49' title="bbox 1939 2517 3529 2590">
    <p class='ocr_par' dir='ltr' id='par_1_49' title="bbox 1944 2520 3529 2578">
     <span class='ocr_line' id='line_1_49' title="bbox 1944 2520 3529 2578; baseline -0.002 -3"><span class='ocrx_word' id='word_1_339' title='bbox 1944 2524 2063 2575; x_wconf 84' lang='lat' dir='ltr'><strong>dem</strong></span> <span class='ocrx_word' id='word_1_340' title='bbox 2108 2536 2215 2575; x_wconf 90' lang='lat' dir='ltr'><strong>una</strong></span> <span class='ocrx_word' id='word_1_341' title='bbox 2259 2536 2379 2574; x_wconf 91' lang='lat' dir='ltr'><strong>cum</strong></span> <span class='ocrx_word' id='word_1_342' title='bbox 2429 2522 2702 2578; x_wconf 86' lang='lat' dir='ltr'><strong>seditione</strong></span> <span class='ocrx_word' id='word_1_343' title='bbox 2730 2522 2875 2577; x_wconf 83' lang='lat' dir='ltr'><strong>civili</strong></span> <span class='ocrx_word' id='word_1_344' title='bbox 2924 2523 3252 2577; x_wconf 79' lang='lat' dir='ltr'><strong>exstinctum</strong></span> <span class='ocrx_word' id='word_1_345' title='bbox 3297 2530 3383 2575; x_wconf 88' lang='lat' dir='ltr'><strong>est</strong></span> <span class='ocrx_word' id='word_1_346' title='bbox 3414 2520 3529 2574; x_wconf 69' lang='grc' dir='ltr'><strong>δει-</strong></span> 
     </span>
    </p>
   </div>
   <div class='ocr_carea' id='block_1_50' title="bbox 247 2607 1835 2683">
    <p class='ocr_par' dir='ltr' id='par_1_50' title="bbox 247 2607 1835 2683">
     <span class='ocr_line' id='line_1_50' title="bbox 247 2607 1835 2683; baseline 0.006 -27"><span class='ocrx_word' id='word_1_347' title='bbox 247 2607 409 2675; x_wconf 75' lang='grc' dir='ltr'><strong>ἥλιον</strong></span> <span class='ocrx_word' id='word_1_348' title='bbox 438 2609 636 2675; x_wconf 85' lang='grc' dir='ltr'><strong>νήσων.</strong></span> <span class='ocrx_word' id='word_1_349' title='bbox 655 2609 795 2661; x_wconf 81' lang='grc' dir='ltr'><strong>Ἀλλ’</strong></span> <span class='ocrx_word' id='word_1_350' title='bbox 826 2612 855 2663; x_wconf 85' lang='grc' dir='ltr'>ὁ</span> <span class='ocrx_word' id='word_1_351' title='bbox 882 2610 1082 2681; x_wconf 75' lang='grc' dir='ltr'><strong>ταύτης</strong></span> <span class='ocrx_word' id='word_1_352' title='bbox 1116 2612 1420 2681; x_wconf 85' lang='grc' dir='ltr'><strong>στρατηγὸς</strong></span> <span class='ocrx_word' id='word_1_353' title='bbox 1461 2613 1621 2676; x_wconf 83' lang='grc' dir='ltr'><strong>Γάϊος</strong></span> <span class='ocrx_word' id='word_1_354' title='bbox 1645 2612 1835 2683; x_wconf 79' lang='grc' dir='ltr'><strong>Ὀρϐα,</strong></span> 
     </span>
    </p>
   </div>
   <div class='ocr_carea' id='block_1_51' title="bbox 1939 2607 3531 2683">
    <p class='ocr_par' dir='ltr' id='par_1_51' title="bbox 1946 2610 3531 2682">
     <span class='ocr_line' id='line_1_51' title="bbox 1946 2610 3531 2682; baseline -0.002 -17"><span class='ocrx_word' id='word_1_355' title='bbox 1946 2613 2053 2665; x_wconf 91' lang='lat' dir='ltr'><strong>lum</strong></span> <span class='ocrx_word' id='word_1_356' title='bbox 2088 2612 2214 2665; x_wconf 91' lang='lat' dir='ltr'><strong>illud</strong></span> <span class='ocrx_word' id='word_1_357' title='bbox 2250 2612 2541 2666; x_wconf 81' lang='lat' dir='ltr'><strong>Marsicum</strong></span> <span class='ocrx_word' id='word_1_358' title='bbox 2587 2614 2940 2682; x_wconf 87' lang='lat' dir='ltr'><strong>appellatum,</strong></span> <span class='ocrx_word' id='word_1_359' title='bbox 2970 2628 3091 2667; x_wconf 90' lang='lat' dir='ltr'><strong>cum</strong></span> <span class='ocrx_word' id='word_1_360' title='bbox 3122 2612 3316 2667; x_wconf 82' lang='lat' dir='ltr'><strong>fuisset</strong></span> <span class='ocrx_word' id='word_1_361' title='bbox 3353 2610 3531 2664; x_wconf 73' lang='lat' dir='ltr'><strong>maxi-</strong></span> 
     </span>
    </p>
   </div>
   <div class='ocr_carea' id='block_1_52' title="bbox 240 2695 2119 2775">
    <p class='ocr_par' dir='ltr' id='par_1_52' title="bbox 240 2695 2119 2775">
     <span class='ocr_line' id='line_1_52' title="bbox 240 2695 2119 2775; baseline 0.006 -29"><span class='ocrx_word' id='word_1_362' title='bbox 240 2695 358 2756; x_wconf 71' lang='grc' dir='ltr'><strong>νὸς,</strong></span> <span class='ocrx_word' id='word_1_363' title='bbox 392 2696 560 2765; x_wconf 77' lang='grc' dir='ltr'><strong>πολλῇ</strong></span> <span class='ocrx_word' id='word_1_364' title='bbox 614 2698 844 2764; x_wconf 79' lang='grc' dir='ltr'><strong>δυνάμει</strong></span> <span class='ocrx_word' id='word_1_365' title='bbox 902 2702 997 2753; x_wconf 71' lang='grc' dir='ltr'><strong>καὶ</strong></span> <span class='ocrx_word' id='word_1_366' title='bbox 1049 2706 1371 2773; x_wconf 84' lang='grc' dir='ltr'><strong>παρασκευῇ</strong></span> <span class='ocrx_word' id='word_1_367' title='bbox 1423 2704 1520 2757; x_wconf 78' lang='grc' dir='ltr'><strong>καὶ</strong></span> <span class='ocrx_word' id='word_1_368' title='bbox 1566 2703 1846 2775; x_wconf 77' lang='grc' dir='ltr'><strong>προθυμίᾳ</strong></span> <span class='ocrx_word' id='word_1_369' title='bbox 1950 2720 2119 2758; x_wconf 89' lang='lat' dir='ltr'><strong>mum.</strong></span> 
     </span>
    </p>
   </div>
   <div class='ocr_carea' id='block_1_53' title="bbox 241 2787 3529 2869">
    <p class='ocr_par' dir='ltr' id='par_1_53' title="bbox 241 2787 3529 2869">
     <span class='ocr_line' id='line_1_53' title="bbox 241 2787 3529 2869; baseline 0.003 -31"><span class='ocrx_word' id='word_1_370' title='bbox 241 2787 612 2855; x_wconf 78' lang='grc' dir='ltr'><strong>χρησάμενος,</strong></span> <span class='ocrx_word' id='word_1_371' title='bbox 675 2789 835 2860; x_wconf 80' lang='grc'><strong>[1189</strong></span> <span class='ocrx_word' id='word_1_372' title='bbox 866 2791 955 2862; x_wconf 72' lang='lat'><strong>8.]</strong></span> <span class='ocrx_word' id='word_1_373' title='bbox 1011 2794 1103 2845; x_wconf 78' lang='grc' dir='ltr'><strong>καὶ</strong></span> <span class='ocrx_word' id='word_1_374' title='bbox 1160 2795 1645 2863; x_wconf 75' lang='grc' dir='ltr'><strong>καταπληξάμενος</strong></span> <span class='ocrx_word' id='word_1_375' title='bbox 1700 2796 1829 2858; x_wconf 86' lang='grc' dir='ltr'><strong>τοὺς</strong></span> <span class='ocrx_word' id='word_1_376' title='bbox 1879 2795 2183 2859; x_wconf 80' lang='grc' dir='ltr'><strong>Ἰταλιώτας</strong></span> <span class='ocrx_word' id='word_1_377' title='bbox 2231 2798 2310 2869; x_wconf 83' lang='grc' dir='ltr'><strong>τῷ</strong></span> <span class='ocrx_word' id='word_1_378' title='bbox 2359 2798 2581 2865; x_wconf 82' lang='grc' dir='ltr'><strong>μεγέθει</strong></span> <span class='ocrx_word' id='word_1_379' title='bbox 2662 2801 2759 2867; x_wconf 80' lang='grc' dir='ltr'><strong>τῆς</strong></span> <span class='ocrx_word' id='word_1_380' title='bbox 2805 2799 3180 2867; x_wconf 83' lang='grc' dir='ltr'><strong>παρασκευῆς,</strong></span> <span class='ocrx_word' id='word_1_381' title='bbox 3250 2796 3529 2865; x_wconf 79' lang='grc' dir='ltr'><strong>ἐξήρπασε</strong></span> 
     </span>
    </p>
   </div>
   <div class='ocr_carea' id='block_1_54' title="bbox 241 2881 3529 2963">
    <p class='ocr_par' dir='ltr' id='par_1_54' title="bbox 241 2881 3529 2963">
     <span class='ocr_line' id='line_1_54' title="bbox 241 2881 3529 2963; baseline 0.003 -31"><span class='ocrx_word' id='word_1_382' title='bbox 241 2882 373 2940; x_wconf 78' lang='grc' dir='ltr'><strong>τοὺς</strong></span> <span class='ocrx_word' id='word_1_383' title='bbox 407 2881 767 2950; x_wconf 67' lang='grc' dir='ltr'><strong>Ῥηγίνουςη.</strong></span> <span class='ocrx_word' id='word_1_384' title='bbox 813 2882 943 2938; x_wconf 78' lang='grc' dir='ltr'><strong>Εἶτα</strong></span> <span class='ocrx_word' id='word_1_385' title='bbox 968 2886 1067 2953; x_wconf 82' lang='grc' dir='ltr'><strong>τῆς</strong></span> <span class='ocrx_word' id='word_1_386' title='bbox 1098 2889 1224 2955; x_wconf 80' lang='grc' dir='ltr'><strong>περὶ</strong></span> <span class='ocrx_word' id='word_1_387' title='bbox 1251 2888 1457 2940; x_wconf 82' lang='grc' dir='ltr'><strong>Σύλλαν</strong></span> <span class='ocrx_word' id='word_1_388' title='bbox 1490 2890 1583 2941; x_wconf 80' lang='grc' dir='ltr'><strong>καὶ</strong></span> <span class='ocrx_word' id='word_1_389' title='bbox 1651 2891 1864 2959; x_wconf 86' lang='grc' dir='ltr'><strong>Μάριον</strong></span> <span class='ocrx_word' id='word_1_390' title='bbox 1935 2892 2201 2961; x_wconf 76' lang='grc' dir='ltr'><strong>ἐμφυλίου</strong></span> <span class='ocrx_word' id='word_1_391' title='bbox 2272 2894 2517 2956; x_wconf 86' lang='grc' dir='ltr'><strong>στάσεως</strong></span> <span class='ocrx_word' id='word_1_392' title='bbox 2572 2893 3061 2963; x_wconf 73' lang='grc' dir='ltr'><strong>ἀναρριπισθείσης</strong></span> <span class='ocrx_word' id='word_1_393' title='bbox 3128 2893 3422 2961; x_wconf 85' lang='grc' dir='ltr'><strong>Ῥωμαίοις</strong></span> <span class='ocrx_word' id='word_1_394' title='bbox 3478 2891 3529 2942; x_wconf 83' lang='grc' dir='ltr'><strong>οἱ</strong></span> 
     </span>
    </p>
   </div>
   <div class='ocr_carea' id='block_1_55' title="bbox 247 2972 3529 3051">
    <p class='ocr_par' dir='ltr' id='par_1_55' title="bbox 247 2972 3529 3051">
     <span class='ocr_line' id='line_1_55' title="bbox 247 2972 3529 3051; baseline 0.002 -27"><span class='ocrx_word' id='word_1_395' title='bbox 247 2973 351 3036; x_wconf 78' lang='grc' dir='ltr'><strong>μὲν</strong></span> <span class='ocrx_word' id='word_1_396' title='bbox 399 2972 667 3041; x_wconf 74' lang='grc' dir='ltr'><strong>Σύλλα,οί</strong></span> <span class='ocrx_word' id='word_1_397' title='bbox 708 2976 767 3027; x_wconf 74' lang='grc' dir='ltr'><strong>δὲ</strong></span> <span class='ocrx_word' id='word_1_398' title='bbox 814 2977 1011 3045; x_wconf 85' lang='grc' dir='ltr'><strong>Μαρίῳ</strong></span> <span class='ocrx_word' id='word_1_399' title='bbox 1054 2977 1457 3047; x_wconf 82' lang='grc' dir='ltr'><strong>συνεμάχησαν.</strong></span> <span class='ocrx_word' id='word_1_400' title='bbox 1494 2980 1604 3032; x_wconf 75' lang='grc' dir='ltr'><strong>Καὶ</strong></span> <span class='ocrx_word' id='word_1_401' title='bbox 1632 2981 1693 3032; x_wconf 86' lang='grc' dir='ltr'><strong>τὸ</strong></span> <span class='ocrx_word' id='word_1_402' title='bbox 1728 2980 1827 3049; x_wconf 74' lang='grc' dir='ltr'><strong>μὲν</strong></span> <span class='ocrx_word' id='word_1_403' title='bbox 1870 2981 2032 3036; x_wconf 81' lang='grc' dir='ltr'><strong>πλέον</strong></span> <span class='ocrx_word' id='word_1_404' title='bbox 2081 2984 2260 3036; x_wconf 82' lang='grc' dir='ltr'><strong>αὐτῶν</strong></span> <span class='ocrx_word' id='word_1_405' title='bbox 2309 2984 2472 3036; x_wconf 76' lang='grc' dir='ltr'><strong>ἔπεσε</strong></span> <span class='ocrx_word' id='word_1_406' title='bbox 2516 2986 2628 3045; x_wconf 89' lang='grc' dir='ltr'><strong>τοῖς</strong></span> <span class='ocrx_word' id='word_1_407' title='bbox 2681 2983 2959 3051; x_wconf 83' lang='grc' dir='ltr'><strong>πολέμοις,</strong></span> <span class='ocrx_word' id='word_1_408' title='bbox 3023 2981 3086 3033; x_wconf 79' lang='grc' dir='ltr'><strong>τὺ</strong></span> <span class='ocrx_word' id='word_1_409' title='bbox 3131 2980 3179 3033; x_wconf 84' lang='grc' dir='ltr'><strong>δ’</strong></span> <span class='ocrx_word' id='word_1_410' title='bbox 3237 2981 3529 3033; x_wconf 85' lang='grc' dir='ltr'><strong>ὑπόλοιπον</strong></span> 
     </span>
    </p>
   </div>
   <div class='ocr_carea' id='block_1_56' title="bbox 240 3064 3530 3143">
    <p class='ocr_par' dir='ltr' id='par_1_56' title="bbox 240 3064 3530 3143">
     <span class='ocr_line' id='line_1_56' title="bbox 240 3064 3530 3143; baseline 0.003 -30"><span class='ocrx_word' id='word_1_411' title='bbox 240 3064 679 3135; x_wconf 74' lang='grc' dir='ltr'><strong>ἑπικρατήσαντι</strong></span> <span class='ocrx_word' id='word_1_412' title='bbox 706 3067 880 3137; x_wconf 82' lang='grc' dir='ltr'><strong>Σύλλᾳ</strong></span> <span class='ocrx_word' id='word_1_413' title='bbox 902 3066 1306 3136; x_wconf 80' lang='grc' dir='ltr'><strong>προσεχώρησε.</strong></span> <span class='ocrx_word' id='word_1_414' title='bbox 1336 3070 1444 3121; x_wconf 74' lang='grc' dir='ltr'><strong>Καὶ</strong></span> <span class='ocrx_word' id='word_1_415' title='bbox 1474 3068 1617 3123; x_wconf 78' lang='grc' dir='ltr'><strong>οὕτω</strong></span> <span class='ocrx_word' id='word_1_416' title='bbox 1640 3070 1823 3123; x_wconf 85' lang='grc' dir='ltr'><strong>τέλεον</strong></span> <span class='ocrx_word' id='word_1_417' title='bbox 1861 3074 1926 3141; x_wconf 77' lang='grc' dir='ltr'><strong>τῇ</strong></span> <span class='ocrx_word' id='word_1_418' title='bbox 1961 3074 2209 3143; x_wconf 76' lang='grc' dir='ltr'><strong>ἐμφυλίῳ</strong></span> <span class='ocrx_word' id='word_1_419' title='bbox 2240 3075 2553 3143; x_wconf 69' lang='grc' dir='ltr'><strong>ωναπὲσὸη</strong></span> <span class='ocrx_word' id='word_1_420' title='bbox 2586 3074 2774 3125; x_wconf 82' lang='grc' dir='ltr'><strong>στάσει</strong></span> <span class='ocrx_word' id='word_1_421' title='bbox 2809 3072 3063 3142; x_wconf 77' lang='grc' dir='ltr'><strong>μέγιστος</strong></span> <span class='ocrx_word' id='word_1_422' title='bbox 3123 3072 3368 3141; x_wconf 86' lang='grc' dir='ltr'><strong>γεγονὼς</strong></span> <span class='ocrx_word' id='word_1_423' title='bbox 3433 3075 3530 3125; x_wconf 79' lang='grc' dir='ltr'><strong>καὶ</strong></span> 
     </span>
    </p>
   </div>
   <div class='ocr_carea' id='block_1_57' title="bbox 242 3156 1235 3226">
    <p class='ocr_par' dir='ltr' id='par_1_57' title="bbox 242 3156 1235 3226">
     <span class='ocr_line' id='line_1_57' title="bbox 242 3156 1235 3226; baseline 0.005 -19"><span class='ocrx_word' id='word_1_424' title='bbox 242 3157 274 3207; x_wconf 87' lang='grc' dir='ltr'><strong>ὁ</strong></span> <span class='ocrx_word' id='word_1_425' title='bbox 311 3156 596 3226; x_wconf 75' lang='grc' dir='ltr'><strong>Μαρσικὸς</strong></span> <span class='ocrx_word' id='word_1_426' title='bbox 632 3157 947 3225; x_wconf 79' lang='grc' dir='ltr'><strong>ἐπικληθεὶς</strong></span> <span class='ocrx_word' id='word_1_427' title='bbox 985 3158 1235 3226; x_wconf 82' lang='grc' dir='ltr'><strong>πόλεμος.</strong></span> 
     </span>
    </p>
   </div>
   <div class='ocr_carea' id='block_1_58' title="bbox 319 3249 1835 3321">
    <p class='ocr_par' dir='ltr' id='par_1_58' title="bbox 319 3249 1834 3321">
     <span class='ocr_line' id='line_1_58' title="bbox 319 3249 1834 3321; baseline 0.003 -21"><span class='ocrx_word' id='word_1_428' title='bbox 319 3250 445 3300; x_wconf 83' lang='grc' dir='ltr'><strong>ὐτι</strong></span> <span class='ocrx_word' id='word_1_429' title='bbox 477 3249 689 3317; x_wconf 83' lang='grc' dir='ltr'><strong>μεγάλη</strong></span> <span class='ocrx_word' id='word_1_430' title='bbox 721 3249 909 3311; x_wconf 79' lang='grc' dir='ltr'><strong>στάσις</strong></span> <span class='ocrx_word' id='word_1_431' title='bbox 939 3250 1199 3317; x_wconf 82' lang='grc' dir='ltr'><strong>ἐμφύλιος</strong></span> <span class='ocrx_word' id='word_1_432' title='bbox 1234 3250 1333 3319; x_wconf 72' lang='grc' dir='ltr'><strong>ήδη</strong></span> <span class='ocrx_word' id='word_1_433' title='bbox 1368 3250 1720 3321; x_wconf 79' lang='grc' dir='ltr'><strong>διαλυομένου</strong></span> <span class='ocrx_word' id='word_1_434' title='bbox 1740 3253 1834 3305; x_wconf 81' lang='grc' dir='ltr'><strong>τοῦ</strong></span> 
     </span>
    </p>
   </div>
   <div class='ocr_carea' id='block_1_59' title="bbox 1939 3249 3526 3321">
    <p class='ocr_par' dir='ltr' id='par_1_59' title="bbox 2013 3250 3526 3320">
     <span class='ocr_line' id='line_1_59' title="bbox 2013 3250 3526 3320; baseline 0.001 -15"><span class='ocrx_word' id='word_1_435' title='bbox 2013 3252 2238 3305; x_wconf 81' lang='lat' dir='ltr'><strong>Exstitit</strong></span> <span class='ocrx_word' id='word_1_436' title='bbox 2290 3261 2493 3315; x_wconf 88' lang='lat' dir='ltr'><strong>autem,</strong></span> <span class='ocrx_word' id='word_1_437' title='bbox 2529 3250 2870 3305; x_wconf 78' lang='lat' dir='ltr'><strong>exolescente</strong></span> <span class='ocrx_word' id='word_1_438' title='bbox 2917 3251 3029 3320; x_wconf 84' lang='lat' dir='ltr'><strong>jam</strong></span> <span class='ocrx_word' id='word_1_439' title='bbox 3083 3252 3222 3306; x_wconf 91' lang='lat' dir='ltr'><strong>bello</strong></span> <span class='ocrx_word' id='word_1_440' title='bbox 3273 3252 3526 3307; x_wconf 64' lang='grc' dir='ltr'><strong>διεγεῖρον</strong></span> 
     </span>
    </p>
   </div>
   <div class='ocr_carea' id='block_1_60' title="bbox 245 3334 1835 3410">
    <p class='ocr_par' dir='ltr' id='par_1_60' title="bbox 245 3334 1835 3409">
     <span class='ocr_line' id='line_1_60' title="bbox 245 3334 1835 3409; baseline 0.003 -17"><span class='ocrx_word' id='word_1_441' title='bbox 245 3338 542 3407; x_wconf 75' lang='grc' dir='ltr'><strong>Μαρσικοῦ</strong></span> <span class='ocrx_word' id='word_1_442' title='bbox 588 3340 777 3405; x_wconf 83' lang='grc' dir='ltr'><strong>γέγονε</strong></span> <span class='ocrx_word' id='word_1_443' title='bbox 826 3340 1085 3407; x_wconf 77' lang='grc' dir='ltr'><strong>πολέμου,</strong></span> <span class='ocrx_word' id='word_1_444' title='bbox 1118 3334 1187 3409; x_wconf 89' lang='grc' dir='ltr'><strong>ἦς</strong></span> <span class='ocrx_word' id='word_1_445' title='bbox 1234 3340 1465 3408; x_wconf 77' lang='grc' dir='ltr'><strong>ἡγοῦντο</strong></span> <span class='ocrx_word' id='word_1_446' title='bbox 1499 3344 1703 3406; x_wconf 89' lang='grc' dir='ltr'><strong>Σύλλας</strong></span> <span class='ocrx_word' id='word_1_447' title='bbox 1745 3346 1835 3396; x_wconf 66' lang='grc' dir='ltr'><strong>καὶ</strong></span> 
     </span>
    </p>
   </div>
   <div class='ocr_carea' id='block_1_61' title="bbox 1939 3334 3529 3410">
    <p class='ocr_par' dir='ltr' id='par_1_61' title="bbox 1953 3339 3529 3410">
     <span class='ocr_line' id='line_1_61' title="bbox 1953 3339 3529 3410; baseline 0 -16"><span class='ocrx_word' id='word_1_448' title='bbox 1953 3341 2141 3409; x_wconf 87' lang='lat' dir='ltr'><strong>ingens</strong></span> <span class='ocrx_word' id='word_1_449' title='bbox 2172 3340 2364 3393; x_wconf 87' lang='lat' dir='ltr'><strong>seditio</strong></span> <span class='ocrx_word' id='word_1_450' title='bbox 2394 3341 2589 3401; x_wconf 90' lang='lat' dir='ltr'><strong>civilis,</strong></span> <span class='ocrx_word' id='word_1_451' title='bbox 2624 3339 2779 3405; x_wconf 87' lang='lat' dir='ltr'><strong>cujus</strong></span> <span class='ocrx_word' id='word_1_452' title='bbox 2836 3341 2998 3394; x_wconf 87' lang='lat' dir='ltr'><strong>duces</strong></span> <span class='ocrx_word' id='word_1_453' title='bbox 3035 3351 3190 3393; x_wconf 83' lang='lat' dir='ltr'><strong>erant</strong></span> <span class='ocrx_word' id='word_1_454' title='bbox 3255 3340 3402 3410; x_wconf 81' lang='lat' dir='ltr'><strong>Sylla</strong></span> <span class='ocrx_word' id='word_1_455' title='bbox 3472 3352 3529 3394; x_wconf 84' lang='lat' dir='ltr'><strong>et</strong></span> 
     </span>
    </p>
   </div>
   <div class='ocr_carea' id='block_1_62' title="bbox 244 3430 1837 3502">
    <p class='ocr_par' dir='ltr' id='par_1_62' title="bbox 244 3430 1837 3502">
     <span class='ocr_line' id='line_1_62' title="bbox 244 3430 1837 3502; baseline 0.005 -21"><span class='ocrx_word' id='word_1_456' title='bbox 244 3430 409 3493; x_wconf 81' lang='grc' dir='ltr'><strong>Γάϊος</strong></span> <span class='ocrx_word' id='word_1_457' title='bbox 455 3430 687 3501; x_wconf 82' lang='grc' dir='ltr'><strong>Μάριος,</strong></span> <span class='ocrx_word' id='word_1_458' title='bbox 720 3430 838 3493; x_wconf 80' lang='grc' dir='ltr'><strong>νέος</strong></span> <span class='ocrx_word' id='word_1_459' title='bbox 862 3432 957 3495; x_wconf 82' lang='grc' dir='ltr'><strong>ὢν,</strong></span> <span class='ocrx_word' id='word_1_460' title='bbox 988 3435 1017 3485; x_wconf 87' lang='grc' dir='ltr'><strong>ό</strong></span> <span class='ocrx_word' id='word_1_461' title='bbox 1047 3433 1258 3502; x_wconf 88' lang='grc' dir='ltr'><strong>Μαρίου</strong></span> <span class='ocrx_word' id='word_1_462' title='bbox 1287 3434 1379 3487; x_wconf 82' lang='grc' dir='ltr'><strong>τοῦ</strong></span> <span class='ocrx_word' id='word_1_463' title='bbox 1409 3435 1666 3499; x_wconf 85' lang='grc' dir='ltr'><strong>πολλάκις</strong></span> <span class='ocrx_word' id='word_1_464' title='bbox 1697 3437 1837 3489; x_wconf 78' lang='grc' dir='ltr'><strong>ὐπα-</strong></span> 
     </span>
    </p>
   </div>
   <div class='ocr_carea' id='block_1_63' title="bbox 245 3522 1836 3597">
    <p class='ocr_par' dir='ltr' id='par_1_63' title="bbox 245 3522 1836 3597">
     <span class='ocr_line' id='line_1_63' title="bbox 245 3522 1836 3597; baseline 0.003 -23"><span class='ocrx_word' id='word_1_465' title='bbox 245 3522 506 3583; x_wconf 84' lang='grc' dir='ltr'><strong>τευκότος</strong></span> <span class='ocrx_word' id='word_1_466' title='bbox 556 3523 823 3587; x_wconf 86' lang='grc' dir='ltr'><strong>(ἑπτάκις</strong></span> <span class='ocrx_word' id='word_1_467' title='bbox 869 3523 976 3592; x_wconf 78' lang='grc' dir='ltr'><strong>γάρ</strong></span> <span class='ocrx_word' id='word_1_468' title='bbox 1027 3524 1335 3594; x_wconf 81' lang='grc' dir='ltr'><strong>ὑπάτευσε)</strong></span> <span class='ocrx_word' id='word_1_469' title='bbox 1376 3528 1527 3588; x_wconf 78' lang='grc' dir='ltr'><strong>παῖς.</strong></span> <span class='ocrx_word' id='word_1_470' title='bbox 1568 3526 1654 3577; x_wconf 83' lang='grc' dir='ltr'><strong>Ἐν</strong></span> <span class='ocrx_word' id='word_1_471' title='bbox 1686 3526 1741 3578; x_wconf 83' lang='grc' dir='ltr'><strong>δὲ</strong></span> <span class='ocrx_word' id='word_1_472' title='bbox 1770 3529 1836 3597; x_wconf 78' lang='grc' dir='ltr'><strong>τῇ</strong></span> 
     </span>
    </p>
   </div>
   <div class='ocr_carea' id='block_1_64' title="bbox 251 3611 1840 3689">
    <p class='ocr_par' dir='ltr' id='par_1_64' title="bbox 251 3611 1840 3689">
     <span class='ocr_line' id='line_1_64' title="bbox 251 3611 1840 3689; baseline 0.003 -25"><span class='ocrx_word' id='word_1_473' title='bbox 251 3612 445 3665; x_wconf 87' lang='grc' dir='ltr'><strong>στάσει</strong></span> <span class='ocrx_word' id='word_1_474' title='bbox 485 3611 603 3683; x_wconf 77' lang='grc'><strong>[641</strong></span> <span class='ocrx_word' id='word_1_475' title='bbox 644 3611 737 3682; x_wconf 84' lang='lat' dir='ltr'><strong>H.]</strong></span> <span class='ocrx_word' id='word_1_476' title='bbox 774 3614 966 3666; x_wconf 71' lang='grc' dir='ltr'><strong>πολλαὶ</strong></span> <span class='ocrx_word' id='word_1_477' title='bbox 1000 3615 1259 3684; x_wconf 83' lang='grc' dir='ltr'><strong>μυριάδες</strong></span> <span class='ocrx_word' id='word_1_478' title='bbox 1301 3617 1604 3685; x_wconf 85' lang='grc' dir='ltr'><strong>ἀνθρώπων</strong></span> <span class='ocrx_word' id='word_1_479' title='bbox 1636 3618 1840 3689; x_wconf 69' lang='grc' dir='ltr'><strong>ἀνῃρέ-</strong></span> 
     </span>
    </p>
   </div>
   <div class='ocr_carea' id='block_1_65' title="bbox 250 3704 1836 3775">
    <p class='ocr_par' dir='ltr' id='par_1_65' title="bbox 250 3704 1836 3775">
     <span class='ocr_line' id='line_1_65' title="bbox 250 3704 1836 3775; baseline 0.003 -20"><span class='ocrx_word' id='word_1_480' title='bbox 250 3704 447 3769; x_wconf 88' lang='grc' dir='ltr'><strong>θησαν.</strong></span> <span class='ocrx_word' id='word_1_481' title='bbox 466 3705 767 3775; x_wconf 83' lang='grc' dir='ltr'><strong>Ἐκράτησε</strong></span> <span class='ocrx_word' id='word_1_482' title='bbox 791 3705 834 3757; x_wconf 75' lang='grc' dir='ltr'><strong>δ’</strong></span> <span class='ocrx_word' id='word_1_483' title='bbox 854 3707 881 3757; x_wconf 87' lang='grc' dir='ltr'>ὁ</span> <span class='ocrx_word' id='word_1_484' title='bbox 904 3704 1128 3768; x_wconf 88' lang='grc' dir='ltr'><strong>Σύλλας,</strong></span> <span class='ocrx_word' id='word_1_485' title='bbox 1153 3706 1249 3759; x_wconf 77' lang='grc' dir='ltr'><strong>καὶ</strong></span> <span class='ocrx_word' id='word_1_486' title='bbox 1274 3708 1545 3773; x_wconf 87' lang='grc' dir='ltr'><strong>δικτάτωρ</strong></span> <span class='ocrx_word' id='word_1_487' title='bbox 1575 3707 1836 3774; x_wconf 86' lang='grc' dir='ltr'><strong>γεγονὼς,</strong></span> 
     </span>
    </p>
   </div>
   <div class='ocr_carea' id='block_1_66' title="bbox 248 3793 1837 3867">
    <p class='ocr_par' dir='ltr' id='par_1_66' title="bbox 248 3793 1837 3867">
     <span class='ocr_line' id='line_1_66' title="bbox 248 3793 1837 3867; baseline 0.003 -22"><span class='ocrx_word' id='word_1_488' title='bbox 248 3793 641 3864; x_wconf 77' lang='grc' dir='ltr'><strong>Ἐπαφρόδιτόν</strong></span> <span class='ocrx_word' id='word_1_489' title='bbox 664 3813 723 3847; x_wconf 90' lang='grc' dir='ltr'><strong>τε</strong></span> <span class='ocrx_word' id='word_1_490' title='bbox 771 3796 1044 3863; x_wconf 83' lang='grc' dir='ltr'><strong>ὀνομάσας</strong></span> <span class='ocrx_word' id='word_1_491' title='bbox 1096 3796 1307 3860; x_wconf 82' lang='grc' dir='ltr'><strong>ἑαυτὸν,</strong></span> <span class='ocrx_word' id='word_1_492' title='bbox 1342 3797 1440 3848; x_wconf 81' lang='grc' dir='ltr'><strong>οὐκ</strong></span> <span class='ocrx_word' id='word_1_493' title='bbox 1466 3796 1705 3866; x_wconf 79' lang='grc' dir='ltr'><strong>ἐψεύσθη</strong></span> <span class='ocrx_word' id='word_1_494' title='bbox 1736 3799 1837 3867; x_wconf 85' lang='grc' dir='ltr'><strong>τῆς</strong></span> 
     </span>
    </p>
   </div>
   <div class='ocr_carea' id='block_1_67' title="bbox 247 3885 1837 3957">
    <p class='ocr_par' dir='ltr' id='par_1_67' title="bbox 247 3885 1837 3957">
     <span class='ocr_line' id='line_1_67' title="bbox 247 3885 1837 3957; baseline 0.001 -18"><span class='ocrx_word' id='word_1_495' title='bbox 247 3885 607 3948; x_wconf 75' lang='grc' dir='ltr'><strong>ἀλαζονείαςο</strong></span> <span class='ocrx_word' id='word_1_496' title='bbox 656 3888 876 3955; x_wconf 81' lang='grc' dir='ltr'><strong>κρατῶν</strong></span> <span class='ocrx_word' id='word_1_497' title='bbox 902 3888 1008 3957; x_wconf 84' lang='grc' dir='ltr'><strong>γάρ</strong></span> <span class='ocrx_word' id='word_1_498' title='bbox 1033 3890 1145 3948; x_wconf 83' lang='grc' dir='ltr'><strong>τοῖς</strong></span> <span class='ocrx_word' id='word_1_499' title='bbox 1187 3889 1443 3956; x_wconf 82' lang='grc' dir='ltr'><strong>πολέμοις</strong></span> <span class='ocrx_word' id='word_1_500' title='bbox 1478 3886 1591 3957; x_wconf 79' lang='grc' dir='ltr'><strong>ἰδίῳ</strong></span> <span class='ocrx_word' id='word_1_501' title='bbox 1623 3889 1837 3942; x_wconf 80' lang='grc' dir='ltr'><strong>άπεὸίω</strong></span> 
     </span>
    </p>
   </div>
   <div class='ocr_carea' id='block_1_68' title="bbox 248 3974 1835 4047">
    <p class='ocr_par' dir='ltr' id='par_1_68' title="bbox 248 3974 1835 4047">
     <span class='ocr_line' id='line_1_68' title="bbox 248 3974 1835 4047; baseline 0.003 -20"><span class='ocrx_word' id='word_1_502' title='bbox 248 3975 489 4043; x_wconf 84' lang='grc' dir='ltr'><strong>θανάτῳ.</strong></span> <span class='ocrx_word' id='word_1_503' title='bbox 510 3974 568 4028; x_wconf 82' lang='grc' dir='ltr'>Ὀ</span> <span class='ocrx_word' id='word_1_504' title='bbox 586 3976 642 4028; x_wconf 69' lang='grc' dir='ltr'><strong>δὲ</strong></span> <span class='ocrx_word' id='word_1_505' title='bbox 664 3978 874 4046; x_wconf 87' lang='grc' dir='ltr'><strong>Μάριος</strong></span> <span class='ocrx_word' id='word_1_506' title='bbox 908 3979 1053 4047; x_wconf 82' lang='grc' dir='ltr'><strong>μάχῃ</strong></span> <span class='ocrx_word' id='word_1_507' title='bbox 1081 3980 1148 4047; x_wconf 83' lang='grc' dir='ltr'><strong>τῇ</strong></span> <span class='ocrx_word' id='word_1_508' title='bbox 1177 3978 1314 4047; x_wconf 73' lang='grc' dir='ltr'><strong>πρὸς</strong></span> <span class='ocrx_word' id='word_1_509' title='bbox 1336 3977 1539 4031; x_wconf 87' lang='grc' dir='ltr'><strong>Σύλλαν</strong></span> <span class='ocrx_word' id='word_1_510' title='bbox 1570 3980 1835 4046; x_wconf 88' lang='grc' dir='ltr'><strong>γενναίως</strong></span> 
     </span>
    </p>
   </div>
   <div class='ocr_carea' id='block_1_69' title="bbox 246 4052 1837 4140">
    <p class='ocr_par' dir='ltr' id='par_1_69' title="bbox 246 4052 1837 4140">
     <span class='ocr_line' id='line_1_69' title="bbox 246 4052 1837 4140; baseline 0.001 -19"><span class='ocrx_word' id='word_1_511' title='bbox 246 4067 681 4136; x_wconf 83' lang='grc' dir='ltr'><strong>ἀγωνισάμενος,</strong></span> <span class='ocrx_word' id='word_1_512' title='bbox 714 4068 863 4136; x_wconf 79' lang='grc' dir='ltr'><strong>ὅμως</strong></span> <span class='ocrx_word' id='word_1_513' title='bbox 894 4068 1149 4138; x_wconf 75' lang='grc' dir='ltr'><strong>ἡττηθεὶς</strong></span> <span class='ocrx_word' id='word_1_514' title='bbox 1182 4068 1491 4137; x_wconf 69' lang='grc' dir='ltr'><strong>κατέφυγεν</strong></span> <span class='ocrx_word' id='word_1_515' title='bbox 1538 4070 1619 4131; x_wconf 85' lang='grc' dir='ltr'><strong>είς</strong></span> <span class='ocrx_word' id='word_1_516' title='bbox 1666 4052 1837 4140; x_wconf 77' lang='grc' dir='ltr'><strong>Πραίο</strong></span> 
     </span>
    </p>
   </div>
   <div class='ocr_carea' id='block_1_70' title="bbox 246 4158 1836 4229">
    <p class='ocr_par' dir='ltr' id='par_1_70' title="bbox 246 4158 1836 4229">
     <span class='ocr_line' id='line_1_70' title="bbox 246 4158 1836 4229; baseline 0.001 -18"><span class='ocrx_word' id='word_1_517' title='bbox 246 4175 439 4212; x_wconf 88' lang='grc' dir='ltr'><strong>νεστον</strong></span> <span class='ocrx_word' id='word_1_518' title='bbox 469 4158 581 4226; x_wconf 74' lang='grc' dir='ltr'><strong>’ἱμα</strong></span> <span class='ocrx_word' id='word_1_519' title='bbox 612 4159 829 4228; x_wconf 87' lang='grc' dir='ltr'><strong>μυρίοις</strong></span> <span class='ocrx_word' id='word_1_520' title='bbox 856 4158 1338 4229; x_wconf 83' lang='grc' dir='ltr'><strong>πεντακισχιλίοις.</strong></span> <span class='ocrx_word' id='word_1_521' title='bbox 1367 4160 1754 4227; x_wconf 75' lang='grc' dir='ltr'><strong>Συγκλεισθεὶς</strong></span> <span class='ocrx_word' id='word_1_522' title='bbox 1778 4159 1836 4213; x_wconf 84' lang='grc' dir='ltr'><strong>δ’</strong></span> 
     </span>
    </p>
   </div>
   <div class='ocr_carea' id='block_1_71' title="bbox 246 4248 1835 4318">
    <p class='ocr_par' dir='ltr' id='par_1_71' title="bbox 246 4248 1835 4318">
     <span class='ocr_line' id='line_1_71' title="bbox 246 4248 1835 4318; baseline 0.002 -18"><span class='ocrx_word' id='word_1_523' title='bbox 246 4250 310 4301; x_wconf 76' lang='grc' dir='ltr'><strong>ἐν</strong></span> <span class='ocrx_word' id='word_1_524' title='bbox 337 4249 475 4317; x_wconf 83' lang='grc' dir='ltr'><strong>αὐτῇ</strong></span> <span class='ocrx_word' id='word_1_525' title='bbox 502 4249 596 4300; x_wconf 77' lang='grc' dir='ltr'><strong>καὶ</strong></span> <span class='ocrx_word' id='word_1_526' title='bbox 624 4248 817 4317; x_wconf 84' lang='grc' dir='ltr'><strong>χρόνον</strong></span> <span class='ocrx_word' id='word_1_527' title='bbox 843 4249 943 4301; x_wconf 81' lang='grc' dir='ltr'><strong>οὐκ</strong></span> <span class='ocrx_word' id='word_1_528' title='bbox 970 4248 1151 4315; x_wconf 85' lang='grc' dir='ltr'><strong>ὀλίγον</strong></span> <span class='ocrx_word' id='word_1_529' title='bbox 1184 4249 1568 4318; x_wconf 75' lang='grc' dir='ltr'><strong>πολιορκηθεὶς</strong></span> <span class='ocrx_word' id='word_1_530' title='bbox 1596 4251 1835 4317; x_wconf 74' lang='grc' dir='ltr'><strong>ἡναγκά-</strong></span> 
     </span>
    </p>
   </div>
   <div class='ocr_carea' id='block_1_72' title="bbox 247 4338 1832 4408">
    <p class='ocr_par' dir='ltr' id='par_1_72' title="bbox 247 4338 1832 4408">
     <span class='ocr_line' id='line_1_72' title="bbox 247 4338 1832 4408; baseline 0.002 -18"><span class='ocrx_word' id='word_1_531' title='bbox 247 4340 378 4408; x_wconf 89' lang='grc' dir='ltr'><strong>σθη,</strong></span> <span class='ocrx_word' id='word_1_532' title='bbox 414 4340 629 4395; x_wconf 83' lang='grc' dir='ltr'><strong>πάντων</strong></span> <span class='ocrx_word' id='word_1_533' title='bbox 654 4339 816 4391; x_wconf 75' lang='grc' dir='ltr'><strong>αὐτὸν</strong></span> <span class='ocrx_word' id='word_1_534' title='bbox 845 4338 1317 4405; x_wconf 85' lang='grc' dir='ltr'><strong>ἐγκαταλιπόντων</strong></span> <span class='ocrx_word' id='word_1_535' title='bbox 1334 4338 1521 4405; x_wconf 77' lang='lat' dir='ltr'><strong>“,[xa‘t</strong></span> <span class='ocrx_word' id='word_1_536' title='bbox 1560 4340 1832 4408; x_wconf 85' lang='grc' dir='ltr'><strong>μηδεμίαν</strong></span> 
     </span>
    </p>
   </div>
   <div class='ocr_carea' id='block_1_73' title="bbox 1947 3430 3529 3501">
    <p class='ocr_par' dir='ltr' id='par_1_73' title="bbox 1947 3430 3529 3501">
     <span class='ocr_line' id='line_1_73' title="bbox 1947 3430 3529 3501; baseline 0.001 -16"><span class='ocrx_word' id='word_1_537' title='bbox 1947 3430 2111 3485; x_wconf 86' lang='lat' dir='ltr'><strong>Caius</strong></span> <span class='ocrx_word' id='word_1_538' title='bbox 2153 3431 2371 3493; x_wconf 80' lang='lat' dir='ltr'><strong>Marius,</strong></span> <span class='ocrx_word' id='word_1_539' title='bbox 2408 3431 2623 3497; x_wconf 87' lang='lat' dir='ltr'><strong>juvenis</strong></span> <span class='ocrx_word' id='word_1_540' title='bbox 2657 3432 2833 3485; x_wconf 86' lang='lat' dir='ltr'><strong>adhuc</strong></span> <span class='ocrx_word' id='word_1_541' title='bbox 2873 3430 2987 3485; x_wconf 88' lang='lat' dir='ltr'><strong>Caii</strong></span> <span class='ocrx_word' id='word_1_542' title='bbox 3025 3431 3178 3485; x_wconf 76' lang='lat' dir='ltr'><strong>Marii</strong></span> <span class='ocrx_word' id='word_1_543' title='bbox 3219 3432 3378 3496; x_wconf 84' lang='lat' dir='ltr'><strong>lilius,</strong></span> <span class='ocrx_word' id='word_1_544' title='bbox 3411 3432 3529 3501; x_wconf 80' lang='lat' dir='ltr'><strong>ejus</strong></span> 
     </span>
    </p>
   </div>
   <div class='ocr_carea' id='block_1_74' title="bbox 1948 3520 3527 3591">
    <p class='ocr_par' dir='ltr' id='par_1_74' title="bbox 1948 3520 3527 3591">
     <span class='ocr_line' id='line_1_74' title="bbox 1948 3520 3527 3591; baseline 0.003 -19"><span class='ocrx_word' id='word_1_545' title='bbox 1948 3523 2039 3590; x_wconf 88' lang='lat' dir='ltr'><strong>qui</strong></span> <span class='ocrx_word' id='word_1_546' title='bbox 2074 3523 2236 3575; x_wconf 86' lang='lat' dir='ltr'><strong>toties</strong></span> <span class='ocrx_word' id='word_1_547' title='bbox 2280 3522 2502 3590; x_wconf 86' lang='lat' dir='ltr'><strong>(septies</strong></span> <span class='ocrx_word' id='word_1_548' title='bbox 2559 3520 2727 3589; x_wconf 84' lang='lat' dir='ltr'><strong>enim)</strong></span> <span class='ocrx_word' id='word_1_549' title='bbox 2770 3523 3105 3575; x_wconf 89' lang='lat' dir='ltr'><strong>consulatum</strong></span> <span class='ocrx_word' id='word_1_550' title='bbox 3154 3523 3337 3591; x_wconf 88' lang='lat' dir='ltr'><strong>gessit.</strong></span> <span class='ocrx_word' id='word_1_551' title='bbox 3372 3520 3428 3575; x_wconf 92' lang='lat' dir='ltr'><strong>In</strong></span> <span class='ocrx_word' id='word_1_552' title='bbox 3461 3537 3527 3577; x_wconf 85' lang='lat' dir='ltr'><strong>ea</strong></span> 
     </span>
    </p>
   </div>
   <div class='ocr_carea' id='block_1_75' title="bbox 1944 3611 3523 3672">
    <p class='ocr_par' dir='ltr' id='par_1_75' title="bbox 1944 3611 3523 3672">
     <span class='ocr_line' id='line_1_75' title="bbox 1944 3611 3523 3672; baseline -0.001 -5"><span class='ocrx_word' id='word_1_553' title='bbox 1944 3613 2208 3667; x_wconf 90' lang='lat' dir='ltr'><strong>seditione</strong></span> <span class='ocrx_word' id='word_1_554' title='bbox 2264 3611 2558 3665; x_wconf 86' lang='lat' dir='ltr'><strong>interfecta</strong></span> <span class='ocrx_word' id='word_1_555' title='bbox 2606 3612 3060 3666; x_wconf 84' lang='lat' dir='ltr'><strong>sunt-hominum</strong></span> <span class='ocrx_word' id='word_1_556' title='bbox 3116 3613 3283 3666; x_wconf 89' lang='lat' dir='ltr'><strong>multa</strong></span> <span class='ocrx_word' id='word_1_557' title='bbox 3334 3613 3523 3672; x_wconf 88' lang='lat' dir='ltr'><strong>millia.</strong></span> 
     </span>
    </p>
   </div>
   <div class='ocr_carea' id='block_1_76' title="bbox 1944 3701 3528 3772">
    <p class='ocr_par' dir='ltr' id='par_1_76' title="bbox 1944 3701 3528 3772">
     <span class='ocr_line' id='line_1_76' title="bbox 1944 3701 3528 3772; baseline 0.001 -18"><span class='ocrx_word' id='word_1_558' title='bbox 1944 3715 2008 3754; x_wconf 88' lang='lat' dir='ltr'><strong>ac</strong></span> <span class='ocrx_word' id='word_1_559' title='bbox 2052 3704 2299 3771; x_wconf 90' lang='lat' dir='ltr'><strong>superior</strong></span> <span class='ocrx_word' id='word_1_560' title='bbox 2348 3704 2522 3756; x_wconf 87' lang='lat' dir='ltr'><strong>factus</strong></span> <span class='ocrx_word' id='word_1_561' title='bbox 2563 3701 2731 3772; x_wconf 85' lang='lat' dir='ltr'><strong>Sylla,</strong></span> <span class='ocrx_word' id='word_1_562' title='bbox 2767 3712 2823 3756; x_wconf 90' lang='lat' dir='ltr'><strong>et</strong></span> <span class='ocrx_word' id='word_1_563' title='bbox 2856 3705 3089 3757; x_wconf 89' lang='lat' dir='ltr'><strong>dictator</strong></span> <span class='ocrx_word' id='word_1_564' title='bbox 3127 3713 3344 3758; x_wconf 83' lang='lat' dir='ltr'><strong>creatus</strong></span> <span class='ocrx_word' id='word_1_565' title='bbox 3385 3703 3528 3757; x_wconf 81' lang='lat' dir='ltr'><strong>Feli-</strong></span> 
     </span>
    </p>
   </div>
   <div class='ocr_carea' id='block_1_77' title="bbox 1943 3792 3526 3863">
    <p class='ocr_par' dir='ltr' id='par_1_77' title="bbox 1943 3792 3526 3863">
     <span class='ocr_line' id='line_1_77' title="bbox 1943 3792 3526 3863; baseline 0.002 -19"><span class='ocrx_word' id='word_1_566' title='bbox 1943 3805 2061 3844; x_wconf 88' lang='lat' dir='ltr'><strong>cem</strong></span> <span class='ocrx_word' id='word_1_567' title='bbox 2109 3792 2346 3859; x_wconf 84' lang='lat' dir='ltr'><strong>seipsum</strong></span> <span class='ocrx_word' id='word_1_568' title='bbox 2379 3792 2701 3857; x_wconf 84' lang='lat' dir='ltr'><strong>nominavit,</strong></span> <span class='ocrx_word' id='word_1_569' title='bbox 2751 3808 2871 3860; x_wconf 77' lang='lat' dir='ltr'><strong>qua:</strong></span> <span class='ocrx_word' id='word_1_570' title='bbox 2909 3807 3031 3846; x_wconf 92' lang='lat' dir='ltr'><strong>eum</strong></span> <span class='ocrx_word' id='word_1_571' title='bbox 3070 3794 3380 3863; x_wconf 84' lang='lat' dir='ltr'><strong>arrogantia</strong></span> <span class='ocrx_word' id='word_1_572' title='bbox 3419 3809 3526 3847; x_wconf 90' lang='lat' dir='ltr'><strong>non</strong></span> 
     </span>
    </p>
   </div>
   <div class='ocr_carea' id='block_1_78' title="bbox 1943 3881 3528 3954">
    <p class='ocr_par' dir='ltr' id='par_1_78' title="bbox 1943 3881 3528 3954">
     <span class='ocr_line' id='line_1_78' title="bbox 1943 3881 3528 3954; baseline 0.003 -19"><span class='ocrx_word' id='word_1_573' title='bbox 1943 3881 2157 3938; x_wconf 91' lang='lat' dir='ltr'><strong>fefellit.</strong></span> <span class='ocrx_word' id='word_1_574' title='bbox 2199 3884 2380 3937; x_wconf 76' lang='lat' dir='ltr'><strong>Armis</strong></span> <span class='ocrx_word' id='word_1_575' title='bbox 2414 3884 2558 3936; x_wconf 90' lang='lat' dir='ltr'><strong>enim</strong></span> <span class='ocrx_word' id='word_1_576' title='bbox 2606 3886 2854 3951; x_wconf 85' lang='lat' dir='ltr'><strong>superior</strong></span> <span class='ocrx_word' id='word_1_577' title='bbox 2895 3886 3113 3954; x_wconf 88' lang='lat' dir='ltr'><strong>propria</strong></span> <span class='ocrx_word' id='word_1_578' title='bbox 3154 3897 3327 3940; x_wconf 88' lang='lat' dir='ltr'><strong>morte</strong></span> <span class='ocrx_word' id='word_1_579' title='bbox 3361 3900 3528 3940; x_wconf 90' lang='lat' dir='ltr'><strong>occu-</strong></span> 
     </span>
    </p>
   </div>
   <div class='ocr_carea' id='block_1_79' title="bbox 1944 3974 3523 4047">
    <p class='ocr_par' dir='ltr' id='par_1_79' title="bbox 1944 3974 3523 4047">
     <span class='ocr_line' id='line_1_79' title="bbox 1944 3974 3523 4047; baseline 0.002 -20"><span class='ocrx_word' id='word_1_580' title='bbox 1944 3976 2078 4028; x_wconf 91' lang='lat' dir='ltr'><strong>buit.</strong></span> <span class='ocrx_word' id='word_1_581' title='bbox 2133 3974 2336 4029; x_wconf 75' lang='lat' dir='ltr'><strong>Marius</strong></span> <span class='ocrx_word' id='word_1_582' title='bbox 2391 3989 2520 4028; x_wconf 92' lang='lat' dir='ltr'><strong>vero</strong></span> <span class='ocrx_word' id='word_1_583' title='bbox 2568 3976 2766 4044; x_wconf 73' lang='lat' dir='ltr'><strong>prmlio</strong></span> <span class='ocrx_word' id='word_1_584' title='bbox 2809 3991 2931 4030; x_wconf 89' lang='lat' dir='ltr'><strong>cum</strong></span> <span class='ocrx_word' id='word_1_585' title='bbox 2981 3977 3129 4047; x_wconf 84' lang='lat' dir='ltr'><strong>Sylla</strong></span> <span class='ocrx_word' id='word_1_586' title='bbox 3178 3991 3523 4045; x_wconf 85' lang='lat' dir='ltr'><strong>congressus,</strong></span> 
     </span>
    </p>
   </div>
   <div class='ocr_carea' id='block_1_80' title="bbox 1941 4070 3525 4140">
    <p class='ocr_par' dir='ltr' id='par_1_80' title="bbox 1941 4070 3525 4140">
     <span class='ocr_line' id='line_1_80' title="bbox 1941 4070 3525 4140; baseline 0.003 -21"><span class='ocrx_word' id='word_1_587' title='bbox 1941 4070 2190 4135; x_wconf 80' lang='lat' dir='ltr'><strong>quamvis</strong></span> <span class='ocrx_word' id='word_1_588' title='bbox 2235 4083 2500 4137; x_wconf 81' lang='lat' dir='ltr'><strong>generose</strong></span> <span class='ocrx_word' id='word_1_589' title='bbox 2544 4070 2847 4137; x_wconf 61' lang='lat' dir='ltr'><strong>proeliatus,</strong></span> <span class='ocrx_word' id='word_1_590' title='bbox 2880 4070 3078 4140; x_wconf 76' lang='lat' dir='ltr'><strong>393a</strong></span> <span class='ocrx_word' id='word_1_591' title='bbox 3116 4081 3299 4124; x_wconf 81' lang='lat' dir='ltr'><strong>tamen</strong></span> <span class='ocrx_word' id='word_1_592' title='bbox 3350 4074 3525 4124; x_wconf 83' lang='lat' dir='ltr'><strong>victus</strong></span> 
     </span>
    </p>
   </div>
   <div class='ocr_carea' id='block_1_81' title="bbox 1942 4157 3527 4231">
    <p class='ocr_par' dir='ltr' id='par_1_81' title="bbox 1942 4157 3527 4231">
     <span class='ocr_line' id='line_1_81' title="bbox 1942 4157 3527 4231; baseline 0.001 -20"><span class='ocrx_word' id='word_1_593' title='bbox 1942 4157 2213 4214; x_wconf 72' lang='lat' dir='ltr'><strong>Praeneste</strong></span> <span class='ocrx_word' id='word_1_594' title='bbox 2266 4160 2536 4231; x_wconf 77' lang='lat' dir='ltr'><strong>confugit,</strong></span> <span class='ocrx_word' id='word_1_595' title='bbox 2569 4176 2675 4215; x_wconf 92' lang='lat' dir='ltr'><strong>una</strong></span> <span class='ocrx_word' id='word_1_596' title='bbox 2713 4175 2836 4216; x_wconf 89' lang='lat' dir='ltr'><strong>cum</strong></span> <span class='ocrx_word' id='word_1_597' title='bbox 2884 4163 3030 4215; x_wconf 89' lang='lat' dir='ltr'><strong>mille</strong></span> <span class='ocrx_word' id='word_1_598' title='bbox 3072 4161 3383 4230; x_wconf 87' lang='lat' dir='ltr'><strong>quingentis</strong></span> <span class='ocrx_word' id='word_1_599' title='bbox 3422 4161 3527 4213; x_wconf 82' lang='lat' dir='ltr'><strong>mi-</strong></span> 
     </span>
    </p>
   </div>
   <div class='ocr_carea' id='block_1_82' title="bbox 1942 4250 3523 4321">
    <p class='ocr_par' dir='ltr' id='par_1_82' title="bbox 1942 4250 3523 4321">
     <span class='ocr_line' id='line_1_82' title="bbox 1942 4250 3523 4321; baseline 0.001 -19"><span class='ocrx_word' id='word_1_600' title='bbox 1942 4250 2148 4315; x_wconf 88' lang='lat' dir='ltr'><strong>litibus,</strong></span> <span class='ocrx_word' id='word_1_601' title='bbox 2195 4263 2248 4305; x_wconf 92' lang='lat' dir='ltr'><strong>et</strong></span> <span class='ocrx_word' id='word_1_602' title='bbox 2294 4252 2347 4305; x_wconf 91' lang='lat' dir='ltr'><strong>iu</strong></span> <span class='ocrx_word' id='word_1_603' title='bbox 2401 4267 2463 4307; x_wconf 90' lang='lat' dir='ltr'><strong>ea</strong></span> <span class='ocrx_word' id='word_1_604' title='bbox 2518 4254 2653 4307; x_wconf 89' lang='lat' dir='ltr'><strong>urbe</strong></span> <span class='ocrx_word' id='word_1_605' title='bbox 2701 4253 3009 4317; x_wconf 85' lang='lat' dir='ltr'><strong>conclusus,</strong></span> <span class='ocrx_word' id='word_1_606' title='bbox 3054 4267 3154 4307; x_wconf 91' lang='lat' dir='ltr'><strong>nec</strong></span> <span class='ocrx_word' id='word_1_607' title='bbox 3200 4267 3388 4321; x_wconf 86' lang='lat' dir='ltr'><strong>parum</strong></span> <span class='ocrx_word' id='word_1_608' title='bbox 3433 4254 3523 4305; x_wconf 89' lang='lat' dir='ltr'><strong>diu</strong></span> 
     </span>
    </p>
   </div>
   <div class='ocr_carea' id='block_1_83' title="bbox 1940 4340 3526 4412">
    <p class='ocr_par' dir='ltr' id='par_1_83' title="bbox 1940 4340 3526 4412">
     <span class='ocr_line' id='line_1_83' title="bbox 1940 4340 3526 4412; baseline 0.001 -17"><span class='ocrx_word' id='word_1_609' title='bbox 1940 4340 2215 4401; x_wconf 79' lang='lat' dir='ltr'><strong>obsessus.</strong></span> <span class='ocrx_word' id='word_1_610' title='bbox 2251 4354 2470 4396; x_wconf 86' lang='lat' dir='ltr'><strong>coactus</strong></span> <span class='ocrx_word' id='word_1_611' title='bbox 2507 4352 2590 4397; x_wconf 90' lang='lat' dir='ltr'><strong>est</strong></span> <span class='ocrx_word' id='word_1_612' title='bbox 2629 4343 2718 4412; x_wconf 86' lang='lat' dir='ltr'><strong>(ab</strong></span> <span class='ocrx_word' id='word_1_613' title='bbox 2758 4345 3011 4395; x_wconf 86' lang='lat' dir='ltr'><strong>omnibus</strong></span> <span class='ocrx_word' id='word_1_614' title='bbox 3072 4344 3392 4403; x_wconf 84' lang='lat' dir='ltr'><strong>derelictus,</strong></span> <span class='ocrx_word' id='word_1_615' title='bbox 3426 4358 3526 4396; x_wconf 87' lang='lat' dir='ltr'><strong>nec</strong></span> 
     </span>
    </p>
   </div>
   <div class='ocr_carea' id='block_1_84' title="bbox 247 4428 1835 4499">
    <p class='ocr_par' dir='ltr' id='par_1_84' title="bbox 247 4429 1830 4499">
     <span class='ocr_line' id='line_1_84' title="bbox 247 4429 1830 4499; baseline -0.001 -16"><span class='ocrx_word' id='word_1_616' title='bbox 247 4430 523 4499; x_wconf 82' lang='grc' dir='ltr'><strong>σωτηρίας</strong></span> <span class='ocrx_word' id='word_1_617' title='bbox 547 4430 668 4481; x_wconf 81' lang='grc' dir='ltr'><strong>ὁδὸν</strong></span> <span class='ocrx_word' id='word_1_618' title='bbox 691 4429 962 4499; x_wconf 84' lang='grc' dir='ltr'><strong>καθορῶν,</strong></span> <span class='ocrx_word' id='word_1_619' title='bbox 986 4429 1085 4497; x_wconf 81' lang='grc' dir='ltr'><strong>τὴν</strong></span> <span class='ocrx_word' id='word_1_620' title='bbox 1112 4430 1228 4492; x_wconf 79' lang='grc' dir='ltr'><strong>ἐνὸς</strong></span> <span class='ocrx_word' id='word_1_621' title='bbox 1250 4429 1461 4481; x_wconf 75' lang='grc' dir='ltr'><strong>οἰκέτου</strong></span> <span class='ocrx_word' id='word_1_622' title='bbox 1485 4429 1591 4481; x_wconf 87' lang='grc' dir='ltr'><strong>τῶν</strong></span> <span class='ocrx_word' id='word_1_623' title='bbox 1619 4430 1830 4482; x_wconf 85' lang='grc' dir='ltr'><strong>πιστῶν</strong></span> 
     </span>
    </p>
   </div>
   <div class='ocr_carea' id='block_1_85' title="bbox 1939 4428 3522 4499">
    <p class='ocr_par' dir='ltr' id='par_1_85' title="bbox 1941 4428 3522 4499">
     <span class='ocr_line' id='line_1_85' title="bbox 1941 4428 3522 4499; baseline 0.001 -18"><span class='ocrx_word' id='word_1_624' title='bbox 1941 4428 2103 4482; x_wconf 89' lang='lat' dir='ltr'><strong>ullam</strong></span> <span class='ocrx_word' id='word_1_625' title='bbox 2137 4430 2328 4485; x_wconf 85' lang='lat' dir='ltr'><strong>salutis</strong></span> <span class='ocrx_word' id='word_1_626' title='bbox 2360 4430 2498 4484; x_wconf 81' lang='lat' dir='ltr'><strong>viam</strong></span> <span class='ocrx_word' id='word_1_627' title='bbox 2531 4431 2743 4499; x_wconf 86' lang='lat' dir='ltr'><strong>videns)</strong></span> <span class='ocrx_word' id='word_1_628' title='bbox 2772 4432 2930 4485; x_wconf 85' lang='lat' dir='ltr'><strong>unius</strong></span> <span class='ocrx_word' id='word_1_629' title='bbox 2980 4432 3154 4485; x_wconf 85' lang='lat' dir='ltr'><strong>fidelis</strong></span> <span class='ocrx_word' id='word_1_630' title='bbox 3186 4432 3368 4485; x_wconf 89' lang='lat' dir='ltr'><strong>famuli</strong></span> <span class='ocrx_word' id='word_1_631' title='bbox 3403 4447 3522 4484; x_wconf 86' lang='lat' dir='ltr'><strong>ma-</strong></span> 
     </span>
    </p>
   </div>
   <div class='ocr_carea' id='block_1_86' title="bbox 244 4520 1835 4593">
    <p class='ocr_par' dir='ltr' id='par_1_86' title="bbox 244 4521 1830 4593">
     <span class='ocr_line' id='line_1_86' title="bbox 244 4521 1830 4593; baseline 0 -19"><span class='ocrx_word' id='word_1_632' title='bbox 244 4526 408 4593; x_wconf 83' lang='grc' dir='ltr'><strong>χεῖρα</strong></span> <span class='ocrx_word' id='word_1_633' title='bbox 441 4524 519 4585; x_wconf 87' lang='grc' dir='ltr'><strong>εἰς</strong></span> <span class='ocrx_word' id='word_1_634' title='bbox 564 4521 717 4574; x_wconf 83' lang='grc' dir='ltr'><strong>λύσιν</strong></span> <span class='ocrx_word' id='word_1_635' title='bbox 760 4521 866 4573; x_wconf 86' lang='grc' dir='ltr'><strong>τῶν</strong></span> <span class='ocrx_word' id='word_1_636' title='bbox 903 4521 1091 4573; x_wconf 82' lang='grc' dir='ltr'><strong>δεινῶν</strong></span> <span class='ocrx_word' id='word_1_637' title='bbox 1135 4522 1532 4590; x_wconf 78' lang='grc' dir='ltr'><strong>παρακαλέσαι.</strong></span> <span class='ocrx_word' id='word_1_638' title='bbox 1566 4522 1678 4575; x_wconf 76' lang='grc' dir='ltr'><strong>Καὶ</strong></span> <span class='ocrx_word' id='word_1_639' title='bbox 1705 4523 1734 4575; x_wconf 81' lang='grc' dir='ltr'>ὅ</span> <span class='ocrx_word' id='word_1_640' title='bbox 1765 4538 1830 4590; x_wconf 87' lang='grc' dir='ltr'><strong>γε</strong></span> 
     </span>
    </p>
   </div>
   <div class='ocr_carea' id='block_1_87' title="bbox 1939 4520 3521 4593">
    <p class='ocr_par' dir='ltr' id='par_1_87' title="bbox 1940 4520 3521 4584">
     <span class='ocr_line' id='line_1_87' title="bbox 1940 4520 3521 4584; baseline 0.003 -11"><span class='ocrx_word' id='word_1_641' title='bbox 1940 4536 2070 4573; x_wconf 89' lang='lat' dir='ltr'><strong>num</strong></span> <span class='ocrx_word' id='word_1_642' title='bbox 2116 4520 2367 4576; x_wconf 81' lang='lat' dir='ltr'><strong>fittiendis</strong></span> <span class='ocrx_word' id='word_1_643' title='bbox 2406 4523 2643 4576; x_wconf 81' lang='lat' dir='ltr'><strong>miseriis</strong></span> <span class='ocrx_word' id='word_1_644' title='bbox 2678 4524 2951 4577; x_wconf 84' lang='lat' dir='ltr'><strong>invocare.</strong></span> <span class='ocrx_word' id='word_1_645' title='bbox 2983 4522 3050 4577; x_wconf 85' lang='lat' dir='ltr'><strong>Et</strong></span> <span class='ocrx_word' id='word_1_646' title='bbox 3087 4522 3177 4577; x_wconf 91' lang='lat' dir='ltr'><strong>ille</strong></span> <span class='ocrx_word' id='word_1_647' title='bbox 3202 4524 3521 4584; x_wconf 87' lang='lat' dir='ltr'><strong>obsecutus,</strong></span> 
     </span>
    </p>
   </div>
   <div class='ocr_carea' id='block_1_88' title="bbox 245 4607 1835 4683">
    <p class='ocr_par' dir='ltr' id='par_1_88' title="bbox 245 4612 1832 4683">
     <span class='ocr_line' id='line_1_88' title="bbox 245 4612 1832 4683; baseline -0.001 -18"><span class='ocrx_word' id='word_1_648' title='bbox 245 4614 517 4677; x_wconf 80' lang='grc' dir='ltr'><strong>πεισθεὶς,</strong></span> <span class='ocrx_word' id='word_1_649' title='bbox 542 4615 635 4665; x_wconf 77' lang='grc' dir='ltr'><strong>καὶ</strong></span> <span class='ocrx_word' id='word_1_650' title='bbox 660 4614 756 4682; x_wconf 82' lang='grc' dir='ltr'><strong>μιᾷ</strong></span> <span class='ocrx_word' id='word_1_651' title='bbox 780 4614 962 4683; x_wconf 70' lang='grc' dir='ltr'><strong>πληγῇ</strong></span> <span class='ocrx_word' id='word_1_652' title='bbox 991 4612 1085 4663; x_wconf 82' lang='grc' dir='ltr'><strong>τοῦ</strong></span> <span class='ocrx_word' id='word_1_653' title='bbox 1114 4613 1228 4682; x_wconf 88' lang='grc' dir='ltr'><strong>βίου</strong></span> <span class='ocrx_word' id='word_1_654' title='bbox 1246 4613 1337 4664; x_wconf 81' lang='grc' dir='ltr'><strong>τὸν</strong></span> <span class='ocrx_word' id='word_1_655' title='bbox 1364 4613 1634 4681; x_wconf 86' lang='grc' dir='ltr'><strong>δεσπότην</strong></span> <span class='ocrx_word' id='word_1_656' title='bbox 1656 4613 1832 4666; x_wconf 84' lang='grc' dir='ltr'><strong>ἀπαλ-</strong></span> 
     </span>
    </p>
   </div>
   <div class='ocr_carea' id='block_1_89' title="bbox 1939 4607 3524 4683">
    <p class='ocr_par' dir='ltr' id='par_1_89' title="bbox 1942 4609 3524 4681">
     <span class='ocr_line' id='line_1_89' title="bbox 1942 4609 3524 4681; baseline 0.001 -18"><span class='ocrx_word' id='word_1_657' title='bbox 1942 4625 2047 4663; x_wconf 83' lang='grc' dir='ltr'><strong>υηο</strong></span> <span class='ocrx_word' id='word_1_658' title='bbox 2082 4609 2192 4663; x_wconf 91' lang='lat' dir='ltr'><strong>ictu</strong></span> <span class='ocrx_word' id='word_1_659' title='bbox 2236 4611 2424 4665; x_wconf 86' lang='lat' dir='ltr'><strong>herum</strong></span> <span class='ocrx_word' id='word_1_660' title='bbox 2474 4612 2578 4665; x_wconf 88' lang='lat' dir='ltr'><strong>vita</strong></span> <span class='ocrx_word' id='word_1_661' title='bbox 2626 4613 2875 4681; x_wconf 90' lang='lat' dir='ltr'><strong>privavit,</strong></span> <span class='ocrx_word' id='word_1_662' title='bbox 2922 4619 2978 4664; x_wconf 92' lang='lat' dir='ltr'><strong>et</strong></span> <span class='ocrx_word' id='word_1_663' title='bbox 3020 4612 3258 4679; x_wconf 83' lang='lat' dir='ltr'><strong>seipsum</strong></span> <span class='ocrx_word' id='word_1_664' title='bbox 3304 4611 3524 4678; x_wconf 88' lang='lat' dir='ltr'><strong>insuper</strong></span> 
     </span>
    </p>
   </div>
   <div class='ocr_carea' id='block_1_90' title="bbox 243 4698 1835 4775">
    <p class='ocr_par' dir='ltr' id='par_1_90' title="bbox 243 4705 1830 4775">
     <span class='ocr_line' id='line_1_90' title="bbox 243 4705 1830 4775; baseline 0.001 -18"><span class='ocrx_word' id='word_1_665' title='bbox 243 4706 433 4770; x_wconf 68' lang='grc' dir='ltr'><strong>λείξας,</strong></span> <span class='ocrx_word' id='word_1_666' title='bbox 466 4705 658 4757; x_wconf 82' lang='grc' dir='ltr'><strong>ἑαυτὸν</strong></span> <span class='ocrx_word' id='word_1_667' title='bbox 689 4705 1113 4771; x_wconf 77' lang='grc' dir='ltr'><strong>ἐπικατέσφαξε.</strong></span> <span class='ocrx_word' id='word_1_668' title='bbox 1152 4706 1260 4757; x_wconf 83' lang='grc' dir='ltr'><strong>Καὶ</strong></span> <span class='ocrx_word' id='word_1_669' title='bbox 1294 4705 1527 4756; x_wconf 87' lang='grc' dir='ltr'><strong>παύεται</strong></span> <span class='ocrx_word' id='word_1_670' title='bbox 1565 4707 1664 4774; x_wconf 81' lang='grc' dir='ltr'><strong>μὲν</strong></span> <span class='ocrx_word' id='word_1_671' title='bbox 1690 4706 1830 4775; x_wconf 82' lang='grc' dir='ltr'><strong>αὕτη</strong></span> 
     </span>
    </p>
   </div>
   <div class='ocr_carea' id='block_1_91' title="bbox 1939 4698 3518 4775">
    <p class='ocr_par' dir='ltr' id='par_1_91' title="bbox 1939 4698 3518 4769">
     <span class='ocr_line' id='line_1_91' title="bbox 1939 4698 3518 4769; baseline 0 -18"><span class='ocrx_word' id='word_1_672' title='bbox 1939 4698 2225 4767; x_wconf 88' lang='lat' dir='ltr'><strong>jugulavit.</strong></span> <span class='ocrx_word' id='word_1_673' title='bbox 2282 4699 2347 4753; x_wconf 85' lang='lat' dir='ltr'><strong>Et</strong></span> <span class='ocrx_word' id='word_1_674' title='bbox 2400 4701 2587 4754; x_wconf 86' lang='lat' dir='ltr'><strong>sedata</strong></span> <span class='ocrx_word' id='word_1_675' title='bbox 2639 4709 2724 4754; x_wconf 90' lang='lat' dir='ltr'><strong>est</strong></span> <span class='ocrx_word' id='word_1_676' title='bbox 2773 4700 2984 4769; x_wconf 84' lang='lat' dir='ltr'><strong>quidem</strong></span> <span class='ocrx_word' id='word_1_677' title='bbox 3040 4698 3233 4753; x_wconf 83' lang='lat' dir='ltr'><strong>seditio</strong></span> <span class='ocrx_word' id='word_1_678' title='bbox 3274 4737 3290 4762; x_wconf 90' lang='lat'><strong>,</strong></span> <span class='ocrx_word' id='word_1_679' title='bbox 3329 4713 3518 4752; x_wconf 81' lang='lat' dir='ltr'><strong>verum</strong></span> 
     </span>
    </p>
   </div>
   <div class='ocr_carea' id='block_1_92' title="bbox 245 4788 1835 4867">
    <p class='ocr_par' dir='ltr' id='par_1_92' title="bbox 245 4796 1830 4867">
     <span class='ocr_line' id='line_1_92' title="bbox 245 4796 1830 4867; baseline 0 -17"><span class='ocrx_word' id='word_1_680' title='bbox 245 4802 279 4867; x_wconf 84' lang='grc' dir='ltr'>ἡ</span> <span class='ocrx_word' id='word_1_681' title='bbox 315 4799 524 4859; x_wconf 77' lang='grc' dir='ltr'><strong>στάσις,</strong></span> <span class='ocrx_word' id='word_1_682' title='bbox 558 4796 784 4865; x_wconf 80' lang='grc' dir='ltr'><strong>λείψανα</strong></span> <span class='ocrx_word' id='word_1_683' title='bbox 816 4798 998 4865; x_wconf 83' lang='grc' dir='ltr'><strong>μέντοι</strong></span> <span class='ocrx_word' id='word_1_684' title='bbox 1028 4797 1122 4849; x_wconf 84' lang='grc' dir='ltr'><strong>τοῦ</strong></span> <span class='ocrx_word' id='word_1_685' title='bbox 1152 4797 1389 4865; x_wconf 84' lang='grc' dir='ltr'><strong>πολέμου</strong></span> <span class='ocrx_word' id='word_1_686' title='bbox 1436 4797 1830 4866; x_wconf 83' lang='grc' dir='ltr'><strong>ὑπολειφθέντα</strong></span> 
     </span>
    </p>
   </div>
   <div class='ocr_carea' id='block_1_93' title="bbox 1939 4788 3519 4867">
    <p class='ocr_par' dir='ltr' id='par_1_93' title="bbox 1942 4788 3519 4860">
     <span class='ocr_line' id='line_1_93' title="bbox 1942 4788 3519 4860; baseline -0.001 -18"><span class='ocrx_word' id='word_1_687' title='bbox 1942 4790 2163 4857; x_wconf 70' lang='lat' dir='ltr'><strong>reliqua:</strong></span> <span class='ocrx_word' id='word_1_688' title='bbox 2207 4790 2327 4844; x_wconf 83' lang='lat' dir='ltr'><strong>belli</strong></span> <span class='ocrx_word' id='word_1_689' title='bbox 2373 4791 2613 4860; x_wconf 70' lang='lat' dir='ltr'><strong>reliquiae</strong></span> <span class='ocrx_word' id='word_1_690' title='bbox 2654 4791 2902 4844; x_wconf 88' lang='lat' dir='ltr'><strong>factionis</strong></span> <span class='ocrx_word' id='word_1_691' title='bbox 2942 4788 3197 4842; x_wconf 63' lang='lat' dir='ltr'><strong>Marianae</strong></span> <span class='ocrx_word' id='word_1_692' title='bbox 3231 4788 3387 4857; x_wconf 68' lang='lat' dir='ltr'><strong>Syllae</strong></span> <span class='ocrx_word' id='word_1_693' title='bbox 3418 4788 3519 4840; x_wconf 83' lang='lat' dir='ltr'><strong>ali-</strong></span> 
     </span>
    </p>
   </div>
   <div class='ocr_carea' id='block_1_94' title="bbox 242 4871 1835 4959">
    <p class='ocr_par' dir='ltr' id='par_1_94' title="bbox 242 4871 1825 4959">
     <span class='ocr_line' id='line_1_94' title="bbox 242 4871 1825 4959; baseline -0.001 -18"><span class='ocrx_word' id='word_1_694' title='bbox 242 4888 347 4956; x_wconf 83' lang='grc' dir='ltr'><strong>τῆς</strong></span> <span class='ocrx_word' id='word_1_695' title='bbox 376 4889 589 4957; x_wconf 78' lang='grc' dir='ltr'><strong>Μαρίου</strong></span> <span class='ocrx_word' id='word_1_696' title='bbox 624 4889 819 4958; x_wconf 84' lang='grc' dir='ltr'><strong>μοίρας</strong></span> <span class='ocrx_word' id='word_1_697' title='bbox 852 4889 944 4941; x_wconf 71' lang='grc' dir='ltr'><strong>ἐπὶ</strong></span> <span class='ocrx_word' id='word_1_698' title='bbox 984 4889 1175 4958; x_wconf 89' lang='grc' dir='ltr'><strong>χρόνον</strong></span> <span class='ocrx_word' id='word_1_699' title='bbox 1212 4889 1385 4958; x_wconf 70' lang='grc' dir='ltr'><strong>Σύλλα</strong></span> <span class='ocrx_word' id='word_1_700' title='bbox 1410 4871 1825 4959; x_wconf 81' lang='grc' dir='ltr'><strong>διεμαχέσαντο,</strong></span> 
     </span>
    </p>
   </div>
   <div class='ocr_carea' id='block_1_95' title="bbox 1939 4871 3517 4959">
    <p class='ocr_par' dir='ltr' id='par_1_95' title="bbox 1939 4877 3517 4948">
     <span class='ocr_line' id='line_1_95' title="bbox 1939 4877 3517 4948; baseline 0.001 -20"><span class='ocrx_word' id='word_1_701' title='bbox 1939 4878 2175 4946; x_wconf 86' lang='lat' dir='ltr'><strong>quandiu</strong></span> <span class='ocrx_word' id='word_1_702' title='bbox 2213 4887 2597 4946; x_wconf 80' lang='lat' dir='ltr'><strong>repugnarunt,</strong></span> <span class='ocrx_word' id='word_1_703' title='bbox 2630 4878 2802 4932; x_wconf 91' lang='lat' dir='ltr'><strong>donec</strong></span> <span class='ocrx_word' id='word_1_704' title='bbox 2836 4879 3209 4948; x_wconf 47' lang='lat' dir='ltr'><strong>ipsquuoque</strong></span> <span class='ocrx_word' id='word_1_705' title='bbox 3238 4891 3359 4929; x_wconf 92' lang='lat' dir='ltr'><strong>cum</strong></span> <span class='ocrx_word' id='word_1_706' title='bbox 3392 4877 3517 4929; x_wconf 89' lang='lat' dir='ltr'><strong>aliis</strong></span> 
     </span>
    </p>
   </div>
   <div class='ocr_carea' id='block_1_96' title="bbox 242 4967 1835 5051">
    <p class='ocr_par' dir='ltr' id='par_1_96' title="bbox 242 4980 1832 5051">
     <span class='ocr_line' id='line_1_96' title="bbox 242 4980 1832 5051; baseline 0.002 -19"><span class='ocrx_word' id='word_1_707' title='bbox 242 4980 350 5041; x_wconf 78' lang='grc' dir='ltr'><strong>ἓως</strong></span> <span class='ocrx_word' id='word_1_708' title='bbox 378 4980 471 5031; x_wconf 79' lang='grc' dir='ltr'><strong>καὶ</strong></span> <span class='ocrx_word' id='word_1_709' title='bbox 514 4981 653 5033; x_wconf 85' lang='grc' dir='ltr'><strong>αὐτά</strong></span> <span class='ocrx_word' id='word_1_710' title='bbox 697 4980 1043 5051; x_wconf 84' lang='grc' dir='ltr'><strong>συνδιέφθορε</strong></span> <span class='ocrx_word' id='word_1_711' title='bbox 1079 4983 1190 5043; x_wconf 82' lang='grc' dir='ltr'><strong>τοῖς</strong></span> <span class='ocrx_word' id='word_1_712' title='bbox 1225 4980 1427 5043; x_wconf 81' lang='grc' dir='ltr'><strong>ἄλλοις.</strong></span> <span class='ocrx_word' id='word_1_713' title='bbox 1460 4982 1615 5034; x_wconf 69' lang='grc' dir='ltr'><strong>Μετὰ</strong></span> <span class='ocrx_word' id='word_1_714' title='bbox 1649 4981 1832 5050; x_wconf 84' lang='grc' dir='ltr'><strong>μέντοι</strong></span> 
     </span>
    </p>
   </div>
   <div class='ocr_carea' id='block_1_97' title="bbox 1939 4967 3514 5051">
    <p class='ocr_par' dir='ltr' id='par_1_97' title="bbox 1942 4967 3514 5040">
     <span class='ocr_line' id='line_1_97' title="bbox 1942 4967 3514 5040; baseline -0.001 -19"><span class='ocrx_word' id='word_1_715' title='bbox 1942 4967 2238 5039; x_wconf 70' lang='lat' dir='ltr'><strong>profligatae</strong></span> <span class='ocrx_word' id='word_1_716' title='bbox 2292 4980 2437 5024; x_wconf 88' lang='lat' dir='ltr'><strong>sunt.</strong></span> <span class='ocrx_word' id='word_1_717' title='bbox 2494 4971 2874 5026; x_wconf 85' lang='lat' dir='ltr'><strong>Verumtamen</strong></span> <span class='ocrx_word' id='word_1_718' title='bbox 2920 4979 3038 5040; x_wconf 87' lang='lat' dir='ltr'><strong>post</strong></span> <span class='ocrx_word' id='word_1_719' title='bbox 3090 4970 3281 5023; x_wconf 91' lang='lat' dir='ltr'><strong>borum</strong></span> <span class='ocrx_word' id='word_1_720' title='bbox 3328 4968 3514 5030; x_wconf 83' lang='lat' dir='ltr'><strong>finem,</strong></span> 
     </span>
    </p>
   </div>
   <div class='ocr_carea' id='block_1_98' title="bbox 241 5060 1835 5144">
    <p class='ocr_par' dir='ltr' id='par_1_98' title="bbox 241 5073 1827 5144">
     <span class='ocr_line' id='line_1_98' title="bbox 241 5073 1827 5144; baseline 0.002 -20"><span class='ocrx_word' id='word_1_721' title='bbox 241 5075 345 5140; x_wconf 79' lang='grc' dir='ltr'><strong>τὴν</strong></span> <span class='ocrx_word' id='word_1_722' title='bbox 395 5073 602 5127; x_wconf 85' lang='grc' dir='ltr'><strong>τούτων</strong></span> <span class='ocrx_word' id='word_1_723' title='bbox 659 5074 979 5144; x_wconf 80' lang='grc' dir='ltr'><strong>ἀπαλλαγὴν</strong></span> <span class='ocrx_word' id='word_1_724' title='bbox 1032 5074 1300 5143; x_wconf 78' lang='grc' dir='ltr'><strong>Πομπηΐῳ</strong></span> <span class='ocrx_word' id='word_1_725' title='bbox 1350 5073 1429 5144; x_wconf 80' lang='grc' dir='ltr'><strong>τῷ</strong></span> <span class='ocrx_word' id='word_1_726' title='bbox 1478 5073 1827 5142; x_wconf 80' lang='grc' dir='ltr'><strong>ἐπικληθέντι</strong></span> 
     </span>
    </p>
   </div>
   <div class='ocr_carea' id='block_1_99' title="bbox 1939 5060 3513 5144">
    <p class='ocr_par' dir='ltr' id='par_1_99' title="bbox 1940 5060 3513 5131">
     <span class='ocr_line' id='line_1_99' title="bbox 1940 5060 3513 5131; baseline -0.003 -15"><span class='ocrx_word' id='word_1_727' title='bbox 1940 5061 2085 5117; x_wconf 85' lang='lat' dir='ltr'><strong>inter</strong></span> <span class='ocrx_word' id='word_1_728' title='bbox 2130 5060 2443 5129; x_wconf 85' lang='lat' dir='ltr'><strong>Pompeium</strong></span> <span class='ocrx_word' id='word_1_729' title='bbox 2478 5062 2585 5131; x_wconf 88' lang='lat' dir='ltr'><strong>(cui</strong></span> <span class='ocrx_word' id='word_1_730' title='bbox 2628 5073 2845 5131; x_wconf 89' lang='lat' dir='ltr'><strong>propter</strong></span> <span class='ocrx_word' id='word_1_731' title='bbox 2878 5078 3053 5115; x_wconf 91' lang='lat' dir='ltr'><strong>rerum</strong></span> <span class='ocrx_word' id='word_1_732' title='bbox 3086 5072 3360 5129; x_wconf 86' lang='lat' dir='ltr'><strong>gestarum</strong></span> <span class='ocrx_word' id='word_1_733' title='bbox 3394 5074 3513 5112; x_wconf 85' lang='lat' dir='ltr'><strong>nta-</strong></span> 
     </span>
    </p>
   </div>
   <div class='ocr_carea' id='block_1_100' title="bbox 238 5151 1835 5239">
    <p class='ocr_par' dir='ltr' id='par_1_100' title="bbox 238 5166 1824 5239">
     <span class='ocr_line' id='line_1_100' title="bbox 238 5166 1824 5239; baseline 0.001 -20"><span class='ocrx_word' id='word_1_734' title='bbox 238 5166 452 5235; x_wconf 88' lang='grc' dir='ltr'><strong>Μάγνῳ</strong></span> <span class='ocrx_word' id='word_1_735' title='bbox 486 5167 575 5219; x_wconf 84' lang='grc' dir='ltr'><strong>διὰ</strong></span> <span class='ocrx_word' id='word_1_736' title='bbox 618 5168 715 5230; x_wconf 83' lang='grc' dir='ltr'><strong>τὰς</strong></span> <span class='ocrx_word' id='word_1_737' title='bbox 760 5169 985 5239; x_wconf 77' lang='grc' dir='ltr'><strong>πράξεις</strong></span> <span class='ocrx_word' id='word_1_738' title='bbox 1037 5166 1101 5230; x_wconf 79' lang='grc' dir='ltr'><strong>ἃς</strong></span> <span class='ocrx_word' id='word_1_739' title='bbox 1160 5166 1487 5237; x_wconf 73' lang='grc' dir='ltr'><strong>κατώρθωσε</strong></span> <span class='ocrx_word' id='word_1_740' title='bbox 1537 5166 1711 5237; x_wconf 74' lang='grc' dir='ltr'><strong>Σύλλᾳ</strong></span> <span class='ocrx_word' id='word_1_741' title='bbox 1765 5184 1824 5220; x_wconf 77' lang='grc' dir='ltr'><strong>τε</strong></span> 
     </span>
    </p>
   </div>
   <div class='ocr_carea' id='block_1_101' title="bbox 1939 5151 3510 5239">
    <p class='ocr_par' dir='ltr' id='par_1_101' title="bbox 1939 5151 3510 5221">
     <span class='ocr_line' id='line_1_101' title="bbox 1939 5151 3510 5221; baseline 0 -17"><span class='ocrx_word' id='word_1_742' title='bbox 1939 5151 2299 5220; x_wconf 79' lang='lat' dir='ltr'><strong>guitudiucm,</strong></span> <span class='ocrx_word' id='word_1_743' title='bbox 2323 5168 2461 5221; x_wconf 86' lang='lat' dir='ltr'><strong>quas</strong></span> <span class='ocrx_word' id='word_1_744' title='bbox 2495 5153 2752 5206; x_wconf 83' lang='lat' dir='ltr'><strong>Romanis</strong></span> <span class='ocrx_word' id='word_1_745' title='bbox 2783 5156 2976 5221; x_wconf 85' lang='lat' dir='ltr'><strong>partim</strong></span> <span class='ocrx_word' id='word_1_746' title='bbox 3011 5153 3213 5221; x_wconf 86' lang='lat' dir='ltr'><strong>Syllam</strong></span> <span class='ocrx_word' id='word_1_747' title='bbox 3248 5151 3510 5220; x_wconf 76' lang='lat' dir='ltr'><strong>juVando.</strong></span> 
     </span>
    </p>
   </div>
   <div class='ocr_carea' id='block_1_102' title="bbox 242 5244 1835 5329">
    <p class='ocr_par' dir='ltr' id='par_1_102' title="bbox 242 5258 1823 5329">
     <span class='ocr_line' id='line_1_102' title="bbox 242 5258 1823 5329; baseline 0.003 -22"><span class='ocrx_word' id='word_1_748' title='bbox 242 5259 503 5325; x_wconf 84' lang='grc' dir='ltr'><strong>πράττων</strong></span> <span class='ocrx_word' id='word_1_749' title='bbox 553 5259 646 5311; x_wconf 81' lang='grc' dir='ltr'><strong>καὶ</strong></span> <span class='ocrx_word' id='word_1_750' title='bbox 690 5258 811 5312; x_wconf 76' lang='grc' dir='ltr'><strong>καθ’</strong></span> <span class='ocrx_word' id='word_1_751' title='bbox 836 5260 1026 5311; x_wconf 82' lang='grc' dir='ltr'><strong>ἑαυτὸν</strong></span> <span class='ocrx_word' id='word_1_752' title='bbox 1060 5259 1371 5328; x_wconf 87' lang='grc' dir='ltr'><strong>Ῥωμαίοις.</strong></span> <span class='ocrx_word' id='word_1_753' title='bbox 1411 5258 1585 5329; x_wconf 88' lang='grc' dir='ltr'><strong>τούτῳ</strong></span> <span class='ocrx_word' id='word_1_754' title='bbox 1620 5258 1684 5328; x_wconf 82' lang='grc' dir='ltr'><strong>δὴ</strong></span> <span class='ocrx_word' id='word_1_755' title='bbox 1730 5259 1823 5311; x_wconf 73' lang='grc' dir='ltr'><strong>καὶ</strong></span> 
     </span>
    </p>
   </div>
   <div class='ocr_carea' id='block_1_103' title="bbox 1939 5244 3506 5329">
    <p class='ocr_par' dir='ltr' id='par_1_103' title="bbox 1939 5244 3506 5315">
     <span class='ocr_line' id='line_1_103' title="bbox 1939 5244 3506 5315; baseline 0.001 -18"><span class='ocrx_word' id='word_1_756' title='bbox 1939 5245 2127 5314; x_wconf 83' lang='lat' dir='ltr'><strong>partim</strong></span> <span class='ocrx_word' id='word_1_757' title='bbox 2181 5244 2290 5312; x_wconf 88' lang='lat' dir='ltr'><strong>ipse</strong></span> <span class='ocrx_word' id='word_1_758' title='bbox 2342 5260 2443 5299; x_wconf 91' lang='lat' dir='ltr'><strong>suo</strong></span> <span class='ocrx_word' id='word_1_759' title='bbox 2491 5246 2662 5300; x_wconf 73' lang='lat' dir='ltr'><strong>Marte</strong></span> <span class='ocrx_word' id='word_1_760' title='bbox 2709 5248 2912 5315; x_wconf 85' lang='lat' dir='ltr'><strong>gessit,</strong></span> <span class='ocrx_word' id='word_1_761' title='bbox 2960 5244 3152 5315; x_wconf 80' lang='lat' dir='ltr'><strong>Magno</strong></span> <span class='ocrx_word' id='word_1_762' title='bbox 3201 5258 3506 5313; x_wconf 78' lang='lat' dir='ltr'><strong>cognomen</strong></span> 
     </span>
    </p>
   </div>
   <div class='ocr_carea' id='block_1_104' title="bbox 253 5335 1835 5419">
    <p class='ocr_par' dir='ltr' id='par_1_104' title="bbox 253 5346 1820 5419">
     <span class='ocr_line' id='line_1_104' title="bbox 253 5346 1820 5419; baseline 0.003 -22"><span class='ocrx_word' id='word_1_763' title='bbox 253 5346 461 5416; x_wconf 79' lang='grc' dir='ltr'><strong>Ἰουλίῳ</strong></span> <span class='ocrx_word' id='word_1_764' title='bbox 491 5348 727 5419; x_wconf 80' lang='grc' dir='ltr'><strong>Καίσαρι</strong></span> <span class='ocrx_word' id='word_1_765' title='bbox 754 5348 869 5419; x_wconf 76' lang='grc' dir='ltr'><strong>ἔρις</strong></span> <span class='ocrx_word' id='word_1_766' title='bbox 892 5350 1153 5403; x_wconf 81' lang='grc' dir='ltr'><strong>ἐκκαεῖσα</strong></span> <span class='ocrx_word' id='word_1_767' title='bbox 1174 5350 1254 5413; x_wconf 84' lang='grc' dir='ltr'><strong>είς</strong></span> <span class='ocrx_word' id='word_1_768' title='bbox 1278 5348 1577 5418; x_wconf 83' lang='grc' dir='ltr'><strong>ἐμφυλίους</strong></span> <span class='ocrx_word' id='word_1_769' title='bbox 1605 5352 1820 5415; x_wconf 80' lang='grc' dir='ltr'><strong>σφαγάς</strong></span> 
     </span>
    </p>
   </div>
   <div class='ocr_carea' id='block_1_105' title="bbox 1939 5335 3505 5419">
    <p class='ocr_par' dir='ltr' id='par_1_105' title="bbox 1939 5335 3505 5407">
     <span class='ocr_line' id='line_1_105' title="bbox 1939 5335 3505 5407; baseline -0.001 -18"><span class='ocrx_word' id='word_1_770' title='bbox 1939 5335 2076 5407; x_wconf 80' lang='lat' dir='ltr'><strong>luit),</strong></span> <span class='ocrx_word' id='word_1_771' title='bbox 2104 5338 2242 5389; x_wconf 88' lang='lat' dir='ltr'><strong>inter</strong></span> <span class='ocrx_word' id='word_1_772' title='bbox 2291 5338 2455 5401; x_wconf 88' lang='lat' dir='ltr'><strong>hunc,</strong></span> <span class='ocrx_word' id='word_1_773' title='bbox 2504 5339 2743 5405; x_wconf 87' lang='lat' dir='ltr'><strong>inquam,</strong></span> <span class='ocrx_word' id='word_1_774' title='bbox 2787 5349 2841 5393; x_wconf 91' lang='lat' dir='ltr'><strong>et</strong></span> <span class='ocrx_word' id='word_1_775' title='bbox 2882 5336 3078 5390; x_wconf 84' lang='lat' dir='ltr'><strong>Julium</strong></span> <span class='ocrx_word' id='word_1_776' title='bbox 3111 5336 3379 5391; x_wconf 69' lang='lat' dir='ltr'><strong>Caesarem</strong></span> <span class='ocrx_word' id='word_1_777' title='bbox 3415 5349 3505 5388; x_wconf 81' lang='lat' dir='ltr'><strong>ae-</strong></span> 
     </span>
    </p>
   </div>
   <div class='ocr_carea' id='block_1_106' title="bbox 241 5430 1835 5510">
    <p class='ocr_par' dir='ltr' id='par_1_106' title="bbox 241 5438 1821 5510">
     <span class='ocr_line' id='line_1_106' title="bbox 241 5438 1821 5510; baseline 0.002 -22"><span class='ocrx_word' id='word_1_778' title='bbox 241 5438 370 5501; x_wconf 76' lang='grc' dir='ltr'><strong>τοὺς</strong></span> <span class='ocrx_word' id='word_1_779' title='bbox 402 5438 701 5508; x_wconf 85' lang='grc' dir='ltr'><strong>Ῥωμαίους</strong></span> <span class='ocrx_word' id='word_1_780' title='bbox 730 5439 892 5493; x_wconf 87' lang='grc' dir='ltr'><strong>πάλιν</strong></span> <span class='ocrx_word' id='word_1_781' title='bbox 924 5440 1202 5509; x_wconf 75' lang='grc' dir='ltr'><strong>ἠνάγκασε</strong></span> <span class='ocrx_word' id='word_1_782' title='bbox 1241 5441 1638 5510; x_wconf 83' lang='grc' dir='ltr'><strong>συστραφῆναι.</strong></span> <span class='ocrx_word' id='word_1_783' title='bbox 1672 5440 1821 5509; x_wconf 84' lang='grc' dir='ltr'><strong>Πομ-</strong></span> 
     </span>
    </p>
   </div>
   <div class='ocr_carea' id='block_1_107' title="bbox 1939 5430 3506 5510">
    <p class='ocr_par' dir='ltr' id='par_1_107' title="bbox 1939 5430 3506 5488">
     <span class='ocr_line' id='line_1_107' title="bbox 1939 5430 3506 5488; baseline -0.003 -3"><span class='ocrx_word' id='word_1_784' title='bbox 1939 5445 2093 5488; x_wconf 78' lang='lat' dir='ltr'><strong>censa</strong></span> <span class='ocrx_word' id='word_1_785' title='bbox 2127 5430 2393 5486; x_wconf 85' lang='lat' dir='ltr'><strong>discordia</strong></span> <span class='ocrx_word' id='word_1_786' title='bbox 2435 5434 2501 5487; x_wconf 90' lang='lat' dir='ltr'><strong>ad</strong></span> <span class='ocrx_word' id='word_1_787' title='bbox 2544 5433 2731 5486; x_wconf 86' lang='lat' dir='ltr'><strong>civiles</strong></span> <span class='ocrx_word' id='word_1_788' title='bbox 2774 5435 2946 5488; x_wconf 65' lang='lat' dir='ltr'><strong>caedes</strong></span> <span class='ocrx_word' id='word_1_789' title='bbox 2989 5430 3267 5484; x_wconf 77' lang='lat' dir='ltr'><strong>Romanos</strong></span> <span class='ocrx_word' id='word_1_790' title='bbox 3304 5431 3506 5483; x_wconf 88' lang='lat' dir='ltr'><strong>iterum</strong></span> 
     </span>
    </p>
   </div>
   <div class='ocr_carea' id='block_1_108' title="bbox 1485 5592 2169 5653">
    <p class='ocr_par' dir='ltr' id='par_1_108' title="bbox 1485 5592 2169 5653">
     <span class='ocr_line' id='line_1_108' title="bbox 1485 5592 2169 5653; baseline 0.006 -4"><span class='ocrx_word' id='word_1_791' title='bbox 1485 5592 1719 5649; x_wconf 67' lang='lat' dir='ltr'><strong>VARIE</strong></span> <span class='ocrx_word' id='word_1_792' title='bbox 1767 5593 2169 5653; x_wconf 78' lang='lat' dir='ltr'><strong>LECTIONES.</strong></span> 
     </span>
    </p>
   </div>
   <div class='ocr_carea' id='block_1_109' title="bbox 1958 5723 3497 5801">
    <p class='ocr_par' dir='ltr' id='par_1_109' title="bbox 1958 5723 3497 5801">
     <span class='ocr_line' id='line_1_109' title="bbox 1958 5723 3497 5801; baseline -0.007 -16"><span class='ocrx_word' id='word_1_793' title='bbox 1958 5730 2000 5763; x_wconf 78' lang='lat'>“</span> <span class='ocrx_word' id='word_1_794' title='bbox 2034 5731 2341 5801; x_wconf 76' lang='grc' dir='ltr'><strong>Πομπήϊος]</strong></span> <span class='ocrx_word' id='word_1_795' title='bbox 2380 5732 2597 5801; x_wconf 72' lang='grc' dir='ltr'><strong>Πόντιος</strong></span> <span class='ocrx_word' id='word_1_796' title='bbox 2640 5727 3058 5801; x_wconf 70' lang='lat' dir='ltr'><strong>\Vesst&#39;liugius.</strong></span> <span class='ocrx_word' id='word_1_797' title='bbox 3105 5795 3118 5801; x_wconf 84' lang='lat'><strong><em>_</em></strong></span> <span class='ocrx_word' id='word_1_798' title='bbox 3157 5725 3201 5756; x_wconf 69' lang='grc' dir='ltr'><strong>δ’</strong></span> <span class='ocrx_word' id='word_1_799' title='bbox 3243 5724 3401 5801; x_wconf 43' lang='lat' dir='ltr'><strong>flata;</strong></span> <span class='ocrx_word' id='word_1_800' title='bbox 3427 5723 3497 5801; x_wconf 65' lang='grc' dir='ltr'><strong>ᾼ,</strong></span> 
     </span>
    </p>
   </div>
   <div class='ocr_carea' id='block_1_110' title="bbox 317 5729 1862 5802">
    <p class='ocr_par' dir='ltr' id='par_1_110' title="bbox 317 5729 1862 5802">
     <span class='ocr_line' id='line_1_110' title="bbox 317 5729 1862 5802; baseline 0 -17"><span class='ocrx_word' id='word_1_801' title='bbox 317 5731 364 5765; x_wconf 77' lang='grc'><strong>⁸’</strong></span> <span class='ocrx_word' id='word_1_802' title='bbox 398 5730 1063 5802; x_wconf 44' lang='grc' dir='ltr'><strong>πλησιοχώρωνχπλησίον</strong></span> <span class='ocrx_word' id='word_1_803' title='bbox 1089 5730 1281 5801; x_wconf 84' lang='grc' dir='ltr'><strong>χώρων</strong></span> <span class='ocrx_word' id='word_1_804' title='bbox 1308 5732 1371 5782; x_wconf 81' lang='grc' dir='ltr'><strong>Α.</strong></span> <span class='ocrx_word' id='word_1_805' title='bbox 1448 5729 1493 5761; x_wconf 74' lang='grc' dir='ltr'><strong>⁸ο</strong></span> <span class='ocrx_word' id='word_1_806' title='bbox 1510 5729 1862 5802; x_wconf 14' lang='grc' dir='ltr'><strong>ΚλέπτιοςγΒ.</strong></span> 
     </span>
    </p>
   </div>
   <div class='ocr_carea' id='block_1_111' title="bbox 1274 5794 3491 5867">
    <p class='ocr_par' dir='ltr' id='par_1_111' title="bbox 1274 5794 3491 5867">
     <span class='ocr_line' id='line_1_111' title="bbox 1274 5794 3491 5867; baseline -0.002 -14"><span class='ocrx_word' id='word_1_807' title='bbox 1274 5802 1317 5832; x_wconf 75' lang='grc'><strong>⁸³</strong></span> <span class='ocrx_word' id='word_1_808' title='bbox 1338 5802 1507 5853; x_wconf 74' lang='grc' dir='ltr'><strong>ούκ-</strong></span> <span class='ocrx_word' id='word_1_809' title='bbox 1568 5800 1615 5836; x_wconf 69' lang='grc'><strong>⁸⁵</strong></span> <span class='ocrx_word' id='word_1_810' title='bbox 1645 5801 2029 5865; x_wconf 84' lang='grc' dir='ltr'><strong>καταλιπόντες</strong></span> <span class='ocrx_word' id='word_1_811' title='bbox 2053 5794 2163 5857; x_wconf 61' lang='lat' dir='ltr'><strong>oui.</strong></span> <span class='ocrx_word' id='word_1_812' title='bbox 2304 5794 2376 5836; x_wconf 14' lang='lat'><strong>7“</strong></span> <span class='ocrx_word' id='word_1_813' title='bbox 2416 5800 2666 5867; x_wconf 83' lang='grc' dir='ltr'><strong>Ῥηγίους</strong></span> <span class='ocrx_word' id='word_1_814' title='bbox 2692 5816 2749 5865; x_wconf 80' lang='grc' dir='ltr'><strong>ς’.</strong></span> <span class='ocrx_word' id='word_1_815' title='bbox 2825 5797 2872 5831; x_wconf 77' lang='grc'><strong><em>⁵⁸</em></strong></span> <span class='ocrx_word' id='word_1_816' title='bbox 2896 5794 3397 5865; x_wconf 59' lang='grc' dir='ltr'><strong>ἐγκαταλειπὸνηιωι⁸</strong></span> <span class='ocrx_word' id='word_1_817' title='bbox 3430 5794 3491 5849; x_wconf 70' lang='grc' dir='ltr'><strong>Α.</strong></span> 
     </span>
    </p>
   </div>
   <div class='ocr_carea' id='block_1_112' title="bbox 241 5799 1180 5868">
    <p class='ocr_par' dir='ltr' id='par_1_112' title="bbox 241 5799 1180 5868">
     <span class='ocr_line' id='line_1_112' title="bbox 241 5799 1180 5868; baseline -0.003 -12"><span class='ocrx_word' id='word_1_818' title='bbox 241 5799 434 5863; x_wconf 80' lang='grc' dir='ltr'><strong>Ἀσίας</strong></span> <span class='ocrx_word' id='word_1_819' title='bbox 458 5799 516 5867; x_wconf 60' lang='grc' dir='ltr'>ςῖ</span> <span class='ocrx_word' id='word_1_820' title='bbox 551 5799 738 5864; x_wconf 71' lang='grc' dir='ltr'><strong>Τισίας</strong></span> <span class='ocrx_word' id='word_1_821' title='bbox 768 5799 1180 5868; x_wconf 77' lang='lat' dir='ltr'><strong>Wesseliugtus.</strong></span> 
     </span>
    </p>
   </div>
  </div>
