4216 6430
739 404 872 467 1435

1882 396 2145 457 ΡΗΟἸῚΙ
2180 394 2689 455 ΡΑΤΙΠΑΒΟΗᾸΞ
2729 393 2841 453 CP.

3873 393 4020 458 1436

733 526 857 565 sese
907 518 1224 563 convertere
1275 507 1473 576 coegit.
1529 503 1786 575 Pompeio
1848 505 2043 560 deinde
2100 506 2317 574 egregie

2433 503 2583 571 πηῖου
2606 502 2660 553 δὲ
2680 500 2951 571 λαμπρῶς
2975 502 3086 565 τοῖς
3112 501 3251 565 ὅλοις
3275 502 3599 574 ἡττηθέντος
3630 504 3727 557 καὶ
3754 506 3898 558 κατά
3918 508 4024 571 τὴν

734 602 884 656 onmi
915 616 979 654 es
1015 609 1167 669 parte
1208 609 1491 667 superato,
1521 608 1579 653 et
1616 598 1683 651 ad
1718 596 2103 652 Alexandriam
2149 597 2322 651 inter-

737 693 918 754 lecto,
972 692 1255 744 imminuta
1306 700 1389 743 est
1442 689 1725 742 consulum
1783 694 2057 756 potestas,
2106 696 2162 739 et
2224 686 2326 740 sub

742 782 904 832 unius
950 778 1079 832 .lnlii
1123 778 1351 831 Czrsaris
1401 777 1735 830 dominatum
1784 774 2024 837 redacta,
2076 775 2324 827 tandem-

739 886 842 935 qne
876 871 1075 925 seditio
1107 870 1314 922 sedata.
1348 868 1445 921 lllo
1488 866 1684 921 deinde
1720 864 2031 929 interfecto,
2066 865 2327 917 adversus

741 962 964 1013 Brutum
1007 972 1061 1013 et
1101 959 1346 1013 Cassium
1374 958 1491 1025 ejus
1534 958 1910 1011 iuterfeetores
1937 955 2095 1009 civile
2128 955 2325 1008 bellum

740 1064 948 1106 motum
983 1061 1089 1116 est,
1118 1052 1433 1104 auctoribus
1474 1049 1679 1116 Lepido
1706 1058 1762 1103 et
1794 1046 2029 1101 Antonio
2085 1054 2139 1099 et
2168 1044 2328 1099 Octa-

743 1143 906 1196 viano
947 1142 1212 1205 Augusto,
1252 1140 1595 1195 consulatum
1636 1128 1978 1210 gerentibus.
2015 1136 2167 1203 Quod
2211 1136 2328 1191 bel-

745 1234 855 1286 lum
910 1248 1034 1286 cum
1089 1234 1248 1285 linem
1300 1231 1471 1283 armis
1524 1248 1629 1285 non
1683 1231 1835 1284 tarde
1885 1231 2222 1295 accepisset,
2274 1234 2330 1281 et

745 1320 968 1375 Cassius
1004 1331 1167 1388 atque
1200 1318 1400 1371 Brutus
1446 1322 1573 1372 victi
1618 1318 1894 1387 occisique
1921 1317 2169 1381 fuissent,
2218 1331 2322 1369 non

746 1412 915 1466 multo
968 1422 1088 1479 post
1132 1412 1311 1478 erupit
1363 1412 1417 1462 in
1468 1420 1711 1477 apertum
1758 1410 1968 1464 occulta
2012 1408 2230 1462 Antonii
2276 1418 2331 1460 et

744 1502 971 1571 Augusti
1005 1503 1070 1555 de
1102 1502 1335 1569 primatu
1364 1502 1660 1565 contentio,
1690 1516 1754 1555 ac
1784 1511 1909 1569 post
1937 1500 2120 1554 fusum
2154 1501 2329 1553 utrin-

747 1604 854 1655 que
890 1589 1115 1641 tnultum
1158 1589 1373 1656 cognati
1418 1590 1720 1657 sanguinis,
1748 1589 2002 1642 stabilita:
2034 1599 2159 1642 sunt
2188 1588 2331 1642 vires

747 1680 1001 1748 Augusti,
1033 1689 1087 1732 et
1127 1679 1175 1731 ei
1227 1693 1439 1732 summa
1489 1689 1729 1745 potestas
1771 1694 1867 1747 per
1901 1693 2115 1733 omnem
2162 1682 2329 1732 vitam

747 1774 1083 1841 permansit,
1139 1783 1427 1841 postquam
1476 1773 1762 1828 consulare
1813 1774 2133 1843 imperium,
2185 1773 2329 1828 ordi-

748 1879 893 1931 nem,
927 1866 1333 1934 potentiamque
1368 1880 1520 1919 suam
1556 1867 1607 1919 in
1639 1876 1914 1935 posterum
1945 1866 2149 1920 amisit.

820 2044 1116 2097 lllustriuin
1156 2046 1228 2098 ait
1254 2045 1569 2115 dignitatem
1599 2047 1819 2101 tertium
1850 2061 1879 2100 a
1911 2048 2335 2116 patriciis{ordi-

746 2150 869 2189 nem
900 2137 1188 2190 sustinere.

820 2230 959 2281 Ante
1006 2228 1233 2296 Augusti
1279 2228 1673 2292 monarchiam,
1723 2230 1838 2284 haec
1922 2229 2333 2300 magistratuum

747 2318 962 2371 nomina
1019 2318 1291 2371 habebant
1360 2317 1592 2371 Romani
1629 2338 1643 2373 :
1675 2318 1972 2384 Patricios,
2018 2322 2106 2387 qui
2158 2322 2332 2372 comi-

747 2408 877 2459 tium
931 2417 983 2461 et
1032 2418 1246 2461 senatus
1293 2410 1629 2463 vocabantur
1667 2428 1682 2473 ;
1734 2412 1983 2465 tribunos
2024 2412 2215 2479 plebis,
2243 2414 2332 2480 qui

746 2499 945 2567 popqu
1001 2509 1272 2567 praesunt;
1325 2514 1599 2565 censores,
1644 2501 1911 2566 consules,
1951 2517 2190 2570 quorum
2242 2518 2336 2571 po-

751 2600 919 2642 testas
945 2604 1133 2642 omnes
1161 2592 1492 2655 excedebat;
1526 2592 1870 2655 dictatorem,
1899 2594 1989 2660 qui
2017 2602 2070 2646 et
2099 2604 2337 2663 potesta-

751 2688 881 2740 tem,
902 2678 1095 2747 393!)
1123 2680 1217 2732 sed
1249 2680 1528 2745 majorem,
1561 2696 1785 2749 quaeque
1814 2685 2076 2737 rationem
2111 2684 2337 2739 reddere

752 2785 857 2823 non
890 2782 1201 2838 cogeretur,
1248 2774 1482 2825 habebat
1509 2772 1655 2841 (75);
1695 2774 1881 2835 duces,
1917 2775 2183 2838 tribunos,
2230 2777 2335 2829 imo

753 2871 1033 2927 peratores
1083 2863 1386 2928 militares,
1439 2866 1810 2931 proconsules,
1855 2866 2067 2934 aliaque
2113 2868 2334 2922 similia.

752 2951 1104 3004 Proconsulis
1154 2949 1313 3022 [forte
1358 2954 1619 3025 consulis]
1672 2957 1893 3022 quidem
1944 2958 2171 3026 insignia
2225 2960 2337 3013 haec

750 3047 898 3102 sunt,
945 3054 1164 3093 secures
1202 3041 1511 3103 duodecim,
1554 3053 1675 3111 toga
1725 3055 2004 3113 praetexta.
2047 3044 2339 3104 Dictatoris

752 3131 967 3198 quidem
999 3146 1239 3195 secures,
1269 3141 1324 3186 et
1351 3142 1569 3186 cmtera.

1412 3312 1663 3370 CCXLV.

1064 3402 1111 3454 Ε
1142 3401 1414 3457 Plutarchi
1450 3405 1733 3461 Parallelis
1764 3420 2029 3474 excerpta.

830 3490 1081 3559 Legimus
1127 3506 1158 3545 e
1203 3492 1481 3549 Plutarchi
1532 3496 1815 3553 Parallelt’s
1859 3502 2101 3555 diversos
2149 3503 2336 3566 libros,

758 3596 986 3647 quorum
1040 3586 1424 3651 compendiosa
1472 3587 1767 3653 descriptio
1818 3590 1932 3645 haec
1980 3592 2175 3645 selecto
2225 3608 2339 3645 ma-

758 3687 918 3740 gnam
951 3672 1238 3727 utilitatem
1279 3676 1613 3731 discentibus
1647 3682 1905 3736 continet.

1276 3762 1325 3815 E
1364 3765 1546 3818 Dionis
1592 3766 1730 3821 Vita.

831 3852 1069 3908 Timaeus
1097 3855 1307 3909 Philisti
1335 3857 1385 3909 in
1416 3867 1677 3925 tyrannus
1702 3861 1940 3913 studium
1969 3870 2132 3929 atque
2156 3859 2340 3924 fidem,

763 3947 1104 3999 occasionem
1134 3962 1267 4000 sane
1300 3950 1728 4015 reprehendendi
1771 3966 1875 4005 non
1910 3952 2161 4019 injustam
2200 3954 2341 4005 arri-

762 4038 952 4104 piens,
1016 4039 1081 4091 ad
1148 4040 1453 4092 satietatem
1520 4056 1690 4109 usque
1744 4044 2007 4097 conviciis
2069 4044 2341 4098 hominem

763 4129 1087 4198 proscindit.
1139 4129 1283 4183 Sane
1328 4130 1422 4197 qui
1473 4140 1585 4183 tum
1642 4131 1709 4185 ab
1761 4147 1827 4186 eo
1883 4134 2095 4188 vivente
2148 4135 2343 4201 injuria

764 4218 943 4273 aﬂ‘ecti
976 4219 1227 4283 fuissent,
1261 4221 1462 4288 ignosci
1496 4222 1561 4275 iis
1596 4232 1827 4289 poterat,
1857 4226 2002 4292 quod
2036 4226 2130 4278 ira:
2158 4226 2344 4294 impo-

764 4312 930 4364 tentis
971 4319 1171 4363 essent.
1214 4310 1320 4365 Eos
1370 4322 1550 4364 autem
1594 4314 1683 4379 qui
1729 4315 2059 4380 posteriores
2104 4324 2345 4382 tempore

766 4401 1020 4456 historias
1071 4402 1424 4471 scripserunt,
1462 4403 1592 4456 nihil
1640 4404 1757 4471 ejus
1799 4402 1959 4458 factis
2010 4403 2186 4469 lresos,
2218 4420 2344 4458 ora-

2439 592 2843 660 ’Δλιξάνδρειαν
2871 590 3274 659 ἀναιρεθέντος,
3309 591 3659 646 συστέλλεται
3689 594 3793 662 μὲν
3833 595 3868 661 ἡ
3910 593 4025 644 τῶν

2427 685 2648 737 ὑπάτων
2703 687 2847 756 ἀρχὴ
2895 688 2977 745 είς
3026 686 3322 755 μοναρχίαν
3375 686 3616 756 Καίσαρι
3664 686 3745 755 τῷ
3784 685 4019 753 Ἰουλίῳ,

2426 776 2592 828 παύει
2613 778 2657 806 ⁵⁷
2687 776 2743 828 δὲ
2770 776 2951 828 τέλεον
2982 777 3075 829 καὶ
3105 778 3138 844 ἠ
3167 776 3377 838 στάσις.
3396 777 3636 829 Ἐκείνου
3656 776 3711 828 δὲ
3742 777 4024 845 ἀνῃρημέ-

2428 884 2543 932 νου,
2572 866 2712 920 κατά
2741 867 2976 937 Βρούτου
3009 868 3103 919 καὶ
3121 866 3362 920 Κασσίου
3389 866 3497 918 τῶν
3526 866 3825 918 ἀνελόντων
3857 865 4021 916 πόλε-

2432 974 2531 1026 μος
2578 956 2843 1025 ἐμφύλιος
2879 960 3143 1017 κινεῖται,
3193 956 3649 1026 χειριζομένωνδ³
3682 955 3923 1007 Λεπίδου
3962 970 4021 1004 τε

2429 1051 2520 1101 καὶ
2549 1048 2839 1101 Ἀντωνίου
2862 1048 2907 1078 ⁸⁸
2935 1050 3028 1100 καὶ
3056 1047 3415 1100 ὐκταϐιανοῦ
3450 1046 3545 1100 τοῦ
3569 1046 3887 1113 Αὐγούστου
3923 1046 4023 1112 τὴν

2431 1140 2637 1192 ὕπατον
2680 1139 2856 1209 ἀρχὴν
2888 1139 3142 1207 ἑχόντων.
3175 1138 3252 1192 Οὐ
3288 1138 3528 1208 βραδέως
3558 1139 3613 1190 δὲ
3645 1137 3743 1188 τοῦ
3775 1136 4018 1203 πολέμου

2431 1230 2612 1299 κρίσιν
2636 1232 2747 1292 τοῖς
2775 1229 2963 1291 ὅπλοις
2996 1229 3276 1294 λαϐόντος,
3307 1230 3400 1281 καὶ
3426 1228 3759 1297 νικηθέντων
3794 1226 3894 1278 καὶ
3928 1226 4023 1277 ἀνο

2431 1320 2762 1390 αιρεθέντων
2790 1320 2900 1373 τῶν
2942 1321 3070 1389 περὶ
3111 1321 3352 1373 Κάσσιον
3381 1320 3477 1371 καὶ
3510 1317 3771 1388 Βροῦτον,
3807 1321 3931 1385 μετ’
3962 1316 4019 1367 ού

2432 1412 2567 1465 πολὺ
2600 1413 2871 1481 ῥήγνυται
2909 1413 2990 1473 είς
3036 1410 3097 1464 τὸ
3142 1410 3380 1481 φανερὸν
3427 1412 3461 1477 ἡ
3510 1407 3888 1477 ὲνδομυχοῦσα
3920 1408 4023 1469 Αὐ-

2431 1505 2660 1571 γούστου
2686 1503 2782 1556 καὶ
2802 1502 3088 1556 Ἀντωνίου
3114 1501 3255 1570 ὑπὲρ
3274 1501 3375 1569 τῆς
3399 1498 3770 1568 φιλοπρωτίας
3792 1497 4018 1565 ἅμιλλα.

2433 1599 2544 1651 Καὶ
2573 1596 2785 1649 πολλῶν
2811 1594 3089 1662 συγγενῶν
3129 1594 3381 1662 αἱμάτων
3411 1590 3751 1659 ἑκατέρωθεν
3780 1590 4021 1658 ῥυέντων

2432 1688 2493 1740 τὸ
2544 1689 2747 1757 κράτος
2795 1684 3091 1753 Αὐγούστῳ
3123 1683 3457 1752 βεϐαιοῦται,
3490 1684 3583 1735 καὶ
3636 1681 3746 1732 τῶν
3798 1682 3943 1733 ὅλων
3991 1683 4020 1749 ή

2435 1778 2652 1843 ἐξουσία
2692 1776 2839 1845 αὐτῷ
2884 1776 3187 1844 παραμένει
3216 1774 3305 1827 διὰ
3341 1773 3482 1842 βίου,
3528 1772 3627 1839 τῆς
3658 1771 3770 1823 τῶν
3801 1772 4023 1824 ὑπάτων

2362 1840 2407 1900 Β
2435 1840 2622 1921 λοιπὸν
2654 1840 2830 1937 ἀρχῆς
2857 1840 3125 1937 τὴν-ἰδίαν
3158 1863 3314 1931 τάξιν
3342 1840 3437 1917 καὶ
3470 1862 3795 1916 δυναστείαν
3826 1862 4025 1913 ἀποϐε-

2434 1961 2720 2030 ϐληκυίας.

2506 2054 2629 2106 Ὀτι
2679 2052 2742 2103 τὸ
2770 2050 2879 2105 τῶν
2921 2049 3269 2117 ίλλουστρίων
3291 2048 3337 2078 ⁵⁸
3385 2045 3602 2112 ἀξίωμα
3658 2044 3854 2113 τρίτην
3912 2042 4020 2094 άπὸ

2432 2142 2541 2196 τῶν
2571 2142 2879 2212 πατρικίων
2906 2140 3062 2203 τάξιν
3091 2139 3309 2207 ἐπέχειν
3334 2139 3377 2169 ⁵¹
3408 2133 3562 2200 οὗτός
3589 2153 3778 2206 φησιν.

2504 2235 2629 2286 Ὀτι
2675 2234 2785 2302 πρὸ
2811 2231 2911 2299 τῆς
2936 2229 3032 2282 τοῦ
3054 2230 3100 2261 ⁸³
3128 2228 3439 2296 Αὐγούστου
3493 2227 3798 2297 μοναρχίας
3844 2226 4023 2279 ταῦτα

2434 2324 2730 2393 ἐγίνωσκον
2764 2322 3025 2390 Ῥωμαῖοι
3048 2318 3276 2388 ἀρχικοῦ
3312 2319 3548 2387 κράτους
3600 2318 3866 2385 ὀνόματα,
3911 2333 4021 2368 πα-

2433 2416 2701 2484 τρικίους,
2729 2412 2777 2464 οἳ
2802 2411 2895 2463 καὶ
2928 2408 3135 2475 ,βουλὴ
3165 2408 3260 2460 καὶ
3298 2408 3641 2474 σύγκλητος
3699 2404 4022 2463 ἐκαλοῦντο.

2434 2506 2752 2577 δημάρχους
2804 2502 2930 2564 τοὺς
2966 2499 3315 2570 προεστῶτας
3352 2496 3447 2549 τοῦ
3507 2496 3704 2564 δήμου,
3756 2495 4025 2563 ἀγορςινό⁸

2440 2615 2593 2668 μους,
2629 2596 2870 2656 ὑπάτους
2902 2594 3030 2655 τοὺς
3074 2592 3297 2661 ἔχοντας
3352 2588 3652 2641 ὑπεύθυνον
3675 2587 3725 2617 ⁸⁸
3765 2585 3829 2638 τδ
3884 2587 4026 2637 κατά

2438 2690 2653 2741 πάντων
2676 2687 2898 2755 κράτος,
2954 2682 3245 2750 δικτάτορα
3273 2681 3465 2749 έχοντα
3514 2680 3607 2732 καὶ
3642 2678 3810 2729 αὐτὸν
3831 2716 3847 2739 ,
3910 2676 4025 2729 ἀλλ’

2436 2777 2808 2832 ἀνυπεύθυνον
2846 2775 2943 2827 καὶ
2993 2772 3178 2843 μεῖζον
3226 2772 3287 2823 τὸ
3336 2770 3483 2823 κατά
3535 2769 3755 2821 πάντων
3802 2768 4025 2837 κράτος,

2439 2868 2806 2937 στρατηγοὺς,
2856 2865 3157 2932 ὑπάρχους,
3216 2860 3623 2930 αὐτοκράτορας
3660 2858 4025 2927 στρατηγοὺς,

2437 2961 2799 3019 άνθυπάτους,
2837 2956 2932 3008 καὶ
2989 2955 3151 3022 ἕτερα
3179 2950 3427 3004 τοιαῦτα.
3454 2950 3614 3021 [1192
3638 2948 3731 3020 8.]
3773 2948 4028 3017 Σύμϐολα

2441 3050 2540 3117 μὲν
2570 3044 2662 3100 οὖν
2697 3048 2796 3116 τῆς
2822 3047 2916 3097 τοῦ
2964 3044 3274 3097 ἀνθυπάτου
3318 3043 3492 3111 ἀρχῆς
3518 3042 3769 3101 πελέκεις
3814 3038 4024 3091 δώδεκα

2441 3137 2534 3188 καὶ
2562 3134 2794 3204 τήϐεννα
2831 3132 3263 3202 περιπόρφυρος,
3296 3132 3391 3182 τοῦ
3440 3129 3498 3180 δὲ
3554 3128 3896 3194 δικτάτωρος
3931 3143 4026 3177 πε-

2439 3228 2615 3289 λέκεις
2640 3226 2738 3295 μὲν
2766 3224 2905 3277 ⁵⁸η..

3142 3309 3315 3364 ΣΜΕ’.

2482 3414 2600 3467 Τῶν
2643 3412 3034 3479 Πλουτάρχου
3062 3407 3476 3476 [lupa/Uolo”
3503 3404 3773 3473 διάφοροι
3801 3404 3992 3473 λόγοι.

2515 3503 2663 3573 1642
2718 3501 2811 3573 H.]
2876 3500 3319 3568 Ἀνεγνώσθησαν
3372 3499 3437 3549 ὲκ
3506 3496 3615 3549 τῶν
3680 3495 4026 3565 Πλουτάρχου

2440 3594 2806 3665 Παραλλήλων
2860 3593 3105 3661 διάφοροι
3169 3592 3338 3657 λόγοι,
3402 3582 3477 3643 ὧν
3536 3591 3568 3657 ἠ
3615 3586 3830 3649 ἔκδοσις
3890 3589 4031 3639 κατά

2450 3685 2668 3755 σύνοψιν
2697 3684 2978 3751 ἐκλέγεται
2995 3684 3248 3751 διάφορον
3276 3679 3684 3750 χρηστομαθίαν
3708 3679 3778 3731 ⁸⁸.

2948 3776 3047 3827 Ἐκ
3075 3774 3181 3826 τοῦ
3222 3774 3441 3835 Δίωνος
3462 3772 3531 3822 ⁵⁸.

2526 3864 2685 3917 ’Λλλά
2711 3865 2755 3895 ⁸⁷
2796 3864 3028 3929 Τίμαιος
3054 3862 3153 3913 οὐκ
3188 3860 3370 3912 ἄδικον
3401 3858 3583 3911 λαϐὼν
3615 3857 3801 3927 πρύφα
3819 3872 3906 3907 σιν
3936 3854 4031 3922 τὴν

2446 3956 2585 4025 ὑπὲρ
2601 3958 2699 4024 τῆς
2712 3954 3027 4023 τυραννίδος
3041 3951 3134 4003 τοῦ
3157 3951 3403 4003 Φιλίστου
3431 3950 3664 4020 σπουδὴν
3687 3949 3785 4001 καὶ
3814 3949 4024 4010 πίστιν,

2444 4044 2785 4114 ἐμπίπλαται
2814 4043 2922 4095 τῶν
2945 4043 2990 4074 ⁸⁸
3022 4042 3143 4095 κατ’
3182 4041 3349 4097 αὐτοῦ
3384 4041 3763 4111 βλασφημιῶν.
3796 4041 3866 4093 ⁸0
3906 4041 4028 4099 τοὺς

2450 4137 2546 4205 μὲν
2574 4135 2932 4203 ἀδικηθέντας
2969 4134 3315 4201 σύγγνωστόν
3360 4135 3508 4185 ἑστιν
3566 4135 3696 4195 ἴσως
3749 4132 3881 4201 ἄχρι
3929 4130 4029 4197 τῆς

2445 4225 2524 4285 είς
2556 4222 2880 4291 ἀναίσθητον
2905 4223 2949 4252 "
2995 4220 3167 4289 ὀργῆς
3226 4221 3500 4290 χαλεποὺς
3549 4220 3847 4288 γενέσθαι’
3902 4222 4029 4283 τοὺς

2446 4314 2491 4367 δ’
2540 4314 2763 4383 ὕστερον
2811 4314 3230 4382 συγγράφοντας
3260 4313 3330 4365 τά
3370 4315 3758 4381 πεπραγμένα,
3809 4314 3906 4366 καὶ
3954 4314 4029 4382 τῷ

2454 4405 2552 4474 μὲν
2587 4404 2686 4473 βίῳ
2716 4404 2791 4473 μὴ
2821 4404 3161 4473 λυπηθέντας
3199 4402 3389 4467 αὐτοῦ,
3417 4403 3495 4472 τῷ
3522 4403 3579 4455 δὲ
3618 4404 3764 4472 λόγῳ
3807 4405 4029 4473 χρωμέ-

768 4496 913 4547 tione
938 4504 1116 4547 autem
1149 4495 1313 4547 etiam
1358 4494 1593 4561 adjutos,
1630 4511 1917 4549 commune
1958 4497 2232 4550 hominum
2262 4498 2331 4566 ju'

2454 4512 2598 4559 νους,
2633 4497 2665 4563 ή
2686 4494 2811 4559 δόξα
2844 4496 3189 4563 παραιτεῖται
3221 4494 3296 4564 μὴ
3332 4494 3451 4564 μεθ’
3482 4494 3694 4564 ὕϐρεως
3723 4496 3862 4564 μηδὲ
3894 4497 4030 4562 μετὰ

768 4585 968 4638 dicium
1002 4585 1277 4638 dehortari
1314 4585 1519 4649 debuit,
1546 4600 1611 4639 ne
1646 4587 2033 4641 contumeliose
2064 4597 2159 4641 aut
2193 4602 2348 4641 scur-

2450 4586 2785 4656 βωμολοχίας
2812 4585 3090 4649 ὀνειδίζειν
3127 4585 3225 4646 τὰς
3258 4586 3545 4655 συμφοράς
3571 4625 3587 4650 ,
3634 4580 3708 4639 ὧν
3754 4587 3910 4638 οὐδὲν
3936 4588 4031 4638 ἔπ-

770 4678 944 4730 riliter
976 4677 1316 4729 calamitates
1348 4676 1430 4729 eis
1459 4678 1944 4745 exprobrarentur,
1975 4680 2173 4747 quibus
2215 4696 2331 4747 quo

2450 4680 2565 4747 έχει
2602 4680 2693 4729 καὶ
2718 4678 2807 4729 τὸν
2837 4677 3055 4746 ἄριστον
3082 4677 3293 4745 ἀνδρῶν
3323 4679 3387 4728 ὲκ
3410 4677 3579 4746 τύχης
3606 4681 3925 4747 μετασχεῖν.
3958 4680 4029 4730 Οὐ

770 4767 949 4822 minus
998 4768 1190 4834 injuria
1238 4766 1471 4820 fortunae
1514 4768 1679 4820 etiam
1725 4770 1964 4836 Optimus
1997 4770 2227 4839 quisque
2266 4770 2349 4824 fe-

2454 4772 2558 4840 μὴν
2577 4771 2686 4821 οὐδ’
2713 4770 2949 4838 Ἔφορος
2976 4769 3206 4835 ὑγιαίνει
3231 4769 3322 4821 τὸν
3346 4769 3596 4821 Φίλιστον
3618 4772 3990 4839 ἐγκωμιάζων
4016 4787 4027 4799 ·

770 4858 1110 4921 riatur,nihil
1147 4858 1346 4911 obstat.
1387 4857 1568 4925 Neque
1604 4874 1731 4912 vero
1765 4874 1932 4913 sanus
1962 4860 2228 4928 Ephorus,
2260 4876 2328 4929 qu

2451 4862 2509 4923 ὃς
2540 4861 2743 4930 καίπερ
2768 4860 2844 4912 ῶν
2882 4860 3184 4922 δεινότατος
3205 4860 3411 4922 ἀδίκοις
3441 4865 3732 4932 πράγμασι
3805 4864 3903 4915 καὶ
3934 4881 4027 4914 που

768 4948 1054 5005 Philistum
1094 4950 1415 5017 prazdicans,
1447 4951 1697 5017 quamvis
1730 4950 1912 5005 fuerat
1944 4953 2343 5016 callidissimus,

2456 4956 2635 5021 νηροῖς
2668 4954 2852 5021 ῆοεσιν
2908 4952 3250 5020 εὐσχήμονας
3304 4952 3485 5015 αἰτίας
3538 4951 3895 5021 περιϐάλλειν
3943 4954 4031 5006 καὶ

2049 5085 2280 5140 νΑΒΙᾹΞ
2322 5085 2608 5141 LECTION
2620 5083 2721 5138 ES.

842 5199 885 5273 ξ’
912 5198 1074 5273 παύει
1098 5196 1323 5273 παύεται
1346 5202 1711 5273 apographum
1732 5200 2014 5272 Stephani.
2048 5203 2092 5237 ⁸⁸
2112 5201 2495 5273 χειριζομένων
2520 5202 2578 5267 Β,
2595 5202 2966 5273 χειριζομένου
2984 5203 3049 5265 A,
3068 5201 3461 5271 χειμαζομένου
3487 5221 3545 5268 ς.
3578 5203 3622 5242 δ’
3643 5202 4027 5259 ἈντωνίνουᾹ.

770 5268 1027 5341 '°§1t_‘tb
1101 5268 1207 5317 τῶν
1258 5267 1628 5341 ίλλουστρίων]
1687 5267 2041 5327 Ιίιυεὺτίεείηιί
2113 5267 2345 5341 dignitas
2376 5274 2458 5325 vel
2496 5267 2954 5327 illttstt-i'ssituatus
2979 5267 3453 5338 est‘posteriorum
3489 5267 3813 5341 temporum,
3853 5275 4029 5341 itaque

773 5338 1056 5413 ridiculum
1092 5346 1281 5404 putare
1315 5339 1477 5413 hoc_a
1505 5339 1738 5395 Diodoro
1785 5360 2019 5412 unquam
2071 5338 2341 5409 proditum
2382 5342 2548 5397 fuisse
2582 5360 2595 5408 ;
2628 5344 2805 5413 itaque
2834 5344 2955 5396 sine
2985 5342 3150 5394 ilnhio
3186 5346 3297 5395 haec
3331 5353 3383 5395 et
3412 5360 3532 5409 qua:
3566 5338 3878 5411 sequuntur
3908 5338 4029 5397 sunt

774 5408 1043 5480 sequioris
1072 5416 1132 5480 ct»
1153 5409 1468 5480 posterioris
1502 5414 1801 5479 set-iptoris.
1831 5408 2112 5467 semesa.
2189 5415 2233 5443 ⁸¹
2256 5416 2441 5480 ἐπέχει
2468 5418 2531 5467 A.
2608 5416 2654 5445 “
2681 5408 2773 5466 τοῦ
2806 5430 2916 5467 om.
2952 5412 3008 5464 Β.
3086 5413 3132 5443 ⁸³
3158 5408 3524 5466 ἀνυπεύθυνον
3571 5408 3767 5471 Α,ὀύκ
3793 5415 4029 5465 ἀνυπεύ-

777 5479 931 5561 θυνον
1171 5490 1286 5561 post
1316 5477 1416 5543 μὲν
1441 5476 1627 5561 versus
1661 5486 1807 5561 raetii
1846 5486 1896 5535 in
1930 5484 1967 5534 Β
2004 5484 2306 5561 Μηίίέρίιι
2335 5476 2435 5537 06
2652 5485 2982 5561 ’ξδμδιαφὸρω
3017 5482 3393 5561 χρηστομαοία
3557 5482 3610 5561 ξ’
3649 5484 3858 5561 Δίωνος
3884 5500 3959 5561 re.
3990 5484 4028 5561 A

776 5548 883 5615 (pr.
911 5548 1053 5619 enim
1084 5546 1295 5619 titulum
1322 5552 1477 5619 out.):
1512 5550 1630 5619 βίου
1658 5555 1854 5616 Δίωνος
1886 5572 1945 5617 ς.

779 5633 840 5681 ς.
915 5615 960 5645 ⁵⁹
986 5615 1310 5685 ἀναίσθητον
1344 5634 1404 5679 ς’.

2050 5554 2092 5584 ⁵⁷
2118 5551 2279 5615 αλλά]
2318 5570 2435 5623 cap.
2460 5556 2547 5609 56.

2650 5556 2695 5586 ³⁸
2722 5547 3063 5625 ἐμπίπλαται
3088 5547 3195 5604 τῶν
3217 5547 3262 5603 A
3288 5569 3301 5605 :
3331 5552 3713 5621 ἐμπίμπλαται
3739 5570 3800 5617 ς.
3833 5555 3862 5607 ὃ
3883 5556 3925 5607 Α
3948 5571 3958 5605 ;
3988 5547 4028 5619 ᾧ

2294 5686 2525 5742 NOTAE.

853 5775 965 5843 (75)
1004 5774 1129 5831 llaec
1179 5777 1435 5846 quoniam
1482 5778 1797 5845 posterioris
1845 5786 1971 5834 sunt
2014 5778 2187 5833 atatis
2215 5817 2229 5839 .
2276 5778 2515 5833 Linum
2550 5780 2673 5835 dicti
2709 5780 2922 5834 Diodori
2956 5796 3075 5836 esse
3108 5795 3214 5835 non
3246 5781 3509 5837 videntur.
