4216 6430
281 422 415 485 1441

1333 420 1403 479 BI
1416 418 1857 479 BLIOTHECA.
1882 442 1947 454 -
1979 417 2143 478 COD.
2200 415 2460 478 CCXLV.

3397 408 3536 474 1442

276 530 374 582 ἀπ’
406 529 577 597 ἀρχῆς
602 524 757 589 ὁδῶν,
784 526 883 593 τῆς
919 524 1017 593 μὲν
1050 525 1146 578 ἐπὶ
1204 525 1267 577 τὸ
1301 526 1454 594 βῆμα
1494 527 1586 580 καὶ
1627 527 1728 596 τὴν
1763 527 1857 578 ὲκ·
1889 564 1899 585 ε

1967 538 2040 587 se,
2071 524 2114 577 si
2150 522 2218 577 ab
2258 521 2413 576 initio
2444 520 2562 574 dna:
2607 517 2898 587 proposita:
2938 515 3167 571 fuissent
3205 516 3327 577 vim.
3363 515 3538 570 altera

276 618 538 686 κλησίαν,
579 616 676 683 τῆς
702 615 758 666 δὲ
784 615 1043 683 άντικρυς
1067 615 1149 675 είς
1170 613 1262 666 τὸν
1286 614 1528 683 ὄλεθρον,
1565 615 1857 684 ἐτύγχανεν

277 707 440 769 εἰδὼς
466 706 535 758 τὰ
592 708 735 758 κατὰ
791 706 891 774 τὴν
956 705 1231 758 πολιτείαν
1283 706 1447 769 κακὰ,
1509 706 1708 774 φόϐους
1756 707 1854 759 καὶ¹

278 799 514 866 φθόνους
542 800 635 850 καὶ
668 797 920 858 διαὸολὰς
952 797 1045 848 καὶ
1095 796 1354 863 ἀγωνίας,
1388 798 1481 849 ἐπὶ
1530 796 1741 868 ταύτην
1789 796 1856 849 ἂν

276 891 523 962 ὁρμῆσαι
555 892 653 960 τὴν
674 891 803 942 εὐθὺ
831 888 922 942 τοῦ
951 888 1181 943 Θανάτου
1210 889 1512 942 τείνουσαν.

766 1065 864 1117 Ἐκ
892 1064 998 1118 τοῦ
1031 1067 1383 1132 Κικέρωνος.

356 1155 482 1207 ’ωτι
525 1157 547 1185 ³
589 1155 649 1206 ού
708 1157 899 1224 μικρὰ,
954 1158 1139 1223 φησὶν,
1172 1158 1237 1208 ἐκ
1287 1157 1383 1209 τοῦ
1433 1156 1861 1227 ύποκρίνεσθαι²

284 1245 430 1315 ῥοπὴ
459 1245 667 1316 προσῆν
696 1248 776 1307 είς
803 1246 864 1297 τὸ
900 1246 1105 1299 πείθειν
1132 1247 1211 1316 τῷ
1250 1247 1527 1316 Κικέρωνι
1554 1264 1565 1276 ·
1599 1248 1694 1299 καὶ
1736 1247 1859 1309 τοὺς

283 1337 366 1404 τῷ
420 1336 630 1403 μεγάλα
669 1336 797 1405 βοᾷν
843 1337 1157 1405 χρωμένους
1216 1339 1452 1406 ῥήτορας
1498 1337 1862 1413 ἐπισκώπτων

286 1429 443 1494 ἔλεγε
471 1429 537 1480 δι’
587 1428 869 1480 ἀσθένειαν
901 1430 992 1480 ἐπὶ
1040 1429 1139 1495 τὴν
1169 1430 1418 1499 κραυγὴν
1453 1430 1475 1459 ⁸
1521 1428 1710 1498 ὥσπερ
1737 1432 1864 1492 τοὺς

286 1520 502 1589 χωλοὺς
529 1519 612 1586 ἐφ’
642 1520 805 1571 ἵππον
826 1520 847 1550 ⁸
880 1520 1071 1588 πηδᾷν.
1094 1520 1218 1572 Ὅτι
1236 1520 1256 1549 ⁸
1280 1520 1338 1571 τὸ
1364 1520 1461 1588 μὲν
1481 1522 1615 1590 πρὸς
1636 1521 1863 1591 ἐχθροὺς

288 1612 321 1678 ἦ
361 1612 500 1679 πρὸς
530 1610 836 1673 ἀντιδίκους
880 1612 1176 1679 σκώμμασι
1235 1610 1471 1679 χρῆσθαι
1524 1612 1864 1680 πικροτέροις

285 1702 438 1753 δοκεί
469 1700 755 1770 ῥητορικὸν
789 1696 960 1752 εἶναι’
995 1699 1057 1752 τὸ
1092 1700 1148 1752 δὲ
1194 1695 1276 1763 οἷς
1306 1700 1462 1769 ἔτυχε
1502 1700 1865 1773 προσκρούειν

287 1792 458 1843 ἕνεκα
487 1791 582 1842 τοῦ
628 1791 841 1857 γελοίου
886 1790 1019 1843 πολὺ
1069 1793 1344 1860 συνήγαγε
1387 1794 1541 1861 μῖσος
1588 1791 1666 1861 τῷ
1695 1792 1863 1845 Κικέ-

1965 616 2031 667 ad
2062 622 2372 682 suggestum
2402 622 2457 665 et
2482 612 2820 671 concionem,
2852 609 3019 663 altera
3063 608 3130 662 ad
3166 616 3376 662 certum
3412 605 3535 661 exi-

1967 702 2099 754 tium
2126 697 2350 763 ducens,
2387 714 2452 753 ac
2481 700 2527 753 si
2567 699 2928 766 pmscivisset
2964 697 3099 750 mala
3134 712 3253 765 quae
3289 696 3339 750 in
3376 710 3540 763 repu-

1966 793 2104 847 blica
2167 792 2512 846 versantibus
2569 790 2907 851 incumbunt,
2962 800 3219 852 terrores,
3282 788 3539 849 invidias,

1966 884 2286 948 calumnias,
2332 883 2731 946 contentiones,
2777 884 2962 950 utique
3000 896 3120 934 eam
3164 880 3538 949 ingressurum

1969 975 2134 1031 fuisse
2166 990 2272 1045 qua
2302 986 2445 1030 recta
2479 976 2545 1028 ad
2582 974 2860 1027 interitum
2895 973 3043 1026 isset.

2455 1064 2647 1136 395a
2692 1062 2738 1115 E
2774 1063 3040 1118 Cicerone.

2042 1154 2186 1209 Sane
2220 1156 2385 1219 actio,
2422 1155 2616 1223 inquit,
2651 1154 2900 1208 Ciceroni
2945 1151 3087 1205 haud
3135 1153 3250 1207 leve
3296 1169 3543 1208 momen-

1972 1256 2082 1299 tum
2137 1246 2205 1299 ad
2255 1247 2688 1315 persuadendum
2728 1244 2956 1298 contulit
2999 1262 3011 1297 :
3050 1245 3297 1312 idemque
3351 1259 3544 1311 magna

1972 1338 2357 1393 vociferatione
2382 1348 2594 1391 utentes
2612 1346 2858 1389 oratores
2889 1337 3139 1395 irridens,
3168 1337 3237 1390 ob
3266 1334 3546 1389 imbecilli-

1975 1438 2136 1481 tatem
2185 1429 2250 1481 ad
2289 1428 2602 1489 clamorem,
2649 1428 2815 1480 veluti
2858 1428 3083 1480 claudos
3111 1427 3176 1478 ad
3209 1441 3379 1493 equos
3412 1441 3548 1479 cou-

1973 1520 2157 1587 fugere
2189 1519 2421 1573 dicebat.
2459 1518 2730 1573 Conviciis
2771 1518 3137 1571 acerbioribus
3182 1518 3428 1572 inimicos
3459 1520 3544 1572 vel

1973 1608 2318 1661 adversarios
2363 1608 2604 1661 dicteriis
2654 1606 2909 1660 insectari
2960 1607 3174 1660 videtur
3221 1607 3542 1669 oratorium,

1974 1700 2282 1767 proximum
2315 1713 2445 1752 vero
2470 1699 2609 1751 risus
2635 1698 2883 1767 captandi
2910 1713 3073 1752 causa
3101 1696 3380 1753 oﬂ’endens
3410 1700 3546 1751 mul-

1974 1798 2149 1843 torum
2196 1790 2250 1842 in
2291 1803 2351 1843 se
2398 1790 2518 1844 odia
2570 1789 2881 1843 concitavit.
2932 1788 2998 1842 Et
3067 1805 3133 1843 ex
3206 1790 3308 1844 hac
3351 1791 3548 1843 dicaci-

291 1900 450 1953 ρωνι,
479 1883 573 1935 καὶ
600 1884 663 1934 ὲκ
692 1881 881 1934 τούτου
909 1882 1123 1944 πολλοῖς
1148 1882 1370 1948 γέγονεν
1401 1882 1672 1951 ἐπαχθὴς,
1691 1883 1784 1933 καὶ
1815 1884 1862 1934 οἱ
1898 1925 1899 1930 η

1968 1889 2080 1934 tale
2139 1880 2339 1935 multos
2408 1883 2622 1950 paravit
2680 1882 2977 1945 inimicos,
3038 1880 3364 1951 Clodinsque
3419 1897 3543 1936 cum

290 1975 436 2041 μετὰ
462 1973 703 2027 Κλωδίου
733 1972 1069 2041 συνέστησαν
1102 1975 1187 2025 ἐπ’
1218 1974 1379 2027 αὑτὸν
1405 1973 1577 2042 ἀρχὴν
1608 1974 1865 2044 τοιαύτην

287 2065 569 2127 λαϐόντες.
602 2064 725 2116 "Ott
751 2067 768 2095 ⁷
789 2066 849 2117 τὸ
884 2064 1207 2116 λεπτότατον
1256 2064 1349 2118 τοῦ
1382 2066 1583 2134 χαλκοῦ
1624 2067 1865 2135 νόμισμα

292 2156 669 2224 κουαδράντην
720 2153 976 2223 Ῥωμαῖοι
1038 2153 1312 2207 καλοῦσιν.
1367 2155 1487 2205 Ὀτι
1529 2154 1549 2185 ⁸
1614 2154 1855 2221 λέγεται.

289 2247 448 2313 φησὶ,
483 2246 580 2307 τὰς
616 2244 835 2313 πρώτας
870 2244 1085 2313 ἡμέρας
1118 2244 1573 2312 διαγωνισάμενος
1605 2244 1743 2313 ὑπὲρ
1772 2243 1865 2296 τοῦ

290 2335 607 2404 Κικέρωνος
636 2337 662 2385 ὁ
691 2334 908 2402 Καῖσαρ
937 2332 1178 2386 ἐνδοῦναι
1209 2337 1275 2404 τῇ
1303 2335 1458 2405 τρίτῃ
1486 2334 1580 2387 καὶ
1606 2334 1866 2403 προέσθαι

287 2427 384 2477 τὸν
412 2424 585 2493 φίλον.
612 2424 693 2476 Τὰ
742 2423 797 2475 δὲ
845 2423 943 2491 τῆς
974 2422 1293 2485 ἀντιδόσεως
1343 2421 1515 2485 οὕτως
1548 2418 1725 2491 εἶχεν·
1762 2422 1867 2475 εδει

293 2518 607 2585 Κικέρωνος
638 2514 737 2584 μὲν
762 2514 1022 2582 ἐκστῆναι
1046 2512 1321 2583 Καίσαρα,
1356 2514 1567 2567 Παύλου
1596 2515 1654 2568 δὲ
1682 2514 1869 2567 τάδελ-

289 2609 398 2676 φοῦ
427 2608 674 2668 Λέπιδον,
706 2606 935 2659 Λευκίου
980 2606 1037 2659 δὲ
1070 2606 1343 2675 Καίσαρος
1366 2604 1671 2669 Ἀντώνιον,
1715 2605 1770 2667 δς
1800 2601 1867 2674 ἦν

290 2701 437 2763 θεῖος
471 2698 619 2768 αὐτῷ
649 2700 784 2768 πρὸς
810 2699 1035 2767 μητρός.
1068 2697 1250 2758 Οὕτως
1277 2697 1534 2762 ἐξέπεσον
1566 2696 1669 2749 ὑπὸ
1693 2696 1865 2765 θυμοῦ

291 2790 388 2840 καὶ⁵
419 2787 619 2856 λύσσης
657 2788 763 2839 τῶν
789 2788 828 2817 ¹⁷
861 2786 1216 2853 ἀνθρωπίνων
1250 2784 1547 2853 λογισμῶν.
1576 2785 1776 2853 μᾶλλον
1811 2785 1867 2835 δὲ

290 2879 581 2941 ἀπέδειξαν
610 2878 685 2940 ὼς
736 2878 888 2930 οὐδὲν
926 2876 1111 2946 θηρίον
1133 2875 1422 2944 ἀνθρώπου
1470 2877 1617 2927 ἐστὶν
1661 2874 1866 2943 ἀγριώ-

287 2987 473 3039 τερον,
505 2967 753 3031 ἐξουσίαν
787 2966 951 3020 πάθει
982 2965 1405 3035 προσλαϐόντος.

787 3057 883 3111 Ἐκ
914 3057 1021 3110 τοῦ
1058 3057 1374 3122 Φωκίωνος.

366 3150 492 3201 Ὀτι
520 3149 583 3213 ¹¹,
614 3148 802 3217 φησὶν,
835 3147 862 3198 ὁ
889 3144 1116 3198 Φωκίων
1144 3146 1349 3213 τραχὺς
1370 3140 1438 3213 ἦν
1467 3144 1560 3195 καὶ
1578 3144 1826 3213 κατηφής
1846 3160 1859 3173 '

286 3240 373 3291 διὸ
420 3240 515 3292 καὶ
546 3239 1001 3306 ’Δριστογείτονος
1046 3234 1142 3288 τοῦ
1190 3236 1525 3302 συκοφάντου
1566 3234 1861 3302 πολεμικοῦ

287 3331 445 3390 ὄντος
475 3332 532 3381 ἐν
589 3330 709 3390 ταῖς
740 3327 1055 3395 ἐκκλησίαις
1098 3326 1189 3377 καὶ
1217 3325 1612 3394 παροξύνοντος
1641 3324 1735 3375 ἐπὶ
1768 3325 1865 3386 τὰς

289 3419 525 3488 πράξεις
550 3418 639 3469 τὸν
664 3417 855 3485 δῆμον,
882 3417 938 3467 ὲν
972 3416 1029 3467 δὲ
1058 3415 1135 3484 τῷ
1164 3415 1453 3483 καταλόγῳ
1479 3414 1866 3483 προσελθόντος

288 3505 389 3557 ἐπὶ
419 3504 691 3574 βακτηρίᾳ
724 3502 799 3555 τὼ
832 3503 996 3572 σκέλη
1034 3504 1075 3534 ¹³
1108 3503 1543 3573 καταδεδεμένωέ
1582 3503 1865 3577 πόρρωθεν

288 3596 455 3647 αὐτὸν
487 3595 596 3646 ἀπὸ
628 3593 719 3646 τοῦ
772 3594 1014 3663 βήματος
1059 3596 1181 3648 ἵδὼν
1216 3599 1244 3647 ὁ
1289 3597 1516 3649 Φωκίων
1550 3599 1824 3666 ἀνέκραγε
1847 3611 1861 3625 ⁸

290 3688 497 3755 Γρὰφε
530 3686 627 3738 καὶ
670 3685 1146 3756 Ἀριστογείτονα
1188 3687 1388 3753 χωλὸν
1433 3688 1531 3740 καὶ
1572 3688 1861 3754 πονηρόν.

294 3780 461 3833 Ὥστε
494 3777 797 3851 θαυμάζειν
848 3781 996 3842 ὅπως
1045 3781 1141 3832 καὶ
1187 3780 1384 3832 ὁπόθεν
1438 3781 1642 3849 τραχὺς
1694 3779 1864 3842 οὕτως

288 3876 431 3945 ἀνὴρ
500 3876 591 3926 καὶ
632 3874 954 3942 σκυθρωπὸς
1001 3876 1270 3942 ἐκτήσατο
1318 3874 1417 3943 τὴν
1479 3872 1571 3925 τοῦ
1625 3871 1863 3944 χρηστοῦ

289 3967 690 4037 προσηγορίαν.
725 3965 880 4016 Ἔστι
914 3963 992 4025 δὲ,
1024 3959 1201 4031 οἶμαι,
1227 3962 1480 4032 χαλεπὸν,
1506 3963 1567 4015 οὐ
1602 3964 1709 4032 μὴν
1734 3963 1863 4015 ἀδύ-

287 4074 473 4118 νατον,
507 4053 632 4125 [6ιὸ
661 4052 751 4125 IL]
783 4054 971 4122 ὥσπερ
1011 4049 1171 4113 οἶνον,
1198 4053 1294 4105 καὶ
1327 4053 1613 4122 άνθρωπον
1641 4054 1731 4104 τὸν
1765 4053 1864 4103 αύ-

288 4148 382 4199 τὸν
422 4146 549 4214 ἡδὺν
598 4144 714 4212 ἅμα
751 4144 845 4196 καὶ
888 4142 1160 4211 αὐστηρὸν
1202 4137 1362 4204 εἶναι,
1400 4142 1653 4210 καθάπερ
1686 4142 1863 4210 ἕτεροι

289 4240 456 4290 πάλιν
491 4237 801 4306 φαινόμενοι
826 4235 1046 4302 γλυκεῖς
1071 4218 1391 4302 ἀηδέστατοι
1418 4235 1531 4294 τοῖς
1561 4233 1864 4301 χρωμένοις

288 4331 399 4382 εἰσὶ
450 4328 543 4379 καὶ
599 4324 1019 4394 βλαῦερώτατοι.
1078 4322 1186 4376 Καί
1232 4323 1311 4375 τοί
1359 4338 1521 4390 φασιν
1574 4322 1864 4393 Ὑπερίδην

288 4420 423 4472 ποτὲ
456 4420 629 4471 εἰπεῖν
654 4416 787 4486 πρὸς
820 4416 907 4467 τὸν
930 4414 1099 4483 δῆμον
1118 4432 1131 4447 ·
1164 4412 1412 4479 ’Ἄνδρες
1437 4411 1745 4479 Ἀθηναῖοι,
1774 4413 1860 4480 μὴ

288 4508 577 4565 σκοπεῖτε
628 4509 821 4575 μόνον
859 4509 910 4559 ει
967 4506 1177 4572 πικρός
1223 4507 1360 4573 ειμι,
1386 4504 1523 4558 ἀλλ’
1554 4506 1603 4556 ει
1648 4504 1863 4571 προῖκά
1894 4547 1942 4605 D

286 4606 409 4669 εἰμι
434 4600 661 4667 πικρός.
697 4597 921 4651 Φωκίων
956 4598 1131 4648 τοίνυν
1160 4596 1328 4665 ἔχθρᾳ
1359 4595 1458 4663 μὲν
1488 4596 1595 4647 τῶν
1632 4595 1863 4646 πολιτῶν

288 4692 477 4752 κακῶς
509 4690 700 4743 οὐδένα
728 4688 1004 4757 ἐποίησεν,
1034 4686 1151 4739 οὐδὲ
1182 4684 1428 4755 ἐνόμιζεν
1465 4684 1659 4755 ἐχθρόν
1685 4702 1696 4715 ·
1746 4685 1861 4739 ἀλλ’

286 4785 415 4835 ὅσον
442 4781 548 4833 ἔδει
576 4781 721 4849 μόνῳ
745 4779 821 4848 τῷ
846 4778 1183 4848 ὲνισταμένῳ
1208 4774 1287 4840 οἷς
1316 4777 1580 4846 ἔπραττεν
1601 4778 1740 4848 ὑπὲρ
1763 4778 1862 4846 τῆς

290 4873 551 4943 πατρίδος
580 4870 1068 4939 κατεξαναστῆναι,
1100 4870 1302 4940 τραχύς
1344 4886 1403 4921 τε
1430 4869 1473 4900 ⁸³
1498 4870 1572 4921 ὢν
1608 4870 1701 4921 καὶ
1732 4868 1861 4920 δυσ-

295 4965 586 5021 εκϐίαστος
646 4964 739 5013 καὶ
808 4962 1200 5030 ἀπαραίτητος,
1267 4962 1347 5022 είς
1393 4960 1485 5013 τὸν
1539 4958 1697 5012 ἄλλον
1750 4958 1861 5027 βίον

289 5054 499 5124 εὐμενῆ
552 5055 689 5105 πᾶσι
726 5054 819 5105 καὶ
869 5052 1046 5105 κοινὸν
1100 5052 1195 5105 καὶ
1235 5052 1613 5122 φιλάνθρωπον
1673 5050 1862 5103 ἑαυτὸν

292 5148 579 5215 παρεῖχεν,
612 5143 753 5195 ὥστε
786 5143 881 5196 καὶ
919 5143 1175 5195 πταίσασι
1207 5142 1418 5211 βοηθεῖν
1460 5143 1553 5195 καὶ
1584 5142 1859 5195 κινδυνεύ-

290 5255 415 5290 ουσι
451 5234 901 5301 συνεξετάζεσθαι
934 5235 973 5266 ¹⁵
1005 5237 1115 5297 τοῖς
1140 5235 1437 5303 διαφόροις.

367 5328 492 5379 Ὀτι
540 5326 583 5355 ¹⁵
634 5325 987 5394 Ἀντίπατρον
1034 5326 1123 5376 τὸν
1170 5325 1507 5387 Μακεδονίας
1556 5325 1863 5394 στρατηγὸν

293 5418 513 5487 λέγεται
548 5420 725 5471 εἰπεῖν.
761 5417 835 5480 ὡς
883 5418 1029 5471 δυοῖν
1060 5416 1207 5487 αὑτῴ
1254 5418 1423 5486 φίλων
1452 5416 1743 5488 Ἀθήνῃσιν
1776 5416 1859 5469 ὀνο

1970 1974 2090 2027 aliis
2150 1974 2290 2027 hanc
2347 1973 2683 2027 occasionem
2751 1982 2938 2025 nactus
3000 1974 3347 2041 cuiuspiravit.
3410 1972 3544 2026 Om-

1974 2063 2121 2115 nium
2170 2063 2451 2116 minitnum
2503 2066 2641 2131 apud
2674 2062 2947 2116 Romanos
3023 2063 3289 2115 nomisma
3345 2077 3545 2117 aereum

1968 2160 2054 2207 est
2098 2152 2390 2220 quadrans.
2439 2151 2653 2216 Fertur,
2708 2152 2901 2219 inquit,
2953 2149 3134 2205 Caesar
3181 2167 3303 2205 cum
3353 2152 3547 2221 primis

1970 2242 2159 2297 diebus
2212 2259 2310 2313 pro
2357 2243 2634 2300 Ciceronis
2691 2243 2863 2297 salute
2916 2254 3200 2305 certasset,
3250 2245 3409 2297 tertia
3459 2243 3547 2297 die

1969 2332 2330 2395 concessisse,
2369 2342 2429 2384 ut
2467 2331 2678 2385 amicus
2713 2332 3163 2399 proscriberetur.
3201 2332 3324 2386 Fuit
3359 2344 3545 2387 autem

1970 2424 2296 2492 permutatio
2336 2424 2409 2477 ita
2451 2424 2724 2488 instituta,
2763 2433 2821 2477 ut
2853 2425 3030 2477 Cresar
3066 2422 3404 2487 Ciceronem,
3440 2423 3544 2478 Le-

1971 2516 2126 2583 pidus
2181 2514 2402 2569 Paulum
2453 2517 2698 2577 fratrem,
2755 2514 2976 2569 Lucium
3041 2515 3312 2571 Casarem
3372 2532 3544 2569 avun-

1968 2606 2151 2659 culum
2197 2608 2464 2660 Antonius
2518 2609 2781 2675 proscribi
2832 2609 3224 2675 permitterent.
3271 2609 3419 2663 Adeo
3464 2611 3544 2663 ira

1968 2699 2048 2752 eis
2078 2709 2131 2751 et
2164 2699 2341 2752 rabies
2370 2713 2558 2753 omnes
2594 2700 2863 2753 humanas
2896 2701 3255 2767 cogitationes
3284 2714 3544 2757 excusse-

1972 2797 2090 2840 rant
2128 2806 2140 2841 :
2180 2788 2288 2841 imo
2317 2798 2497 2840 autem
2540 2788 2612 2841 illi
2665 2792 3128 2854 demonstrarunt,
3175 2790 3374 2843 nullam
3425 2805 3546 2845 esse

1970 2878 2202 2930 belluam
2238 2879 2474 2943 homine,
2509 2888 2782 2949 potestate
2828 2884 2894 2933 ad
2943 2882 3369 2948 exsequendum,
3401 2883 3545 2949 quod

1968 2968 2281 3036 perturbato
2314 2970 2497 3025 animo
2528 2971 2789 3033 decrevit,
2824 2981 3052 3035 armato,
3088 2970 3435 3025 ferociorem.

2525 3059 2608 3112 Ea:
2647 3058 2933 3114 Phocione.

2040 3148 2165 3202 Fuit
2202 3149 2440 3205 Phocion
2481 3166 2703 3205 severus
2730 3163 2783 3206 et
2815 3154 3058 3207 tetricus.
3100 3153 3233 3206 Cum
3274 3154 3544 3208 exercitus

1968 3242 2347 3295 conscribendi
2394 3256 2559 3296 causa
2609 3259 2705 3311 pro
2753 3244 3005 3298 tribunali
3046 3245 3239 3299 sedens
3276 3246 3545 3314 Aristogi-

1970 3340 2147 3384 tonem
2185 3333 2595 3401 schphautam,
2626 3336 2717 3400 qui
2765 3341 2816 3387 tu
2860 3339 3215 3391 concionilms
3245 3340 3310 3390 ad
3346 3339 3549 3393 bellum

1969 3425 2209 3478 excitare
2240 3427 2494 3492 pupulum
2525 3426 2716 3480 solitus
2750 3425 2947 3492 fuerat,
2978 3430 3161 3497 procul
3202 3445 3321 3482 cum
3357 3430 3555 3483 baculo

1968 3524 2022 3568 et
2058 3530 2216 3569 crure
2246 3515 2485 3583 obligato
2522 3518 2671 3572 adire
2702 3519 2927 3581 videret,
2960 3519 3287 3572 exclamavit
3318 3537 3330 3572 :
3366 3518 3555 3573 Scribe-

1968 3606 2375 3673 Ariuogilonem
2406 3608 2563 3659 etiam
2605 3607 2853 3660 claudum
2892 3620 2939 3661 et
2975 3624 3219 3678 nequam.
3252 3612 3327 3662 Ac
3358 3610 3553 3662 mirari

1967 3696 2181 3763 quidem
2218 3698 2388 3764 possit
2428 3714 2531 3750 non
2583 3712 2763 3762 nemo,
2810 3700 3080 3767 quomodo
3130 3701 3200 3751 ita
3237 3715 3460 3754 severus
3492 3710 3550 3754 et

1968 3790 2132 3840 durus
2161 3803 2357 3842 nomen
2392 3788 2521 3842 Boni
2557 3789 2843 3843 invenerit.
2890 3790 2995 3843 Sed
3041 3790 3279 3843 arbitror
3319 3798 3373 3844 ut
3408 3790 3545 3843 dilli-

1966 3879 2068 3933 cile
2113 3894 2254 3943 esse,
2287 3880 2360 3933 ita
2410 3890 2585 3933 tamen
2639 3879 2753 3935 ﬁeri
2810 3896 2987 3951 posse,
3028 3882 3104 3935 uti
3164 3882 3305 3936 idem
3358 3883 3541 3945 homo,

1966 3971 2105 4024 sicut
2133 3980 2187 4023 et
2218 3970 2422 4035 viuum,
2454 3972 2625 4026 dulcis
2652 3973 2815 4026 simul
2847 3984 2901 4028 et
2933 3984 3183 4029 austerus
3213 3977 3284 4029 sit
3313 3992 3327 4029 :
3354 3991 3558 4043 quem-

1965 4061 2253 4115 admodum
2302 4071 2493 4117 contra
2542 4064 2784 4119 nonuuHi
2830 4080 2950 4119 cum
2997 4080 3193 4119 suaves
3232 4068 3555 4129 videantur,.

1967 4152 2303 4207 acerbissimi
2363 4163 2487 4208 sunt
2542 4156 2825 4209 utentibus
2880 4166 2934 4210 et
2982 4157 3273 4225 plurimum
3323 4168 3539 4211 uocent.

1965 4240 2167 4296 Ferunt
2206 4259 2336 4298 sane
2384 4243 2917 4314 Hyperidem‘etiam
2961 4250 3248 4318 aliquando
3278 4250 3343 4302 ad
3370 4263 3558 4317 popu-v

1968 4334 2073 4387 lum
2105 4334 2179 4387 i'ta
2209 4335 2444 4389 locutum
2484 4353 2497 4388 :
2533 4335 2795 4405 Cogitate,
2831 4338 3192 4402 Athenienses,
3241 4355 3346 4391 non
3384 4338 3555 4390 modo

1966 4439 2033 4475 an
2064 4425 2164 4475 sint
2194 4425 2433 4487 acerbus,
2458 4424 2548 4478 sed
2578 4427 2737 4477 etiam
2785 4443 2963 4479 sitnon
2991 4428 3223 4496 o/I‘ensus
3253 4428 3373 4480 talis
3416 4430 3545 4482 sim.

1968 4510 2225 4579 Equidem
2269 4511 2505 4567 Phocion
2558 4516 2851 4568 inimicitiae
2889 4530 3065 4569 causa:
3110 4517 3308 4570 nemini
3343 4516 3545 4568 civium

1973 4602 2267 4668 tualefecil,
2299 4618 2363 4656 ac
2410 4618 2478 4656 ne
2518 4605 2793 4657 inimicum
2825 4606 3040 4672 quidem
3082 4606 3246 4658 ullum
3280 4608 3488 4674 putavit
3520 4622 3548 4661 :

1969 4701 2230 4759 quantum
2281 4708 2367 4748 res
2416 4695 2528 4762 ipsa
2581 4696 2908 4762 postulabat,
2940 4707 2998 4749 ut
3046 4699 3371 4751 adversariis
3414 4712 3553 4750 suo-

1973 4796 2113 4844 rum,
2157 4796 2275 4849 quas
2319 4781 2388 4837 ob
2442 4783 2735 4837 utilitatem
2786 4785 2973 4853 patria:
3012 4788 3242 4849 tniisset,
3283 4788 3544 4840 consilio—

1970 4884 2091 4922 rum
2138 4870 2454 4935 resisteret,
2501 4886 2749 4940 asperum
2800 4887 2858 4927 se
2909 4874 3354 4943 pervicacemque
3396 4889 3549 4941 prie-

1970 4962 2105 5015 buit.
2139 4956 2332 5031 3950
2370 4961 2621 5017 Privatim
2668 4978 3005 5019 communem
3040 4966 3397 5031 omnibusque
3444 4964 3544 5016 be~

1968 5056 2189 5122 niguum
2246 5069 2299 5111 et
2348 5056 2534 5109 mitem
2582 5070 2701 5110 sese
2753 5056 3015 5118 exhibuit,
3067 5055 3141 5108 ita
3191 5064 3250 5108 ut
3302 5054 3550 5107 inimicis-

1968 5160 2181 5214 quoque
2231 5145 2583 5200 infortunium
2636 5150 2809 5216 passis
2851 5148 3110 5200 auxilium
3150 5148 3353 5210 tulerit,
3386 5156 3441 5200 et
3479 5146 3549 5202 its

1963 5232 2165 5303 judicio
2198 5235 2614 5304 periclitantium
2645 5237 2870 5289 salutem
2896 5235 3213 5291 defenderit.

2042 5325 2219 5394 Ipsum
2283 5325 2623 5394 Antipatrum
2679 5325 3024 5379 Macedonum
3082 5328 3271 5379 ducem
3327 5325 3548 5380 dixisse

1968 5417 2276 5486 perhibent,
2307 5432 2366 5471 se
2396 5418 2461 5471 de
2493 5418 2699 5471 duobus
2740 5420 2951 5481 amicis,
2984 5433 3119 5486 quos
3153 5419 3383 5473 Athenis
3428 5417 3544 5470 Ita-

1586 5561 1820 5615 VARUE
1864 5560 2267 5617 LECTIONES.

398 5685 421 5715 ¹
461 5683 567 5750 ὅτι]
594 5696 644 5734 c.
681 5681 733 5734 5.
829 5682 859 5750 _'
879 5677 1273 5750 ἀποκρίνεσθαι
1302 5694 1360 5739 ς’.

292 5769 341 5807 ιτ.
372 5752 462 5805 27.
546 5748 583 5786 ίτ
613 5751 717 5816 ὅτι]
739 5763 788 5801 (⁸.
820 5748 909 5799 29.
986 5749 1006 5778 ⁸
1036 5750 1140 5815 ὅτι]
1172 5762 1220 5799 c.
1252 5748 1341 5798 Mi.

290 5838 401 5877 om.
431 5822 497 5875 Α.
599 5822 641 5858 ⁸⁸
678 5815 1059 5877 συνετὰξεσθαι
1084 5816 1149 5869 Α.
1176 5846 1180 5849 -
1229 5818 1267 5849 ⁸⁸
1298 5816 1401 5879 ὅτι]
1434 5828 1482 5867 c.
1514 5815 1602 5867 50.

1470 5682 1492 5713 δ
1514 5676 1607 5745 ,ὲπὶ
1634 5677 1730 5745 τὴν
1780 5676 2025 5745 κραυγὴν
2070 5674 2136 5745 δι’
2162 5674 2447 5745 ἀσθένειαν
2478 5693 2537 5739 ς.

1415 5751 1435 5780 ν
1466 5744 1573 5795 τῶν
1598 5742 1722 5799 add.
1756 5742 1828 5800 A.
1898 5746 1938 5775 η
1968 5742 2359 5811 προσλαϐόντες
2384 5760 2443 5806 ς.
2524 5744 2563 5775 ¹¹
2591 5744 2695 5815 ὅτι]
2722 5760 2771 5799 c.
2804 5746 2891 5799 10.
2972 5746 3013 5775 ”
3045 5744 3223 5795 σκέλει
3253 5745 3319 5797 Α..
3399 5742 3446 5777 ⁸⁸
3465 5758 3531 5795 τι

2641 5677 2854 5728 ’ἱππον
2887 5675 2959 5726 B‘:
2998 5675 3183 5726 ἵππων
3204 5690 3266 5735 ςπ
3373 5680 3394 5709 ⁸
3418 5674 3530 5741 ὅτι]
