  <div class='ocr_page' id='page_1' title='image "/cluster/home/n/w/nwhite01/storage/ocr_20150623/103/nnc1.0046979689/745.png"; bbox 0 0 4216 6430; ppageno 0'>
   <div class='ocr_carea' id='block_1_1' title="bbox 758 391 896 457">
    <p class='ocr_par' dir='ltr' id='par_1_1' title="bbox 758 391 896 457">
     <span class='ocr_line' id='line_1_1' title="bbox 758 391 896 457; baseline 0.029 -4"><span class='ocrx_word' id='word_1_1' title='bbox 758 391 896 457; x_wconf 67' lang='grc' dir='ltr'>ιιιθ</span> 
     </span>
    </p>
   </div>
   <div class='ocr_carea' id='block_1_2' title="bbox 1895 394 2830 458">
    <p class='ocr_par' dir='ltr' id='par_1_2' title="bbox 1895 394 2830 458">
     <span class='ocr_line' id='line_1_2' title="bbox 1895 394 2830 458; baseline 0 -3"><span class='ocrx_word' id='word_1_2' title='bbox 1895 394 2154 455; x_wconf 84' lang='lat' dir='ltr'><strong>PHOTII</strong></span> <span class='ocrx_word' id='word_1_3' title='bbox 2196 394 2703 456; x_wconf 69' lang='lat' dir='ltr'><strong>PATRIARCHAZ</strong></span> <span class='ocrx_word' id='word_1_4' title='bbox 2722 398 2830 458; x_wconf 90' lang='lat' dir='ltr'><strong>CP.</strong></span> 
     </span>
    </p>
   </div>
   <div class='ocr_carea' id='block_1_3' title="bbox 3874 402 4022 464">
    <p class='ocr_par' dir='ltr' id='par_1_3' title="bbox 3874 402 4022 464">
     <span class='ocr_line' id='line_1_3' title="bbox 3874 402 4022 464; baseline -0.014 0"><span class='ocrx_word' id='word_1_5' title='bbox 3874 402 4022 464; x_wconf 61' lang='grc' dir='ltr'>ιλιι</span> 
     </span>
    </p>
   </div>
   <div class='ocr_carea' id='block_1_4' title="bbox 760 506 2328 579">
    <p class='ocr_par' dir='ltr' id='par_1_4' title="bbox 760 506 2328 575">
     <span class='ocr_line' id='line_1_4' title="bbox 760 506 2328 575; baseline 0 -14"><span class='ocrx_word' id='word_1_6' title='bbox 760 510 934 570; x_wconf 80' lang='lat' dir='ltr'><strong>heret,</strong></span> <span class='ocrx_word' id='word_1_7' title='bbox 964 506 1235 561; x_wconf 71' lang='lat' dir='ltr'><strong>[hor-ioue</strong></span> <span class='ocrx_word' id='word_1_8' title='bbox 1264 517 1315 560; x_wconf 92' lang='lat' dir='ltr'><strong>et</strong></span> <span class='ocrx_word' id='word_1_9' title='bbox 1350 507 1606 569; x_wconf 83' lang='lat' dir='ltr'><strong>Demade,</strong></span> <span class='ocrx_word' id='word_1_10' title='bbox 1640 506 1794 561; x_wconf 77' lang='lat' dir='ltr'><strong>alteri</strong></span> <span class='ocrx_word' id='word_1_11' title='bbox 1832 518 1890 561; x_wconf 94' lang='lat' dir='ltr'><strong>ut</strong></span> <span class='ocrx_word' id='word_1_12' title='bbox 1920 510 2185 575; x_wconf 87' lang='lat' dir='ltr'><strong>acciperet</strong></span> <span class='ocrx_word' id='word_1_13' title='bbox 2216 524 2328 575; x_wconf 89' lang='lat' dir='ltr'><strong>per-</strong></span> 
     </span>
    </p>
   </div>
   <div class='ocr_carea' id='block_1_5' title="bbox 2432 506 4023 579">
    <p class='ocr_par' dir='ltr' id='par_1_5' title="bbox 2438 507 4023 579">
     <span class='ocr_line' id='line_1_5' title="bbox 2438 507 4023 579; baseline 0.006 -22"><span class='ocrx_word' id='word_1_14' title='bbox 2438 522 2567 569; x_wconf 90' lang='grc' dir='ltr'>των,</span> <span class='ocrx_word' id='word_1_15' title='bbox 2608 508 2899 570; x_wconf 79' lang='grc' dir='ltr'><strong>Φωκίωνος</strong></span> <span class='ocrx_word' id='word_1_16' title='bbox 2950 507 3044 560; x_wconf 77' lang='grc' dir='ltr'><strong>καὶ</strong></span> <span class='ocrx_word' id='word_1_17' title='bbox 3096 508 3382 578; x_wconf 77' lang='grc' dir='ltr'><strong>Δημάδου,</strong></span> <span class='ocrx_word' id='word_1_18' title='bbox 3424 510 3515 561; x_wconf 84' lang='grc' dir='ltr'><strong>τὸν</strong></span> <span class='ocrx_word' id='word_1_19' title='bbox 3571 510 3669 579; x_wconf 80' lang='grc' dir='ltr'>μὲν</span> <span class='ocrx_word' id='word_1_20' title='bbox 3718 511 3905 562; x_wconf 84' lang='grc' dir='ltr'>λαϐεῖν</span> <span class='ocrx_word' id='word_1_21' title='bbox 3958 516 4023 566; x_wconf 87' lang='grc' dir='ltr'><strong>οὐ</strong></span> 
     </span>
    </p>
   </div>
   <div class='ocr_carea' id='block_1_6' title="bbox 754 598 2129 668">
    <p class='ocr_par' dir='ltr' id='par_1_6' title="bbox 754 598 2129 668">
     <span class='ocr_line' id='line_1_6' title="bbox 754 598 2129 668; baseline -0.001 -16"><span class='ocrx_word' id='word_1_22' title='bbox 754 599 1007 663; x_wconf 77' lang='lat' dir='ltr'><strong>suadere,</strong></span> <span class='ocrx_word' id='word_1_23' title='bbox 1042 600 1273 651; x_wconf 91' lang='lat' dir='ltr'><strong>alterum</strong></span> <span class='ocrx_word' id='word_1_24' title='bbox 1311 598 1491 651; x_wconf 84' lang='lat' dir='ltr'><strong>dando</strong></span> <span class='ocrx_word' id='word_1_25' title='bbox 1525 608 1772 651; x_wconf 75' lang='lat' dir='ltr'><strong>saturare</strong></span> <span class='ocrx_word' id='word_1_26' title='bbox 1805 601 2129 668; x_wconf 75' lang='lat' dir='ltr'><strong>nequivisse.</strong></span> 
     </span>
    </p>
   </div>
   <div class='ocr_carea' id='block_1_7' title="bbox 1387 688 1679 745">
    <p class='ocr_par' dir='ltr' id='par_1_7' title="bbox 1387 688 1679 745">
     <span class='ocr_line' id='line_1_7' title="bbox 1387 688 1679 745; baseline 0.017 -5"><span class='ocrx_word' id='word_1_27' title='bbox 1387 688 1434 740; x_wconf 79' lang='grc' dir='ltr'><em>Ε</em></span> <span class='ocrx_word' id='word_1_28' title='bbox 1461 688 1679 745; x_wconf 76' lang='lat' dir='ltr'><strong>Catone.</strong></span> 
     </span>
    </p>
   </div>
   <div class='ocr_carea' id='block_1_8' title="bbox 829 781 2331 845">
    <p class='ocr_par' dir='ltr' id='par_1_8' title="bbox 829 781 2331 845">
     <span class='ocr_line' id='line_1_8' title="bbox 829 781 2331 845; baseline 0 -10"><span class='ocrx_word' id='word_1_29' title='bbox 829 782 957 835; x_wconf 84' lang='lat' dir='ltr'><strong>Cum</strong></span> <span class='ocrx_word' id='word_1_30' title='bbox 999 796 1057 834; x_wconf 88' lang='lat' dir='ltr'><strong>se</strong></span> <span class='ocrx_word' id='word_1_31' title='bbox 1100 782 1166 833; x_wconf 87' lang='lat' dir='ltr'><strong>ad</strong></span> <span class='ocrx_word' id='word_1_32' title='bbox 1215 782 1529 835; x_wconf 81' lang='lat' dir='ltr'><strong>discendum</strong></span> <span class='ocrx_word' id='word_1_33' title='bbox 1570 781 1707 834; x_wconf 87' lang='lat' dir='ltr'><strong>Cato</strong></span> <span class='ocrx_word' id='word_1_34' title='bbox 1761 782 2101 845; x_wconf 89' lang='lat' dir='ltr'><strong>contulisset,</strong></span> <span class='ocrx_word' id='word_1_35' title='bbox 2146 782 2331 835; x_wconf 89' lang='lat' dir='ltr'><strong>tardus</strong></span> 
     </span>
    </p>
   </div>
   <div class='ocr_carea' id='block_1_9' title="bbox 758 874 2328 945">
    <p class='ocr_par' dir='ltr' id='par_1_9' title="bbox 758 874 2328 945">
     <span class='ocr_line' id='line_1_9' title="bbox 758 874 2328 945; baseline 0.002 -22"><span class='ocrx_word' id='word_1_36' title='bbox 758 874 857 925; x_wconf 81' lang='lat' dir='ltr'><strong>fuit</strong></span> <span class='ocrx_word' id='word_1_37' title='bbox 901 874 964 925; x_wconf 88' lang='lat' dir='ltr'><strong>ad</strong></span> <span class='ocrx_word' id='word_1_38' title='bbox 1012 874 1453 941; x_wconf 87' lang='lat' dir='ltr'><strong>percipiendum;</strong></span> <span class='ocrx_word' id='word_1_39' title='bbox 1492 890 1608 939; x_wconf 72' lang='lat' dir='ltr'><strong>qua:</strong></span> <span class='ocrx_word' id='word_1_40' title='bbox 1640 885 1819 927; x_wconf 89' lang='lat' dir='ltr'><strong>autem</strong></span> <span class='ocrx_word' id='word_1_41' title='bbox 1846 876 2224 945; x_wconf 54' lang='lat' dir='ltr'><strong>(percepisset,</strong></span> <span class='ocrx_word' id='word_1_42' title='bbox 2267 890 2328 927; x_wconf 90' lang='lat' dir='ltr'><strong>ea</strong></span> 
     </span>
    </p>
   </div>
   <div class='ocr_carea' id='block_1_10' title="bbox 758 962 2330 1032">
    <p class='ocr_par' dir='ltr' id='par_1_10' title="bbox 758 962 2330 1032">
     <span class='ocr_line' id='line_1_10' title="bbox 758 962 2330 1032; baseline 0.003 -19"><span class='ocrx_word' id='word_1_43' title='bbox 758 962 984 1014; x_wconf 79' lang='lat' dir='ltr'><strong>ﬁrmiter</strong></span> <span class='ocrx_word' id='word_1_44' title='bbox 1025 966 1281 1015; x_wconf 90' lang='lat' dir='ltr'><strong>memoria</strong></span> <span class='ocrx_word' id='word_1_45' title='bbox 1331 964 1616 1016; x_wconf 92' lang='lat' dir='ltr'><strong>retinebat.</strong></span> <span class='ocrx_word' id='word_1_46' title='bbox 1650 962 1937 1028; x_wconf 83' lang='lat' dir='ltr'><strong>Quomodo</strong></span> <span class='ocrx_word' id='word_1_47' title='bbox 1968 966 2209 1017; x_wconf 80' lang='lat' dir='ltr'><strong>videmus</strong></span> <span class='ocrx_word' id='word_1_48' title='bbox 2240 965 2330 1032; x_wconf 87' lang='lat' dir='ltr'><strong>qui</strong></span> 
     </span>
    </p>
   </div>
   <div class='ocr_carea' id='block_1_11' title="bbox 755 1054 2330 1122">
    <p class='ocr_par' dir='ltr' id='par_1_11' title="bbox 755 1054 2330 1122">
     <span class='ocr_line' id='line_1_11' title="bbox 755 1054 2330 1122; baseline 0.001 -17"><span class='ocrx_word' id='word_1_49' title='bbox 755 1054 899 1106; x_wconf 88' lang='lat' dir='ltr'><strong>bono</strong></span> <span class='ocrx_word' id='word_1_50' title='bbox 921 1064 1047 1105; x_wconf 92' lang='lat' dir='ltr'><strong>sunt</strong></span> <span class='ocrx_word' id='word_1_51' title='bbox 1091 1055 1309 1121; x_wconf 66' lang='lat' dir='ltr'><strong>ingenio</strong></span> <span class='ocrx_word' id='word_1_52' title='bbox 1342 1056 1573 1122; x_wconf 89' lang='lat' dir='ltr'><strong>praediti,</strong></span> <span class='ocrx_word' id='word_1_53' title='bbox 1607 1056 1714 1111; x_wconf 88' lang='lat' dir='ltr'><strong>cito</strong></span> <span class='ocrx_word' id='word_1_54' title='bbox 1743 1070 1838 1110; x_wconf 88' lang='lat' dir='ltr'><strong>eos</strong></span> <span class='ocrx_word' id='word_1_55' title='bbox 1870 1058 2142 1109; x_wconf 69' lang='lat' dir='ltr'><strong>&quot;tentoria:</strong></span> <span class='ocrx_word' id='word_1_56' title='bbox 2177 1072 2330 1108; x_wconf 87' lang='lat' dir='ltr'><strong>tuan-</strong></span> 
     </span>
    </p>
   </div>
   <div class='ocr_carea' id='block_1_12' title="bbox 754 1144 2329 1217">
    <p class='ocr_par' dir='ltr' id='par_1_12' title="bbox 754 1144 2329 1217">
     <span class='ocr_line' id='line_1_12' title="bbox 754 1144 2329 1217; baseline 0.002 -21"><span class='ocrx_word' id='word_1_57' title='bbox 754 1144 1024 1211; x_wconf 78' lang='lat' dir='ltr'><strong>darezqui</strong></span> <span class='ocrx_word' id='word_1_58' title='bbox 1066 1153 1243 1197; x_wconf 87' lang='lat' dir='ltr'><strong>autem</strong></span> <span class='ocrx_word' id='word_1_59' title='bbox 1282 1147 1493 1199; x_wconf 88' lang='lat' dir='ltr'><strong>nonnisi</strong></span> <span class='ocrx_word' id='word_1_60' title='bbox 1519 1161 1640 1199; x_wconf 92' lang='lat' dir='ltr'><strong>cum</strong></span> <span class='ocrx_word' id='word_1_61' title='bbox 1669 1162 1863 1217; x_wconf 73' lang='lat' dir='ltr'><strong>magno</strong></span> <span class='ocrx_word' id='word_1_62' title='bbox 1888 1148 2071 1199; x_wconf 87' lang='lat' dir='ltr'><strong>labore</strong></span> <span class='ocrx_word' id='word_1_63' title='bbox 2094 1147 2329 1213; x_wconf 88' lang='lat' dir='ltr'><strong>discunt,</strong></span> 
     </span>
    </p>
   </div>
   <div class='ocr_carea' id='block_1_13' title="bbox 752 1236 2329 1305">
    <p class='ocr_par' dir='ltr' id='par_1_13' title="bbox 752 1236 2329 1305">
     <span class='ocr_line' id='line_1_13' title="bbox 752 1236 2329 1305; baseline 0.001 -15"><span class='ocrx_word' id='word_1_64' title='bbox 752 1250 847 1290; x_wconf 89' lang='lat' dir='ltr'><strong>eos</strong></span> <span class='ocrx_word' id='word_1_65' title='bbox 875 1236 1185 1289; x_wconf 85' lang='lat' dir='ltr'><strong>memoriter</strong></span> <span class='ocrx_word' id='word_1_66' title='bbox 1215 1250 1332 1303; x_wconf 72' lang='lat' dir='ltr'><strong>qua:</strong></span> <span class='ocrx_word' id='word_1_67' title='bbox 1355 1237 1833 1302; x_wconf 87' lang='lat' dir='ltr'><strong>apprehenderunt</strong></span> <span class='ocrx_word' id='word_1_68' title='bbox 1862 1247 2069 1298; x_wconf 91' lang='lat' dir='ltr'><strong>tenere,</strong></span> <span class='ocrx_word' id='word_1_69' title='bbox 2096 1252 2160 1290; x_wconf 91' lang='lat' dir='ltr'><strong>eo</strong></span> <span class='ocrx_word' id='word_1_70' title='bbox 2186 1240 2329 1305; x_wconf 91' lang='lat' dir='ltr'><strong>quod</strong></span> 
     </span>
    </p>
   </div>
   <div class='ocr_carea' id='block_1_14' title="bbox 752 1326 2329 1396">
    <p class='ocr_par' dir='ltr' id='par_1_14' title="bbox 752 1326 2329 1396">
     <span class='ocr_line' id='line_1_14' title="bbox 752 1326 2329 1396; baseline 0.001 -17"><span class='ocrx_word' id='word_1_71' title='bbox 752 1326 959 1396; x_wconf 80' lang='lat' dir='ltr'><strong>singula</strong></span> <span class='ocrx_word' id='word_1_72' title='bbox 1014 1343 1135 1395; x_wconf 65' lang='lat' dir='ltr'><strong>quae</strong></span> <span class='ocrx_word' id='word_1_73' title='bbox 1184 1329 1525 1389; x_wconf 88' lang='lat' dir='ltr'><strong>didicerunt,</strong></span> <span class='ocrx_word' id='word_1_74' title='bbox 1586 1328 1741 1395; x_wconf 89' lang='lat' dir='ltr'><strong>quasi</strong></span> <span class='ocrx_word' id='word_1_75' title='bbox 1793 1329 2089 1381; x_wconf 88' lang='lat' dir='ltr'><strong>inuruntur</strong></span> <span class='ocrx_word' id='word_1_76' title='bbox 2139 1343 2329 1381; x_wconf 85' lang='lat' dir='ltr'><strong>eorum</strong></span> 
     </span>
    </p>
   </div>
   <div class='ocr_carea' id='block_1_15' title="bbox 750 1420 965 1472">
    <p class='ocr_par' dir='ltr' id='par_1_15' title="bbox 750 1420 965 1472">
     <span class='ocr_line' id='line_1_15' title="bbox 750 1420 965 1472; baseline 0.005 -2"><span class='ocrx_word' id='word_1_77' title='bbox 750 1420 965 1472; x_wconf 87' lang='lat' dir='ltr'><strong>animis.</strong></span> 
     </span>
    </p>
   </div>
   <div class='ocr_carea' id='block_1_16' title="bbox 1320 1510 1761 1563">
    <p class='ocr_par' dir='ltr' id='par_1_16' title="bbox 1320 1510 1761 1563">
     <span class='ocr_line' id='line_1_16' title="bbox 1320 1510 1761 1563; baseline 0.002 -1"><span class='ocrx_word' id='word_1_78' title='bbox 1320 1510 1402 1562; x_wconf 72' lang='lat' dir='ltr'><strong>Ex</strong></span> <span class='ocrx_word' id='word_1_79' title='bbox 1437 1511 1761 1563; x_wconf 69' lang='lat' dir='ltr'><strong>Alexandro.</strong></span> 
     </span>
    </p>
   </div>
   <div class='ocr_carea' id='block_1_17' title="bbox 820 1601 2327 1671">
    <p class='ocr_par' dir='ltr' id='par_1_17' title="bbox 820 1601 2327 1671">
     <span class='ocr_line' id='line_1_17' title="bbox 820 1601 2327 1671; baseline 0.002 -18"><span class='ocrx_word' id='word_1_80' title='bbox 820 1601 1012 1654; x_wconf 77' lang='lat' dir='ltr'><strong>Allium</strong></span> <span class='ocrx_word' id='word_1_81' title='bbox 1061 1604 1135 1655; x_wconf 86' lang='lat' dir='ltr'><strong>ait</strong></span> <span class='ocrx_word' id='word_1_82' title='bbox 1185 1603 1550 1655; x_wconf 80' lang='lat' dir='ltr'><strong>Alexandrum</strong></span> <span class='ocrx_word' id='word_1_83' title='bbox 1604 1604 1803 1666; x_wconf 81' lang='lat' dir='ltr'><strong>fuisse,</strong></span> <span class='ocrx_word' id='word_1_84' title='bbox 1856 1604 2218 1671; x_wconf 88' lang='lat' dir='ltr'><strong>ruboremque</strong></span> <span class='ocrx_word' id='word_1_85' title='bbox 2276 1606 2327 1657; x_wconf 91' lang='lat' dir='ltr'><strong>in</strong></span> 
     </span>
    </p>
   </div>
   <div class='ocr_carea' id='block_1_18' title="bbox 751 1693 2332 1759">
    <p class='ocr_par' dir='ltr' id='par_1_18' title="bbox 751 1693 2332 1759">
     <span class='ocr_line' id='line_1_18' title="bbox 751 1693 2332 1759; baseline 0.003 -16"><span class='ocrx_word' id='word_1_86' title='bbox 751 1702 969 1759; x_wconf 88' lang='lat' dir='ltr'><strong>pectore</strong></span> <span class='ocrx_word' id='word_1_87' title='bbox 1014 1696 1313 1759; x_wconf 64' lang='lat' dir='ltr'><strong>praesertim</strong></span> <span class='ocrx_word' id='word_1_88' title='bbox 1362 1704 1413 1744; x_wconf 89' lang='lat' dir='ltr'><strong>et</strong></span> <span class='ocrx_word' id='word_1_89' title='bbox 1450 1694 1584 1746; x_wconf 81' lang='lat' dir='ltr'><strong>facie</strong></span> <span class='ocrx_word' id='word_1_90' title='bbox 1630 1693 1863 1745; x_wconf 90' lang='lat' dir='ltr'><strong>alhedini</strong></span> <span class='ocrx_word' id='word_1_91' title='bbox 1904 1694 2193 1745; x_wconf 88' lang='lat' dir='ltr'><strong>admistum</strong></span> <span class='ocrx_word' id='word_1_92' title='bbox 2240 1696 2332 1747; x_wconf 87' lang='lat' dir='ltr'><strong>ha-</strong></span> 
     </span>
    </p>
   </div>
   <div class='ocr_carea' id='block_1_19' title="bbox 751 1780 2329 1849">
    <p class='ocr_par' dir='ltr' id='par_1_19' title="bbox 751 1780 2329 1849">
     <span class='ocr_line' id='line_1_19' title="bbox 751 1780 2329 1849; baseline 0.002 -18"><span class='ocrx_word' id='word_1_93' title='bbox 751 1781 949 1832; x_wconf 85' lang='lat' dir='ltr'><strong>buisse.</strong></span> <span class='ocrx_word' id='word_1_94' title='bbox 981 1780 1371 1832; x_wconf 86' lang='lat' dir='ltr'><strong>Snavissimum</strong></span> <span class='ocrx_word' id='word_1_95' title='bbox 1402 1782 1623 1834; x_wconf 83' lang='lat' dir='ltr'><strong>odorem</strong></span> <span class='ocrx_word' id='word_1_96' title='bbox 1656 1783 1721 1833; x_wconf 88' lang='lat' dir='ltr'><strong>ab</strong></span> <span class='ocrx_word' id='word_1_97' title='bbox 1745 1796 1837 1834; x_wconf 91' lang='lat' dir='ltr'><strong>ore</strong></span> <span class='ocrx_word' id='word_1_98' title='bbox 1861 1792 1916 1833; x_wconf 89' lang='lat' dir='ltr'><strong>et</strong></span> <span class='ocrx_word' id='word_1_99' title='bbox 1940 1784 2186 1835; x_wconf 86' lang='lat' dir='ltr'><strong>universa</strong></span> <span class='ocrx_word' id='word_1_100' title='bbox 2215 1784 2329 1849; x_wconf 84' lang='lat' dir='ltr'><strong>ejus</strong></span> 
     </span>
    </p>
   </div>
   <div class='ocr_carea' id='block_1_20' title="bbox 748 1873 2324 1942">
    <p class='ocr_par' dir='ltr' id='par_1_20' title="bbox 748 1873 2324 1942">
     <span class='ocr_line' id='line_1_20' title="bbox 748 1873 2324 1942; baseline 0.003 -18"><span class='ocrx_word' id='word_1_101' title='bbox 748 1886 910 1925; x_wconf 81' lang='lat' dir='ltr'><strong>carne</strong></span> <span class='ocrx_word' id='word_1_102' title='bbox 944 1873 1243 1935; x_wconf 74' lang='lat' dir='ltr'><strong>exhalasse,</strong></span> <span class='ocrx_word' id='word_1_103' title='bbox 1276 1875 1345 1925; x_wconf 88' lang='lat' dir='ltr'><strong>ita</strong></span> <span class='ocrx_word' id='word_1_104' title='bbox 1383 1884 1438 1924; x_wconf 90' lang='lat' dir='ltr'><strong>ut</strong></span> <span class='ocrx_word' id='word_1_105' title='bbox 1465 1882 1517 1925; x_wconf 91' lang='lat' dir='ltr'><strong>et</strong></span> <span class='ocrx_word' id='word_1_106' title='bbox 1542 1875 1733 1926; x_wconf 69' lang='lat' dir='ltr'><strong>tunica:</strong></span> <span class='ocrx_word' id='word_1_107' title='bbox 1776 1874 2072 1941; x_wconf 76' lang='lat' dir='ltr'><strong>fragrantia</strong></span> <span class='ocrx_word' id='word_1_108' title='bbox 2107 1876 2324 1942; x_wconf 68' lang='lat' dir='ltr'><strong>repleta:</strong></span> 
     </span>
    </p>
   </div>
   <div class='ocr_carea' id='block_1_21' title="bbox 747 1964 2327 2025">
    <p class='ocr_par' dir='ltr' id='par_1_21' title="bbox 747 1964 2327 2025">
     <span class='ocr_line' id='line_1_21' title="bbox 747 1964 2327 2025; baseline 0.004 -10"><span class='ocrx_word' id='word_1_109' title='bbox 747 1966 872 2017; x_wconf 88' lang='lat' dir='ltr'><strong>inde</strong></span> <span class='ocrx_word' id='word_1_110' title='bbox 903 1967 1010 2018; x_wconf 91' lang='lat' dir='ltr'><strong>sint</strong></span> <span class='ocrx_word' id='word_1_111' title='bbox 1036 2005 1048 2025; x_wconf 97' lang='lat'><strong>,</strong></span> <span class='ocrx_word' id='word_1_112' title='bbox 1083 1976 1139 2015; x_wconf 91' lang='lat' dir='ltr'><strong>ut</strong></span> <span class='ocrx_word' id='word_1_113' title='bbox 1171 1964 1320 2017; x_wconf 87' lang='lat' dir='ltr'><strong>nmlti</strong></span> <span class='ocrx_word' id='word_1_114' title='bbox 1360 1966 1718 2019; x_wconf 88' lang='lat' dir='ltr'><strong>tradiderunt.</strong></span> <span class='ocrx_word' id='word_1_115' title='bbox 1755 1967 1927 2019; x_wconf 85' lang='lat' dir='ltr'><strong>Causa</strong></span> <span class='ocrx_word' id='word_1_116' title='bbox 1964 1967 2192 2020; x_wconf 82' lang='lat' dir='ltr'><strong>fortasse</strong></span> <span class='ocrx_word' id='word_1_117' title='bbox 2228 1968 2327 2021; x_wconf 81' lang='lat' dir='ltr'><strong>fuit</strong></span> 
     </span>
    </p>
   </div>
   <div class='ocr_carea' id='block_1_22' title="bbox 746 2056 2327 2123">
    <p class='ocr_par' dir='ltr' id='par_1_22' title="bbox 746 2056 2327 2123">
     <span class='ocr_line' id='line_1_22' title="bbox 746 2056 2327 2123; baseline 0 -15"><span class='ocrx_word' id='word_1_118' title='bbox 746 2056 977 2108; x_wconf 83' lang='lat' dir='ltr'><strong>calidum</strong></span> <span class='ocrx_word' id='word_1_119' title='bbox 1003 2066 1057 2108; x_wconf 89' lang='lat' dir='ltr'><strong>et</strong></span> <span class='ocrx_word' id='word_1_120' title='bbox 1083 2057 1293 2123; x_wconf 84' lang='lat' dir='ltr'><strong>igneum</strong></span> <span class='ocrx_word' id='word_1_121' title='bbox 1326 2058 1575 2122; x_wconf 85' lang='lat' dir='ltr'><strong>corporis</strong></span> <span class='ocrx_word' id='word_1_122' title='bbox 1602 2067 2112 2123; x_wconf 90' lang='lat' dir='ltr'><strong>temperamentum.</strong></span> <span class='ocrx_word' id='word_1_123' title='bbox 2150 2056 2327 2109; x_wconf 91' lang='lat' dir='ltr'><strong>Bonus</strong></span> 
     </span>
    </p>
   </div>
   <div class='ocr_carea' id='block_1_23' title="bbox 746 2146 2324 2215">
    <p class='ocr_par' dir='ltr' id='par_1_23' title="bbox 746 2146 2324 2215">
     <span class='ocr_line' id='line_1_23' title="bbox 746 2146 2324 2215; baseline 0 -16"><span class='ocrx_word' id='word_1_124' title='bbox 746 2151 889 2201; x_wconf 85' lang='lat' dir='ltr'><strong>enim</strong></span> <span class='ocrx_word' id='word_1_125' title='bbox 922 2152 1075 2211; x_wconf 87' lang='lat' dir='ltr'><strong>odor,</strong></span> <span class='ocrx_word' id='word_1_126' title='bbox 1120 2146 1500 2215; x_wconf 78' lang='lat' dir='ltr'><strong>Theophrasto</strong></span> <span class='ocrx_word' id='word_1_127' title='bbox 1532 2148 1575 2199; x_wconf 92' lang='lat' dir='ltr'><strong>si</strong></span> <span class='ocrx_word' id='word_1_128' title='bbox 1610 2147 1909 2211; x_wconf 89' lang='lat' dir='ltr'><strong>credimus,</strong></span> <span class='ocrx_word' id='word_1_129' title='bbox 1957 2148 2170 2200; x_wconf 77' lang='lat' dir='ltr'><strong>exsistit</strong></span> <span class='ocrx_word' id='word_1_130' title='bbox 2203 2162 2324 2199; x_wconf 91' lang='lat' dir='ltr'><strong>cum</strong></span> 
     </span>
    </p>
   </div>
   <div class='ocr_carea' id='block_1_24' title="bbox 748 2240 2325 2308">
    <p class='ocr_par' dir='ltr' id='par_1_24' title="bbox 748 2240 2325 2308">
     <span class='ocr_line' id='line_1_24' title="bbox 748 2240 2325 2308; baseline -0.001 -16"><span class='ocrx_word' id='word_1_131' title='bbox 748 2244 999 2293; x_wconf 87' lang='lat' dir='ltr'><strong>humores</strong></span> <span class='ocrx_word' id='word_1_132' title='bbox 1027 2257 1057 2293; x_wconf 89' lang='lat' dir='ltr'><strong>a</strong></span> <span class='ocrx_word' id='word_1_133' title='bbox 1088 2241 1268 2294; x_wconf 89' lang='lat' dir='ltr'><strong>calore</strong></span> <span class='ocrx_word' id='word_1_134' title='bbox 1301 2249 1612 2307; x_wconf 90' lang='lat' dir='ltr'><strong>coquuntur</strong></span> <span class='ocrx_word' id='word_1_135' title='bbox 1641 2253 1653 2289; x_wconf 88' lang='lat'><strong>:</strong></span> <span class='ocrx_word' id='word_1_136' title='bbox 1705 2240 1890 2308; x_wconf 85' lang='lat' dir='ltr'><strong>itaque</strong></span> <span class='ocrx_word' id='word_1_137' title='bbox 1928 2243 2086 2293; x_wconf 75' lang='lat' dir='ltr'><strong>sicca:</strong></span> <span class='ocrx_word' id='word_1_138' title='bbox 2130 2250 2183 2292; x_wconf 90' lang='lat' dir='ltr'><strong>et</strong></span> <span class='ocrx_word' id='word_1_139' title='bbox 2213 2248 2325 2293; x_wconf 84' lang='lat' dir='ltr'><strong>tor-</strong></span> 
     </span>
    </p>
   </div>
   <div class='ocr_carea' id='block_1_25' title="bbox 749 2329 2329 2400">
    <p class='ocr_par' dir='ltr' id='par_1_25' title="bbox 749 2329 2329 2400">
     <span class='ocr_line' id='line_1_25' title="bbox 749 2329 2329 2400; baseline -0.001 -17"><span class='ocrx_word' id='word_1_140' title='bbox 749 2337 876 2385; x_wconf 75' lang='lat' dir='ltr'><strong>rtdze</strong></span> <span class='ocrx_word' id='word_1_141' title='bbox 919 2334 1067 2385; x_wconf 88' lang='lat' dir='ltr'><strong>orbis</strong></span> <span class='ocrx_word' id='word_1_142' title='bbox 1110 2344 1376 2385; x_wconf 89' lang='lat' dir='ltr'><strong>terrarum</strong></span> <span class='ocrx_word' id='word_1_143' title='bbox 1422 2342 1603 2399; x_wconf 85' lang='lat' dir='ltr'><strong>partes</strong></span> <span class='ocrx_word' id='word_1_144' title='bbox 1649 2329 1880 2399; x_wconf 91' lang='lat' dir='ltr'><strong>plurima</strong></span> <span class='ocrx_word' id='word_1_145' title='bbox 1925 2344 1977 2383; x_wconf 91' lang='lat' dir='ltr'><strong>et</strong></span> <span class='ocrx_word' id='word_1_146' title='bbox 2021 2332 2222 2398; x_wconf 87' lang='lat' dir='ltr'><strong>optima</strong></span> <span class='ocrx_word' id='word_1_147' title='bbox 2252 2332 2329 2400; x_wconf 68' lang='grc' dir='ltr'><strong>εἰσ</strong></span> 
     </span>
    </p>
   </div>
   <div class='ocr_carea' id='block_1_26' title="bbox 746 2423 2330 2491">
    <p class='ocr_par' dir='ltr' id='par_1_26' title="bbox 746 2423 2330 2491">
     <span class='ocr_line' id='line_1_26' title="bbox 746 2423 2330 2491; baseline 0.002 -18"><span class='ocrx_word' id='word_1_148' title='bbox 746 2433 916 2491; x_wconf 80' lang='lat' dir='ltr'><strong>guunt</strong></span> <span class='ocrx_word' id='word_1_149' title='bbox 947 2434 1187 2475; x_wconf 88' lang='lat' dir='ltr'><strong>aromata</strong></span> <span class='ocrx_word' id='word_1_150' title='bbox 1215 2464 1229 2485; x_wconf 93' lang='lat'><strong>,</strong></span> <span class='ocrx_word' id='word_1_151' title='bbox 1265 2424 1406 2489; x_wconf 90' lang='lat' dir='ltr'><strong>quod</strong></span> <span class='ocrx_word' id='word_1_152' title='bbox 1442 2423 1519 2475; x_wconf 89' lang='lat' dir='ltr'><strong>sol</strong></span> <span class='ocrx_word' id='word_1_153' title='bbox 1548 2424 1857 2484; x_wconf 87' lang='lat' dir='ltr'><strong>humorem,</strong></span> <span class='ocrx_word' id='word_1_154' title='bbox 1890 2423 1978 2487; x_wconf 91' lang='lat' dir='ltr'><strong>qui</strong></span> <span class='ocrx_word' id='word_1_155' title='bbox 2014 2423 2063 2475; x_wconf 91' lang='lat' dir='ltr'><strong>in</strong></span> <span class='ocrx_word' id='word_1_156' title='bbox 2101 2424 2330 2476; x_wconf 87' lang='lat' dir='ltr'><strong>summis</strong></span> 
     </span>
    </p>
   </div>
   <div class='ocr_carea' id='block_1_27' title="bbox 750 2513 2328 2580">
    <p class='ocr_par' dir='ltr' id='par_1_27' title="bbox 750 2513 2328 2580">
     <span class='ocr_line' id='line_1_27' title="bbox 750 2513 2328 2580; baseline 0.001 -16"><span class='ocrx_word' id='word_1_157' title='bbox 750 2515 1067 2580; x_wconf 83' lang='lat' dir='ltr'><strong>Corporibus</strong></span> <span class='ocrx_word' id='word_1_158' title='bbox 1092 2513 1251 2565; x_wconf 91' lang='lat' dir='ltr'><strong>veluti</strong></span> <span class='ocrx_word' id='word_1_159' title='bbox 1275 2514 1498 2565; x_wconf 84' lang='lat' dir='ltr'><strong>materia</strong></span> <span class='ocrx_word' id='word_1_160' title='bbox 1526 2513 1826 2578; x_wconf 82' lang='lat' dir='ltr'><strong>putrediuis</strong></span> <span class='ocrx_word' id='word_1_161' title='bbox 1860 2514 2089 2572; x_wconf 83' lang='lat' dir='ltr'><strong>innatat,</strong></span> <span class='ocrx_word' id='word_1_162' title='bbox 2113 2514 2328 2565; x_wconf 88' lang='lat' dir='ltr'><strong>attollit.</strong></span> 
     </span>
    </p>
   </div>
   <div class='ocr_carea' id='block_1_28' title="bbox 754 2602 2328 2656">
    <p class='ocr_par' dir='ltr' id='par_1_28' title="bbox 754 2602 2328 2656">
     <span class='ocr_line' id='line_1_28' title="bbox 754 2602 2328 2656; baseline 0.002 -2"><span class='ocrx_word' id='word_1_163' title='bbox 754 2603 817 2654; x_wconf 87' lang='lat' dir='ltr'><strong>Et</strong></span> <span class='ocrx_word' id='word_1_164' title='bbox 847 2614 1267 2656; x_wconf 87' lang='lat' dir='ltr'><strong>consentaneum</strong></span> <span class='ocrx_word' id='word_1_165' title='bbox 1307 2612 1389 2655; x_wconf 92' lang='lat' dir='ltr'><strong>est</strong></span> <span class='ocrx_word' id='word_1_166' title='bbox 1435 2604 1801 2655; x_wconf 82' lang='lat' dir='ltr'><strong>Alexandrum</strong></span> <span class='ocrx_word' id='word_1_167' title='bbox 1836 2604 1905 2655; x_wconf 88' lang='lat' dir='ltr'><strong>ob</strong></span> <span class='ocrx_word' id='word_1_168' title='bbox 1938 2602 2171 2655; x_wconf 87' lang='lat' dir='ltr'><strong>calorem</strong></span> <span class='ocrx_word' id='word_1_169' title='bbox 2204 2618 2328 2656; x_wconf 86' lang='lat' dir='ltr'><strong>cor-</strong></span> 
     </span>
    </p>
   </div>
   <div class='ocr_carea' id='block_1_29' title="bbox 748 2693 1837 2763">
    <p class='ocr_par' dir='ltr' id='par_1_29' title="bbox 748 2693 1837 2763">
     <span class='ocr_line' id='line_1_29' title="bbox 748 2693 1837 2763; baseline -0.004 -14"><span class='ocrx_word' id='word_1_170' title='bbox 748 2696 893 2763; x_wconf 84' lang='lat' dir='ltr'><strong>poris</strong></span> <span class='ocrx_word' id='word_1_171' title='bbox 920 2695 1161 2747; x_wconf 87' lang='lat' dir='ltr'><strong>bibacem</strong></span> <span class='ocrx_word' id='word_1_172' title='bbox 1199 2697 1623 2761; x_wconf 87' lang='lat' dir='ltr'><strong>iracuudumque</strong></span> <span class='ocrx_word' id='word_1_173' title='bbox 1653 2693 1837 2747; x_wconf 80' lang='lat' dir='ltr'><strong>fuisse.</strong></span> 
     </span>
    </p>
   </div>
   <div class='ocr_carea' id='block_1_30' title="bbox 816 2867 2330 2935">
    <p class='ocr_par' dir='ltr' id='par_1_30' title="bbox 816 2867 2330 2935">
     <span class='ocr_line' id='line_1_30' title="bbox 816 2867 2330 2935; baseline 0.003 -15"><span class='ocrx_word' id='word_1_174' title='bbox 816 2867 950 2921; x_wconf 87' lang='lat' dir='ltr'><strong>Cum</strong></span> <span class='ocrx_word' id='word_1_175' title='bbox 990 2867 1355 2933; x_wconf 84' lang='lat' dir='ltr'><strong>Bucephalam</strong></span> <span class='ocrx_word' id='word_1_176' title='bbox 1392 2868 1648 2920; x_wconf 80' lang='lat' dir='ltr'><strong>tredecim</strong></span> <span class='ocrx_word' id='word_1_177' title='bbox 1696 2868 1913 2923; x_wconf 80' lang='lat' dir='ltr'><strong>talentis</strong></span> <span class='ocrx_word' id='word_1_178' title='bbox 1948 2872 2213 2935; x_wconf 86' lang='lat' dir='ltr'><strong>venalem,</strong></span> <span class='ocrx_word' id='word_1_179' title='bbox 2242 2874 2330 2925; x_wconf 90' lang='lat' dir='ltr'><strong>ad-</strong></span> 
     </span>
    </p>
   </div>
   <div class='ocr_carea' id='block_1_31' title="bbox 747 2958 2326 3029">
    <p class='ocr_par' dir='ltr' id='par_1_31' title="bbox 747 2958 2326 3029">
     <span class='ocr_line' id='line_1_31' title="bbox 747 2958 2326 3029; baseline 0.002 -18"><span class='ocrx_word' id='word_1_180' title='bbox 747 2961 961 3013; x_wconf 75' lang='lat' dir='ltr'><strong>ductum</strong></span> <span class='ocrx_word' id='word_1_181' title='bbox 1000 2975 1027 3010; x_wconf 88' lang='lat' dir='ltr'><strong>a</strong></span> <span class='ocrx_word' id='word_1_182' title='bbox 1063 2960 1336 3012; x_wconf 80' lang='lat' dir='ltr'><strong>Philouico</strong></span> <span class='ocrx_word' id='word_1_183' title='bbox 1384 2958 1645 3013; x_wconf 85' lang='lat' dir='ltr'><strong>Thessalo</strong></span> <span class='ocrx_word' id='word_1_184' title='bbox 1685 2958 1967 3029; x_wconf 87' lang='lat' dir='ltr'><strong>Philippus</strong></span> <span class='ocrx_word' id='word_1_185' title='bbox 2011 2962 2326 3025; x_wconf 84' lang='lat' dir='ltr'><strong>dimitteret,</strong></span> 
     </span>
    </p>
   </div>
   <div class='ocr_carea' id='block_1_32' title="bbox 746 3052 2328 3120">
    <p class='ocr_par' dir='ltr' id='par_1_32' title="bbox 746 3052 2328 3120">
     <span class='ocr_line' id='line_1_32' title="bbox 746 3052 2328 3120; baseline 0.004 -19"><span class='ocrx_word' id='word_1_186' title='bbox 746 3055 886 3120; x_wconf 86' lang='lat' dir='ltr'><strong>quod</strong></span> <span class='ocrx_word' id='word_1_187' title='bbox 915 3068 1087 3119; x_wconf 91' lang='lat' dir='ltr'><strong>neque</strong></span> <span class='ocrx_word' id='word_1_188' title='bbox 1118 3066 1387 3103; x_wconf 79' lang='lat' dir='ltr'><strong>sessorem</strong></span> <span class='ocrx_word' id='word_1_189' title='bbox 1413 3052 1748 3115; x_wconf 87' lang='lat' dir='ltr'><strong>admitteret,</strong></span> <span class='ocrx_word' id='word_1_190' title='bbox 1769 3067 1941 3119; x_wconf 87' lang='lat' dir='ltr'><strong>neque</strong></span> <span class='ocrx_word' id='word_1_191' title='bbox 1961 3068 2145 3105; x_wconf 88' lang='lat' dir='ltr'><strong>vocem</strong></span> <span class='ocrx_word' id='word_1_192' title='bbox 2171 3055 2328 3108; x_wconf 92' lang='lat' dir='ltr'><strong>ullius</strong></span> 
     </span>
    </p>
   </div>
   <div class='ocr_carea' id='block_1_33' title="bbox 748 3141 2327 3211">
    <p class='ocr_par' dir='ltr' id='par_1_33' title="bbox 748 3141 2327 3211">
     <span class='ocr_line' id='line_1_33' title="bbox 748 3141 2327 3211; baseline 0.002 -17"><span class='ocrx_word' id='word_1_193' title='bbox 748 3158 934 3194; x_wconf 90' lang='lat' dir='ltr'><strong>eorum</strong></span> <span class='ocrx_word' id='word_1_194' title='bbox 965 3143 1053 3206; x_wconf 88' lang='lat' dir='ltr'><strong>qui</strong></span> <span class='ocrx_word' id='word_1_195' title='bbox 1096 3157 1217 3194; x_wconf 93' lang='lat' dir='ltr'><strong>cum</strong></span> <span class='ocrx_word' id='word_1_196' title='bbox 1255 3141 1505 3209; x_wconf 83' lang='lat' dir='ltr'><strong>Philippo</strong></span> <span class='ocrx_word' id='word_1_197' title='bbox 1541 3152 1698 3194; x_wconf 89' lang='lat' dir='ltr'><strong>erant</strong></span> <span class='ocrx_word' id='word_1_198' title='bbox 1726 3142 2089 3207; x_wconf 77' lang='lat' dir='ltr'><strong>auscultaret,‘</strong></span> <span class='ocrx_word' id='word_1_199' title='bbox 2111 3142 2160 3195; x_wconf 92' lang='lat' dir='ltr'><strong>id</strong></span> <span class='ocrx_word' id='word_1_200' title='bbox 2186 3160 2327 3211; x_wconf 70' lang='lat' dir='ltr'><strong>aegre</strong></span> 
     </span>
    </p>
   </div>
   <div class='ocr_carea' id='block_1_34' title="bbox 748 3234 2322 3303">
    <p class='ocr_par' dir='ltr' id='par_1_34' title="bbox 748 3234 2322 3303">
     <span class='ocr_line' id='line_1_34' title="bbox 748 3234 2322 3303; baseline -0.001 -17"><span class='ocrx_word' id='word_1_201' title='bbox 748 3235 927 3287; x_wconf 80' lang='lat' dir='ltr'><strong>ferens</strong></span> <span class='ocrx_word' id='word_1_202' title='bbox 951 3234 1273 3295; x_wconf 78' lang='lat' dir='ltr'><strong>Alexander,</strong></span> <span class='ocrx_word' id='word_1_203' title='bbox 1302 3236 1452 3300; x_wconf 89' lang='lat' dir='ltr'><strong>petiit</strong></span> <span class='ocrx_word' id='word_1_204' title='bbox 1474 3249 1502 3284; x_wconf 92' lang='lat' dir='ltr'><strong>a</strong></span> <span class='ocrx_word' id='word_1_205' title='bbox 1531 3242 1681 3299; x_wconf 89' lang='lat' dir='ltr'><strong>patre</strong></span> <span class='ocrx_word' id='word_1_206' title='bbox 1708 3244 1764 3286; x_wconf 89' lang='lat' dir='ltr'><strong>ut</strong></span> <span class='ocrx_word' id='word_1_207' title='bbox 1800 3249 1999 3299; x_wconf 82' lang='lat' dir='ltr'><strong>eqmtni</strong></span> <span class='ocrx_word' id='word_1_208' title='bbox 2032 3238 2322 3303; x_wconf 80' lang='lat' dir='ltr'><strong>acciperet,</strong></span> 
     </span>
    </p>
   </div>
   <div class='ocr_carea' id='block_1_35' title="bbox 745 3322 2329 3395">
    <p class='ocr_par' dir='ltr' id='par_1_35' title="bbox 745 3322 2329 3395">
     <span class='ocr_line' id='line_1_35' title="bbox 745 3322 2329 3395; baseline 0.002 -19"><span class='ocrx_word' id='word_1_209' title='bbox 745 3335 799 3376; x_wconf 93' lang='lat' dir='ltr'><strong>et</strong></span> <span class='ocrx_word' id='word_1_210' title='bbox 825 3324 1095 3390; x_wconf 89' lang='lat' dir='ltr'><strong>accipiens</strong></span> <span class='ocrx_word' id='word_1_211' title='bbox 1129 3322 1195 3375; x_wconf 86' lang='lat' dir='ltr'><strong>ab</strong></span> <span class='ocrx_word' id='word_1_212' title='bbox 1221 3326 1473 3376; x_wconf 89' lang='lat' dir='ltr'><strong>omnibus</strong></span> <span class='ocrx_word' id='word_1_213' title='bbox 1502 3338 1597 3390; x_wconf 88' lang='lat' dir='ltr'><strong>pro</strong></span> <span class='ocrx_word' id='word_1_214' title='bbox 1624 3322 1792 3377; x_wconf 68' lang='lat' dir='ltr'><strong>ell‘ero</strong></span> <span class='ocrx_word' id='word_1_215' title='bbox 1825 3336 1879 3377; x_wconf 88' lang='lat' dir='ltr'><strong>et</strong></span> <span class='ocrx_word' id='word_1_216' title='bbox 1909 3327 2329 3395; x_wconf 78' lang='lat' dir='ltr'><strong>indomitojudi-</strong></span> 
     </span>
    </p>
   </div>
   <div class='ocr_carea' id='block_1_36' title="bbox 746 3416 2327 3483">
    <p class='ocr_par' dir='ltr' id='par_1_36' title="bbox 746 3416 2327 3483">
     <span class='ocr_line' id='line_1_36' title="bbox 746 3416 2327 3483; baseline 0.003 -15"><span class='ocrx_word' id='word_1_217' title='bbox 746 3426 958 3479; x_wconf 87' lang='lat' dir='ltr'><strong>catum,</strong></span> <span class='ocrx_word' id='word_1_218' title='bbox 1009 3416 1163 3468; x_wconf 87' lang='lat' dir='ltr'><strong>lreno</strong></span> <span class='ocrx_word' id='word_1_219' title='bbox 1211 3426 1524 3483; x_wconf 81' lang='lat' dir='ltr'><strong>correptum</strong></span> <span class='ocrx_word' id='word_1_220' title='bbox 1577 3418 1837 3470; x_wconf 84' lang='lat' dir='ltr'><strong>adversus</strong></span> <span class='ocrx_word' id='word_1_221' title='bbox 1873 3417 2037 3469; x_wconf 87' lang='lat' dir='ltr'><strong>solem</strong></span> <span class='ocrx_word' id='word_1_222' title='bbox 2074 3418 2327 3483; x_wconf 83' lang='lat' dir='ltr'><strong>obvertit,</strong></span> 
     </span>
    </p>
   </div>
   <div class='ocr_carea' id='block_1_37' title="bbox 746 3506 2329 3575">
    <p class='ocr_par' dir='ltr' id='par_1_37' title="bbox 746 3506 2329 3575">
     <span class='ocr_line' id='line_1_37' title="bbox 746 3506 2329 3575; baseline -0.001 -14"><span class='ocrx_word' id='word_1_223' title='bbox 746 3509 999 3561; x_wconf 90' lang='lat' dir='ltr'><strong>nimirum</strong></span> <span class='ocrx_word' id='word_1_224' title='bbox 1024 3506 1461 3559; x_wconf 89' lang='lat' dir='ltr'><strong>auimadvertens</strong></span> <span class='ocrx_word' id='word_1_225' title='bbox 1493 3520 1693 3574; x_wconf 90' lang='lat' dir='ltr'><strong>equum</strong></span> <span class='ocrx_word' id='word_1_226' title='bbox 1725 3508 1954 3572; x_wconf 73' lang='lat' dir='ltr'><strong>umbrae,</strong></span> <span class='ocrx_word' id='word_1_227' title='bbox 1980 3523 2099 3575; x_wconf 64' lang='lat' dir='ltr'><strong>qua;</strong></span> <span class='ocrx_word' id='word_1_228' title='bbox 2128 3510 2329 3574; x_wconf 82' lang='lat' dir='ltr'><strong>agitata</strong></span> 
     </span>
    </p>
   </div>
   <div class='ocr_carea' id='block_1_38' title="bbox 746 3598 2328 3669">
    <p class='ocr_par' dir='ltr' id='par_1_38' title="bbox 746 3598 2328 3669">
     <span class='ocr_line' id='line_1_38' title="bbox 746 3598 2328 3669; baseline 0.001 -17"><span class='ocrx_word' id='word_1_229' title='bbox 746 3611 800 3652; x_wconf 90' lang='lat' dir='ltr'><strong>et</strong></span> <span class='ocrx_word' id='word_1_230' title='bbox 832 3609 1072 3651; x_wconf 90' lang='lat' dir='ltr'><strong>tremens</strong></span> <span class='ocrx_word' id='word_1_231' title='bbox 1093 3598 1140 3649; x_wconf 91' lang='lat' dir='ltr'><strong>ei</strong></span> <span class='ocrx_word' id='word_1_232' title='bbox 1174 3599 1637 3665; x_wconf 75' lang='lat' dir='ltr'><strong>approltinquaret</strong></span> <span class='ocrx_word' id='word_1_233' title='bbox 1680 3598 1836 3661; x_wconf 87' lang='lat' dir='ltr'><strong>alias,</strong></span> <span class='ocrx_word' id='word_1_234' title='bbox 1875 3610 2164 3668; x_wconf 89' lang='lat' dir='ltr'><strong>conspectu</strong></span> <span class='ocrx_word' id='word_1_235' title='bbox 2200 3616 2328 3669; x_wconf 91' lang='lat' dir='ltr'><strong>per-</strong></span> 
     </span>
    </p>
   </div>
   <div class='ocr_carea' id='block_1_39' title="bbox 747 3688 2330 3759">
    <p class='ocr_par' dir='ltr' id='par_1_39' title="bbox 747 3688 2330 3759">
     <span class='ocr_line' id='line_1_39' title="bbox 747 3688 2330 3759; baseline 0.003 -18"><span class='ocrx_word' id='word_1_236' title='bbox 747 3691 981 3753; x_wconf 77' lang='lat' dir='ltr'><strong>turltari;</strong></span> <span class='ocrx_word' id='word_1_237' title='bbox 1020 3688 1213 3741; x_wconf 90' lang='lat' dir='ltr'><strong>deinde</strong></span> <span class='ocrx_word' id='word_1_238' title='bbox 1249 3704 1371 3741; x_wconf 88' lang='lat' dir='ltr'><strong>eum</strong></span> <span class='ocrx_word' id='word_1_239' title='bbox 1406 3688 1680 3755; x_wconf 86' lang='lat' dir='ltr'><strong>paululum</strong></span> <span class='ocrx_word' id='word_1_240' title='bbox 1720 3689 2017 3757; x_wconf 86' lang='lat' dir='ltr'><strong>palpasset,</strong></span> <span class='ocrx_word' id='word_1_241' title='bbox 2058 3706 2330 3759; x_wconf 90' lang='lat' dir='ltr'><strong>manuque</strong></span> 
     </span>
    </p>
   </div>
   <div class='ocr_carea' id='block_1_40' title="bbox 747 3779 2325 3850">
    <p class='ocr_par' dir='ltr' id='par_1_40' title="bbox 747 3779 2325 3850">
     <span class='ocr_line' id='line_1_40' title="bbox 747 3779 2325 3850; baseline 0.003 -19"><span class='ocrx_word' id='word_1_242' title='bbox 747 3781 935 3833; x_wconf 90' lang='lat' dir='ltr'><strong>leviter</strong></span> <span class='ocrx_word' id='word_1_243' title='bbox 984 3783 1141 3831; x_wconf 90' lang='lat' dir='ltr'><strong>ducta</strong></span> <span class='ocrx_word' id='word_1_244' title='bbox 1188 3779 1567 3843; x_wconf 86' lang='lat' dir='ltr'><strong>demulsisset,</strong></span> <span class='ocrx_word' id='word_1_245' title='bbox 1624 3791 1681 3833; x_wconf 91' lang='lat' dir='ltr'><strong>ut</strong></span> <span class='ocrx_word' id='word_1_246' title='bbox 1734 3784 1809 3833; x_wconf 84' lang='lat' dir='ltr'><strong>ira</strong></span> <span class='ocrx_word' id='word_1_247' title='bbox 1860 3782 2121 3850; x_wconf 88' lang='lat' dir='ltr'><strong>repletum</strong></span> <span class='ocrx_word' id='word_1_248' title='bbox 2172 3785 2325 3849; x_wconf 86' lang='lat' dir='ltr'><strong>vidit,</strong></span> 
     </span>
    </p>
   </div>
   <div class='ocr_carea' id='block_1_41' title="bbox 745 3871 2327 3944">
    <p class='ocr_par' dir='ltr' id='par_1_41' title="bbox 745 3871 2327 3944">
     <span class='ocr_line' id='line_1_41' title="bbox 745 3871 2327 3944; baseline 0.002 -20"><span class='ocrx_word' id='word_1_249' title='bbox 745 3874 947 3925; x_wconf 90' lang='lat' dir='ltr'><strong>sensim</strong></span> <span class='ocrx_word' id='word_1_250' title='bbox 974 3871 1185 3938; x_wconf 88' lang='lat' dir='ltr'><strong>ahjecta</strong></span> <span class='ocrx_word' id='word_1_251' title='bbox 1208 3872 1497 3940; x_wconf 82' lang='lat' dir='ltr'><strong>chlamyde</strong></span> <span class='ocrx_word' id='word_1_252' title='bbox 1521 3886 1642 3925; x_wconf 89' lang='lat' dir='ltr'><strong>sese</strong></span> <span class='ocrx_word' id='word_1_253' title='bbox 1667 3872 1718 3925; x_wconf 88' lang='lat' dir='ltr'><strong>in</strong></span> <span class='ocrx_word' id='word_1_254' title='bbox 1746 3888 1866 3925; x_wconf 91' lang='lat' dir='ltr'><strong>eum</strong></span> <span class='ocrx_word' id='word_1_255' title='bbox 1890 3873 2102 3937; x_wconf 84' lang='lat' dir='ltr'><strong>extulit,</strong></span> <span class='ocrx_word' id='word_1_256' title='bbox 2130 3873 2327 3944; x_wconf 78' lang='lat' dir='ltr'><strong>396a</strong></span> 
     </span>
    </p>
   </div>
   <div class='ocr_carea' id='block_1_42' title="bbox 746 3962 2329 4033">
    <p class='ocr_par' dir='ltr' id='par_1_42' title="bbox 746 3962 2329 4033">
     <span class='ocr_line' id='line_1_42' title="bbox 746 3962 2329 4033; baseline 0.004 -20"><span class='ocrx_word' id='word_1_257' title='bbox 746 3972 967 4030; x_wconf 72' lang='lat' dir='ltr'><strong>tutoque</strong></span> <span class='ocrx_word' id='word_1_258' title='bbox 1014 3962 1289 4025; x_wconf 85' lang='lat' dir='ltr'><strong>consedit,</strong></span> <span class='ocrx_word' id='word_1_259' title='bbox 1339 3973 1394 4014; x_wconf 90' lang='lat' dir='ltr'><strong>et</strong></span> <span class='ocrx_word' id='word_1_260' title='bbox 1444 3962 1709 4016; x_wconf 87' lang='lat' dir='ltr'><strong>violenter</strong></span> <span class='ocrx_word' id='word_1_261' title='bbox 1751 3980 1948 4032; x_wconf 92' lang='lat' dir='ltr'><strong>equum</strong></span> <span class='ocrx_word' id='word_1_262' title='bbox 1991 3966 2229 4033; x_wconf 90' lang='lat' dir='ltr'><strong>impulit,</strong></span> <span class='ocrx_word' id='word_1_263' title='bbox 2274 3976 2329 4019; x_wconf 92' lang='lat' dir='ltr'><strong>et</strong></span> 
     </span>
    </p>
   </div>
   <div class='ocr_carea' id='block_1_43' title="bbox 746 4052 2329 4123">
    <p class='ocr_par' dir='ltr' id='par_1_43' title="bbox 746 4052 2329 4123">
     <span class='ocr_line' id='line_1_43' title="bbox 746 4052 2329 4123; baseline 0.003 -19"><span class='ocrx_word' id='word_1_264' title='bbox 746 4052 907 4119; x_wconf 86' lang='lat' dir='ltr'><strong>aliqui</strong></span> <span class='ocrx_word' id='word_1_265' title='bbox 937 4067 1002 4104; x_wconf 79' lang='lat' dir='ltr'><strong>ex</strong></span> <span class='ocrx_word' id='word_1_266' title='bbox 1057 4053 1120 4104; x_wconf 90' lang='lat' dir='ltr'><strong>iis</strong></span> <span class='ocrx_word' id='word_1_267' title='bbox 1161 4052 1251 4119; x_wconf 86' lang='lat' dir='ltr'><strong>qui</strong></span> <span class='ocrx_word' id='word_1_268' title='bbox 1288 4054 1548 4114; x_wconf 86' lang='lat' dir='ltr'><strong>aderant,</strong></span> <span class='ocrx_word' id='word_1_269' title='bbox 1596 4054 1754 4107; x_wconf 80' lang='lat' dir='ltr'><strong>anxie</strong></span> <span class='ocrx_word' id='word_1_270' title='bbox 1810 4056 2079 4123; x_wconf 84' lang='lat' dir='ltr'><strong>taciteque</strong></span> <span class='ocrx_word' id='word_1_271' title='bbox 2113 4068 2329 4123; x_wconf 89' lang='lat' dir='ltr'><strong>specta-</strong></span> 
     </span>
    </p>
   </div>
   <div class='ocr_carea' id='block_1_44' title="bbox 746 4143 2325 4210">
    <p class='ocr_par' dir='ltr' id='par_1_44' title="bbox 746 4143 2325 4210">
     <span class='ocr_line' id='line_1_44' title="bbox 746 4143 2325 4210; baseline 0.002 -14"><span class='ocrx_word' id='word_1_272' title='bbox 746 4143 895 4205; x_wconf 87' lang='lat' dir='ltr'><strong>bant,</strong></span> <span class='ocrx_word' id='word_1_273' title='bbox 940 4158 1004 4195; x_wconf 93' lang='lat' dir='ltr'><strong>ne</strong></span> <span class='ocrx_word' id='word_1_274' title='bbox 1040 4145 1181 4209; x_wconf 92' lang='lat' dir='ltr'><strong>quod</strong></span> <span class='ocrx_word' id='word_1_275' title='bbox 1232 4144 1634 4197; x_wconf 90' lang='lat' dir='ltr'><strong>inconnnodum</strong></span> <span class='ocrx_word' id='word_1_276' title='bbox 1672 4145 2001 4198; x_wconf 86' lang='lat' dir='ltr'><strong>adolescenti</strong></span> <span class='ocrx_word' id='word_1_277' title='bbox 2032 4147 2325 4210; x_wconf 89' lang='lat' dir='ltr'><strong>accideret,</strong></span> 
     </span>
    </p>
   </div>
   <div class='ocr_carea' id='block_1_45' title="bbox 746 4234 2328 4302">
    <p class='ocr_par' dir='ltr' id='par_1_45' title="bbox 746 4234 2328 4302">
     <span class='ocr_line' id='line_1_45' title="bbox 746 4234 2328 4302; baseline 0.004 -17"><span class='ocrx_word' id='word_1_278' title='bbox 746 4234 908 4301; x_wconf 91' lang='lat' dir='ltr'><strong>aliqui</strong></span> <span class='ocrx_word' id='word_1_279' title='bbox 972 4234 1219 4287; x_wconf 87' lang='lat' dir='ltr'><strong>manibus</strong></span> <span class='ocrx_word' id='word_1_280' title='bbox 1269 4235 1585 4302; x_wconf 85' lang='lat' dir='ltr'><strong>plaudentes</strong></span> <span class='ocrx_word' id='word_1_281' title='bbox 1624 4235 1888 4302; x_wconf 86' lang='lat' dir='ltr'><strong>jucunde,</strong></span> <span class='ocrx_word' id='word_1_282' title='bbox 1963 4251 2154 4289; x_wconf 91' lang='lat' dir='ltr'><strong>omnes</strong></span> <span class='ocrx_word' id='word_1_283' title='bbox 2202 4252 2328 4291; x_wconf 84' lang='lat' dir='ltr'><strong>vero</strong></span> 
     </span>
    </p>
   </div>
   <div class='ocr_carea' id='block_1_46' title="bbox 748 4324 2329 4396">
    <p class='ocr_par' dir='ltr' id='par_1_46' title="bbox 748 4324 2329 4396">
     <span class='ocr_line' id='line_1_46' title="bbox 748 4324 2329 4396; baseline 0.002 -19"><span class='ocrx_word' id='word_1_284' title='bbox 748 4324 1001 4377; x_wconf 88' lang='lat' dir='ltr'><strong>similiter</strong></span> <span class='ocrx_word' id='word_1_285' title='bbox 1040 4327 1463 4391; x_wconf 89' lang='lat' dir='ltr'><strong>stupescehant,</strong></span> <span class='ocrx_word' id='word_1_286' title='bbox 1509 4335 1791 4395; x_wconf 88' lang='lat' dir='ltr'><strong>postquam</strong></span> <span class='ocrx_word' id='word_1_287' title='bbox 1826 4326 2104 4380; x_wconf 76' lang='lat' dir='ltr'><strong>exsultans</strong></span> <span class='ocrx_word' id='word_1_288' title='bbox 2134 4330 2329 4396; x_wconf 79' lang='lat' dir='ltr'><strong>gaudio</strong></span> 
     </span>
    </p>
   </div>
   <div class='ocr_carea' id='block_1_47' title="bbox 744 4416 2329 4483">
    <p class='ocr_par' dir='ltr' id='par_1_47' title="bbox 744 4416 2329 4483">
     <span class='ocr_line' id='line_1_47' title="bbox 744 4416 2329 4483; baseline 0.003 -16"><span class='ocrx_word' id='word_1_289' title='bbox 744 4416 922 4467; x_wconf 88' lang='lat' dir='ltr'><strong>salvus</strong></span> <span class='ocrx_word' id='word_1_290' title='bbox 946 4425 1091 4467; x_wconf 90' lang='lat' dir='ltr'><strong>retro</strong></span> <span class='ocrx_word' id='word_1_291' title='bbox 1123 4423 1247 4467; x_wconf 89' lang='lat' dir='ltr'><strong>acto</strong></span> <span class='ocrx_word' id='word_1_292' title='bbox 1279 4430 1419 4483; x_wconf 90' lang='lat' dir='ltr'><strong>equo</strong></span> <span class='ocrx_word' id='word_1_293' title='bbox 1448 4417 1626 4479; x_wconf 89' lang='lat' dir='ltr'><strong>rediit,</strong></span> <span class='ocrx_word' id='word_1_294' title='bbox 1665 4417 1905 4468; x_wconf 88' lang='lat' dir='ltr'><strong>onmium</strong></span> <span class='ocrx_word' id='word_1_295' title='bbox 1940 4417 2329 4471; x_wconf 83' lang='lat' dir='ltr'><strong>acclamatione</strong></span> 
     </span>
    </p>
   </div>
   <div class='ocr_carea' id='block_1_48' title="bbox 744 4503 2329 4574">
    <p class='ocr_par' dir='ltr' id='par_1_48' title="bbox 744 4503 2329 4574">
     <span class='ocr_line' id='line_1_48' title="bbox 744 4503 2329 4574; baseline 0.002 -18"><span class='ocrx_word' id='word_1_296' title='bbox 744 4505 988 4557; x_wconf 87' lang='lat' dir='ltr'><strong>sublata:</strong></span> <span class='ocrx_word' id='word_1_297' title='bbox 1029 4503 1309 4572; x_wconf 87' lang='lat' dir='ltr'><strong>Philippus</strong></span> <span class='ocrx_word' id='word_1_298' title='bbox 1348 4520 1459 4571; x_wconf 70' lang='lat' dir='ltr'><strong>pra:</strong></span> <span class='ocrx_word' id='word_1_299' title='bbox 1518 4504 1698 4557; x_wconf 63' lang='lat' dir='ltr'><strong>lmtitia</strong></span> <span class='ocrx_word' id='word_1_300' title='bbox 1741 4507 1901 4557; x_wconf 87' lang='lat' dir='ltr'><strong>etiam</strong></span> <span class='ocrx_word' id='word_1_301' title='bbox 1960 4506 2329 4574; x_wconf 85' lang='lat' dir='ltr'><strong>illacrymasse</strong></span> 
     </span>
    </p>
   </div>
   <div class='ocr_carea' id='block_1_49' title="bbox 2442 598 3637 670">
    <p class='ocr_par' dir='ltr' id='par_1_49' title="bbox 2442 598 3637 670">
     <span class='ocr_line' id='line_1_49' title="bbox 2442 598 3637 670; baseline 0.007 -22"><span class='ocrx_word' id='word_1_302' title='bbox 2442 598 2695 662; x_wconf 80' lang='grc' dir='ltr'><strong>πέπεικε,</strong></span> <span class='ocrx_word' id='word_1_303' title='bbox 2726 602 2815 651; x_wconf 88' lang='grc' dir='ltr'><strong>τὸν</strong></span> <span class='ocrx_word' id='word_1_304' title='bbox 2853 600 2908 651; x_wconf 81' lang='grc' dir='ltr'>δὲ</span> <span class='ocrx_word' id='word_1_305' title='bbox 2932 600 3105 660; x_wconf 85' lang='grc' dir='ltr'>διδοὺς</span> <span class='ocrx_word' id='word_1_306' title='bbox 3132 602 3231 652; x_wconf 91' lang='grc' dir='ltr'><strong>οὐκ</strong></span> <span class='ocrx_word' id='word_1_307' title='bbox 3264 602 3637 670; x_wconf 81' lang='grc' dir='ltr'>ἐμπέπληκεν.</span> 
     </span>
    </p>
   </div>
   <div class='ocr_carea' id='block_1_50' title="bbox 2787 690 3659 761">
    <p class='ocr_par' dir='ltr' id='par_1_50' title="bbox 2787 690 3659 761">
     <span class='ocr_line' id='line_1_50' title="bbox 2787 690 3659 761; baseline 0.003 -19"><span class='ocrx_word' id='word_1_308' title='bbox 2787 690 2947 759; x_wconf 78' lang='grc'><strong>[1197</strong></span> <span class='ocrx_word' id='word_1_309' title='bbox 2973 690 3067 761; x_wconf 63' lang='lat' dir='ltr'><strong>IL]</strong></span> <span class='ocrx_word' id='word_1_310' title='bbox 3098 693 3191 743; x_wconf 77' lang='grc' dir='ltr'>Ἐκ</span> <span class='ocrx_word' id='word_1_311' title='bbox 3219 692 3326 744; x_wconf 85' lang='grc' dir='ltr'>τοῦ</span> <span class='ocrx_word' id='word_1_312' title='bbox 3365 692 3659 756; x_wconf 79' lang='grc' dir='ltr'><strong>Κάτωνος.</strong></span> 
     </span>
    </p>
   </div>
   <div class='ocr_carea' id='block_1_51' title="bbox 2520 779 4023 852">
    <p class='ocr_par' dir='ltr' id='par_1_51' title="bbox 2520 779 4023 852">
     <span class='ocr_line' id='line_1_51' title="bbox 2520 779 4023 852; baseline 0.003 -21"><span class='ocrx_word' id='word_1_313' title='bbox 2520 780 2608 841; x_wconf 83' lang='grc' dir='ltr'>Ὦς</span> <span class='ocrx_word' id='word_1_314' title='bbox 2632 782 2675 811; x_wconf 77' lang='grc'><strong>’⁵</strong></span> <span class='ocrx_word' id='word_1_315' title='bbox 2709 780 2802 831; x_wconf 84' lang='grc' dir='ltr'><strong>οὐν</strong></span> <span class='ocrx_word' id='word_1_316' title='bbox 2832 784 2910 842; x_wconf 82' lang='grc' dir='ltr'>εἰς</span> <span class='ocrx_word' id='word_1_317' title='bbox 2946 781 3005 832; x_wconf 74' lang='grc' dir='ltr'>τὸ</span> <span class='ocrx_word' id='word_1_318' title='bbox 3033 782 3328 849; x_wconf 70' lang='grc' dir='ltr'><strong>μανθάνειν</strong></span> <span class='ocrx_word' id='word_1_319' title='bbox 3353 779 3487 852; x_wconf 82' lang='grc' dir='ltr'>ἧκεν</span> <span class='ocrx_word' id='word_1_320' title='bbox 3513 785 3541 835; x_wconf 81' lang='grc' dir='ltr'><strong>ό</strong></span> <span class='ocrx_word' id='word_1_321' title='bbox 3571 785 3788 844; x_wconf 81' lang='grc' dir='ltr'>Κάτων,</span> <span class='ocrx_word' id='word_1_322' title='bbox 3814 784 4023 852; x_wconf 63' lang='grc' dir='ltr'>νωθρὸς</span> 
     </span>
    </p>
   </div>
   <div class='ocr_carea' id='block_1_52' title="bbox 2433 866 4025 941">
    <p class='ocr_par' dir='ltr' id='par_1_52' title="bbox 2433 866 4025 941">
     <span class='ocr_line' id='line_1_52' title="bbox 2433 866 4025 941; baseline 0.002 -19"><span class='ocrx_word' id='word_1_323' title='bbox 2433 866 2502 941; x_wconf 82' lang='grc' dir='ltr'>ἦν</span> <span class='ocrx_word' id='word_1_324' title='bbox 2533 872 2823 924; x_wconf 87' lang='grc' dir='ltr'>ἀναλαϐεῖν</span> <span class='ocrx_word' id='word_1_325' title='bbox 2855 878 2948 924; x_wconf 81' lang='grc' dir='ltr'>καὶ</span> <span class='ocrx_word' id='word_1_326' title='bbox 2992 873 3215 941; x_wconf 75' lang='grc' dir='ltr'>βραδὺς,</span> <span class='ocrx_word' id='word_1_327' title='bbox 3250 874 3536 926; x_wconf 85' lang='grc' dir='ltr'>ἀναλαϐὼν</span> <span class='ocrx_word' id='word_1_328' title='bbox 3566 876 3620 927; x_wconf 80' lang='grc' dir='ltr'>δὲ</span> <span class='ocrx_word' id='word_1_329' title='bbox 3658 876 3893 941; x_wconf 80' lang='grc' dir='ltr'>κάτοχος</span> <span class='ocrx_word' id='word_1_330' title='bbox 3932 878 4025 926; x_wconf 75' lang='grc' dir='ltr'><strong>καὶ</strong></span> 
     </span>
    </p>
   </div>
   <div class='ocr_carea' id='block_1_53' title="bbox 2438 964 4024 1034">
    <p class='ocr_par' dir='ltr' id='par_1_53' title="bbox 2438 964 4024 1034">
     <span class='ocr_line' id='line_1_53' title="bbox 2438 964 4024 1034; baseline 0.003 -21"><span class='ocrx_word' id='word_1_331' title='bbox 2438 965 2795 1031; x_wconf 86' lang='grc' dir='ltr'>μνημονικός.</span> <span class='ocrx_word' id='word_1_332' title='bbox 2839 966 2903 1015; x_wconf 90' lang='grc' dir='ltr'>Ὅ</span> <span class='ocrx_word' id='word_1_333' title='bbox 2932 964 2995 1033; x_wconf 84' lang='grc' dir='ltr'>δὴ</span> <span class='ocrx_word' id='word_1_334' title='bbox 3037 965 3130 1015; x_wconf 69' lang='grc' dir='ltr'><strong>καὶ</strong></span> <span class='ocrx_word' id='word_1_335' title='bbox 3162 966 3405 1029; x_wconf 68' lang='grc' dir='ltr'>πέφυκεν</span> <span class='ocrx_word' id='word_1_336' title='bbox 3435 966 3608 1028; x_wconf 81' lang='grc' dir='ltr'>ἄλλως</span> <span class='ocrx_word' id='word_1_337' title='bbox 3641 967 3769 1027; x_wconf 82' lang='grc' dir='ltr'>τοὺς</span> <span class='ocrx_word' id='word_1_338' title='bbox 3808 968 3908 1034; x_wconf 85' lang='grc' dir='ltr'><strong>μὲν</strong></span> <span class='ocrx_word' id='word_1_339' title='bbox 3936 968 4024 1017; x_wconf 80' lang='grc' dir='ltr'>εὑο</span> 
     </span>
    </p>
   </div>
   <div class='ocr_carea' id='block_1_54' title="bbox 2437 1052 4022 1122">
    <p class='ocr_par' dir='ltr' id='par_1_54' title="bbox 2437 1052 4022 1122">
     <span class='ocr_line' id='line_1_54' title="bbox 2437 1052 4022 1122; baseline 0.001 -18"><span class='ocrx_word' id='word_1_340' title='bbox 2437 1054 2776 1120; x_wconf 82' lang='grc' dir='ltr'>φυεστάτους</span> <span class='ocrx_word' id='word_1_341' title='bbox 2821 1054 3267 1120; x_wconf 73' lang='grc' dir='ltr'><strong>ἀναμνηστικοὺς</strong></span> <span class='ocrx_word' id='word_1_342' title='bbox 3301 1052 3501 1121; x_wconf 83' lang='grc' dir='ltr'>μᾶλλον</span> <span class='ocrx_word' id='word_1_343' title='bbox 3546 1052 3707 1117; x_wconf 86' lang='grc' dir='ltr'>εἶναι,</span> <span class='ocrx_word' id='word_1_344' title='bbox 3752 1072 4022 1122; x_wconf 83' lang='grc' dir='ltr'>μνημονι-</span> 
     </span>
    </p>
   </div>
   <div class='ocr_carea' id='block_1_55' title="bbox 2438 1144 4021 1215">
    <p class='ocr_par' dir='ltr' id='par_1_55' title="bbox 2438 1144 4021 1215">
     <span class='ocr_line' id='line_1_55' title="bbox 2438 1144 4021 1215; baseline 0 -19"><span class='ocrx_word' id='word_1_345' title='bbox 2438 1146 2567 1206; x_wconf 84' lang='grc' dir='ltr'>κοὺς</span> <span class='ocrx_word' id='word_1_346' title='bbox 2594 1146 2649 1196; x_wconf 80' lang='grc' dir='ltr'><strong>δὲ</strong></span> <span class='ocrx_word' id='word_1_347' title='bbox 2670 1146 2795 1206; x_wconf 83' lang='grc' dir='ltr'>τοὺς</span> <span class='ocrx_word' id='word_1_348' title='bbox 2830 1145 2966 1213; x_wconf 80' lang='grc' dir='ltr'>μετὰ</span> <span class='ocrx_word' id='word_1_349' title='bbox 3001 1144 3163 1196; x_wconf 87' lang='grc' dir='ltr'>πόνου</span> <span class='ocrx_word' id='word_1_350' title='bbox 3190 1144 3286 1195; x_wconf 72' lang='grc' dir='ltr'><strong>καὶ</strong></span> <span class='ocrx_word' id='word_1_351' title='bbox 3310 1147 3686 1215; x_wconf 80' lang='grc' dir='ltr'>πραγματείας</span> <span class='ocrx_word' id='word_1_352' title='bbox 3711 1147 4021 1215; x_wconf 76' lang='grc' dir='ltr'>παραδεχο-</span> 
     </span>
    </p>
   </div>
   <div class='ocr_carea' id='block_1_56' title="bbox 2440 1230 4022 1305">
    <p class='ocr_par' dir='ltr' id='par_1_56' title="bbox 2440 1230 4022 1305">
     <span class='ocr_line' id='line_1_56' title="bbox 2440 1230 4022 1305; baseline 0.001 -20"><span class='ocrx_word' id='word_1_353' title='bbox 2440 1236 2667 1303; x_wconf 78' lang='grc' dir='ltr'>μένουςο</span> <span class='ocrx_word' id='word_1_354' title='bbox 2700 1235 2909 1301; x_wconf 89' lang='grc' dir='ltr'>γίνεται</span> <span class='ocrx_word' id='word_1_355' title='bbox 2943 1234 3051 1305; x_wconf 87' lang='grc' dir='ltr'><strong>γὰρ</strong></span> <span class='ocrx_word' id='word_1_356' title='bbox 3083 1230 3194 1287; x_wconf 76' lang='grc' dir='ltr'>οἷον</span> <span class='ocrx_word' id='word_1_357' title='bbox 3223 1236 3479 1304; x_wconf 76' lang='grc' dir='ltr'>ἐκκαυμα</span> <span class='ocrx_word' id='word_1_358' title='bbox 3500 1240 3597 1305; x_wconf 79' lang='grc' dir='ltr'>τῆς</span> <span class='ocrx_word' id='word_1_359' title='bbox 3635 1238 3674 1266; x_wconf 83' lang='grc'><strong>⁸⁷</strong></span> <span class='ocrx_word' id='word_1_360' title='bbox 3698 1237 3883 1305; x_wconf 73' lang='grc' dir='ltr'>ψυχῆς</span> <span class='ocrx_word' id='word_1_361' title='bbox 3916 1238 4022 1287; x_wconf 86' lang='grc' dir='ltr'><strong>τῶν</strong></span> 
     </span>
    </p>
   </div>
   <div class='ocr_carea' id='block_1_57' title="bbox 2436 1328 3059 1396">
    <p class='ocr_par' dir='ltr' id='par_1_57' title="bbox 2436 1328 3059 1396">
     <span class='ocr_line' id='line_1_57' title="bbox 2436 1328 3059 1396; baseline 0.003 -18"><span class='ocrx_word' id='word_1_362' title='bbox 2436 1328 2778 1396; x_wconf 82' lang='grc' dir='ltr'><strong>παθημάτων</strong></span> <span class='ocrx_word' id='word_1_363' title='bbox 2806 1328 3059 1380; x_wconf 78' lang='grc' dir='ltr'>ἕκαστον.</span> 
     </span>
    </p>
   </div>
   <div class='ocr_carea' id='block_1_58' title="bbox 2882 1507 3567 1574">
    <p class='ocr_par' dir='ltr' id='par_1_58' title="bbox 2882 1507 3567 1574">
     <span class='ocr_line' id='line_1_58' title="bbox 2882 1507 3567 1574; baseline -0.004 -13"><span class='ocrx_word' id='word_1_364' title='bbox 2882 1510 2985 1561; x_wconf 73' lang='grc' dir='ltr'>Ἐκ</span> <span class='ocrx_word' id='word_1_365' title='bbox 3017 1507 3122 1561; x_wconf 83' lang='grc' dir='ltr'>τοῦ</span> <span class='ocrx_word' id='word_1_366' title='bbox 3155 1507 3567 1574; x_wconf 72' lang='grc' dir='ltr'>Ἀλεξάνδρου.</span> 
     </span>
    </p>
   </div>
   <div class='ocr_carea' id='block_1_59' title="bbox 2514 1596 4020 1668">
    <p class='ocr_par' dir='ltr' id='par_1_59' title="bbox 2514 1596 4020 1668">
     <span class='ocr_line' id='line_1_59' title="bbox 2514 1596 4020 1668; baseline -0.001 -18"><span class='ocrx_word' id='word_1_367' title='bbox 2514 1600 2636 1651; x_wconf 87' lang='grc' dir='ltr'>’Ότι</span> <span class='ocrx_word' id='word_1_368' title='bbox 2669 1601 2733 1664; x_wconf 82' lang='grc'><strong>¹⁸,</strong></span> <span class='ocrx_word' id='word_1_369' title='bbox 2771 1602 2923 1667; x_wconf 79' lang='grc' dir='ltr'>φησὶ,</span> <span class='ocrx_word' id='word_1_370' title='bbox 2967 1600 3157 1661; x_wconf 87' lang='grc' dir='ltr'>λευκὸς</span> <span class='ocrx_word' id='word_1_371' title='bbox 3189 1596 3256 1668; x_wconf 79' lang='grc' dir='ltr'>ἦν</span> <span class='ocrx_word' id='word_1_372' title='bbox 3284 1603 3310 1650; x_wconf 86' lang='grc' dir='ltr'><strong>ό</strong></span> <span class='ocrx_word' id='word_1_373' title='bbox 3348 1600 3712 1668; x_wconf 74' lang='grc' dir='ltr'>Ἀλέξανδρος.</span> <span class='ocrx_word' id='word_1_374' title='bbox 3739 1600 3771 1667; x_wconf 77' lang='grc' dir='ltr'>ἡ</span> <span class='ocrx_word' id='word_1_375' title='bbox 3809 1599 3868 1650; x_wconf 81' lang='grc' dir='ltr'><strong>δὲ</strong></span> <span class='ocrx_word' id='word_1_376' title='bbox 3901 1599 4020 1649; x_wconf 86' lang='grc' dir='ltr'>λευ-</span> 
     </span>
    </p>
   </div>
   <div class='ocr_carea' id='block_1_60' title="bbox 2434 1689 4019 1759">
    <p class='ocr_par' dir='ltr' id='par_1_60' title="bbox 2434 1689 4019 1759">
     <span class='ocr_line' id='line_1_60' title="bbox 2434 1689 4019 1759; baseline -0.003 -17"><span class='ocrx_word' id='word_1_377' title='bbox 2434 1692 2598 1758; x_wconf 77' lang='grc' dir='ltr'>κότης</span> <span class='ocrx_word' id='word_1_378' title='bbox 2626 1692 3004 1757; x_wconf 72' lang='grc' dir='ltr'>ἐπεφοίνισσεν</span> <span class='ocrx_word' id='word_1_379' title='bbox 3026 1690 3191 1741; x_wconf 78' lang='grc' dir='ltr'>αὑτοῦ</span> <span class='ocrx_word' id='word_1_380' title='bbox 3228 1692 3465 1757; x_wconf 89' lang='grc' dir='ltr'>μάλιστα</span> <span class='ocrx_word' id='word_1_381' title='bbox 3490 1692 3619 1759; x_wconf 81' lang='grc' dir='ltr'>περὶ</span> <span class='ocrx_word' id='word_1_382' title='bbox 3651 1694 3694 1721; x_wconf 84' lang='grc'><strong>¹⁹</strong></span> <span class='ocrx_word' id='word_1_383' title='bbox 3725 1692 3787 1741; x_wconf 78' lang='grc' dir='ltr'><strong>τὸ</strong></span> <span class='ocrx_word' id='word_1_384' title='bbox 3819 1689 4019 1756; x_wconf 81' lang='grc' dir='ltr'>στῆθος</span> 
     </span>
    </p>
   </div>
   <div class='ocr_carea' id='block_1_61' title="bbox 2433 1780 4019 1849">
    <p class='ocr_par' dir='ltr' id='par_1_61' title="bbox 2433 1780 4019 1849">
     <span class='ocr_line' id='line_1_61' title="bbox 2433 1780 4019 1849; baseline -0.001 -16"><span class='ocrx_word' id='word_1_385' title='bbox 2433 1784 2523 1833; x_wconf 70' lang='grc' dir='ltr'><strong>καὶ</strong></span> <span class='ocrx_word' id='word_1_386' title='bbox 2554 1782 2611 1833; x_wconf 71' lang='grc' dir='ltr'>τὸ</span> <span class='ocrx_word' id='word_1_387' title='bbox 2639 1782 2953 1849; x_wconf 80' lang='grc' dir='ltr'>πρόσωπον.</span> <span class='ocrx_word' id='word_1_388' title='bbox 2977 1782 3095 1832; x_wconf 75' lang='grc' dir='ltr'>Ὀτι</span> <span class='ocrx_word' id='word_1_389' title='bbox 3114 1780 3170 1831; x_wconf 77' lang='grc' dir='ltr'><strong>δὲ</strong></span> <span class='ocrx_word' id='word_1_390' title='bbox 3196 1781 3289 1830; x_wconf 78' lang='grc' dir='ltr'>τοῦ</span> <span class='ocrx_word' id='word_1_391' title='bbox 3315 1782 3521 1849; x_wconf 79' lang='grc' dir='ltr'>χρωτὸς</span> <span class='ocrx_word' id='word_1_392' title='bbox 3545 1781 3760 1847; x_wconf 70' lang='grc' dir='ltr'>ἣδιστον</span> <span class='ocrx_word' id='word_1_393' title='bbox 3784 1782 4019 1832; x_wconf 78' lang='grc' dir='ltr'>ἀπέπνει</span> 
     </span>
    </p>
   </div>
   <div class='ocr_carea' id='block_1_62' title="bbox 2432 1874 4016 1941">
    <p class='ocr_par' dir='ltr' id='par_1_62' title="bbox 2432 1874 4016 1941">
     <span class='ocr_line' id='line_1_62' title="bbox 2432 1874 4016 1941; baseline -0.001 -17"><span class='ocrx_word' id='word_1_394' title='bbox 2432 1876 2523 1925; x_wconf 69' lang='grc' dir='ltr'>καὶ</span> <span class='ocrx_word' id='word_1_395' title='bbox 2554 1874 2614 1925; x_wconf 81' lang='grc' dir='ltr'>τὸ</span> <span class='ocrx_word' id='word_1_396' title='bbox 2642 1874 2817 1941; x_wconf 89' lang='grc' dir='ltr'>στόμα</span> <span class='ocrx_word' id='word_1_397' title='bbox 2846 1876 3098 1941; x_wconf 81' lang='grc' dir='ltr'>κατεῖχεν</span> <span class='ocrx_word' id='word_1_398' title='bbox 3130 1874 3325 1924; x_wconf 80' lang='grc' dir='ltr'>εὐωδία</span> <span class='ocrx_word' id='word_1_399' title='bbox 3351 1875 3444 1925; x_wconf 79' lang='grc' dir='ltr'>καὶ</span> <span class='ocrx_word' id='word_1_400' title='bbox 3465 1876 3564 1941; x_wconf 76' lang='grc' dir='ltr'><strong>τὴν</strong></span> <span class='ocrx_word' id='word_1_401' title='bbox 3600 1874 3779 1941; x_wconf 86' lang='grc' dir='ltr'>σάρκα</span> <span class='ocrx_word' id='word_1_402' title='bbox 3812 1876 4016 1937; x_wconf 70' lang='grc' dir='ltr'>πᾶσαν,</span> 
     </span>
    </p>
   </div>
   <div class='ocr_carea' id='block_1_63' title="bbox 2432 1962 4020 2035">
    <p class='ocr_par' dir='ltr' id='par_1_63' title="bbox 2432 1962 4020 2035">
     <span class='ocr_line' id='line_1_63' title="bbox 2432 1962 4020 2035; baseline 0.002 -21"><span class='ocrx_word' id='word_1_403' title='bbox 2432 1964 2573 2014; x_wconf 80' lang='grc' dir='ltr'>ὥστε</span> <span class='ocrx_word' id='word_1_404' title='bbox 2604 1962 2948 2032; x_wconf 82' lang='grc' dir='ltr'>πληροῦσθαι</span> <span class='ocrx_word' id='word_1_405' title='bbox 2978 1964 3023 1993; x_wconf 78' lang='grc'><strong>’⁸</strong></span> <span class='ocrx_word' id='word_1_406' title='bbox 3057 1965 3184 2026; x_wconf 87' lang='grc' dir='ltr'>τοὺς</span> <span class='ocrx_word' id='word_1_407' title='bbox 3213 1963 3587 2030; x_wconf 80' lang='grc' dir='ltr'><strong>χιτωνίσκους,</strong></span> <span class='ocrx_word' id='word_1_408' title='bbox 3612 1966 3796 2016; x_wconf 74' lang='grc' dir='ltr'>πολλοὶ</span> <span class='ocrx_word' id='word_1_409' title='bbox 3818 1968 4020 2035; x_wconf 81' lang='grc' dir='ltr'>γεγρά-</span> 
     </span>
    </p>
   </div>
   <div class='ocr_carea' id='block_1_64' title="bbox 2434 2054 4018 2125">
    <p class='ocr_par' dir='ltr' id='par_1_64' title="bbox 2434 2054 4018 2125">
     <span class='ocr_line' id='line_1_64' title="bbox 2434 2054 4018 2125; baseline 0.001 -20"><span class='ocrx_word' id='word_1_410' title='bbox 2434 2072 2622 2121; x_wconf 84' lang='grc' dir='ltr'>φασιν.</span> <span class='ocrx_word' id='word_1_411' title='bbox 2655 2056 2813 2107; x_wconf 82' lang='grc' dir='ltr'><strong>Αἱτία</strong></span> <span class='ocrx_word' id='word_1_412' title='bbox 2838 2054 2895 2106; x_wconf 82' lang='grc' dir='ltr'>δὲ</span> <span class='ocrx_word' id='word_1_413' title='bbox 2952 2056 3082 2116; x_wconf 83' lang='grc' dir='ltr'>ίσως</span> <span class='ocrx_word' id='word_1_414' title='bbox 3115 2057 3147 2122; x_wconf 86' lang='grc' dir='ltr'><strong>ή</strong></span> <span class='ocrx_word' id='word_1_415' title='bbox 3190 2054 3284 2105; x_wconf 81' lang='grc' dir='ltr'>τοῦ</span> <span class='ocrx_word' id='word_1_416' title='bbox 3324 2056 3571 2124; x_wconf 82' lang='grc' dir='ltr'>σώματος</span> <span class='ocrx_word' id='word_1_417' title='bbox 3599 2059 3819 2125; x_wconf 79' lang='grc' dir='ltr'>κρᾶσις,</span> <span class='ocrx_word' id='word_1_418' title='bbox 3850 2058 4018 2108; x_wconf 81' lang='grc' dir='ltr'>πολύ-</span> 
     </span>
    </p>
   </div>
   <div class='ocr_carea' id='block_1_65' title="bbox 2430 2142 4017 2215">
    <p class='ocr_par' dir='ltr' id='par_1_65' title="bbox 2430 2142 4017 2215">
     <span class='ocr_line' id='line_1_65' title="bbox 2430 2142 4017 2215; baseline -0.001 -17"><span class='ocrx_word' id='word_1_419' title='bbox 2430 2146 2632 2215; x_wconf 82' lang='grc' dir='ltr'>θερμος</span> <span class='ocrx_word' id='word_1_420' title='bbox 2664 2142 2797 2197; x_wconf 59' lang='grc' dir='ltr'>οὖτα</span> <span class='ocrx_word' id='word_1_421' title='bbox 2859 2147 2952 2197; x_wconf 80' lang='grc' dir='ltr'><strong>καὶ</strong></span> <span class='ocrx_word' id='word_1_422' title='bbox 2983 2144 3276 2214; x_wconf 82' lang='grc' dir='ltr'>πυρώδης’</span> <span class='ocrx_word' id='word_1_423' title='bbox 3318 2147 3349 2213; x_wconf 84' lang='grc' dir='ltr'>ἡ</span> <span class='ocrx_word' id='word_1_424' title='bbox 3407 2146 3515 2214; x_wconf 78' lang='grc' dir='ltr'><strong>γὰρ</strong></span> <span class='ocrx_word' id='word_1_425' title='bbox 3546 2146 3745 2197; x_wconf 75' lang='grc' dir='ltr'>εὐωδία</span> <span class='ocrx_word' id='word_1_426' title='bbox 3805 2147 4017 2211; x_wconf 81' lang='grc' dir='ltr'>γίνεται</span> 
     </span>
    </p>
   </div>
   <div class='ocr_carea' id='block_1_66' title="bbox 2431 2236 4019 2305">
    <p class='ocr_par' dir='ltr' id='par_1_66' title="bbox 2431 2236 4019 2305">
     <span class='ocr_line' id='line_1_66' title="bbox 2431 2236 4019 2305; baseline 0.001 -17"><span class='ocrx_word' id='word_1_427' title='bbox 2431 2237 2593 2304; x_wconf 89' lang='grc' dir='ltr'>πέψει</span> <span class='ocrx_word' id='word_1_428' title='bbox 2623 2238 2667 2265; x_wconf 86' lang='grc'><strong>¹¹</strong></span> <span class='ocrx_word' id='word_1_429' title='bbox 2701 2236 2811 2288; x_wconf 87' lang='grc' dir='ltr'><strong>τῶν</strong></span> <span class='ocrx_word' id='word_1_430' title='bbox 2843 2236 3026 2305; x_wconf 84' lang='grc' dir='ltr'>ὑγρῶν</span> <span class='ocrx_word' id='word_1_431' title='bbox 3057 2236 3161 2287; x_wconf 84' lang='grc' dir='ltr'><strong>ὑπὸ</strong></span> <span class='ocrx_word' id='word_1_432' title='bbox 3193 2236 3550 2305; x_wconf 79' lang='grc' dir='ltr'><strong>θερμότητος,</strong></span> <span class='ocrx_word' id='word_1_433' title='bbox 3576 2238 3652 2298; x_wconf 84' lang='grc' dir='ltr'>ὠς</span> <span class='ocrx_word' id='word_1_434' title='bbox 3684 2238 3859 2289; x_wconf 78' lang='grc' dir='ltr'>οἴεται</span> <span class='ocrx_word' id='word_1_435' title='bbox 3890 2238 4019 2290; x_wconf 83' lang='grc' dir='ltr'>Θεό-</span> 
     </span>
    </p>
   </div>
   <div class='ocr_carea' id='block_1_67' title="bbox 2434 2327 4020 2400">
    <p class='ocr_par' dir='ltr' id='par_1_67' title="bbox 2434 2327 4020 2400">
     <span class='ocr_line' id='line_1_67' title="bbox 2434 2327 4020 2400; baseline -0.002 -19"><span class='ocrx_word' id='word_1_436' title='bbox 2434 2345 2693 2400; x_wconf 80' lang='grc' dir='ltr'>φραστος.</span> <span class='ocrx_word' id='word_1_437' title='bbox 2745 2329 2909 2381; x_wconf 82' lang='grc' dir='ltr'>Ὅθεν</span> <span class='ocrx_word' id='word_1_438' title='bbox 2959 2329 3009 2379; x_wconf 81' lang='grc' dir='ltr'>οἱ</span> <span class='ocrx_word' id='word_1_439' title='bbox 3064 2327 3215 2397; x_wconf 74' lang='grc' dir='ltr'>ξηροὶ</span> <span class='ocrx_word' id='word_1_440' title='bbox 3272 2329 3363 2379; x_wconf 71' lang='grc' dir='ltr'><strong>καὶ</strong></span> <span class='ocrx_word' id='word_1_441' title='bbox 3404 2328 3654 2397; x_wconf 81' lang='grc' dir='ltr'>διάπυροι</span> <span class='ocrx_word' id='word_1_442' title='bbox 3708 2330 3868 2379; x_wconf 84' lang='grc' dir='ltr'>τόποι</span> <span class='ocrx_word' id='word_1_443' title='bbox 3922 2330 4020 2396; x_wconf 74' lang='grc' dir='ltr'>τῆς</span> 
     </span>
    </p>
   </div>
   <div class='ocr_carea' id='block_1_68' title="bbox 2433 2418 4019 2486">
    <p class='ocr_par' dir='ltr' id='par_1_68' title="bbox 2433 2418 4019 2486">
     <span class='ocr_line' id='line_1_68' title="bbox 2433 2418 4019 2486; baseline -0.001 -16"><span class='ocrx_word' id='word_1_444' title='bbox 2433 2420 2759 2486; x_wconf 81' lang='grc' dir='ltr'>οἰκουμένης</span> <span class='ocrx_word' id='word_1_445' title='bbox 2784 2418 2851 2469; x_wconf 78' lang='grc' dir='ltr'><strong>τά</strong></span> <span class='ocrx_word' id='word_1_446' title='bbox 2888 2418 3116 2469; x_wconf 89' lang='grc' dir='ltr'>πλεῖστα</span> <span class='ocrx_word' id='word_1_447' title='bbox 3150 2419 3243 2468; x_wconf 76' lang='grc' dir='ltr'><strong>καὶ</strong></span> <span class='ocrx_word' id='word_1_448' title='bbox 3275 2418 3536 2469; x_wconf 83' lang='grc' dir='ltr'>κάλλιστα</span> <span class='ocrx_word' id='word_1_449' title='bbox 3567 2419 3672 2469; x_wconf 89' lang='grc' dir='ltr'><strong>τῶν</strong></span> <span class='ocrx_word' id='word_1_450' title='bbox 3705 2420 4019 2486; x_wconf 79' lang='grc' dir='ltr'>ἀρωμάτων</span> 
     </span>
    </p>
   </div>
   <div class='ocr_carea' id='block_1_69' title="bbox 2436 2509 4017 2579">
    <p class='ocr_par' dir='ltr' id='par_1_69' title="bbox 2436 2509 4017 2579">
     <span class='ocr_line' id='line_1_69' title="bbox 2436 2509 4017 2579; baseline -0.001 -18"><span class='ocrx_word' id='word_1_451' title='bbox 2436 2511 2692 2579; x_wconf 75' lang='grc' dir='ltr'>φέρουσιν</span> <span class='ocrx_word' id='word_1_452' title='bbox 2717 2526 2727 2535; x_wconf 82' lang='lat'><strong>&#39;</strong></span> <span class='ocrx_word' id='word_1_453' title='bbox 2759 2510 2964 2574; x_wconf 75' lang='grc' dir='ltr'>ἐξαίρει</span> <span class='ocrx_word' id='word_1_454' title='bbox 2999 2510 3104 2575; x_wconf 87' lang='grc' dir='ltr'><strong>γάρ</strong></span> <span class='ocrx_word' id='word_1_455' title='bbox 3144 2510 3172 2559; x_wconf 88' lang='grc' dir='ltr'>ὁ</span> <span class='ocrx_word' id='word_1_456' title='bbox 3196 2509 3346 2576; x_wconf 74' lang='grc' dir='ltr'>ἥλιος</span> <span class='ocrx_word' id='word_1_457' title='bbox 3367 2511 3427 2559; x_wconf 79' lang='grc' dir='ltr'><strong>τὸ</strong></span> <span class='ocrx_word' id='word_1_458' title='bbox 3462 2510 3625 2577; x_wconf 81' lang='grc' dir='ltr'>ὑγρὸν</span> <span class='ocrx_word' id='word_1_459' title='bbox 3659 2511 3854 2579; x_wconf 85' lang='grc' dir='ltr'>ῶσπερ</span> <span class='ocrx_word' id='word_1_460' title='bbox 3884 2510 4017 2577; x_wconf 74' lang='grc' dir='ltr'>ὕλην</span> 
     </span>
    </p>
   </div>
   <div class='ocr_carea' id='block_1_70' title="bbox 2436 2599 4017 2667">
    <p class='ocr_par' dir='ltr' id='par_1_70' title="bbox 2436 2599 4017 2667">
     <span class='ocr_line' id='line_1_70' title="bbox 2436 2599 4017 2667; baseline 0.001 -17"><span class='ocrx_word' id='word_1_461' title='bbox 2436 2600 2728 2665; x_wconf 71' lang='grc' dir='ltr'>σηπεδόνος</span> <span class='ocrx_word' id='word_1_462' title='bbox 2788 2599 3117 2659; x_wconf 73' lang='grc' dir='ltr'>ἐπιπολάζον</span> <span class='ocrx_word' id='word_1_463' title='bbox 3172 2604 3283 2661; x_wconf 86' lang='grc' dir='ltr'>τοῖς</span> <span class='ocrx_word' id='word_1_464' title='bbox 3342 2599 3613 2666; x_wconf 84' lang='grc' dir='ltr'>σώμασιν.</span> <span class='ocrx_word' id='word_1_465' title='bbox 3666 2601 4017 2667; x_wconf 72' lang='grc' dir='ltr'>Ἀλέξανδρον</span> 
     </span>
    </p>
   </div>
   <div class='ocr_carea' id='block_1_71' title="bbox 2432 2686 4019 2756">
    <p class='ocr_par' dir='ltr' id='par_1_71' title="bbox 2432 2686 4019 2756">
     <span class='ocr_line' id='line_1_71' title="bbox 2432 2686 4019 2756; baseline 0 -17"><span class='ocrx_word' id='word_1_466' title='bbox 2432 2687 2520 2750; x_wconf 71' lang='grc' dir='ltr'><strong>δὲ,</strong></span> <span class='ocrx_word' id='word_1_467' title='bbox 2560 2688 2634 2748; x_wconf 82' lang='grc' dir='ltr'>ὡς</span> <span class='ocrx_word' id='word_1_468' title='bbox 2693 2688 2903 2749; x_wconf 83' lang='grc' dir='ltr'>ἔοικεν,</span> <span class='ocrx_word' id='word_1_469' title='bbox 2950 2690 2983 2755; x_wconf 84' lang='grc' dir='ltr'><strong>ή</strong></span> <span class='ocrx_word' id='word_1_470' title='bbox 3020 2686 3291 2756; x_wconf 82' lang='grc' dir='ltr'>θερμότης</span> <span class='ocrx_word' id='word_1_471' title='bbox 3330 2690 3377 2719; x_wconf 81' lang='grc'>¹⁸</span> <span class='ocrx_word' id='word_1_472' title='bbox 3417 2691 3509 2741; x_wconf 71' lang='grc' dir='ltr'><strong>καὶ</strong></span> <span class='ocrx_word' id='word_1_473' title='bbox 3546 2691 3770 2741; x_wconf 81' lang='grc' dir='ltr'>ποτικὸν</span> <span class='ocrx_word' id='word_1_474' title='bbox 3805 2694 3898 2740; x_wconf 79' lang='grc' dir='ltr'>καὶ</span> <span class='ocrx_word' id='word_1_475' title='bbox 3929 2690 4019 2739; x_wconf 84' lang='grc' dir='ltr'>θυ-</span> 
     </span>
    </p>
   </div>
   <div class='ocr_carea' id='block_1_72' title="bbox 2438 2780 2934 2847">
    <p class='ocr_par' dir='ltr' id='par_1_72' title="bbox 2438 2780 2934 2847">
     <span class='ocr_line' id='line_1_72' title="bbox 2438 2780 2934 2847; baseline -0.002 -17"><span class='ocrx_word' id='word_1_476' title='bbox 2438 2780 2623 2846; x_wconf 76' lang='grc' dir='ltr'>μοειδῆ</span> <span class='ocrx_word' id='word_1_477' title='bbox 2654 2782 2934 2847; x_wconf 85' lang='grc' dir='ltr'>παρεῖχεν.</span> 
     </span>
    </p>
   </div>
   <div class='ocr_carea' id='block_1_73' title="bbox 2508 2869 4019 2939">
    <p class='ocr_par' dir='ltr' id='par_1_73' title="bbox 2508 2869 4019 2939">
     <span class='ocr_line' id='line_1_73' title="bbox 2508 2869 4019 2939; baseline 0.002 -18"><span class='ocrx_word' id='word_1_478' title='bbox 2508 2873 2627 2921; x_wconf 86' lang='grc' dir='ltr'>Ὅτι</span> <span class='ocrx_word' id='word_1_479' title='bbox 2659 2870 2703 2899; x_wconf 83' lang='grc'><strong>²³</strong></span> <span class='ocrx_word' id='word_1_480' title='bbox 2733 2871 2822 2920; x_wconf 78' lang='grc' dir='ltr'><strong>τὸν</strong></span> <span class='ocrx_word' id='word_1_481' title='bbox 2857 2869 3199 2937; x_wconf 82' lang='grc' dir='ltr'>Βουκέφαλον</span> <span class='ocrx_word' id='word_1_482' title='bbox 3231 2871 3609 2939; x_wconf 83' lang='grc' dir='ltr'>προσαχθέντα</span> <span class='ocrx_word' id='word_1_483' title='bbox 3640 2872 3802 2922; x_wconf 83' lang='grc' dir='ltr'>ὢνιον</span> <span class='ocrx_word' id='word_1_484' title='bbox 3828 2873 4019 2926; x_wconf 83' lang='grc' dir='ltr'>ταλάν-</span> 
     </span>
    </p>
   </div>
   <div class='ocr_carea' id='block_1_74' title="bbox 2432 2957 4020 3026">
    <p class='ocr_par' dir='ltr' id='par_1_74' title="bbox 2432 2957 4020 3026">
     <span class='ocr_line' id='line_1_74' title="bbox 2432 2957 4020 3026; baseline 0.002 -16"><span class='ocrx_word' id='word_1_485' title='bbox 2432 2976 2539 3011; x_wconf 89' lang='grc' dir='ltr'><strong>των</strong></span> <span class='ocrx_word' id='word_1_486' title='bbox 2573 2959 2705 3009; x_wconf 85' lang='grc' dir='ltr'>δέκα</span> <span class='ocrx_word' id='word_1_487' title='bbox 2734 2960 2828 3008; x_wconf 76' lang='grc' dir='ltr'>καὶ</span> <span class='ocrx_word' id='word_1_488' title='bbox 2854 2957 3022 3025; x_wconf 85' lang='grc' dir='ltr'>τριῶν</span> <span class='ocrx_word' id='word_1_489' title='bbox 3051 2959 3202 3026; x_wconf 88' lang='grc' dir='ltr'><strong>παρά</strong></span> <span class='ocrx_word' id='word_1_490' title='bbox 3236 2959 3516 3011; x_wconf 83' lang='grc' dir='ltr'>Φιλονίκου</span> <span class='ocrx_word' id='word_1_491' title='bbox 3550 2961 3641 3011; x_wconf 82' lang='grc' dir='ltr'>τοῦ</span> <span class='ocrx_word' id='word_1_492' title='bbox 3672 2959 3950 3013; x_wconf 76' lang='grc' dir='ltr'>Θετταλοῦ</span> <span class='ocrx_word' id='word_1_493' title='bbox 3978 2966 4020 2993; x_wconf 71' lang='grc'><strong>⁸⁵</strong></span> 
     </span>
    </p>
   </div>
   <div class='ocr_carea' id='block_1_75' title="bbox 2432 3049 4020 3122">
    <p class='ocr_par' dir='ltr' id='par_1_75' title="bbox 2432 3049 4020 3122">
     <span class='ocr_line' id='line_1_75' title="bbox 2432 3049 4020 3122; baseline 0.003 -21"><span class='ocrx_word' id='word_1_494' title='bbox 2432 3052 2459 3100; x_wconf 86' lang='grc' dir='ltr'>ὁ</span> <span class='ocrx_word' id='word_1_495' title='bbox 2497 3051 2595 3116; x_wconf 79' lang='grc' dir='ltr'><strong>μὲν</strong></span> <span class='ocrx_word' id='word_1_496' title='bbox 2621 3049 2888 3109; x_wconf 83' lang='grc' dir='ltr'>Φίλιππος</span> <span class='ocrx_word' id='word_1_497' title='bbox 2930 3049 3295 3117; x_wconf 82' lang='grc' dir='ltr'>ἀπεπέμπετο</span> <span class='ocrx_word' id='word_1_498' title='bbox 3325 3051 3399 3111; x_wconf 83' lang='grc' dir='ltr'><strong>ῶς</strong></span> <span class='ocrx_word' id='word_1_499' title='bbox 3433 3053 3476 3082; x_wconf 69' lang='grc'><strong>’³</strong></span> <span class='ocrx_word' id='word_1_500' title='bbox 3519 3054 3608 3103; x_wconf 78' lang='grc' dir='ltr'><strong>τὸν</strong></span> <span class='ocrx_word' id='word_1_501' title='bbox 3640 3053 3925 3122; x_wconf 85' lang='grc' dir='ltr'>ἀναϐάτην</span> <span class='ocrx_word' id='word_1_502' title='bbox 3963 3057 4020 3107; x_wconf 85' lang='grc' dir='ltr'><strong>οὐ</strong></span> 
     </span>
    </p>
   </div>
   <div class='ocr_carea' id='block_1_76' title="bbox 2432 3139 4021 3209">
    <p class='ocr_par' dir='ltr' id='par_1_76' title="bbox 2432 3139 4021 3209">
     <span class='ocr_line' id='line_1_76' title="bbox 2432 3139 4021 3209; baseline 0.004 -20"><span class='ocrx_word' id='word_1_503' title='bbox 2432 3140 2721 3207; x_wconf 73' lang='grc' dir='ltr'>δεχόμενον</span> <span class='ocrx_word' id='word_1_504' title='bbox 2754 3139 2877 3190; x_wconf 72' lang='grc' dir='ltr'>οὐδὲ</span> <span class='ocrx_word' id='word_1_505' title='bbox 2913 3140 3099 3208; x_wconf 83' lang='grc' dir='ltr'>φωνήν</span> <span class='ocrx_word' id='word_1_506' title='bbox 3134 3156 3277 3200; x_wconf 80' lang='grc' dir='ltr'>τινος</span> <span class='ocrx_word' id='word_1_507' title='bbox 3324 3141 3432 3193; x_wconf 88' lang='grc' dir='ltr'><strong>τῶν</strong></span> <span class='ocrx_word' id='word_1_508' title='bbox 3461 3142 3587 3209; x_wconf 78' lang='grc' dir='ltr'>περὶ</span> <span class='ocrx_word' id='word_1_509' title='bbox 3634 3142 3726 3193; x_wconf 82' lang='grc' dir='ltr'><strong>τὸν</strong></span> <span class='ocrx_word' id='word_1_510' title='bbox 3758 3144 4021 3195; x_wconf 82' lang='grc' dir='ltr'>Φίλιππον</span> 
     </span>
    </p>
   </div>
   <div class='ocr_carea' id='block_1_77' title="bbox 2436 3230 4020 3302">
    <p class='ocr_par' dir='ltr' id='par_1_77' title="bbox 2436 3230 4020 3302">
     <span class='ocr_line' id='line_1_77' title="bbox 2436 3230 4020 3302; baseline 0.004 -23"><span class='ocrx_word' id='word_1_511' title='bbox 2436 3230 2775 3297; x_wconf 76' lang='grc' dir='ltr'>ὑπομένοντα</span> <span class='ocrx_word' id='word_1_512' title='bbox 2797 3244 2809 3255; x_wconf 86' lang='grc'><em>’</em></span> <span class='ocrx_word' id='word_1_513' title='bbox 2842 3230 2869 3279; x_wconf 88' lang='grc' dir='ltr'><strong>ό</strong></span> <span class='ocrx_word' id='word_1_514' title='bbox 2902 3231 2957 3281; x_wconf 81' lang='grc' dir='ltr'>δὲ</span> <span class='ocrx_word' id='word_1_515' title='bbox 2996 3230 3343 3299; x_wconf 77' lang='grc' dir='ltr'>Ἀλέξανδρος</span> <span class='ocrx_word' id='word_1_516' title='bbox 3379 3231 3735 3300; x_wconf 72' lang='grc' dir='ltr'>μεμψάμενος</span> <span class='ocrx_word' id='word_1_517' title='bbox 3758 3234 3861 3302; x_wconf 68' lang='grc' dir='ltr'><strong>τὴν</strong></span> <span class='ocrx_word' id='word_1_518' title='bbox 3888 3238 4020 3287; x_wconf 77' lang='grc' dir='ltr'>ἁπο-</span> 
     </span>
    </p>
   </div>
   <div class='ocr_carea' id='block_1_78' title="bbox 2438 3320 4021 3393">
    <p class='ocr_par' dir='ltr' id='par_1_78' title="bbox 2438 3320 4021 3393">
     <span class='ocr_line' id='line_1_78' title="bbox 2438 3320 4021 3393; baseline 0.005 -24"><span class='ocrx_word' id='word_1_519' title='bbox 2438 3320 2665 3389; x_wconf 81' lang='grc' dir='ltr'>πομπὴν</span> <span class='ocrx_word' id='word_1_520' title='bbox 2694 3320 2788 3371; x_wconf 82' lang='grc' dir='ltr'><strong>τοῦ</strong></span> <span class='ocrx_word' id='word_1_521' title='bbox 2827 3322 2995 3372; x_wconf 84' lang='grc' dir='ltr'>ἵππου</span> <span class='ocrx_word' id='word_1_522' title='bbox 3023 3323 3265 3389; x_wconf 73' lang='grc' dir='ltr'>ᾐτήσατο</span> <span class='ocrx_word' id='word_1_523' title='bbox 3299 3322 3448 3391; x_wconf 83' lang='grc' dir='ltr'><strong>παρά</strong></span> <span class='ocrx_word' id='word_1_524' title='bbox 3471 3324 3562 3373; x_wconf 75' lang='grc' dir='ltr'><strong>τοῦ</strong></span> <span class='ocrx_word' id='word_1_525' title='bbox 3601 3326 3809 3393; x_wconf 59' lang='grc' dir='ltr'>πατρὶς</span> <span class='ocrx_word' id='word_1_526' title='bbox 3842 3327 4021 3377; x_wconf 80' lang='grc' dir='ltr'>λαϐεῖν</span> 
     </span>
    </p>
   </div>
   <div class='ocr_carea' id='block_1_79' title="bbox 2440 3410 4020 3485">
    <p class='ocr_par' dir='ltr' id='par_1_79' title="bbox 2440 3410 4020 3485">
     <span class='ocr_line' id='line_1_79' title="bbox 2440 3410 4020 3485; baseline 0.004 -22"><span class='ocrx_word' id='word_1_527' title='bbox 2440 3412 2623 3474; x_wconf 83' lang='grc' dir='ltr'>αὐτὸν,</span> <span class='ocrx_word' id='word_1_528' title='bbox 2650 3413 2745 3467; x_wconf 74' lang='grc' dir='ltr'><strong>καὶ</strong></span> <span class='ocrx_word' id='word_1_529' title='bbox 2781 3410 2962 3463; x_wconf 88' lang='grc' dir='ltr'>λαϐὼν</span> <span class='ocrx_word' id='word_1_530' title='bbox 3023 3414 3116 3463; x_wconf 86' lang='grc' dir='ltr'><strong>τὸν</strong></span> <span class='ocrx_word' id='word_1_531' title='bbox 3160 3412 3419 3464; x_wconf 82' lang='grc' dir='ltr'>δοκοῦντα</span> <span class='ocrx_word' id='word_1_532' title='bbox 3461 3414 3626 3465; x_wconf 78' lang='grc' dir='ltr'>ἵππον</span> <span class='ocrx_word' id='word_1_533' title='bbox 3657 3416 3855 3485; x_wconf 82' lang='grc' dir='ltr'>ἄγριον</span> <span class='ocrx_word' id='word_1_534' title='bbox 3886 3415 4020 3470; x_wconf 84' lang='grc' dir='ltr'>εἷναι</span> 
     </span>
    </p>
   </div>
   <div class='ocr_carea' id='block_1_80' title="bbox 2435 3503 4017 3574">
    <p class='ocr_par' dir='ltr' id='par_1_80' title="bbox 2435 3503 4017 3574">
     <span class='ocr_line' id='line_1_80' title="bbox 2435 3503 4017 3574; baseline 0.005 -21"><span class='ocrx_word' id='word_1_535' title='bbox 2435 3503 2567 3573; x_wconf 83' lang='grc' dir='ltr'>πρὸς</span> <span class='ocrx_word' id='word_1_536' title='bbox 2601 3504 2831 3565; x_wconf 84' lang='grc' dir='ltr'>πάντας,</span> <span class='ocrx_word' id='word_1_537' title='bbox 2874 3504 2922 3554; x_wconf 88' lang='grc' dir='ltr'>οἳ</span> <span class='ocrx_word' id='word_1_538' title='bbox 2986 3505 3294 3574; x_wconf 78' lang='grc' dir='ltr'>προσῄεσαν</span> <span class='ocrx_word' id='word_1_539' title='bbox 3339 3505 3509 3574; x_wconf 85' lang='grc' dir='ltr'>αὑτῷ,</span> <span class='ocrx_word' id='word_1_540' title='bbox 3563 3508 3655 3559; x_wconf 74' lang='grc' dir='ltr'><strong>καὶ</strong></span> <span class='ocrx_word' id='word_1_541' title='bbox 3692 3508 4017 3573; x_wconf 72' lang='grc' dir='ltr'>ἀκόλαστον,</span> 
     </span>
    </p>
   </div>
   <div class='ocr_carea' id='block_1_81' title="bbox 2435 3593 4020 3668">
    <p class='ocr_par' dir='ltr' id='par_1_81' title="bbox 2435 3593 4020 3668">
     <span class='ocr_line' id='line_1_81' title="bbox 2435 3593 4020 3668; baseline 0.006 -24"><span class='ocrx_word' id='word_1_542' title='bbox 2435 3594 2806 3663; x_wconf 84' lang='grc' dir='ltr'>προσδραμὼν</span> <span class='ocrx_word' id='word_1_543' title='bbox 2838 3593 2915 3662; x_wconf 81' lang='grc' dir='ltr'><strong>τῷ</strong></span> <span class='ocrx_word' id='word_1_544' title='bbox 2949 3596 3102 3663; x_wconf 79' lang='grc' dir='ltr'>ἵππῳ</span> <span class='ocrx_word' id='word_1_545' title='bbox 3151 3597 3247 3646; x_wconf 81' lang='grc' dir='ltr'>καὶ</span> <span class='ocrx_word' id='word_1_546' title='bbox 3298 3596 3633 3662; x_wconf 87' lang='grc' dir='ltr'>παραλαϐὼν</span> <span class='ocrx_word' id='word_1_547' title='bbox 3678 3600 3778 3667; x_wconf 87' lang='grc' dir='ltr'>τὴν</span> <span class='ocrx_word' id='word_1_548' title='bbox 3813 3602 3969 3668; x_wconf 76' lang='grc' dir='ltr'>ἡνίαν</span> <span class='ocrx_word' id='word_1_549' title='bbox 3996 3606 4020 3653; x_wconf 87' lang='grc' dir='ltr'>ὁ</span> 
     </span>
    </p>
   </div>
   <div class='ocr_carea' id='block_1_82' title="bbox 2444 3685 4018 3759">
    <p class='ocr_par' dir='ltr' id='par_1_82' title="bbox 2444 3685 4018 3759">
     <span class='ocr_line' id='line_1_82' title="bbox 2444 3685 4018 3759; baseline 0.006 -24"><span class='ocrx_word' id='word_1_550' title='bbox 2444 3685 2795 3754; x_wconf 79' lang='grc' dir='ltr'>Ἀλέξανδρος</span> <span class='ocrx_word' id='word_1_551' title='bbox 2846 3686 3148 3755; x_wconf 74' lang='grc' dir='ltr'>ἐπέστρεψε</span> <span class='ocrx_word' id='word_1_552' title='bbox 3197 3689 3335 3755; x_wconf 85' lang='grc' dir='ltr'>πρὸς</span> <span class='ocrx_word' id='word_1_553' title='bbox 3370 3690 3460 3741; x_wconf 84' lang='grc' dir='ltr'><strong>τὸν</strong></span> <span class='ocrx_word' id='word_1_554' title='bbox 3502 3691 3675 3759; x_wconf 77' lang='grc' dir='ltr'>ἥλιον,</span> <span class='ocrx_word' id='word_1_555' title='bbox 3713 3691 3791 3754; x_wconf 87' lang='grc' dir='ltr'>ὠς</span> <span class='ocrx_word' id='word_1_556' title='bbox 3824 3695 4018 3755; x_wconf 79' lang='grc' dir='ltr'>ἔοικεν,</span> 
     </span>
    </p>
   </div>
   <div class='ocr_carea' id='block_1_83' title="bbox 2431 3776 4020 3847">
    <p class='ocr_par' dir='ltr' id='par_1_83' title="bbox 2431 3776 4020 3847">
     <span class='ocr_line' id='line_1_83' title="bbox 2431 3776 4020 3847; baseline 0.005 -19"><span class='ocrx_word' id='word_1_557' title='bbox 2431 3778 2695 3846; x_wconf 78' lang='grc' dir='ltr'>ἐννοήσας</span> <span class='ocrx_word' id='word_1_558' title='bbox 2726 3778 2807 3828; x_wconf 87' lang='grc' dir='ltr'><strong>ὃτι</strong></span> <span class='ocrx_word' id='word_1_559' title='bbox 2840 3778 2938 3845; x_wconf 82' lang='grc' dir='ltr'><strong>τὴν</strong></span> <span class='ocrx_word' id='word_1_560' title='bbox 2977 3776 3134 3828; x_wconf 80' lang='grc' dir='ltr'>σκιάν</span> <span class='ocrx_word' id='word_1_561' title='bbox 3169 3781 3622 3847; x_wconf 83' lang='grc' dir='ltr'>προσπίπτουσαν</span> <span class='ocrx_word' id='word_1_562' title='bbox 3664 3783 3760 3835; x_wconf 71' lang='grc' dir='ltr'><strong>καὶ</strong></span> <span class='ocrx_word' id='word_1_563' title='bbox 3793 3786 4020 3836; x_wconf 75' lang='grc' dir='ltr'>σαλευο-</span> 
     </span>
    </p>
   </div>
   <div class='ocr_carea' id='block_1_84' title="bbox 2436 3869 4016 3944">
    <p class='ocr_par' dir='ltr' id='par_1_84' title="bbox 2436 3869 4016 3944">
     <span class='ocr_line' id='line_1_84' title="bbox 2436 3869 4016 3944; baseline 0.006 -25"><span class='ocrx_word' id='word_1_564' title='bbox 2436 3869 2605 3936; x_wconf 81' lang='grc' dir='ltr'>μένην</span> <span class='ocrx_word' id='word_1_565' title='bbox 2651 3870 2792 3937; x_wconf 80' lang='grc' dir='ltr'>όρῶν</span> <span class='ocrx_word' id='word_1_566' title='bbox 2841 3869 2947 3939; x_wconf 84' lang='grc' dir='ltr'><strong>πρὸ</strong></span> <span class='ocrx_word' id='word_1_567' title='bbox 2982 3869 3026 3899; x_wconf 73' lang='grc' dir='ltr'><strong><em>η</em></strong></span> <span class='ocrx_word' id='word_1_568' title='bbox 3080 3870 3243 3922; x_wconf 85' lang='grc' dir='ltr'>αὐτοῦ</span> <span class='ocrx_word' id='word_1_569' title='bbox 3287 3870 3535 3944; x_wconf 70' lang='grc'><strong>[64611.]</strong></span> <span class='ocrx_word' id='word_1_570' title='bbox 3584 3875 4016 3944; x_wconf 79' lang='grc' dir='ltr'>διαταράττοιτο.</span> 
     </span>
    </p>
   </div>
   <div class='ocr_carea' id='block_1_85' title="bbox 2431 3960 4018 4035">
    <p class='ocr_par' dir='ltr' id='par_1_85' title="bbox 2431 3960 4018 4035">
     <span class='ocr_line' id='line_1_85' title="bbox 2431 3960 4018 4035; baseline 0.005 -25"><span class='ocrx_word' id='word_1_571' title='bbox 2431 3960 2621 4027; x_wconf 85' lang='grc' dir='ltr'>Μικρά</span> <span class='ocrx_word' id='word_1_572' title='bbox 2666 3960 2723 4011; x_wconf 87' lang='grc' dir='ltr'>δὲ</span> <span class='ocrx_word' id='word_1_573' title='bbox 2778 3960 2917 4011; x_wconf 80' lang='grc' dir='ltr'>οὕτω</span> <span class='ocrx_word' id='word_1_574' title='bbox 2948 3962 3392 4028; x_wconf 86' lang='grc' dir='ltr'>παρακαλπάσας</span> <span class='ocrx_word' id='word_1_575' title='bbox 3438 3966 3532 4015; x_wconf 70' lang='grc' dir='ltr'><strong>καὶ</strong></span> <span class='ocrx_word' id='word_1_576' title='bbox 3582 3966 3912 4035; x_wconf 83' lang='grc' dir='ltr'>καταψήσας</span> <span class='ocrx_word' id='word_1_577' title='bbox 3948 3968 4018 4028; x_wconf 81' lang='grc' dir='ltr'>ὡς</span> 
     </span>
    </p>
   </div>
   <div class='ocr_carea' id='block_1_86' title="bbox 2431 4049 4020 4127">
    <p class='ocr_par' dir='ltr' id='par_1_86' title="bbox 2431 4049 4020 4127">
     <span class='ocr_line' id='line_1_86' title="bbox 2431 4049 4020 4127; baseline 0.005 -26"><span class='ocrx_word' id='word_1_578' title='bbox 2431 4049 2578 4119; x_wconf 81' lang='grc' dir='ltr'>ἑώρα</span> <span class='ocrx_word' id='word_1_579' title='bbox 2601 4050 2775 4119; x_wconf 84' lang='grc' dir='ltr'>θυμοῦ</span> <span class='ocrx_word' id='word_1_580' title='bbox 2808 4051 3189 4120; x_wconf 84' lang='grc' dir='ltr'>πληρούμενον</span> <span class='ocrx_word' id='word_1_581' title='bbox 3210 4053 3347 4120; x_wconf 83' lang='grc' dir='ltr'>ὁμοῦ</span> <span class='ocrx_word' id='word_1_582' title='bbox 3373 4055 3465 4105; x_wconf 74' lang='grc' dir='ltr'>καὶ</span> <span class='ocrx_word' id='word_1_583' title='bbox 3496 4055 3831 4123; x_wconf 83' lang='grc' dir='ltr'>πνεύματος,</span> <span class='ocrx_word' id='word_1_584' title='bbox 3850 4060 4020 4127; x_wconf 71' lang='grc' dir='ltr'>ἀπορ-</span> 
     </span>
    </p>
   </div>
   <div class='ocr_carea' id='block_1_87' title="bbox 2433 4143 4017 4213">
    <p class='ocr_par' dir='ltr' id='par_1_87' title="bbox 2433 4143 4017 4213">
     <span class='ocr_line' id='line_1_87' title="bbox 2433 4143 4017 4213; baseline 0.004 -21"><span class='ocrx_word' id='word_1_585' title='bbox 2433 4143 2595 4210; x_wconf 79' lang='grc' dir='ltr'>ρίψας</span> <span class='ocrx_word' id='word_1_586' title='bbox 2625 4145 2799 4213; x_wconf 86' lang='grc' dir='ltr'>ἡσυχῇ</span> <span class='ocrx_word' id='word_1_587' title='bbox 2844 4146 2943 4211; x_wconf 78' lang='grc' dir='ltr'>τὴν</span> <span class='ocrx_word' id='word_1_588' title='bbox 3000 4143 3250 4212; x_wconf 87' lang='grc' dir='ltr'>χλαμύδα</span> <span class='ocrx_word' id='word_1_589' title='bbox 3290 4146 3383 4196; x_wconf 77' lang='grc' dir='ltr'><strong>καὶ</strong></span> <span class='ocrx_word' id='word_1_590' title='bbox 3440 4148 3781 4213; x_wconf 73' lang='grc' dir='ltr'>μετεωρίσας</span> <span class='ocrx_word' id='word_1_591' title='bbox 3828 4150 4017 4199; x_wconf 68' lang='grc' dir='ltr'>ἑαυτὸι</span> 
     </span>
    </p>
   </div>
   <div class='ocr_carea' id='block_1_88' title="bbox 2430 4229 4014 4305">
    <p class='ocr_par' dir='ltr' id='par_1_88' title="bbox 2430 4229 4014 4305">
     <span class='ocr_line' id='line_1_88' title="bbox 2430 4229 4014 4305; baseline 0.005 -20"><span class='ocrx_word' id='word_1_592' title='bbox 2430 4234 2686 4302; x_wconf 79' lang='grc' dir='ltr'>ἀσφαλῶς</span> <span class='ocrx_word' id='word_1_593' title='bbox 2713 4235 2968 4302; x_wconf 77' lang='grc' dir='ltr'>περιέϐη,</span> <span class='ocrx_word' id='word_1_594' title='bbox 2989 4229 3081 4285; x_wconf 74' lang='grc' dir='ltr'><strong>καῖ</strong></span> <span class='ocrx_word' id='word_1_595' title='bbox 3102 4235 3337 4303; x_wconf 72' lang='grc' dir='ltr'>ἤλαυνεν</span> <span class='ocrx_word' id='word_1_596' title='bbox 3362 4237 3467 4287; x_wconf 84' lang='grc' dir='ltr'><strong>ἀνά</strong></span> <span class='ocrx_word' id='word_1_597' title='bbox 3488 4238 3687 4305; x_wconf 88' lang='grc' dir='ltr'>κράτος</span> <span class='ocrx_word' id='word_1_598' title='bbox 3714 4241 3807 4289; x_wconf 73' lang='grc' dir='ltr'>τὸν</span> <span class='ocrx_word' id='word_1_599' title='bbox 3828 4241 4014 4293; x_wconf 83' lang='grc' dir='ltr'>ἵππον.</span> 
     </span>
    </p>
   </div>
   <div class='ocr_carea' id='block_1_89' title="bbox 2430 4324 4018 4398">
    <p class='ocr_par' dir='ltr' id='par_1_89' title="bbox 2430 4324 4018 4398">
     <span class='ocr_line' id='line_1_89' title="bbox 2430 4324 4018 4398; baseline 0.003 -21"><span class='ocrx_word' id='word_1_600' title='bbox 2430 4326 2539 4377; x_wconf 76' lang='grc' dir='ltr'><strong>Καὶ</strong></span> <span class='ocrx_word' id='word_1_601' title='bbox 2569 4328 2683 4386; x_wconf 88' lang='grc' dir='ltr'>τοῖς</span> <span class='ocrx_word' id='word_1_602' title='bbox 2715 4326 2810 4392; x_wconf 80' lang='grc' dir='ltr'><strong>μὲν</strong></span> <span class='ocrx_word' id='word_1_603' title='bbox 2838 4324 2954 4385; x_wconf 82' lang='grc' dir='ltr'>δέος</span> <span class='ocrx_word' id='word_1_604' title='bbox 2986 4325 3081 4376; x_wconf 74' lang='grc' dir='ltr'><strong>καὶ</strong></span> <span class='ocrx_word' id='word_1_605' title='bbox 3111 4325 3259 4392; x_wconf 85' lang='grc' dir='ltr'>ἀγὼν</span> <span class='ocrx_word' id='word_1_606' title='bbox 3284 4327 3560 4385; x_wconf 74' lang='grc' dir='ltr'>ἐνέπιπτε,</span> <span class='ocrx_word' id='word_1_607' title='bbox 3598 4330 3673 4397; x_wconf 89' lang='grc' dir='ltr'><strong>μή</strong></span> <span class='ocrx_word' id='word_1_608' title='bbox 3707 4347 3759 4380; x_wconf 91' lang='grc' dir='ltr'><strong>τι</strong></span> <span class='ocrx_word' id='word_1_609' title='bbox 3802 4331 3867 4381; x_wconf 80' lang='grc' dir='ltr'><strong>τὸ</strong></span> <span class='ocrx_word' id='word_1_610' title='bbox 3896 4348 4018 4398; x_wconf 88' lang='grc' dir='ltr'>μει-</span> 
     </span>
    </p>
   </div>
   <div class='ocr_carea' id='block_1_90' title="bbox 2434 4412 4015 4493">
    <p class='ocr_par' dir='ltr' id='par_1_90' title="bbox 2434 4412 4015 4493">
     <span class='ocr_line' id='line_1_90' title="bbox 2434 4412 4015 4493; baseline 0.005 -26"><span class='ocrx_word' id='word_1_611' title='bbox 2434 4416 2623 4484; x_wconf 83' lang='grc' dir='ltr'>ράκιον</span> <span class='ocrx_word' id='word_1_612' title='bbox 2656 4416 2825 4487; x_wconf 77' lang='grc' dir='ltr'>πάθῃ,</span> <span class='ocrx_word' id='word_1_613' title='bbox 2854 4418 2964 4477; x_wconf 86' lang='grc' dir='ltr'>τοῖς</span> <span class='ocrx_word' id='word_1_614' title='bbox 2990 4415 3043 4467; x_wconf 76' lang='grc' dir='ltr'>δὲ</span> <span class='ocrx_word' id='word_1_615' title='bbox 3072 4417 3264 4485; x_wconf 84' lang='grc' dir='ltr'>κρότος</span> <span class='ocrx_word' id='word_1_616' title='bbox 3315 4412 3385 4487; x_wconf 85' lang='grc' dir='ltr'>ἦν</span> <span class='ocrx_word' id='word_1_617' title='bbox 3416 4419 3613 4486; x_wconf 78' lang='grc' dir='ltr'>χειρῶν</span> <span class='ocrx_word' id='word_1_618' title='bbox 3653 4423 3747 4472; x_wconf 86' lang='grc' dir='ltr'><strong>καί</strong></span> <span class='ocrx_word' id='word_1_619' title='bbox 3780 4427 4015 4493; x_wconf 71' lang='grc' dir='ltr'>τερπνὶν</span> 
     </span>
    </p>
   </div>
   <div class='ocr_carea' id='block_1_91' title="bbox 2431 4505 4013 4579">
    <p class='ocr_par' dir='ltr' id='par_1_91' title="bbox 2431 4505 4013 4579">
     <span class='ocr_line' id='line_1_91' title="bbox 2431 4505 4013 4579; baseline 0.008 -23"><span class='ocrx_word' id='word_1_620' title='bbox 2431 4508 2649 4573; x_wconf 76' lang='grc' dir='ltr'><strong>θέαμα⁸</strong></span> <span class='ocrx_word' id='word_1_621' title='bbox 2709 4508 2920 4569; x_wconf 89' lang='grc' dir='ltr'>πάντας</span> <span class='ocrx_word' id='word_1_622' title='bbox 2963 4506 3008 4557; x_wconf 79' lang='grc' dir='ltr'>δ’</span> <span class='ocrx_word' id='word_1_623' title='bbox 3065 4508 3266 4576; x_wconf 81' lang='grc' dir='ltr'>ὁμοίως</span> <span class='ocrx_word' id='word_1_624' title='bbox 3299 4505 3445 4577; x_wconf 79' lang='grc' dir='ltr'>εἶχεν</span> <span class='ocrx_word' id='word_1_625' title='bbox 3504 4510 3790 4579; x_wconf 75' lang='grc' dir='ltr'>ἔκπληξις.</span> <span class='ocrx_word' id='word_1_626' title='bbox 3836 4515 3925 4578; x_wconf 81' lang='grc' dir='ltr'>Ὠς</span> <span class='ocrx_word' id='word_1_627' title='bbox 3959 4518 4013 4568; x_wconf 74' lang='grc' dir='ltr'>δὲ</span> 
     </span>
    </p>
   </div>
   <div class='ocr_carea' id='block_1_92' title="bbox 742 4594 2328 4677">
    <p class='ocr_par' dir='ltr' id='par_1_92' title="bbox 742 4594 2325 4663">
     <span class='ocr_line' id='line_1_92' title="bbox 742 4594 2325 4663; baseline 0 -16"><span class='ocrx_word' id='word_1_628' title='bbox 742 4603 1218 4655; x_wconf 86' lang='lat' dir='ltr'><strong>commemoratur,</strong></span> <span class='ocrx_word' id='word_1_629' title='bbox 1240 4605 1513 4661; x_wconf 86' lang='lat' dir='ltr'><strong>caputque</strong></span> <span class='ocrx_word' id='word_1_630' title='bbox 1547 4594 1662 4657; x_wconf 83' lang='lat' dir='ltr'><strong>lilii,</strong></span> <span class='ocrx_word' id='word_1_631' title='bbox 1690 4610 1811 4647; x_wconf 91' lang='lat' dir='ltr'><strong>cum</strong></span> <span class='ocrx_word' id='word_1_632' title='bbox 1842 4598 1907 4645; x_wconf 90' lang='lat' dir='ltr'><strong>ah</strong></span> <span class='ocrx_word' id='word_1_633' title='bbox 1934 4611 2074 4663; x_wconf 89' lang='lat' dir='ltr'><strong>equo</strong></span> <span class='ocrx_word' id='word_1_634' title='bbox 2104 4598 2325 4649; x_wconf 81' lang='lat' dir='ltr'><strong>descen-</strong></span> 
     </span>
    </p>
   </div>
   <div class='ocr_carea' id='block_1_93' title="bbox 2432 4594 4013 4677">
    <p class='ocr_par' dir='ltr' id='par_1_93' title="bbox 2432 4601 4013 4677">
     <span class='ocr_line' id='line_1_93' title="bbox 2432 4601 4013 4677; baseline 0.005 -26"><span class='ocrx_word' id='word_1_635' title='bbox 2432 4601 2655 4669; x_wconf 82' lang='grc' dir='ltr'>κάμψας</span> <span class='ocrx_word' id='word_1_636' title='bbox 2687 4602 3031 4671; x_wconf 83' lang='grc' dir='ltr'>ὑπέστρεψεν</span> <span class='ocrx_word' id='word_1_637' title='bbox 3077 4602 3251 4668; x_wconf 80' lang='grc' dir='ltr'>ὀρθῶς</span> <span class='ocrx_word' id='word_1_638' title='bbox 3280 4604 3507 4672; x_wconf 71' lang='grc' dir='ltr'>σοϐαρὸς</span> <span class='ocrx_word' id='word_1_639' title='bbox 3554 4605 3675 4635; x_wconf 76' lang='grc'><strong>¹⁷³¹⁹</strong></span> <span class='ocrx_word' id='word_1_640' title='bbox 3719 4608 3812 4658; x_wconf 79' lang='grc' dir='ltr'>καὶ</span> <span class='ocrx_word' id='word_1_641' title='bbox 3845 4624 4013 4677; x_wconf 81' lang='grc' dir='ltr'>γεγη-</span> 
     </span>
    </p>
   </div>
   <div class='ocr_carea' id='block_1_94' title="bbox 744 4682 2329 4751">
    <p class='ocr_par' dir='ltr' id='par_1_94' title="bbox 744 4682 2329 4751">
     <span class='ocr_line' id='line_1_94' title="bbox 744 4682 2329 4751; baseline 0.002 -17"><span class='ocrx_word' id='word_1_642' title='bbox 744 4686 941 4745; x_wconf 89' lang='lat' dir='ltr'><strong>disset,</strong></span> <span class='ocrx_word' id='word_1_643' title='bbox 982 4684 1257 4735; x_wconf 87' lang='lat' dir='ltr'><strong>osculatus</strong></span> <span class='ocrx_word' id='word_1_644' title='bbox 1293 4684 1495 4735; x_wconf 79' lang='lat' dir='ltr'><strong>dixisse</strong></span> <span class='ocrx_word' id='word_1_645' title='bbox 1536 4700 1549 4734; x_wconf 89' lang='lat'>:</span> <span class='ocrx_word' id='word_1_646' title='bbox 1589 4682 1631 4735; x_wconf 85' lang='lat'><em>0</em></span> <span class='ocrx_word' id='word_1_647' title='bbox 1669 4697 1805 4746; x_wconf 79' lang='lat' dir='ltr'><strong>nate,</strong></span> <span class='ocrx_word' id='word_1_648' title='bbox 1854 4700 2069 4751; x_wconf 78' lang='lat' dir='ltr'><strong>regnum</strong></span> <span class='ocrx_word' id='word_1_649' title='bbox 2099 4685 2191 4735; x_wconf 83' lang='lat' dir='ltr'><strong>tibi</strong></span> <span class='ocrx_word' id='word_1_650' title='bbox 2231 4704 2329 4751; x_wconf 77' lang='lat' dir='ltr'><strong>par</strong></span> 
     </span>
    </p>
   </div>
   <div class='ocr_carea' id='block_1_95' title="bbox 742 4772 2322 4842">
    <p class='ocr_par' dir='ltr' id='par_1_95' title="bbox 742 4772 2322 4842">
     <span class='ocr_line' id='line_1_95' title="bbox 742 4772 2322 4842; baseline 0.001 -17"><span class='ocrx_word' id='word_1_651' title='bbox 742 4790 936 4842; x_wconf 63' lang='grc' dir='ltr'>(ματη,</span> <span class='ocrx_word' id='word_1_652' title='bbox 986 4772 1297 4825; x_wconf 83' lang='lat' dir='ltr'><strong>Macedonia</strong></span> <span class='ocrx_word' id='word_1_653' title='bbox 1344 4776 1485 4825; x_wconf 82' lang='lat' dir='ltr'><strong>enim</strong></span> <span class='ocrx_word' id='word_1_654' title='bbox 1541 4784 1588 4825; x_wconf 82' lang='lat' dir='ltr'><strong>te</strong></span> <span class='ocrx_word' id='word_1_655' title='bbox 1632 4790 1734 4826; x_wconf 84' lang='lat' dir='ltr'><strong>non</strong></span> <span class='ocrx_word' id='word_1_656' title='bbox 1780 4776 1943 4842; x_wconf 82' lang='lat' dir='ltr'><strong>capit.</strong></span> <span class='ocrx_word' id='word_1_657' title='bbox 1997 4775 2322 4842; x_wconf 75' lang='lat' dir='ltr'><strong>Alexander,</strong></span> 
     </span>
    </p>
   </div>
   <div class='ocr_carea' id='block_1_96' title="bbox 741 4866 2321 4935">
    <p class='ocr_par' dir='ltr' id='par_1_96' title="bbox 741 4866 2321 4935">
     <span class='ocr_line' id='line_1_96' title="bbox 741 4866 2321 4935; baseline -0.002 -14"><span class='ocrx_word' id='word_1_658' title='bbox 741 4870 941 4933; x_wconf 85' lang='lat' dir='ltr'><strong>inquit,</strong></span> <span class='ocrx_word' id='word_1_659' title='bbox 978 4870 1214 4933; x_wconf 85' lang='lat' dir='ltr'><strong>seipsum</strong></span> <span class='ocrx_word' id='word_1_660' title='bbox 1244 4866 1464 4918; x_wconf 85' lang='lat' dir='ltr'><strong>vincere</strong></span> <span class='ocrx_word' id='word_1_661' title='bbox 1496 4879 1657 4932; x_wconf 82' lang='lat' dir='ltr'><strong>quam</strong></span> <span class='ocrx_word' id='word_1_662' title='bbox 1688 4867 1869 4919; x_wconf 85' lang='lat' dir='ltr'><strong>hostes</strong></span> <span class='ocrx_word' id='word_1_663' title='bbox 1906 4869 2075 4933; x_wconf 82' lang='lat' dir='ltr'><strong>magis</strong></span> <span class='ocrx_word' id='word_1_664' title='bbox 2113 4869 2321 4935; x_wconf 77' lang='lat' dir='ltr'><strong>regium</strong></span> 
     </span>
    </p>
   </div>
   <div class='ocr_carea' id='block_1_97' title="bbox 740 4956 2319 5024">
    <p class='ocr_par' dir='ltr' id='par_1_97' title="bbox 740 4956 2319 5024">
     <span class='ocr_line' id='line_1_97' title="bbox 740 4956 2319 5024; baseline -0.006 -8"><span class='ocrx_word' id='word_1_665' title='bbox 740 4960 1065 5016; x_wconf 73' lang='lat' dir='ltr'><strong>cnstituans</strong></span> <span class='ocrx_word' id='word_1_666' title='bbox 1109 4973 1263 5021; x_wconf 90' lang='lat' dir='ltr'><strong>esse,</strong></span> <span class='ocrx_word' id='word_1_667' title='bbox 1314 4973 1413 5010; x_wconf 90' lang='lat' dir='ltr'><strong>nec</strong></span> <span class='ocrx_word' id='word_1_668' title='bbox 1462 4957 1622 5008; x_wconf 91' lang='lat' dir='ltr'><strong>ullatn</strong></span> <span class='ocrx_word' id='word_1_669' title='bbox 1667 4956 1897 5009; x_wconf 85' lang='lat' dir='ltr'><strong>ﬁliarum</strong></span> <span class='ocrx_word' id='word_1_670' title='bbox 1934 4957 2076 5009; x_wconf 89' lang='lat' dir='ltr'><strong>Darii</strong></span> <span class='ocrx_word' id='word_1_671' title='bbox 2118 4957 2319 5024; x_wconf 82' lang='lat' dir='ltr'><strong>alioqui</strong></span> 
     </span>
    </p>
   </div>
   <div class='ocr_carea' id='block_1_98' title="bbox 743 5048 2329 5120">
    <p class='ocr_par' dir='ltr' id='par_1_98' title="bbox 743 5048 2329 5120">
     <span class='ocr_line' id='line_1_98' title="bbox 743 5048 2329 5120; baseline -0.003 -16"><span class='ocrx_word' id='word_1_672' title='bbox 743 5048 1261 5120; x_wconf 87' lang='lat' dir='ltr'><strong>pulcherrimarum,</strong></span> <span class='ocrx_word' id='word_1_673' title='bbox 1310 5063 1485 5115; x_wconf 91' lang='lat' dir='ltr'><strong>neque</strong></span> <span class='ocrx_word' id='word_1_674' title='bbox 1529 5048 1693 5100; x_wconf 88' lang='lat' dir='ltr'><strong>ullam</strong></span> <span class='ocrx_word' id='word_1_675' title='bbox 1738 5048 1896 5099; x_wconf 86' lang='lat' dir='ltr'><strong>aliam</strong></span> <span class='ocrx_word' id='word_1_676' title='bbox 1944 5056 2067 5099; x_wconf 89' lang='lat' dir='ltr'><strong>ante</strong></span> <span class='ocrx_word' id='word_1_677' title='bbox 2114 5050 2329 5115; x_wconf 84' lang='lat' dir='ltr'><strong>nuptias</strong></span> 
     </span>
    </p>
   </div>
   <div class='ocr_carea' id='block_1_99' title="bbox 742 5135 2327 5208">
    <p class='ocr_par' dir='ltr' id='par_1_99' title="bbox 742 5135 2327 5208">
     <span class='ocr_line' id='line_1_99' title="bbox 742 5135 2327 5208; baseline -0.001 -19"><span class='ocrx_word' id='word_1_678' title='bbox 742 5138 915 5208; x_wconf 78' lang='lat' dir='ltr'><strong>attigit</strong></span> <span class='ocrx_word' id='word_1_679' title='bbox 946 5136 1263 5198; x_wconf 82' lang='lat' dir='ltr'><strong>mulierem,</strong></span> <span class='ocrx_word' id='word_1_680' title='bbox 1302 5136 1529 5189; x_wconf 82' lang='lat' dir='ltr'><strong>Barsina</strong></span> <span class='ocrx_word' id='word_1_681' title='bbox 1560 5145 1812 5203; x_wconf 80' lang='lat' dir='ltr'><strong>excepta,</strong></span> <span class='ocrx_word' id='word_1_682' title='bbox 1856 5150 1977 5204; x_wconf 70' lang='lat' dir='ltr'><strong>quze</strong></span> <span class='ocrx_word' id='word_1_683' title='bbox 2010 5135 2167 5188; x_wconf 89' lang='lat' dir='ltr'><strong>vidua</strong></span> <span class='ocrx_word' id='word_1_684' title='bbox 2205 5138 2327 5188; x_wconf 82' lang='lat' dir='ltr'><strong>fuit.</strong></span> 
     </span>
    </p>
   </div>
   <div class='ocr_carea' id='block_1_100' title="bbox 740 5228 2332 5296">
    <p class='ocr_par' dir='ltr' id='par_1_100' title="bbox 740 5228 2332 5296">
     <span class='ocr_line' id='line_1_100' title="bbox 740 5228 2332 5296; baseline -0.001 -15"><span class='ocrx_word' id='word_1_685' title='bbox 740 5228 873 5281; x_wconf 90' lang='lat' dir='ltr'><strong>Cum</strong></span> <span class='ocrx_word' id='word_1_686' title='bbox 920 5240 1097 5285; x_wconf 89' lang='lat' dir='ltr'><strong>autem</strong></span> <span class='ocrx_word' id='word_1_687' title='bbox 1148 5228 1272 5283; x_wconf 78' lang='lat' dir='ltr'><strong>ovis</strong></span> <span class='ocrx_word' id='word_1_688' title='bbox 1311 5242 1508 5296; x_wconf 76' lang='lat' dir='ltr'><strong>agnum</strong></span> <span class='ocrx_word' id='word_1_689' title='bbox 1560 5228 1888 5296; x_wconf 90' lang='lat' dir='ltr'><strong>peperisset,</strong></span> <span class='ocrx_word' id='word_1_690' title='bbox 1932 5228 2023 5293; x_wconf 91' lang='lat' dir='ltr'><strong>qui</strong></span> <span class='ocrx_word' id='word_1_691' title='bbox 2062 5228 2113 5278; x_wconf 94' lang='lat' dir='ltr'><strong>iu</strong></span> <span class='ocrx_word' id='word_1_692' title='bbox 2156 5229 2332 5294; x_wconf 85' lang='lat' dir='ltr'><strong>capite</strong></span> 
     </span>
    </p>
   </div>
   <div class='ocr_carea' id='block_1_101' title="bbox 744 5316 2325 5389">
    <p class='ocr_par' dir='ltr' id='par_1_101' title="bbox 744 5316 2325 5389">
     <span class='ocr_line' id='line_1_101' title="bbox 744 5316 2325 5389; baseline -0.001 -17"><span class='ocrx_word' id='word_1_693' title='bbox 744 5320 968 5389; x_wconf 72' lang='lat' dir='ltr'><strong>ﬁguram</strong></span> <span class='ocrx_word' id='word_1_694' title='bbox 1006 5331 1060 5377; x_wconf 91' lang='lat' dir='ltr'><strong>et</strong></span> <span class='ocrx_word' id='word_1_695' title='bbox 1088 5324 1331 5378; x_wconf 81' lang='lat' dir='ltr'><strong>colorem</strong></span> <span class='ocrx_word' id='word_1_696' title='bbox 1367 5320 1541 5382; x_wconf 70' lang='lat' dir='ltr'><strong>tiaraa,</strong></span> <span class='ocrx_word' id='word_1_697' title='bbox 1572 5329 1625 5370; x_wconf 89' lang='lat' dir='ltr'><strong>et</strong></span> <span class='ocrx_word' id='word_1_698' title='bbox 1654 5332 1720 5371; x_wconf 79' lang='lat' dir='ltr'><strong>ex</strong></span> <span class='ocrx_word' id='word_1_699' title='bbox 1763 5326 1993 5385; x_wconf 88' lang='lat' dir='ltr'><strong>utraque</strong></span> <span class='ocrx_word' id='word_1_700' title='bbox 2026 5316 2141 5382; x_wconf 87' lang='lat' dir='ltr'><strong>ejus</strong></span> <span class='ocrx_word' id='word_1_701' title='bbox 2174 5327 2325 5385; x_wconf 87' lang='lat' dir='ltr'><strong>parte</strong></span> 
     </span>
    </p>
   </div>
   <div class='ocr_carea' id='block_1_102' title="bbox 2435 4692 4014 4771">
    <p class='ocr_par' dir='ltr' id='par_1_102' title="bbox 2435 4692 4014 4771">
     <span class='ocr_line' id='line_1_102' title="bbox 2435 4692 4014 4771; baseline 0.006 -29"><span class='ocrx_word' id='word_1_702' title='bbox 2435 4692 2563 4753; x_wconf 81' lang='grc' dir='ltr'>θῶς,</span> <span class='ocrx_word' id='word_1_703' title='bbox 2596 4693 2835 4752; x_wconf 82' lang='grc' dir='ltr'>ἆπαντες</span> <span class='ocrx_word' id='word_1_704' title='bbox 2870 4694 2969 4759; x_wconf 76' lang='grc' dir='ltr'><strong>μὲν</strong></span> <span class='ocrx_word' id='word_1_705' title='bbox 2996 4692 3274 4761; x_wconf 88' lang='grc' dir='ltr'>χαίροντες</span> <span class='ocrx_word' id='word_1_706' title='bbox 3306 4695 3665 4762; x_wconf 80' lang='grc' dir='ltr'>ἁνηλάλσξαν,</span> <span class='ocrx_word' id='word_1_707' title='bbox 3694 4700 3723 4749; x_wconf 87' lang='grc' dir='ltr'><strong>ό</strong></span> <span class='ocrx_word' id='word_1_708' title='bbox 3748 4699 3803 4750; x_wconf 87' lang='grc' dir='ltr'>δὲ</span> <span class='ocrx_word' id='word_1_709' title='bbox 3832 4704 4014 4771; x_wconf 73' lang='grc' dir='ltr'>πατὴρ</span> 
     </span>
    </p>
   </div>
   <div class='ocr_carea' id='block_1_103' title="bbox 2432 4783 4016 4855">
    <p class='ocr_par' dir='ltr' id='par_1_103' title="bbox 2432 4783 4016 4855">
     <span class='ocr_line' id='line_1_103' title="bbox 2432 4783 4016 4855; baseline 0.006 -21"><span class='ocrx_word' id='word_1_710' title='bbox 2432 4785 2525 4834; x_wconf 71' lang='grc' dir='ltr'><strong>καὶ</strong></span> <span class='ocrx_word' id='word_1_711' title='bbox 2554 4783 2821 4852; x_wconf 77' lang='grc' dir='ltr'>δακρῦσαι</span> <span class='ocrx_word' id='word_1_712' title='bbox 2857 4783 3078 4851; x_wconf 91' lang='grc' dir='ltr'>λέγεται</span> <span class='ocrx_word' id='word_1_713' title='bbox 3115 4785 3249 4853; x_wconf 83' lang='grc' dir='ltr'>πρὸς</span> <span class='ocrx_word' id='word_1_714' title='bbox 3302 4787 3400 4855; x_wconf 78' lang='grc' dir='ltr'><strong>τὴν</strong></span> <span class='ocrx_word' id='word_1_715' title='bbox 3434 4789 3629 4855; x_wconf 80' lang='grc' dir='ltr'>χαράν,</span> <span class='ocrx_word' id='word_1_716' title='bbox 3676 4792 4016 4853; x_wconf 83' lang='grc' dir='ltr'>καταϐάντος</span> 
     </span>
    </p>
   </div>
   <div class='ocr_carea' id='block_1_104' title="bbox 2428 4871 4015 4948">
    <p class='ocr_par' dir='ltr' id='par_1_104' title="bbox 2428 4871 4015 4948">
     <span class='ocr_line' id='line_1_104' title="bbox 2428 4871 4015 4948; baseline 0.006 -25"><span class='ocrx_word' id='word_1_717' title='bbox 2428 4872 2483 4923; x_wconf 86' lang='grc' dir='ltr'>δὲ</span> <span class='ocrx_word' id='word_1_718' title='bbox 2506 4872 2670 4923; x_wconf 74' lang='grc' dir='ltr'>αὐτοῦ</span> <span class='ocrx_word' id='word_1_719' title='bbox 2693 4876 2791 4940; x_wconf 80' lang='grc' dir='ltr'>τὴν</span> <span class='ocrx_word' id='word_1_720' title='bbox 2820 4874 3059 4939; x_wconf 74' lang='grc' dir='ltr'>κεφαλὴν</span> <span class='ocrx_word' id='word_1_721' title='bbox 3087 4875 3321 4943; x_wconf 86' lang='grc' dir='ltr'>φιλήσας</span> <span class='ocrx_word' id='word_1_722' title='bbox 3348 4916 3362 4938; x_wconf 90' lang='grc'><strong>,</strong></span> <span class='ocrx_word' id='word_1_723' title='bbox 3402 4871 3468 4927; x_wconf 84' lang='grc' dir='ltr'><strong><em>Ὦ</em></strong></span> <span class='ocrx_word' id='word_1_724' title='bbox 3495 4878 3621 4941; x_wconf 79' lang='grc' dir='ltr'>παῖ,</span> <span class='ocrx_word' id='word_1_725' title='bbox 3647 4882 3835 4944; x_wconf 82' lang='grc' dir='ltr'>φάναι,</span> <span class='ocrx_word' id='word_1_726' title='bbox 3866 4882 4015 4948; x_wconf 72' lang='grc' dir='ltr'>ζήτει</span> 
     </span>
    </p>
   </div>
   <div class='ocr_carea' id='block_1_105' title="bbox 2427 4964 4016 5038">
    <p class='ocr_par' dir='ltr' id='par_1_105' title="bbox 2427 4964 4016 5038">
     <span class='ocr_line' id='line_1_105' title="bbox 2427 4964 4016 5038; baseline 0.006 -21"><span class='ocrx_word' id='word_1_727' title='bbox 2427 4964 2661 5029; x_wconf 88' lang='grc' dir='ltr'>σεαυτῷ</span> <span class='ocrx_word' id='word_1_728' title='bbox 2710 4967 3040 5028; x_wconf 72' lang='grc' dir='ltr'>βασιλείαν</span> <span class='ocrx_word' id='word_1_729' title='bbox 3090 4967 3263 5032; x_wconf 70' lang='lat' dir='ltr'><strong>iam&quot;</strong></span> <span class='ocrx_word' id='word_1_730' title='bbox 3302 4968 3641 5021; x_wconf 78' lang='grc' dir='ltr'>Μακεδονία</span> <span class='ocrx_word' id='word_1_731' title='bbox 3678 4970 3791 5038; x_wconf 78' lang='grc' dir='ltr'><strong>γάρ</strong></span> <span class='ocrx_word' id='word_1_732' title='bbox 3828 4988 3906 5024; x_wconf 73' lang='grc' dir='ltr'><strong>σε</strong></span> <span class='ocrx_word' id='word_1_733' title='bbox 3948 4976 4016 5026; x_wconf 87' lang='grc' dir='ltr'><strong>οὐ</strong></span> 
     </span>
    </p>
   </div>
   <div class='ocr_carea' id='block_1_106' title="bbox 2428 5056 4015 5133">
    <p class='ocr_par' dir='ltr' id='par_1_106' title="bbox 2428 5056 4015 5133">
     <span class='ocr_line' id='line_1_106' title="bbox 2428 5056 4015 5133; baseline 0.006 -26"><span class='ocrx_word' id='word_1_734' title='bbox 2428 5056 2621 5123; x_wconf 81' lang='grc' dir='ltr'>χωρεῖ.</span> <span class='ocrx_word' id='word_1_735' title='bbox 2673 5057 2795 5107; x_wconf 80' lang='grc' dir='ltr'>Ὀτι</span> <span class='ocrx_word' id='word_1_736' title='bbox 2828 5057 2871 5087; x_wconf 70' lang='grc'><strong>³⁸</strong></span> <span class='ocrx_word' id='word_1_737' title='bbox 2924 5057 3303 5128; x_wconf 78' lang='grc' dir='ltr'>Ἀλέξανδρος,</span> <span class='ocrx_word' id='word_1_738' title='bbox 3351 5062 3500 5128; x_wconf 77' lang='grc' dir='ltr'>φησὶ,</span> <span class='ocrx_word' id='word_1_739' title='bbox 3556 5061 3650 5113; x_wconf 82' lang='grc' dir='ltr'><strong>τοῦ</strong></span> <span class='ocrx_word' id='word_1_740' title='bbox 3702 5066 3863 5133; x_wconf 81' lang='grc' dir='ltr'>νικᾷν</span> <span class='ocrx_word' id='word_1_741' title='bbox 3899 5068 4015 5125; x_wconf 68' lang='grc' dir='ltr'>τοὺς</span> 
     </span>
    </p>
   </div>
   <div class='ocr_carea' id='block_1_107' title="bbox 2430 5145 4016 5223">
    <p class='ocr_par' dir='ltr' id='par_1_107' title="bbox 2430 5145 4016 5223">
     <span class='ocr_line' id='line_1_107' title="bbox 2430 5145 4016 5223; baseline 0.007 -29"><span class='ocrx_word' id='word_1_742' title='bbox 2430 5145 2725 5213; x_wconf 89' lang='grc' dir='ltr'>πολεμίους</span> <span class='ocrx_word' id='word_1_743' title='bbox 2759 5148 2820 5198; x_wconf 87' lang='grc' dir='ltr'><strong>τὸ</strong></span> <span class='ocrx_word' id='word_1_744' title='bbox 2878 5149 3097 5216; x_wconf 86' lang='grc' dir='ltr'>κρατεῖν</span> <span class='ocrx_word' id='word_1_745' title='bbox 3144 5148 3336 5201; x_wconf 78' lang='grc' dir='ltr'>ἑαυτοῦ</span> <span class='ocrx_word' id='word_1_746' title='bbox 3375 5148 3800 5221; x_wconf 81' lang='grc' dir='ltr'>βασιλικώτερον</span> <span class='ocrx_word' id='word_1_747' title='bbox 3857 5153 4016 5223; x_wconf 72' lang='grc' dir='ltr'>ἡγού-</span> 
     </span>
    </p>
   </div>
   <div class='ocr_carea' id='block_1_108' title="bbox 2435 5236 4016 5311">
    <p class='ocr_par' dir='ltr' id='par_1_108' title="bbox 2435 5236 4016 5311">
     <span class='ocr_line' id='line_1_108' title="bbox 2435 5236 4016 5311; baseline 0.006 -26"><span class='ocrx_word' id='word_1_748' title='bbox 2435 5253 2612 5303; x_wconf 89' lang='grc' dir='ltr'>μενος,</span> <span class='ocrx_word' id='word_1_749' title='bbox 2648 5236 2771 5287; x_wconf 77' lang='grc' dir='ltr'>οὔτε</span> <span class='ocrx_word' id='word_1_750' title='bbox 2818 5238 2964 5299; x_wconf 84' lang='grc' dir='ltr'>τινὸς</span> <span class='ocrx_word' id='word_1_751' title='bbox 3018 5242 3127 5289; x_wconf 85' lang='grc' dir='ltr'><strong>τῶν</strong></span> <span class='ocrx_word' id='word_1_752' title='bbox 3164 5241 3391 5308; x_wconf 82' lang='grc' dir='ltr'>Δαρείου</span> <span class='ocrx_word' id='word_1_753' title='bbox 3439 5241 3781 5311; x_wconf 82' lang='grc' dir='ltr'>θυγατέρων,</span> <span class='ocrx_word' id='word_1_754' title='bbox 3834 5247 4016 5297; x_wconf 68' lang='grc' dir='ltr'>κάλλει</span> 
     </span>
    </p>
   </div>
   <div class='ocr_carea' id='block_1_109' title="bbox 2431 5324 4014 5403">
    <p class='ocr_par' dir='ltr' id='par_1_109' title="bbox 2431 5324 4014 5403">
     <span class='ocr_line' id='line_1_109' title="bbox 2431 5324 4014 5403; baseline 0.006 -28"><span class='ocrx_word' id='word_1_755' title='bbox 2431 5324 2917 5393; x_wconf 80' lang='grc' dir='ltr'>διαπρεπεστάτων</span> <span class='ocrx_word' id='word_1_756' title='bbox 2949 5327 3149 5390; x_wconf 89' lang='grc' dir='ltr'>οὐσῶν,</span> <span class='ocrx_word' id='word_1_757' title='bbox 3183 5329 3440 5397; x_wconf 79' lang='grc' dir='ltr'>οὐδεμιᾶς</span> <span class='ocrx_word' id='word_1_758' title='bbox 3469 5330 3671 5398; x_wconf 81' lang='grc' dir='ltr'>ἔθιγεν,</span> <span class='ocrx_word' id='word_1_759' title='bbox 3698 5332 3824 5385; x_wconf 78' lang='grc' dir='ltr'>οὔτε</span> <span class='ocrx_word' id='word_1_760' title='bbox 3854 5335 4014 5403; x_wconf 70' lang='grc' dir='ltr'>άλλη-ι</span> 
     </span>
    </p>
   </div>
   <div class='ocr_carea' id='block_1_110' title="bbox 2026 5452 2700 5513">
    <p class='ocr_par' dir='ltr' id='par_1_110' title="bbox 2026 5452 2700 5513">
     <span class='ocr_line' id='line_1_110' title="bbox 2026 5452 2700 5513; baseline 0.01 -7"><span class='ocrx_word' id='word_1_761' title='bbox 2026 5452 2263 5507; x_wconf 67' lang='lat' dir='ltr'><strong>VARIAZ</strong></span> <span class='ocrx_word' id='word_1_762' title='bbox 2294 5455 2700 5513; x_wconf 81' lang='lat' dir='ltr'><strong>LECTlONES.</strong></span> 
     </span>
    </p>
   </div>
   <div class='ocr_carea' id='block_1_111' title="bbox 812 5563 4011 5657">
    <p class='ocr_par' dir='ltr' id='par_1_111' title="bbox 812 5563 4011 5657">
     <span class='ocr_line' id='line_1_111' title="bbox 812 5563 4011 5657; baseline -0.001 -35"><span class='ocrx_word' id='word_1_763' title='bbox 812 5568 856 5598; x_wconf 79' lang='lat'><strong>&quot;</strong></span> <span class='ocrx_word' id='word_1_764' title='bbox 884 5566 1129 5657; x_wconf 40' lang='lat' dir='ltr'><strong>did&#39;Cat.</strong></span> <span class='ocrx_word' id='word_1_765' title='bbox 1171 5566 1297 5657; x_wconf 64' lang='lat' dir='ltr'><strong>Min.</strong></span> <span class='ocrx_word' id='word_1_766' title='bbox 1324 5582 1379 5644; x_wconf 67' lang='lat' dir='ltr'><strong>c1</strong></span> <span class='ocrx_word' id='word_1_767' title='bbox 1408 5567 1459 5657; x_wconf 58' lang='lat' dir='ltr'><strong>in.</strong></span> <span class='ocrx_word' id='word_1_768' title='bbox 1546 5564 1587 5597; x_wconf 87' lang='grc'><strong>¹⁷</strong></span> <span class='ocrx_word' id='word_1_769' title='bbox 1617 5564 1713 5657; x_wconf 39' lang='grc' dir='ltr'><strong>τ’ἦὶ</strong></span> <span class='ocrx_word' id='word_1_770' title='bbox 1742 5578 1853 5657; x_wconf 60' lang='grc' dir='ltr'>οτηῖ</span> <span class='ocrx_word' id='word_1_771' title='bbox 1883 5564 1985 5657; x_wconf 30' lang='lat' dir='ltr'><strong>At,</strong></span> <span class='ocrx_word' id='word_1_772' title='bbox 2027 5563 2072 5657; x_wconf 46' lang='grc' dir='ltr'><strong>ἐξ</strong></span> <span class='ocrx_word' id='word_1_773' title='bbox 2102 5566 2207 5649; x_wconf 81' lang='grc' dir='ltr'>ὅτι]</span> <span class='ocrx_word' id='word_1_774' title='bbox 2239 5583 2299 5657; x_wconf 47' lang='lat' dir='ltr'><strong>c.’</strong></span> <span class='ocrx_word' id='word_1_775' title='bbox 2449 5571 2497 5657; x_wconf 59' lang='lat'><strong>:’</strong></span> <span class='ocrx_word' id='word_1_776' title='bbox 2528 5570 2655 5657; x_wconf 69' lang='grc' dir='ltr'>περί</span> <span class='ocrx_word' id='word_1_777' title='bbox 2689 5572 2732 5621; x_wconf 80' lang='grc' dir='ltr'><strong>Α</strong></span> <span class='ocrx_word' id='word_1_778' title='bbox 2760 5587 2770 5620; x_wconf 90' lang='lat'>:</span> <span class='ocrx_word' id='word_1_779' title='bbox 2803 5588 2905 5657; x_wconf 66' lang='grc' dir='ltr'><strong>περ</strong></span> <span class='ocrx_word' id='word_1_780' title='bbox 2935 5589 3027 5657; x_wconf 46' lang='lat' dir='ltr'><strong>gn,</strong></span> <span class='ocrx_word' id='word_1_781' title='bbox 3073 5572 3118 5602; x_wconf 85' lang='lat'>&quot;</span> <span class='ocrx_word' id='word_1_782' title='bbox 3149 5573 3241 5623; x_wconf 72' lang='grc' dir='ltr'><strong>καὶ</strong></span> <span class='ocrx_word' id='word_1_783' title='bbox 3275 5572 3456 5657; x_wconf 71' lang='grc' dir='ltr'>τήν-</span> <span class='ocrx_word' id='word_1_784' title='bbox 3482 5575 3622 5655; x_wconf 50' lang='lat' dir='ltr'><strong>(hac;</strong></span> <span class='ocrx_word' id='word_1_785' title='bbox 3656 5578 4011 5657; x_wconf 37' lang='lat'><strong>131139055911]</strong></span> 
     </span>
    </p>
   </div>
   <div class='ocr_carea' id='block_1_112' title="bbox 742 5635 1736 5703">
    <p class='ocr_par' dir='ltr' id='par_1_112' title="bbox 742 5635 1736 5703">
     <span class='ocr_line' id='line_1_112' title="bbox 742 5635 1736 5703; baseline -0.002 -18"><span class='ocrx_word' id='word_1_786' title='bbox 742 5638 813 5699; x_wconf 76' lang='grc' dir='ltr'>ὼ,</span> <span class='ocrx_word' id='word_1_787' title='bbox 846 5639 939 5687; x_wconf 69' lang='grc' dir='ltr'>καὶ</span> <span class='ocrx_word' id='word_1_788' title='bbox 961 5638 1057 5703; x_wconf 79' lang='grc' dir='ltr'><strong>τὴν</strong></span> <span class='ocrx_word' id='word_1_789' title='bbox 1088 5666 1155 5675; x_wconf 91' lang='lat'><strong><em>-—</em></strong></span> <span class='ocrx_word' id='word_1_790' title='bbox 1179 5636 1513 5703; x_wconf 74' lang='grc' dir='ltr'>πληροῦσθαι</span> <span class='ocrx_word' id='word_1_791' title='bbox 1557 5635 1651 5688; x_wconf 72' lang='grc' dir='ltr'><strong>καί</strong></span> <span class='ocrx_word' id='word_1_792' title='bbox 1677 5637 1736 5684; x_wconf 77' lang='grc' dir='ltr'><strong>Α.</strong></span> 
     </span>
    </p>
   </div>
   <div class='ocr_carea' id='block_1_113' title="bbox 740 5703 2058 5769">
    <p class='ocr_par' dir='ltr' id='par_1_113' title="bbox 740 5703 2058 5769">
     <span class='ocr_line' id='line_1_113' title="bbox 740 5703 2058 5769; baseline -0.001 -12"><span class='ocrx_word' id='word_1_793' title='bbox 740 5711 790 5741; x_wconf 69' lang='grc'><strong>’³⁸</strong></span> <span class='ocrx_word' id='word_1_794' title='bbox 816 5704 921 5769; x_wconf 82' lang='grc' dir='ltr'>ὅτι]</span> <span class='ocrx_word' id='word_1_795' title='bbox 945 5722 990 5757; x_wconf 91' lang='lat' dir='ltr'><strong>c.</strong></span> <span class='ocrx_word' id='word_1_796' title='bbox 1023 5704 1075 5759; x_wconf 86' lang='grc'><strong>6.</strong></span> <span class='ocrx_word' id='word_1_797' title='bbox 1152 5707 1198 5738; x_wconf 72' lang='grc'><strong><em>’⁵</em></strong></span> <span class='ocrx_word' id='word_1_798' title='bbox 1230 5707 1539 5757; x_wconf 78' lang='grc' dir='ltr'>Φιλονεὶκου</span> <span class='ocrx_word' id='word_1_799' title='bbox 1569 5703 1665 5758; x_wconf 56' lang='grc' dir='ltr'>τοῦ</span> <span class='ocrx_word' id='word_1_800' title='bbox 1693 5703 1963 5754; x_wconf 56' lang='lat' dir='ltr'><strong>Bucolo-3</strong></span> <span class='ocrx_word' id='word_1_801' title='bbox 2001 5723 2058 5767; x_wconf 76' lang='grc' dir='ltr'>ς.</span> 
     </span>
    </p>
   </div>
   <div class='ocr_carea' id='block_1_114' title="bbox 742 5774 2054 5846">
    <p class='ocr_par' dir='ltr' id='par_1_114' title="bbox 742 5774 2054 5846">
     <span class='ocr_line' id='line_1_114' title="bbox 742 5774 2054 5846; baseline -0.002 -19"><span class='ocrx_word' id='word_1_802' title='bbox 742 5777 783 5827; x_wconf 74' lang='grc' dir='ltr'><strong>Β</strong></span> <span class='ocrx_word' id='word_1_803' title='bbox 814 5785 866 5829; x_wconf 86' lang='lat' dir='ltr'><strong>et</strong></span> <span class='ocrx_word' id='word_1_804' title='bbox 911 5790 1052 5831; x_wconf 88' lang='lat' dir='ltr'><strong>corr.</strong></span> <span class='ocrx_word' id='word_1_805' title='bbox 1086 5776 1167 5828; x_wconf 70' lang='grc' dir='ltr'><strong>Α⁸</strong></span> <span class='ocrx_word' id='word_1_806' title='bbox 1210 5776 1455 5846; x_wconf 80' lang='grc' dir='ltr'>σοὸαρῶς</span> <span class='ocrx_word' id='word_1_807' title='bbox 1495 5794 1545 5830; x_wconf 88' lang='grc'><strong>·.</strong></span> <span class='ocrx_word' id='word_1_808' title='bbox 1654 5774 1699 5806; x_wconf 70' lang='grc' dir='ltr'><strong>ε”ο</strong></span> <span class='ocrx_word' id='word_1_809' title='bbox 1750 5774 1854 5833; x_wconf 63' lang='lat' dir='ltr'><strong>oti}</strong></span> <span class='ocrx_word' id='word_1_810' title='bbox 1888 5792 1935 5826; x_wconf 85' lang='lat' dir='ltr'><strong>c.</strong></span> <span class='ocrx_word' id='word_1_811' title='bbox 1968 5777 2054 5825; x_wconf 60' lang='grc' dir='ltr'>ξι.</span> 
     </span>
    </p>
   </div>
   <div class='ocr_carea' id='block_1_115' title="bbox 1816 5634 2500 5705">
    <p class='ocr_par' dir='ltr' id='par_1_115' title="bbox 1816 5634 2500 5705">
     <span class='ocr_line' id='line_1_115' title="bbox 1816 5634 2500 5705; baseline 0.013 -22"><span class='ocrx_word' id='word_1_812' title='bbox 1816 5634 2073 5705; x_wconf 32' lang='lat' dir='ltr'><strong>ﬁniebat]</strong></span> <span class='ocrx_word' id='word_1_813' title='bbox 2109 5644 2200 5687; x_wconf 80' lang='grc' dir='ltr'><strong>και</strong></span> <span class='ocrx_word' id='word_1_814' title='bbox 2236 5640 2393 5705; x_wconf 78' lang='grc' dir='ltr'>πέψει</span> <span class='ocrx_word' id='word_1_815' title='bbox 2436 5638 2500 5692; x_wconf 84' lang='grc' dir='ltr'><strong>Α.</strong></span> 
     </span>
    </p>
   </div>
   <div class='ocr_carea' id='block_1_116' title="bbox 2144 5708 2743 5778">
    <p class='ocr_par' dir='ltr' id='par_1_116' title="bbox 2144 5708 2743 5778">
     <span class='ocr_line' id='line_1_116' title="bbox 2144 5708 2743 5778; baseline 0.01 -21"><span class='ocrx_word' id='word_1_816' title='bbox 2144 5710 2185 5735; x_wconf 68' lang='grc'><strong>’³</strong></span> <span class='ocrx_word' id='word_1_817' title='bbox 2214 5708 2286 5769; x_wconf 76' lang='grc' dir='ltr'><strong>ως</strong></span> <span class='ocrx_word' id='word_1_818' title='bbox 2330 5726 2457 5777; x_wconf 79' lang='lat' dir='ltr'><strong>tng.,</strong></span> <span class='ocrx_word' id='word_1_819' title='bbox 2495 5708 2627 5778; x_wconf 76' lang='grc' dir='ltr'>πρός</span> <span class='ocrx_word' id='word_1_820' title='bbox 2664 5727 2743 5771; x_wconf 76' lang='grc' dir='ltr'>ς;</span> 
     </span>
    </p>
   </div>
   <div class='ocr_carea' id='block_1_117' title="bbox 2612 5641 4006 5717">
    <p class='ocr_par' dir='ltr' id='par_1_117' title="bbox 2612 5641 4006 5717">
     <span class='ocr_line' id='line_1_117' title="bbox 2612 5641 4006 5717; baseline 0.011 -28"><span class='ocrx_word' id='word_1_821' title='bbox 2612 5641 2656 5670; x_wconf 85' lang='grc'>²¹</span> <span class='ocrx_word' id='word_1_822' title='bbox 2690 5652 2821 5717; x_wconf 64' lang='lat' dir='ltr'><strong>post</strong></span> <span class='ocrx_word' id='word_1_823' title='bbox 2856 5641 3129 5717; x_wconf 80' lang='grc' dir='ltr'>θερμότης</span> <span class='ocrx_word' id='word_1_824' title='bbox 3159 5658 3280 5717; x_wconf 66' lang='grc' dir='ltr'>ιἰιιη</span> <span class='ocrx_word' id='word_1_825' title='bbox 3319 5641 3359 5695; x_wconf 78' lang='grc' dir='ltr'><strong>Ᾱ</strong></span> <span class='ocrx_word' id='word_1_826' title='bbox 3399 5648 3554 5717; x_wconf 86' lang='lat' dir='ltr'><strong>omisi</strong></span> <span class='ocrx_word' id='word_1_827' title='bbox 3601 5648 3695 5699; x_wconf 77' lang='grc' dir='ltr'>τοῦ</span> <span class='ocrx_word' id='word_1_828' title='bbox 3745 5641 4006 5717; x_wconf 58' lang='grc' dir='ltr'>σ’ώματοςῖ</span> 
     </span>
    </p>
   </div>
   <div class='ocr_carea' id='block_1_118' title="bbox 2788 5710 4009 5790">
    <p class='ocr_par' dir='ltr' id='par_1_118' title="bbox 2788 5710 4009 5790">
     <span class='ocr_line' id='line_1_118' title="bbox 2788 5710 4009 5790; baseline 0.007 -27"><span class='ocrx_word' id='word_1_829' title='bbox 2788 5711 2825 5762; x_wconf 79' lang='grc' dir='ltr'><strong><em>Β</em></strong></span> <span class='ocrx_word' id='word_1_830' title='bbox 2857 5728 2965 5763; x_wconf 82' lang='lat' dir='ltr'><strong>tuti.</strong></span> <span class='ocrx_word' id='word_1_831' title='bbox 3075 5713 3119 5742; x_wconf 77' lang='lat'><strong>&quot;</strong></span> <span class='ocrx_word' id='word_1_832' title='bbox 3156 5710 3281 5781; x_wconf 77' lang='grc' dir='ltr'>πρὸ]</span> <span class='ocrx_word' id='word_1_833' title='bbox 3336 5716 3469 5783; x_wconf 90' lang='grc' dir='ltr'>πρός</span> <span class='ocrx_word' id='word_1_834' title='bbox 3498 5719 3563 5767; x_wconf 82' lang='grc' dir='ltr'><strong>Α.</strong></span> <span class='ocrx_word' id='word_1_835' title='bbox 3644 5719 3759 5756; x_wconf 79' lang='lat'><strong>&quot;-&quot;</strong></span> <span class='ocrx_word' id='word_1_836' title='bbox 3793 5710 4009 5790; x_wconf 56' lang='grc' dir='ltr'>σῖιϐαμς</span> 
     </span>
    </p>
   </div>
  </div>
