4216 6430
743 380 762 443 ι
774 379 875 445 MT

1928 373 2193 438 PHOTII
2230 375 2737 437 ΡΛΤΒΙΑΒΟΗᾸΞ
2770 377 2881 437 CP-

3867 378 4019 444 ιιιε

739 492 1031 562 poletuicus
1084 488 1159 560 [id
1190 498 1274 543 est
1306 486 1576 559 militaris]
1626 488 1764 543 bello
1810 488 2093 557 possidens
2152 500 2308 540 secu-

2432 484 2441 532 ὃ
2473 482 2570 548 τῆς
2605 483 2906 549 ἀσφαλείας
2939 481 3038 553 τὴν
3088 483 3405 548 πλεονεξίαν
3446 484 3752 556 προτιμῶν,
3775 486 4012 558 πολεμι-

743 586 982 638 t‘itatetn.

1300 673 1346 725 E
1380 673 1603 727 Sertorii
1654 672 1793 726 l’itu.

812 770 1002 838 Ageuti
1065 768 1312 822 Sertorio
1366 768 1415 819 iu
1476 766 1730 833 Hispania
1787 774 1961 816 nauta:
2008 763 2225 830 quidam
2273 762 2319 812 ei

739 871 1053 922 occurrunt,
1078 860 1169 927 qui
1196 873 1361 928 nuper
1384 874 1451 911 ex
1484 856 1769 909 Atlanticis
1796 855 1985 908 insulis
2030 855 2318 907 redieram.

746 956 867 1007 Dua-
916 961 1042 1005 sunt
1092 950 1278 1003 insula:
1310 950 1500 1003 stricto
1526 946 1815 1000 admodum
1858 944 1994 998 freto
2030 944 2320 1005 distinctae,

740 1046 925 1095 decem
983 1041 1283 1094 stadiorum
1356 1038 1611 1111 millibus
1658 1038 1726 1090 ab
1798 1033 1985 1090 Africa
2059 1044 2319 1088 remotae:

741 1134 1048 1200 candentique
1090 1131 1277 1184 iusqu
1316 1128 1601 1182 Beatorum
1657 1128 2001 1189 Fortunatae,
2050 1127 2320 1180 dicuntur.

740 1225 1004 1277 Imbribus
1046 1225 1272 1277 modicis
1318 1223 1479 1289 idque
1518 1238 1642 1275 raro
1684 1221 1962 1289 rigantur,
2004 1220 2324 1289 plermnque

740 1318 950 1371 lenibus
985 1331 1047 1370 ac
1077 1316 1302 1368 roscidis
1336 1315 1510 1366 ventis
1549 1311 1805 1381 perﬂatze,
1849 1328 1953 1365 non
1989 1311 2324 1364 arationibus

742 1407 899 1460 modo
920 1419 973 1460 et
997 1406 1317 1474 plautatioui
1353 1404 1588 1457 fertilem
1624 1415 1825 1456 terram
1856 1402 2118 1472 praebent.
2148 1402 2243 1454 sed
2273 1410 2326 1453 et

740 1501 883 1551 ultro
914 1497 1097 1567 fruges
1124 1496 1438 1559 effundunt,
1490 1511 1607 1563 qua:
1638 1510 1731 1547 sua
1775 1503 1830 1547 et
1869 1493 2021 1560 c0pia
2056 1501 2109 1545 et
2138 1493 2323 1544 dulce-

740 1593 865 1643 dine
886 1590 1154 1643 sulliciant
1180 1588 1246 1640 ad
1273 1587 1523 1641 alendum
1548 1587 1805 1647 otiosum,
1833 1595 1883 1638 et
1911 1584 2071 1638 nullis
2097 1584 2324 1649 negotiis

740 1681 977 1733 deditum
1009 1680 1286 1748 populum.
1322 1679 1430 1730 Aer
1462 1679 1713 1731 innoxius
1748 1685 1864 1739 est,
1920 1674 2157 1743 annique
2190 1684 2323 1726 tem-

742 1780 978 1835 pestates
1008 1769 1266 1823 mediocri
1301 1769 1602 1821 mutatione
1627 1767 1695 1820 iis
1725 1768 1777 1819 itt
1807 1766 1996 1819 insulis
2019 1767 2319 1818 variantur.

742 1861 954 1914 Etenim
978 1860 1072 1929 qui
1096 1875 1286 1913 versus
1308 1873 1401 1911 eas
1434 1868 1613 1925 partes
1648 1873 1676 1909 a
1706 1864 1851 1910 terra
1882 1856 2126 1909 feruntur
2152 1859 2326 1910 borea:

745 1961 799 2005 et
836 1950 1132 2013 subsolani,
1184 1966 1305 2001 eum
1343 1953 1395 2001 in
1444 1962 1655 2002 Vastum
1705 1949 1777 2002 ob
1822 1949 2212 2018 longitudinem
2245 1949 2327 2002 di-

742 2045 952 2099 stantite
981 2044 1223 2097 incidunt
1251 2043 1449 2105 locum,
1482 2041 1837 2108 dissipantur,
1862 2052 1916 2094 et
1941 2049 2232 2109 antequam
2261 2055 2326 2094 eo

742 2132 1106 2202 perferantur,
1136 2133 1449 2196 concidunt;
1479 2130 1641 2183 Cauri
1671 2142 1851 2183 autem
1884 2141 1939 2183 et
1968 2130 2200 2199 Zephyri
2236 2130 2330 2199 qui

742 2226 811 2278 ab
841 2226 947 2277 alto
982 2223 1323 2278 circuiuilant
1357 2223 1575 2292 397a,
1609 2222 1819 2290 pluvias
1870 2238 1897 2275 a
1929 2223 2063 2276 mari
2091 2227 2330 2277 modicas

746 2331 1003 2384 rarasque
1041 2316 1325 2368 infundunt
1352 2356 1367 2380 ,
1402 2316 1720 2382 plerumque
1760 2314 2025 2368 humectis
2067 2317 2331 2368 serenita-

746 2409 886 2459 tibus
940 2406 1296 2476 refrigerant,
1365 2405 1675 2473 incolasque
1738 2405 1947 2474 placide
2027 2409 2197 2463 alunt.
2254 2407 2327 2461 Ita

744 2510 917 2561 usque
954 2496 1018 2547 ad
1059 2495 1316 2547 barbaros
1346 2494 1510 2547 etiam
1559 2503 1815 2548 constans
1854 2504 1906 2549 et
1948 2499 2169 2563 probata
2210 2514 2331 2567 per-

742 2585 958 2638 crebuit
1015 2585 1217 2653 Opinio,
1269 2601 1391 2641 esse
1436 2587 1539 2641 illis
1581 2590 1635 2641 in
1695 2590 1885 2644 insulis
1936 2591 2147 2661 Elysios
2198 2595 2330 2647 istos

743 2691 1000 2743 Campos,
1042 2688 1096 2729 et
1145 2681 1453 2743 beatorum,
1500 2695 1661 2746 quant
1708 2682 1995 2749 descripsit
2040 2682 2325 2748 llo:uerus,

748 2766 1159 2818 habitationem.
1200 2765 1291 2817 His
1327 2768 1393 2819 de
1424 2766 1583 2820 rebus
1617 2777 1674 2820 ut
1704 2770 1891 2822 auditu
1923 2773 2163 2840 percepit
2199 2773 2324 2827 Ser-

747 2858 941 2919 torius,
976 2857 1237 2908 mirabilis
1265 2870 1388 2909 eum
1420 2856 1618 2911 invasit
1646 2873 1801 2913 amor
1822 2876 1921 2914 eas
1953 2863 2154 2918 insulas
2180 2866 2327 2918 iucu—

748 2947 913 3009 lendi,
974 2947 1363 3017 tyrannidcquc
1418 2957 1472 2999 et
1530 2948 1683 3002 bellis
1741 2952 1957 3004 evitatis
2009 2952 2060 3005 iu
2102 2968 2235 3021 pace
2277 2966 2330 3008 et

746 3040 927 3107 quiete
955 3039 1186 3091 vivendi.
1225 3038 1420 3092 Vcrutu
1475 3040 1711 3094 turbavit
1757 3052 1811 3094 et
1861 3044 2145 3111 dissipavit
2186 3048 2329 3099 hunc

2428 574 2520 636 κὸς
2550 574 2605 626 δὲ
2643 576 2671 625 ὁ
2703 575 2778 643 τῷ
2809 575 3035 644 πολέμῳ
3062 576 3340 645 κτώμενος
3372 577 3471 647 τὴν
3503 578 3827 647 ἀσφάλειαν.

2903 666 3007 720 Ἐκ
3036 668 3140 721 τοῦ
3180 670 3524 735 Σερτωρίου.

2498 757 2619 807 Ὀτι
2645 757 2689 788 ⁵⁵
2713 756 3066 826 διατρίϐοντι,
3092 760 3247 827 φησὶ,
3282 759 3567 829 Σερτωρίῳ
3600 761 3731 830 περί
3764 761 4016 829 Ἰϐηρίαν

2424 845 2616 897 ναῦταί
2646 863 2791 908 τινες
2833 848 3253 916 ἐντυγχάνουσιν
3288 849 3435 916 αὐτῷ
3475 851 3539 901 ἐκ
3572 850 3682 901 τῶν
3732 850 4017 903 Ἄτλαντι-

2426 936 2537 985 κῶν
2569 937 2747 1003 νήσων
2791 938 3293 1000 ἀναπεπλευκότες,
3325 938 3380 991 αἳ
3411 938 3504 991 δύο
3547 940 3647 1007 μέν
3686 940 3793 990 είσι
3826 939 4017 1008 λεπτῷ

2426 1026 2744 1079 παντάπασι
2798 1028 3033 1097 πορθμῷ
3080 1028 3480 1097 διαιρούμεναι,
3518 1035 3750 1101 μυρίους
3796 1033 3857 1085 δὲ
3909 1036 4017 1086 ἀπ-

2427 1116 2609 1183 έχουσι
2641 1117 2846 1185 Λιϐύης
2880 1120 3151 1184 σταδίους,
3182 1121 3274 1173 καὶ
3309 1123 3670 1189 ὀνομάζονται
3699 1126 4013 1195 Μακάρων.

2430 1208 2697 1277 Ὄμϐροις
2727 1209 2782 1261 δὲ
2808 1214 3088 1279 χρώμεναι
3121 1213 3365 1282 μετρίοις
3395 1216 3654 1279 σπανίως,
3683 1218 3752 1268 τά
3780 1218 4013 1270 πλείστα

2426 1302 2700 1367 πνεύμασι
2762 1302 3028 1370 μαλακοῖς
3080 1306 3174 1357 καὶ
3225 1305 3563 1375 δροσοϐόλοις
3624 1311 4012 1377 καταπνεόμε-

2425 1407 2514 1441 ναι
2546 1391 2614 1454 ⁸⁸,
2658 1392 2717 1443 οὐ
2758 1395 2920 1460 μόνον
2954 1392 3119 1464 ἀροῦν
3175 1396 3269 1447 καὶ
3297 1398 3343 1427 ⁸⁸
3376 1397 3632 1464 φυτεύειν
3678 1400 4013 1469 παρέχουσιν

2426 1484 2638 1553 ἀγαθὴν
2668 1486 2762 1537 καὶ
2793 1487 2954 1540 πίονα
2982 1490 3188 1557 χώραν,
3221 1490 3357 1543 ἀλλά
3395 1491 3491 1543 καὶ
3522 1493 3733 1561 καρπὸν
3760 1496 4012 1563 αὐτοφυῆ

2426 1575 2707 1644 φέρουσιν,
2739 1578 3067 1648 ἀποχρῶντα
3106 1581 3303 1651 πλήθει
3333 1584 3425 1634 καὶ
3456 1584 3758 1652 γλυκύτητι
3790 1584 4014 1653 βόσκειν

2426 1668 2553 1718 ἄνευ
2598 1668 2775 1719 πόνων
2828 1670 2922 1720 καὶ
2976 1674 3361 1741 πραγματείας
3415 1674 3747 1741 σχολάζοντα
3811 1676 4012 1744 δῆμον.

2442 1756 2573 1826 Ἀὴρ
2603 1758 2660 1809 δὲ
2704 1757 2909 1819 ἄλυπος
2950 1760 3111 1829 ὡρῶν
3156 1779 3216 1813 τε
3265 1764 3458 1832 κράσει
3492 1767 3535 1798 ⁸⁷
3573 1768 3665 1819 καὶ
3706 1769 4014 1836 μεταϐολῆς

2434 1850 2749 1938 μετριότητι
2780 1851 2824 1880 ³⁸
2862 1852 3081 1920 κατέχει
3108 1854 3207 1916 τὰς
3239 1857 3455 1924 νήσους.
3494 1856 3649 1928 [1201
3682 1860 3778 1933 R.]
3808 1864 3874 1913 Oi
3905 1865 4015 1932 γάρ

2431 1937 2642 1990 ἐνθένδε
2668 1939 2768 2007 τῆς
2807 1940 2912 2007 γῆς
2958 1942 3325 2005 ἀποπνέοντες
3364 1944 3469 2008 ἔξω
3503 1946 3698 2016 Βορέαι
3743 1950 3839 2000 καὶ
3884 1949 4014 2001 Ἀπ-

2429 2028 2662 2097 ηλιῶται
2703 2030 2791 2082 διά
2829 2030 3006 2101 μῆκος
3036 2034 3361 2097 ἐκπεσόντες
3392 2039 3470 2098 είς
3497 2038 3660 2089 τόπον
3688 2039 3869 2107 ἀχανῆ
3897 2040 4013 2093 δια·

2434 2120 2749 2188 σπείρονται
2787 2122 2881 2173 καὶ
2917 2123 3412 2191 προαπολείπουσι’
3448 2127 3695 2192 πελάγιοι
3723 2130 3780 2181 δὲ
3821 2134 4015 2201 περιρ-

2433 2210 2649 2277 ρέοντες
2711 2212 3002 2280 Ἀργέσται
3058 2213 3156 2265 καὶ
3220 2217 3453 2285 Ζέφυροι
3514 2217 3783 2288 βληχροὺς
3836 2223 3937 2290 μὲν
3971 2224 4014 2254 ⁸⁸

2437 2301 2625 2364 ὑετοὺς
2658 2303 2750 2354 καὶ
2798 2304 3074 2373 σποράδας
3114 2307 3178 2357 ἐκ
3204 2306 3474 2377 θαλάττης
3515 2312 3834 2378 ἐπάγοντες,
3865 2314 3937 2366 τά
3963 2316 4017 2368 δὲ

2434 2393 2607 2447 πολλά
2664 2400 2908 2465 νοτεραῖς
2962 2400 3204 2469 αἰθρίαις
3241 2403 3619 2472 ἐπιψύχοντες,
3658 2409 3835 2477 ἡσυχῇ
3896 2412 4018 2479 τρέ-

2432 2502 2644 2552 φουσιν.
2678 2488 2838 2540 Ὥστε
2876 2490 3039 2558 μέχρι
3085 2491 3193 2543 τῶν
3244 2492 3537 2565 βαρϐάρων
3576 2497 3795 2566 διῆχθαι
3831 2500 4018 2552 πίστιν

2439 2578 2669 2648 ἰσχυράν
2692 2581 2881 2632 αὐτόθι
2904 2583 2967 2634 τὸ
2998 2581 3250 2636 Ἠλύσιον
3284 2580 3421 2638 εἶναι
3455 2588 3634 2640 πεδίον
3663 2591 3757 2641 καὶ⁵
3789 2592 3890 2659 τὴν
3912 2594 4020 2645 τῶν

2433 2671 2768 2739 εὐδαιμόνων
2818 2673 3055 2744 οἴκησιν,
3088 2678 3157 2745 ἢν
3200 2663 3449 2748 Ὅμηρος
3498 2678 3729 2750 ὕμνησε.
3769 2684 3961 2737 Ταῦτα
3994 2689 4020 2737 ὁ

2432 2762 2737 2832 Σερτώριος
2777 2766 3017 2829 ἀκούσας
3052 2768 3230 2837 ἔρωτα
3260 2769 3572 2841 θαυμαστὸν
3610 2774 3767 2843 ἔσχεν
3799 2777 4018 2843 οἰκῆσαι

2429 2854 2528 2915 τὰς
2556 2857 2757 2925 νήσους
2801 2860 2893 2910 καὶ
2923 2859 3021 2928 ζῇν
3057 2862 3116 2913 ἐν
3149 2863 3371 2933 ἠσυχίᾳ,
3414 2868 3728 2933 τυραννίδος
3778 2870 4018 2921 ἀπαλλα-

2432 2953 2549 3014 γεὶς
2594 2958 2687 3004 καὶ
2730 2953 2984 3021 πολέμων
3015 2955 3335 3010 ἀπαύστων.
3368 2958 3526 3012 Ἀλλά
3552 2959 3896 3030 διεμάραναν
3936 2965 4022 3015 αὖ·

2433 3046 2527 3095 τοῦ
2584 3045 2677 3096 καὶ
2726 3046 3110 3114 περιέσπασαν
3162 3048 3254 3098 τὸν
3285 3048 3464 3116 ἔρωτα
3499 3051 3533 3117 ἦ
3560 3067 3619 3101 τε
3666 3052 3886 3119 κίνησις
3915 3054 4022 3105 τῶν

746 3144 987 3183 amorem
1033 3129 1263 3183 Cilicum
1312 3129 1606 3193 adventus,
1656 3140 1714 3185 et
1761 3146 2022 3187 novorum
2064 3136 2328 3189 bellorum

2437 3135 2555 3203 μετ’
2607 3134 2773 3186 αὑτοῦ
2834 3136 3076 3190 Κιλίκων
3132 3139 3538 3209 ἐκταραχθεῖσα
3584 3146 3678 3196 καὶ
3736 3149 4021 3217 νεωτέρων

746 3223 1162 3276 administratio.

820 3314 1121 3368 Sertorium
1177 3313 1453 3366 memoria:
1504 3315 1769 3381 proditum
1823 3324 1957 3380 est,
1991 3331 2165 3386 neque
2232 3332 2327 3372 vo-

748 3403 961 3472 luptati,
1006 3418 1181 3471 neque
1218 3402 1382 3455 metui
1425 3406 1662 3457 obnoxio
1709 3405 1924 3474 ingenio
1976 3406 2142 3461 fuisse
2185 3426 2197 3462 :
2245 3425 2331 3462 ua-

748 3507 869 3550 tura
910 3506 960 3550 et
986 3496 1407 3563 imperterritum
1434 3497 1593 3549 rebus
1618 3496 1881 3561 adversis,
1903 3510 1958 3551 et
1978 3500 2065 3566 qui
2110 3516 2197 3555 res
2244 3517 2331 3555 se-

754 3589 959 3643 cundas
999 3589 1276 3641 moderate
1303 3589 1499 3652 ferret;
1538 3589 1804 3641 neminem
1837 3604 1903 3644 eo
1943 3600 2183 3659 tempore
2228 3593 2329 3646 du-

752 3697 871 3736 cem
923 3683 1093 3751 magis
1139 3691 1326 3750 aperta
1371 3682 1552 3749 praelia
1605 3684 1843 3749 vitasse,
1918 3683 2325 3738 callidissimum

753 3790 885 3830 vero
931 3774 1144 3828 furtivis
1200 3772 1322 3827 belli
1374 3774 1657 3842 operibus,
1714 3775 1766 3828 in
1818 3779 2148 3843 occupandis
2199 3777 2331 3831 locis

753 3879 947 3922 natura
979 3867 1220 3931 munitis,
1265 3877 1319 3921 et
1349 3865 1667 3921 fluminibus
1704 3869 2060 3937 trajiciendis,
2103 3870 2332 3938 aliisque

755 3959 808 4013 id
839 3974 1006 4029 genus
1037 3960 1198 4012 rebus
1227 3973 1345 4025 qua:
1371 3959 1670 4023 celeritate,
1697 3960 1915 4023 astutia,
1960 3970 2014 4013 et
2044 3961 2330 4015 mendacio

750 4051 1134 4114 couticiuntttr,
1164 4049 1541 4118 perliberalem
1573 4052 1623 4103 iu
1649 4052 1885 4118 pranniis
1908 4052 2166 4104 virtutum
2199 4068 2326 4106 cou-

752 4141 1019 4202 ferendis,
1063 4139 1116 4191 in
1162 4139 1441 4207 suppliciis
1485 4142 1842 4193 moderatum.
1886 4139 2205 4209 Quanquam
2233 4156 2329 4195 ex-

755 4247 926 4288 tremo
958 4235 1080 4288 vitae
1106 4247 1271 4286 cursu
1304 4232 1521 4284 videtur
1544 4232 1595 4285 id
1617 4232 1759 4299 quod
1794 4232 1845 4285 in
1876 4231 2095 4286 obsides
2121 4234 2329 4296 statuit,

752 4324 1054 4377 ostendisse
1077 4322 1315 4374 animum
1349 4319 1466 4388 ejus
1493 4338 1597 4374 non
1627 4336 1753 4374 vere
1778 4333 2118 4377 mansuetum
2145 4322 2330 4385 fuisse,

753 4418 847 4469 sed
874 4416 1246 4469 crudelitatem
1269 4415 1385 4482 ejus
1409 4426 1523 4470 arte
1547 4416 1778 4485 quadam
1807 4417 2149 4472 necessitatis
2168 4433 2331 4472 causa

2437 3226 2661 3293 φροντὶς
2694 3226 2822 3277 πολε
2832 3227 2991 3294 μίων.

2511 3318 2694 3369 "Ott"
2744 3318 2960 3383 λέγεται
3022 3319 3229 3388 (φησὶν)
3264 3323 3307 3353 ⁹¹
3345 3324 3700 3394 όΣερτὼριος
3754 3327 3884 3381 οὕτε
3936 3329 4021 3397 ὑφ’

2438 3410 2629 3477 ἡδονῆς
2657 3408 2779 3460 οὕτε
2808 3409 2912 3461 ὑπὸ
2933 3411 3083 3472 δέους
3114 3412 3382 3475 εὐάλωτος
3402 3417 3678 3481 γενέσθαι,
3712 3420 3878 3485 φύσει
3903 3420 3957 3473 δέ
3978 3423 4021 3452 ⁸⁸

2438 3501 2816 3571 ἀνέκπληκτος
2850 3504 2998 3571 παρὰ
3017 3503 3065 3534 ⁸⁸
3085 3505 3150 3555 τά
3185 3506 3333 3559 δεινά
3365 3509 3457 3559 καὶ
3480 3507 3712 3581 [648Η.]
3745 3514 4025 3582 μέτριος⁶δ

2439 3596 2681 3662 ἐνεγκεῖν
2748 3596 3038 3664 εὐτυχίαν·
3087 3598 3301 3659 οὐδενὸς
3334 3600 3514 3667 μέντοι
3543 3604 3661 3654 ούδέ
3695 3606 3837 3672 πρὸς
3870 3607 4021 3659 εὐθυ-

2444 3687 2643 3755 μαχίαν
2701 3686 3061 3755 ἀτολμότερος
3088 3688 3198 3740 τῶν
3223 3691 3345 3743 καθ’
3372 3692 3563 3745 ἑαυτὸν
3586 3696 3899 3763 ἡγεμόνων,
3923 3699 4019 3749 ὅσα

2438 3779 2494 3830 δὲ
2521 3776 2775 3839 κλοπείας
2797 3777 2840 3808 ⁸⁸
2877 3780 2934 3829 ὲν
2968 3778 3225 3848 πολέμοις
3255 3780 3392 3850 ἔργα
3426 3785 3518 3836 καὶ
3554 3783 3875 3849 πλεονεξίας
3900 3790 4021 3855 περὶ

2439 3872 2637 3929 τόπους
2698 3868 2928 3938 ὀχυροὺς
2973 3872 3067 3923 καὶ
3144 3872 3425 3935 διαϐάσεις
3492 3874 3689 3942 τάχους
3737 3875 4019 3941 δεομένας,

2442 3963 2654 4033 ἀπάτης
2681 3982 2737 4016 τε
2761 3966 2853 4017 καὶ
2881 3965 3092 4034 ψευδῶν
3121 3966 3179 4015 ἐν
3195 3965 3387 4028 δέοντι,
3413 3965 3670 4034 σοφιστὴς
3688 3965 4015 4027 δεινότατος.

2453 4054 2543 4106 Ἐν
2576 4056 2631 4106 δέ
2657 4059 2773 4119 ταῖς
2824 4060 3013 4127 τιμαῖς
3064 4058 3173 4109 τῶν
3230 4055 3739 4126 ἀνδραγαθημάτων
3794 4055 4019 4124 δαψιλὴς

2442 4146 2785 4215 φαινόμενος,
2815 4165 2878 4199 πε
2891 4152 2941 4217 pi.
2964 4150 3062 4211 τάς
3092 4149 3365 4218 τιμωρίας
3392 4145 3679 4216 ἐμετρίαζε
3714 4147 3825 4198 τῶν
3845 4148 4019 4216 ἀμαρ-

2440 4241 2698 4306 τημάτων
2724 4255 2737 4268 ·
2778 4240 2955 4292 καίτοι
2986 4241 3134 4292 δοκεῖ
3163 4240 3293 4309 περὶ
3321 4240 3410 4291 τὸν
3442 4241 3666 4306 ἔσχατον
3703 4237 3872 4289 αὐτοῦ
3907 4237 4017 4304 βίον

2440 4329 2723 4398 ὡμότητός
2782 4347 2841 4381 τε
2856 4329 2901 4360 ⁶⁶
2925 4330 3018 4383 καὶ
3062 4329 3365 4399 βαρύτητος
3394 4327 3454 4380 τὸ
3481 4328 3607 4395 περὶ
3629 4327 3753 4387 τοὺς
3780 4327 4020 4395 ὁμήρους

2442 4420 2771 4489 προαχθέν⁶⁷
2826 4419 2984 4490 ἔργον
3042 4420 3304 4485 ἐπιδεῖξαι
3354 4419 3451 4487 τὴν
3510 4418 3670 4486 φύσιν
3696 4418 3800 4469 οὐκ
3861 4416 4023 4469 οὖσαν

753 4508 919 4561 fuisse
960 4506 1210 4561 celatam.
1240 4506 1367 4559 Mihi
1416 4514 1594 4558 autem
1638 4515 1695 4560 ut
1738 4522 1920 4560 veram
1958 4509 2214 4562 virtutem
2254 4526 2328 4562 ra-

2442 4513 2667 4581 ἥμερον,
2730 4512 2845 4564 ἀλλ’
2890 4513 3237 4582 ἀπεχομένην
3257 4512 3301 4542 ⁸⁸
3331 4510 3577 4580 λογισμῷ
3606 4511 3694 4564 διὰ
3730 4510 3831 4580 τὴν
3857 4512 4023 4576 ἀνάγ-

758 4604 1010 4667 tioueque
1041 4611 1185 4653 recta
1208 4598 1526 4663 stabilitatu,
1563 4613 1838 4666 nunquam
1869 4600 2081 4652 videtur
2103 4599 2336 4654 fortunae

758 4694 836 4744 vis
890 4692 939 4745 iu
982 4691 1313 4745 contrarium
1372 4704 1530 4757 posse
1586 4701 1937 4753 convertere,
1991 4692 2061 4745 ita
2112 4693 2337 4745 consilia

756 4794 935 4837 tamen
966 4784 1098 4836 alias
1136 4794 1286 4836 recta
1329 4783 1607 4851 bonasque
1643 4791 1864 4835 naturas
1912 4783 2127 4854 indigne
2158 4786 2337 4854 gravi-

754 4874 854 4925 bus
888 4871 1284 4925 calamitatibus
1318 4870 1563 4934 alIlictas,
1592 4885 1695 4924 non
1733 4872 2026 4925 absurdum
2062 4884 2190 4941 puto
2216 4890 2334 4927 cre-

753 4964 884 5017 dere
915 4978 1019 5015 una
1040 4979 1161 5016 cum
1188 4962 1404 5017 fortuna
1438 4963 1654 5015 mutari.
1686 4962 1738 5015 Id
1771 4963 1911 5031 quod
1937 4978 2035 5033 ego
2061 4974 2173 5018 tum
2208 4964 2335 5019 Ser-

757 5055 897 5108 torio
935 5054 1199 5109 accidisse
1230 5063 1391 5123 pulo,
1433 5054 1545 5121 jatu
1580 5052 1790 5106 fortuna
1825 5069 1946 5106 eum
1982 5056 2332 5121 destituente,

758 5146 1028 5217 rebusque
1082 5147 1213 5215 ipsis
1274 5156 1653 5214 exaslieratum
1761 5144 1989 5214 injurias
2064 5149 2331 5203 malorum

756 5240 995 5297 atrocius
1028 5241 1197 5296 ultum
1232 5239 1490 5295 arbitror.

2446 4623 2567 4675 κην.
2606 4606 2760 4673 Ἐμοὶ
2783 4606 2827 4657 δ’
2857 4607 3058 4676 ἀρετὴν
3113 4606 3211 4674 μὲν
3240 4604 3508 4673 εἱλικρινῆ
3542 4604 3635 4655 καὶ
3696 4605 3845 4656 κατὰ
3870 4604 4023 4669 λόγον

2444 4696 2787 4748 συνεστῶσαν
2848 4697 2946 4748 ούκ
2997 4695 3062 4747 ἄν
3088 4712 3219 4746 ποτε
3271 4695 3418 4746 δοκεῖ
3462 4695 3598 4764 τύχη
3624 4711 3708 4755 τις
3759 4697 4023 4761 ἐκστῆσαι

2445 4786 2579 4855 πρὸς
2627 4786 2935 4838 τούναντίον
2960 4801 2974 4815 ’
3035 4785 3211 4848 ἄλλως
3239 4785 3293 4837 δὲ
3320 4786 3665 4855 προαιρέσεις
3714 4786 3809 4837 καὶ
3835 4786 4025 4851 φύσεις

2445 4876 2688 4947 χρηστάς
2744 4877 2848 4929 ὑπὸ
2879 4878 3174 4947 συμφορῶν
3207 4879 3459 4946 μεγάλων
3492 4878 3620 4947 παρ’
3649 4878 3809 4940 ἀξίαν
3841 4895 4024 4928 κακω-

2443 4968 2628 5029 θείσας
2680 4968 2779 5019 ούκ
2828 4969 3090 5021 ἀδύνατον
3119 4969 3197 5039 τῷ
3225 4968 3437 5038 δαίμονι
3492 4967 3941 5037 συμμεταϐαλεῖν
3968 4968 4025 5018 τὸ

2439 5054 2567 5129 ἦθος
2588 5076 2602 5090 °
2632 5060 2659 5111 ὃ
2697 5062 2791 5113 καὶ
2845 5060 3151 5132 Σερτώριον
3207 5056 3363 5129 οἶμαι
3394 5060 3608 5123 παθεῖν,
3642 5060 3747 5129 ήδη
3778 5060 3881 5127 τῆς
3930 5058 4021 5111 τύ-

2444 5170 2544 5221 χης
2578 5153 2739 5205 αὑτὸν
2768 5154 3155 5224 ἐπιλειπούσης
3181 5156 3224 5186 ⁸⁸
3256 5154 3726 5225 ἐκτραχυνόμενον
3785 5153 3892 5204 ὑπὸ
3919 5152 4022 5204 τῶν

2441 5245 2785 5313 πραγμάτων
2818 5246 2914 5299 καὶ
2944 5246 3228 5317 γινόμενον
3253 5248 3488 5315 πονηρὸν
3519 5246 3562 5277 ⁷⁵
3583 5244 3721 5315 πρὸς
3746 5247 3874 5307 τοὺς
3908 5246 4018 5297 ἀδι-

2440 5351 2688 5397 κουντας.

2039 5471 2267 5528 νΑιιιΑε
2302 5474 2709 5533 LECTIONES.

788 5594 836 5633 δι
862 5594 967 5663 δτι]
1002 5610 1050 5647 (ι.
1075 5593 1128 5649 8.
1204 5593 1248 5625 "
1275 5594 1706 5663 καταπνεόμεναι
1739 5592 1862 5645 atltl.
1886 5593 1945 5647 Β.
2026 5596 2071 5627 ⁸⁸
2102 5597 2268 5666 ἀροῦν
2293 5598 2430 5650 ἀλλὰ
2464 5599 2557 5651 καί
2593 5617 2649 5662 ς.

793 5662 884 5698 m1,-
917 5683 955 5698 ,-
1053 5664 1097 5694 ω
1127 5665 1203 5698 2-.
1244 5667 1272 5698 Δ
1301 5679 1312 5688 -
1346 5665 1432 5698 κη
1461 5681 1500 5698 ρ
1631 5664 1673 5693 ει
1703 5664 1891 5698 ιητηίυΊ
1923 5681 1950 5698 ιι
2008 5667 2072 5698 ιιι
2201 5670 2244 5698 ιιι
2272 5668 2325 5698 ,τι
2383 5671 2408 5698 Α
2454 5688 2465 5698 .
2500 5685 2554 5698 ,ρ
2592 5686 2627 5698 .-

2201 5670 2244 5698 ⁴¹¹
2272 5668 2327 5720 δέ
2378 5671 2415 5720 Λ
2454 5688 2465 5722 :
2500 5685 2557 5721 τε
2590 5686 2649 5732 ς.
2752 5673 2798 5705 ⁸³
2845 5668 2992 5737 παρά
3038 5668 3278 5739 Α;.περί
3306 5690 3365 5736 ς.
3473 5674 3517 5703 ⁸⁸
3546 5674 3636 5721 καὶ
3677 5689 3703 5740 μ

2120 5738 2164 5776 ⁸⁷
2202 5737 2443 5808 πραχθέν
2472 5756 2532 5801 ς.
2609 5740 2654 5778 ⁸³
2682 5740 3018 5810 ἐπεχομένην
3048 5741 3104 5795 Β.
3178 5744 3221 5773 ⁸⁸
3248 5742 3605 5810 ἐπιλιπούσης
3637 5742 3703 5795 Α.

759 5662 884 5731 ρούς
916 5662 975 5728 gi.
1053 5664 1097 5694 ⁶⁰
1127 5665 1205 5715 ὅτι
1239 5667 1314 5715 A:
1346 5665 1433 5715 ὅτε
1461 5681 1521 5727 ς’.
1554 5662 1559 5663 ⁷
1631 5664 1673 5693 ⁶¹
1703 5664 1891 5731 φησίν]
1923 5681 1972 5717 t'.
2008 5667 2092 5719 10.

760 5735 993 5800 μετρίως
1026 5750 1083 5797 ς.
1188 5735 1230 5763 ⁸⁸
1270 5733 1491 5794 κλοπίας
1526 5750 1584 5795 ς.
1656 5735 1699 5763 ⁸⁵
1731 5750 1787 5783 τε
1822 5735 1945 5785 add.
1976 5735 2040 5790 A.

760 5816 920 5869 μενον
952 5803 1184 5873 πονηρὸν
1215 5802 1289 5857 ιιι
1332 5803 1616 5871 γινομένου
1646 5802 1880 5871 πονηροῦ
1917 5819 1975 5866 ς’.

2757 5600 2801 5631 s1
2839 5602 3035 5669 κρᾶσις
3120 5600 3166 5633 ⁸³
3201 5600 3489 5670 μετριότης
3520 5599 3578 5653 Β.
3657 5600 3701 5634 ⁸⁹
3737 5604 3829 5655 καὶ
3865 5602 4018 5671 βληχο

2752 5673 2798 5705 ⁸³
2845 5673 2992 5737 παρά
3038 5674 3076 5723 Α
3103 5689 3116 5724 :
3147 5674 3278 5739 ,περί
3306 5690 3365 5736 ς.
3473 5674 3517 5703 ⁸⁸
3546 5674 3636 5721 καὶ
3677 5672 3896 5742 μέτριος
3924 5675 3965 5725 Α
4000 5690 4012 5724 :

2756 5743 3018 5810 εχομένην
3048 5741 3104 5795 Β.
3178 5744 3221 5773 ⁸⁸
3248 5742 3605 5810 ἐπιλιπούσης
3637 5742 3703 5795 Α.
3808 5743 3853 5775 τ’
3875 5759 4014 5810 τιν.-

2454 5685 2557 5722 ετε
2590 5686 2649 5732 ς.
