4216 6430
287 403 429 470 1453

1380 419 1899 487 BIBLIOTHECA.
1923 451 1994 463 -
2029 427 2191 492 COD.
2240 433 2495 499 CCXLV.

3383 446 3528 512 145‘

280 520 474 588 φησὶν,
523 520 629 574 uno
676 521 1008 589 Σκηπίωνιη
1047 525 1214 580 πάλαι
1267 531 1716 601 στρατευόμενος,
1767 534 1861 588 καὶ
1888 544 1936 600 Α

1888 544 1936 600 Α
1964 552 2115 594 arma
2164 551 2219 598 et
2260 558 2449 602 carros
2518 548 2856 618 lnspiclenti,
2918 552 3145 609 adduxit
3207 553 3526 614 bellicosum

281 612 837 681 πολυπραγμονοῦντι
870 617 997 683 περί
1025 633 1085 669 τε
1115 617 1225 670 τῶν
1253 618 1434 673 ὃπλων
1464 624 1557 676 καὶ
1586 624 1697 676 τῶν
1726 626 1861 678 ὐπο-

279 700 491 767 ξυγίων
506 701 598 754 τὸν
622 700 957 772 στρατιώτην
979 708 1326 776 προσήγαγεν
1349 709 1511 763 ἵππον
1528 729 1585 764 τε
1601 714 1861 769 κάλλιστα

277 793 660 861 τεθραμμένον
707 796 801 846 καὶ
861 794 1082 864 ἡμίονον
1107 799 1289 869 εὐεξίᾳ
1328 803 1421 853 καὶ
1466 804 1734 873 πραότητι
1766 805 1860 859 καὶ

280 882 446 954 ῥώμῃ
472 883 794 954 διαφέροντα
823 885 958 941 πολὺ
989 886 1097 940 τῶν
1128 888 1323 944 ἄλλων.
1370 892 1652 956 Ἣσθέντος
1679 895 1737 947 δὲ
1766 896 1857 950 τοῦ

281 972 591 1041 στρατηγοῦ
615 977 728 1037 τοῖς
758 974 851 1027 τοῦ
890 977 1104 1048 Μαρίου
1137 979 1417 1049 θρέμμασι
1456 984 1550 1035 καὶ
1598 986 1858 1049 πολλάκις

278 1064 467 1115 αὐτῶν
520 1066 869 1134 μνησθέντος,
923 1068 1096 1132 οὕτως
1132 1070 1241 1142 ἀρα
1274 1073 1402 1135 τοὺς
1421 1073 1770 1139 σκώπτοντας
1799 1080 1857 1132 ὲν

274 1152 488 1223 ἐπαίνῳ
537 1157 628 1208 τὸν
675 1157 927 1228 ινδελεχῆ
993 1162 1087 1213 καὶ
1110 1161 1357 1232 τλήμονα
1415 1164 1511 1216 καὶ
1562 1164 1854 1233 φιλόπονον

278 1248 589 1313 Μαριανδυν
609 1250 861 1317 ἡμίονον
888 1256 1341 1325 προσαγορεύειν.

352 1338 477 1391 Ὀτι
497 1340 765 1405 Τεύτονας
789 1344 1003 1411 Μαρίου
1033 1349 1613 1422 καταπολεμήσαντος.
1651 1352 1853 1423 μυριά-

274 1426 375 1489 δας
399 1428 550 1493 δέκα,
605 1432 997 1487 Μασσαλιῶται
1029 1436 1073 1468 ⁸³
1111 1440 1221 1499 τοῖς
1247 1439 1452 1504 ὀστέοις
1483 1441 1727 1511 λέγονται
1762 1459 1857 1497 πε-

277 1518 648 1589 ριθριγκῶσαι
686 1527 729 1555 "
760 1528 885 1588 τοὺς
914 1527 1244 1596 ἀμπελῶνας
1268 1546 1283 1563 ο
1314 1533 1411 1602 τήν
1458 1534 1514 1586 δὲ
1564 1535 1689 1605 γῆν,
1745 1535 1854 1590 τῶν

273 1610 490 1678 νεκρῶν
546 1614 1036 1668 καταναλωθέντων
1060 1619 1119 1671 ὲν
1149 1620 1285 1688 αὐτῇ
1336 1621 1431 1673 καὶ
1460 1622 1549 1675 διὰ
1588 1624 1852 1692 χειμῶνος

271 1699 498 1768 ὗμϐρων
527 1702 916 1767 ἐπιπεσόντων,
960 1707 1131 1771 οὕτως
1155 1710 1547 1782 ὲκλιπανθῆναι
1578 1712 1674 1767 καὶ
1697 1714 1853 1781 γενι-

270 1790 402 1843 σθαι
425 1792 512 1844 διὰ
558 1792 749 1861 βάθους
798 1797 1053 1850 ἀνάπλεω
1086 1799 1128 1830 ⁸⁸
1152 1799 1254 1869 τῆς
1286 1803 1578 1872 σηπεδόνος
1600 1805 1848 1873 ὲνδύσης,

1962 645 2161 699 equum
2187 636 2389 704 optime
2421 640 2740 705 contritum,
2798 652 2854 698 et
2887 644 3085 700 mulum
3132 649 3344 703 caeteris
3372 649 3529 705 babi-

1965 720 2153 775 liorem
2183 733 2238 777 et
2275 726 2559 781 clcnritate
2585 738 2641 783 et
2668 730 2864 787 robore
2889 743 3250 800 praestantem
3310 738 3523 807 multo;

1961 823 2193 877 cumque
2233 812 2528 881 imperator
2551 814 2703 870 Marii
2755 819 3019 886 iumentis
3047 821 3439 887 obiectaretur,
3468 836 3526 881 et

1964 913 2107 967 sa'pe
2137 915 2327 955 eorum
2370 908 2769 971 recorularetur,
2803 910 2926 964 inde
2952 922 3131 965 ortum
3179 923 3237 967 ut
3282 914 3374 983 qui
3428 930 3525 985 per

1959 990 2218 1043 cavillum
2264 992 2335 1046 ob
2369 994 2615 1049 laborum
2658 998 3036 1055 assiduitatem
3082 1010 3138 1057 et
3179 1003 3521 1060 tolerantiam

1959 1080 2292 1147 laudaretur,
2328 1083 2602 1141 Marianas
2624 1089 2795 1144 mulus
2822 1091 3207 1161 appellaretur.

2027 1344 2270 1401 Devictis
2320 1357 2536 1402 centum
2594 1349 2832 1406 millibus
2887 1351 3195 1409 Teutonum
3250 1372 3283 1409 a
3327 1356 3521 1427 Mario,

1966 1434 2337 1494 Massilienses
2422 1438 2605 1493 ferunt
2694 1442 2909 1498 ossibus
2992 1445 3184 1502 vineas
3252 1447 3519 1516 seplisse:

1957 1526 2199 1582 tellurem
2232 1543 2357 1583 vero
2392 1533 2729 1598 consumptis
2751 1533 2804 1588 in
2841 1549 2903 1590 ea
2931 1537 3304 1605 cadaveribus,
3339 1555 3403 1596 ac
3423 1556 3523 1612 per

1955 1616 2188 1673 hiemem
2216 1620 2480 1675 imbribus
2524 1621 2780 1691 delapsis,
2814 1625 2886 1680 ita
2914 1628 3165 1694 pinguem
3230 1631 3519 1695 redditam,

1954 1709 2239 1775 putredine
2271 1710 2325 1765 in
2375 1711 2701 1779 profundum
2767 1724 3086 1783 penetrante
3139 1719 3428 1787 repletam,
3462 1734 3521 1776 ut

1957 1797 2198 1865 legitimo
2224 1808 2467 1867 tempore
2515 1804 2728 1858 abunde
2785 1803 3059 1861 fructuum
3114 1809 3420 1877 protulerit,
3464 1826 3513 1865 et

267 1877 414 1931 ὥστε
463 1883 689 1951 καρπῶν
723 1884 1059 1955 ὑπερϐάλλον
1104 1890 1183 1952 είς
1225 1890 1376 1964 ὥρας
1409 1893 1613 1964 πλῆθος
1636 1895 1849 1966 ἐξενεγο
1877 1875 1925 1934 Β

1877 1875 1925 1934 Β
1954 1889 2095 1957 quod
2128 1890 2492 1947 Archilochus
2532 1893 2689 1958 dixit,
2743 1895 2846 1951 hoc
2884 1899 3041 1953 modo
3090 1875 3249 1965 agros
3293 1875 3516 1969 pingue-

268 1972 409 2034 κεῖν,
444 1974 536 2025 καὶ
566 1978 917 2045 μαρτυρῆσαι
943 1981 1018 2049 τῷ
1057 1982 1354 2053 Ἀρχιλόχῳ
1383 1984 1596 2054 λέγοντι
1630 1989 1845 2041 πιαίνε-

269 2063 400 2115 σἹαι
453 2066 589 2133 πρὸς
620 2066 715 2119 τοῦ
772 2071 1075 2123 τοιούτουη
1110 2074 1209 2136 τὰς
1248 2075 1508 2147 ἀρούρας.
1558 2077 1846 2142 Ἐπιεικῶς

262 2153 325 2206 δὲ
356 2157 473 2217 ταῖς
505 2158 769 2223 μεγάλαις
798 2162 996 2229 μάχαις
1027 2163 1300 2228 ἐξαισίους
1330 2168 1517 2232 ὑετοὺς
1543 2172 1844 2242 ἐπικαταρ-

266 2247 570 2315 ρἠνυσθαι
616 2250 884 2317 λέγουσιν.
909 2254 1017 2307 είτε
1040 2255 1319 2325 δαιμονίου
1354 2260 1499 2322 τινὸς
1525 2264 1637 2322 τοῖς
1672 2262 1844 2316 καθαο

266 2340 382 2405 ροῖς
440 2340 534 2392 καὶ
583 2341 875 2395 διιπετέσιν
915 2346 1225 2413 ἀγνίξοντος
1254 2349 1410 2403 ὕδασι
1452 2354 1545 2404 καὶ
1570 2353 1844 2407 κατακλύ-

264 2428 477 2493 ζοντος,
503 2430 613 2483 εἴτε
654 2432 746 2485 τοῦ
804 2435 966 2501 φόνου
1016 2438 1239 2507 καὶτῆς
1284 2443 1570 2510 σηπεδόνος
1612 2443 1839 2508 ὲξανιεί-

263 2534 367 2586 σης
412 2521 584 2590 ὑγρὰν
625 2524 716 2575 καὶ
768 2524 990 2594 βαρεῖαν
1042 2529 1429 2599 ἀναθυμίασιν,
1483 2534 1516 2604 ἢ
1562 2534 1676 2586 τὺνι
1704 2535 1842 2601 ἀέρα

262 2609 596 2680 συνίστησιν,
632 2612 928 2684 εΰτρεπτῡν
957 2616 1084 2669 ὄντα
1118 2621 1209 2671 καὶ
1240 2621 1435 2690 ῥᾳδίως
1481 2622 1840 2690 μεταϐάλλειν

260 2699 357 2750 ἐπὶ
386 2700 635 2753 πλεῖστον
677 2705 785 2756 ἀπὸ
835 2710 1208 2778 σμικροτάτης
1253 2711 1446 2779 ἀρχῆς.
1477 2713 1597 2764 Ὅτι
1619 2712 1663 2742 ¹¹¹
1689 2711 1839 2775 ἀξιον

258 2787 681 2857 θαυμάσαιτοὺς
713 2795 1056 2864 Κουρνούτου
1092 2798 1451 2868 θεράποντας.
1482 2801 1703 2853 Πολλῶν
1730 2802 1837 2872 γὰρ

256 2878 318 2929 ἐν
344 2883 703 2954 στασιαζούσῃ
735 2887 799 2955 τῇ
826 2887 977 2940 πόλει
1039 2889 1263 2960 θανάτῳ
1309 2894 1402 2944 καὶ
1428 2892 1536 2944 τῶν
1580 2892 1837 2945 ἀναιτίων

256 2970 817 3042 καταψηφισαμένων,
851 2976 944 3028 καὶ
967 2979 1173 3047 μυρίων
1192 2982 1416 3049 σφαγῶν
1449 2982 1540 3033 καὶ
1568 2981 1833 3033 ποικίλων

254 3060 668 3129 προελθόντων,
733 3058 883 3119 οὗτοι
933 3068 1025 3121 τὸν
1071 3068 1336 3139 δεσπότην
1390 3072 1832 3142 ἀποκρύψαντες,

253 3152 449 3220 νεκρὸν
490 3152 545 3205 δέ
575 3170 695 3206 τινα
740 3156 854 3208 τῶν
904 3158 1113 3211 πολλῶν
1163 3162 1564 3230 ἀναρτήσαντες
1623 3166 1688 3216 ὲκ
1741 3163 1832 3216 τοῦ

247 3242 523 3309 τραχήλου
580 3245 673 3297 καὶ
740 3247 1058 3316 περιθέντες
1088 3250 1239 3321 αὐτῷ
1290 3252 1521 3322 χρυσοῦν
1548 3253 1829 3308 δακτύλιον

247 3330 594 3387 ἐπεδείκνυον
646 3335 766 3407 [651
803 3337 896 3408 H.]
931 3342 1043 3403 τοῖς
1106 3343 1321 3411 Μαρίου
1366 3345 1707 3415 δορυφόροις,
1735 3345 1827 3397 καὶ

248 3425 626 3494 κοσμήσαντες
664 3428 739 3489 ὡς
765 3432 972 3484 ἐκεῖνον
1018 3432 1181 3486 αὑτὸν
1227 3434 1479 3489 ἔθαπτον.
1517 3437 1814 3504 Ὑπενόησε
1852 3435 1907 3487 δὲ

247 3516 477 3569 οἰκετῶν
504 3520 583 3580 είς
608 3519 873 3575 Γαλατίαν
894 3522 1235 3595 διεκομίσθη.

755 3635 857 3689 Ἐκ
892 3638 995 3692 τοῦ
1034 3640 1303 3706 Ἀράτου.

318 3743 444 3796 ὐτι
465 3746 508 3777 ¹⁸
528 3746 555 3798 ὁ
579 3748 831 3817 Ἄρατος,
860 3752 1013 3819 φησὶ,
1036 3750 1300 3825 λαμπρῶς
1326 3756 1365 3787 ¹¹
1395 3755 1533 3808 κατὰ
1551 3758 1602 3809 ’Λ
1616 3757 1825 3827 ριστίπ-

244 3852 351 3889 που
378 3835 470 3889 τοῦ
504 3840 766 3908 τυράννου
810 3842 905 3894 καὶ
936 3844 1074 3895 κατὰ
1100 3845 1207 3897 τῶν
1236 3847 1331 3899 σὺν
1360 3848 1508 3916 αὐτῷ
1569 3850 1827 3917 ἀριστευ-

244 3941 367 3987 σας,
417 3928 669 3991 πεσόντος
696 3930 789 3983 καὶ
820 3932 983 3984 αὑτοῦ
1012 3932 1107 3985 τοῦ
1130 3935 1392 4002 τυράννου
1461 3938 1564 3988 ὑπὸ
1611 3940 1825 4007 Κρητός

238 4030 385 4074 “two,
412 4014 721 4083 Τραγίσκου
740 4018 784 4048 ¹⁶
805 4019 1056 4096 τοῦνομα,
1079 4020 1172 4073 καὶ
1194 4020 1285 4073 τοῦ
1309 4020 1540 4091 πλήθους
1565 4021 1820 4093 [12081ζ.1

237 4104 353 4155 τῶν
384 4106 556 4160 ἄλλων
590 4109 757 4163 ὄντων
779 4118 882 4178 ,αφ’
918 4112 1022 4163 τῶν
1048 4112 1463 4181 ἀναιρεθέντων,
1491 4117 1581 4166 καὶ
1620 4116 1823 4181 μηδένα

237 4198 355 4250 τῶν
406 4199 570 4253 αὑτοῦ
620 4203 966 4273 στρατιωτῶν
1001 4204 1313 4268 ἀποϐαλὼν,
1349 4206 1493 4274 ὅμως
1526 4210 1623 4258 οὐκ
1662 4206 1819 4259 ἔλαϐε

235 4288 300 4340 τδ
328 4289 531 4359 ’Ἄργος
596 4292 715 4345 οὐδὲ
763 4293 1102 4362 ἠλευθέρωσε
1135 4297 1258 4357 τοὺς
1290 4299 1347 4348 ὲν
1378 4298 1527 4366 αὐτῷ
1553 4299 1658 4349 τῶν
1690 4300 1814 4366 περὶ

243 4380 407 4444 ’Λγιν
454 4382 544 4433 καὶ
597 4383 686 4434 τὸν
739 4383 999 4453 νεώτερον
1061 4387 1447 4457 ’Δριστόμαχον
1487 4391 1622 4456 μετά
1654 4391 1813 4442 δυνά⁸

240 4488 388 4539 μεως
417 4470 696 4543 βασιλικῆς
758 4478 1233 4545 παρεισπεσόντων
1292 4482 1382 4532 καὶ
1436 4482 1813 4549 κατασχόντων

1949 1994 2125 2043 scere,
2158 1981 2209 2033 id
2244 1992 2355 2034 tum
2382 1979 2551 2035 fuisse
2574 1982 2980 2040 conﬁrmatum.
3001 1984 3189 2056 Neque
3219 1989 3315 2043 abs
3334 2002 3513 2053 reest,

1946 2071 2088 2136 quod
2117 2080 2237 2139 post
2266 2086 2453 2141 magna
2484 2062 2673 2140 pimlia
2700 2072 2997 2130 immodicae
3016 2077 3211 2145 pluviae
3234 2077 3511 2133 decidant:

1946 2159 2059 2213 sive
2091 2159 2226 2213 deus
2278 2160 2469 2229 aliquis
2519 2170 2717 2217 terram
2764 2165 2912 2235 puris
2939 2179 2992 2220 et
3025 2165 3334 2222 cmlestibus
3360 2166 3514 2237 aquis

1948 2248 2139 2305 lustrat
2165 2260 2329 2320 alque
2352 2252 2565 2321 proluit,
2594 2254 2709 2309 sive
2738 2256 3093 2311 cadaveribus
3108 2266 3163 2311 et
3192 2257 3512 2328 pinguedine

1947 2342 2225 2397 humidam
2284 2359 2611 2415 gravemque
2651 2348 3032 2403 emittentibus
3084 2349 3510 2415 exhalationem,

1946 2427 2017 2478 ita
2074 2444 2168 2480 aer
2197 2433 2327 2495 coit,
2392 2432 2632 2499 alioquin
2687 2432 2845 2487 facile
2900 2436 3063 2488 etiam
3107 2436 3394 2491 levissimis
3442 2438 3511 2493 d3

1943 2521 2122 2573 causis
2151 2523 2435 2575 mutationi
2494 2523 2783 2576 obnoxius.
2826 2524 2978 2593 Digni
3039 2526 3221 2592 itaque
3272 2528 3507 2579 admira-

1945 2609 2088 2662 tione
2113 2608 2335 2664 Cornuti
2359 2610 2503 2663 servi
2537 2628 2549 2662 :
2592 2612 2773 2664 multis
2801 2613 2943 2665 enim
2977 2613 3114 2666 bello
3139 2613 3281 2667 civili
3336 2625 3508 2669 morte

1941 2701 2056 2752 sine
2080 2715 2244 2753 causa
2296 2703 2695 2763 condemnatis,
2746 2703 3016 2770 variisque
3050 2704 3287 2759 caedibus
3310 2720 3505 2774 perpe-

1943 2792 2117 2858 tratis,
2142 2807 2263 2845 cum
2289 2792 2475 2845 lterum
2492 2808 2645 2846 suum
2665 2794 3045 2858 occultassent,
3068 2796 3212 2849 aliud
3240 2798 3503 2865 quoddam

1939 2884 2172 2938 cadaver
2204 2884 2271 2938 de
2300 2896 2639 2938 mortuorum
2672 2900 2868 2939 acervo
2893 2898 3175 2956 arreptum
3223 2888 3364 2943 collo
3390 2899 3501 2943 tra-

1938 2973 2147 3039 bentes,
2209 2990 2429 3028 aureum
2487 2976 2742 3028 annulum
2795 2978 2961 3046 digito
3004 2980 3500 3048 accommodantes,

1937 3067 2189 3120 Marianis
2217 3068 2288 3119 ita
2317 3068 2636 3123 satellitibus
2663 3070 3037 3132 ostenderunt,
3085 3082 3139 3125 et
3178 3082 3369 3126 ornato
3410 3073 3499 3126 l'u-

1939 3176 2088 3221 ncrt',
2121 3161 2275 3227 quasi
2334 3160 2501 3215 berile
2561 3171 2708 3215 esset
2759 3161 3165 3230 scpeliverunt:
3216 3180 3395 3233 neque
3446 3167 3497 3219 id

1937 3250 2219 3317 quisquam
2255 3253 2446 3311 sensit,
2477 3265 2650 3319 eoque
2681 3252 2840 3305 modo
2859 3251 3133 3308 Cornutus
3166 3252 3304 3307 clam
3334 3266 3498 3324 opera

1936 3354 2212 3394 servorum
2249 3339 2548 3395 inGalliam
2580 3342 2775 3396 evasit.

1933 3432 2125 3498 οὐδεὶς,
2178 3431 2294 3484 ἀλλ’
2340 3430 2480 3485 οὕτω
2541 3431 2719 3484 λαθὼν
2783 3432 2812 3484 ό
2857 3432 3194 3503 Κουρνοῦτος
3236 3435 3339 3487 ὑπὸ
3390 3434 3497 3487 τῶν

2484 3633 2567 3688 Ex
2608 3635 2761 3687 Arari
2807 3633 2944 3689 Vita.

1996 3754 2160 3804 Arato
2194 3766 2315 3803 cum
2342 3750 2622 3818 Aristippo
2639 3760 2695 3803 et
2734 3751 2998 3808 militibus
3014 3755 3131 3807 acri
3165 3770 3339 3824 pugna
3359 3772 3488 3813 con-

1930 3844 2226 3911 grediente,
2246 3851 2299 3894 et
2316 3850 2543 3910 tyranno
2563 3855 2593 3894 a
2619 3840 2782 3895 Crete
2805 3844 3035 3909 quodam
3052 3846 3270 3900 nomine
3298 3844 3490 3914 Tragi-

1929 3946 2021 3985 sco
2053 3941 2262 3995 necato,
2289 3940 2337 3986 et
2356 3930 3040 4000 3990amisslsipsorum
3056 3932 3335 4002 plusquam
3354 3936 3489 3991 l50tl

1928 4022 2086 4083 viris,
2118 4030 2173 4074 et
2196 4022 2407 4074 nemine
2429 4036 2647 4073 suorum
2677 4021 2897 4085 amisso,
2928 4022 3295 4090 Argestatnen
3316 4040 3487 4096 neque

1928 4113 2065 4181 repit
2102 4126 2274 4179 neque
2302 4110 2568 4163 liberavit.
2604 4111 2735 4181 Agis
2788 4114 2932 4166 enim
2985 4126 3041 4167 et
3074 4117 3484 4174 Aristomachus

1928 4205 2104 4256 minor
2160 4217 2282 4255 cum
2316 4204 2553 4256 exercitu
2588 4205 2735 4272 regio
2763 4205 3068 4274 irruperant
3088 4221 3174 4271 eo,
3214 4218 3267 4261 et
3304 4224 3481 4263 rerum

1923 4302 2244 4361 potestatem
2271 4304 2692 4361 occupaverant.
2728 4295 2974 4365 Magnam
3014 4298 3233 4365 quidem
3275 4310 3481 4365 partem

1920 4381 2254 4442 cavillorum,
2287 4380 2751 4448 dicteriorumque
2797 4393 2853 4435 et
2891 4385 3200 4437 scnrrilium
3243 4388 3479 4440 insecta-

1924 4470 2145 4530 tionem.
2179 4470 2375 4537 quibus
2418 4486 2543 4524 eum
2597 4472 2908 4526 adulatores
2964 4485 3320 4542 tyrannorum
3365 4484 3479 4528 tra-

235 4561 306 4613 τὰ
342 4564 663 4632 πράγματα.
689 4565 762 4617 Τὸ
788 4566 886 4635 μὲν
910 4562 1003 4619 οὖν
1026 4569 1161 4622 πολὺ
1198 4571 1295 4640 τῆς
1328 4571 1577 4640 διαϐολῆς
1605 4574 1697 4625 καὶ
1731 4572 1817 4625 λόο
1849 4575 1894 4629 D

1808 4575 1894 4629 .D
1920 4561 2207 4623 ducebant,
2252 4558 2550 4623 refutavit;
2600 4562 2690 4629 qui
2750 4562 2801 4615 in
2844 4564 3071 4630 gratiam
3138 4565 3473 4619 dominorum

232 4668 368 4718 γους
398 4656 492 4706 καὶ
548 4654 857 4725 σκώμματα
890 4658 983 4709 καὶ
1011 4658 1345 4729 βωμολοχίας
1392 4664 1680 4731 παρείλετο
1708 4664 1815 4715 τῶν

232 4742 642 4797 κολακευόντων
690 4748 813 4809 τοὺς
854 4749 1169 4817 τυράννους,
1200 4752 1300 4803 καὶ
1326 4752 1647 4816 διεξιόντων,
1673 4753 1817 4805 ὲκεί-

1921 4649 2179 4703 dictitare
2212 4650 2475 4711 solebant,
2508 4651 2627 4702 duri
2668 4652 2984 4705 Acha-orum
3029 4663 3266 4722 tempore
3304 4656 3474 4721 prmlii

1918 4739 2094 4793 alvum
2154 4741 2491 4803 conturbari,
2527 4743 2843 4809 vertiginem
2864 4751 2918 4795 et
2961 4758 3177 4808 gravem
3225 4760 3471 4812 soporem

232 4823 348 4892 νοις
398 4832 791 4903 χαριζομένων,
826 4837 900 4901 ὡς
950 4839 1044 4891 τοῦ
1091 4844 1391 4912 στρατηγοῦ
1430 4845 1537 4895 τῶν
1582 4845 1814 4913 Ἀχαιῶν

1801 4862 1814 4896 ρ
1916 4830 2117 4885 oboriri
2173 4832 2331 4885 simul
2361 4841 2522 4901 atque
2582 4832 2720 4885 tuba:
2776 4835 3010 4887 sonitum
3080 4836 3466 4890 exaudivisset.

229 4923 621 4994 ἐκταράττοιτο
651 4929 753 4997 μὲν
780 4932 810 4999 ή
840 4932 1012 4984 κοιλία
1039 4934 1187 5003 παρά
1218 4936 1315 4999 τας
1341 4938 1381 4967 ²¹
1417 4938 1614 5007 μάχας,
1645 4939 1812 5008 κάρος

1916 4922 2100 4991 Itaque
2127 4931 2183 4976 ut
2230 4924 2460 4991 primum
2517 4923 2687 4977 aciem
2722 4925 3086 4988 instruxisset,
3116 4934 3169 4977 et
3210 4935 3468 4979 tesseram

226 5015 288 5068 δὲ
327 5017 417 5067 καὶ
480 5017 684 5086 ἴλιγγος
741 5024 1073 5091 προσπίπτοι
1101 5027 1145 5055 ’³
1176 5026 1291 5096 ἅμα
1342 5028 1419 5097 τῷ
1463 5031 1809 5098 παραστῆναι

1800 5049 1809 5081 ι
1914 5016 2175 5079 dedisset,
2210 5016 2514 5083 percontari
2567 5016 2784 5069 solitum
2826 5018 3189 5081 centuriones,
3239 5028 3293 5070 et
3338 5018 3465 5083 quid

225 5106 325 5157 τὸν
378 5107 717 5180 σαλπιγκτὴν
741 5113 807 5179 ’³,
866 5116 1097 5182 ἐκτάξας
1125 5117 1179 5169 δὲ
1211 5120 1307 5188 τὴν
1355 5120 1582 5191 δύναμιν
1620 5123 1712 5174 καὶ
1748 5123 1807 5175 τὸ

1799 5142 1807 5173 ,
1911 5121 2008 5160 sua
2030 5104 2313 5174 praesentia
2336 5119 2471 5173 opus
2504 5106 2663 5168 l‘oret,
2686 5104 2829 5174 jacta
2853 5104 2960 5172 jam
2998 5106 3111 5158 alea
3139 5123 3152 5170 ;
3188 5114 3348 5173 atque
3392 5106 3464 5157 ita

229 5196 482 5266 σύνθημα
546 5207 959 5277 παρεγγυήσας,
1019 5208 1113 5261 καὶ
1149 5209 1452 5280 πυθόμενος
1508 5212 1616 5264 τῶν
1671 5214 1801 5265 ὐπο-

1910 5196 2298 5266 digredientem
2359 5210 2520 5263 quam
2591 5195 2927 5263 longissime,
2975 5204 3224 5250 eventum
3276 5210 3463 5262 pugna:

228 5291 551 5358 στρατηγῶν
590 5298 661 5363 μή
704 5313 787 5359 τις
820 5297 983 5351 αὑτοῦ
1009 5298 1166 5366 χρεία
1190 5302 1473 5368 παρόντος,
1506 5302 1798 5373 βεϐλῆσθαι

1796 5342 1798 5352 ,
1906 5297 2239 5357 exspectare.
2276 5285 2398 5341 limo
2428 5286 2641 5354 quidem
2667 5288 2740 5341 ita
2772 5289 3002 5343 obtinuit
3024 5288 3222 5355 opinio,
3258 5297 3313 5339 ut
3343 5286 3461 5354 pbi-

222 5378 337 5446 γὰρ
389 5382 513 5444 τοὺς
565 5384 935 5455 ἀστραγάλους
968 5430 981 5453 ,
1039 5389 1349 5458 ἀπέρχοιτο,
1411 5393 1797 5463 καραδοκήσων

1906 5380 2112 5450 losopbi
2145 5381 2303 5433 etiam
2335 5379 2386 5430 in
2416 5378 2613 5433 scholis
2646 5378 2944 5449 disputent.
2978 5390 3246 5433 tretnurne
3280 5380 3457 5432 cordis

1499 5502 1732 5557 VARle
1786 5492 2184 5555 LECTIONES.

298 5584 343 5615 "
386 5590 635 5642 σκιπίωνι
693 5593 755 5644 Λ.

220 5655 396 5720 χῶσαι
428 5675 482 5719 ς.

220 5795 353 5859 κτὴν
380 5810 439 5856 ς’.

584 5662 623 5691 ¹⁹
654 5662 934 5715 ἀνάπλεων
975 5664 1034 5717 Β.
1114 5666 1157 5695 ³⁸
1194 5665 1288 5717 τοῦ
1320 5665 1557 5717 τοιούτου
1600 5666 1637 5714 ll
1662 5674 1707 5714 et
1744 5656 2096 5742 (ωτι-..ᾼειτδ
2136 5657 2348 5742 ξριοῦτο
2379 5675 2439 5742 ς·
2518 5656 2687 5742 ’τῇτῇ
2734 5673 2781 5711 εκ
2838 5670 2869 5738 x,

221 5727 264 5753 *⁵
290 5723 557 5795 λαμπρῶς
604 5731 698 5782 καὶ
755 5733 891 5785 κατά
954 5750 1013 5796 ς.
1093 5735 1137 5764 ²⁶
1167 5735 1469 5804 Τραγίσκου
1506 5751 1565 5795 ς’.
1644 5735 1684 5763 ¹¹
1720 5733 1819 5796 τὰς
1841 5733 1965 5787 add.
1999 5728 2058 5779 Α.
2136 5728 2182 5756 ’⁸
2211 5728 2535 5791 προσπίπτοι
2562 5725 2632 5777 B:
2667 5725 2996 5794 προσπίπτει
3038 5742 3097 5788 ς’.

850 5593 893 5628 ’³
922 5595 1309 5647 Μασσαλιῶται
1366 5596 1435 5655 Β,
1483 5592 1827 5647 Ἀίασαλαῖται
1876 5592 1942 5650 A,
1994 5586 2325 5641 Μασαλιΐται
2369 5605 2427 5650 ς.
2505 5586 2548 5617 ⁸⁵
2578 5584 3091 5656 περιθριγκῶσαιηΑ
3137 5604 3150 5639 :
3205 5598 3459 5655 trapch-

2518 5658 2557 5695 '7
2583 5656 2687 5725 ὅτι]
2734 5655 2781 5711 c.
2838 5670 2933 5706 XII.
3009 5655 3051 5685 ⁸⁸
3075 5657 3177 5723 ὅτι]
3224 5671 3270 5710 c.
3305 5669 3454 5707 XXIX.

3186 5728 3231 5759 ¹³
3268 5725 3456 5779 σαλπι-
