4216 6430
782 365 916 435 1455

1926 371 2187 435 PIIOTII
2226 375 2733 440 PATllIARCH/E
2772 382 2884 443 CP.

3908 385 4051 449 ιιεδ

775 500 829 543 ct
858 485 1087 543 mutatio
1112 484 1331 550 coloris,
1361 495 1415 540 et
1446 483 1550 539 alvi
1580 482 1781 538 solutio
1811 498 2078 553 prtusente
2105 488 2338 556 pcriculc

2455 492 2741 563 πόρρωθεν
2762 495 2822 547 τὸ
2855 493 3296 565 συμϐησόμενον.
3338 494 3523 549 Ταῦτα
3556 496 3665 565 γάρ
3698 495 3874 559 οὕτως
3901 500 4048 567 ισχυ-

778 583 1087 637 ιίιιιῖάοτιιιιι
1122 579 1215 645 sit,
1240 593 1308 631 an
1342 576 1603 645 cujusque
1636 576 1974 643 intemperiei
2022 579 2072 630 in
2124 593 2352 647 corpore

774 683 827 728 et
850 669 1203 740 frigiditatis;
1237 667 1464 723 Aratum
1509 668 1655 719 enim
1700 664 1897 718 bonum
1927 679 2144 734 semper
2162 669 2351 722 ducem

776 762 1044 825 habitum,
1069 758 1157 813 cui
1189 768 1373 812 tamen
1413 769 1477 810 ea
1514 769 1728 823 semper
1777 754 1830 806 in
1888 755 2157 809 obeundis
2206 760 2353 824 peri-

774 854 913 909 culis
960 850 1280 906 acciderint.
1320 847 1458 914 Quia
1505 848 1729 916 antiqua
1792 845 1873 899 lex
1913 858 2054 910 erat,
2113 860 2180 899 ne
2226 848 2352 915 quis

775 947 917 1000 intra
958 958 1147 1000 muros
1203 940 1545 1011 sepeliretur.
1609 952 1843 1008 eamque
1898 936 2091 1006 legem
2153 951 2349 1006 magna

772 1037 1132 1091 comitabatur
1163 1031 1499 1101 superstitio,
1535 1028 1772 1098 Delphos
1812 1028 2163 1084 miseruntea
2196 1029 2264 1082 de
2291 1040 2350 1081 re

773 1126 1108 1182 sciscitatum
1148 1122 1426 1195 Pythiam,
1471 1136 1589 1188 quae
1617 1119 1886 1189 permisit.
1924 1118 1991 1173 Et
2023 1129 2135 1171 tum
2162 1119 2346 1173 caeteri

770 1217 975 1281 Achaei,
1000 1227 1112 1271 tum
1135 1230 1265 1269 vero
1300 1213 1538 1284 Sicyonii
1568 1212 1735 1281 gavisi
1762 1219 1907 1273 sunt,
1941 1218 2258 1277 mutatoque
2290 1210 2345 1263 in

771 1310 1120 1364 festivitatem
1149 1308 1318 1368 luctu,
1349 1305 1595 1359 coronati
1628 1303 2067 1371 albisquelnduti
2102 1303 2346 1357 vestibus

770 1417 966 1472 corpus
1004 1400 1124 1471 ejus
1145 1400 1325 1454 statim
1378 1398 1430 1451 in
1469 1397 1656 1449 urbem
1705 1396 2082 1462 deportarunt,
2134 1409 2348 1463 pmanes

769 1494 983 1549 choreis
1017 1492 1365 1548 accinentes:
1423 1502 1489 1542 ac
1535 1486 1651 1541 loco
1704 1486 1917 1539 delecto
1966 1485 2056 1555 qui
2106 1486 2347 1539 omnium

768 1588 1082 1656 conspectui
1130 1593 1361 1655 pateret,
1425 1592 1679 1649 tanquam
1752 1581 2091 1633 conditorem
2153 1592 2346 1633 serva-

769 1686 1051 1744 toremque
1099 1677 1248 1729 urbis
1311 1672 1697 1739 sepeliverunt.
1748 1669 1892 1724 Loco
1932 1670 2226 1724 etiamnum
2264 1675 2349 1721 est

770 1783 962 1822 nomen
987 1768 1267 1822 Aratenm.
1305 1765 1552 1819 Mortuus
1598 1774 1679 1819 est
1719 1762 1906 1830 specie
1946 1760 2339 1814 familiaritatis

2456 601 2567 647 σεν,
2598 585 2744 638 ῶστι
2784 586 2880 637 καὶ
2931 587 3061 648 τοὺς
3100 586 3425 653 φιλοσόφους
3448 587 3507 637 ἐν
3529 592 3649 649 ταῖς
3694 589 3915 657 σχολαῖς
3947 591 4047 663 ζη-

2452 678 2563 728 τεῖν
2582 676 2631 706 ⁸⁵
2656 677 2705 728 si
2726 713 2744 740 ,
2776 676 2836 727 τὸ
2866 675 3165 728 πάλλεσθαι
3205 676 3303 745 τὴν
3332 677 3559 747 καρδίαν
3604 680 3699 731 καὶ
3736 680 3799 732 τὸ
3846 684 4046 752 χρῶμα

2380 826 2385 831 1
2448 769 2758 835 τρέπεσθαι
2820 770 2865 799 ⁸⁵
2890 769 2984 821 καὶ
3002 769 3102 837 τὴν
3126 768 3767 840 κοιλίανὲξυγραίνεσθαι
3794 777 3952 842 παρὰ
3982 779 4047 828 τὰ

2453 858 2754 925 φαινόμενα
2773 858 2923 911 δεινά
2948 860 3149 922 δειλίας
3168 861 3317 912 ἐστὶν
3343 862 3374 929 ἢ
3394 862 3733 932 δυσκρασίας
3749 867 3898 927 τινος
3918 870 4045 933 περὶ

2450 948 2511 997 τὸ
2545 947 2705 1015 σῶμα
2754 949 2849 1000 καὶ
2870 948 3232 1019 ψυχρότητοςα
3258 950 3351 1004 τὸν
3378 951 3489 1022 γὰρ
3543 954 3781 1021 Ἀρατον
3820 954 3918 1007 ἀεὶ
3950 957 4044 1025 μὲν

2450 1037 2653 1104 ἀγαθὸν
2695 1038 2948 1108 ἡγεῖσθαι
2978 1041 3307 1110 στρατηγὸν,
3336 1043 3424 1095 ἀεὶ
3452 1042 3511 1094 δέ
3538 1042 3713 1097 ταῦτα
3759 1044 4041 1113 πάσχοντα

2452 1129 2602 1198 παρὰ
2672 1132 2798 1193 τοὺς
2846 1131 3085 1199 ἀγῶνας.
3140 1133 3262 1186 Ὀτι
3294 1133 3341 1165 ³⁸
3396 1133 3560 1203 νόμου
3625 1134 3843 1205 (φησὶν)
3894 1135 4043 1197 ὄντος

2450 1222 2677 1290 ἀρχαίου
2732 1223 2938 1293 μηδένα
2992 1223 3293 1276 θάπτεσθαι
3348 1224 3541 1293 τειχῶν
3578 1226 3752 1288 ἐντὸς,
3811 1226 4041 1294 ἰσχυρᾶς

2449 1328 2508 1364 τε
2539 1313 2584 1343 ’⁷
2619 1313 2696 1382 τῷ
2736 1314 2885 1383 νόμῳ
2911 1316 3334 1384 δεισιδαιμονίας
3357 1316 3686 1386 προσούσης,
3719 1316 4043 1385 ἔπεμψαν⁸⁸

2450 1402 2529 1463 είς
2586 1402 2825 1469 Δελφοὺς
2888 1405 3027 1473 ὑπὲρ
3076 1404 3281 1457 τούτων
3331 1407 3655 1473 ἐρησόμενοι
3682 1406 3779 1476 τὴν
3811 1406 4039 1459 Πυθίαν·

2449 1494 2483 1560 ή
2515 1491 2571 1543 δὲ
2602 1493 2895 1562 ἐπέτρεπε.
2934 1495 3043 1546 Καὶ
3073 1495 3199 1546 οἵτε
3237 1495 3442 1563 Ἀχαιοὶ
3494 1494 3733 1557 ἅπαντες
3766 1496 4041 1565 ἥσθησαν,

2450 1584 2549 1634 καὶ¹
2611 1582 2984 1653 διαφερόντως
3020 1588 3069 1637 οἱ
3101 1585 3411 1649 Σικυώνιοι,
3464 1586 3863 1655 μεταϐαλόντες
3882 1589 3928 1617 ’τ
3969 1590 4043 1648 εἰς

2449 1669 2645 1738 ἑορτὴν
2704 1671 2766 1722 τὸ
2828 1671 3065 1739 πένθος,
3137 1674 3299 1736 εὐθὺς
3350 1676 3415 1727 ἐκ
3468 1674 3563 1727 τοῦ
3631 1676 3822 1742 Αἰγίου
3882 1676 4045 1727 rev“

2450 1758 2644 1828 νεκρὸν
2687 1758 2917 1828 Ἀράτου
2951 1762 3394 1833 ἐστεφανωμένοι
3431 1764 3526 1817 καὶ
3559 1764 4043 1834 λευχειμονοῦντες

770 1873 974 1913 veneno
997 1869 1051 1910 et
1086 1857 1245 1923 dolis,
1282 1858 1429 1912 caede
1460 1872 1488 1909 a
1513 1856 1785 1909 Taurione
1837 1861 2173 1923 perpetrata,
2208 1851 2334 1904 Phi.

2447 1851 2551 1902 ὑπὸ
2589 1851 2834 1904 παιάνων
2867 1852 2962 1904 καὶ
2989 1854 3167 1923 χορῶν
3198 1857 3276 1916 εἰς
3307 1858 3404 1926 τήν
3443 1857 3597 1909 πόλιν
3627 1858 3832 1925 ἀνῆγον
3851 1859 3921 1922 ³⁸,
3955 1859 4043 1910 καὶ

767 1952 909 2019 lippo
941 1949 1332 2018 Peloponnesio
1362 1957 1585 2019 tyranno
1605 1948 1872 2009 ediceute,
1915 1954 1972 1997 ιιι
2014 1944 2235 2011 impune
2264 1941 2340 1995 illi

764 2060 883 2113 qua:
913 2043 1129 2099 fecisset
1159 2043 1435 2097 cederent.

2446 1942 2611 1994 τόπον
2661 1940 2973 2013 ἐξελόμενοι
3028 1945 3320 2015 περίοπτον
3352 1987 3365 2009 ,
3412 1948 3602 2018 ὥσπερ
3656 1949 3910 2019 οἰκιστὴν
3951 1951 4042 2002 καὶ

2451 2032 2674 2101 σωτῆρα
2712 2033 2810 2102 τῆς
2846 2035 3054 2097 πόλεως
3112 2038 3434 2107 ἐκήδευσαν·
3460 2041 3554 2092 καὶ
3598 2040 3845 2093 καλεῖται
3882 2041 4042 2109 μέχρι

764 2138 857 2191 νῦν
919 2136 1216 2210 Ἀράτειον.
1250 2135 1312 2188 Ἡ
1339 2134 1395 2188 δέ
1422 2132 1643 2203 τελευτὴ
1670 2130 1819 2202 αύτῷ
1853 2131 1910 2183 ἐν
1966 2127 2371 2201 φιλοφροσύνης
2410 2127 2652 2195 σχήματι
2707 2129 2986 2197 φαρμάκῳ
3040 2130 3138 2181 καὶ
3210 2131 3349 2201 δόλῳ
3408 2133 3600 2201 γέγονε
3633 2172 3648 2197 ,
3727 2133 4040 2205 Ταυρίωνος

766 2231 866 2302 μὲν
925 2230 1018 2284 τοῦ
1098 2225 1404 2301 στρατηγοῦ
1468 2223 1961 2297 ὑπηρετησαμένου
2028 2221 2106 2293 τῷ
2169 2222 2336 2290 φόνῳ,
2415 2218 2683 2271 Φιλίππου
2739 2220 2796 2272 δὲ
2856 2218 2951 2273 τοῦ
3028 2221 3461 2294 Πελοποννησίου
3528 2226 3796 2297 τυράννου
3832 2264 3849 2291 ,
3969 2225 4040 2283 ὡς

763 2326 944 2379 άδειαν
971 2322 1081 2393 ἐχοι
1105 2322 1365 2393 πράττειν
1388 2317 1424 2371 ἃ.
1450 2318 1691 2388 βούλοιτο
1716 2318 1827 2370 τῶν
1858 2314 2168 2386 ἐκθέσμων,
2212 2311 2641 2383 προστάξαντος.

1334 2412 1417 2466 Ea:
1448 2412 1776 2465 Artaxerxis.

832 2510 1004 2565 Mater
1047 2507 1371 2563 Artaxerxis
1406 2506 1505 2558 fuit
1546 2504 1849 2574 Parysatis,
1885 2500 2057 2555 sulers
2085 2513 2216 2554 sane
2247 2496 2331 2551 fec

765 2604 930 2665 mina,
963 2613 1017 2657 et
1049 2600 1263 2654 taxillos
1292 2600 1472 2667 jacere
1502 2612 1603 2649 non
1642 2596 1879 2649 indocta.
1919 2592 2089 2647 Metus
2112 2603 2341 2661 tyranno

762 2693 1010 2748 stimulus
1038 2692 1103 2745 ad
1129 2690 1327 2746 credent
1358 2688 1692 2741 acerrimus.

968 2870 1164 2942 39912
1219 2869 1302 2922 Ex
1335 2868 1501 2939 Agide
1535 2866 1643 2937 (76)
1678 2864 1789 2938 [Ex
1810 2861 2131 2935 Cleomene].

834 2964 1133 3033 Antigonus
1159 2960 1484 3013 Macedonia:
1510 2974 1599 3013 rex
1626 2966 1849 3012 vocatus
1887 2958 1951 3008 ad
1982 2956 2243 3009 auxilium
2274 2956 2340 3009 ab

2870 2408 2964 2460 Ἐκ
2992 2407 3095 2460 τοῦ
3133 2408 3521 2475 Ἀρτοξέρξου
3546 2409 3611 2462 ³¹.

2523 2496 2645 2548 ’Ότι
2676 2497 2778 2567 ³³ή
2825 2496 2920 2549 τοῦ
2963 2499 3314 2568 Ἀρτοξέρξου
3359 2502 3540 2568 μήτηρ
3597 2497 3917 2567 Παρύσατις
3950 2500 4012 2552 θυ

2455 2586 2686 2655 μόσοφος
2718 2584 2786 2657 ἦν
2812 2590 2971 2657 γυνὴ,
2994 2589 3085 2640 καὶ
3112 2589 3261 2659 δεινὴ
3292 2590 3473 2659 (φησι)
3519 2591 3795 2645 κυὸεύειν.
3831 2593 3957 2645 Ὀτι
3996 2594 4035 2623 ⁸⁸

2450 2681 2483 2747 ἡ
2518 2678 2688 2733 δειλία
2740 2682 2897 2749 (φησὶ
2924 2681 2990 2750 ³⁵)
3025 2681 3392 2750 φονικώτατόν
3422 2684 3571 2736 ἐστιν
3614 2686 3672 2736 ἐν
3697 2686 3821 2747 ταῖς
3844 2702 4035 2756 τυραν-

2451 2769 2609 2823 νίσιν.

2982 2865 3082 2918 Ἐκ
3109 2865 3217 2917 τοῦ
3256 2864 3504 2931 Ἀγιδος.

2518 2956 2639 3005 Ὀτι
2665 2954 2710 2985 ³⁸
2750 2952 3051 3021 ’Λντίγονος
3089 2957 3296 3024 (φησὶν)
3319 2958 3346 3007 ὁ
3375 2957 3712 3021 Μακεδονίας
3748 2959 4040 3028 βασιλεὺς,⁸

761 3053 972 3107 Achazis
1032 3061 1221 3106 contra
1271 3048 1653 3111 Cleomenem,
1725 3063 1901 3114 pugna
1959 3048 2232 3114 superavit
2288 3055 2338 3100 ct

2443 3044 2925 3115 ἐπικαλεσαμένων
2973 3045 3100 3117 [652
3139 3044 3231 3117 H.j
3284 3048 3449 3099 αὑτὸν
3490 3050 3581 3100 ἐπὶ
3606 3049 3865 3120 βοήθειαν
3895 3058 4032 3107 κατὰ

760 3141 964 3209 fugavit
990 3139 1357 3204 Cleomenem,
1389 3146 1443 3191 et
1472 3152 1595 3190 cum
1624 3143 1770 3189 esset
1811 3133 2199 3189 Laceda-moue
2240 3150 2336 3205 po-

2440 3136 2781 3205 Κλεομένους
2821 3136 3080 3205 Ἀχαιῶν,
3125 3138 3273 3208 μάχῃ
3324 3136 3565 3206 ἐνίκησε,
3602 3142 3695 3193 καὶ
3745 3141 3805 3204 ἐξ
3842 3144 4031 3211 ἐφόδου

764 3236 911 3296 titus,
994 3229 1306 3284 humaniter
1380 3228 1525 3282 cives
1599 3225 1871 3290 tractavit,
1919 3225 2338 3295 dignitatemque

2447 3228 2709 3295 φυγόντος
2733 3228 3075 3299 Κλεομένους
3098 3228 3199 3297 τὴν
3234 3228 3388 3280 πόλιν
3415 3230 3771 3297 παραλαϐὼν,
3800 3236 3895 3286 καὶ
3925 3239 4031 3297 τοῖς

762 3322 969 3392 Sparta:
1006 3321 1155 3374 nullo
1176 3320 1336 3374 modo
1364 3318 1721 3383 conculcavit,
1756 3329 1846 3372 aut
1873 3319 2108 3374 ludibrio
2129 3320 2339 3384 habuit,

759 3415 852 3469 sed
883 3414 1029 3482 leges
1060 3425 1285 3480 remque
1309 3409 1575 3480 publicam
1614 3408 1900 3478 Spartanis
1927 3411 2178 3475 reddidit,
2207 3418 2261 3466 ct
2288 3413 2339 3467 in

761 3503 1122 3558 Macedoniam
1176 3502 1333 3556 tertio
1369 3502 1455 3555 die
1513 3501 1785 3563 discessit,
1822 3502 1964 3571 quod
2016 3517 2136 3556 eam
2196 3502 2340 3557 hello

760 3602 950 3650 ardere
978 3604 1141 3663 atque
1171 3610 1202 3647 a
1277 3593 1528 3647 barbaris
1558 3594 1757 3647 vastari
1802 3595 2178 3650 inaudivisset.
2217 3594 2336 3648 Jam

758 3698 812 3741 ct
839 3686 1054 3739 morbus
1087 3687 1258 3754 ipsum
1281 3694 1666 3753 occupaverat,
1694 3687 1746 3738 in
1775 3687 2034 3755 phthisim
2052 3688 2339 3741 vehemen-

759 3791 862 3831 tem
892 3792 1145 3845 vergens,
1178 3773 1557 3843 delluxumque
1613 3791 1678 3829 ex
1719 3777 1897 3844 capite
1941 3778 2335 3833 continentem.

759 3869 871 3923 Non
905 3880 1083 3923 tamen
1112 3868 1159 3920 ei
1193 3867 1503 3931 succubuit,
1531 3868 1625 3921 sed
1680 3868 1754 3922 ita
1785 3868 1841 3921 in
1894 3870 2195 3924 certamine
2240 3886 2336 3939 pro

759 3974 922 4029 regno
961 3973 1061 4013 suo
1093 3958 1429 4028 perduravit,
1480 3966 1539 4011 ut
1595 3961 1832 4011 maxima
1870 3972 2029 4029 parta
2082 3962 2333 4027 victoria,

756 4052 1068 4121 ingentique
1115 4051 1468 4104 barbarorum
1512 4050 1658 4103 caede
1709 4060 1949 4118 peracta,
1980 4053 2168 4121 majori
2213 4068 2336 4108 cum

756 4146 922 4213 gloria
950 4154 1181 4197 mortem
1226 4143 1423 4196 obiret.
1474 4141 1798 4197 Philarchus
1860 4146 2050 4200 scribit
2111 4161 2232 4201 eum
2282 4148 2334 4201 in

756 4234 870 4299 ipso
896 4234 1085 4302 ιιι-ωηο
1116 4232 1498 4287 vociferatione
1528 4247 1723 4301 corpus
1758 4235 2009 4304 rupisse;
2037 4238 2180 4304 quod
2210 4252 2338 4293 vero

760 4338 864 4377 non
895 4334 977 4378 est
1012 4322 1299 4378 dissimile.
1353 4321 1409 4375 In
1465 4322 2005 4380 confabulationibus
2057 4327 2335 4382 hominum

754 4414 1048 4481 ferebatur,
1072 4428 1192 4468 eum
1211 4424 1330 4484 post
1347 4414 1596 4483 praelium
1625 4414 1951 4471 clamantem
1984 4432 2093 4485 prae
2119 4421 2333 4487 gaudio,

754 4505 800 4560 Ο
855 4506 1131 4576 pulchrum
1184 4507 1343 4571 diem,
1408 4506 1632 4559 multum
1682 4509 1965 4576 sanguinis
2010 4512 2329 4578 exspuisse,

754 4610 1021 4669 acutaque
1053 4599 1188 4653 febri
1245 4600 1569 4653 decessisse.

825 4689 961 4743 Cum
992 4689 1310 4743 Cleomenes
1335 4690 1401 4742 ab
1431 4690 1702 4758 Antigono
1750 4699 2036 4758 superatus
2067 4690 2120 4744 iu
2159 4690 2327 4761 Egy-

751 4792 899 4852 ptum
928 4783 1271 4853 profugisset,
1305 4782 1457 4835 initio
1480 4797 1507 4835 a
1531 4796 1656 4851 rege
1674 4798 1868 4853 magno
1886 4784 2091 4837 honore
2105 4783 2330 4839 affectus

750 4881 853 4925 est.
890 4871 1093 4925 Deinde
1126 4871 1264 4924 haud
1296 4870 1456 4939 longo
1487 4882 1608 4940 post
1654 4881 1898 4940 tempore
1935 4874 2056 4928 sine
2099 4875 2324 4941 injuria,

754 4969 976 5029 propter
1005 4960 1245 5029 iniquam
1302 4962 1710 5027 suspectionem
1779 4969 1834 5014 et
1888 4960 2325 5016 malevolentiam

754 5062 1152 5118 accusatorum,
1176 5050 1464 5106 deficiente
1492 5066 1617 5119 erga
1650 5066 1772 5104 eum
1798 5051 2014 5116 aﬂ‘ectu,
2042 5052 2322 5120 coniectus

751 5151 832 5195 est
860 5157 892 5195 s
929 5156 1052 5210 rege
1090 5142 1142 5195 in
1192 5141 1591 5204 carcerem,.ad
1640 5150 1868 5193 mortem
1910 5140 2188 5207 qumsitus.
2228 5138 2323 5195 Ille

754 5248 882 5290 vero
908 5249 1028 5289 cum
1054 5234 1174 5289 aliis
1230 5232 1501 5288 sexdecim
1541 5230 1703 5286 sociis
1747 5247 1870 5286 cum
1923 5233 2117 5300 gladiis
2165 5233 2325 5286 domo

2443 3317 2893 3387 Λακεδαιμονίοις
2955 3318 3352 3391 φιλανθρώπως
3402 3323 3772 3390 χρησάμενος,
3831 3326 3926 3378 καὶ
3972 3328 4033 3377 τι,

2440 3411 2656 3480 ἀξίωμα
2692 3410 2790 3480 τῆς
2842 3412 3099 3481 Σπάρτης
3137 3412 3197 3463 ού
3228 3413 3649 3482 προπηλακίσας
3670 3417 3779 3469 οὐδ’
3816 3420 4030 3489 ἑνυῦρὶ·

2443 3520 2561 3567 σας,
2600 3502 2737 3556 ἀλλὰ
2770 3502 2867 3555 καὶ
2897 3502 3092 3570 νόμους
3126 3504 3218 3555 καὶ
3251 3502 3525 3556 πολιτείαν
3547 3507 3801 3571 ἀποδοὺς,
3828 3509 4029 3579 ἀνεχώ-

2444 3611 2607 3663 ρησεν
2639 3595 2718 3655 είς
2747 3594 3085 3646 Μακεδονίαν
3140 3594 3325 3664 ἡμέρᾳ
3369 3596 3549 3665 τρίτῃ,
3594 3598 3852 3666 πολέμων
3884 3602 4028 3670 αὑτῴ

2440 3685 2683 3752 φυέντων
2737 3686 2915 3737 ἐκεῖσε
2970 3686 3065 3738 καὶ
3119 3690 3377 3755 παρεῖναι
3408 3686 3768 3757 βιαζομένων.
3804 3695 3947 3764 Ἰιδη
3976 3697 4027 3748 δὲ

2441 3776 2535 3827 καὶ
2576 3774 2636 3827 τὸ
2687 3774 2902 3843 νόσημα
2944 3777 3190 3843 κατεῖχεν
3227 3776 3410 3841 αὑτὸν,
3444 3778 3522 3840 είς
3556 3780 3741 3846 φθίσιν
3788 3784 4024 3854 ἐκϐεϐη-

2439 3866 2535 3927 κὸς
2565 3866 2606 3896 ⁸⁷
2648 3868 2874 3935 ἰσχυρὰν
2926 3867 3019 3918 καὶ
3078 3866 3385 3937 κατάρρουν
3436 3872 3730 3925 συντεῖνον.
3792 3875 3871 3925 Οὖ
3921 3876 4025 3945 μὴν

2439 3958 2696 4022 ἀπεῖπεν,
2732 3956 2844 4008 ἀλλ’
2867 3957 3170 4028 ἀντήρκεσε
3204 3959 3340 4027 πρὸς
3367 3962 3491 4025 τοὺς
3520 3963 3753 4028 οἰκείους
3780 3966 4023 4035 ἀγῶνας,

2438 4051 2563 4102 ὅσον
2593 4050 2687 4101 ἐπὶ
2708 4048 2831 4118 νίκῃ
2866 4049 3099 4120 μεγίστῃ
3152 4050 3246 4102 καὶ
3298 4051 3444 4121 φόνῳ
3490 4053 3725 4124 πλείστῳ
3750 4056 3865 4109 τῶν
3898 4059 4023 4127 βαρ.

2442 4138 2626 4209 βάρων
2649 4138 3034 4210 εύκλεέστερος
3092 4140 3407 4205 ἀποθανεῖν,
3469 4143 3544 4206 ὼς
3578 4146 3677 4215 μὲν
3724 4149 3877 4212 είκος
3912 4154 4021 4203 ἐστι

2438 4231 2533 4281 καί
2553 4229 2803 4296 λέγουσιν
2858 4230 2906 4281 oi
2966 4230 3093 4301 περὶ
3123 4231 3426 4303 Φύλαρχον,
3471 4237 3607 4305 αὐτῇ
3654 4240 3720 4307 τῇ
3748 4243 3880 4310 περὶ
3935 4242 4021 4293 τδν

2440 4324 2628 4392 ἀγῶνα
2657 4326 2869 4394 κραυγῇ
2893 4324 2954 4375 τὸ
2988 4321 3145 4392 σῶμα
3188 4326 3643 4397 προσαναρρήξας
3663 4346 3676 4359 '
3730 4332 3787 4381 ὲν
3822 4332 3877 4383 δὲ
3909 4335 4021 4395 ταῖς

2443 4416 2660 4485 σχολαῖς
2690 4412 2757 4485 ἦν
2781 4415 2999 4467 ἀκούειν
3054 4415 3137 4467 ὅτι
3198 4415 3335 4484 βοῶν
3393 4419 3533 4486 μετὰ
3590 4420 3687 4488 τὴν
3731 4419 3891 4489 νίκην
3922 4423 4021 4474 ὑπὸ

2440 4507 2618 4576 χαρᾶς
2639 4522 2652 4534 ⁶
2683 4507 2752 4559 ’Ὠ
2779 4504 2973 4571 καλῆς
2996 4505 3244 4573 ἡμέρας,
3276 4505 3475 4576 πλῆθος
3498 4508 3728 4575 αἱματος
3756 4512 4017 4581 ἀνήγαγε,

2440 4597 2533 4648 rat,
2567 4595 2805 4665 πυρέξας
2832 4593 2875 4624 ³⁸
2905 4596 3168 4655 συντόνως
3200 4593 3567 4665 ἐτελεύτησεν.

2510 4687 2672 4758 [1209
2701 4684 2791 4756 1L]
2823 4686 2947 4738 Ὀτι
2990 4685 3032 4716 ³⁹
3086 4685 3421 4754 Κλεομένους
3470 4686 3735 4757 Λίγύπτῳ
3778 4705 4007 4759 προσπε-

2439 4778 2697 4845 φευγότος
2731 4776 2867 4844 μετὰ
2903 4775 2999 4846 τὴν
3050 4776 3140 4828 ὑπ’
3191 4777 3499 4845 Ἀντιγόνου
3547 4774 3743 4850 ἧτταν,
3804 4784 3874 4833 τὰ
3929 4785 4017 4851 μὲν

2440 4868 2633 4935 πρῶτα
2657 4870 2684 4919 ό
2718 4867 2971 4937 βασιλεὺς
3012 4867 3289 4935 Αἰγύπτου
3347 4871 3405 4921 ἐν
3436 4874 3567 4941 τιμῇ
3613 4872 3707 4923 καὶ
3736 4872 4014 4937 δεξιώσεσι

2438 4963 2691 5029 περτεῖπε
2739 4959 2829 5012 τὴν
2880 4958 3069 5029 ἄνδρα,
3130 4961 3246 5027 μετ’
3308 4961 3369 5013 οὐ
3426 4962 3559 5013 πολὺ
3611 4962 3666 5015 δὲ
3709 4965 3879 5032 μηδὲν
3912 4964 4013 5016 66t-

2439 5050 2640 5103 κοῦντα
2671 5089 2685 5113 ,
2711 5049 2769 5112 ἐξ
2801 5048 3045 5116 ὑποψιῶν
3077 5048 3287 5115 ἀλόγων
3316 5050 3408 5101 καὶ
3440 5053 3817 5118 συκοφαντιῶν
3845 5054 3888 5083 ⁵⁸
3921 5070 4010 5104 κα·

2434 5141 2684 5210 κούργων
2717 5137 3217 5208 ύπορῤυῖσκόμενος
3239 5140 3335 5208 τῆς
3364 5141 3492 5209 περὶ
3512 5140 3671 5192 αὑτὸν
3701 5140 4011 5203 διαθέσεως,

2436 5233 2493 5282 ἐν
2525 5232 2738 5299 φρουρᾷ
2791 5230 3037 5297 κατεῖχεν
3091 5227 3332 5297 ἀδέσμῳ,
3386 5228 3626 5299 μελετῶν
3682 5232 3805 5281 κατ’
3856 5234 4010 5283 αὐτο]

2060 5321 2294 5378 VARI/ﬁ
2333 5320 2741 5377 LEC'l'IOMJS.

826 5420 870 5453 "
901 5419 1082 5487 ζητεῖν
1130 5417 1173 5469 A
1216 5431 1230 5468 :
1279 5416 1575 5487 ζητοῦντας
1601 5435 1660 5480 ς.

756 5495 789 5541 .-\
920 5484 1231 5557 ⁸⁸ἐπεμψεν
1259 5484 1343 5552 cf
1422 5487 1466 5517 "
1500 5484 1899 5557 μεταϐαλόντες
1935 5484 1999 5538 B:
2054 5486 2479 5557 μεταϐάλλοντες
2527 5503 2585 5549 ς.

1424 5504 1466 5517 "
1543 5504 1895 5545 εταοαιοντες
1935 5504 1999 5538 u:
2054 5504 2338 5551 μεταοαΑΑι

1356 5557 1399 5589 ⁸³
1427 5504 1537 5621 ὅτις
1561 5572 1611 5611 c.
1645 5572 1772 5609 xvtt.
1841 5558 1884 5590 ⁸⁷⁵
1920 5558 2023 5621 ὅτι]
2054 5573 2100 5607 c.
2130 5570 2253 5607 xxv.
2329 5561 2338 5589 ¹

2443 5504 2479 5545 ;ς
2527 5504 2585 5549 ς.
2692 5504 2735 5514 "'
2767 5504 2856 5536 τον
2889 5504 2967 5537 τὶς
3002 5504 3063 5535 το
3089 5504 3149 5546 ς.
3254 5504 3293 5511 "
3347 5504 3547 5548 ανηγυν
3595 5504 3636 5535 n
3667 5504 3681 5535 '.
3718 5504 3921 5553 ανηρον
3953 5504 4007 5545 ς.

2444 5558 2534 5620 nsi.
2566 5570 2675 5607 om.
2712 5558 2776 5607 Α.
2858 5563 2901 5595 ι’
2932 5557 3037 5621 δει]
3068 5555 3345 5624 tlieonu-n.
3372 5566 3421 5604 ε.
3448 5567 3572 5604 xxx.
3652 5553 3695 5585 ³⁷
3720 5555 4007 5624 ἐκδεδηκός

753 5563 795 5591 λ’
844 5559 1191 5630 Ἀρταξέρξου
1218 5576 1281 5623 ς’.

753 5634 790 5684 Δ
818 5653 829 5683 ;
859 5624 1196 5700 ἐμϐεόληκύς
1221 5646 1279 5693 ς.
1359 5627 1400 5664 ³⁸
1434 5626 1694 5698 πυρέξας]
1721 5626 1830 5696 πῦρ
1865 5624 2063 5693 ἐξάψας
2090 5628 2153 5678 Α.
2232 5626 2276 5656 ³³
2298 5624 2338 5676 δέ

2443 5642 2477 5677 Σ.
2517 5640 2683 5677 χλιιι.

1774 5417 1817 5447 ’⁸
1854 5414 2150 5486 τρέπεσθαι
2179 5416 2223 5466 Α
2265 5432 2278 5468 :
2315 5414 2601 5483 φαίνεσθαι
2652 5414 3012 5483 ἠλλοιωμένον
3051 5430 3119 5486 ς.

3240 5411 3286 5441 ’⁸
3317 5409 3420 5474 δτι]
3445 5426 3486 5463 c.
3518 5426 3633 5465 LIII.
3743 5414 3787 5443 ’⁷
3822 5431 3878 5465 τε
3912 5429 4008 5468 om.

2692 5486 2735 5514 ³⁰
2767 5482 2864 5536 τόν
2889 5488 2923 5535 Α
2952 5501 2967 5537 :
3002 5484 3063 5535 τό
3089 5499 3149 5546 ς.
3254 5482 3293 5511 ³¹
3347 5482 3547 5548 ἀνῆγον
3595 5486 3636 5535 Λ
3667 5501 3681 5535 '.
3718 5484 3921 5553 άνῆρον
3953 5500 4007 5545 ς.

2790 5626 2835 5656 ⁸ο
2867 5622 3213 5691 συκοφαντῶν
3244 5638 3305 5684 ς.

2251 5718 2475 5773 NOTAE.

825 5817 935 5888 (76)
964 5817 1036 5872 Ex
1071 5818 1234 5889 Agidc
1266 5815 1541 5873 Plutarchi
1588 5816 1719 5870 nihil
1758 5812 2031 5882 excerpsit
2069 5813 2316 5868 Pltotius.
2358 5810 2504 5881 (Edit
2544 5810 2877 5880 Rotlwmug.)
