4216 6430
243 401 373 465 1457

1293 400 1812 464 BIBLIOTHECA.
1852 426 1923 440 -
1956 404 2119 465 COD.
2150 404 2403 466 CCXLV.

3327 393 3462 466 1858

239 514 485 566 θάνατον.
522 510 582 567 '0
637 512 695 566 δὲ
742 512 879 581 μετά
923 530 1085 565 τινων
1134 512 1424 576 ἑξκαίδεκα
1470 514 1578 566 τῶν
1628 513 1794 568 αὑτοῦ
1826 522 1904 576 At

1793 544 1794 557 ι
1826 522 1871 576 Α
1896 515 2174 580 exsilieus,
2208 529 2304 585 per
2332 514 2479 569 vicos
2505 512 2697 576 currit,
2726 511 2864 566 etad
2886 511 3189 567 libertatem
3208 514 3458 582 populum

238 604 469 672 ἑταίρων
490 602 801 672 ἐκπηδήσας
845 602 981 672 μετά
1026 601 1195 668 ξιφῶν
1242 602 1335 655 τοῦ
1366 605 1659 671 οἰκήματος
1688 604 1800 657 έθει

240 693 343 761 μέν
368 694 457 746 διά
482 694 581 761 τῆς
604 694 827 760 ἀγορᾶς,
859 694 952 746 καί
991 694 1116 755 τοὺς
1175 692 1394 752 πολίτας
1423 694 1517 745 καὶ
1555 695 1681 757 τοὺς
1705 695 1801 748 ἀλ-

237 785 360 846 λους
393 786 473 846 είς
523 782 831 852 ἐλευθερίαν
888 782 1070 836 ἐκάλει
1092 800 1106 813 ·
1142 784 1190 835 οἱ
1220 782 1276 834 δὲ
1319 780 1551 851 ἐπῄνουν
1580 784 1678 853 μὲν
1705 784 1803 855 τὴν

236 874 461 943 γνώμην
486 873 583 926 καὶ
610 872 917 940 ἐθαύμαζον
942 873 1000 925 τὸ
1028 860 1480 938 γενναῖον,ούδεις
1510 875 1690 942 μέντοι
1716 874 1804 928 διὰ

234 966 325 1017 τὸν
353 966 417 1016 ἐκ
445 965 546 1033 τῆς
570 965 880 1034 τυραννίδος
914 965 1075 1031 φόϐον
1096 965 1297 1034 ἐτόλμα
1328 966 1798 1021 συνεπιλαϐέσθαι.

246 1054 549 1116 ’Δνελόντες
580 1054 625 1106 δ’
674 1053 766 1107 οὖν
816 1054 941 1115 τοὺς
983 1055 1061 1115 είς
1117 1056 1303 1124 χεῖρας
1327 1054 1576 1117 ἐλθόντας
1612 1055 1655 1086 ⁸⁸
1707 1056 1802 1108 καὶ

233 1144 327 1197 δύο
354 1144 461 1196 τῶν
502 1143 781 1213 ἐχθίστων,
848 1142 1042 1195 πολλοῦ
1086 1143 1410 1214 συρρυέντος
1463 1146 1547 1197 ἐπ’
1605 1145 1801 1208 αὐτοὺς

234 1234 489 1304 πλήθους,
533 1236 623 1287 καὶ
653 1234 879 1297 πολλοὺς
933 1234 1232 1298 ἀνελόντες,
1280 1236 1373 1289 καὶ
1398 1237 1552 1289 αὐτοὶ
1575 1239 1802 1290 κατεκό-

232 1342 438 1394 πησαν,
501 1322 621 1379 εἶτα
685 1326 1172 1396 ἀνεσταυρώθησαν
1219 1326 1287 1381 δ’.
1352 1327 1589 1395 Ὀλίγαις
1649 1328 1698 1360 ⁵⁸
1743 1328 1801 1381 δὲ

233 1415 461 1484 ὕστερον
484 1418 716 1486 ἡμέραις
738 1418 787 1470 οί
808 1417 867 1470 τὸ
894 1420 1052 1487 σῶμα
1074 1417 1167 1471 τοῦ
1186 1410 1522 1488 Κλεομένους
1542 1420 1803 1472 ἀνεπαυ-

235 1507 481 1576 ρωμένον
510 1507 1017 1576 παραφυλάττοντες
1064 1505 1203 1562 είδον
1232 1509 1505 1581 εὐμεγέθη
1535 1511 1801 1582 δράκοντα

230 1598 530 1668 τῇκεφαλῇ
588 1599 1092 1668 περιπεπλεγμένον
1144 1602 1237 1654 καὶ
1292 1601 1711 1669 ἀποκρύπτοντα
1740 1602 1803 1654 τὸ

230 1689 543 1757 πρόσωπον,
575 1688 715 1742 ὥστε
745 1689 911 1758 μηδὲν
937 1688 1121 1758 ὄρνεον
1167 1689 1497 1759 ἐφίπτασθαι
1521 1693 1801 1762 σαρκοφά-

230 1796 351 1847 γον.
388 1782 481 1833 Ἐκ
528 1781 585 1833 δὲ
632 1780 825 1833 τούτου
855 1780 1243 1850 δεισιδαιμονία
1266 1780 1571 1851 προσέπεσε
1596 1783 1673 1849 τῷ
1707 1783 1803 1852 βα-

1900 615 2078 659 vocat.
2113 604 2357 659 Laudant
2383 603 2750 670 miranturque
2777 603 2925 658 cives
2947 602 3261 658 Cleomenis
3290 605 3460 656 auda-

1900 698 2039 752 ciam
2065 705 2120 751 et
2174 697 2434 760 animum,
2472 695 2621 761 sequi
2656 703 2713 747 et
2759 707 2915 764 opem
2972 694 3117 749 ferre
3160 708 3328 748 ausus
3375 703 3459 746 est

1900 802 2057 842 nemo
2089 796 2233 841 metu
2274 786 2507 856 tyranni.
2548 784 2626 839 llli
2649 794 2826 839 autem
2858 786 3043 840 obvios
3068 799 3311 855 quosque
3343 795 3457 839 tru-

1898 880 2164 943 cidarunt,
2198 887 2253 932 et
2294 878 2434 931 inter
2467 890 2560 930 eos
2593 876 2727 931 duos
2768 875 3192 941 inimicissimos,
3228 890 3459 943 cumque

1900 984 2147 1038 magnam
2173 969 2239 1021 ad
2266 967 2325 1023 se
2353 967 2704 1023 conﬂuentem
2752 967 3027 1023 hominum
3057 966 3456 1020 multitudinem

1901 1060 2334 1122 interfecissent.
2371 1062 2584 1115 tandem
2609 1060 2770 1114 etiam
2826 1058 3091 1113 interfecti
3143 1067 3288 1123 sunt,
3321 1067 3376 1112 et
3405 1058 3457 1111 in

1901 1167 2114 1208 crucem
2140 1154 2265 1207 acti.
2299 1152 2424 1207 Post
2450 1152 2567 1206 dies
2595 1151 2737 1206 haud
2760 1150 3021 1215 multos,ii
3051 1150 3141 1218 qui
3172 1149 3225 1203 in
3242 1164 3457 1205 crucem

1900 1257 2077 1299 actum
2106 1258 2297 1313 corpus
2330 1242 2635 1298 Cleomenis
2661 1240 3229 1309 custodiebant,lustae
3252 1243 3460 1309 magni-

1904 1336 2104 1390 tudinis
2136 1337 2426 1390 draconem
2467 1334 2719 1389 viderunt
2767 1340 2929 1400 caput
2974 1331 3094 1399 ejus
3145 1331 3459 1396 circumpli-

1900 1442 2079 1491 easse,
2108 1426 2408 1495 faciemque
2442 1424 2741 1493 operuisse,
2777 1423 2849 1475 ita
2902 1430 2960 1476 ut
2989 1420 3135 1477 nulla
3174 1421 3459 1477 carnivora

1901 1521 2017 1575 avis
2066 1520 2364 1573 advolaret.
2418 1518 2474 1571 ld
2527 1514 2967 1585 superstitionem
3021 1512 3133 1581 regi
3186 1510 3372 1579 injecit
3408 1519 3463 1563 et

1901 1620 2123 1675 metum,
2143 1610 2285 1680 quod
2319 1608 2400 1662 vir
2421 1609 2523 1662 diis
2547 1608 2742 1661 charus
2762 1615 2816 1659 et
2849 1605 3045 1676 500a
3075 1600 3462 1672 praestantioris

1900 1699 2147 1753 humanae
2176 1707 2379 1752 naturae.
2422 1697 2736 1751 interfectus
2772 1695 3069 1749 videbatur.
3106 1690 3458 1746 Alexandrini

1900 1789 2061 1842 etiam
2081 1787 2387 1857 frequentes
2418 1788 2482 1841 ad
2501 1802 2623 1841 eum
2646 1787 2820 1839 locum
2839 1793 3226 1845 commeantes.
3242 1783 3461 1837 heroem

230 1873 371 1925 σιλεῖ
398 1873 494 1926 καὶ
524 1873 705 1940 φόϐος,
734 1872 809 1932 ὼς
832 1872 1021 1941 ἀνδρὸς
1047 1873 1389 1942 ἀνῃρημένου
1409 1873 1683 1941 θεοφιλοῦς
1708 1877 1802 1927 καὶ
1836 1857 1874 1909 Β

1794 1857 2243 1934 ιθειεοιηειιεηι
2295 1890 2351 1933 et
2406 1880 2626 1933 deorum
2686 1877 2851 1929 tilium
2938 1873 3280 1942 appellavere
3338 1879 3459 1924 tan—

227 1963 537 2031 κρείττονος
566 1963 662 2033 τὴν
694 1965 875 2030 φύσιν.
905 1964 970 2016 οι
1015 1962 1072 2015 δὲ
1119 1963 1483 2033 Ἀλεξανδρεῖς
1508 1964 1603 2017 καὶ
1630 1983 1798 2036 προσ-

1784 1996 1798 2006 ·
1906 1971 2093 2041 tisper,
2147 1971 2271 2026 dum
2303 1986 2424 2023 eum
2482 1983 2723 2023 errorem
2771 1966 3041 2022 doctiores
3091 1964 3449 2024 minuerunt,

225 2053 523 2123 ἐτέρποντο
551 2054 861 2122 φοιτῶντες,
892 2054 1047 2125 ἥρωα
1072 2054 1162 2106 τὸν
1193 2055 1504 2127 Κλεομένην
1536 2058 1629 2109 καὶ
1660 2058 1798 2110 θεῶν

1794 2076 1798 2099 ν
1904 2063 2157 2117 docentes
2219 2060 2525 2129 putrefacto
2577 2059 2731 2114 bovis
2785 2059 3051 2113 cadavere
3124 2069 3275 2124 apes,
3334 2056 3459 2123 equi

225 2145 401 2197 παῖδα
431 2145 948 2213 προσαγορεύοντες,
982 2146 1140 2215 ἀχρις
1156 2139 1217 2200 οὗ
1233 2147 1582 2201 κατέπαυσαν
1599 2148 1797 2211 αὐτοὺς

1902 2168 2115 2221 Vespas,
2156 2153 2594 2207 asiniscarabeos
2618 2150 2865 2220 generari
2898 2167 2912 2203 :
2950 2148 3003 2203 in
3036 2148 3270 2201 humano
3284 2154 3462 2200 autem

222 2237 275 2287 οί
308 2235 630 2306 σοφώτεροι,
663 2236 896 2298 διδόντες
928 2236 1084 2304 λόγον
1108 2235 1184 2299 ώς
1234 2235 1490 2303 μελίττας
1518 2240 1616 2307 μέν
1651 2238 1794 2309 βόες,

1902 2259 2131 2313 corpore
2168 2243 2470 2299 conﬂuente
2499 2243 2674 2308 sanie,
2700 2256 2820 2310 quae
2852 2250 2935 2295 est
2968 2240 3117 2294 circa
3144 2237 3460 2299 medullam,

225 2326 449 2395 σφῆκας
494 2327 551 2378 δὲ
590 2326 747 2379 ίπποι
797 2327 1171 2390 ἀποσαπέντες
1200 2325 1504 2393 ἐξανθοῦσι,
1535 2329 1795 2399 κάνθαροι

1899 2344 1955 2390 ει
1988 2335 2040 2388 in
2075 2349 2237 2388 unum
2273 2334 2607 2388 coalescente
2632 2346 2832 2401 angues
2886 2330 3057 2395 nasci,
3102 2327 3155 2384 id
3194 2326 3336 2397 quod
3382 2326 3465 2379 in-

221 2418 279 2469 δέ
306 2418 370 2469 τὺ
397 2418 531 2470 αὐτὸ
553 2417 831 2471 παθόντων
865 2418 1000 2471 δνων
1022 2418 1070 2450 ⁸⁵
1097 2418 1507 2487 ζωογονοῦνται,
1530 2421 1597 2473 τά
1619 2420 1675 2473 δὲ
1698 2423 1793 2475 ἀν-

1902 2426 2199 2495 telligentes
2216 2425 2441 2495 antiqui,
2464 2433 2518 2479 et
2531 2423 2781 2479 omnibus
2797 2421 3157 2477 animantibus
3172 2419 3462 2475 draconem

223 2504 478 2575 θρώπινα
507 2504 734 2574 σώματα
768 2508 1005 2577 περὶτδν
1060 2507 1257 2577 μυελὸν
1301 2507 1510 2579 ίχώρων
1558 2513 1797 2581 συρροήν

1558 2513 1797 2581 ουρῤοήν
1903 2514 2243 2583 potissimum
2264 2515 2524 2570 heroibus
2555 2519 3014 2569 consecraverunt
3041 2510 3180 2578 (77).

219 2615 348 2652 τινα
371 2600 466 2651 καὶ
495 2599 751 2653 σύστασιν
778 2602 834 2653 ἐν
883 2602 1095 2663 ἑαυτοῖς
1122 2598 1398 2655 λαϐόντων
1424 2603 1574 2671 ὄφεις
1604 2604 1912 2659 ἀναδίδωσι.
1942 2608 2049 2661 Καὶ
2074 2607 2234 2661 τοῦτο
2278 2607 2586 2670 κατιδόντες
2649 2605 2699 2657 οί
2778 2602 2995 2657 παλαιοὶ
3056 2603 3288 2673 μάλιστα
3356 2599 3465 2652 τῶν

222 2692 384 2754 ζώων
414 2691 505 2744 τὸν
529 2691 794 2760 δράκοντα
822 2696 933 2757 τοῖς
956 2695 1129 2764 ἥρωσι
1157 2695 1561 2767 συνῳκείωσαν.

649 2801 773 2875 [655
806 2802 900 2876 Η.]
942 2806 1044 2859 Ἐκ
1068 2806 1176 2860 τοῦ
1210 2807 1398 2861 Τίτου.

294 2918 421 2971 Ὅτι
448 2920 494 2951 ⁸⁸
531 2918 782 2987 Ἰσθμίων
816 2918 1099 2988 ἀγομένων
1129 2919 1332 2991 πλῆθος
1369 2920 1468 2990 μὲν
1497 2919 1800 2991 ἀνθρώπων

217 3011 278 3061 ἐν
309 3010 390 3078 τῷ
422 3011 618 3080 σταδίῳ
650 3009 887 3077 καθῆστο
946 3010 1036 3061 τὸν
1070 3010 1333 3079 γυμνικὸν
1367 3010 1553 3078 ἀγῶνα
1582 3013 1798 3082 θεωμέ-

216 3118 351 3163 νων,
398 3102 493 3153 ἇτε
555 3100 641 3153 διά
700 3100 903 3169 χρόνων
933 3101 1288 3170 πεπαυμένης
1321 3101 1365 3132 ⁸⁸
1412 3103 1509 3169 μὲν
1546 3101 1801 3172 πολέμων

215 3192 320 3262 τῆς
366 3192 634 3256 Ἑλλάδος,
666 3194 724 3244 ὲν
759 3192 799 3223 ⁸⁷
831 3191 1108 3263 ἐλευθερία
1156 3193 1212 3245 δὲ
1261 3196 1423 3259 σαφεῖ
1465 3194 1558 3246 καὶ
1607 3196 1800 3267 είρὴνῃ

216 3284 699 3353 πανηγυριζούσης
723 3300 735 3313 ·
768 3285 833 3352 τῇ
859 3282 1119 3350 σάλπιγγι
1140 3283 1195 3336 δὲ
1218 3285 1426 3352 σιωπῆς
1444 3286 1523 3347 είς
1549 3285 1593 3318 ⁸⁸
1621 3287 1799 3340 ᾶπαν-

214 3386 321 3431 τας
351 3370 685 3439 διαδοθείσης
712 3370 983 3439 προελθὼν
1044 3374 1122 3434 είς
1154 3373 1317 3441 μέσον
1346 3374 1390 3405 δ’
1420 3376 1448 3427 ὁ
1469 3374 1645 3445 κῆρυξ
1703 3377 1797 3429 ἀν-

215 3462 377 3511 εἶπεν
409 3461 490 3513 ὅτι
520 3460 805 3529 Ῥωμαίων
845 3462 878 3530 ἡ
922 3460 1223 3531 σύγκλητος
1267 3464 1358 3516 καὶ
1386 3465 1542 3527 Τίτος
1577 3468 1800 3529 Κόϊντος

217 3550 532 3621 στρατηγὸς
582 3550 805 3617 ὕπατος,
865 3553 1415 3624 καταπολεμήσαντες
1466 3556 1688 3627 βασιλέα
1709 3560 1801 3612 Φί-

214 3642 427 3694 λιππον
477 3642 573 3696 καὶ
623 3644 959 3707 Μακεδόνας,
1011 3645 1238 3711 ἀφιᾶσιν
1284 3648 1666 3720 ἀφρουρήτους
1705 3652 1802 3704 καὶ

217 3731 545 3800 ἐλευθέρους
576 3735 669 3785 καὶ
696 3733 1126 3805 ἀφορολογήτους
1150 3738 1275 3799 τοὺς
1296 3737 1581 3808 Ἓλληνας,
1614 3741 1800 3809 νόμοις

215 3823 542 3891 χρωμένους
566 3826 675 3886 τοῖς
705 3825 975 3893 πατρίοις,
1030 3826 1372 3896 Κορινθίους,
1402 3831 1663 3899 Λοκροὺς,
1694 3833 1798 3884 ED-

215 3914 407 3977 ϐοέας,
442 3914 667 3976 Φωκεῖς,
717 3915 989 3983 Ἀχαιοὺς,
1018 3916 1284 3980 Φθιώτας,
1323 3920 1641 3988 Μάγνητας,
1668 3920 1801 3974 Θετ-

211 4006 445 4067 ταλοὺς,
477 4004 832 4075 ιῖερῤαίϐους.
884 4005 956 4058 Τὸ
997 4009 1093 4075 μὲν
1126 4004 1219 4061 οὖν
1259 4010 1474 4079 πρῶτον
1508 4012 1568 4063 ού
1598 4012 1801 4075 πάντες

212 4094 343 4147 οὐδὲ
373 4096 559 4160 σαφῶς
595 4096 855 4164 ἥκουσαν,
890 4097 1004 4149 ἀλλ’
1043 4098 1325 4167 ἀνώμαλος
1367 4101 1458 4153 καὶ
1492 4101 1801 4171 θορυϐώδης

214 4186 441 4254 κίνησις
458 4181 525 4255 ἦν
551 4189 607 4238 ἐν
636 4186 710 4256 τῷ
742 4188 937 4257 σταδίῳ
969 4188 1357 4258 θαυμαζόντων
1377 4193 1471 4245 καὶ
1503 4193 1799 4247 διαπυνθα-

214 4276 472 4345 νομένων
501 4278 592 4329 καὶ
628 4278 789 4331 πάλιν
819 4280 1065 4331 ἀνειπεῖν
1086 4282 1435 4337 κελευόντων.
1467 4284 1554 4346 ’ος
1578 4285 1621 4337 δ’
1654 4283 1801 4349 ἆπαξ

213 4368 455 4436 ἡσυχίας
470 4370 759 4437 γενομένης
776 4370 1066 4436 ἀναγαγὼν
1094 4373 1121 4423 ὁ
1142 4372 1315 4442 κῆρυξ
1337 4374 1434 4442 τὴν
1462 4372 1642 4442 φωνὴν
1664 4391 1798 4445 προ-

2388 2790 2473 2845 Ea:
2502 2789 2610 2843 Titi
2655 2786 2973 2843 Flaminini.

1970 2907 2102 2963 Cum
2130 2905 2355 2960 Isthmia
2411 2905 2842 2968 celebrarentur,
2874 2916 2937 2956 ac
2966 2897 3253 2954 multitudo
3282 2897 3460 2952 ltomi-

1902 3014 2027 3052 num
2050 2999 2103 3052 in
2136 2998 2312 3052 stadio
2359 2995 2695 3051 consedisset
2730 2991 3009 3062 spectandi
3056 2988 3291 3061 gymnici
3342 3002 3465 3043 cer-

1904 3089 2123 3143 taminis
2157 3102 2343 3151 causa,
2376 3102 2441 3142 eo
2479 3087 2669 3155 magis,
2692 3084 2835 3153 quod
2862 3084 2952 3137 illo
2984 3092 3224 3151 tempore
3256 3079 3463 3136 Graecia

1907 3196 1936 3234 a
1979 3180 2134 3235 bellis
2170 3178 2422 3241 vacabat,
2490 3190 2749 3243 spemque
2806 3172 3073 3227 libertatis
3126 3170 3460 3239 propositam

1903 3285 2149 3335 cernens,
2197 3267 2485 3323 manifesta
2518 3268 2569 3320 in
2603 3280 2732 3335 paco
2785 3266 2925 3317 diem
2973 3262 3169 3317 festum
3230 3260 3463 3331 agebat:

1904 3373 2185 3432 postquam
2217 3360 2340 3415 tuba
2367 3360 2635 3413 silentium
2670 3357 2906 3424 undique
2935 3364 3017 3410 est
3071 3352 3297 3417 factum,
3341 3367 3468 3421 pro-

1902 3468 2118 3524 gressus
2150 3452 2205 3506 in
2245 3450 2479 3505 medium
2504 3462 2681 3519 praeco
2710 3452 2778 3500 ita
2806 3445 3202 3514 pronuntiavit:
3237 3442 3468 3498 Senatus

1903 3547 2182 3602 Romanus
2205 3554 2261 3598 et
2294 3542 2449 3596 'Iitns
2481 3541 2766 3607 Quinctius
2798 3539 3094 3608 imperator
3124 3536 3333 3600 consul,
3371 3536 3466 3589 de-

1903 3642 2046 3695 victo
2091 3637 2340 3708 Philippo
2382 3645 2437 3691 et
2489 3634 2896 3695 Macedmtibus,
2954 3633 3159 3699 absque
3200 3628 3466 3698 praesidiis

1901 3747 2022 3787 esse
2045 3730 2266 3793 liberos.
2297 3740 2349 3785 et
2390 3729 2678 3790 immunes,
2708 3726 2820 3781 suis
2843 3723 3050 3791 legibus
3085 3723 3265 3775 vivere
3292 3720 3467 3789 jubet,

1902 3824 2234 3887 Corinthios,
2263 3822 2483 3882 Locros,
2505 3820 2831 3883 Phocenses,
2849 3816 3201 3876 Eubmenses,
3221 3813 3464 3870 Achaeos.

1904 3916 2212 3974 Phthiotas,
2268 3910 2561 3981 Magnetas,
2614 3906 2928 3970 Thessalos,
2971 3904 3311 3958 Perrhaebos.
3342 3900 3465 3954 Pri-

1906 4018 2050 4057 mum
2086 4017 2263 4071 neque
2312 4014 2501 4056 omnes
2542 3998 2723 4066 plane,
2756 4009 2934 4062 neque
2996 3992 3236 4063 perfecte
3277 4006 3465 4046 vocem

1905 4097 2167 4165 prmoonis
2220 4093 2623 4156 exaudierunt;
2669 4095 2895 4155 eratque
2942 4084 3249 4153 promiscua
3295 4093 3351 4137 et
3386 4090 3468 4133 tu-

1906 4184 2189 4240 multuaria
2232 4184 2285 4237 in
2320 4180 2497 4236 stadio
2520 4178 2812 4234 commotio
2842 4173 3249 4233 admirantium,
3285 4170 3470 4225 scisci-

1907 4279 2156 4342 tantium,
2184 4275 2458 4343 repetique
2480 4272 2713 4327 edictum
2743 4266 3095 4338 poscentium.
3115 4262 3187 4319 Ut
3218 4262 3469 4318 veroite-

1906 4385 2047 4432 rum,
2081 4368 2223 4421 facto
2240 4366 2472 4428 silentio,
2503 4361 2677 4415 altiori
2699 4374 2830 4413 voce
2849 4358 3034 4411 eadem
3056 4369 3234 4421 praeco
3258 4353 3469 4420 procla-

1904 4459 2091 4523 mavit,
2111 4456 2621 4521 exauditnmquecst
2642 4452 2707 4504 ab
2720 4448 2969 4503 omnibus
2981 4448 3242 4507 edictum,
3260 4452 3465 4506 tantus,

213 4457 283 4509 θη)
294 4456 528 4525 μότερον
556 4460 632 4519 εἰς
655 4458 897 4521 ἅπαντας
926 4458 1231 4532 ἐγεγώνησε
1254 4462 1539 4532 καὲδιῆλθε
1560 4463 1800 4536 τὸνκήρυ-

1905 4558 2163 4618 quautum
2180 4544 2431 4599 credibile
2448 4546 2531 4597 vix
2554 4544 2643 4607 sit,
2674 4543 2875 4595 clamor
2896 4538 3198 4609 prwlzntitia
3222 4536 3462 4590 omnium

212 4563 362 4645 γμα,
392 4547 604 4645 κραυγὴ
625 4548 721 4615 μὲν
736 4550 959 4645 {motos
992 4551 1049 4603 τὸ
1071 4552 1392 4619 μέγεθοςδιὰ
1415 4557 1586 4625 χαρὰν
1606 4556 1799 4626 ἐχώρει
1826 4585 1880 4645 D

217 4636 393 4707 μέχρι
439 4637 711 4707 θαλάσσης
735 4641 800 4703 ⁵⁸,
832 4639 990 4709 ὀρθὸν
1036 4643 1091 4695 δὲ
1139 4645 1450 4714 ἀνειστήκει
1476 4647 1535 4698 τὸ
1558 4646 1801 4715 θέατρον,
1827 4627 1876 4645 ν

1799 4692 1801 4704 ,
1827 4627 1876 4645 ν
1906 4649 2145 4704 exortus,
2188 4638 2254 4692 ad
2285 4649 2431 4691 mare
2450 4649 2618 4703 usque
2645 4631 2901 4701 pervasit.
2935 4630 3209 4697 Quotquot
3231 4627 3284 4679 in
3310 4627 3464 4679 thea-

213 4728 401 4787 οὐδεὶς
424 4726 481 4778 δὲ
518 4727 675 4793 λόγος
706 4724 773 4798 ἦν
800 4730 907 4781 τῶν
945 4730 1379 4799 ἀγωνιζομένων,
1408 4734 1663 4787 ἔσπευδον
1684 4735 1740 4787 δὲ
1759 4737 1802 4767 ⁸¹

1796 4738 1802 4767 ι
1902 4740 1984 4785 tro
2003 4739 2177 4792 erant,
2204 4741 2549 4781 assurrexere
2587 4738 2795 4787 omnes,
2839 4735 3010 4790 neque
3042 4720 3151 4787 jam
3176 4719 3461 4787 quisquam

216 4816 431 4878 πάντες
456 4817 796 4886 ἀναπηδῆσαι
819 4820 912 4870 καὶ
930 4820 1281 4885 δεξιώσασθαι
1295 4823 1385 4875 καλ⁸
1419 4828 1739 4893 προσειπεῖν
1757 4826 1803 4856 ⁸³

1798 4830 1803 4856 ι
1900 4822 2221 4876 certantium
2246 4819 2554 4889 spectaculo
2600 4816 2903 4877 tenebatur,
2946 4812 3195 4881 prosilire
3248 4825 3463 4870 omnes,

214 4908 316 4958 τδν
337 4908 558 4975 σωτῆρα
592 4909 690 4975 τῆς
724 4910 970 4972 Ἑλλάδος
997 4914 1088 4963 καὶ
1127 4914 1432 4982 πρόμαχον.
1466 4914 1537 4965 Τὸ
1574 4915 1631 4967 δὲ
1668 4918 1802 4967 πολ-

1799 4947 1802 4955 ι
1901 4912 2149 4979 amplecti
2177 4919 2231 4962 et
2260 4908 2459 4975 alloqui
2480 4905 2703 4960 Graecia:
2720 4912 3050 4957 servatorem
3068 4909 3231 4968 atque
3266 4914 3464 4967 propn-

213 5000 387 5060 λακις
417 4999 711 5067 λεγόμενον
741 5003 820 5063 εἰς
843 5002 1147 5072 ὑπερϐολὴν
1176 5006 1270 5055 καὶ
1312 5004 1536 5073 μέγεθος
1558 5010 1657 5075 τῆς
1683 5025 1798 5076 φω-

1796 5038 1798 5047 ι
1904 5011 2179 5069 guatorem
2215 4998 2594 5067 properabant.
2614 4994 2789 5063 Atque
2818 5006 2883 5045 eo
2921 4988 3239 5057 tempore'id
3265 5001 3323 5041 re
3349 4988 3461 5054 ipsa

214 5090 317 5155 γῆς
345 5087 505 5157 ὤφθη
525 5092 643 5141 τότε
673 5106 685 5118 ·
717 5090 881 5160 [1212
916 5091 1005 5162 IL]
1036 5094 1269 5160 κόρακες
1301 5094 1409 5163 γάρ
1436 5096 1799 5165 περιπετόμε-

1906 5091 2172 5159 apparuit,
2207 5089 2349 5158 quod
2382 5088 2447 5141 de
2493 5087 2761 5139 imtnenso
2794 5082 3185 5148 immodicoqne
3225 5078 3463 5132 clamore

213 5198 304 5235 νοι
332 5181 476 5232 κατά
512 5181 678 5251 τύχην
704 5183 896 5234 ἔπεσον
917 5186 999 5245 εἰς
1024 5184 1083 5234 τὸ
1111 5184 1343 5236 στάδιον.
1385 5186 1541 5237 Δίτία
1567 5186 1611 5237 δ⁹
1651 5187 1795 5257 ήτοῦ

1906 5186 2007 5239 dici
2039 5183 2193 5239 solet.
2228 5179 2387 5234 Corvi
2411 5179 2551 5232 cnim
2576 5177 2795 5247 quitum
2822 5172 2959 5229 forte
2987 5168 3461 5230 oratervolabant,

1525 5324 1760 5379 VARUE
1788 5321 2197 5378 LECTIONES.

296 5432 340 5515 ξ]
378 5433 579 5515 χεῖρας
600 5435 701 5515 καὶ1
718 5434 1063 5515 ἐλθόνταςς.
1168 5445 1212 5476 δ’
1238 5433 1355 5515 εἶτα
1378 5441 1870 5515 ἀνεσταυρώθησαν
1896 5457 1983 5515 om
2042 5439 2109 5515 A._
2168 5446 2252 5515 ﬁ"
2273 5434 2498 5515 υλῖγαις]
2520 5450 2570 5515 ς.
2597 5434 2686 5488 59.
2763 5434 2810 5469 ⁸⁵
2829 5428 3074 5515 Ξνςθνκᾼε
3106 5422 3376 5515 τῶξδδναξλξ
3401 5436 3460 5515 ’ξε

216 5504 265 5536 ιι
303 5490 489 5581 suae".
520 5502 602 5581 ιρι
658 5506 706 5581 ιτ
740 5490 1087 5581 πεπαυμέιον
1114 5523 1193 5573 pr.
1230 5510 1293 5581 Α.
1328 5490 1353 5492 ν
1376 5490 1499 5564 iis;
1521 5490 1982 5581 ;.'a1i.it'.'"a.;:]'
2010 5490 2149 5579 πμ,
2167 5508 2227 5560 B.
2307 5490 2749 5574 nam“...
2901 5498 3166 5565 θαλάττης
3195 5494 3257 5548 Β.
3406 5490 3463 5541 ἀὲ

215 5589 338 5626 oni.
384 5578 448 5625 Δ.
551 5575 595 5603 ⁵³
625 5576 717 5626 καὶ
749 5579 1064 5645 προσειπεῖν
1099 5592 1210 5633 om.
1243 5578 1308 5631 A.

1742 5661 1969 5714 NOTAE.

303 5775 419 5840 (77‘
453 5773 578 5827 Vide
622 5773 1019 5844 llarapolincm,
1055 5777 1145 5832 lib.
1191 5796 1249 5847 ll,
1278 5795 1394 5849 cap.
1450 5779 1536 5844 44,
1569 5794 1621 5835 et
1666 5780 1948 5848 Origeuem
1983 5777 2175 5833 CUJUJ
2204 5776 2437 5839 Celsum,
2474 5775 2567 5829 lib.
2598 5790 2667 5829 ιν.
