4216 6430
794 380 926 441 1459

1937 385 2191 446 ΡΗΟΤΙΙ
2222 384 2727 447 ΡΛΤΗΙΛΠΟΙΙΕ
2754 383 2861 442 Cl’.

3898 381 4038 447 μω

788 499 841 550 in
876 496 1109 549 stadium
1140 496 1478 549 deciderunt.
1510 494 1679 565 Cujus
1711 498 1785 553 rel
1818 498 2039 566 quidem
2075 514 2237 554 causa
2269 508 2353 554 est
2384 502 2429 558 A

2384 502 2429 558 Α
2454 497 2618 565 ἀέρος
2668 494 2855 563 ρἧις³
2895 494 3024 546 ὃταν
3062 493 3171 561 γάρ
3209 494 3241 560 ή
3279 490 3432 561 φωνὴ
3476 492 3645 560 πολλὴ
3689 493 3785 545 καὶ
3818 497 4035 563 μεγάλη

788 589 931 642 aeris
960 588 1254 656 perruptio.
1285 586 1422 640 Nam
1452 601 1551 641 vox
1579 602 1701 642 cum
1742 605 1935 658 magna
1985 600 2147 659 atque
2182 593 2351 644 multa

2458 586 2713 656 φέρηται.
2742 583 3120 652 διασπώμενος
3142 582 3233 634 ὑπ’
3268 583 3438 650 αὐτῆς
3466 582 3565 634 οὐκ
3597 582 3896 651 ἀντερείδει
3922 589 4034 648 τοῖς

787 679 1030 742 offertur,
1084 692 1146 731 ea
1179 678 1426 732 divulsus
1475 693 1591 743 aer,
1646 679 1891 734 volantes
1945 696 2048 734 non
2092 683 2349 745 sustinet,

788 770 1024 837 facitque
1048 778 1107 822 ut
1126 782 1252 823 aves
1280 769 1352 823 ita
1372 778 1536 837 atque
1555 770 1598 826 si
1627 772 1678 825 in
1707 785 1875 825 vacuo
1903 772 2014 827 sint
2050 773 2191 836 loco,
2211 772 2353 825 delao

786 863 1005 927 bantur,
1063 861 1165 917 nisi
1204 862 1383 930 potius
1435 861 1546 917 ictu
1600 874 1712 916 tum
1758 864 1995 932 quodam
2041 865 2188 917 aeris
2221 878 2347 917 aves

789 953 946 1007 veluti
966 955 1160 1025 sagitta
1186 952 1481 1019 transﬁxae,
1504 955 1856 1009 deturbentur
1882 964 2046 1023 atque
2075 956 2345 1010 decidant.

782 1042 970 1098 Potest
998 1054 1053 1099 et
1086 1045 1150 1098 ad
1188 1045 1331 1100 aeris
1377 1044 1640 1099 vorticem
1696 1058 1790 1098 seu
1821 1044 2111 1111 procellam
2160 1051 2347 1097 trans-

782 1136 911 1190 ferri
944 1154 957 1189 :
1012 1152 1138 1191 cum
1185 1138 1355 1191 maris
1400 1136 1489 1191 ille
1520 1137 1715 1198 instar.
1748 1134 1944 1207 5000
1994 1134 2064 1189 ob
2088 1134 2346 1189 clamoris

781 1227 1203 1295 magnitudinem
1242 1228 1568 1293 involvatur,
1609 1241 1933 1295 rursumque
1976 1241 2097 1279 cum
2140 1227 2341 1293 impetu

778 1331 896 1371 sese
924 1317 1177 1386 explicet.
1219 1316 1486 1373 Ceterum
1538 1318 1846 1385 Quinctius,
1897 1316 1999 1370 nisi
2060 1316 2343 1370 celerrime

775 1406 1015 1461 dimissis
1052 1408 1190 1462 ludis
1246 1408 1503 1475 impetum
1542 1418 1596 1462 et
1656 1422 1981 1463 concursum
2027 1406 2209 1475 populi
2247 1406 2344 1458 de-

2459 677 2796 746 πετομένοις,
2846 676 2962 727 ἀλλ’
3007 675 3278 742 ὀλίσθημα
3304 676 3449 725 ποιεῖ
3478 674 3728 743 καθάπερ
3756 677 4033 746 κενεμϐα-

2454 767 2661 831 τοῦσιν,
2695 769 2743 819 εί
2769 767 2843 836 μή
2868 765 2933 835 νὴ
2985 764 3079 818 Δία
3126 767 3309 835 πληγῇ
3345 782 3451 817 τινι
3497 767 3544 798 ⁸³
3588 767 3790 834 μᾶλλον
3820 769 3897 830 ὡς
3929 770 4033 820 ὑπὸ

2456 860 2641 929 βέλους
2663 859 3053 927 διελαυνόμενα
3077 858 3264 909 πίπτει
3294 858 3387 909 καὶ
3408 856 3762 925 ἀποθνήσκει.
3796 860 4031 912 Δύναται

2444 951 2502 1004 δὲ
2540 950 2633 1003 καὶ
2666 950 3007 1020 περιδίνησις
3063 943 3205 1002 εῖναι
3259 948 3354 1000 τοῦ
3394 949 3554 1017 ἀέρος
3583 944 3694 1001 οἷον
3724 950 3951 1019 ἑλιγμὸν
3974 954 4031 1002 ὲν

2444 1044 2786 1111 πελάγεικαὶ
2812 1044 2971 1097 πάλιν
3007 1042 3189 1112 ῥύμην
3236 1042 3329 1095 διὰ
3378 1042 3606 1111 μέγεθος
3640 1044 3922 1106 λαόόντος.
3969 1047 4027 1098 '0

2442 1135 2487 1187 δ’
2537 1136 2629 1188 οὖν
2686 1136 2843 1196 Τίτος
2889 1136 2937 1186 εί
2972 1134 3045 1203 μὴ
3091 1134 3323 1202 τάχιστα
3366 1132 3468 1201 τῆς
3515 1134 3643 1196 θέας
3677 1135 4028 1205 διαλυθείσης

2443 1226 2794 1294 ὑπειδόμενος
2821 1225 2923 1294 τὴν
2958 1225 3131 1293 φοράν
3154 1224 3203 1256 ⁸⁸
3231 1224 3328 1277 τοῦ
3374 1225 3616 1294 πλήθους
3652 1228 3748 1279 καὶ
3776 1228 3869 1280 τὸν
3902 1229 4025 1298 δρό-

2455 1335 2553 1383 μον
2584 1316 2879 1379 ἐξέκλινεν,
2904 1316 3003 1367 οὑκ
3032 1313 3099 1367 ἂν
3126 1315 3305 1368 ἐδόκει
3332 1316 3720 1384 περιγενέσθαι
3746 1319 4025 1372 τοσούτων

2452 1405 2600 1473 αὑτῷ
2630 1422 2697 1456 πε
2706 1406 3052 1476 ριχεομένων.

774 1499 1050 1561 t-linasset,
1118 1501 1259 1554 haud
1337 1499 1577 1569 profecto
1623 1501 1831 1555 salvum
1908 1500 2145 1569 potuisse
2218 1499 2451 1553 evadere
2520 1499 2897 1562 crediderunt,
2977 1507 3085 1551 tam
3154 1497 3341 1554 multis
3394 1495 3553 1552 simul
3602 1499 3841 1567 undique
3878 1501 3928 1553 ei
3969 1514 4025 1554 te

772 1587 1349 1644 circmltfuntlenlibus.

843 1679 1161 1736 Plutarchus
1196 1683 1338 1737 sicut
1368 1686 1418 1737 in
1449 1688 1548 1739 hac
1586 1685 1846 1750 Quinctii,
1886 1694 1940 1738 et
1973 1686 2025 1738 itt
2058 1686 2179 1738 aliis
2216 1685 2342 1737 vitis

772 1774 1082 1839 compositis
1111 1776 1206 1838 ait,
1236 1774 1466 1832 Neronis
1511 1775 1780 1849 [Traiani]
1816 1787 1933 1832 erat
1983 1775 2337 1844 temporibus.

1416 1866 1687 1921 CCXLVI.

770 1951 853 2006 Et
880 1954 1127 2008 Aristidis
1169 1954 1422 2010 Oratione
1468 1958 1885 2030 Panathenaico,
1924 1976 2041 2030 quia
2075 1971 2150 2012 est
2185 1960 2339 2012 Allie-

1302 2043 1487 2079 narum
1526 2028 1785 2080 laudatio.

836 2113 962 2183 Legi
977 2117 1231 2172 Aristidis
1243 2118 1688 2172 Panathenaicam
1706 2119 2033 2185 Orationem,
2053 2120 2336 2175 verborum

764 2220 826 2259 ac
861 2210 1137 2262 nominum
1168 2210 1604 2278 explanationem
1684 2213 2233 2280 comprehendentem
2284 2221 2338 2267 et

768 2297 1127 2363 periodorum,
1152 2299 1313 2353 etiam
1332 2313 1525 2355 sensus
1540 2311 1828 2370 potestate,
1848 2312 1900 2356 et
1916 2313 2113 2357 ornatu
2139 2318 2340 2373 praepa-

767 2396 904 2444 rato.
958 2386 1126 2443 Terra
1165 2390 1383 2457 quidem
1435 2392 1501 2444 ad
1550 2405 1713 2445 omne
1768 2391 2101 2462 fetusgeuus
2128 2395 2227 2448 fuit
2253 2396 2337 2449 in-

768 2485 995 2531 structa.
1027 2474 1151 2532 Hmc
1166 2487 1346 2532 autem
1370 2477 1629 2538 beneﬁcia
1646 2493 1768 2532 cum
1796 2494 1825 2530 a
1846 2480 1948 2533 diis
1977 2481 2333 2549 accepissent,

767 2571 839 2623 ita
858 2577 1137 2637 cmperunt
1152 2584 1339 2624 eorum
1354 2579 1605 2625 auctores
1623 2570 1847 2636 imitari,
1867 2580 1926 2625 ut
1947 2572 2067 2626 aliis
2092 2572 2192 2641 ipsi
2218 2573 2335 2627 loco

764 2661 987 2711 deorum
1018 2656 1240 2722 fuerint,
1287 2668 1343 2712 et
1384 2659 1485 2712 hac
1515 2662 1747 2725 primum
1798 2662 2009 2716 ratione
2042 2662 2233 2728 dignos
2276 2678 2335 2717 se

763 2750 919 2803 donis
956 2750 1074 2803 istis
1131 2764 1255 2803 esse
1305 2752 1798 2818 comprobaverint,
1856 2753 2000 2822 quod
2062 2753 2127 2807 iis
2188 2763 2335 2808 recte

764 2840 965 2893 fuerint
990 2841 1096 2895 usi.
1120 2841 1229 2897 Nec
1255 2842 1397 2896 enim
1424 2842 1505 2895 vel
1530 2842 1629 2896 sub
1654 2852 1853 2898 terram
1885 2845 2334 2899 existimaverunt

763 2932 1107 2998 defodieuda,
1146 2933 1230 2988 vel
1275 2933 1411 2988 alios
1457 2935 1561 2988 sibi
1618 2936 1854 3005 aequales
1905 2950 2170 2991 evasuros
2213 2951 2335 2991 esse

765 3025 1101 3079 timuerunt:
1135 3024 1232 3080 sed
1264 3025 1337 3078 ita
1384 3024 1601 3078 demum
1647 3040 1726 3090 se,
1781 3035 2042 3093 quantum
2105 3026 2333 3095 reliquis

763 3124 1103 3181 praestarent,
1165 3129 1323 3182 posse
1377 3118 1665 3171 ostendere
1712 3126 1990 3184 putarunt,
2048 3118 2092 3171 si
2148 3127 2331 3172 essent

761 3221 885 3276 erga
908 3220 1095 3261 omnes
1131 3208 1380 3261 benefici.
1429 3208 1537 3262 Sed
1581 3222 1665 3262 me
1698 3210 1876 3263 oratio
1907 3207 2103 3264 (luctus
2156 3211 2328 3263 instar

764 3309 1132 3351 transversum
1165 3300 1362 3366 rapuit,
1399 3298 1582 3368 itaque
1630 3298 1695 3351 ad
1736 3300 1808 3363 id,
1863 3302 2005 3353 unde
2053 3302 2329 3370 digressus

760 3388 990 3452 fueram,
1024 3392 1206 3443 redeo.
1234 3389 1422 3444 Divina
1463 3391 1628 3459 igitur
1656 3406 1847 3459 pompa
1869 3402 2235 3445 commeatum
2273 3394 2324 3444 in

757 3494 948 3535 omnes
1000 3482 1269 3550 regiones,
1330 3492 1587 3550 tanquam
1646 3483 1929 3550 pecuniam
2007 3484 2326 3537 theatralem

758 3573 1056 3627 dimittunt.
1093 3572 1387 3626 Maximum
1426 3585 1604 3628 autem
1658 3575 1978 3629 beneﬁcium
2016 3586 2099 3631 est
2164 3577 2317 3641 illud,

756 3664 900 3731 quod
930 3679 1121 3719 onmes
1157 3666 1396 3734 undique
1432 3664 1661 3719 afﬂictos
1712 3678 2098 3735 susceperunt,
2142 3682 2205 3722 ac
2241 3669 2324 3722 foe

758 3764 971 3809 verunt.
1003 3755 1156 3809 Nulla
1220 3770 1456 3823 namque
1477 3757 1702 3811 Graeciae
1732 3771 1867 3824 gens
1894 3766 1997 3823 est,
2036 3769 2092 3812 ut
2124 3758 2199 3812 ita
2247 3760 2328 3813 di-

756 3862 899 3913 cam,
934 3862 1053 3916 qua:
1084 3849 1185 3903 hac
1224 3849 1445 3903 civitate
1486 3864 1592 3902 non
1629 3851 1702 3902 sit
1754 3864 1872 3904 usa.
1906 3850 2150 3915 Quorum
2205 3865 2329 3905 om-

758 3939 906 3992 nium
945 3941 1257 3993 meminisse
1293 3940 1468 4009 primo
1514 3940 1655 3995 factu
1700 3942 1771 3995 sit
1801 3940 2037 4007 difﬁcile,
2071 3951 2127 3997 et
2167 3959 2328 4011 pares

758 4028 1028 4083 memoriae
1053 4043 1329 4083 sermones
1346 4029 1773 4092 accommodare,
1794 4044 1909 4097 quae
1926 4030 2093 4098 prima
2110 4042 2236 4085 sunt
2275 4042 2329 4087 et

757 4119 1132 4187 antiquissima
1168 4133 1456 4187 exponam.
1487 4120 1622 4174 Cum
1645 4118 2109 4176 llerculesevivis
2140 4136 2328 4177 exces~

756 4209 1085 4273 sisset,urbs
1109 4210 1159 4265 ei
1192 4210 1423 4279 primum
1464 4209 1663 4278 templa
1692 4220 1745 4265 et
1787 4225 1915 4265 aras
1948 4214 2321 4267 consecravit.

2522 1682 2643 1734 Ὀτι
2669 1682 3032 1751 Πλούταρχος,
3048 1683 3125 1747 ὡς
3143 1684 3303 1746 αὑτὸς
3326 1686 3427 1739 κάν
3455 1685 3532 1753 τῷ
3552 1686 3778 1755 παρόντι
3808 1689 4022 1758 παραλο

2449 1770 2592 1840 λήλῳ
2623 1774 2717 1825 καὶ
2744 1774 2801 1824 έν
2824 1772 3005 1833 ἄλλοις
3041 1775 3226 1843 φησὶν,
3270 1776 3362 1827 ἐπὶ
3390 1775 3437 1809 ⁸⁸
3469 1775 3718 1845 Νέρωνος
3749 1775 3841 1849 ἦν.

3146 1864 3342 1930 ΣΜςο,

2782 1954 3136 2020 Αριστείδου
3171 1958 3203 2008 ό
3239 1959 3718 2024 Πανίιθηνιιτκός.

2523 2104 2860 2173 ’Δνεγνώσθη
2879 2106 3213 2176 Ἀριστείδου
3240 2108 3268 2159 ό
3293 2110 3763 2176 Παναθηναῖκὸς,
3786 2104 4019 2183 ὲκλογην

2439 2196 2656 2264 ὑπέχων
2718 2197 2979 2266 ῥημάτων
3033 2214 3090 2250 τε
3121 2199 3217 2250 καὶ
3263 2201 3544 2269 ὀνομάτων
3592 2205 3685 2255 καὶ
3726 2206 4015 2273 περιόδων,

2438 2286 2577 2340 ἀλλὰ
2634 2289 2727 2340 καὶ
2784 2289 3069 2358 νοημάτων
3114 2291 3191 2353 είς
3231 2290 3510 2361 δεινότητα
3540 2296 3634 2347 καὶ
3669 2296 3863 2358 κάλλος
3930 2298 4016 2349 δι·

2439 2381 2878 2448 εσκευασμένων.
2916 2380 3163 2450 Ἔρρωτο
3195 2382 3241 2412 ⁵⁸
3299 2383 3397 2452 μὲν
3449 2386 3481 2454 ή
3519 2387 3591 2455 γῆ
3627 2386 3763 2455 πρὸς
3794 2388 4017 2449 ἁπάσας

2436 2469 2621 2538 γονάς.
2651 2470 2918 2533 Λαϐόντες
2958 2473 3001 2503 ⁸⁷
3035 2472 3090 2524 δὲ
3122 2471 3267 2525 οὕτω
3294 2474 3391 2536 τὰς
3430 2476 3581 2546 παρὰ
3613 2476 3721 2529 τῶν
3748 2476 3885 2530 θεῶν
3908 2480 4014 2532 δω-

2440 2561 2590 2629 ρεάς,
2621 2560 2792 2623 οὕτως
2822 2561 2881 2614 εὖ
2914 2564 3037 2625 τοὺς
3066 2564 3254 2627 δόντας
3289 2566 3651 2635 ἐμιμήσαντο,
3680 2567 3819 2621 ὥστε
3858 2570 4018 2622 αὐτοὶ

2436 2655 2544 2714 τοῖς
2567 2653 2746 2717 ἄλλοις
2772 2655 3079 2723 ἀνθρώποις
3135 2658 3257 2709 ἀντὶ
3299 2658 3410 2710 τῶν
3467 2658 3605 2711 θεῶν
3644 2662 4011 2729 κατέστησαν.

2437 2745 2546 2797 Καὶ
2576 2748 2768 2813 πεῖραν
2820 2746 3019 2816 ταύτην
3068 2747 3294 2818 πρώτην
3340 2748 3530 2803 ἔδοσαν
3557 2751 3649 2803 τοῦ
3692 2754 3813 2804 κατ’
3850 2752 4015 2818 ἀξίαν

2434 2838 2637 2905 τυχεῖν,
2664 2838 2725 2889 τὸ
2768 2838 2813 2868 ⁵⁸
2851 2837 3159 2907 χρήσασθαι
3196 2842 3309 2903 τοῖς
3355 2840 3689 2911 ὑπάρχουσιν
3736 2844 3809 2906 ὼς
3841 2862 4015 2913 προσ-

2433 2927 2585 2996 ῆκεν.
2622 2930 2695 2981 Οὑ
2726 2929 2836 3000 γὰρ
2888 2930 3017 3001 [654
3041 2930 3133 3003 IL]
3189 2931 3427 3001 ἠξίωσαν
3479 2936 3611 2988 αὐτὸ
3637 2936 3701 3004 δὴ
3739 2935 3895 2987 τοῦτο
3939 2940 4013 3005 γῇ

2434 3020 2740 3089 κρύῷαντες
2789 3022 3072 3092 ἐξαρκεῖνο
3125 3023 3261 3077 ἀλλὰ
3321 3026 3573 3078 τοσοῦτον
3619 3027 3858 3096 ἀπέσχον
3912 3029 4015 3079 τοῦ

2435 3110 2741 3179 φοϐηθῆναι
2778 3113 2852 3182 μὴ
2882 3116 2991 3183 ἄρα
3034 3116 3161 3179 τοὺς
3213 3117 3405 3179 ἀλλους
3433 3118 3488 3182 ἐξ
3516 3118 3629 3170 ἴσου
3672 3118 3825 3183 σφίσι
3850 3120 4017 3187 ποιήο

2436 3216 2621 3267 σωσιν,
2670 3203 2810 3255 ὥστε
2861 3205 2961 3256 οὑκ
3014 3202 3154 3259 εἷναι
3204 3208 3423 3260 κάλλιον
3469 3208 3724 3277 ᾠήθησαν
3763 3209 3872 3277 ὅσῳ
3894 3209 4015 3261 τῶν

2432 3291 2607 3344 ἄλλων
2636 3295 2960 3361 προέχουσιν
3016 3296 3377 3361 ἐνδείξασθαι,
3407 3299 3437 3367 ἦ
3485 3301 3531 3350 εί
3562 3300 3766 3361 πάντας
3795 3299 3852 3351 εὖ
3889 3318 4017 3351 ποι-

2430 3383 2616 3447 οῦντες
2646 3385 2986 3455 όφθήσονται.
3015 3387 3156 3440 Ἀλλ’
3185 3393 3228 3421 ⁸⁵
3251 3395 3277 3442 ὁ
3298 3391 3452 3457 λόγος
3479 3393 3584 3459 γὰρ
3614 3390 3801 3457 ὥσπερ
3828 3392 4015 3460 ῥεῦμα

2433 3476 2613 3545 φέρων
2674 3478 2949 3545 ὑπήνεγκε
3002 3479 3128 3548 βίᾳ·
3190 3480 3495 3549 ἀναχωρεῖν
3543 3480 3635 3533 οὖν
3665 3481 3788 3533 ὅθεν
3814 3482 4017 3551 ἐξέϐην

2433 3568 2641 3636 καιρός.
2673 3570 2953 3637 Πέμπουσι
2974 3570 3038 3638 δὴ
3056 3569 3173 3637 θείᾳ
3206 3575 3389 3639 πομπῇ
3412 3571 3514 3637 γῆν
3538 3573 3627 3623 ἐπὶ
3644 3574 3823 3624 πᾶσαν
3841 3574 4017 3642 ἀφορ-

2435 3665 2539 3728 μάς
2562 3657 2653 3711 τοῦ
2695 3658 2831 3727 βίου,
2858 3659 3105 3730 καθάπερ
3125 3660 3390 3730 θεωρικοῦ
3416 3679 3558 3725 τινος
3585 3662 3821 3715 διάδοσιν
3840 3665 3911 3717 ⁸ο.
3940 3664 4014 3715 1κῦ

2431 3751 2538 3818 γὰρ
2565 3750 2846 3811 ποιοῦντες
2880 3751 3111 3819 ἔφθανον
3131 3754 3229 3822 τὴν
3258 3754 3553 3822 ὲπιθυμὶαν
3590 3753 3697 3806 τῶν
3731 3753 3790 3806 εὑ
3815 3757 4015 3808 παθεῖν

2432 3841 2728 3910 δεομένων.
2766 3842 2840 3894 Οὑ
2868 3843 2976 3913 γὰρ
3004 3844 3048 3874 ⁶¹
3089 3844 3203 3896 ἔστι
3248 3844 3404 3912 γένος
3441 3846 3592 3898 οὐδὲν
3613 3846 3716 3913 τῆς
3760 3846 4017 3909 Ἑλλάδος

2430 3933 2505 3995 ὡς
2536 3933 2663 3995 ἔπος
2697 3934 2891 3999 εἰπεῖν,
2924 3934 2952 3985 ὃ
2979 3935 3141 4006 τῆσδε
3160 3936 3257 4005 τῆς
3286 3938 3492 3999 πόλεως
3518 3937 3814 4004 ἀπείρατόν
3834 3939 4013 3990 ἐστιν.

2429 4022 2529 4081 Ὧν
2569 4029 2822 4081 ἁπάντων
2850 4030 2947 4098 μὲν
2970 4030 3254 4099 ἀμήχανον
3270 4030 3365 4081 καὶ
3385 4047 3489 4097 μνη
3498 4030 3756 4097 μονεῦσαι
3788 4030 4017 4099 πρῶτον

2430 4120 2523 4172 καὶ
2555 4120 2654 4188 τῆς
2684 4122 2900 4189 μνήμης
2930 4122 3054 4185 τοὺς
3088 4121 3276 4187 λόγους
3312 4120 3659 4190 συμμέτρους
3685 4120 4014 4174 ἀποδοῦναι.

2433 4211 2500 4260 "A
2526 4211 2581 4261 δέ
2604 4212 2717 4262 ἐστι
2740 4211 2849 4262 τῶν
2875 4210 3121 4263 παλαιῶν
3151 4211 3478 4278 ἐντιμότατα
3526 4212 3615 4262 καὶ
3641 4209 3832 4277 ὥσπερ
3861 4211 4016 4279 ἀρχὴ

2427 4301 2538 4361 τοῖς
2566 4299 2780 4363 πολλοῖς
2809 4300 3147 4369 διηγεῖσθαι·
3205 4301 3543 4364 Ἡρακλέους
3586 4299 3647 4364 ἐξ
3694 4301 4015 4371 ἀνθρώπων

2428 4389 2754 4455 ἀπελθόντος
2775 4392 2808 4461 ἡ
2846 4393 2945 4461 μὲν
2968 4392 3120 4454 πόλις
3139 4392 3229 4445 καὶ
3247 4392 3381 4456 νεὼς
3400 4394 3491 4446 καὶ
3518 4392 3736 4462 βωμοὺς
3762 4391 4017 4463 ἱδρύεται

2358 4504 2400 4558 D
2430 4499 2643 4553 πρωτη.

2498 4592 2676 4668 [Κατᾲ
2706 4593 2940 4668 ἔλλειψιν
2967 4597 2998 4665 ή
3024 4597 3360 4668 προκειμένη
3384 4598 3438 4668 ,⁸⁸
3462 4596 3684 4668 φράσις,
3715 4597 3928 4668 ἔχουσά
3959 4616 4015 4652 τι

2422 4664 2710 4729 ἐπαγωγόν
2735 4680 2747 4690 ·
2786 4664 3140 4735 πολλαχοῦδὲ
3163 4668 3300 4735 αὐτῇ
3333 4664 3643 4738 ἀέχρτῂαι.)

2492 4776 2599 4827 Καὶ
2622 4776 2716 4829 νῦν
2740 4777 2785 4808 ⁸³
2806 4778 2913 4829 εἰσὶ
2937 4778 3237 4847 Μεσσήνιοι
3264 4780 3309 4810 ⁸⁸
3328 4778 3416 4831 διὰ
3447 4780 3547 4849 τὴν
3572 4779 3749 4832 πόλιν.
3776 4780 3940 4848 Μόνη
3962 4782 4013 4816 ⁸³

2423 4867 2529 4934 γὰρ
2556 4866 2649 4933 (ὡς
2685 4868 2877 4926 εἰπεῖν)
2908 4868 3185 4935 διαγέγονε
3232 4870 3368 4941 πρὸς
3393 4869 3491 4939 τὴν
3530 4870 3790 4923 ἁπάντων
3826 4872 4012 4939 τύχην

2418 4955 2821 5028 διαμιλλωμένη
2862 4960 2927 5023 ⁸⁸,
2957 4960 3051 5012 καὶ
3106 4962 3424 5029 πειρωμένη
3464 4962 3818 5029 περιτρέπειν
3862 4964 4011 5015 πᾶσι

751 5046 1015 5106 vetusque
1046 5037 1249 5090 dictum
1280 5037 1606 5093 immutavit.
1640 5039 1892 5094 Ostendit
1924 5042 2066 5095 enim
2094 5055 2154 5095 se
2181 5043 2321 5095 ami-

2420 5049 2515 5111 τὰς
2562 5052 2847 5121 συμφορὰς
2904 5052 2946 5082 ⁸⁷
3007 5052 3097 5105 ἐπὶ
3128 5051 3349 5121 θάτερα.
3394 5052 3501 5105 Καὶ
3528 5052 3629 5122 τὴν
3693 5057 4011 5123 παροιμίαν

749 5143 847 5183 cos
883 5130 1130 5185 infelices
1198 5144 1538 5197 nequaquam
1587 5133 1794 5199 fugere,
1846 5147 1966 5186 cum
2021 5137 2321 5203 permultos

2417 5139 2737 5209 ἐνήλλαξεν·
2790 5140 2849 5192 οὑ
2904 5141 3013 5210 γὰρ
3058 5141 3300 5193 ἐκποδὼν
3328 5138 3466 5194 εἶναι
3511 5143 3787 5206 κατέδειξε
3843 5144 4010 5209 φίλου

748 5222 933 5286 etiam,
968 5236 997 5274 a
1034 5223 1228 5291 quibus
1275 5232 1433 5275 antea
1506 5222 1821 5288 dissidebat,
1889 5235 2010 5293 post
2066 5239 2318 5295 acceptas

2415 5230 2600 5291 κακῶς
2623 5232 2981 5301 πράσσοντος,
3022 5231 3155 5285 ἀλλά
3206 5231 3435 5293 πολλοὺς
3484 5234 3577 5285 καὶ
3618 5233 3729 5286 τῶν
3758 5235 4009 5302 πρόσθεν

749 5310 929 5366 clades
963 5312 1014 5366 in
1073 5314 1364 5368 amicitiam
1430 5316 1715 5384 receperit.
1781 5316 1889 5370 Nec
1941 5332 2077 5383 quos
2129 5318 2313 5373 felices
2410 5345 2414 5364 ‹

2410 5322 2688 5392 διαφόρων
2736 5324 2828 5375 ἐπὶ
2882 5326 2993 5386 τοῖς
3054 5324 3371 5393 ἀτυχήμασι
3435 5325 3621 5391 φίλους
3673 5327 4004 5395 πεποίηται.

824 4580 1102 4706 Eubjecta
1147 4582 1372 4662 phrasis.
1420 4594 1515 4647 per
1551 4581 1821 4650 eclipsim,
1882 4584 2083 4652 aliquid
2144 4585 2323 4640 blandi

897 4667 978 4706 ns.
1004 4666 1106 4706 uua
1136 4666 1276 4706 same
1300 4649 1512 4706 utitur.l

758 4649 978 4715 habens,
1004 4666 1106 4719 qua
1136 4666 1276 4719 saepe
1300 4649 1513 4720 utitur.]

824 4762 889 4813 Et
912 4776 1054 4815 nunc
1078 4762 1313 4815 civitatis
1340 4772 1484 4816 stant
1510 4764 1773 4819 beneficio
1799 4763 2072 4822 Messenii.
2112 4766 2323 4823 Etenim

751 4853 861 4907 sola
885 4866 1007 4906 cum
1040 4853 1280 4906 omnium
1317 4852 1531 4909 fortuna
1563 4866 1821 4924 perpetuo
1844 4861 2124 4913 contendit
2168 4860 2321 4924 urbs,

749 4946 1101 5013 omniumque
1124 4945 1306 5000 clades
1338 4946 1389 4999 in
1424 4947 1614 5002 melius
1642 4959 1835 5003 conata
1863 4959 1945 5004 est
1980 4960 2319 5015 convertere,

2057 5479 2288 5537 VARI/['3
2324 5484 2730 5539 LECTIONES.

817 5584 990 5671 ’ζητέειὶ
1273 5588 1713 5671 ηδδῇφθοράνιςεῃ
1748 5592 1790 5621 ⁵³
1936 5592 1998 5655 Λ,
2118 5598 2210 5646 τεῦ
2240 5594 2445 5671 Caeni
2476 5596 2566 5647 τοῦ
2591 5614 2645 5659 ς.
2751 5598 2795 5629 ⁸⁸
2818 5597 3046 5667 ἕρῤωτοἸ
3077 5614 3127 5668 p.
3165 5598 3389 5671 Canter.
3434 5598 3554 5671 179.
3634 5600 3676 5629 ⁵⁷
3714 5598 4005 5671 ἓα64·ιτε;]

751 5669 798 5737 ll;
842 5655 992 5737 Νξοχ
1045 5658 1099 5737 ,⁸⁸
1123 5655 1309 5737 τδιῖλῖῷ
1346 5657 1424 5737 3-“
1459 5655 1549 5737 λθ
1580 5659 1715 5737 ἀλλ’]
1740 5662 1951 5737 ιλ-ίὸί..
2035 5663 2076 5737 _°°
2102 5664 2358 5727 διάδοσιν]
2393 5655 2695 5737 memoria.
2802 5655 2926 5737 “:65
2960 5655 3088 5737 γάρῙ
3126 5686 3176 5733 ιι.
3214 5670 3336 5724 187.
3442 5670 3483 5699 ί²
3516 5670 3892 5737 προ-κειμένη

750 5723 790 5752 ⁸⁸
819 5725 905 5773 καὶ
938 5724 1052 5785 vivi
1084 5741 1131 5788 ιι.
1170 5723 1289 5807 illi.
1391 5729 1434 5758 ⁸³
1459 5723 1751 5799 Μεσσήνιοι
1784 5732 1858 5783 ll;
1901 5732 2157 5799 Μεσήνιοι
2196 5752 2252 5797 ς.
2337 5723 2404 5766 Ἦ
2462 5736 2619 5803 μόνῇ
2664 5755 2711 5804 ιι.
2766 5735 2883 5790 l‘J‘Z.
2970 5723 3044 5769 ’σε
3079 5723 3433 5807 ’ἁμιλλωμένη
3488 5723 3573 5791 1εῇ
3627 5740 3667 5766 ³-⁷
3708 5723 3840 5791 εἰσι
3882 5723 4005 5803 '2...-

752 5799 1027 5861 S')p~',‘0(11;
1058 5799 1401 5866 :zgttflétzztv
1432 5806 1491 5855 τ.
