4216 6430
737 373 875 436 1463

736 577 996 633 dissoluto
1032 577 1360 631 Amazonum
1391 585 1446 631 et
1473 577 1722 644 imperio,
1750 586 1805 631 et
1845 593 2100 644 excursu,
2132 590 2186 634 et
2216 597 2307 635 ur-

738 671 824 732 be,
860 680 913 725 et
943 671 1023 725 sic
1052 672 1323 725 communi
1362 670 1612 724 subvenit
1658 679 1883 735 natura),
1908 669 2211 738 effecitque,
2254 681 2313 726 ut

734 761 844 825 jam
890 759 1110 814 dubium
1156 760 1247 822 sit,
1294 774 1360 812 an
1403 774 1638 828 unquam
1680 760 2006 814 exstiterint.
2049 763 2120 815 At
2171 780 2312 819 nunc

741 864 860 903 cum
886 864 981 917 par
1014 849 1165 903 labor
1190 848 1242 901 in
1267 849 1561 915 quaestione
1586 849 2027 912 omittendorum,
2068 860 2120 904 et
2154 852 2310 921 digna

741 956 962 1003 eorum,
1002 953 1121 1008 qua:
1167 937 1465 993 clarissima
1486 940 1793 1003 videantur,
1844 941 2203 1008 explicatione
2244 942 2314 994 sit

743 1029 1041 1097 ponendus,
1068 1043 1165 1083 nec
1194 1029 1478 1096 quisquam
1514 1030 1690 1084 adhuc
1719 1030 1800 1083 vel
1831 1035 1968 1083 nuda
2004 1032 2315 1085 narratione

744 1120 813 1170 sit
841 1117 1019 1170 omnia
1054 1116 1390 1184 complexus,
1424 1120 1670 1186 quamvis
1704 1120 1901 1185 alioqui
1937 1120 2165 1188 plurima
2198 1136 2313 1173 stn-

745 1204 875 1271 guli,
906 1206 971 1259 de
1012 1205 1114 1259 hac
1157 1220 1259 1258 una
1313 1207 1553 1271 civitate,
1589 1194 1752 1274 atque
1789 1208 1923 1261 adeo
1960 1209 2112 1276 plura
2149 1224 2310 1277 quam

747 1297 812 1349 de
845 1295 1067 1364 reliquis
1092 1297 1360 1360 omnibus,
1383 1298 1636 1362 dixerint,
1664 1314 1766 1353 non
1814 1300 1940 1353 licet
1975 1301 2127 1354 nobis
2156 1315 2317 1356 accu-

748 1383 917 1438 ratius
955 1394 1186 1440 tractare
1222 1386 1453 1455 singula,
1484 1397 1536 1443 et
1566 1390 1795 1457 plurima
1836 1402 1964 1443 sunt
1998 1393 2313 1461 omittenda,

747 1483 810 1527 ιιι
866 1476 1100 1529 maxima
1147 1492 1266 1545 qua:
1318 1487 1440 1531 sunt
1498 1479 1831 1544 referamus,
1881 1484 2314 1553 quandoquidem

748 1576 896 1621 certe
933 1582 1091 1621 nemo
1127 1569 1217 1631 sit,
1250 1570 1377 1636 quin
1406 1571 1756 1625 libenterista
1800 1574 1854 1626 in
1909 1575 2141 1628 medium
2194 1591 2318 1644 pro-

751 1658 909 1711 ferat.
950 1656 1083 1710 Nam
1116 1673 1237 1711 cum
1267 1658 1437 1714 ϐπ·ωοί
1481 1663 1545 1715 de
1587 1677 1793 1715 summa
1830 1676 2007 1716 rerum
2032 1679 2154 1717 cum
2194 1665 2318 1718 bar-

752 1745 896 1801 baris
937 1748 1295 1812 decertarent,
1341 1765 1501 1818 parva
1544 1762 1699 1807 terrm
1747 1763 1899 1820 parte
1946 1770 2066 1809 cum
2116 1756 2315 1824 ingenti

752 1838 1061 1901 commissa,
1104 1848 1157 1893 et
1196 1854 1292 1907 pro
1323 1841 1517 1894 virtute
1548 1856 1610 1893 ac
1644 1842 1818 1896 salute
1851 1854 2125 1897 certamen
2154 1854 2319 1911 esset,
2355 1831 2392 1884 Β

752 1935 866 1979 tum
914 1929 1106 1982 civitas
1132 1938 1413 1997 utramque
1461 1941 1673 1999 gentem
1708 1943 1899 1998 praeter
1932 1948 2145 1987 omnem
2170 1950 2320 2001 spem

755 2015 903 2078 vicit,
932 2026 985 2071 et
1015 2018 1239 2073 alteram
1270 2036 1389 2075 esse
1410 2036 1629 2089 parvam
1656 2024 1755 2076 sibi
1788 2026 2159 2093 appendit-em,
2185 2028 2321 2082 alte-

755 2122 871 2160 ram
912 2118 1061 2163 tanto
1093 2112 1435 2179 deteriorem,
1468 2125 1666 2183 quanto
1711 2117 1993 2171 videbatur
2025 2119 2215 2186 major,
2237 2123 2326 2174 de-

756 2199 1002 2254 claravit.
1049 2200 1185 2255 Tum
1228 2218 1354 2257 vero
1390 2204 1527 2260 facta
1577 2218 1700 2260 sunt
1742 2224 1769 2259 a
1806 2209 1999 2269 verbis,
2030 2208 2203 2263 aliena
2248 2211 2327 2262 vi—

756 2288 949 2345 delicet
979 2306 1009 2343 a
1055 2294 1560 2364 nostris,snperata,
1608 2315 1728 2352 cum
1780 2300 2115 2368 plebiscitum
2180 2301 2325 2356 omni

760 2388 961 2447 tropzeo
987 2383 1318 2451 praeclarius,
1351 2388 1529 2441 verbis
1564 2390 1769 2455 pariter
1800 2399 1854 2443 et
1898 2406 1955 2444 re
1980 2392 2129 2455 vicit,
2154 2406 2326 2460 quau-

760 2468 1048 2537 doquidem
1096 2473 1340 2527 manibus
1387 2477 1568 2529 statim
1620 2476 1719 2530 fuit
1756 2481 2184 2548 comprobatum,
2224 2496 2328 2536 non

763 2561 923 2613 modo
961 2560 1204 2625 sublatis,
1252 2573 1312 2617 ut
1356 2565 1472 2617 lieri
1509 2566 1665 2631 solet,
1715 2572 1805 2623 sed
1850 2571 2011 2624 etiam
2059 2587 2332 2641 praecones

764 2650 1129 2714 perdentibus.
1173 2654 1374 2724 402a
1432 2657 1504 2711 De
1533 2674 1599 2713 eo
1644 2672 1844 2725 autem,
1891 2664 1979 2729 qui
2027 2664 2330 2717 litterarum

766 2741 940 2794 fuerat
969 2744 1256 2813 interpres,
1281 2748 1530 2814 populum
1567 2752 1783 2819 quidem
1824 2753 1872 2804 in
1900 2752 2216 2822 suffragium
2243 2756 2336 2807 mi-

764 2843 971 2897 serunt,
1029 2844 1086 2887 ut
1124 2835 1312 2903 judicii
1356 2840 1603 2906 formam,
1651 2842 1904 2910 quoniam
1944 2844 2162 2899 Grtecus
2195 2856 2331 2909 erat,

768 2936 960 2989 praeter
1008 2939 1232 2985 caeteros
1294 2934 1516 2988 haberet
1578 2952 1591 2987 :
1650 2937 2003 2992 nihilominus
2062 2948 2237 2994 tamen
2284 2949 2338 2992 et

771 3021 943 3086 ipsum
1001 3022 1409 3087 interemerunt,
1449 3026 1602 3092 quasi
1658 3042 1726 3080 ne
1779 3042 1909 3081 voce
1962 3028 2179 3096 quidem
2226 3029 2337 3082 sola

771 3115 1017 3169 barbaris
1055 3124 1197 3167 esset
1232 3114 1653 3169 inserviendum.
1690 3116 1872 3183 Itaque
1898 3117 1947 3169 id
1976 3132 2081 3184 quo
2112 3117 2198 3171 ille
2226 3132 2340 3169 ma-

774 3206 917 3257 xime
977 3205 1267 3267 nitebatur,
1318 3219 1439 3257 eum
1495 3202 1703 3268 fefellit,
1760 3220 1879 3258 cum
1931 3205 2003 3257 illi
2057 3214 2341 3261 censerent

777 3296 1046 3348 hominem
1068 3295 1443 3362 municipalem
1483 3296 1793 3361 interpretis
1831 3295 2004 3349 omnia
2033 3308 2221 3351 contra
2251 3313 2342 3351 ur-

778 3386 991 3449 bem,et
1026 3385 1243 3441 Graecos
1265 3402 1361 3455 pro
1387 3385 1629 3441 hostibus
1664 3386 1809 3454 fungi
1836 3402 1940 3441 non
1963 3389 2173 3442 debere.
2207 3388 2339 3441 Tum

781 3476 837 3529 itt
886 3477 1196 3530 barathrum
1250 3478 1468 3547 projeeti
1531 3486 1682 3543 sunt,
1731 3479 1809 3533 sic
1852 3487 1909 3533 ut
1954 3478 2044 3532 alii
2092 3494 2343 3549 responsa

786 3567 896 3634 regi
934 3566 1234 3620 intulerint.

855 3678 1131 3753 [Sublattts
1161 3678 1425 3747 interpres
1453 3680 1669 3737 Samius
1707 3691 1822 3737 erat
1873 3698 2089 3753 genere,
2132 3698 2349 3739 nom.ne

787 3747 910 3801 vero
951 3747 1108 3819 Mys.]

857 3860 1057 3914 Civitas
1105 3870 1285 3915 autem
1346 3876 1593 3933 pompam
1626 3866 1801 3932 potius
1828 3864 2044 3933 ducere,
2081 3884 2242 3936 quam
2286 3872 2351 3927 ad

788 3959 1060 4005 certamen
1100 3966 1159 4005 se
1188 3967 1505 4021 comparare
1540 3956 1841 4010 videbatur.
1874 3958 2093 4029 Templa
2125 3977 2355 4030 namque

790 4041 969 4095 omnia
1022 4052 1331 4111 aperuerat,
1378 4046 1751 4101 sacerdotibus
1792 4052 2117 4117 convocatis,
2163 4069 2224 4108 ac
2257 4055 2357 4109 diis

792 4134 1015 4202 antiquo
1061 4151 1212 4191 more
1260 4137 1680 4206 supplicationes
1715 4140 1962 4197 faciebat.
2005 4145 2083 4199 Ae
2126 4148 2356 4215 primum

791 4222 1006 4291 quidem
1047 4239 1238 4279 cursus
1268 4240 1361 4280 eos
1388 4242 1593 4293 omnes,
1630 4230 1720 4298 qui
1744 4231 1813 4284 ob
1844 4247 2056 4288 corona:
2082 4237 2356 4303 ptanninm

791 4316 989 4383 suscipi
1018 4316 1212 4383 solent,
1256 4317 1409 4387 longe
1452 4323 1794 4389 superabant,
1823 4326 2081 4393 aequalem
2116 4330 2362 4395 prmmio-

2093 4392 2127 4479 ι-
2158 4418 2209 4471 itt
2260 4419 2363 4473 line
2463 4413 2635 4476 ζοντο,
2658 4406 2899 4474 τοσούτῳ
2920 4405 2966 4437 ¹²
2990 4398 3436 4470 θαυμαστοτέραν
3463 4395 3562 4465 τὴν
3582 4392 3896 4464 προθυμίαν
3920 4392 4030 4441 ἑπι-

794 4419 910 4458 rum
969 4408 1302 4463 excellentia:
1353 4421 1665 4477 prmstantes
1712 4414 2044 4470 alacritatem

1848 379 2108 439 PlIOTII
2137 381 2359 440 PATRI
2372 383 2636 443 ΑΒΕΗῶ
2668 384 2776 445 CP.

808 484 962 539 Unde
985 491 1109 538 tunc
1134 482 1313 539 omnia
1340 483 1491 551 quasi
1523 481 1649 538 fune
1670 492 1831 552 rupto
1852 497 2299 555 retrocesserunt,
2329 492 2377 549 Α

2486 489 2766 543 Ἐντεῦθεν
2787 492 2833 525 ⁸⁸
2850 491 2925 556 δὲ,
2948 492 3134 563 ὥσπερ
3155 494 3304 551 κάλω
3319 499 3364 531 ’⁸
3390 500 3673 567 ῥαγέντος,
3698 503 3987 574 ἐχώρησεν

2408 580 2614 633 ὀπίσω*
2671 584 2767 634 καὶ
2814 583 3085 638 διελέλυτο
3152 586 3443 655 Ἀμαζόσιν
3473 592 3507 658 ἦ
3546 608 3607 644 τε
3637 593 3782 663 ἀρχὴ
3828 596 3926 647 καὶ
3956 598 3987 648 ό

2408 672 2627 741 δρόμος,
2662 672 2755 723 καὶ
2776 676 2810 741 ἡ
2838 674 2992 737 πόλις
3020 676 3065 705 ⁸⁸
3093 676 3370 729 κάνταῦθα
3414 679 3681 749 ἐϐοήθησε
3727 685 3795 751 τῇ
3827 686 3983 752 κοινῇ

2410 765 2590 829 φύσει,
2652 766 2747 818 καὶ
2795 764 2889 817 νῦν
2935 768 3015 829 είς
3060 766 3289 820 ἄπιστον
3336 770 3699 839 περιέστηκεν
3750 775 3804 825 εί
3852 792 3986 826 ποτε

2410 854 2676 921 ἐγένοντο.
2710 855 2823 907 Νῦν
2842 857 2887 887 ⁹⁷
2916 855 2963 907 δ’
2993 856 3051 922 ἐξ
3093 857 3209 909 ἴσου
3256 858 3595 921 καθεστῶτος
3622 860 3719 912 τοῦ
3745 878 3805 914 τε
3831 864 3879 895 ⁸⁸
3907 864 3990 914 εὖ·

2414 946 2523 1009 ρεῖν
2552 943 2588 996 ἃ
2628 945 2733 1014 χρὴ
2764 947 3096 1015 παραλιπεῖν
3137 949 3229 1000 καὶ
3255 948 3347 1000 τοῦ
3380 950 3517 1017 πρὸς
3543 951 3588 982 ’⁸
3621 950 3781 1014 ἀξίαν
3810 956 3989 1006 εἰπεῖν

2412 1034 2479 1082 τὰ
2501 1034 2823 1103 νικήσαντα,
2851 1035 2945 1085 καὶ
2967 1034 3181 1096 οὐδενὸς
3216 1034 3314 1103 μὲν
3344 1036 3452 1087 οὐδ’
3478 1039 3543 1089 ἐν
3572 1037 3718 1107 ἁπλῇ
3739 1038 3991 1107 διηγήσει

2416 1126 2595 1178 πάντα
2626 1128 2641 1154 ‘
2680 1142 2766 1176 πω
2785 1124 3143 1190 διεξελθόντος
3166 1128 3208 1189 ¹,
3237 1126 3460 1179 πλεῖστα
3491 1128 3547 1180 δὲ
3574 1128 3715 1196 ὑπὲρ
3738 1130 3870 1196 μιᾶς
3895 1128 3992 1178 πό-

2414 1214 2547 1278 λεως
2580 1215 2781 1283 ταύτης
2824 1216 3078 1269 ἁπάντων
3124 1218 3444 1285 εἰρηκότων,
3498 1220 3701 1285 μᾶλλον
3743 1220 3799 1269 δὲ
3848 1220 3990 1287 ὑπὲρ

2420 1308 2588 1377 μόνης
2618 1306 2785 1359 πλείω
2815 1307 3003 1376 σχεδὸν
3031 1308 3064 1376 ἢ
3091 1308 3202 1361 τῶν
3231 1309 3405 1361 ἄλλων
3436 1311 3683 1373 ἁπασῶν,
3712 1310 3879 1380 [1216
3901 1309 3991 1379 R.]

2416 1401 2517 1452 οὐκ
2550 1400 2823 1468 ἐνδέχεται
2867 1399 3118 1463 διεξιέναι
3148 1400 3273 1452 καθ’
3312 1400 3544 1452 ἕκαστον
3583 1400 3851 1471 ἀκριϐῶς,
3879 1400 3992 1451 ἀλλ’

2416 1492 2629 1560 ἀνάγκη
2687 1491 2753 1543 τὰ
2790 1490 3017 1543 πλεῖστα
3066 1490 3424 1560 παραλιπεῖν,
3460 1490 3549 1541 ἵνα
3589 1490 3653 1559 δὴ
3683 1492 3795 1552 τοίς
3836 1490 3993 1558 μεγί-

2420 1597 2566 1643 στοις
2616 1579 2964 1650 χρησώμεθα.
3020 1580 3174 1630 Ἐπεὶ
3217 1579 3299 1641 τίς
3351 1580 3450 1630 οὐκ
3500 1580 3568 1631 ἂν
3609 1580 3847 1645 ἄσμενος
3902 1578 3998 1628 καὶ

2418 1672 2591 1725 ταῦτα
2636 1673 2717 1731 είς
2770 1669 2933 1739 μέσον
2960 1670 3223 1739 ήνεγκενς
3253 1669 3383 1720 Ὅτε
3417 1667 3525 1738 γὰρ
3555 1670 3575 1699 ¹
3616 1671 3729 1729 τοῖς
3771 1667 3999 1734 Ἕλλησι

2423 1764 2515 1816 καὶ
2539 1762 2833 1833 βαρϐάροις
2889 1763 2957 1813 τὰ
3009 1762 3309 1830 πράγματα
3356 1760 3621 1829 ἐκρίνετο,
3657 1762 3751 1811 καὶ
3802 1759 3999 1827 μικρὸν

2424 1857 2559 1925 πρὸς
2589 1856 2722 1907 πολὺ
2772 1854 2937 1921 μέρος
2983 1853 3081 1921 τῆς
3112 1854 3213 1918 γῆς
3245 1850 3560 1920 ἠγωνίζετο,
3584 1854 3611 1903 ὁ
3648 1852 3706 1903 δὲ
3735 1850 3890 1917 ἁγὼν
3934 1846 3999 1919 ἦν

2425 1946 2564 2015 ὑπὲρ
2613 1944 2884 2013 σωτηρίας
2914 1944 3034 2010 ἅμα
3082 1941 3175 1993 καὶ
3223 1940 3443 2009 ἀρετῆς,
3499 1940 3617 1991 τότε
3652 1941 3911 2006 ἐνίκησεν
3962 1942 3995 2006 ὴ

2426 2037 2581 2097 πόλις
2610 2036 2776 2103 ἄμφω
2796 2032 2873 2085 τὼ
2896 2034 3026 2100 γένη
3058 2030 3276 2084 κάλλιον
3297 2031 3484 2099 εὐχῆς,
3510 2030 3585 2093 ὡς
3612 2031 3672 2081 τὸ
3709 2032 3808 2097 μὲν
3834 2046 4001 2095 προσ-

2428 2129 2603 2197 θήκην
2655 2126 2823 2193 αὐτῆς
2864 2123 3065 2193 μικρὰν
3096 2122 3116 2152 ⁵
3149 2123 3549 2189 ἀποφανθῆναι,
3576 2120 3639 2173 τὸ
3679 2120 3735 2171 δὲ
3759 2120 3952 2171 πλεῖον
3980 2122 4001 2149 ⁸

2429 2224 2609 2289 χεῖρον
2644 2219 2677 2286 ἢ
2728 2219 2838 2287 ὅσῳ
2880 2216 3060 2269 πλεῖον
3088 2216 3109 2247 ⁶
3138 2216 3335 2268 ὲδόκει.
3372 2214 3460 2266 Ἐν
3486 2215 3507 2245 τ
3542 2212 3773 2273 ἐκείνοις
3822 2211 4003 2279 μέντοι

2428 2315 2541 2376 τοῖς
2594 2313 2805 2380 καιροῖς
2836 2309 2975 2381 ἔργα
3010 2310 3184 2377 λόγων
3227 2306 3459 2377 ἡττήθη,
3502 2306 3646 2372 λέγω
3690 2304 3745 2357 δὲ
3789 2303 3863 2355 τὰ
3896 2302 4003 2355 τῶν

2431 2403 2607 2457 ἄλλων
2665 2402 2802 2473 ἔργα
2858 2400 3033 2467 λόγων
3081 2398 3189 2451 τῶν
3250 2398 3380 2466 παρ’
3427 2398 3589 2464 ἡμῖν’
3623 2396 3717 2447 καὶ
3743 2393 4002 2462 ψηφισμα

2431 2496 2689 2561 τροπαίου
2722 2492 2969 2561 κρεῖττον
3013 2489 3092 2550 είς
3137 2488 3359 2557 μνήμην
3390 2487 3673 2555 ἐνίκησεν,
3713 2485 3831 2553 ἅμα
3864 2485 4004 2549 λόγῳ

2434 2582 2530 2634 καὶ
2577 2580 2722 2649 ἔργῳ
2754 2578 3003 2646 νικῆσαν.
3054 2574 3229 2637 Εὐθὺς
3283 2575 3391 2642 γὰρ
3422 2572 3550 2642 [656
3586 2569 3681 2641 ιι]
3724 2572 3783 2621 ἐν
3827 2570 4003 2636 χεροῖν

2435 2675 2623 2743 κύριον
2654 2667 2742 2740 ἦν,
2769 2672 2828 2723 ού
2874 2672 2946 2739 τῇ
2988 2668 3297 2737 χειροτονίᾳ
3349 2665 3506 2734 μόνον
3536 2665 3611 2726 ὡς
3643 2663 3832 2729 νόμος,
3874 2659 4002 2712 ἀλλὰ

2437 2768 2530 2818 καὶ
2561 2764 2640 2831 τῷ
2669 2762 2978 2829 διαφθεῖραι
3012 2760 3139 2822 τοὺς
3174 2757 3457 2825 ἀγγέλους.
3503 2754 3593 2823 Τῷ
3626 2753 3683 2805 δὲ
3733 2749 4004 2821 ἑρμηνεύ·

2440 2874 2595 2909 σαντι
2625 2856 2695 2907 τὰ
2748 2854 3055 2920 γράμματα
3102 2846 3523 2917 διαχειροτονίαν
3572 2844 3668 2911 μὲν
3715 2842 4004 2901 ἀπέδοσαν,

2439 2950 2526 3001 ἵνα
2558 2946 2854 3013 ἐπειδήπερ
2890 2942 3089 3011 Ἕλλην
3140 2936 3229 3009 ἦν,
3259 2939 3373 3008 ἔχοι
3417 2937 3581 2989 πλέον
3604 2934 3701 3003 τὴν
3737 2935 3840 2999 τῆς
3887 2934 4006 3000 κρί-

2444 3054 2580 3099 σεως
2611 3036 2816 3095 εἰκόνα,
2851 3032 3181 3084 ἀπέκτειναν
3207 3028 3264 3080 δὲ
3305 3028 3400 3079 καὶ
3425 3024 3612 3077 τοῦτον
3640 3022 3715 3082 ὼς
3743 3021 3857 3073 οὐδ’
3886 3022 4011 3087 ἄχρι

2443 3128 2624 3195 φωνῆς
2668 3124 2979 3190 διακονῆσαι
3010 3119 3287 3189 προσῆκον
3334 3117 3444 3176 τοῖς
3480 3112 3801 3183 βαρϐάροις,
3833 3110 3929 3161 καὶ
3958 3109 4012 3158 τὸ

2447 3218 2665 3287 ἰσχυρὸν
2696 3214 2983 3284 περιῆλθεν
3012 3210 3180 3279 αὐτῷ.
3208 3210 3311 3262 Τὸν
3337 3207 3445 3275 γὰρ
3476 3206 3571 3273 τῆς
3614 3203 3824 3263 πόλεως
3862 3202 4012 3251 ἄποι-

2444 3328 2538 3363 κον
2571 3310 2670 3361 ούκ
2705 3306 2886 3375 ἠξίουν
2920 3303 3060 3357 κατὰ
3100 3302 3198 3370 τῆς
3232 3299 3439 3358 πόλεως
3474 3295 3567 3347 καὶ
3595 3292 3705 3345 τῶν
3747 3290 4014 3343 Ἐλλῦνων

2446 3400 2689 3470 ἑρμηνέα
2722 3398 2797 3465 τῷ
2839 3395 2999 3464 φύσει
3040 3390 3285 3459 πολεμίῳ
3326 3386 3593 3455 γίνεσθαι.
3625 3383 3737 3435 Καὶ
3779 3378 4015 3470 οὓτωδὴ

2451 3469 2732 3562 ῥίπτουσιν
2763 3491 2841 3550 είς
2869 3488 2930 3539 τὸ
2973 3482 3266 3553 βάραθρον,
3301 3479 3439 3531 ὥστε
3472 3476 3663 3535 ἄλλους
3692 3469 4014 3537 ἀναγγεῖλαι

2452 3582 2525 3650 τῷ
2553 3580 2760 3649 βασιλεῖ
2784 3576 2881 3638 τὰς
2907 3574 3248 3641 ἀποκρίσεις.

2515 3690 2616 3812 ([‘0
2647 3686 2913 3764 ἑρμηνεύς
2957 3687 2984 3736 ὁ
3031 3680 3337 3752 ἀναιρεθεὶς
3368 3680 3569 3749 Σὰμιος
3606 3674 3675 3750 ῆν
3706 3679 3764 3731 τὸ
3792 3679 3817 3709 ⁸
3846 3678 4017 3745 γένος,

2551 3776 2689 3812 νοιια
2712 3758 2767 3809 δὲ
2798 3752 2963 3812 Μυς.]

2452 3752 2690 3828 τοῦνομα
2712 3752 2963 3823 δὲΜύςδ]

2542 3867 2602 3917 Ἦ
2649 3864 2746 3917 δὲ’
2783 3861 2935 3923 πόλις
2969 3858 3195 3928 πομπὴν
3232 3857 3440 3929 ἀγούσῃ
3472 3859 3779 3927 προσεῴκει
3822 3857 4022 3927 μᾶλλον

2455 3957 2488 4025 ἢ
2543 3955 2677 4022 πρὸς
2728 3951 2915 4019 ἀγῶνα
2962 3949 3349 4017 κοσμουμένη·
3392 3946 3515 4014 ίερά
3573 3962 3633 3996 τε
3683 3945 3794 4012 γὰρ
3850 3944 4024 3996 πάντα

2455 4046 2683 4115 ἀνέῳγε,
2702 4042 2795 4095 καὶ
2834 4041 2901 4094 τὰ
2922 4037 3031 4092 τῶν
3058 4037 3246 4108 ἱερέων
3282 4036 3409 4105 γένη
3440 4034 3772 4102 συνῆγε,καὶ
3810 4032 4022 4099 διεπρε-

2458 4138 2679 4191 σϐεύετο
2723 4132 2857 4204 πρὸς
2895 4132 3019 4192 τοὺς
3064 4128 3220 4189 θεοὺς
3250 4126 3342 4178 τὸν
3373 4126 3595 4195 ἀρχαῖον
3650 4123 3877 4192 τρόπον.
3925 4121 4026 4174 Καὶ

2459 4230 2675 4299 πρῶτον
2701 4226 2743 4257 ³ο
2770 4224 2868 4292 μὲν
2898 4222 3024 4282 τοὺς
3052 4222 3109 4272 ἒν
3130 4221 3243 4280 τοῖς
3280 4216 3624 4283 στεφανίταις
3663 4214 3901 4281 δρόμους
3931 4215 4028 4262 ἁπ-

2460 4319 2702 4389 ἐκρυψαν
2721 4356 2735 4381 ,
2781 4316 2888 4384 ὅσῳ
2917 4312 3047 4383 περὶ
3075 4308 3367 4363 καλλιόνων
3398 4306 3509 4359 τῶν
3536 4308 3576 4337 ⁸¹
3617 4304 3795 4356 ἄθλων
3831 4302 4025 4369 ἠγωνί-

791 4511 921 4550 vero
978 4511 1097 4552 sese
1142 4498 1241 4567 ipsi
1296 4501 1599 4556 vincebant.
1650 4502 1818 4557 Tanta
1877 4522 2001 4561 vero
2045 4507 2147 4561 fuit
2204 4512 2359 4577 hujus

2418 4510 2436 4560 )
2465 4502 2792 4570 δειξάμενοι.
2830 4494 3080 4562 Τοσαύτη
3104 4491 3147 4544 δ’
3186 4485 3253 4561 ἦν
3281 4486 3628 4557 ὑπερηφανία
3650 4486 3693 4516 ¹³
3722 4484 3825 4577 τῆς
3857 4498 4030 4577 παρα-

792 4601 1083 4656 apparatus
1113 4599 1165 4642 et
1192 4590 1318 4644 facti
1347 4592 1616 4659 superbia,
1650 4606 1705 4648 ut
1748 4598 2122 4653 existimarent
2149 4602 2361 4655 barbari

796 4693 873 4741 se,
910 4680 953 4732 si
1009 4682 1166 4735 modo
1200 4682 1297 4734 visi
1331 4692 1534 4748 essent,
1582 4694 1784 4738 tantum
1822 4687 2132 4754 effecturos,
2162 4701 2219 4744 ut
2244 4707 2357 4744 om-

796 4786 892 4824 nes
920 4772 1063 4825 velut
1109 4773 1160 4825 in
1197 4772 1333 4826 ludis
1364 4789 1484 4828 mox
1526 4776 1802 4843 cederent,
1834 4778 2081 4849 ultroque
2116 4797 2174 4835 se
2203 4783 2365 4837 dede-

797 4871 937 4915 rent.
971 4863 1145 4931 Atque
1172 4863 1283 4916 bzec
1308 4864 1477 4932 prima
1514 4867 1652 4919 inter
1682 4868 1926 4923 homines
1958 4871 2166 4936 publica
2196 4872 2366 4925 virtu-

2467 4594 2667 4661 σκευῆς
2696 4588 2790 4643 καὶ
2834 4586 2943 4639 τῶν
2987 4581 3345 4651 ποιουμένων,
3373 4577 3515 4632 ὥστε
3570 4576 3821 4643 ἐξαρκεῖν
3866 4573 4032 4623 ἐδόκει

2465 4688 2577 4746 τοῖς
2604 4680 2895 4752 βαρϐάροις
2925 4676 3152 4744 ὀφθῆναι
3189 4672 3348 4742 μόνον
3371 4686 3383 4698 ·
3416 4668 3585 4737 ᾤοντο
3622 4664 3729 4729 γὰρ
3760 4663 3950 4752 ὥσπερ
3981 4662 4033 4710 ὲν

2466 4751 2647 4836 ἄθλοις
2678 4751 2943 4831 ἅπαντας
3002 4764 3165 4827 εὐθὺς
3223 4756 3638 4827 ἀπογνώσεσθαι
3694 4754 3790 4805 καὶ⁵
3847 4751 4034 4805 δώσειν

2472 4865 2697 4925 ἑαυτοὺς
2741 4858 2967 4912 ἀκονιτί.
3016 4856 3162 4922 Αὕτη
3206 4851 3397 4921 πρώτη
3434 4843 3731 4917 δημοτελὴς
3763 4842 3943 4911 κρίσις
3984 4841 4036 4889 ὲν

799 4955 865 5007 tis
905 4969 1025 5008 cum
1060 4955 1279 5018 divitiis,
1322 4967 1377 5011 et
1415 4958 1709 5025 prudentiae
1751 4959 1950 5015 Grzecze
1976 4977 2097 5016 cum
2141 4964 2295 5017 turba
2313 4977 2366 5019 et

2472 4957 2550 5027 τῷ
2606 4955 2755 5025 μέσῳ
2812 4950 2931 5004 κατ’
2985 4945 3303 5015 ἀνθρώπους
3378 4940 3595 5007 ἐγένετο
3643 4934 3859 5027 ἀρετῆς,
3908 4931 4036 5027 πῗρς

796 5053 1054 5115 apparatu
1123 5046 1406 5103 barbarico
1438 5049 1643 5103 exstitit
1684 5055 2068 5118 controversia,
2107 5070 2226 5123 quae
2261 5072 2364 5110 non

2475 5023 2703 5104 πλοῦ-τον
2763 5045 2858 5098 καὶ
2899 5040 3239 5111 φρονήματος
3300 5029 3615 5101 Ἐλληνικοῦ
3644 5027 3780 5096 πρὸς
3839 5023 4037 5094 βαρϐα-

800 5138 1068 5192 sermonis
1097 5138 1425 5205 eloquentia,
1458 5140 1549 5193 sed
1584 5139 1849 5196 factorum
1912 5144 2369 5200 demonstratione

2477 5160 2584 5211 ρων
2609 5139 2653 5171 ⁸⁵
2692 5135 2891 5205 πλῆθος
2948 5133 3041 5185 καὶ
3086 5123 3459 5197 παρασκευὴν,
3500 5123 3559 5175 ού
3592 5122 3765 5211 λόγων
3801 5118 4037 5211 εὐφημία

805 5226 1164 5296 temporisque
1198 5229 1599 5297 opportunitate
1632 5229 1729 5282 fuit
1761 5231 2039 5302 dirempta.
2093 5233 2199 5288 Nec
2222 5236 2362 5289 cuitu

2477 5204 2749 5305 κριθεῖσα,
2772 5204 2888 5282 ἀλλ’
2917 5225 3092 5295 ἔργων
3114 5219 3383 5284 ἀποδείξει
3412 5216 3508 5269 καὶ
3553 5212 3631 5283 τῷ
3672 5210 3925 5264 καλοῦντι
3951 5204 4036 5257 τοῦ

2075 5368 2302 5421 νΑιίΙᾸΞ
2338 5363 2743 5422 LECTIONES.

874 5480 917 5509 ⁸³
949 5476 1219 5546 ἐντεῦθεν]
1246 5496 1297 5546 p.
1343 5480 1466 5533 9.04.
1571 5481 1615 5511 ⁸⁵
1650 5482 1813 5535 κά).ου
1856 5486 1960 5537 ΑΒ.

811 5568 842 5623 p
1126 5547 1169 5578 “
1201 5566 1257 5623 τε
1301 5564 1408 5623 om.
1448 5554 1513 5601 A.
1579 5552 1662 5623 _"
1696 5553 1853 5623 πρὸς]
1884 5554 1958 5616 ὡς
2002 5555 2064 5607 Α.

811 5619 831 5649 ⁸
864 5617 1031 5684 αὐτῆς
1064 5619 1262 5688 μικράν
1296 5620 1339 5671 Α
1378 5636 1389 5669 :
1433 5618 1632 5688 μικρὰν
1667 5617 1845 5685 αὐτοῖς

2076 5486 2119 5516 ’⁸
2152 5485 2244 5535 καὶ
2280 5484 2310 5551 ἡ
2340 5482 2489 5543 πόλις
2523 5495 2632 5535 om.
2665 5477 2751 5551 ΑΒ
2778 5494 2790 5530 :
2820 5479 2911 5529 sed
2940 5473 3140 5551 B_post
3161 5462 3550 5551 gﬁgit'adtlit‘ﬂ
3586 5460 3758 5551 πόλιςἶ

2170 5555 2183 5583 ¹
2230 5544 2428 5614 πάντα]
2453 5551 2665 5603 πάντων
2695 5550 2738 5600 Α
2770 5557 2820 5599 et
2852 5562 2932 5612 pr.
2962 5544 3022 5614 Β.

1883 5613 1952 5686 ς(
2033 5625 2052 5655 ⁵
2090 5624 2268 5673 πλεῖον
2300 5626 2335 5673 Α
2368 5639 2379 5674 :
2409 5621 2568 5673 πλέον
2600 5637 2659 5683 ς.
2694 5617 2872 5686 malim
2905 5613 3127 5686 πλείονι.

3859 5459 3904 5490 ⁸⁷
3929 5454 4037 5517 νῦν]

3121 5526 3459 5595 ’διελθόντος
3489 5526 3555 5586 ΛΖ
3660 5531 3680 5561 ³
3704 5530 3816 5599 γὰρ
3847 5544 3952 5599 om.
3984 5526 4018 5577 Β

3202 5585 3459 5672 Γπλεϊονῗι
3496 5585 3840 5672 πλειόνων
3916 5598 3936 5627 ’
3966 5585 4039 5672 ιγ]

813 5666 1029 5761 Vili”:
1058 5666 1457 5761 ίτδῗὼῖ
1480 5666 1761 5761 νδξῐήννδέῙ-θξ
1774 5666 1910 5747 Ξῖὅῗ
1928 5666 1940 5674 1
1966 5694 2005 5724 ¹⁰
2905 5698 3013 5738 om.
3032 5684 3095 5735 Α.
3175 5678 3217 5710 ¹¹
3247 5666 3498 5730 τοσοῦτον
3519 5670 3957 5741 θαυμαστότερον
3980 5666 4035 5717 Α·

817 5758 861 5788 ⁸⁸
895 5752 960 5825 ἦν
993 5758 1026 5826 ἡ
1050 5756 1140 5808 ὑπ.
1180 5774 1236 5819 τ.
1316 5757 1355 5789 ³⁸
1394 5752 1751 5826 βάρϐαρονξ.
