4216 6430
761 360 897 429 Ῑίϐτ

1934 376 2191 436 ΙἾΙΟΤΙΙ
2236 377 2736 439 PATIUARClI/E
2769 381 2875 441 ΟΡ.

3872 385 4005 451 1468

755 483 984 545 clIussis,
1014 491 1215 537 tantum
1246 484 1507 541 habentes
1537 486 1926 553 membrorum,
1967 501 2224 558 quantum
2258 489 2322 541 ad
2353 525 2362 548 λ

2426 489 2748 557 ὀρύττοντας
2763 494 2829 554 ³⁸,
2844 493 3080 546 τοσαῦτα
3101 496 3325 563 ἔχοντας
3354 498 3448 551 τοῦ
3480 496 3750 566 σώματος,
3768 499 3871 551 ὅσα
3894 502 4001 559 τοῖς

758 589 891 642 Opus
921 573 1205 629 suﬂiceret.
1230 575 1340 630 Nec
1373 591 1502 631 vero
1529 591 1650 632 cum
1677 579 1777 633 ista
1811 590 1917 633 tam
1942 579 2180 641 insolita,
2212 594 2330 633 om-

759 668 921 734 nique
946 677 1086 721 metu
1132 669 1333 735 majora
1371 670 1605 723 minatus
1630 680 1794 735 esset,
1844 670 2109 730 substitit,
2141 685 2327 722 verum

762 754 915 807 fartis
944 756 1100 808 verba
1135 756 1291 826 longe
1330 758 1625 824 superavit,
1658 770 2015 827 prmterquam
2040 761 2183 827 quod
2210 760 2329 811 urbi

757 846 888 901 nihil
919 850 1090 916 potuit
1116 864 1330 905 nocere.
1360 852 1526 905 Athos
1549 850 1743 921 503a
1786 852 1851 904 ad
1888 853 1963 905 rei
2011 853 2327 904 memoriam

761 937 978 992 relictus
1020 948 1120 994 est.
1156 939 1353 993 Camcli
1392 956 1520 993 vero
1555 951 1659 994 tam
1710 942 1857 996 aurei
1896 957 2054 1010 quam
2088 942 2326 1007 argentei

760 1029 1120 1094 collucebaut,
1154 1030 1525 1096 longissimum
1569 1043 1899 1101 occupantes
1934 1034 2189 1100 spatium.
2231 1030 2325 1083 Sin

762 1121 1007 1173 umbram
1045 1122 1403 1183 desiderabat,
1433 1131 1630 1188 przesto
1658 1134 1775 1178 erat
1807 1124 1969 1176 arbor
2001 1138 2181 1178 aurea.
2208 1138 2325 1189 quae

761 1213 1005 1264 umbram
1039 1212 1260 1268 faceret.
1280 1212 1465 1281 Itaque
1492 1225 1547 1267 et
1577 1225 1730 1268 nocte
1753 1230 1884 1268 auro
1910 1224 2069 1283 atque
2102 1225 2326 1283 argento

759 1304 921 1366 diem,
964 1303 1214 1367 interdiu,
1251 1319 1372 1357 cum
1404 1320 1531 1357 suos
1571 1305 1796 1374 jaculari
1827 1305 2060 1373 juberet,
2116 1318 2323 1360 noctem

760 1391 1061 1444 inducebat.
1117 1393 1221 1446 Sed
1259 1403 1313 1445 et
1358 1393 1577 1448 Graecos
1622 1396 1687 1448 ad
1726 1410 2011 1451 commune
2049 1404 2324 1448 certamen

713 1528 716 1531 .
758 1486 1107 1550 convocabat,
1157 1485 1297 1551 quod
1362 1486 1724 1550 erubesceret,
1785 1496 1841 1540 ut
1895 1488 2156 1548 arbitror,
2208 1489 2323 1542 sola

758 1587 817 1625 se
848 1571 1095 1626 barbaris
1134 1574 1317 1628 Graeca
1351 1590 1645 1643 opponere,
1689 1588 1750 1630 ut
1790 1580 1927 1644 apud
1956 1577 2323 1630 Marathonem

758 1666 979 1717 fecerat.
1024 1664 1133 1719 Nec
1180 1667 1320 1720 enim
1373 1669 1423 1719 in
1469 1668 1589 1722 aliis
1629 1668 1742 1735 ipsa
1785 1685 1932 1737 spem
1985 1669 2173 1722 salutis
2212 1684 2324 1722 sua:

759 1757 1012 1822 ponebat,
1048 1773 1230 1809 verum
1267 1758 1377 1819 alii,
1421 1760 1511 1823 qui
1547 1760 1717 1813 salute
1756 1761 1914 1813 simul
1966 1770 2020 1812 et
2076 1760 2323 1812 libertate

759 1848 1081 1915 indigerent,
1115 1848 1166 1900 in
1196 1848 1307 1915 ipsa
1356 1865 1504 1916 spem
1563 1864 1711 1903 suam
1775 1850 2114 1903 collocarent.
2195 1852 2325 1913 Qua:

755 1949 932 1991 autem
968 1954 1203 2005 unquam
1243 1940 1320 1992 vel
1376 1940 1629 1992 alacritas
1686 1943 2012 2007 praeclarior,
2062 1941 2142 1992 vel
2204 1942 2325 1993 ani-

756 2032 828 2082 mi
895 2029 1154 2084 fortitudo
1212 2032 1515 2085 evidentior
1576 2032 1628 2085 in
1667 2033 1787 2087 ullis
1823 2032 2127 2086 hominibus
2158 2034 2325 2086 exsti-

760 2122 870 2174 tit?
904 2121 1036 2174 Cum
1083 2124 1132 2174 hi
1166 2132 1304 2175 terra
1336 2124 1617 2185 cesserint,
1656 2139 1722 2175 ne
1755 2128 1834 2175 vel
1882 2134 2022 2176 terra
2067 2126 2149 2176 vel
2191 2124 2324 2176 mari

757 2214 1043 2276 servirent,
1097 2214 1236 2279 quod
1280 2228 1457 2266 rerum
1506 2228 1725 2267 suarum
1774 2224 1826 2266 et
1863 2214 2322 2269 conservationem

761 2305 814 2355 in
846 2305 1120 2357 servitutis
1148 2307 1510 2371 occasionem,
1536 2314 1587 2358 et
1609 2308 1950 2361 amissionem
1984 2308 2034 2361 in
2068 2324 2324 2363 novarum

756 2413 917 2464 npttttt
973 2400 1309 2462 subsidium,
1356 2402 1662 2455 vertendam
1714 2404 2109 2464 existimarent,
2156 2404 2227 2456 ita
2267 2413 2327 2456 ut

759 2489 983 2540 aliorum
1004 2490 1269 2554 fortunas,
1290 2506 1506 2545 Suarum
1526 2492 1732 2557 jactura
1754 2504 2053 2546 tuerentur.
2075 2494 2323 2553 Proinde,

759 2590 935 2632 tttrum
995 2580 1212 2644 malitis,
1271 2583 1476 2650 eligite.
1528 2582 1651 2637 llaec
1702 2598 1831 2652 ergo
1873 2601 1989 2637 cum
2043 2585 2324 2646 dixissent,

759 2687 883 2721 num
919 2672 1038 2724 aliis
1074 2674 1267 2735 verbis,
1296 2690 1456 2742 quam
1480 2689 1597 2742 quae
1622 2689 1745 2727 cum
1778 2675 2033 2742 aequitate
2065 2687 2330 2741 congrue-

758 2768 901 2822 rent,
952 2776 1051 2815 nec
1091 2772 1271 2815 essent
1313 2764 1362 2815 in
1406 2763 1494 2817 tali
1542 2765 1864 2818 necessitate
1912 2764 2325 2825 contemnenda,

758 2853 841 2903 usi
894 2852 1120 2906 fuissent
1159 2854 1182 2906 ?
1228 2853 1282 2907 Si
1330 2864 1505 2909 tamen
1538 2858 1698 2909 etiam
1747 2857 2048 2910 communia
2100 2854 2329 2908 fuissent.

758 2944 960 3006 omnia,
1018 2959 1228 2997 nemine
1272 2946 1497 2999 alterum
1551 2956 1861 3012 superante,
1905 2961 2200 3013 omnesque
2261 2960 2325 2999 ex

756 3049 913 3099 aequo
968 3035 1407 3100 contribuissent,
1466 3036 1690 3090 ducibus
1729 3038 1942 3106 insuper
1975 3036 2215 3106 paribus,
2272 3048 2324 3089 ut

761 3135 1013 3192 tanquam
1054 3128 1105 3179 in
1155 3128 1439 3182 collatione
1486 3129 1776 3191 communi.
1810 3144 1905 3197 pro
1935 3145 2112 3183 rerum
2154 3130 2326 3196 quali-
2360 3155 2401 3211 ρ

765 3226 871 3271 tale
921 3221 1081 3271 duces
1136 3218 1335 3272 fuerint
1377 3220 1781 3282 constituendi,
1841 3236 2018 3276 nonne
2070 3221 2140 3275 illi
2192 3223 2333 3275 inter

762 3324 950 3361 nnums
996 3318 1048 3361 ut
1086 3310 1259 3361 sidera
1309 3310 1613 3375 clucebant,
1640 3314 1990 3381 omniumque
2038 3328 2334 3379 conseque-

765 3401 959 3454 bantur
1005 3400 1299 3470 sull‘ragia?
1334 3402 1494 3468 idque
1554 3417 1658 3455 non
1712 3404 1872 3459 modo
1913 3405 2152 3458 scicntia:
2190 3405 2330 3473 jure,

766 3494 906 3557 quod
944 3492 1016 3546 illi
1056 3494 1230 3547 minus
1270 3494 1673 3557 existimabant,
1705 3511 2010 3563 quanquam
2061 3507 2239 3549 tamen
2281 3499 2331 3550 in

769 3583 965 3637 talibus
1010 3584 1236 3652 negetiis
1278 3599 1546 3637 summum
1600 3599 1717 3639 esse
1757 3586 1915 3639 solet.
1960 3587 2063 3639 Alii
2119 3588 2332 3654 quidem

770 3676 983 3727 nomine
1018 3677 1337 3742 gaudebant,
1383 3675 1469 3727 alii
1505 3675 1677 3729 ollicio
1704 3677 1899 3729 ducum
1950 3677 2332 3745 fungebantur,

771 3781 940 3833 eoque
967 3766 1223 3833 majorem
1257 3766 1603 3818 obtinuerunt
1650 3767 1992 3833 dignitatem,
2028 3771 2169 3836 quod
2209 3770 2337 3837 ipsis

773 3858 1181 3923 imperatoribus
1224 3857 1575 3925 imperabant.
1623 3856 1761 3910 Nihil
1793 3858 2013 3921 etenim,
2065 3862 2205 3926 quod
2245 3862 2331 3912 uni

772 3950 981 4001 cuidam
1020 3947 1426 3999 Atheniensium
1482 3947 1897 4012 improbaretur,
1955 3964 2130 3999 rarum
2168 3951 2333 4001 babe-

772 4041 950 4094 batur.
985 4039 1317 4105 QuaprOpter
1346 4047 1399 4088 ut
1438 4035 1965 4090 Lacedmmoniorum
1997 4039 2102 4089 dux
2144 4039 2332 4107 singu-

775 4131 943 4182 larum
988 4129 1200 4181 navium
1243 4126 1543 4194 imperabat
1585 4129 1830 4190 ducibus,
1868 4129 1937 4181 ita
1988 4129 2333 4182 Atheniensis

773 4222 963 4271 ducum
997 4220 1140 4272 duci.
1196 4219 1261 4271 Et
1311 4220 1585 4271 enimvero
1619 4219 2017 4272 demonstrandi
2072 4221 2329 4284 studium,

772 4323 1055 4374 sermoque
1084 4308 1216 4359 alius
1250 4306 1317 4358 ab
1342 4306 1444 4358 alio
1466 4316 1669 4359 tractus
1703 4307 1911 4370 longius
1944 4322 2037 4358 nos
2074 4310 2331 4372 abduxit;

771 4408 1096 4467 quapropter
1119 4397 1369 4463 quoniam
1399 4398 1465 4450 de
1493 4396 1687 4463 quibus
1716 4397 1958 4449 volebam
1978 4398 2191 4448 interim
2225 4398 2333 4451 dis-

771 4489 933 4552 serui,
963 4488 1153 4557 503b
1189 4490 1252 4541 ad
1285 4503 1394 4541 rem
1428 4489 1596 4554 ipsam
1634 4493 1811 4541 redeo.

838 4580 985 4645 Quos
1022 4594 1150 4647 ergo
1183 4579 1516 4644 pulchriores
1557 4579 1639 4631 his
1687 4580 1922 4641 virtutis,
1961 4579 2039 4632 vel
2075 4580 2332 4644 cultores,

769 4672 851 4724 vel
899 4673 1351 4724 demonstratores
1398 4670 1696 4737 reperias?
1743 4671 1831 4735 qui
1887 4685 1981 4723 nec
2026 4686 2176 4733 auro,
2234 4686 2333 4724 nec

771 4773 1012 4830 argento,
1068 4775 1166 4813 nec
1210 4759 1375 4822 ferro,
1409 4775 1508 4812 nec
1550 4775 1605 4812 re
1637 4761 1867 4828 denique
1908 4763 2011 4811 ulla
2054 4762 2196 4814 vinci
2236 4778 2331 4829 po-

773 4862 1007 4911 tuerunt,
1041 4852 1118 4905 sic
1147 4861 1205 4904 ttt
1237 4852 1348 4905 hate
1374 4851 1551 4904 omnia
1602 4866 1704 4903 non
1746 4850 1998 4916 ntajnreut
2032 4852 2139 4916 regi
2179 4868 2332 4904 usum

771 4943 1040 5005 allerrent,
1079 4958 1237 5009 quam
1266 4942 1309 4995 si
1336 4942 1498 4995 etiam
1522 4950 1629 4993 tum
1664 4943 1761 4993 sub
1798 4951 1936 4993 terra
1971 4942 2330 5005 clelituissent,

770 5053 890 5089 cum
934 5035 1006 5088 illi
1050 5044 1414 5103 paupertatem
1468 5032 1689 5096 divitiis,
1745 5033 2016 5085 securitati
2072 5033 2329 5099 perirula,

774 5128 1094 5183 humanitati
1156 5127 1295 5195 regis
1360 5136 1519 5178 tanta:
1599 5125 1859 5193 justitiam
1934 5135 2326 5191 praeponerent.

2430 581 2610 650 ἔργοις
2636 583 2880 651 ἀρκέσει.
2902 585 3012 638 Καὶ
3038 586 3137 639 οὐκ
3171 588 3384 657 ἠπείλει
3412 592 3508 658 μὲν
3535 590 3707 650 οὓτως
3736 590 3883 657 ἀήθη
3910 591 4002 640 καὶ

2430 671 2695 739 ὑπερόρια
2729 671 2823 722 καὶ
2855 672 3022 739 φόϐου
3050 674 3221 741 μείζω
3233 674 3297 739 ³³,
3320 675 3635 743 ἐτελεύτησε
3658 677 3703 727 δ’
3722 676 3961 727 suaso:
3982 694 3995 707 -

2426 758 2541 809 ἀλλ’
2572 760 2858 828 ἀπέκρυψε
2888 764 3001 824 τοῖς
3044 764 3226 832 ἔργοις
3250 765 3348 827 τὰς
3382 766 3630 829 ἀπειλὰς,
3658 767 3787 818 ἄνευ
3820 766 3919 817 τοῦ
3951 782 4005 817 τι

2426 848 2717 917 δυνηθῆναι
2751 852 2893 917 λέγω
2922 852 2984 919 δὴ
3013 855 3317 923 χρήσασθαι
3340 859 3405 925 τῇ
3436 857 3606 910 πόλει.
3640 858 3746 908 Καὶ
3774 857 3803 907 6
3826 856 4007 917 ’Λθως

2426 939 2547 991 ἀντὶ
2588 942 2789 1008 στήλης
2816 942 2892 1010 τῷ
2923 942 3068 1012 ἔργῳ
3100 944 3394 998 λέλειπται.
3422 946 3669 1013 Κὰμηλοι
3698 946 3753 997 δέ
3799 946 4005 1014 χρυσοῦ

2429 1030 2521 1081 καὶ
2546 1031 2786 1099 ἀργύρου
2821 1032 3190 1097 κατέλαμπον,
3209 1034 3332 1085 ὅσον
3362 1035 3622 1103 μήκιστον
3647 1034 3867 1097 ἀνύσαι,
3888 1051 4009 1086 τοσ-

2429 1119 2584 1171 οῦτον
2615 1121 2932 1189 ὑπέχουσαι.
2966 1123 3025 1172 Et
3070 1122 3113 1173 δ’
3145 1123 3503 1193 ἐπιθυμήσειε
3550 1125 3706 1185 σκιᾶς
3729 1164 3745 1187 ,
3792 1126 4010 1193 δένδρον

2429 1206 2497 1281 ἦν
2525 1211 2672 1279 αὑτῷ
2700 1212 2933 1279 χρυσοῦν
2965 1216 2995 1282 ἡ
3028 1214 3345 1267 σκιά.’Ὢστε
3394 1214 3607 1285 νύκτωρ
3658 1217 3758 1284 μὲν
3806 1216 4011 1284 ἤστρα-

2428 1319 2561 1353 πτεν
2610 1302 2837 1371 ἀργύρῳ
2880 1302 2975 1354 καὶ
3023 1304 3209 1373 χρυσῷ
3227 1306 3292 1369 ³⁸,
3327 1303 3684 1374 μεθ’ἡμέραν
3731 1306 3791 1357 δὲ
3836 1305 4012 1356 νύκτα

2426 1392 2648 1458 ἐπῆγεν,
2672 1393 2871 1461 ὁσαχοῦ
2895 1393 3145 1457 τοξεῦσαι
3166 1394 3497 1450 κελεύσειεν.
3518 1396 3861 1457 Ἀλλάδθτούς
3893 1412 3953 1447 τε
3970 1397 4010 1427 ⁸³

2428 1481 2696 1551 Ἕλληνας
2747 1482 3028 1535 συνεκάλει
3080 1483 3215 1553 πρὸς
3262 1484 3353 1536 τὸν
3392 1485 3637 1551 ἀγῶνα⁶¹
3674 1485 3763 1536 τὸν
3808 1485 4010 1544 κοινὸν,

2424 1574 2785 1642 αἰσχυνομένη
2822 1575 3000 1626 δοκεῖν
3049 1592 3138 1641 μοι
3190 1576 3322 1644 μόνη
3356 1576 3590 1645 φανῆναι
3628 1576 3708 1645 τῷ
3741 1576 4011 1645 βαρϐάρῳ

2425 1663 2677 1732 καθάπερ
2724 1665 2986 1735 πρότερον
3025 1666 3344 1735 Μαραθῶνι.
3380 1668 3454 1719 Οὐ
3495 1667 3603 1735 γὰρ
3652 1668 3793 1735 αὐτή
3842 1683 3909 1732 γε
3958 1667 4013 1717 ἐν

2428 1754 2605 1815 ἄλλοις
2640 1749 2751 1822 εἶχε
2786 1754 2883 1815 τὰς
2910 1754 3131 1816 ἐλπίδας
3163 1757 3260 1823 τῆς
3296 1756 3588 1825 σωτηρίας,
3623 1756 3760 1807 ἀλλὰ
3806 1756 4011 1817 πάντες

2431 1840 2573 1913 εἶχον
2602 1846 2659 1896 ἑν
2683 1846 2819 1913 αὐτῇ
2850 1846 2950 1907 τὰς
2986 1847 3125 1914 ὑπὲρ
3149 1846 3349 1899 αὐτῶν.
3383 1847 3635 1899 Καίτοι⁸³
3667 1847 3754 1908 τίς
3802 1845 4011 1912 προθυο

2434 1937 2531 2004 μία
2555 1936 2929 2004 λαμπροτέρα,
2960 1937 3042 1999 τίς
3066 1936 3296 2006 εὐψυχία
3325 1940 3682 2009 φανερωτέρα
3710 1938 3882 1991 τίνων
3916 1937 4012 1989 Ελ-

2431 2028 2607 2096 λήνων
2658 2026 2691 2095 ἢ
2748 2025 3002 2089 καθάπαξ
3057 2028 3230 2078 εἰπεῖν
3277 2026 3579 2095 ἀνθρώπων
3632 2025 4013 2088 ἑξετάζοντιδδ

2432 2121 2766 2187 φανήσεται;
2810 2119 2933 2171 Ui“
2965 2119 3063 2187 τῆς
3125 2119 3227 2186 γῆς
3255 2118 3548 2187 ἐξέστησαν
3579 2119 3718 2183 ὑπὲρ
3746 2117 3845 2170 τοῦ
3876 2119 4011 2185 μήτε

2432 2209 2490 2258 ἐν
2519 2210 2587 2276 γῇ
2625 2208 2760 2275 μήτε
2792 2208 2846 2258 ἐν
2877 2206 3119 2277 θαλάσσῃ
3150 2206 3465 2273 δουλεῦσαι,
3496 2207 3557 2258 τὺ
3593 2207 3690 2274 μὲν
3724 2209 3918 2277 τηρεῖν
3947 2207 4013 2257 τά

2432 2298 2744 2365 ὑπάρχοντα
2773 2296 3013 2358 δουλείας
3044 2299 3217 2366 ἀρχὴν
3251 2298 3571 2365 νομίσαντες
3611 2295 3750 2349 εἶναι
3772 2341 3783 2356 ,
3814 2296 3917 2364 τὴν
3957 2297 4013 2348 δὲ

2431 2388 2540 2441 τῶν
2568 2390 2733 2439 όντων
2764 2387 3014 2457 στέρησιν
3046 2384 3297 2455 ἀςορμὴν
3328 2386 3438 2437 τῶν
3462 2386 3767 2453 μελλόντων
3788 2385 4014 2453 ἀγαθῶν

2432 2481 2808 2548 ποιησάμενοι,
2832 2479 2926 2531 καὶ
2949 2479 3072 2537 τοὺς
3106 2477 3328 2545 ἔχοντας
3353 2479 3419 2531 τά
3450 2478 3654 2530 ἑαυτῶν
3681 2478 3888 2539 ἔσωζον
3910 2479 3983 2541 ἀφ
4001 2478 4013 2495 ‘

2432 2567 2507 2623 ὧν
2541 2571 2691 2622 αὐτοὶ
2722 2570 2975 2638 πρόοιντο
2992 2570 3035 2599 ⁸⁸
3064 2571 3162 2639 τὴν
3194 2568 3420 2621 ἑαυτῶν.
3458 2568 3632 2639 [Πρὸς
3649 2569 3691 2597 ⁸⁷
3722 2567 3904 2619 ταῦτα
3928 2570 4011 2619 αἱ·

2438 2661 2617 2730 ρεῖσοε
2676 2662 2912 2728 ὁπότερα
2934 2658 3011 2731 “.J
3057 2656 3207 2729 ἄρ’ἡ
3264 2662 3341 2729 τῷ
3394 2660 3588 2728 δικαίῳ
3638 2659 3835 2725 λόγους
3893 2660 4013 2727 οὐχὶ

2435 2752 2596 2822 [12Ξο
2636 2751 2726 2822 IL]
2760 2752 3172 2819 συμϐαίνοντας,
3204 2752 3235 2821 ἢ
3271 2754 3390 2812 ταῖς
3431 2752 3671 2823 [65811.]
3705 2752 4012 2819 παρούσαις

2435 2846 2697 2912 ἀνάγκαις
2734 2845 2877 2905 οἴους
2925 2846 3159 2912 ἐγχωρεῖ
3192 2845 3459 2912 παριδεῖν,
3491 2842 3639 2896 εἷπον
3670 2846 3756 2906 ἂν,
3793 2846 3843 2896 ει
3887 2844 4010 2895 τού-

2433 2953 2545 2995 τοις
2576 2936 2846 3004 ἐχρῶντο;
2877 2933 3015 2985 Ἀλλ’
3042 2936 3089 2985 εί
3120 2938 3270 2985 κοινὰ
3301 2935 3400 3002 μὲν
3426 2936 3603 2987 πάντα
3628 2930 3715 3003 ἧν,
3743 2935 3936 3003 μηδεὶς
3957 2934 4011 2985 δὲ

2436 3030 2686 3098 ὑπερεῖχε
2721 3028 2963 3097 μηδενὸς,
2997 3029 3193 3089 πάντες
3244 3027 3290 3079 δ’
3320 3028 3375 3093 ἐξ
3422 3028 3535 3080 (sou
3590 3028 3931 3089 συνετέλουν,
3966 3029 4010 3077 οἱ

2434 3120 2485 3172 δὲ
2506 3121 2547 3152 ’⁸9
2584 3120 2843 3187 ναύαρχοι
2875 3117 3269 3187 παραπλησίως
3302 3114 3447 3185 εἶχον
3474 3116 3572 3178 τὰς
3604 3118 3796 3183 φύσεις
3845 3117 4008 3185 ἀλλή-

2434 3213 2543 3273 λοις
2566 3214 2631 3272 ",
2666 3213 2852 3279 ἔρανος
2884 3211 2927 3261 δ’
2950 3206 3036 3278 ἦν,
3068 3209 3173 3261 ἔδει
3203 3210 3245 3259 δ’
3268 3211 3332 3260 ἐκ
3360 3209 3467 3261 τῶν
3495 3208 3851 3276 ὑπαρχόντων
3885 3224 4007 3258 σκε-

2432 3304 2702 3373 ψαμένους
2724 3304 2764 3335 ⁵¹
2797 3304 2920 3363 τοὺς
2946 3302 3316 3370 ἡγησομένους
3356 3300 3727 3368 καταστῆσαι,
3767 3301 3888 3361 πῶς
3918 3301 4011 3351 οὐκ

2434 3398 2628 3447 ἐκεῖνοι
2680 3393 2765 3444 διὰ
2816 3394 3032 3445 πάντων
3066 3392 3370 3459 ἐξέλαμπον
3415 3393 3601 3460 ὥσπερ
3629 3392 3903 3457 ἀστέρες;
3938 3391 4008 3443 Οὐ

2438 3486 2542 3555 μὴν
2572 3485 2761 3553 ὥσπερ
2781 3485 2824 3517 δ’
2858 3486 2967 3545 τοῖς
2995 3483 3337 3550 ψηφίσμασιν
3370 3484 3465 3534 καὶ
3493 3482 3569 3550 τῷ
3605 3484 3745 3551 κέρα
3778 3483 3877 3551 τῆς
3910 3500 4011 3533 πα-

2438 3576 2731 3646 ρατάξεως,
2766 3575 2905 3627 οὕτω
2956 3576 3059 3626 κάν
3109 3576 3228 3635 ταῖς
3281 3574 3510 3641 πράξεσι
3565 3572 3663 3641 τὴν
3714 3573 4013 3641 ἡγεμονίαν

2435 3667 2637 3733 ἑτέροις
2670 3667 2934 3734 παρεῖσαν
2952 3663 2998 3694 ⁵⁸
3028 3662 3191 3713 πόθεν
3214 3680 3228 3725 ;
3255 3661 3396 3714 Ἀλλ’
3428 3664 3476 3713 ot
3528 3662 3628 3730 μὲν
3677 3662 3857 3730 ὄνομα
3886 3665 4011 3729 ἡγε-

2438 3757 2613 3824 μόνων
2633 3798 2647 3817 ,
2677 3759 2722 3807 οἱ
2753 3755 2809 3806 δὲ
2840 3755 2976 3823 ἔργα
3004 3754 3346 3822 παρείχοντο.
3381 3754 3490 3805 Καὶ
3527 3753 3765 3822 τοσούτῳ
3798 3753 4013 3805 κάλλιον

2435 3846 2617 3907 αὐτοῖς
2650 3844 2709 3895 τὸ
2742 3844 2924 3912 σχῆμα
2958 3842 3249 3895 καθίστατο
3272 3882 3286 3906 ,
3322 3844 3429 3911 ὅσῳ
3459 3843 3565 3895 τῶν
3600 3845 3891 3912 ἡγεμόνων
3919 3845 4012 3896 αὐ-

2434 3938 2541 3990 τῶν
2588 3934 2732 4005 εἶχον
2760 3938 2857 4005 τὴν
2887 3936 3331 4005 ἡγεμονίαν.”οτι
3363 3934 3469 4004 γὰρ
3496 3936 3801 4005 Ἀθηναίων
3835 3938 3909 4005 μὴ
3939 3938 4014 3989 δό-

2436 4030 2575 4094 ξειεν
2625 4030 2725 4093 ἐνὶ,
2758 4030 2910 4081 πάντ’
2945 4024 3011 4097 ἦν
3065 4027 3206 4095 Ιτῶν
3240 4027 3412 4079 ἄλλων
3448 4027 3752 4097 Ἑλλήνων]
3809 4030 4009 4096 ἄκυρα,

2436 4121 2563 4173 ὥσθ’
2586 4122 2613 4172 6
2638 4121 2735 4190 μὲν
2762 4121 3201 4187 Λακεδαιμονίων
3224 4119 3491 4186 ναύαρχος
3523 4118 3628 4168 τῶν
3652 4118 3745 4182 ἀφ’
3768 4120 4014 4169 ἑκάστων

2436 4210 2709 4278 ἀρχόντων
2739 4206 2927 4277 ἦρχεν,
2964 4211 2991 4260 6
3019 4209 3073 4259 δὲ
3113 4208 3217 4259 τῶν
3249 4208 3548 4275 ’Δοηναίων
3594 4208 3861 4275 ἄρχοντος
3912 4208 4011 4275 ἀρ-

2437 4296 2833 4364 χόντωηΠΛλλὰ
2851 4297 2895 4326 ⁵⁸
2933 4296 3041 4364 γὰρ
3075 4298 3105 4363 ἡ
3142 4298 3268 4363 περὶ
3309 4297 3408 4357 τὰς
3457 4295 3758 4360 ἀποδείξεις
3809 4296 4013 4363 σπουδὴ

2438 4390 2530 4441 καὶ
2563 4388 2703 4457 λόγῳ
2733 4388 2887 4453 λόγος
2916 4386 3239 4455 παραδιδοὺς
3271 4387 3415 4454 ἡμᾶς
3459 4388 3773 4456 παρήνεγκε
3820 4404 4013 4455 περαι-

2368 4472 2410 4525 ῐ)
2438 4479 2580 4548 τέρω
2596 4479 2661 4528 ⁸⁸.
2698 4473 2825 4544 Εἷμι
2857 4476 2914 4527 δὲ
2944 4476 3029 4527 ἐπ’
3052 4476 3221 4536 αὐτὰς
3245 4476 3405 4526 πάλιν
3425 4477 3523 4537 τὰς
3552 4474 3798 4545 πράξεις,
3826 4476 4013 4543 ἐπειδὴ

2439 4570 2568 4637 περὶ
2603 4563 2677 4621 ὧν
2705 4569 2999 4637 ἐϐουλόμην
3033 4570 3088 4619 ἐν
3113 4568 3189 4635 τῷ
3216 4568 3363 4636 μέσῳ
3392 4567 3655 4619 διέλαϐον.
3673 4568 3831 4628 Τίνες
3852 4569 3897 4597 ⁵⁸
3921 4565 4009 4619 οὖν

2439 4662 2637 4730 ἀρετῆς
2679 4661 2972 4726 ἀγωνισταὶ
3023 4658 3303 4723 καλλίους;
3339 4656 3405 4709 ~II
3445 4658 3589 4719 τίνες
3630 4658 3739 4710 τῶν
3792 4660 4008 4711 πώποτε

2440 4754 2820 4822 διαρκέστερον
2837 4752 2879 4783 ⁸⁷
2910 4750 3009 4816 τὴν
3054 4748 3310 4811 ἐπίδειξιν
3345 4749 3511 4817 αὐτῆς
3557 4752 3911 4817 ὲποιήσαντο;
3950 4751 4010 4803 Οῖ

2440 4846 2530 4896 καὶ
2556 4843 2739 4913 χρυσῷ
2775 4844 2863 4894 καὶ
2905 4840 3127 4911 ἀργύρῳ
3159 4840 3252 4891 καὶ
3283 4841 3479 4909 σιδήρῳ
3503 4841 3652 4892 xui."
3690 4842 3805 4900 τοῖς
3853 4844 4010 4893 πᾶσιν

2438 4936 2692 5004 ἀήττητοι
2743 4932 3059 5000 διεγένοντο,
3094 4930 3187 4983 καὶ
3242 4931 3418 4983 πάντα
3465 4931 3749 4999 ἀπέφηναν
3811 4933 4008 4999 ομοίως

2436 5024 2680 5091 ἄχρηστα
2736 5022 2812 5089 τῷ
2865 5020 3086 5090 βασιλεῖ,
3114 5018 3302 5086 ὥσπερ
3353 5019 3418 5069 ἂν
3462 5019 3510 5068 εἰ
3558 5018 3861 5083 ἐκρύπτετο
3909 5018 4007 5069 ὑπὸ

2438 5120 2536 5185 γῆς
2559 5117 2598 5147 ⁸⁸
2629 5115 2727 5177 ἔτι,
2763 5116 2950 5165 πενίαν
2984 5113 3081 5180 μὲν
3112 5110 3233 5163 ἀντὶ
3264 5109 3492 5161 πλούτου
3518 5110 3869 5176 τιμήσαντες,
3894 5129 4005 5163 κιν-

2022 5236 2258 5291 VARl/E
2298 5230 2705 5289 LECTIONES.

844 5338 885 5367 3*
909 5335 1228 5403 όρὺττοντας
1266 5347 1373 5384 om.
1408 5332 1472 5384 A.
1562 5332 1602 5362 ³⁷
1636 5331 1850 5403 μείζονα
1872 5330 1938 5403 Α.

773 5479 816 5506 ⁸³
863 5468 1218 5537 ἐξετάζόντων
1258 5473 1313 5523 Β.
1418 5471 1462 5501 ⁸³
1497 5470 1567 5539 οἳ]
1598 5468 1704 5521 οἷον
1735 5473 1799 5520 Α.

776 5548 816 5575 ‘9
851 5546 905 5595 δὲ
938 5544 1125 5596 OHLA.
1203 5542 1246 5571 ⁵ο
1275 5540 1520 5604 ἀλλήλοις
1554 5538 1667 5591 inn.
1695 5542 1754 5591 Δ.
1826 5540 1873 5609 7'”
1911 5538 2271 5609 σκεψομένους
2300 5552 2378 5609 g._
2434 5538 2478 5563 "
2510 5538 2606 5609 οὑξ

2218 5592 2466 5654 aeream
2497 5618 2552 5662 ς’.
2586 5592 2713 5650 ὥσθ’
2744 5601 2770 5648 6
2798 5592 3146 5663 -ἀρχοντος
3172 5592 3445 5661 ἀρχόντων
3479 5604 3593 5641 om.
3620 5595 3686 5663 ἐκ.

777 5617 822 5645 ³⁵³
853 5612 1101 5679 παρῆςαν
1130 5612 1193 5665 Λ.
1244 5610 1499 5676 παρῆκαν
1551 5609 1607 5661 Β.
1660 5611 1684 5659 ὃ
1709 5618 1779 5659 ’τι
1818 5608 1879 5679 Β,
1909 5606 2120 5679 οὓτω-λδ
2165 5620 2177 5653 :

2043 5329 2085 5359 ³⁸
2123 5330 2213 5379 καὶ
2243 5328 2289 5394 όΙ
2321 5344 2369 5389 p.
2400 5325 2523 5378 9.25.

773 5410 817 5439 “
845 5392 1146 5469 τδν’ἀγῶνα
1187 5392 1296 5455 om.
1326 5403 1430 5453 ΑΒ.
1468 5404 1559 5454 sed
1611 5392 1745 5469 corr.
1788 5400 1825 5451 Β
1859 5399 2040 5464 ἀγῶνα
2070 5408 2191 5469 post
2222 5392 2396 5469 κοινὸν
2448 5394 2609 5469 addit.
2666 5392 2901 5469 δοκεῖ-Λ.

1906 5470 1949 5498 ³⁸
1976 5467 2246 5534 πρόοιντο]
2282 5471 2385 5518 itno
2417 5464 2682 5534 προεῖντο.

2613 5324 2655 5352 ³⁸
2707 5320 2913 5387 χρυσίῳ
2938 5321 2999 5372 Λ.
3106 5312 3334 5387 δονὰλλά]
3360 5328 3391 5380 p
3435 5310 3563 5387 225.
3641 5311 3683 5339 “
3713 5326 3770 5360 τε
3803 5315 4001 5387 emi}.

3004 5388 3049 5418 "
3076 5386 3249 5436 καίτοι
3283 5382 3391 5435 oin.
3422 5384 3481 5433 A.
3518 5383 3663 5433 locus
3690 5392 3771 5433 cst
3807 5398 3857 5446 ιι.
3886 5382 4000 5435 25L

2781 5460 2820 5487 ’⁵⁷
2848 5456 3002 5527 πρός]
3041 5453 3404 5527 [ικὲὂὸς-πρὸς
3473 5451 3517 5480 ⁸⁸
3549 5454 4001 5527 ὁπότεραυιιιᾹ-Α.

2434 5519 2478 5563 ⁸⁵
2510 5533 2569 5581 οὑ
2592 5531 2694 5596 μὴν
2722 5519 2907 5595 ὥσπερ
2931 5532 2967 5578 Α
2988 5519 3009 5578 ἰ
3033 5519 3200 5576 ταῦτα
3214 5524 3269 5574 δὲ
3286 5522 3496 5572 ἐποίουν
3520 5521 3679 5580 καίς.
3707 5531 3784 5572 est
3817 5536 3865 5593 p.
3884 5519 4000 5596 238.

2434 5620 2466 5653 Ὠ
2497 5618 2552 5657 ς’.
2586 5599 2713 5650 ὥσθ’
2744 5601 2770 5648 6
2798 5629 2867 5636 -—
2897 5597 3146 5657 ἄρχοντος
3172 5592 3445 5657 ἀρχόντων
3479 5604 3593 5641 om.
3624 5595 3686 5640 Λ.
3789 5593 3833 5621 ³⁵
3856 5590 4001 5657 ἀλλά]

3821 5600 3833 5615 ⁵
3856 5607 3935 5640 au

779 5702 831 5747 ι).
1484 5679 1523 5729 Λ
1546 5698 1557 5729 :
1584 5659 1913 5745 ποῤῥιιιτὲρίη
1934 5692 1989 5736 τ’.
2066 5674 2110 5702 ⁸⁸
2144 5671 2309 5739 τίνες]
2342 5688 2392 5737 p.
2429 5659 2552 5722 iiii.
2628 5670 2670 5699 ⁵⁷
2702 5659 3100 5734 διαρκέστερον]
3123 5659 3543 5729 διαρκεττέρῖνε
3573 5659 3999 5727 τώνᾌίιηναιων

782 5746 1158 5821 οιαρκέστερον
1352 5748 1394 5777 ⁶¹¹
1426 5749 1516 5797 κλί
1549 5758 1670 5801 ante
1700 5749 1807 5807 τοῖς
1832 5746 1952 5798 add.
1984 5746 2045 5797 Α.

2142 5745 2184 5772 ⁵³
2224 5743 2321 5808 γῆν
2356 5741 2418 5791 Α.
