4216 6430
776 400 910 466 1471

1885 402 2147 462 ΡΙῙΟΤΙΙ
2189 401 2694 463 ΡΑΤΒΙΛΗΟΗᾹΞ
2719 401 2829 463 CP.

3892 397 4030 462 14⁵12

772 491 1065 543 tentionem
1095 498 1151 542 et
1177 488 1378 542 bellum
1414 497 1603 541 contra
1637 488 1809 559 ipsam
1847 493 2237 558 suscepissent,
2274 492 2345 543 ni-

2474 491 2741 559 Ἑλλήνων
2772 489 2909 559 πρὸς
2954 488 3123 559 αὐτὴν
3155 487 3571 558 καθεστηκότων
3600 489 3697 557 τῆς
3733 489 3879 557 ὑπὲρ
3934 491 4043 541 τῶν

772 583 847 635 hil
884 591 1061 634 tamen
1101 582 1166 634 de
1200 579 1516 634 Grecorum
1560 595 1690 634 cura
1723 581 1930 634 remisit
1971 598 1983 635 :
2030 596 2214 634 verum
2259 597 2357 650 pro

767 673 1041 728 communi
1093 673 1267 726 salute
1310 671 1508 725 bellum
1567 686 1691 727 cum
1730 687 1857 741 rege
1910 682 2050 726 terra
2116 673 2360 741 marique

769 766 957 835 gessit,
989 774 1205 833 quanta:
1242 774 1324 819 est
1356 765 1521 818 animi
1548 765 1955 833 magnitudinis,
1989 776 2183 832 praeter
2205 768 2347 833 quod

776 860 827 911 in
861 867 938 912 tot
964 866 1147 925 partes
1174 872 1232 911 se
1266 857 1470 921 divisit,
1504 866 1667 925 alque
1702 858 1885 910 omnia
1934 870 2039 909 non
2074 871 2231 909 secus
2276 866 2358 907 at-

768 962 873 1016 que
906 946 1117 1015 singula
1152 948 1382 1009 curavit,
1443 955 1497 1001 et
1525 961 1646 1001 cum
1679 947 1846 1001 animi
1885 947 2215 1009 fortitudine,
2245 955 2357 997 tum

769 1046 1058 1106 apparatus
1111 1037 1481 1106 magnitudine
1546 1038 1917 1091 admirandam
1976 1051 2035 1090 se
2103 1037 2354 1102 praebuit.

769 1127 903 1181 Nam
932 1138 986 1181 et
1019 1138 1207 1183 contra
1235 1126 1508 1181 Barbaros
1536 1128 1609 1181 ita
1640 1143 1698 1183 se
1727 1129 1914 1196 gessit,
1945 1129 2098 1194 quasi
2133 1128 2199 1179 ab
2230 1143 2345 1178 om-

768 1220 927 1275 nibus
955 1221 1183 1289 negotiis
1210 1229 1446 1285 vacaret,
1486 1234 1584 1275 nec
1614 1221 1831 1275 interim
1878 1219 2120 1285 Grzecis,
2178 1222 2219 1273 si
2264 1221 2352 1287 qui

764 1319 921 1364 erant
985 1310 1188 1375 infesti,
1254 1311 1595 1365 occasionem
1647 1310 1890 1379 gerendi,
1954 1326 2073 1377 quae
2132 1312 2349 1374 vellent,

764 1402 1001 1472 praebuit
1032 1420 1046 1456 :
1081 1418 1266 1456 verum
1292 1412 1344 1456 et
1374 1403 1460 1455 bis
1496 1403 1567 1455 ita
1605 1417 1663 1456 se
1696 1403 1912 1456 obviam
1939 1403 2105 1464 dedit,
2141 1413 2197 1453 ut
2226 1404 2350 1471 qui-

767 1508 865 1547 nas
902 1492 983 1546 vel
1013 1492 1175 1546 etiam
1200 1493 1383 1561 plures
1407 1493 1569 1546 simul
1603 1507 1689 1547 res
1714 1493 1781 1547 ab
1804 1508 1865 1547 ea
1892 1503 2089 1561 gestas,
2124 1493 2267 1545 velut
2290 1508 2351 1545 ca

763 1598 884 1650 quae
905 1595 1259 1638 numerantur
1291 1584 1643 1649 coniunctim,
1694 1598 2123 1638 commemorare
2172 1586 2348 1637 liceat.

769 1674 1025 1728 Viccrunt
1047 1676 1190 1728 enim
1208 1674 1630 1742 Peloponnesios
1658 1674 1833 1729 navali
1860 1675 2041 1743 prmlio
2070 1675 2137 1727 ad
2155 1675 2350 1743 Cecry-

2474 584 2739 651 Ἑλλήνων
2802 582 3059 651 προνοίας
3111 581 3276 649 μηδὲν
3329 580 3531 649 μᾶλλον
3578 579 3835 647 ἀφεῖσθαι
3859 618 3878 641 ,
3925 579 4042 632 ἀλλ’

2462 674 2604 743 ὑπὲρ
2634 674 2742 724 τῶν
2768 675 2922 739 κοινῇ
2971 672 3362 741 συμφερόντων
3396 670 3607 741 βασιλεῖ
3651 671 3917 739 πολεμεῖν
3953 672 4042 725 διὰ

2459 768 2559 831 γῆς
2587 765 2805 832 ἀπάσης
2834 764 2926 815 καὶ
2952 763 3242 833 θαλάττης.
3275 763 3415 833 πόσῃ
3442 763 3550 815 τινὶ
3581 764 3734 831 χρὴ⁸¹
3766 767 3832 832 τῇ
3871 780 4043 832 μετα.

2459 856 2689 923 λοψυχίᾳ
2719 853 3036 922 προσθεῖναι
3062 870 3076 918 ;
3110 853 3278 920 χωρὶς
3304 852 3397 904 τοῦ
3428 853 3565 921 πρὸς
3594 850 3639 882 ⁸³
3664 851 3914 905 τοσαῦτῖι
3942 870 4042 923 με·

2460 944 2735 1013 ρισθῆναι,
2789 945 2883 996 καὶ
2940 946 3157 997 πάντων
3194 944 3269 1005 ὡς
3321 944 3500 1012 μόνων
3563 944 3811 997 ἑκάστων
3852 944 4041 1013 ἐφικέ-

2462 1036 2585 1087 σθαι
2613 1036 2680 1098 ⁸⁸,
2713 1037 2812 1104 τῆς
2850 1036 2949 1103 μὲν
2982 1034 3205 1103 γνώμης
3233 1034 3331 1105 τὴν
3360 1035 3630 1105 ἀνδρείαν,
3654 1038 3751 1103 τῆς
3774 1038 3834 1089 δὲ
3860 1055 4041 1106 παρα-

2461 1128 2664 1194 σκευῆς
2703 1128 2800 1196 τὴν
2842 1126 3149 1194 ὑπερϐολὴν
3204 1128 3467 1196 παρέχειν
3518 1127 3819 1196 Θαυμάσαι.
3856 1130 3947 1181 Τά
3982 1145 4040 1179 τε

2458 1218 2567 1287 γὰρ
2600 1217 2735 1287 πρὸς
2768 1217 2894 1277 τοὺς
2946 1216 3254 1286 βαρϐάρους
3289 1219 3363 1279 ὡς
3408 1219 3587 1271 πᾶσαν
3616 1219 3827 1284 ἄγουσα
3848 1220 3899 1250 ⁸⁸
3931 1219 4041 1271 ἀπὸ

2457 1310 2675 1363 πάντων
2710 1308 2926 1377 σχολήν,
2963 1307 3105 1360 οὕτω
3130 1308 3461 1376 διῳκήσατο,
3491 1311 3583 1361 καὶ
3607 1312 3721 1373 τοῖς
3756 1310 4040 1379 ἐνοχλοῦσι

2454 1402 2563 1453 τῶν
2606 1399 2876 1469 Ἑλλήνων
2922 1399 3073 1450 οὐδὲν
3107 1397 3309 1466 μᾶλλον
3352 1399 3565 1469 ὑπῆρχε
3612 1403 3935 1470 χρήσασθαι
3967 1402 4039 1471 τῷ

2458 1490 2652 1559 καιρῷ,
2680 1488 2814 1541 ἀλλὰ
2836 1489 2928 1539 καὶ
2960 1490 3173 1549 τούτοις
3199 1485 3373 1549 οὕτως
3397 1489 3729 1558 ἀπήντησεν,
3761 1491 3911 1543 ὥστε
3945 1493 4039 1543 σὺν

2455 1584 2615 1636 πέντε
2650 1582 2743 1634 καὶ
2775 1582 2872 1633 σὺν
2901 1582 3071 1633 πλείω
3100 1581 3249 1632 ταῦτ’
3284 1582 3427 1650 ἔχειν
3464 1584 3717 1652 ἀριθμεῖν
3738 1585 3810 1649 ⁸⁷,
3844 1585 4036 1657 ὥσπερ

2452 1674 2587 1729 ἄλλα
2615 1673 2751 1725 ἄττα
2782 1670 3084 1740 συλλήβδην
3124 1671 3525 1740 ἀριθμούμενα.
3570 1672 3799 1725 Ἐνίκων
3837 1676 3943 1743 μέν
3976 1693 4036 1741 γε

764 1766 1023 1835 pbaliam,
1064 1777 1118 1821 et
1153 1767 1433 1833 Eginetas
1463 1768 1527 1820 ad
1565 1765 1840 1835 Eginam,
1870 1777 1925 1821 et
1960 1781 2169 1819 rursum
2199 1766 2345 1819 Pelo-

2452 1764 2729 1834 ναυμαχίᾳ
2772 1763 3233 1831 Πελοποννησίους
3276 1764 3369 1814 ἐπὶ
3412 1764 3794 1835 Κεκρυφαλίᾳ.
3839 1767 4036 1819 ἐνίκων

763 1860 1073 1928 ponnesios.
1123 1859 1324 1915 Deinde
1368 1858 1777 1925 Megarieusium
1834 1860 2029 1911 moenia
2076 1858 2140 1910 ad
2196 1872 2345 1911 mare

2449 1856 2494 1909 δ’
2522 1825 2819 1924 Λπίγίνήτας
2853 1855 2989 1923 πρὸς
3022 1825 3215 1924 Αίγίνῃ
3235 1894 3249 1917 ,
3294 1854 3385 1907 καὶ
3434 1825 3909 1925 Πελοποννησίους
3942 1852 4036 1911 αὖ·

767 1967 940 2020 usque
967 1951 1377 2021 pretenderuut,
1434 1950 1739 2004 libertatem
1784 1966 1972 2004 eorum
2022 1950 2181 2003 simul
2219 1966 2342 2004 cum

763 2043 983 2114 regione
1004 2043 1373 2097 defendentes.
1411 2041 1547 2094 Tum
1587 2041 1896 2096 Corinthios
1914 2051 2038 2095 ante
2066 2041 2342 2110 Megaren-

761 2150 848 2190 ses
873 2136 1104 2200 primum
1146 2143 1494 2202 superarunt,
1524 2143 1578 2187 et
1618 2134 1813 2187 iterum
1850 2134 2037 2186 urbem
2092 2134 2342 2186 vicerunt

763 2236 881 2295 post
906 2227 1021 2281 dies
1044 2226 1348 2289 duodecim,
1381 2240 1501 2278 cum
1530 2226 1723 2290 injuste
1757 2238 2016 2293 tropaeum
2047 2227 2344 2295 surripuis-

761 2327 901 2371 sent.
930 2316 1059 2382 Qua:
1089 2317 1303 2371 tametsi
1339 2316 1515 2383 magni
1548 2317 1804 2371 momenti
1845 2332 1947 2370 non
1973 2327 2120 2383 sunt,
2151 2318 2344 2371 dicen-

762 2419 849 2462 tnr
880 2423 908 2461 a
936 2422 1019 2461 me
1052 2418 1253 2461 tamen.
1284 2407 1408 2460 licet
1443 2406 1715 2470 fesnnem,
1745 2408 2189 2476 quandoquidem
2244 2424 2344 2476 ap-

760 2498 953 2568 pendix
978 2512 1091 2553 rem
1116 2507 1281 2551 totam
1318 2497 1578 2551 absolvet.
1605 2497 1735 2551 Cum
1758 2500 1901 2552 enim
1926 2499 2175 2554 abessent
2202 2500 2349 2555 urbis

758 2593 948 2662 copiae,
998 2592 1195 2661 partim
1254 2592 1319 2643 ad
1381 2588 1759 2659 Algyptiorum
1811 2592 2132 2655 subsidium,
2182 2607 2347 2646 naves

761 2683 966 2747 plures,
1019 2697 1180 2751 quam
1216 2692 1340 2734 tunc
1370 2692 1530 2733 erant
1559 2682 1610 2734 iu
1644 2690 1752 2735 tota
1788 2681 2019 2743 Graecia,
2053 2684 2248 2750 partim
2288 2686 2339 2740 in

760 2773 971 2843 (Eginaa
994 2772 1299 2833 obsidione,
1329 2773 1571 2839 aggressi
1619 2782 1745 2823 sunt
1776 2774 1956 2827 hostes
1984 2772 2178 2843 404!)
2240 2777 2341 2829 Me.

758 2878 886 2932 gara
904 2862 1181 2925 invadere,
1200 2861 1339 2928 quod
1361 2861 1743 2913 exisdtnabant
1758 2863 2161 2918 Atheniensium
2180 2872 2346 2921 otium

758 2954 857 3007 sibi
894 2954 944 3006 in
974 2953 1314 3006 occasionem
1364 2949 1439 3002 rei
1477 2950 1727 3017 gerendae
1756 2951 1971 3014 cedere,
2010 2963 2102 3006 aut
2152 2957 2345 3008 saltent

755 3049 801 3100 si
836 3047 964 3101 urbs
997 3059 1210 3097 rursum
1238 3043 1499 3106 vinceret,
1544 3040 1754 3110 digium
1808 3044 2141 3098 obsidionem
2197 3048 2343 3100 solu—

758 3148 871 3191 tum
904 3138 968 3190 iri
1004 3154 1019 3190 :
1065 3136 1329 3203 siquidem
1360 3133 1432 3186 illi
1461 3133 1677 3186 abunde
1705 3148 1862 3201 opem
1894 3134 2036 3189 ferre
2065 3154 2167 3190 non
2209 3156 2338 3206 μσς·
2370 3173 2411 3228 C

754 3241 893 3283 sent.
923 3228 1000 3281 llli
1035 3236 1214 3280 autem
1259 3228 1393 3279 adeo
1420 3226 1521 3277 boc
1553 3236 1915 3279 commentum
1970 3230 2224 3293 riserunt,
2285 3242 2341 3283 ut

755 3322 844 3388 qui
881 3321 947 3374 ad
992 3319 1453 3388 1Eginamerant,
1517 3337 1621 3375 non
1688 3318 1859 3386 magis
1916 3335 2076 3387 quam
2139 3325 2226 3390 qui
2290 3322 2339 3374 in

758 3414 991 3483 .Egyplo
1016 3429 1129 3466 rem
1165 3426 1377 3467 Omnem
1430 3412 1772 3477 ignorabant,
1846 3413 1967 3467 loco
2034 3427 2093 3465 se
2160 3427 2342 3465 1110ιο-

757 3516 898 3561 rent.

823 3595 1075 3662 Qninimo
1101 3593 1211 3647 sola
1257 3592 1467 3661 privato
1500 3592 1740 3660 periculo
1791 3592 2064 3646 communi
2118 3593 2338 3645 utilitati

753 3689 975 3751 studuit,
1009 3696 1063 3740 et
1084 3685 1469 3740 beneﬁciorum
1500 3686 1651 3753 c0pia
1676 3685 2033 3753 principatum
2062 3686 2161 3738 sibi
2195 3700 2342 3738 com-

756 3780 981 3848 paravit,
1059 3794 1210 3831 more
1250 3778 1524 3832 communi
1568 3787 1792 3831 mutato.
1848 3777 1963 3831 Non
2014 3778 2154 3830 enim
2200 3778 2342 3845 quod

754 3871 946 3938 oppida
999 3866 1333 3932 subjugarat,
1384 3866 1477 3919 sed
1512 3867 1654 3934 quod
1684 3866 1851 3919 libera
1911 3866 2135 3928 fecerat,
2176 3867 2341 3932 impe-

754 3959 893 4011 rium
922 3965 1003 4011 est
1027 3957 1219 4021 adepta
1260 3973 1272 4008 :
1309 3954 1381 4007 ita
1419 3963 1475 4008 nt
1530 3956 1717 4008 eodem
1750 3966 1989 4021 tempore
2039 3966 2093 4009 et
2137 3954 2341 4009 ϐαρεῖς

755 4044 996 4106 libertas,
1037 4052 1090 4096 et
1149 4043 1266 4097 urbi
1326 4040 1487 4095 fuerit
1518 4042 1806 4109 imperium
1864 4045 2139 4097 tributum.
2205 4044 2341 4097 llnic

754 4134 897 4187 enim
922 4132 1018 4186 soli
1052 4132 1191 4186 ultro
1219 4141 1517 4200 paruerunt
1545 4133 1758 4202 reliqui,
1792 4142 1847 4187 et
1895 4134 2037 4187 hunc
2084 4133 2336 4201 pOpttlllltl

755 4224 1026 4278 communi
1085 4223 1345 4292 suffragio
1408 4222 1690 4290 jusserunt
1748 4226 2037 4293 imperare,
2102 4228 2237 4278 adeo
2281 4236 2337 4277 nt

753 4332 875 4370 cum
913 4317 1082 4370 armis
1109 4314 1374 4370 Barbaros
1426 4318 1710 4385 coegisset,
1746 4319 1923 4372 socios
1974 4329 2149 4372 tamen
2204 4317 2337 4370 nibil

754 4416 1006 4475 precatus
1043 4406 1228 4471 fuerit,
1292 4407 1387 4460 sed
1426 4408 1664 4475 ipsorum
1718 4410 1971 4476 precibus
2026 4408 2336 4476 compulsus

2451 1948 2555 2010 θις.
2588 1946 2905 2015 Μεγαρεῦσι
2928 1945 2972 1997 δ’
3002 1946 3239 2014 ἔστησαν
3263 1947 3416 2016 τείχη
3441 1947 3486 1978 ⁸⁸
3516 1948 3678 2017 μέχρι
3725 1949 4035 2020 θαλάσσης,

2450 2041 2545 2092 καὶ
2574 2040 2673 2107 τὴν
2704 2038 3018 2106 ἐλευθερίαν
3042 2037 3159 2106 ἅμα
3195 2038 3290 2091 καὶ
3328 2040 3432 2107 τὴν
3456 2039 3501 2069 ⁸³
3542 2040 3725 2108 χώραν
3771 2041 4034 2110 διεφύλα-

2450 2134 2565 2195 ξαν.
2602 2130 2831 2183 Ἑνίκων
2859 2131 2914 2181 δὲ
2936 2129 3255 2197 Κορινθίους
3288 2131 3393 2199 πρὸ
3424 2132 3746 2201 Μεγαρέωνο
3777 2136 3874 2186 καὶ
3905 2138 4034 2204 πρὶν

2448 2222 2661 2275 δώδεκα
2686 2221 2903 2289 ἐξήκειν
2938 2220 3150 2289 ἡμέρας
3175 2220 3371 2271 ἐνίκων
3415 2216 3570 2283 αὖθις
3594 2224 3814 2292 ἑτέραν,
3854 2224 3917 2278 ού
3946 2243 4035 2278 κα-

2450 2315 2557 2376 m);
2587 2315 2647 2367 τὸ
2675 2314 2937 2383 τρόπαιον
2970 2313 3392 2382 ὑφαρπάζοντας
3415 2316 3483 2368 ’°.
3529 2316 3637 2367 Καὶ
3673 2315 3836 2370 οὔπω
3861 2320 4034 2373 ταῦτα

2453 2407 2661 2476 μεγάλα
2680 2423 2694 2436 ·
2730 2405 2847 2457 ἀλλ’
2869 2406 3147 2476 εἰρήσεται
3176 2408 3305 2475 γὰρ,
3334 2406 3439 2459 κᾶν
3476 2409 3790 2478 ὲπείγωμαι
3812 2428 3827 2441 -
3861 2413 3895 2480 ἡ
3931 2413 4034 2483 γὰρ

2450 2499 2735 2567 προσθήκη
2765 2498 2926 2561 δείξει
2953 2499 3013 2550 τὸ
3056 2499 3185 2551 πᾶν.
3234 2498 3480 2567 Ἀπῆσαν
3517 2501 3615 2569 μὲν
3646 2502 3755 2571 γὰρ
3793 2506 3853 2556 αἱ
3883 2506 4034 2561 δυνά-

2454 2609 2575 2661 μεις
2622 2595 2686 2661 τῇ
2724 2592 2898 2656 πόλει,
2935 2594 2968 2655 ἠ
3030 2593 3127 2659 μὲν
3164 2593 3305 2645 κατὰ
3361 2594 3461 2663 τὴν
3508 2596 3617 2648 τῶν
3640 2599 3683 2629 ’ί
3716 2601 4034 2663 Αἰγυπτίων

2450 2686 2661 2755 χρείαν,
2700 2686 2826 2755 νῆες
2852 2686 2897 2717 ³³
2925 2685 3194 2753 πλείουςῆ
3230 2686 3337 2738 τότ’
3367 2682 3508 2756 ἦσαν
3536 2690 3592 2739 ὲν
3623 2691 3737 2752 τοῖς
3770 2692 4034 2762 Ἐλλησιν

2449 2780 2504 2829 αἱ
2556 2777 2839 2845 σύμπασαι
2899 2778 3082 2844 σχεδὸν
3120 2777 3188 2839 ⁸³,
3230 2780 3263 2847 ή
3305 2778 3349 2829 δ’
3384 2779 3579 2851 Αἰγίνῃ
3628 2786 4030 2857 προσεκάθητο.

2451 2868 2627 2936 Ὅπερ
2672 2868 2925 2930 καὶτοὺς
2975 2869 3250 2931 ἐναντίους
3289 2870 3491 2938 μᾶλλον
3537 2873 3744 2943 ἐπῆρεν
3791 2878 4033 2947 ὁρμῆσαι

2450 2962 2587 3027 πρὸς
2616 2960 2685 3011 τὰ
2707 2962 2941 3029 Μέγαρα
2966 2978 2979 2991 ·
3007 2960 3176 3029 ᾤοντο
3205 2962 3313 3031 γὰρ
3341 2959 3480 3017 εἶναι
3508 2967 3704 3036 σχολὴν
3730 2968 4032 3038 Ἀθηναίων

2450 3054 2529 3113 είς
2564 3052 2624 3103 τὸ
2658 3052 2818 3120 ἔργον
2846 3054 3077 3115 ἑαυτοῖς.
3114 3054 3174 3105 Εἰ
3198 3053 3244 3105 δ’
3280 3055 3391 3123 ἄρα
3439 3057 3537 3108 καὶ
3581 3058 3649 3110 τὰ
3672 3059 3910 3129 δεύτερα
3958 3081 4031 3115 νι-

2451 3142 2589 3211 κῴη,
2642 3143 2756 3196 ἀλλ’
2802 3144 2997 3212 ἑτέραν
3036 3144 3354 3213 πολιορκίαν
3409 3147 3537 3217 [660
3576 3148 3665 3220 IL]
3716 3150 3906 3205 λύσειν
3937 3158 4031 3224 τῆς

2447 3234 2672 3300 Λίγίνης
2693 3250 2705 3263 ⁸
2732 3234 2792 3285 ού
2821 3235 2929 3303 γὰρ
2968 3235 3189 3287 ἄλλοθέν
3210 3254 3271 3303 γε
3302 3237 3485 3290 λοιπὸν
3509 3241 3661 3309 ἥξειν
3706 3244 3929 3307 αὐτούς.
3973 3252 4030 3299 Ui

2445 3325 2500 3376 δὲ
2530 3324 2783 3375 τοσοῦτον
2810 3324 3183 3392 κατεγέλασαν
3213 3327 3307 3379 τοῦ
3334 3330 3687 3397 σοφίσματος,
3718 3332 3861 3385 ὥστε
3886 3337 4030 3388 οὐδὲν

2448 3416 2651 3483 μᾶλλον
2683 3416 2731 3466 οἱ
2760 3416 2897 3483 πρὸς
2930 3418 3121 3486 Αἰγίνῃ
3161 3418 3283 3469 τότε
3326 3421 3662 3492 ἐκινήθησαν
3700 3426 3814 3477 τῶν
3849 3428 3909 3479 ἐν
3939 3431 4030 3480 Αί-

2445 3508 2641 3573 γύπτῳ
2672 3509 2766 3559 καὶ
2803 3507 2971 3576 μηδὲν
3003 3510 3386 3578 πεπυσμένων.
3621 3520 3636 3536 ‘

2527 3597 2687 3649 Ἀλλὰ
2708 3599 2751 3627 ⁸⁸
2786 3598 2893 3667 μὴν
2933 3599 3066 3666 μόνη
3096 3598 3195 3665 μὲν
3230 3600 3455 3652 ἀπασῶν
3484 3602 3689 3655 πόλεων
3715 3605 3871 3670 ίδίοις
3911 3626 4029 3659 κινο

2442 3688 2617 3750 δύνοις
2644 3690 2829 3754 κοινὴν
2851 3689 3052 3742 ἅπαντι
3084 3690 3163 3759 τῷ
3203 3691 3353 3758 γένει
3380 3694 3480 3761 τὴν
3530 3694 3800 3760 ὠφέλειαν
3843 3700 4031 3769 ἐπορί-

2447 3798 2597 3843 σατο,
2636 3781 2769 3849 μόνη
2797 3781 2853 3832 δὲ
2888 3784 2951 3832 ὲκ
2980 3782 3090 3832 τῶν
3119 3784 3315 3833 κοινῶν
3336 3784 3666 3853 εὐεργεσιῶν
3692 3790 3791 3852 τὴν
3825 3792 4030 3860 ἡγεμοο

2443 3874 2562 3925 νίαν
2597 3874 2866 3941 ἐκτήσατο
2891 3874 2959 3933 ",
3001 3874 3095 3923 καὶ
3129 3874 3396 3943 μετέθηκε
3428 3878 3518 3929 τὸν
3553 3878 3787 3947 θεσμόν*
3825 3883 3889 3933 ού
3921 3884 4026 3953 γὰρ

2445 3964 2503 4027 ἐξ
2548 3959 2623 4017 ὧν
2672 3963 3118 4016 κατεδουλώσατο
3152 3965 3251 4027 τὰς
3302 3968 3483 4029 πόλεις
3506 3968 3630 4038 ἔσχε
3680 3971 3781 4040 τὴν
3829 3974 4026 4043 ἀρχὴν,

2444 4054 2559 4106 ἀλλ’
2592 4054 2649 4119 ἐξ
2680 4048 2755 4105 ὧν
2778 4054 3032 4122 ἐποίησεν
3059 4053 3372 4124 ἐλευθέρας.
3402 4057 3564 4108 Ὥστε
3591 4076 3653 4109 συ
3666 4059 3871 4127 μόἧναι
3901 4065 4027 4124 τοὺς

2443 4146 2641 4207 αὐτοὺς
2671 4145 2897 4213 χρόνους
2920 4148 3034 4205 τοῖς
3069 4146 3168 4213 μὲν
3193 4146 3425 4217 ’Ἕλλησι
3463 4148 3523 4200 τὸ
3559 4152 3658 4217 τῆς
3684 4150 4022 4221 ἐλευθερίας,

2442 4237 2507 4304 τῇ
2544 4235 2599 4285 δὲ
2632 4236 2783 4286 πόλει
2840 4235 2899 4286 τὸ
2944 4239 3040 4304 τῆς
3076 4236 3250 4304 ἀρχῆς
3300 4237 3490 4305 κέρδος
3541 4240 3805 4303 ἐνεγκεῖν.
3859 4243 4024 4294 sum

2444 4325 2550 4391 γάρ
2584 4325 2817 4375 ἑκόντων
2848 4320 3044 4392 ἧρξαν,
3078 4326 3172 4376 καὶ
3224 4326 3383 4393 μόνος
3422 4320 3574 4389 οὗτος
3613 4330 3799 4397 δήμων
3837 4331 4025 4403 ὥσπερ

2442 4407 2523 4473 εἷς
2568 4412 2752 4480 ἄρχων
2798 4411 3013 4480 αἱρετὸς
3060 4412 3117 4478 ἐξ
3156 4413 3415 4466 ἁπάντων
3462 4417 3700 4485 ἐνίκησε,
3746 4420 3876 4482 τοὺς
3929 4423 4035 4490 μὲν

753 4499 1123 4567 principatum
1159 4499 1457 4566 acceperit,
1486 4514 1593 4566 quo
1623 4502 1688 4553 ad
1715 4502 1959 4566 iustitiae,
1995 4517 2096 4554 non
2128 4502 2335 4569 injuriae

2449 4501 2755 4570 βαρϐάρους
2806 4505 2919 4564 τοῖς
2960 4503 3145 4566 ὅπλοις
3180 4503 3532 4574 βιασάμενος,
3570 4508 3732 4577 [ΙΞῚΗ
3757 4510 3851 4581 IL]
3900 4517 4026 4575 τοὺς

755 4594 935 4639 notam
972 4596 1233 4641 uteretur.
1278 4587 1350 4642 Ut
1400 4600 1583 4641 autem
1638 4588 1944 4657 singulatim
1997 4604 2108 4642 rem
2167 4599 2333 4643 totam

752 4679 1042 4747 explicem,
1072 4681 1184 4733 sola
1216 4680 1330 4734 htec
1365 4681 1577 4742 civitas,
1612 4680 1867 4735 Barbaris
1898 4681 2102 4743 invitis,
2134 4681 2337 4737 Grauis

752 4784 929 4827 autem
968 4776 1300 4842 petentibus,
1344 4776 1632 4843 imperium
1671 4786 1754 4830 est
1789 4777 2003 4843 adepta.
2055 4777 2187 4842 Quis
2232 4793 2333 4830 un-

750 4878 915 4932 quam
951 4864 1108 4933 digne
1133 4864 1213 4917 vel
1247 4865 1534 4934 expendat,
1557 4866 1639 4917 vel
1664 4866 2007 4919 admiretur?
2057 4865 2127 4920 Ut
2152 4877 2331 4921 autent

754 4952 983 5022 insignis
1010 4953 1098 5005 illa
1159 4954 1342 5008 clades
1378 4966 1600 5023 accepta
1632 4955 1729 5009 fuit
1760 4955 1893 5025 (cur
1918 4956 2059 5009 enim
2109 4958 2209 5010 boc
2250 4967 2334 5009 ta-

752 5059 925 5109 ceam,
966 5060 1088 5098 cum
1115 5056 1166 5099 et
1195 5048 1366 5115 ipsum
1401 5048 1467 5100 ad
1514 5048 1662 5101 urbis
1703 5047 2122 5117 magnitudinem
2154 5060 2336 5103 osten-

753 5136 981 5189 dendam
1012 5138 1352 5207 pertineat?)
1384 5155 1503 5207 qua:
1538 5141 1609 5192 ita
1644 5144 1711 5193 sit
1741 5143 1807 5194 ad
1837 5142 2072 5211 reliquas
2100 5157 2189 5195 res
2216 5158 2337 5210 pro-

753 5241 960 5295 gressa,
1006 5229 1163 5298 quasi
1222 5236 1387 5283 totam
1441 5230 1673 5285 cenisset
1722 5230 1985 5298 Siciliam,
2017 5245 2117 5285 nec
2152 5234 2338 5301 copias

2442 4594 2487 4646 δ’
2527 4596 2831 4663 ὁμοφύλους
2864 4596 2925 4647 οὐ
2960 4596 3173 4659 πείσας,
3200 4597 3315 4649 ἀλλ’
3362 4599 3452 4649 ὑπ’
3474 4599 3653 4651 αὐτῶν
3676 4601 3871 4670 ἄρχειν
3910 4622 4025 4656 πει-

2445 4688 2613 4750 σθεὶς,
2648 4687 2709 4739 σύ
2722 4687 2917 4755 μῶλον
2940 4690 2985 4719 ⁸⁸
3011 4688 3361 4757 δικαιοσύνης
3390 4690 3528 4759 ἔχων
3560 4692 3657 4761 τὴν
3687 4694 3886 4763 ἀρχὴν,
3912 4697 4024 4747 ἀλλ’

2442 4782 2543 4832 οὐκ
2572 4780 2810 4840 ἀδικίας.
2847 4782 2905 4831 Εἰ
2938 4780 2993 4831 δὲ
3024 4781 3104 4833 δεῖ
3135 4781 3381 4835 διελόντα
3412 4785 3609 4847 εἰπεῖν,
3647 4786 3781 4854 μόνη
3817 4789 4025 4839 πόλεων

2442 4872 2549 4923 τῶν
2577 4871 2675 4939 μὲν
2700 4871 2991 4940 βαρῦάρων
3016 4873 3279 4935 ἀκόντων,
3306 4874 3417 4925 τῶν
3436 4875 3480 4926 δ’
3520 4875 3789 4943 Ἑλλήνων
3810 4876 4023 4944 δεηθέν-

2442 4980 2550 5015 των
2582 4964 2621 4992 ⁷⁷
2655 4962 2781 5031 ἕσχε
2824 4964 2923 5032 τὴν
2955 4964 3149 5033 ἀρχήν.
3180 4965 3319 5033 Ποία.
3344 4966 3389 4995 ’⁸
3420 4966 3573 5018 ταῦτ’
3602 4966 3778 5017 ἔνεστι
3804 4968 3851 4997 "’
3882 4970 4020 5037 ψυχῇ

2444 5052 2779 5120 παραϐαλεῖν
2842 5052 3193 5123 ἀνθρωπίνῃ,
3254 5056 3347 5105 καὶ
3419 5056 3559 5117 τίνος
3610 5057 3713 5107 οὐκ
3772 5058 4023 5125 εὐτυχίας

2448 5141 2650 5209 μᾶλλον
2692 5140 3004 5208 θαυμάσαις
3060 5142 3353 5208 γενομένου
3394 5142 3449 5193 δὲ
3490 5142 3581 5193 τοῦ
3633 5142 3876 5209 μεγάλου
3931 5145 4022 5195 πά·

2447 5232 2606 5295 θουςο
2642 5232 2702 5284 ού
2726 5233 2836 5302 γὰρ
2880 5232 2973 5286 οὖν
3030 5236 3402 5304 σιωπήσομαι,
3460 5235 3595 5287 ἀλλὰ
3629 5235 3722 5286 καὶ
3759 5234 3923 5287 τοῦτο
3950 5237 4022 5286 ἔτι

2071 5409 2306 5465 VARle
2333 5410 2747 5467 LECTIONES.

830 5550 873 5579 ’"
910 5550 1012 5617 χρὴ
1046 5564 1157 5604 om.
1194 5549 1299 5611 AB,
1334 5559 1459 5601 ante
1490 5552 1804 5619 προσθεῖναι
1848 5554 1996 5619 punit
2029 5568 2104 5605 re.
2139 5552 2196 5604 Β.

764 5622 858 5669 σὺν
890 5637 997 5671 mn.
1038 5622 1101 5671 A.
1180 5620 1225 5648 ’⁷
1254 5620 1589 5689 ἀπαριθμεῖν
1619 5640 1679 5684 τ.
1784 5624 1828 5652 ’⁸⁸
1858 5625 2032 5689 τεῖχος
2066 5625 2129 5673 Α.

762 5690 804 5718 ’³
844 5690 996 5758 νῆες
1069 5690 1113 5719 ⁹³
1146 5690 1329 5756 σχεδὸν
1372 5681 1482 5742 unt:
1534 5692 1597 5742 Δ.
1629 5681 1643 5684 “
1714 5693 1757 5722 ’⁸
1784 5681 2037 5758 ἁλὰαΓιι,
2074 5692 2201 5744 ΕΠί.

768 5758 809 5787 ³⁷
844 5756 1165 5827 δεηθέντων]
1201 5761 1455 5823 ἑκόντων,
1514 5762 1668 5831 idque
1702 5778 1803 5826 nu,
1843 5764 1948 5813 AU.

2300 5552 2344 5582 ⁸³
2375 5552 2506 5620 πρὸς
2535 5568 2643 5605 om.

2238 5625 2281 5653 “9
2308 5626 2404 5687 τήν
2436 5638 2547 5675 um.
2576 5624 2638 5675 Λ.

2304 5695 2347 5723 ’³
2389 5694 2522 5760 μόνη
2554 5693 2609 5743 δὲ
2646 5723 2714 5732 --
2747 5694 3015 5759 ἐκτήσατο
3047 5708 3156 5745 0w.
3199 5696 3259 5745 Λ.

2060 5765 2101 5791 “5
2143 5763 2290 5831 ποέξιι
2344 5781 2395 5832 μ.
2447 5764 2571 5817 279.
2648 5765 2690 5793 ⁸⁵³
2724 5762 2835 5813 ἐστι
2870 5765 2931 5816 Λ.
2964 5762 3325 5832 παραϐάλλειν
3354 5764 3437 5815 A:
3475 5761 3793 5825 περιλαϐεῖν
3824 5777 3883 5824 ς.

3282 5553 3327 5582 ⁸⁸
3361 5553 3597 5619 ἄγουσαν
3643 5550 3706 5603 Α.
3815 5552 3865 5583 ⁸⁸
3892 5552 4021 5605 ὥστε

3445 5624 3489 5653 ⁹¹
3518 5622 3618 5740 τὲν
3646 5620 3759 5672 τῶν
3814 5637 3925 5675 om.
3959 5625 4017 5673 Α.

3445 5692 3551 5740 σύμ
3591 5692 3711 5740 ολον
3740 5692 3798 5740 δὲ
3826 5693 3932 5740 δικ.
3965 5694 4013 5740 Η.

3366 5693 3409 5721 ’⁸
3440 5692 3711 5759 σύμϐολον
3740 5692 3798 5741 δὲ
3826 5693 3932 5745 δικ.
3965 5694 4013 5742 Η.

2736 5552 2780 5580 ⁸⁸
2802 5553 3092 5617 αφικέσθαι
3118 5552 3181 5604 Α.

2744 5624 2787 5653 ’⁸
2819 5623 3230 5689 ὑφαρπάζοντες
3279 5624 3341 5675 Δ.
