4216 6430
239 386 380 448 M73

1280 384 1810 446 BIBLIOTIIECA.
1848 408 1919 420 -
1955 386 2118 447 COD.
2149 387 2437 453 CCXLVI.

3365 402 3501 472 1474

239 494 412 566 μείζω
434 495 451 526 ⁸
489 509 583 564 μοι
616 491 765 547 δοκεῖ
796 492 819 524 ⁸
869 491 1143 548 δεικνύναι
1174 492 1277 564 τήν
1308 493 1486 547 πόλιν.
1516 494 1675 547 Οὕτω
1708 495 1806 563 γάρ

1922 496 2195 559 stuisisse.
2218 501 2309 553 sed
2338 515 2507 556 novas
2536 516 2887 572 comparasse
2917 504 3213 561 videretur.
3274 508 3351 564 Ae
3380 527 3494 564 mo-

232 588 349 648 τοτς
373 585 690 648 ὑπολοίποις
743 584 1091 655 προσηνέχθη
1132 586 1480 656 πράγμασιν,
1513 586 1704 657 ὥσπερ
1753 586 1821 639 ἂν

233 678 283 729 εί
314 678 496 729 πᾶσαν
522 676 737 745 είλήφει
763 674 863 743 τὴν
905 675 1181 730 Σικελίαν.
1210 679 1286 729 Οὐ
1330 678 1441 747 γὰρ
1473 674 1815 746 ἐστερημένη

232 767 520 839 δυνάμεως
543 764 726 835 ἐῴκει,
760 764 878 817 ἀλλ’
910 765 1035 833 ἄρτι
1066 767 1552 836 προσκεκτημένῃ.
1576 767 1694 819 ’Καὶ
1720 765 1820 835 τὴν

236 859 337 925 μιν
364 875 475 911 των
510 857 729 929 τρόπων
775 857 1028 909 εὐκολίαν
1055 858 1151 910 καὶ
1192 859 1550 928 σωφροσύνην
1592 856 1692 909 καὶ
1724 856 1822 909 τά·

235 950 355 1013 ξιν³
375 948 610 1018 διαίτης,
632 948 701 1018 ήν
728 949 871 1019 ὑπὲρ
891 947 987 1000 τοῦ
1023 947 1189 1017 μηδδν
1217 948 1443 1017 αίσχρὸν
1468 947 1819 1017 συγχωρῆσαι

235 1040 579 1111 προείλοντο,
623 1040 732 1092 οὐδ’
764 1040 831 1093 ἂν
877 1035 958 1102 εἷς
992 1040 1159 1103 ἀξίως
1192 1040 1355 1093 είποι.
1392 1040 1775 1109 Περιστάντων
1798 1039 1819 1070 ⁸

233 1135 277 1184 δ’
333 1132 535 1195 αὐτοὺς
581 1131 691 1185 τῶν
750 1130 1022 1203 Ἐλλήνων
1079 1131 1358 1196 ἁπάντων,
1415 1130 1658 1184 καὶτῶν
1719 1131 1819 1200 μὲν

234 1225 601 1293 ὑπαρχόντων
641 1223 916 1292 πολεμίων
958 1224 1080 1276 τότε
1112 1224 1329 1294 πρῶτον
1361 1223 1635 1277 λαϐόντων
1668 1222 1820 1275 ἐλπί-

229 1316 330 1377 δας
370 1318 467 1368 καὶ
514 1314 959 1384 παροξυνθέντων
990 1315 1094 1368 ὑπὸ
1122 1316 1220 1385 τῆς
1255 1314 1446 1385 τύχης,
1476 1314 1819 1391 ἐπελθόντων

226 1411 283 1462 δὲ
311 1410 425 1463 τῶν
482 1412 547 1462 ἐκ
580 1410 850 1475 Σικελίας,
886 1410 1233 1480 μεταστάσης
1259 1410 1316 1463 δέ
1360 1412 1459 1480 τῆς
1500 1408 1818 1480 συμμαχίας

224 1504 415 1570 ὀλίγου
446 1502 559 1555 δεῖν
591 1502 833 1572 ἁπάσης,
851 1504 945 1556 καὶ
964 1504 1143 1573 νήσων
1178 1502 1274 1556 καὶ
1297 1504 1530 1574 ήπείρου
1563 1504 1656 1555 καὶ
1681 1503 1817 1556 πάν-

223 1612 339 1645 των
370 1594 445 1657 ώς
493 1596 669 1645 είπείν
718 1593 996 1663 πολεμίων
1039 1594 1447 1654 καταστάντων,
1480 1596 1574 1647 καὶ
1606 1611 1816 1646 παντα-

223 1686 388 1755 χόοεν
418 1687 827 1754 κεκυκλωμένοι
855 1686 897 1749 ⁸,
926 1686 1005 1738 ἐτι
1034 1687 1078 1737 δ’
1106 1685 1504 1756 ἀγνωμοσύνης
1545 1686 1814 1755 ἀπροσδο-

221 1780 401 1846 κήτου
421 1776 707 1846 συμϐάσης
728 1776 869 1829 ὥστε
893 1778 987 1829 καὶ
1014 1776 1238 1846 βασιλέα
1262 1776 1529 1846 κληθῆναι
1548 1777 1692 1828 κατὰ
1708 1776 1810 1844 τῆς

1925 602 2041 640 rum
2095 589 2311 656 quidem
2367 588 2704 658 facilitatem,
2773 598 3208 662 temperantiam,
3265 600 3502 668 vitaque

1924 678 2186 732 rationem
2216 681 2281 733 ad
2322 679 2499 748 fugam
2554 684 2903 752 turpitudinis
2951 698 3279 757 susceptam,
3340 700 3503 744 nemo

1922 770 2077 824 facile
2106 785 2203 838 pro
2231 771 2493 839 dignitate
2518 773 2733 828 dixerit.
2779 773 2973 828 Verum
3001 791 3125 830 cum
3168 777 3342 834 Gnaei
3375 795 3496 834 om-

1922 876 2018 915 nes
2048 862 2167 915 illos
2194 863 2681 929 circumsisterent,
2708 874 2763 919 et
2793 866 3007 936 antiqui
3036 868 3218 924 hostes
3249 882 3361 924 tum
3389 873 3500 940 pri-

1920 967 2067 1005 mum
2099 970 2162 1008 ex
2206 952 2425 1008 fortuna
2465 971 2615 1024 spem
2641 957 2936 1025 cepissent,
2984 960 3107 1014 novi
3138 971 3317 1016 autem
3356 977 3388 1016 e
3414 962 3502 1016 Si-

1918 1044 2039 1097 cilia
2062 1046 2403 1111 accederent,
2433 1047 2687 1101 omnibus
2712 1063 2839 1102 vero
2883 1049 3072 1116 sociis,
3114 1051 3356 1105 omnium
3390 1062 3501 1106 tam

1922 1137 2214 1191 insulanum
2257 1154 2417 1207 quam
2474 1140 2752 1207 regionum
2803 1139 3029 1193 aliarum
3066 1140 3379 1207 rebellione,
3446 1143 3499 1197 in

1920 1228 2105 1283 hostes
2154 1230 2397 1293 mutatis,
2422 1228 2547 1282 illud
2575 1240 2836 1297 praeterea
2862 1230 3122 1301 flagitium
3151 1243 3345 1302 praeter
3371 1236 3495 1304 opi-

1921 1320 2133 1373 nionem
2166 1322 2515 1375 commissum
2540 1332 2704 1385 esset,
2755 1332 2813 1375 ut
2858 1337 3037 1391 regem
3067 1334 3259 1379 contra
3307 1330 3498 1381 urbem

1918 1408 2243 1462 advocarent
2266 1410 2321 1473 ii,
2351 1425 2485 1479 quos
2515 1412 2579 1465 ab
2613 1427 2677 1465 eo
2708 1415 2841 1465 urbs
2878 1426 3189 1469 servaverat
3219 1434 3233 1470 :
3266 1417 3354 1471 ille
3376 1432 3503 1473 vero

1918 1498 2093 1553 libens
2145 1503 2469 1565 advenisset,
2505 1500 2707 1572 ‘05::
2776 1518 2839 1558 ac
2867 1512 2979 1557 tum
3040 1505 3324 1573 militibus,
3383 1516 3496 1561 tum

1917 1589 2165 1653 navibus,
2206 1600 2313 1643 tum
2334 1591 2497 1644 etiam
2539 1594 2764 1659 pecunia
2812 1612 2967 1665 opem
3003 1598 3106 1651 illis
3139 1598 3325 1663 ferret,
3374 1615 3495 1653 om-

1918 1680 2074 1733 nibus
2107 1689 2267 1734 terrae
2304 1685 2577 1751 marisque
2610 1685 2744 1739 locis
2770 1686 2821 1739 in
2852 1686 2975 1741 belli
3023 1690 3321 1744 subsidium
3357 1707 3495 1759 pra:-

1916 1771 2063 1825 stitis
2097 1789 2111 1825 :
2150 1788 2256 1826 non
2288 1784 2406 1827 erat
2437 1777 2743 1844 quisquam,
2772 1778 2865 1845 qui
2912 1795 3015 1833 non
3045 1781 3291 1836 crederet
3318 1784 3491 1849 prima

220 1837 440 1932 πόλεως
473 1837 578 1921 duo
605 1837 715 1921 τών
743 1869 838 1922 ἀπ’
870 1837 1081 1921 ἐκείνου
1118 1837 1402 1921 σωθέντων
1424 1837 1548 1931 ταῖς
1574 1869 1681 1921 άπὸ
1709 1837 1806 1935 της

1916 1860 2092 1918 fronte
2124 1866 2311 1917 urbem
2362 1837 2865 1937 ianuam-direptum
2900 1869 2985 1937 iri,
3032 1886 3193 1939 quam
3227 1837 3397 1926 Graeci
3423 1874 3500 1927 si-

218 1962 436 2023 πόλεως
464 1960 718 2031 πράξεσι,
751 1961 1188 2029 προσγενομένου
1230 1959 1288 2012 δὲ
1316 1959 1569 2012 κάκείνου
1612 1960 1633 1991 ⁸
1666 1958 1812 2029 μάλα

215 2054 478 2123 ἀσμένως
494 2054 537 2115 ⁷,
563 2054 654 2105 καὶ
672 2054 1146 2123 συμπολεμοῦντος
1170 2053 1264 2105 καὶ
1287 2051 1502 2121 σώμασι
1531 2053 1624 2105 καὶ
1653 2052 1811 2105 ναυσὶ⁵

215 2148 315 2199 καὶ
342 2144 549 2216 χρυσῷ,
576 2147 669 2197 καὶ
701 2146 825 2199 τίνα
849 2146 999 2216 γῆςῆ
1020 2146 1287 2215 θαλάττης
1302 2145 1322 2175 ¹¹
1342 2142 1583 2216 [τόπον]⁹
1598 2146 1659 2198 ού
1678 2162 1813 2215 παρ-

214 2240 439 2307 ἔχοντος
458 2239 713 2307 ἀφορμήν
730 2237 859 2306 ¹⁹τῴ
880 2238 1133 2307 πολέμῳς
1156 2233 1224 2307 ἧν
1248 2237 1347 2306 μέν
1372 2232 1465 2290 οῦν
1478 2237 1649 2299 οὐδεὶς
1662 2238 1811 2301 ὅστις

214 2334 322 2382 οὐκ
356 2331 424 2382 ἂν
455 2330 706 2399 ήλπισεν,
736 2328 937 2393 ἔξωθεν
957 2329 1156 2381 οὑτωσὶ
1181 2329 1421 2394 σκοπῶν,
1453 2329 1811 2399 ἀναρπασθη-

214 2421 417 2473 σεσοαι
444 2420 540 2472 νῦν
556 2420 657 2490 ήδη
678 2420 778 2490 τὴν
810 2421 986 2486 πόλιν,
1009 2420 1151 2473 οὕτω
1172 2420 1214 2451 ¹⁸
1232 2419 1401 2489 κοινῷ
1426 2420 1647 2490 πολέμῳ
1676 2418 1810 2490 βαρ-

212 2512 409 2581 ϐάρων
438 2528 498 2564 τε
541 2513 637 2565 καὶ
672 2512 937 2581 Ἐλλήνων
968 2510 1336 2581 συνεχομένην
1369 2512 1444 2544 ⁸³*
1477 2512 1527 2563 οί
1565 2511 1624 2564 δέ
1663 2509 1807 2564 οὕτω

216 2605 569 2673 μετέστησαν
626 2603 694 2656 τὰ
755 2605 1081 2674 πράγματα,
1135 2602 1331 2673 ὥσπερ
1369 2602 1625 2656 ἁπάντων
1677 2601 1806 2655 τού-

210 2710 327 2745 των
360 2694 500 2763 ὑπὲρ
530 2694 733 2760 αὐτῶν,
765 2694 879 2746 ἀλλ’
917 2694 979 2745 οὐ
1002 2693 1124 2747 κατ’
1150 2692 1331 2747 αὐτῶν
1354 2692 1397 2725 ³⁸
1422 2692 1743 2762 γινομένων,
1770 2692 1804 2763 ἢ

212 2783 679 2855 στρατηγούντων
714 2786 864 2851 σφίσι
904 2784 1011 2837 τῶν
1057 2784 1352 2855 πολεμίων.
1385 2783 1640 2837 Διέλαϐον
1675 2784 1799 2836 ⁸⁴ὁέ

208 2876 501 2945 τροπαίοις
542 2876 634 2929 τὸν
694 2876 1087 2945 Ἑλλήσποντον
1139 2876 1334 2938 ἄλλους
1387 2875 1581 2929 ἄλλοσε
1635 2891 1805 2929 κατα-

208 2967 537 3034 διώκοντες,
564 2966 756 3037 ῶσπερ
796 2968 1026 3036 μελέτας
1057 2968 1259 3037 μᾶλλον
1300 2968 1361 3019 ἐν
1402 2968 1587 3034 σφίσιν
1620 2966 1803 3028 αὐτοῖς

210 3061 249 3127 ἢ
288 3060 601 3129 ναυμαχίας
653 3062 791 3130 πρὸς
839 3061 966 3122 τοὺς
1026 3058 1453 3129 ἐντυγχάνοντας
1499 3059 1585 3112 ἀεὶ
1626 3056 1804 3110 ποιού-

1917 1955 2024 2007 mul
2057 1964 2112 2009 et
2154 1956 2369 2010 barbari
2410 1958 2549 2012 bello
2577 1970 2853 2014 vexarent.
2902 1960 2971 2013 At
3004 1963 3055 2015 bi
3091 1978 3212 2017 eam
3248 1962 3497 2019 fecerunt

1914 2062 2091 2100 rerum
2116 2049 2491 2113 mutationem,
2534 2052 2690 2120 quasi
2719 2064 3008 2122 apparatus
3060 2055 3151 2109 ille
3194 2071 3299 2111 non
3346 2059 3499 2110 dam-

1913 2152 2039 2190 num
2091 2139 2221 2206 ipsis
2271 2142 2447 2210 potius
2471 2156 2633 2211 quatn
2666 2145 2928 2199 auxilium
2960 2146 3252 2211 attulisset,
3285 2148 3499 2218 ipsique

1911 2228 2045 2281 adeo
2095 2231 2278 2284 hostes
2325 2230 2449 2285 belli
2504 2232 2755 2288 ducesse
2818 2238 3191 2304 praebuissent.
3253 2238 3497 2310 Tropaeis

1911 2314 2313 2386 Hellespontum
2340 2320 2731 2389 distinxerunt,
2764 2326 2885 2381 aliis
2910 2328 3017 2383 alio
3046 2327 3265 2398 fugatis,
3294 2347 3356 2386 ac
3388 2348 3485 2387 ve-

1911 2408 2185 2465 litatioues
2208 2414 2385 2479 potius
2427 2428 2587 2482 quam
2622 2417 2806 2484 praelia
2846 2433 2967 2472 eum
3016 2421 3191 2478 obviis
3239 2427 3495 2477 commit-

1911 2511 2108 2570 tentes,
2155 2507 2607 2573 quemadmodum
2648 2519 2759 2563 tmn
2802 2525 2828 2563 a
2864 2512 3041 2577 nobis,
3093 2524 3206 2568 tum
3255 2517 3324 2571 ab
3372 2518 3493 2572 aliis

1908 2604 2064 2646 antea
2091 2595 2291 2649 dictum
2340 2598 2459 2651 fuit.
2496 2598 2736 2667 Denique
2783 2602 2846 2653 ad
2879 2602 3136 2672 Cyzicum
3168 2606 3330 2660 simul
3363 2622 3487 2660 cum

1906 2683 2349 2753 Lacedtemoniis,
2404 2688 2628 2753 Graecis,
2697 2691 2943 2747 barbaris
2974 2734 2989 2757 ,
3043 2704 3100 2749 et
3145 2696 3496 2751 Pharnabazo

1906 2781 2203 2848 congressi,
2240 2796 2404 2834 naves
2430 2797 2641 2847 omnes,
2672 2794 2866 2851 praeter
2904 2800 2997 2839 eus
3040 2802 3173 2854 quas
3209 2791 3495 2857 depresse-

1906 2881 2049 2937 rant,
2074 2881 2351 2941 ceperunt.
2387 2875 2570 2943 itaque
2599 2889 2719 2943 quae
2747 2884 2890 2929 tanta
2917 2877 3195 2931 laborarat
3234 2880 3496 2935 seditione

1905 2961 2119 3026 civitas,
2154 2963 2257 3017 boc
2316 2974 2561 3032 tempore
2603 2982 2669 3018 ne
2710 2968 3037 3022 memiouem
3076 2970 3291 3037 quidem
3344 2974 3495 3040 pacis

1906 3051 2033 3106 fecit
2065 3052 2251 3118 ullam,
2284 3070 2407 3107 cum
2442 3056 2513 3107 illi
2540 3056 2736 3123 quibus
2765 3066 2842 3110 tot
2888 3058 3041 3111 initio
3083 3061 3495 3129 suppeditarunt

211 3167 397 3221 μενοι.
429 3152 659 3223 Είρηταί
692 3168 775 3215 τε,
806 3151 898 3204 καὶ
932 3150 1275 3221 ἐνεθυμήθην
1306 3150 1382 3213 ὼς
1425 3150 1596 3219 ἑτέρῳ
1623 3146 1800 3218 προεί-

1908 3150 2213 3211 commoda,
2244 3148 2395 3202 clade
2439 3159 2683 3218 accepta,
2719 3166 2839 3204 mox
2875 3152 2941 3204 ad
3001 3167 3186 3220 pacem
3236 3152 3492 3224 confuge-

210 3259 403 3313 ρηται.
433 3244 599 3307 Τέλος
641 3243 687 3297 δ’
729 3244 825 3295 ἐπὶ
860 3243 1085 3310 Κυζίκῳ
1145 3243 1517 3310 συμπεσόντες
1561 3240 1681 3312 [661
1708 3237 1798 3310 6.]

1909 3248 2049 3292 rent.

206 3335 354 3403 ὁμοῦ
380 3335 834 3403 Λακεδαιμονίοις
878 3336 971 3386 καὶ
1003 3336 1115 3395 τοῖς
1157 3334 1267 3386 άπὸ
1295 3334 1393 3401 τῆς
1430 3332 1679 3393 Ἑλλάδος
1714 3331 1811 3383 καὶ
1846 3333 1957 3392 τοῖς
1983 3330 2091 3382 ἀπὸ
2108 3330 2208 3398 τῆς
2236 3328 2425 3392 Ἀσίας
2458 3330 2755 3399 βαρϐάροις
2776 3333 2872 3384 καὶ⁵
2924 3332 3261 3403 Φαρναϐάζῳ
3287 3334 3494 3404 λαμϐά⁵

209 3443 370 3478 νουσι
402 3426 504 3488 τὰς
537 3425 666 3487 ναῦς
697 3425 848 3494 παρὰ
876 3424 1128 3476 τοσοῦτον
1149 3424 1209 3475 ού
1238 3424 1439 3486 πάσας,
1464 3423 1596 3491 παρ’
1651 3424 1779 3484 ὅσας
1814 3420 2145 3490 διέφθειραν.
2179 3420 2343 3471 ὀστε
2370 3421 2469 3491 ¹⁸ή
2506 3422 2605 3490 μὲν
2631 3422 2884 3474 τοσοῦτον
2926 3424 3327 3493 ὑπερϐληθείσα
3384 3426 3490 3478 ὑπὸ

206 3524 317 3591 τῆς
378 3520 694 3583 συστάσεως
743 3520 897 3582 πόλις
951 3519 1059 3570 οὐδ’
1106 3519 1276 3588 ὄνομα
1315 3519 1535 3592 εἰρήνης
1595 3518 1682 3568 ἐπ’
1716 3517 1941 3569 ἐκείνων
1971 3515 2077 3565 τῶν
2116 3516 2325 3584 χρόνων
2379 3515 2678 3583 ἐνενόησεν,
2738 3519 2785 3568 οί
2814 3516 2857 3567 δ’
2887 3516 3013 3571 ,άπὸ
3057 3517 3326 3571 τοσούτων
3383 3522 3479 3572 καὶ

206 3614 555 3688 τηλικούτων
609 3614 1097 3683 πλεονεκτημάτων
1150 3612 1464 3682 ὁρμώμενοι
1530 3611 1834 3680 πληγέντες
1879 3609 2215 3675 κατέφευγον
2241 3609 2401 3671 εὐθὺς
2434 3610 2528 3660 ἐπὶ
2558 3613 2656 3679 τὴν
2686 3612 2925 3679 εἰρήνην.

290 3710 413 3763 Ἐτι
446 3710 492 3741 ¹⁶
516 3710 571 3763 δὲ
602 3710 740 3779 αὑτὴ
772 3710 869 3779 μὲν
922 3708 1056 3777 πρὸς
1106 3706 1352 3769 ἃπαντας
1381 3706 1516 3776 ὁμοῦ
1543 3706 1797 3774 πολεμεῖν

203 3799 560 3869 ἠνάγκασται
579 3799 620 3829 ⁸⁷
644 3798 770 3861 τοὺς
800 3797 1052 3859 ἐπιόντας
1074 3797 1107 3864 ἢ
1137 3795 1440 3857 κινοῦντας,
1458 3796 1566 3848 τῶν
1586 3794 1630 3846 δ’
1650 3796 1800 3845 ἐναν-

203 3892 347 3943 τίων
374 3891 423 3943 οί
456 3892 699 3943 πλεῖστοι
744 3888 880 3961 πρὸς
920 3890 1087 3959 μέρος
1135 3887 1306 3957 αὐτῆς
1360 3887 1698 3955 άντήρκασιν
1727 3884 1793 3949 ⁸⁸,

205 3984 421 4049 ἁθρόας
470 3982 528 4033 δὲ
571 3982 671 4051 τῆς
734 3981 1013 4049 δυνάμεως
1044 3980 1077 4051 ἢ
1110 3982 1196 4042 τὶς
1226 3980 1260 4050 ἣ
1289 3980 1466 4041 οὐδεὶς
1505 3977 1790 4047 ἐπειράθη.

206 4076 379 4126 ’Ὥστε
413 4074 445 4141 ἠ
475 4073 584 4125 τῶν
644 4070 944 4140 ⁹Ἀθηναίων
988 4068 1143 4132 πόλις
1172 4071 1424 4136 νενίκηκε
1466 4068 1564 4137 μέν
1624 4067 1792 4120 πολλὰ

203 4164 277 4233 δὴ
308 4162 591 4223 πολλάκις,
621 4160 761 4229 αὐτὴ
822 4158 866 4211 δ’
886 4158 975 4211 ῐσα
1008 4159 1101 4210 καὶ
1154 4157 1423 4225 ἀήττητός
1454 4158 1588 4208 ἐστι.
1634 4155 1708 4207 Τδ
1734 4155 1792 4208 δέ

207 4256 435 4307 πάντων
489 4253 768 4321 μέγιστον,
812 4250 891 4302 ὅτι
928 4248 1098 4317 αὐτῆς
1138 4248 1235 4318 μὲν
1265 4248 1439 4310 οὐδεὶς
1490 4248 1793 4315 ἐκράτησεν

207 4347 413 4416 (οὐδεὶς
440 4346 549 4415 γάρ
575 4342 748 4410 αὐτῆς
773 4342 873 4412 τὴν
936 4341 1162 4410 γνώμην
1206 4341 1611 4409 παρεστήσατο,
1654 4337 1790 4390 ἀλλὰ

207 4436 474 4506 στρατιᾶς
503 4436 695 4503 γέγονε
742 4432 923 4485 πάντα
953 4432 1020 4484 τὰ
1066 4430 1293 4483 τοιαῦτα
1340 4431 1383 4462 ¹⁹
1422 4428 1787 4499 ἀτυχήματα),

206 4525 354 4593 αὑτὴ
377 4524 433 4577 δὲ
462 4524 559 4585 τὰς
591 4521 817 4591 γνώμας
843 4520 950 4573 τῶν
976 4519 1232 4573 ἐναντίων
1263 4520 1307 4551 ⁸⁸
1335 4518 1449 4589 ἃμα
1471 4522 1579 4580 τοῖς
1607 4518 1789 4587 ἔργοις

204 4615 559 4679 δεδούλωται,
584 4612 791 4684 Ξέρξην
824 4612 924 4683 μὲν
953 4612 1177 4681 φεύγειν
1226 4610 1335 4663 ἀπὸ
1390 4610 1497 4663 τῶν
1532 4610 1790 4681 πραγμά-

207 4724 325 4760 των
356 4708 630 4776 ποιήσασα
678 4706 736 4757 ἐν
789 4704 955 4775 εὐχῆς
1004 4704 1183 4774 μέρει,
1222 4702 1682 4773 Λακεδαιμονίους
1733 4702 1791 4754 δὲ

208 4799 550 4855 ἀνακλίνασα
576 4799 673 4867 οὐχ
694 4791 855 4868 ἦττον
880 4798 1006 4859 τοὺς
1041 4795 1337 4857 ἀκούοντας
1358 4795 1389 4865 il
1417 4796 1543 4857 τοὺς
1588 4794 1647 4845 ἐν
1671 4794 1791 4855 ταῖς

210 4895 419 4964 μάχαις
449 4891 723 4961 παρόντας
748 4890 842 4942 καὶ
866 4888 1203 4949 πταίσαντας
1234 4887 1433 4941 αὐτῶν.

245 4986 264 5058 ί
290 4987 381 5048 El;
410 4986 461 5037 τί
487 4983 799 5047 ἀνέκλινεν;
828 4982 961 5051 ἣεὶς
990 4982 1050 5033 τὸ
1088 4979 1421 5049 ἐπιθυμῆσαι
1454 4978 1751 5051 εἰρήνηςς]

287 5078 522 5147 Εἰρήνην
543 5078 586 5107 ¹¹
616 5076 725 5145 γάρ
757 5073 1173 5142 Λακεδαιμόνιοι
1218 5072 1538 5142 ἀπηξίωσαν
1561 5076 1787 5143 ποιήσας

208 5169 339 5221 σοιι
374 5168 509 5237 πρὸς
544 5168 837 5235 Θηϐαίους,
891 5167 1031 5236 μόνῃ
1064 5168 1130 5234 τῇ
1184 5165 1289 5217 τῶν
1337 5164 1635 5234 Ἀθηναίων
1688 5164 1786 5217 πό-

205 5260 292 5311 λει
352 5257 658 5329 νομίζοντες
726 5256 896 5309 είκειν
968 5253 1222 5324 εὐπρεπῆ
1279 5255 1567 5325 συμφορὰν
1624 5250 1787 5310 εἶναι.

1973 3703 2217 3772 Cumque
2252 3704 2366 3771 ipsa
2412 3703 2572 3755 simul
2606 3714 2795 3756 contra
2825 3704 3063 3758 omnium
3101 3706 3331 3773 impetus
3384 3721 3483 3775 op-

1899 3814 2099 3868 ponere
2130 3814 2190 3853 se
2221 3808 2409 3851 coacta
2440 3798 2531 3863 sit,
2568 3800 2751 3854 hostes
2810 3800 3057 3868 plerique
3116 3808 3324 3867 partem
3363 3801 3480 3869 ejus

1897 3887 2129 3955 aliquam
2157 3883 2500 3949 infestarunt,
2522 3885 2805 3941 universas
2831 3887 3015 3954 copias
3048 3902 3322 3955 nunquam
3349 3896 3477 3940 sunt

1896 3978 2159 4048 aggressi.
2194 3978 2533 4045 Quapmpter
2558 3986 2615 4030 et
2642 3978 2918 4031 civitatem
2949 3977 3108 4040 hanc,
3165 3988 3220 4032 et
3278 3978 3477 4031 multos

1894 4082 2036 4135 same
2063 4067 2277 4131 vicisse,
2308 4076 2359 4120 et
2390 4077 2647 4134 perpetuo
2680 4068 2938 4121 invictam
2989 4084 3307 4137 permanere
3356 4085 3473 4122 mc-

1895 4160 2001 4213 rito
2034 4158 2351 4211 dixerimus.
2389 4157 2527 4224 Quia
2566 4160 2708 4227 quod
2740 4161 2854 4228 ipsa
2898 4175 3054 4215 nemo
3084 4175 3319 4229 unquam
3374 4176 3472 4229 pn-

1896 4251 2024 4302 titus
2051 4259 2152 4313 est,
2199 4265 2295 4302 nec
2319 4251 2435 4316 ejus
2497 4250 2778 4303 consiliqu
2839 4253 3084 4316 mutarit,
3137 4254 3476 4320 quandoqui-

1895 4338 2015 4388 dem
2048 4336 2271 4405 reliquze
2300 4336 2481 4389 clades
2511 4337 2577 4389 ad
2628 4339 2925 4391 exercitum
2978 4337 3312 4400 referuntur,
3348 4354 3471 4392 cum

1898 4427 2008 4496 ipsa
2045 4438 2152 4480 tam
2193 4428 2419 4481 consilia
2453 4428 2689 4481 hostium
2750 4444 2912 4496 quam
2954 4428 3096 4483 facta
3147 4430 3469 4499 subjugarit,

1896 4519 2090 4583 partim
2123 4514 2301 4569 Xerxe
2333 4531 2398 4569 ex
2434 4526 2560 4570 voto
2587 4520 2805 4588 egregie
2840 4518 3045 4587 fugato,
3079 4521 3272 4587 partim
3312 4519 3474 4575 Lace-

1888 4608 2190 4673 daemoniis,
2227 4618 2283 4660 et
2308 4608 2641 4673 absentibus,
2670 4620 2725 4662 et
2756 4610 3135 4678 praesentibus,
3164 4620 3326 4681 atque
3385 4613 3473 4665 vi-

1889 4698 1989 4752 ctis
2013 4697 2303 4767 repressis.

1968 4978 2081 5051 [Ad
2132 4978 2259 5048 quid
2292 4978 2586 5044 inclinavit,
2643 4982 2745 5036 nisi
2772 4984 2838 5035 ad
2865 4985 3207 5053 cupiditatem
3242 4987 3461 5059 pacis”

1966 5070 2175 5124 Etenim
2211 5067 2595 5124 Lacedmmouii
2652 5087 2773 5125 cum
2808 5089 2907 5128 nec
2939 5090 3124 5144 pacem
3176 5093 3294 5131 cum
3323 5078 3463 5132 Tlte-

1895 5162 2048 5217 banis
2074 5161 2255 5215 facere
2282 5162 2653 5228 dignarentur,
2694 5164 2824 5217 solis
2853 5167 3078 5221 Atbeuis
3141 5168 3362 5221 honeste
3408 5184 3465 5223 se

1894 5269 2142 5309 cessuros
2178 5252 2301 5317 rati,
2328 5260 2383 5305 et
2412 5267 2535 5305 cum
2567 5255 2689 5309 aliis
2709 5268 2775 5309 ex
2796 5254 3163 5326 Peloponneso
3193 5261 3461 5329 ennjuncti

1532 5371 1765 5428 VARIE
1806 5372 2209 5429 LECTIONES.

286 5520 301 5549 '
333 5516 534 5586 μείζων
564 5517 626 5579 Α,
655 5515 838 5584 μεῖζον
867 5515 927 5572 Β.
998 5517 1019 5548 '
1052 5516 1199 5569 δοκεῖ
1221 5530 1333 5586 om.
1358 5512 1426 5565 Α.
1504 5512 1525 5544 ³
1549 5511 1703 5586 τάξιν
1723 5512 1826 5586 ,καὶ
1854 5513 2209 5586 σωφροσύνην
2240 5532 2301 5579 ς’.
2378 5514 2401 5547 δ
2430 5514 2810 5586 καταστάντων
2837 5516 2956 5586 add.
2990 5515 3054 5569 A.
3131 5516 3459 5586 ’κεκυκλω-

208 5582 391 5688 μένων
421 5604 478 5650 ς.
538 5587 580 5687 1⁸.
593 5582 981 5688 xdxslvoolmn.
1008 5587 1072 5640 Δ.
1111 5584 1390 5688 ’ἑλομένου
1604 5582 1877 5688 θαλξῖἷῃς
1902 5582 1987 5668 ς(
2045 5584 2256 5675 ’,τόπον
2281 5600 2392 5688 aut.
2423 5586 2491 5673 Δἶ
2569 5585 3009 5688 ⁸⁸ὶάφορμήνῆοξ,
3036 5585 3363 5688 παρέχοντος
3395 5602 3456 5647 ς.

294 5674 435 5688 -......
601 5671 829 5688 -..υρυηη
867 5673 963 5688 ...υ
988 5671 1075 5688 η...
1350 5669 1425 5688 ...ρ
1458 5670 1486 5688 η
1520 5668 1696 5688 ...ρων
1863 5671 1922 5688 ι...
1955 5670 2056 5688 ...φ
2102 5671 2280 5688 -..νων
2382 5672 2395 5685 .
2440 5671 2500 5688 η..
2541 5670 2609 5688 ν.
2678 5671 2857 5688 ...η-...υ
3032 5671 3108 5688 ...-
3144 5671 3373 5688 ηη...,..υ
3396 5670 3435 5688 ρ-

936 5673 963 5705 ν
988 5671 1097 5709 mn.
1133 5657 1198 5708 Δ.
1236 5654 1241 5655 ⁷
1280 5654 1321 5684 ⁸³
1350 5654 1486 5720 ὑπὲρ

293 5655 455 5708 οὕτω.
538 5658 580 5687 ¹¹
601 5656 963 5726 συνεχομένην
988 5671 1097 5709 om.
1133 5657 1198 5708 Δ.
1280 5655 1321 5684 ⁸³

293 5723 553 5795 διέλαϐον]
596 5740 647 5795 ρ.
677 5724 802 5779 280.
886 5726 928 5757 ’⁸
953 5723 1118 5795 ὥστε]
1150 5740 1203 5795 p.
1240 5722 1335 5777 281

210 5728 257 5757 ⁸⁵
282 5723 553 5796 διέλαϐον]
596 5740 647 5796 p3
677 5723 802 5779 28οέ

205 5809 265 5850 et
292 5812 437 5849 corr.
464 5789 553 5849 Δ(
597 5789 649 5825 “¹⁹
675 5795 896 5850 τοιαῦτα
926 5794 1049 5848 add.
1078 5789 1142 5849 Ᾰ.

1444 5670 1486 5720 ερ
1520 5654 1696 5703 αὐτῶν
1720 5652 1834 5706 ἀλλ’
1863 5654 1922 5704 ού
1955 5654 2075 5705 κατ’
2102 5655 2280 5705 αὐτῶν
2308 5656 2351 5705 Α
2382 5672 2395 5707 :
2440 5655 2500 5706 οὐ
2541 5654 2636 5707 καὶ
2677 5652 2862 5706 αὐτῶν
2895 5654 3009 5706 ἀλλ’
3032 5652 3373 5722 ὺπέραὺτῶν
3396 5670 3457 5716 ς’.

1444 5723 1487 5753 ι.
1519 5724 1589 5753 ἔρ.
1643 5736 1673 5753 n
1717 5722 1824 5753 οΩξ
1942 5724 1981 5753 Ιτ
2019 5723 2273 5753 ...ἴρηοῗιι
2304 5722 2438 5753 Α..,.π
2473 5724 2843 5753 δηυιυα-..Αι-
2974 5725 3015 5753 ιε
3046 5725 3383 5753 ln..&-u.--u
3420 5724 3457 5753 n

1240 5722 1366 5805 28f:
1444 5723 1487 5753 “
1516 5724 1595 5774 ἔτι
1642 5736 1695 5787 p.
1717 5722 1846 5777 285.
1942 5724 1981 5754 "
2019 5723 2273 5792 πολεμείν
2303 5722 2438 5792 ὁμοῦ
2473 5724 2783 5790 ἡνάγκαστο
2802 5740 2863 5785 ς.
2974 5725 3015 5754 ⁸⁸
3045 5725 3217 5809 άντήρ

1218 5796 1265 5827 ὀ
1294 5809 1403 5845 των
1434 5792 1693 5845 ἐναντίων
1719 5807 1826 5847 om.
1866 5792 1929 5856 Δ,
1955 5807 1983 5847 a
2014 5804 2319 5849 correctore
2351 5795 2510 5847 habet
2535 5793 2593 5846 Β.
2684 5794 2727 5826 ⁸⁸
2757 5794 2978 5863 είρήνην
3013 5809 3066 5863 p.
3096 5794 3221 5848 εδδ.

1942 5724 1981 5809 ‘_'
2019 5722 2438 5809 MPE‘Y‘M
2473 5724 2867 5809 ἠνέγκαετοςς
2974 5725 3015 5754 ι’
3045 5725 3383 5809 «mpm»
3418 5724 3460 5775 Β
