4216 6430
744 393 884 459 14Ἱ5

1891 389 2151 449 ΡΙΙΟΤΙῙ
2194 388 2697 450 PATRlARClI/E
2735 390 2844 450 (ΖΡ.

3857 388 3999 451 1476

743 511 859 579 ejus
886 510 1110 563 salutem
1145 520 1251 560 non
1283 512 1392 557 tam
1427 503 1619 559 all‘erre
1666 517 1829 572 quam
1879 508 2149 572 postulare
2182 518 2309 574 pos-
2336 550 2350 573 Δ

2425 502 2549 556 Ἀνα
2558 502 2837 573 μιχθέντες
2852 500 2909 554 δὲ
2928 502 3040 564 τοῖς
3052 498 3233 563 ἄλλοις
3256 500 3536 569 πολεμίοις
3554 503 3600 532 ⁸⁸
3615 498 3783 572 [1225
3810 501 3881 554 R.
3891 501 3909 571 ι
3931 503 3995 553 οὐ

745 608 889 663 sent,
943 595 1140 668 $05!;
1168 603 1328 650 erant
1375 608 1503 647 vero
1547 592 1705 661 paulo
1752 592 1931 659 plures
1958 608 2116 659 quant
2144 594 2317 660 quin-

741 690 1015 759 quaginta,
1044 687 1200 755 primi
1226 686 1385 752 huius
1411 683 1619 738 consilii
1640 692 1917 748 auctores,
1944 684 2144 751 pariter
2188 697 2318 736 con-

744 792 822 833 tra
876 777 1336 838 Lacedaemonios,
1396 775 1533 827 mari
1586 784 1838 842 terraque
1890 774 2230 840 imperantes,
2264 782 2318 827 et

741 884 835 923 eos
866 870 957 937 qui
985 869 1036 921 iu
1074 868 1205 921 urbe
1236 876 1416 930 erant,
1444 864 1744 933 periculose
1767 865 2084 933 objecerunt
2113 880 2127 917 :
2162 864 2306 932 quod

740 962 1114 1013 existimarent
1150 957 1252 1011 sibi
1287 957 1368 1009 vel
1410 958 1595 1010 liberis
1626 956 1934 1019 vivendum,
1976 956 2057 1009 vel
2107 956 2317 1023 ignavis

740 1050 1093 1117 oppetendum
1123 1060 1264 1109 esse,
1305 1060 1376 1099 ne
1416 1045 1587 1098 solem
1649 1048 1925 1099 conscium
1957 1047 2315 1099 intuerentur.

742 1139 811 1194 Ut
840 1140 981 1191 enim
1010 1137 1159 1205 juxta
1192 1149 1535 1188 communem
1568 1135 1843 1187 hominum
1864 1144 2115 1187 naturam
2142 1150 2316 1203 agro—

742 1232 893 1292 tavit,
926 1231 997 1283 ita
1034 1230 1185 1297 juxta
1225 1242 1376 1281 suam
1410 1225 1511 1279 fuit
1548 1236 1764 1289 sanata,
1797 1226 2117 1294 laudemque
2150 1241 2219 1280 ex
2251 1240 2318 1281 eo

740 1318 1021 1387 majorem,
1055 1333 1214 1387 quam
1245 1318 1451 1370 cladem
1500 1316 1759 1383 percepit.
1790 1314 1942 1381 Quod
1976 1330 2097 1368 cum
2156 1314 2319 1369 fecis-

738 1422 877 1477 sent,
923 1420 1039 1465 tum
1074 1412 1269 1466 deinde
1318 1409 1565 1463 hostibus
1624 1407 1961 1471 fortitudine,
2019 1417 2072 1461 et.
2131 1407 2319 1462 amicis

738 1503 995 1570 (equitate
1059 1502 1351 1568 superatis,
1388 1500 1590 1567 partim
1626 1498 1832 1553 bellicis
1861 1498 2081 1558 viribus,
2124 1498 2317 1564 partim

741 1605 955 1647 maturo
983 1602 1102 1661 post
1138 1606 1223 1645 res
1250 1598 1431 1660 gestas
1462 1590 1711 1653 consilio,
1756 1590 1985 1657 patriam
2018 1602 2314 1655 recupera-

741 1693 884 1736 runt.
937 1682 1275 1750 QuaprOpter
1332 1682 1377 1734 si
1411 1682 1533 1748 quis
1562 1680 1743 1732 omnia
1797 1694 1901 1732 non
1933 1682 2142 1732 studeat
2172 1694 2319 1733 com-

741 1771 922 1837 plecti,
966 1774 1009 1825 is
1034 1781 1306 1838 acceptam
1344 1771 1395 1823 in
1448 1770 1585 1823 bello
1616 1770 1827 1823 cladem
1859 1777 2037 1836 potest
2072 1770 2318 1822 dissimu-

2421 594 2620 662 μᾶλλον
2643 591 2839 655 σώζειν
2858 592 3075 661 ἐτέρους
3107 588 3274 659 εἶχον,
3293 592 3322 659 ἢ
3348 590 3460 644 τῶν
3474 590 3652 645 ἄλλων
3669 591 3882 644 ἐδέοντο
3898 590 4003 642 σώ-

2417 682 2527 746 ζειν
2558 684 2720 749 σφᾶς.
2750 682 2818 735 Οῖ
2851 698 2911 748 γε
2944 682 2989 712 ⁸⁸
3013 681 3208 747 ὀλίγων
3233 682 3331 750 μὲν
3364 681 3583 743 πλείους
3624 681 3777 741 ὅντες
3806 679 3843 748 ἢ
3875 696 4005 731 πεν-

2414 772 2655 841 τήκοντα
2683 775 2731 824 ol
2760 772 2967 843 πρῶτοι
3005 773 3053 803 ⁸⁵
3076 770 3251 824 ταῦτα
3282 770 3671 840 βουλεύσαντες
3692 769 3833 837 ὁμοῦ
3855 769 4001 839 πρός

2415 880 2475 916 τε
2510 863 2610 933 τὴν
2662 864 3097 933 Λακεδαιμονίαν
3161 862 3337 932 ἀρχὴν
3371 862 3474 933 γῆς
3516 862 3610 914 καὶ
3648 851 3925 929 θαλάτὲης
3954 862 3999 892 ⁸⁸

2416 954 2715 1016 obeamus!
2751 954 2887 1023 πρὸς
2929 954 3055 1017 τοὺς
3081 954 3139 1005 ἐν
3175 954 3314 1022 αὐτῇ
3344 955 3410 1023 τῇ
3460 953 3613 1004 πόλει
3659 952 4001 1004 κινδυνεύειν

2418 1044 2755 1113 ὑπέστησαν,
2796 1045 3030 1113 οἰόμενοι
3089 1044 3200 1097 δεῖν
3231 1044 3263 1113 ἦ
3290 1045 3390 1114 ζῇν
3410 1044 3469 1096 ἐν
3495 1043 3799 1113 ἐλευθερίᾳ,
3850 1044 3886 1111 ἢ
3925 1043 3998 1110 μὴ

2420 1137 2695 1205 προσορᾷν
2726 1136 2818 1187 τὸν
2841 1135 2991 1204 ἣλιον
3046 1135 3245 1197 κακίας
3280 1135 3535 1205 μάρτυρα
3590 1135 3810 1196 ἑαυτοῖς
3838 1134 3887 1163 ’⁸
3918 1150 4001 1199 γε·

2418 1230 2665 1295 νόμενον.
2684 1227 2939 1297 Ἐνόσησε
2962 1226 3061 1297 μέν
3080 1228 3191 1297 γὰρ
3218 1230 3286 1297 τῇ
3317 1226 3426 1280 τῶν
3442 1226 3661 1279 πάντων
3685 1226 4000 1295 ἀνθρώπων

2420 1319 2600 1387 φύσει,
2640 1319 2762 1387 ίάθη
2792 1320 2849 1372 δὲ
2876 1322 2943 1388 τῇ
2973 1320 3193 1387 ἑαυτῆς.
3225 1318 3368 1371 ὥστε
3421 1318 3516 1371 καὶ
3567 1317 3726 1370 τοῦτο
3754 1318 3798 1348 ⁸⁸
3831 1317 3996 1385 ζῆλον

2423 1412 2559 1481 αὐτῇ
2617 1412 2819 1479 μᾶλλον
2876 1412 3133 1480 ἐνήνοχεν
3164 1411 3198 1481 ἢ
3234 1411 3541 1480 συμφοράν.
3602 1410 4000 1478 Κρατήσαντες

2418 1502 2473 1553 δέ
2498 1502 2733 1572 εὐψυχίᾳ
2758 1503 2801 1534 ²⁹
2830 1503 2953 1564 τοὺς
2976 1502 3226 1571 ἐχθροὺς,
3264 1501 3535 1570 ἐπιεικείᾳ
3578 1502 3705 1562 τοὺς
3760 1500 3998 1560 σίκείους

2419 1592 2697 1662 ἐνίκησαν.
2731 1592 3085 1660 Χρησάμενοι
3118 1591 3175 1643 δὲ
3200 1590 3553 1659 ἀμφοτέροις,
3594 1589 3689 1641 καὶ
3722 1592 3789 1655 τῇ
3847 1590 3999 1657 παρὰ

2419 1684 2544 1745 τοὺς
2594 1684 2813 1749 ἀγῶνας
2855 1684 3079 1753 ἀνδρείᾳ
3110 1684 3204 1735 καὶ
3251 1682 3331 1748 τῷ
3367 1681 3507 1750 μετά
3552 1682 3653 1742 τὰς
3711 1680 4001 1749 πράξειςά

2419 1774 2498 1825 δεῖ
2554 1774 2969 1842 βουλεύσασθαι,
3016 1773 3190 1836 οὕτως
3244 1775 3607 1843 ἀνεκτήσαντο
3660 1772 3762 1841 τὴν
3820 1773 3998 1824 πόλιν.

742 1863 875 1922 lare,
941 1861 1375 1929 quandoquidem
1441 1870 1731 1927 sequentes
1793 1872 1882 1911 res
1938 1859 2157 1923 eodem,
2211 1872 2317 1928 quo

2422 1865 2571 1916 Ὥστ⁹
2600 1866 2656 1917 εί
2684 1883 2767 1927 τις
2791 1865 3030 1933 βούλοιτο
3058 1865 3134 1935 μὴ
3168 1865 3344 1918 πάντα
3365 1865 3689 1934 διηγεῖσθαι,
3724 1867 3932 1915 ἐνεῖναι
3958 1865 3999 1893 ³⁸

743 1952 969 2021 priores,
1000 1952 1225 2006 consilio
1246 1961 1370 2005 sunt
1400 1960 1456 2005 et
1483 1962 1673 2006 eventu
1703 1961 1959 2019 peractae.

818 2215 1368 2292 [Quaexsuperantia
1420 2217 1918 2274 naneevehendatu
1965 2232 2083 2273 esse
2126 2216 2313 2273 urbem

741 2310 1207 2382 existimandum]

813 2404 928 2458 Jant
955 2404 1082 2457 illud
1113 2402 1284 2455 nihilo
1311 2402 1490 2455 secius
1519 2402 1679 2471 quam
1712 2406 2019 2472 superiora,
2055 2412 2165 2455 tum
2191 2418 2319 2457 nar-

746 2511 869 2549 rare
895 2505 1005 2548 tum
1030 2493 1290 2547 admirari
1318 2495 1599 2559 debemus,
1618 2496 1759 2563 quod
1784 2509 1901 2547 cum
1925 2493 2316 2548 Lacedaemonii

749 2603 810 2639 ea
844 2600 964 2654 qua:
996 2586 1211 2652 triginta
1242 2586 1375 2637 viris
1398 2593 1586 2637 contra
1622 2583 1874 2651 populum
1915 2590 2313 2647 mutuaverant,

746 2688 1027 2744 postquam
1064 2676 1204 2728 inter
1226 2688 1320 2727 eos
1342 2675 1615 2736 convenit,
1650 2673 1877 2743 populus
1911 2688 1975 2726 ex
2008 2684 2159 2742 parte
2190 2690 2315 2742 per-

746 2766 931 2827 solvit,
978 2780 1087 2833 quo
1151 2764 1381 2816 ﬁrmitas
1442 2765 1735 2818 lmderibus
1789 2762 1961 2830 major
2010 2767 2313 2821 accederet.

748 2856 979 2922 Populus
1020 2856 1162 2907 enim
1194 2854 1265 2907 ibi
1300 2853 1583 2917 collectus,
1611 2855 1734 2909 aliis
1781 2855 1833 2907 iu
1890 2854 2134 2908 adversis
2177 2856 2316 2910 bene

745 2945 997 3014 sperandi
1036 2943 1342 3010 exemplum
1376 2945 1671 3011 praebebat,
1704 2944 1971 3013 simulque
2015 2945 2065 2997 in
2097 2960 2312 3011 manus,

745 3054 809 3088 ae
860 3050 1022 3103 prope
1068 3034 1121 3086 in
1179 3047 1483 3087 sermonem
1526 3043 1874 3097 convenerat,
1914 3035 2064 3101 quasi
2104 3050 2208 3102 pro
2254 3048 2314 3088 se

749 3126 980 3177 invicem
1039 3122 1369 3185 dimicaturi,
1425 3133 1483 3173 ut
1536 3120 1640 3174 diei
1702 3136 1807 3174 non
1869 3123 2074 3189 possit,
2134 3131 2311 3175 utrum

749 3217 1067 3269 detestanda
1126 3215 1299 3282 magis
1367 3222 1512 3266 esset
1587 3212 2021 3265 adversariorum
2097 3199 2382 3276 seditio,C

748 3325 906 3376 quam
964 3322 1091 3361 vero
1143 3306 1347 3361 civitati
1404 3306 1507 3358 hoc
1556 3307 1716 3358 modo
1765 3304 2007 3359 liberatae
2057 3304 2312 3371 optanda.

752 3398 957 3451 Etcum
1011 3396 1158 3464 pacis
1195 3393 1524 3448 mentionem
1558 3392 1683 3457 feci,
1714 3407 1902 3462 parum
1951 3394 2204 3450 quiddam
2254 3394 2319 3446 de

749 3503 810 3540 ea
839 3498 1101 3556 repetam.

828 3686 1163 3756 Quapropter
1187 3693 1243 3738 et
1279 3684 1392 3738 sola
1418 3682 1683 3737 Barbaros
1713 3692 1769 3735 ct
1798 3683 1968 3749 prima
2003 3682 2170 3746 vicit,
2198 3697 2321 3737 cum

751 3778 978 3845 aliisque
1000 3778 1307 3844 conjuncta,
1331 3776 1441 3841 ipsa
1460 3790 1564 3827 non
1583 3773 1949 3828 ntiuussueios
1965 3782 2125 3839 atque
2144 3772 2326 3827 hostes

752 3868 1053 3934 superavit.
1093 3866 1555 3932 Quemadmodum
1599 3864 1690 3932 qui
1733 3862 1919 3916 venari
1968 3861 2238 3925 nesciunt,
2276 3862 2321 3915 'si

752 3958 880 4026 quid
928 3958 1266 4021 insperantes
1302 3955 1566 4022 ceperint,
1599 3968 1702 4006 nou
1737 3953 2037 4014 dimittunt,
2075 3966 2173 4005 nec
2222 3952 2324 4004 nisi

753 4050 1069 4102 cbarissime
1127 4049 1385 4109 vendunt,
1443 4045 1811 4098 imbecillitate
1876 4059 1971 4097 sua
2042 4045 2117 4096 rei
2197 4060 2324 4111 pre-

753 4143 885 4194 tium
947 4140 1250 4194 metientes.
1298 4138 1425 4192 llzec
1468 4148 1647 4190 autem
1690 4151 1813 4189 cum
1861 4149 1921 4189 se
1969 4145 2079 4188 toto
2126 4148 2323 4203 genere

752 4242 1009 4300 praestare
1041 4240 1413 4297 cognosceret,
1441 4242 1715 4295 nunquam
1750 4226 2020 4280 sordidius
2050 4240 2106 4278 se
2132 4228 2320 4293 gessit,

750 4322 1007 4391 quoniam
1039 4322 1104 4374 de
1134 4320 1447 4373 absentibus
1474 4332 1577 4371 non
1609 4317 1777 4371 levius
1802 4331 1963 4385 quam
1995 4318 2061 4369 de
2088 4332 2324 4383 praesen-

755 4413 897 4466 tibus
926 4412 1204 4480 sperabat,
1238 4409 1436 4480 506a
1478 4409 1704 4477 ideoque
1734 4408 1897 4461 citius
1925 4410 2107 4461 omnia
2152 4408 2323 4462 hosti-

754 4502 875 4567 bus,
904 4518 1065 4571 quam
1100 4500 1175 4553 illi
1207 4516 1302 4555 sua
1336 4507 1583 4567 peterent
1623 4498 1879 4551 reddidit.

817 4673 1272 4741 Comparationcs
1338 4673 1469 4725 istas
1510 4686 1654 4740 aegre
1711 4670 1863 4733 fero,
1910 4686 2216 4739 quanquam
2271 4681 2326 4725 et

754 4765 871 4829 ipse
926 4762 1248 4830 quibusdam
1298 4758 1534 4813 absurde
1595 4759 1775 4811 facere
1835 4758 2076 4821 videbor,
2128 4761 2217 4826 qui
2270 4759 2321 4812 iu

755 4870 875 4906 eum
933 4866 1275 4913 sermonem,
1333 4865 1493 4919 quem
1553 4850 1963 4917 vituperabam,
2013 4850 2317 4915 incidet-im,

753 4959 984 5010 cumque
1022 4959 1083 4994 ea
1127 4942 1194 4995 de
1239 4956 1425 5003 causa,
1460 4949 1679 5007 pr0pter
1731 4954 1893 5007 quam
1931 4940 2108 4993 fuerat
2153 4943 2317 4995 omit-

756 5034 970 5097 tendus,
1007 5033 1305 5086 habuerim.
1332 5030 1586 5097 Quiuimo
1624 5031 1747 5083 hinc
1788 5030 1870 5083 vel
1914 5031 2147 5084 maxime
2196 5048 2320 5099 per-

759 5128 1001 5196 spicitur,
1037 5140 1134 5180 nec
1158 5137 1407 5193 magnam
1438 5121 1560 5176 illos
1600 5122 1667 5176 ab
1706 5120 1839 5175 urbe
1883 5122 2113 5190 gratiam
2163 5124 2319 5187 inire,

2420 1956 2737 2025 κλέψαιτὴν
2776 1956 3065 2023 συμϐᾶσαν
3102 1956 3145 1986 ³³
3178 1957 3271 2008 ἐπὶ
3328 1958 3423 2009 τοῦ
3471 1956 3788 2025 συμφοράνο
3824 1954 4001 2015 οὕτως

2422 2047 2660 2115 πολέμου
2683 2046 3009 2108 ἀκολούθους
3042 2046 3085 2078 ³³
3114 2047 3245 2108 ταῖς
3273 2048 3385 2101 ἀνω
3406 2047 3636 2117 πράξεσι
3667 2046 3765 2108 τὰς
3802 2046 4002 2113 ἐφεξῆς

2419 2138 2515 2191 καὶ
2544 2138 2861 2206 προείλοντο
2881 2137 2977 2188 καὶ
3040 2136 3435 2207 κατώρθωσαν.

2475 2227 2646 2301 [Πόσῃ
2675 2230 2781 2281 τινὶ
2796 2231 2863 2301 τῇ
2894 2230 3182 2300 περιουσίᾳ
3202 2228 3309 2298 χρὴ
3338 2228 3579 2297 νομίζειν
3596 2225 3804 2297 ταύτην
3832 2227 3977 2296 ὑπερ

2418 2321 2590 2391 αίρειν
2620 2322 2664 2353 ³³
2690 2321 2729 2392 ;]

2494 2415 2560 2467 Ὃ
2582 2412 2639 2466 δὲ
2665 2412 2876 2476 οὐδενὸς
2895 2410 3058 2484 ἦττον
3086 2413 3195 2465 τῶν
3248 2411 3339 2465 ὐπῗ
3369 2410 3599 2465 ἱκείνων
3642 2407 4002 2485 πραχθέντων

2418 2505 2567 2569 ἄξιον
2613 2506 2789 2557 εἰπεῖν
2823 2522 2880 2556 τε
2927 2505 3021 2557 καὶ
3055 2505 3318 2573 τιμῆσαι·
3354 2500 3793 2568 Λακεδαιμονίων
3821 2498 3931 2567 γὰρ
3969 2498 4003 2550 ἃ.

2415 2598 2528 2656 τοῖς
2546 2594 2844 2664 τριάκοντα
2865 2594 3142 2645 ἐδάνεισαν
3174 2592 3266 2644 ἐπὶ
3285 2592 3373 2645 τὸν
3397 2592 3566 2660 δῆμον
3596 2589 3999 2648 ἀπαιτούντων,

2416 2687 2603 2755 ἐπειδὴ
2680 2686 3004 2754 συνέϐησαν,
3086 2684 3366 2735 συνέτισεν
3394 2683 3499 2734 ³⁵6
3577 2681 3771 2749 δῆμος,
3828 2681 3896 2731 ἶν’
3956 2679 3998 2708 ³⁵

2418 2778 2565 2846 ἔργῳ
2601 2775 2701 2836 τὰς
2776 2775 3051 2843 συνθήκας
3108 2772 3499 2843 βεϐαιώσηται.
3563 2771 3928 2839 Παράδειγμα
3958 2771 4000 2799 ⁸⁸

2416 2869 2471 2920 δέ
2490 2866 2798 2936 ἀνθρώποις
2818 2866 2928 2919 τῶν
2960 2868 3017 2918 ἐν
3042 2868 3155 2926 τοῖς
3192 2865 3384 2927 δεινοῖς
3414 2862 3643 2915 ἐλπίδων
3668 2862 3922 2929 ἐγένοντο
3934 2863 4000 2915 ³⁷.

2426 2960 2485 3011 'U
2518 2958 2645 3029 [662
2673 2957 2766 3029 Η.]
2798 2959 2969 3028 δῆμος
3001 2956 3101 3025 ήδη
3128 2957 3535 3025 συνειλεγμένοι
3573 2956 3618 2987 ³⁸
3653 2956 3774 3025 ἅμα
3819 2971 3882 3007 τε
3922 2955 4001 3017 εἰς

2416 3054 2601 3119 χεῖρας
2624 3050 2880 3119 παρῆσαν
2899 3050 2993 3104 καὶ
3016 3049 3200 3119 σχεδὸν
3216 3052 3293 3109 εἰς
3313 3049 3522 3117 λόγους,
3541 3048 3730 3120 ὥσπερ
3746 3049 3892 3115 ὑπὲρ
3912 3048 4005 3100 ά)-

2415 3140 2616 3210 λήλων,
2637 3143 2735 3210 οὐχ
2752 3142 2893 3211 ὺπέρ
2915 3142 3122 3195 ἑαυτῶν
3146 3142 3549 3210 πολεμήσαντες
3568 3141 3850 3208 ἑκάτεραι·
3864 3140 4003 3191 ὥστε

2422 3234 2503 3303 μὴ
2558 3228 2697 3285 εἶναι
2724 3233 3012 3293 διελέσθαι,
3038 3233 3265 3301 πότερον
3317 3232 3428 3285 τῶν
3451 3232 3709 3286 ἐναντίων
3742 3228 3815 3300 ἧν
3869 3250 4001 3284 κατ-

2422 3326 2663 3395 αρᾶσθαι
2700 3326 2799 3391 τὴν
2856 3326 3065 3388 στάσιν,
3099 3324 3131 3392 ἢ
3170 3323 3276 3375 τῶν
3330 3323 3499 3375 εὔνων
3557 3323 3918 3388 συνεύξασθαι
3939 3326 4002 3391 τῇ

2420 3416 2576 3467 πόλει
2602 3414 2789 3465 τοῦτόν
2835 3430 2897 3480 γε
2931 3412 3182 3465 λυθεῖσαν
3214 3413 3258 3444 ³⁵
3288 3414 3378 3465 τὸν
3427 3414 3647 3481 τρόπον.
3695 3413 3852 3463 Ἐπεὶ
3888 3413 4004 3463 δθδὲ

2420 3506 2761 3572 τῆςείρήνης
2814 3504 3115 3575 ἐμνήσθην,
3174 3504 3338 3559 πάλιν
3401 3505 3633 3557 ἐνταῦθα
3684 3504 4005 3557 ἐπανελθεῖν

2426 3595 2686 3663 βούλομαι
2736 3596 2908 3665 βραχύ
2938 3614 3009 3649 τι.

2497 3686 2657 3735 Ὥστε
2690 3685 2731 3715 δι
2770 3688 2862 3737 καὶ
2889 3685 3076 3755 πρώτη
3104 3686 3230 3747 τοὺς
3282 3685 3589 3755 βαρϐάρους
3627 3688 3721 3739 καὶ
3741 3687 3882 3757 μόνη
3903 3687 4006 3739 ἑνί-

2430 3794 2563 3845 κησε
2592 3777 2635 3808 ³³
2664 3792 2674 3803 ·
2712 3778 2803 3829 καὶ
2834 3779 2930 3830 σὺν
2987 3777 3166 3839 ἄλλοις
3191 3778 3458 3847 γενομένη
3500 3779 3599 3830 οὐκ
3630 3778 3858 3830 ἔλαττον
3882 3781 4007 3838 τοὺς

2429 3867 2874 3936 συμπαρόνταςῆ
2908 3868 3034 3929 τοὺς
3084 3868 3410 3930 ἀντιπάλους
3445 3869 3617 3920 ἐνίκα.
3638 3868 3854 3938 Ὠσπερ
3889 3870 3935 3899 ⁸³
3960 3871 4005 3920 οῖ

2428 3958 2599 4027 θηρᾷν
2626 3959 2877 4010 ἀδύνατοι
2910 3959 2969 4008 τὸ
3014 3957 3213 4026 ληφθὲν
3248 3959 3668 4029 ἀπροσδοκήτως
3722 3961 3783 4011 οὺ
3817 3961 4006 4029 μεθιᾶ-

2428 4064 2531 4111 σιν,
2564 4049 2672 4100 οὐδ’
2708 4049 2772 4099 ἂν
2804 4049 3096 4100 ἀποδόσθαι
3141 4066 3222 4111 τις
3254 4049 3481 4117 ἀξιώσῃ,
3519 4051 3618 4118 τῆς
3649 4053 3809 4117 ἀξίας
3844 4056 4004 4121 τιμή-

2429 4141 2599 4191 σαιντ’
2630 4136 2716 4203 ἂν,
2751 4139 2886 4191 άλλά
2924 4139 3021 4206 τὴν
3055 4139 3236 4191 αὐτῶν
3263 4140 3564 4207 ἀδυναμίαν
3618 4143 4005 4208 προστιθέντες

2429 4223 2834 4286 πλεονάζουσιν.
2878 4224 2939 4275 'll
2974 4224 3054 4288 δὲ,
3098 4225 3273 4295 οἶμαι,
3306 4227 3575 4281 συνειδυῖα
3624 4230 3791 4296 ἐαυτῇ
3824 4233 4005 4300 κρείτ-

2429 4330 2535 4364 των
2569 4312 2707 4366 οὖσα
2738 4316 2850 4375 τοῖς
2886 4314 3048 4377 ὅλοις,
3086 4315 3208 4367 οὐδὲ
3255 4318 3471 4369 πώποτε
3515 4320 4000 4388 ἐμικρολογήσατο,

2427 4401 2488 4464 ἐξ
2543 4402 2657 4453 [σου
2716 4406 2826 4465 τοῖς
2890 4403 3123 4471 παροῦσι
3180 4404 3248 4456 τὰ
3297 4406 3501 4459 ἀπόντα
3558 4407 3873 4469 ἐλπίζουσα.
3914 4414 4003 4462 Διὸ

2428 4492 2605 4544 πάντα
2635 4493 2764 4563 ῥᾷον
2805 4496 2917 4555 τοῖς
2970 4494 3249 4563 πολεμίοις
3300 4496 3637 4566 ὰπέόωκενῆ
3676 4500 3877 4552 ἐκεῖνοι
3932 4505 4002 4553 τά

2431 4581 2668 4649 σφέτερα
2699 4581 2875 4632 αὐτῶν
2910 4582 3218 4651 ἀτιῄτησαν.

2503 4672 2659 4733 Ἴσως
2690 4672 2735 4701 ⁸⁵
2767 4672 2865 4739 μὲν
2916 4669 3009 4725 οὖν
3042 4673 3196 4737 κάγώ
3220 4690 3361 4724 τισιν
3392 4674 3589 4727 ἄτοπον
3618 4678 3790 4727 ποιεῖν
3834 4678 3999 4741 δοκῶ,

2431 4762 2777 4830 μεμφόμενος
2856 4763 2953 4830 μὲν
3017 4764 3163 4831 (τοὺς
3247 4766 3631 4833 συγκρίνοντας
3698 4766 3999 4835 Ἀθηναίοις

2428 4851 2933 4919 Λακεδαιμονίους),
2970 4852 3128 4915 αὐτὸς
3157 4852 3201 4904 δ’
3233 4854 3311 4915 είς
3361 4856 3487 4917 τοὺς
3537 4856 3754 4924 ὁμοίους
3812 4858 3999 4924 λόγους

2430 4942 2813 5016 προεληλυθὼς
2859 4945 2929 5009 ⁸⁸,
2991 4947 3083 4997 καὶ
3141 4946 3369 4999 διἀὺτά
3419 4965 3482 5015 γε
3538 4948 3709 5000 ταῦτα
3762 4952 4001 5019 εἰρηκὼς

2428 5032 2647 5098 αὐτοὺς,
2678 5032 2743 5084 δι’
2766 5035 2799 5086 ἃ
2838 5052 2978 5104 φημι
3044 5036 3151 5087 δεῖν
3185 5037 3260 5105 μὴ
3321 5037 3517 5105 λέγειν.
3549 5039 3622 5091 Οὐ
3661 5038 3767 5108 μὴν
3798 5042 3913 5091 ἀλλ’
3942 5044 4000 5106 ἐξ

2429 5124 2607 5179 αὐτῶν
2637 5141 2700 5193 γε
2730 5126 2933 5180 τούτων
3000 5128 3096 5179 καὶ
3162 5128 3394 5197 μάλιστα
3436 5132 3500 5185 ἀν
3545 5149 3629 5194 τις
3669 5135 3878 5185 κατίδοι
3924 5136 3998 5198 ὡς

2018 5303 2255 5358 VARIAS
2291 5305 2688 5362 LECTlONES.

828 5448 874 5476 "
905 5441 1207 5513 πολεμίοις]
1238 5439 1838 5516 Πελοςιιιοννησίοιςοονι·Γ
1866 5440 1925 5494 Β.
2000 5444 2045 5473 ’³
2073 5443 2119 5495 οῖ
2144 5448 2349 5508 γε.-”
2371 5446 2573 5515 πρῶτοι
2602 5460 2710 5500 om.
2737 5448 2799 5508 Δ,
2832 5447 3011 5499 addito
3042 5446 3099 5497 δὲ
3127 5457 3244 5514 post
3267 5448 3464 5501 ταῦτα.
3488 5456 3567 5499 est
3598 5460 3775 5501 autem
3802 5468 3853 5516 p.
3872 5450 3995 5506 287.

760 5517 802 5547 "
842 5509 1114 5579 θαλάσσης
1142 5509 1206 5575 ςζ
1294 5515 1340 5544 ⁸⁸
1375 5509 1607 5580 ἑαυτοῖς]
1660 5513 1745 5563 ἐπ’
1779 5513 1957 5573 αὐτοῖς
1984 5516 2048 5566 Λ.

761 5586 890 5636 ένιοι
911 5600 1051 5636 corr.
1076 5585 1139 5635 A.
1215 5580 1257 5611 "
1304 5580 1589 5648 συμϐᾶσαν
1626 5580 1667 5629 Β
1698 5599 1709 5633 :
1748 5581 2041 5647 σύμπασαν
2077 5600 2135 5645 ς.

760 5724 1016 5788 λεγμένος
1049 5738 1112 5783 ς.

2148 5516 2188 5545 ³⁷
2224 5516 2443 5584 ἐνόσησε
2479 5534 2529 5581 p.
2561 5516 2688 5567 288.

2230 5585 2272 5614 ⁸⁸
2306 5586 2616 5646 ἁπολούθως
2645 5601 2701 5646 ς.
2790 5587 2833 5616 ⁸³
2868 5587 3005 5653 πόσῃ

762 5664 940 5705 autem
971 5652 1165 5719 p.289.
1214 5650 1289 5721 ί³¹ξ
1316 5641 1654 5721 συνεξέτισεν
1688 5666 1758 5721 ς,
1823 5641 1870 5680 ³⁵
1905 5653 1975 5710 ἵν,
1999 5641 2141 5704 θοι-Τ.
2168 5652 2226 5713 B,
2268 5658 2315 5705 εἰ
2344 5659 2406 5705 Α.
2484 5656 2525 5685 ³⁸
2560 5641 2934 5721 πάράδειγμαὶ
3043 5654 3170 5709 287.

1208 5718 1543 5793 f°_ku0aiqav_
1565 5718 1653 5793 B,_
1676 5720 1912 5793 λυθησαν
1943 5723 1985 5771 Α
2029 5721 2292 5793 γλυθείσῃ
2329 5741 2389 5785 ς.
2443 5724 2503 5793 ,⁵ο
2535 5718 2681 5793 titul
2716 5739 2764 5792 p.
2810 5718 2939 5775 ‘295.

2866 5516 3057 5590 τοῦτον
3084 5522 3169 5590 Α.-
3240 5520 3282 5548 ¹⁹
3316 5518 3547 5590 εὐψυχίᾳ
3576 5534 3637 5579 ς.
3663 5588 3670 5590 _
3713 5522 3756 5549 ³⁸
3776 5520 3997 5590 ἐνεῖναι]

3060 5586 3465 5657 έ--ὑπεραίρειν
3489 5602 3597 5638 οιιι.
3648 5588 3712 5652 A,
3749 5586 3999 5657 leg-intui

3268 5657 3308 5686 ³⁷
3342 5656 3581 5720 ἐγίνοντο
3604 5658 3667 5707 Α.
3745 5658 3788 5688 ³⁸
3810 5656 3997 5709 ίσυνειο

3016 5724 3063 5793 δή
3088 5722 3250 5793 ὥστε]
3276 5740 3327 5790 p.
3355 5724 3480 5777 294.
3583 5725 3628 5755 ⁵³
3655 5726 3875 5793 ἐνίκησε
3914 5730 3955 5779 Δ
3979 5746 3992 5780 :

768 5781 1011 5857 νενίκηκε
1181 5788 1226 5819 ⁸³
1255 5786 1468 5857 ὥσπερ]
1494 5786 1589 5853 οὐχ
1622 5781 1808 5853 ὥσπερ
1840 5788 1895 5849 Β,
1927 5806 1977 5857 p.
2016 5790 2141 5842 296.
2221 5781 2451 5859 δι”ιᾱωςι
2486 5809 2535 5860 ιι.
2568 5781 2693 5845 ἓυτ.
2717 5781 2729 5792 ’
2774 5794 2817 5823 ⁵³
2848 5781 3300 5859 προελη).υθιέ›ς’Ᾱ
3334 5811 3346 5846 :
3377 5792 3767 5861 παρεληλυθώς
3792 5781 3855 5861 ξ.
