4216 6430
207 382 341 447 1477

1293 388 1812 449 BIBLIOTIIECA.
1851 412 1918 424 ·-
1946 390 2108 450 COD.
2140 391 2426 451 CCXLVI.

3316 397 3448 463 1678

198 501 331 553 οὒτε
354 502 387 569 η
412 499 567 568 χάρις
594 498 905 571 θαυμαστὴ.
937 502 1004 571 ἢν
1040 502 1239 554 οίονται
1263 504 1331 571 τῇ
1361 501 1513 554 πόλει
1569 502 1787 555 κατατί-
1813 508 1858 563 Α

1782 508 1858 563 ιΑ
1888 517 1987 557 nec
2048 504 2162 558 hare
2220 518 2339 559 esse
2392 504 2461 559 de
2521 517 2788 561 .nuustrta
2848 510 3152 564 tractanda.
3186 509 3291 566 Sed
3358 531 3447 581 per

199 589 416 652 θεσθαι,
454 588 575 640 οὑτε
610 590 921 658 ἐξεπίτηδες
948 592 1013 643 τά
1061 609 1124 658 γε
1146 590 1377 644 τοιαῦτα
1419 590 1771 658 ἀγωνιστέον,

197 680 365 733 ἀλλὰ
393 680 543 733 κατὰ
568 681 635 733 τὸ
683 680 982 749 πάρεργον
1037 678 1164 735 οἷον
1215 682 1418 750 ὥσπερ
1468 683 1585 736 νῦν
1638 682 1771 751 ἐγώ.

202 770 368 821 Ὥστε
399 769 452 821 εἴ
477 786 562 831 τις
615 770 756 831 ἀξιοῖ
803 772 897 821 καὶ
954 772 1084 839 ἡμῖν
1113 773 1327 843 ἄρρητα
1383 772 1553 824 ταῦτα
1610 767 1773 836 εἶναι,

202 861 392 928 σχεδὸν
412 859 603 912 τούτου
638 861 797 929 χάριν
824 860 1057 930 εἴρηται.

272 952 385 1002 Καὶ
411 950 825 1017 Λακεδαιμόνιοι
874 952 977 1001 oi“
1001 950 1108 1003 τῶν
1163 950 1426 1019 Ἑλλήνων
1454 952 1775 1023 προέχοντες

203 1042 300 1092 καὶ¹
348 1040 855 1110 προκινδυνεύοντες
896 1043 952 1092 ὲν
1005 1044 1125 1101 ταῖς
1152 1041 1358 1108 χρείαις
1390 1042 1434 1071 ⁸⁷
1476 1042 1663 1102 παῖδες
1708 1043 1775 1111 τῇ

202 1131 360 1182 πόλει
396 1130 760 1199 παραϐάλλειν
787 1130 945 1183 είσίν.
976 1130 1139 1183 Ὥστε
1166 1132 1210 1163 ⁸⁸
1234 1131 1537 1201 ὲῦουλόμην
1568 1131 1637 1184 ἂν
1682 1132 1776 1183 καὶ

200 1221 272 1271 τά
301 1221 537 1286 τρόπαια
565 1219 601 1271 ἂ
631 1218 675 1249 δ’
716 1218 895 1288 μέλλω
944 1220 1120 1287 λέγειν
1182 1221 1275 1272 ἀπ’
1298 1221 1472 1275 ἄλλων
1513 1221 1777 1291 ὑπάρχειν

202 1312 540 1379 ἀνακείμενα
562 1313 627 1380 τῇ
660 1311 835 1372 πόλει,
874 1312 967 1363 καὶ
1000 1311 1073 1381 μὴ
1107 1312 1399 1380 ἀναγκαῖον
1434 1308 1575 1365 εἶναι
1605 1327 1777 1379 προσ·

200 1402 411 1453 τιθέναι
474 1404 585 1462 τοίς
660 1402 873 1464 πολλοῖς
955 1403 1037 1454 ὅτι
1125 1402 1237 1456 ἀπὸ
1314 1400 1775 1472 Δακεδαιμονίων.

204 1494 369 1564 [12ὶ8
403 1492 495 1564 IL]
528 1493 640 1546 Νῦν
683 1494 741 1545 δὲ
805 1493 944 1547 αὑτὰ
982 1494 1028 1525 ⁸⁸
1075 1493 1143 1547 τὰ
1211 1496 1515 1565 πράγματα.
1573 1495 1779 1563 ταύτην

201 1586 349 1647 ἄγει.
380 1585 520 1636 ὥστε
580 1585 639 1635 οὑ
694 1583 788 1635 τοῦ
840 1584 1206 1654 παρεξετάσαι
1266 1585 1424 1654 χάριν
1475 1585 1775 1655 εἰρήσεται,

201 1676 341 1727 ἀλλὰ
370 1674 461 1726 τοῦ
487 1674 561 1743 μὴ
601 1676 914 1726 παντάπασι
942 1674 1042 1737 τὰς
1065 1676 1291 1742 πράξεις
1324 1677 1613 1745 παρελθεῖν
1638 1693 1652 1706 ⁸
1684 1677 1777 1728 καὶ

203 1768 314 1834 γάρ
341 1768 478 1817 εἰσιν
510 1764 574 1823 ἃς
595 1765 973 1833 παρεξέλιπον.
1002 1768 1092 1817 Δεῖ
1145 1767 1222 1830 δὲ,
1272 1767 1344 1827 ὡς
1377 1768 1573 1831 ἔοικεν,
1601 1768 1661 1818 οὑ
1686 1766 1776 1818 τοῦ

199 1858 456 1923 τυχόντος
496 1855 720 1924 δρόμου.
776 1856 884 1908 Καὶ
936 1858 1033 1926 οὑχ
1072 1859 1113 1887 ⁸¹
1160 1857 1217 1907 ἒν
1267 1852 1404 1918 εἶδος
1458 1857 1777 1924 εὐεργεσίας

201 1948 566 2011 ἐπεδείξαντο,
581 1946 693 2001 ἀλλ’
710 1948 860 2000 οὐδὲν
879 1944 1013 2010 εἶδος
1034 1950 1345 2019 εὐεργεσίας
1360 1946 1641 2001 ἀπέλιπον.
1678 1948 1783 1999 Πε-

204 2041 477 2107 ριίσταται
503 2039 547 2069 ⁸²
564 2039 619 2090 δέ
643 2057 708 2108 με
735 2040 780 2069 ⁸³
802 2041 1114 2092 παντοδαπᾶ
1131 2040 1321 2108 ὥσπερ
1373 2042 1430 2091 ἐν
1492 2042 1781 2109 συγγραφῇ

203 2130 323 2182 τῶν
374 2129 552 2181 αὑτῶν
588 2130 820 2200 χρόνων,
860 2130 894 2183 ἂ
923 2132 995 2200 μὴ
1018 2130 1291 2184 ὃτιπάντα
1315 2129 1599 2193 διεξελθεῖν
1622 2128 1783 2180 εὔπο-

203 2240 322 2292 ρον.
352 2222 464 2275 ἀλλ’
481 2222 689 2285 οὐδενὸς
710 2221 1014 2291 στρατηγοῦ
1038 2223 1209 2275 πάντα
1222 2223 1367 2291 ἑξῆς.
1395 2216 1495 2273 Ὧν
1522 2222 1573 2273 τί
1592 2221 1781 2290 παρεὶς

199 2315 349 2377 tim;
383 2313 643 2383 μνησθῶ;
688 2315 750 2367 Ὃ
780 2314 836 2365 δὲ
865 2314 909 2344 ⁸⁸
961 2314 1038 2365 δεῖ
1077 2314 1363 2381 ⁸⁵μάλιστα
1418 2314 1516 2383 τῆς
1561 2312 1784 2365 ἐκείνων

199 2407 420 2472 φύσεως
442 2406 746 2475 ἀγασθῆναι
798 2408 890 2458 καὶ
925 2409 1172 2475 κρεῖττον
1216 2406 1247 2476 ἢ
1308 2405 1447 2459 κατὰ
1500 2405 1783 2475 ἄνθρωπον

203 2481 536 2565 ᾐγήσαέθαιι
580 2496 699 2561 ἐξὸν
757 2498 863 2565 γὰρ
913 2499 1123 2559 ἑαυτοῖς
1168 2497 1589 2560 ἀκολουθοῦντας
1642 2496 1784 2567 ἔχειν

202 2588 661 2656 Λακεδαιμονίους
710 2589 798 2641 καὶ
870 2588 1011 2641 κατὰ
1058 2588 1160 2658 γῆν
1230 2590 1323 2640 καὶ
1392 2590 1530 2641 κατὰ
1585 2588 1782 2641 θάλατ-

202 2698 322 2739 ταν,
349 2680 382 2748 ἢ
409 2680 662 2747 περιιδεῖν
718 2682 811 2732 ἐπὶ
863 2681 1103 2751 κεφαλὴν
1140 2680 1411 2741 ὼσθέντας
1435 2681 1502 2743 ⁸⁸,
1557 2679 1777 2751 συμμά-

204 2790 317 2840 χων
340 2772 629 2841 περιοίκων
647 2772 873 2825 οίκετῶν
889 2773 1669 2840 ἀπάντωνυὲπανεστηκότων,
1691 2772 1784 2824 ἐπὶ

202 2866 317 2924 τοῖς
336 2864 465 2923 ἴσοις
481 2862 744 2925 ἐδέξαντο.
767 2863 875 2915 Καὶ
892 2863 1262 2932 πορευομένης
1275 2864 1422 2916 ὥσπε
1434 2881 1462 2931 ρ
1480 2864 1672 2930 φλογὸς
1685 2866 1784 2933 τῆς

202 2955 458 3018 (ir/ia.in
480 2952 753 3020 δυνάμεως
780 2954 874 3005 ἐπὶ
930 2954 1028 3022 τὴν
1078 2954 1234 3005 πόλιν
1289 2954 1397 3005 τῶν
1441 2953 1782 3021 Λακεδαιμο-

205 3048 337 3095 νίων
373 3045 464 3095 καὶ
510 3044 575 3095 τὰ
630 3044 792 3097 λοιπά
859 3046 957 3111 τῆς
1003 3046 1435 3113 Πελοποννήσου,
1485 3044 1633 3113 μόνοι
1688 3045 1780 3096 καὶ

1877 600 2213 647 transennam
2240 597 2677 663 quenadmodum
2706 612 2844 651 nunc
2876 614 2971 668 ego
2997 600 3160 667 facio.
3198 600 3446 670 Quapro-

1874 689 1992 747 pter
2016 684 2061 734 si
2092 684 2213 751 quis
2242 699 2270 736 a
2308 685 2461 738 nobis
2489 686 2652 739 etiam
2688 687 2802 742 haec
2834 689 2963 743 velit
2993 691 3277 758 praeteriri,
3307 691 3441 749 hac-

1875 782 2029 826 tenus
2060 785 2206 828 certe
2234 775 2376 830 dicta
2432 786 2581 832 sunt.

1948 947 2015 1001 Ει
2033 947 2421 1005 Lacedaemonii
2460 951 2549 1020 qui
2585 967 2681 1017 pro
2703 952 2927 1019 Graecis,
2953 964 3011 1010 ut
3037 957 3308 1027 principes
3346 973 3446 1026 or.-

1877 1054 2077 1108 ponere
2104 1042 2438 1109 sesolehant,
2464 1059 2752 1112 puerorum
2780 1047 2953 1100 vicem
3005 1048 3153 1102 urbis
3169 1064 3449 1117 compara-

1880 1131 2285 1186 tionesubcuut.
2304 1132 2439 1199 Quid
2476 1135 2616 1203 quod
2640 1145 2747 1187 tam
2788 1136 2987 1191 invitus
3009 1138 3061 1190 iu
3079 1138 3220 1192 hunc
3237 1154 3447 1192 scruto-

1879 1236 2000 1274 nem
2034 1220 2215 1284 incidi,
2248 1223 2484 1277 utetiam
2510 1234 2709 1293 tropaea
2740 1240 2859 1294 quae
2882 1229 3196 1292 recensebo,
3230 1230 3297 1283 ab
3326 1229 3448 1284 aliis

1878 1325 1997 1365 esse
2024 1312 2140 1365 urbi
2160 1323 2311 1378 parta
2344 1314 2573 1383 cupiam,
2610 1330 2677 1369 ne
2704 1315 2973 1383 plerisque
3002 1316 3325 1371 Laconicum
3352 1334 3449 1372 uo-

1880 1419 2000 1456 men
2037 1414 2180 1457 esset
2211 1406 2576 1459 inserendum.
2613 1406 2875 1471 Quoniam
2914 1423 3041 1463 vero
3070 1424 3157 1464 res
3189 1410 3318 1478 ipsa:
3348 1425 3448 1465 nos

1880 1496 1982 1547 huc
1996 1495 2235 1563 adigunt,
2256 1496 2366 1549 haec
2381 1511 2482 1549 non
2501 1506 2607 1549 tam
2621 1498 2983 1553 contentionis
2994 1500 3164 1566 gratia
3182 1502 3446 1561 dicemus.

1878 1596 2039 1648 quam
2079 1596 2144 1634 ne
2198 1597 2284 1637 res
2320 1597 2505 1637 omnes
2537 1592 2899 1649 transeamus,
2946 1596 3004 1638 ut
3040 1587 3091 1639 in
3127 1588 3448 1655 quibusdam

1882 1672 2125 1737 fecimus,
2178 1689 2276 1727 nec
2321 1685 2401 1728 est
2448 1674 2637 1728 leviter
2684 1679 3153 1746 progrediendum.
3188 1679 3296 1733 Nec
3337 1689 3446 1733 tam

1884 1778 2049 1814 unum
2076 1764 2362 1819 ediderunt
2389 1766 2635 1821 beneficii
2668 1784 2857 1837 genus,
2880 1784 3041 1838 quam
3074 1770 3278 1824 nullum
3305 1772 3447 1823 omi-

1884 1864 2097 1908 serunt.
2120 1854 2294 1909 Multa:
2318 1867 2494 1909 autem
2521 1861 2833 1913 eornmdetn
2859 1869 3159 1929 temporum
3194 1877 3278 1915 res
3307 1864 3450 1914 velut

1887 1944 1939 1997 in
1975 1944 2201 1998 historia
2232 1947 2363 1999 mihi
2406 1960 2728 2012 occurrunt,
2756 1965 2893 2019 quas
2919 1954 3053 2006 adeo
3088 1967 3195 2005 non
3231 1967 3447 2021 possum

1887 2035 2044 2089 facile
2089 2046 2313 2090 cunctas
2356 2039 2649 2106 explicare,
2684 2050 2741 2094 ut
2792 2055 2858 2094 ne
2912 2044 3034 2096 duci
3085 2044 3304 2110 quidem
3357 2043 3447 2095 ulli

1885 2140 2081 2194 queam
2114 2126 2377 2181 sullicere.
2415 2128 2613 2181 Earum
2642 2145 2767 2184 vero
2801 2147 2957 2199 quas.
2983 2134 3178 2201 quibus
3208 2133 3447 2197 omissis,

1887 2218 2217 2272 recensebo?
2254 2216 2371 2272 Jam
2410 2219 2541 2273 illud
2580 2222 2873 2276 maximam
2920 2236 3161 2278 tueretur
3209 2224 3450 2277 adrnira-

1889 2310 2110 2374 tionem,
2152 2326 2475 2379 omnemque
2526 2324 2746 2380 superat
2793 2316 3081 2371 humanam
3132 2329 3378 2376 naturam
3433 2342 3449 2379 :

1885 2415 2010 2453 cuni
2076 2411 2296 2469 possent
2370 2404 2789 2458 Lacedaemoniis
2840 2416 2979 2459 terra
3049 2411 3291 2478 marique
3353 2428 3451 2482 pro

1887 2489 2106 2543 famulis
2138 2492 2235 2555 uti,
2279 2492 2363 2546 vel
2398 2494 2693 2548 calamitati
2725 2510 2833 2549 suae
2868 2498 3192 2568 relinquere,
3230 2518 3366 2569 quos
3396 2514 3452 2558 et

1884 2582 2044 2647 socii,
2089 2592 2145 2637 et
2198 2582 2432 2650 ﬁnitimi,
2482 2594 2538 2638 et
2588 2586 2732 2640 servi
2774 2601 2963 2642 onmes
2998 2594 3384 2660 oppugnabant
3432 2612 3447 2648 :

1886 2674 2238 2728 nihilominus
2284 2690 2441 2744 sequo
2491 2677 2611 2746 jure
2658 2693 2753 2734 eos
2805 2681 3167 2746 admiserunt,
3224 2694 3277 2737 et
3326 2701 3449 2740 cum

1887 2765 2128 2819 Thebani
2191 2768 2361 2820 instar
2410 2768 2638 2822 [lautitiae
2686 2770 2751 2823 ad
2805 2773 2990 2825 urbem
3037 2772 3356 2829 Laconicam
3398 2787 3452 2829 et

1887 2858 2126 2926 reliquas
2148 2857 2499 2926 Pel0jiounesi
2535 2872 2719 2928 partes
2743 2862 3036 2928 ferrentur,
3067 2867 3165 2919 soli
3196 2882 3261 2921 ex
3295 2867 3449 2921 ϐαυ-

1885 2949 1962 3003 cis
2001 2959 2058 3003 et
2109 2951 2352 3003 barbaris
2399 2952 2731 3005 restiterunt.
2783 2952 2926 3017 Quas
2968 2959 3043 3007 oh
3090 2972 3177 3010 res
3219 2972 3285 3011 eo
3332 2958 3450 3013 loco

1886 3049 2014 3094 sunt
2046 3041 2114 3094 ab
2136 3045 2389 3094 omnibus
2428 3042 2621 3106 habiti,
2664 3052 2723 3095 ut
2792 3043 2919 3096 urbs
2960 3046 3125 3099 totius
3171 3050 3451 3104 societatis

217 3137 489 3205 Ἑλλήνων
543 3138 633 3186 καὶ
662 3136 953 3206 βαρϐάρων
987 3137 1317 3205 προστάντες
1348 3136 1650 3189 ἐκώλυσαν.
1694 3136 1779 3200 Ἐξ
1807 3173 1851 3229 C

1776 3139 1779 3197 ε
1807 3173 1851 3229 C
1882 3134 2030 3184 curia
2060 3135 2497 3187 constitueretur.
2535 3133 2798 3188 Praeterea
2826 3148 3002 3187 utrum
3039 3139 3339 3202 civitatem,
3371 3156 3441 3193 an

202 3223 279 3279 ι”λν
312 3228 484 3289 οὕτως
512 3228 613 3278 ὑπὸ
642 3228 855 3279 πάντων
884 3228 928 3261 ⁸⁸
955 3229 1205 3297 ἑωρῶντο
1240 3228 1306 3290 ⁸⁸,
1330 3228 1471 3280 ὥστε
1510 3229 1780 3294 καταστῆ-

206 3338 298 3370 ναι
341 3323 437 3386 τὴν
494 3319 647 3370 πόλιν
697 3320 972 3387 συνέδριον
1016 3319 1116 3386 τῆς
1175 3319 1489 3387 συμμαχίας
1542 3319 1777 3387 ἁπάσης.

211 3410 335 3461 Ἐτι
360 3412 403 3440 ⁶⁰
434 3408 611 3461 τοίνυν
652 3410 875 3479 πότερον
903 3409 1000 3475 τῆς
1048 3409 1254 3468 πόλεως
1286 3409 1317 3474 ἦ
1346 3408 1474 3477 μὶίίίῖ
1504 3406 1593 3477 IL]
1617 3408 1777 3458 τιῖιν⁴11

207 3501 535 3568 συμϐάντων
568 3497 964 3567 κατηγοροῦσιν
995 3514 1008 3559 ;
1034 3498 1079 3548 εί
1110 3498 1207 3565 μὲν
1231 3499 1337 3563 γὰρ
1363 3496 1463 3561 τῆς
1484 3496 1687 3556 πόλεως
1713 3497 1778 3557 ⁶¹,

204 3592 388 3650 οὶδῖεν,
427 3591 499 3651 ὡς
532 3590 696 3652 ἔοικε,
722 3589 831 3640 τῶν
875 3589 1145 3656 μεγίστων
1176 3589 1516 3647 ἐπίστανται,
1554 3584 1668 3637 ἀλλ’
1690 3587 1779 3637 ὲκο

207 3684 486 3747 πέφευγεν
535 3680 729 3740 αὐτοὺς
782 3679 875 3745 ἀφ’
910 3671 1037 3744 ὦνή
1082 3675 1230 3738 πόλις
1264 3674 1607 3744 γνωρίζεται.
1637 3675 1697 3726 Ei
1724 3676 1780 3727 δὲ

206 3777 276 3825 τά
299 3773 582 3841 συμϐάντα
615 3772 943 3839 μέμφονται,
973 3768 1069 3835 οὑχ
1100 3768 1260 3836 ὅμοια
1309 3767 1424 3828 τοῖς
1471 3764 1674 3827 ἄλλοις,
1707 3764 1780 3827 ὡς

205 3863 408 3925 ἔοικεν,
430 3858 507 3921 οἷς
536 3860 814 3929 προείλετο
836 3857 921 3927 ⁸³η
949 3859 1098 3919 πόλις
1119 3856 1448 3923 νομίζοντες,
1470 3854 1611 3905 οὑτω
1638 3854 1781 3921 μέμ-

206 3953 587 4021 φονται-ὣστε
615 3952 674 4013 ἐξ
696 3943 768 4001 ὧν
785 3949 842 4001 τὸ
868 3949 1095 4017 πρᾶγμα
1137 3944 1417 4007 κακίζουσι
1479 3944 1575 4013 τὴν
1631 3945 1781 3996 πόλιν

204 4045 668 4113 ἐγκωμιάζουσιν.
734 4042 868 4092 Τότε
926 4040 1033 4108 γάρ
1092 4039 1258 4090 κακία
1331 4038 1427 4089 καὶ
1470 4038 1515 4068 ⁸*
1574 4038 1781 4098 πόλεως

204 4140 301 4189 καὶ
334 4134 538 4187 ἰδιώτου
591 4133 881 4192 δείκνυται,
934 4130 1114 4198 ὅτανῆ
1148 4129 1282 4198 μόνα
1312 4128 1356 4158 ⁶⁸
1401 4145 1478 4197 τῳ
1509 4131 1682 4197 προσῇ
1716 4128 1783 4180 τὰ

207 4227 436 4281 ὑπαίτια
457 4226 521 4290 δέ,
552 4226 583 4294 ἢ
610 4224 777 4276 πλείω
806 4223 871 4275 τὰ
892 4220 1069 4289 φαῦλα
1085 4222 1192 4272 τῶν
1214 4219 1468 4275 ἐπιεικῶν
1486 4220 1679 4287 ἐλέγχῃ
1700 4236 1784 4280 τις

206 4322 240 4386 ἢ
311 4319 482 4387 μείζω
508 4333 521 4346 ·
565 4313 913 4383 προσκείσθω
960 4314 1003 4344 ⁸⁷
1038 4314 1165 4380 γάρ.
1203 4312 1369 4364 Ὅταν
1390 4311 1433 4361 δ’
1455 4312 1498 4343 ⁵⁸
1516 4310 1781 4373 ἐξετάζων

204 4412 300 4463 διὰ
325 4410 538 4462 πάντων
556 4408 671 4469 ἑνὸς
692 4407 725 4475 ἦ
742 4408 885 4458 δυεῖν
905 4406 1173 4474 λαμϐάνῃ,
1188 4403 1414 4471 λέληθας
1442 4400 1674 4454 ἐπαινῶν
1702 4396 1781 4463 οἷς

1885 3222 2090 3275 [ωιίεη
2122 3223 2557 3288 reprehendunt?
2583 3224 2637 3277 Si
2670 3228 2813 3278 enim
2850 3228 3125 3280 civitatem
3165 3242 3445 3293 accusant,

1883 3312 2016 3364 nihil
2068 3312 2135 3365 de
2188 3314 2346 3365 rebus
2410 3313 2680 3375 maximis,
2735 3313 2925 3383 ωϐὺ
2987 3331 3015 3367 a
3071 3318 3267 3384 quibus
3320 3322 3450 3373 urbs

1882 3401 2206 3464 celebratur,
2236 3404 2482 3456 videntur
2513 3419 2871 3469 cognoscere;
2898 3407 2979 3458 sin
3009 3405 3232 3471 hedera,
3264 3408 3449 3476 utique

1883 3493 2005 3546 aliis
2029 3508 2090 3545 ea
2122 3493 2408 3546 dissimilia
2436 3494 2677 3558 judicant
2711 3514 2723 3548 :
2767 3496 2947 3563 itaque
2982 3500 3060 3560 lit,
3106 3509 3159 3550 ut
3208 3501 3348 3565 quod
3393 3501 3446 3554 in

1883 3586 2207 3653 vituperium
2240 3586 2315 3638 rei
2344 3584 2658 3653 proferunt,
2693 3600 2757 3640 eo
2796 3587 3011 3641 laudent
3062 3592 3269 3643 urbem.
3311 3590 3445 3646 Nam

1880 3684 1935 3730 ct
1981 3676 2218 3730 civitatis
2247 3686 2302 3729 et
2347 3677 2582 3731 hominis
2628 3678 2867 3744 cujusvis
2890 3680 3076 3732 vitium
3121 3682 3188 3733 ita
3230 3684 3444 3736 tletnuni

1881 3770 2249 3837 cognoscitur,
2280 3768 2325 3823 si
2363 3770 2503 3824 mala
2530 3770 2582 3821 in
2608 3785 2672 3824 eo
2697 3771 2779 3824 vel
2814 3771 2949 3833 sola,
2980 3772 3060 3825 vel
3089 3772 3242 3827 bonis
3271 3775 3443 3843 plura,

1882 3869 1977 3913 aut
2020 3861 2224 3927 majora
2270 3862 2423 3929 (utet
2458 3862 2556 3913 hoc
2589 3860 2930 3931 adjiciamus)
2973 3874 3287 3917 cernuntur.
3343 3867 3447 3933 Qui

1880 3962 2059 4003 autem
2087 3952 2336 4004 omnibus
2366 3951 2709 4015 examinatis,
2734 3968 2897 4005 unum
2922 3953 3147 4019 aliquid,
3182 3966 3278 4007 aut
3314 3957 3443 4008 item

1881 4041 2111 4092 alterum
2145 4042 2565 4107 reprehendunt,
2604 4042 2638 4094 ii
2677 4042 2896 4109 reliquis
2928 4045 3242 4097 omittendis
3286 4047 3445 4098 tacite

1882 4130 2108 4184 laudant
2151 4132 2448 4199 praesertim
2496 4133 2540 4185 si
2592 4148 2696 4184 nun
2747 4134 2813 4185 de
2870 4134 3109 4197 homine,
3147 4150 3330 4188 verum
3379 4139 3447 4192 de

1882 4222 2126 4282 civitate.
2161 4237 2335 4289 eaque
2376 4224 2540 4276 totius
2581 4222 2803 4277 Cura-ciae
2838 4226 3232 4292 antiquissima,
3270 4227 3436 4295 pluri-

1885 4313 2096 4380 misque
2128 4314 2285 4367 rebus
2317 4316 2575 4381 praeclare
2608 4317 2774 4382 gestis
2798 4316 3146 4371 celeberrima
3179 4322 3443 4387 judicium

1884 4404 1995 4459 liat.
2035 4404 2205 4459 Omtte
2229 4406 2371 4459 enim
2418 4407 2702 4474 imperium
2738 4421 2766 4460 a
2798 4409 3213 4475 potentioribus
3252 4422 3444 4465 contra

206 4504 395 4571 ἀφίης,
425 4501 594 4562 ἄλλως
612 4515 670 4551 τε
692 4500 734 4529 ⁶⁹
757 4500 805 4549 εἰ
821 4498 941 4566 μηδ’
960 4496 1169 4548 ἰδιώτου
1201 4497 1325 4565 ποιῇ
1343 4495 1440 4563 τὴν
1456 4495 1653 4562 κρίσιν,
1685 4494 1775 4545 ἀλ-
1804 4498 1857 4556 1)

1804 4498 2154 4566 Datquitatis
2200 4498 2366 4569 legem
2414 4510 2720 4553 exercetur.
2774 4499 3057 4565 Quomodo
3097 4502 3297 4569 alioqui
3353 4515 3446 4557 aut

206 4599 276 4649 λὰ
294 4596 522 4655 πόλεως.
540 4594 632 4646 καὶ
658 4593 859 4660 ταύτης
888 4591 933 4621 ⁷⁰
951 4590 1324 4657 πρεσϐυτάτης
1343 4589 1449 4640 τῶν
1467 4588 1780 4657 Ἐλληνίδων

208 4690 306 4743 καί
372 4687 597 4737 πλεῖστα
614 4684 845 4751 ὑπάρχει
864 4681 930 4733 τὰ
950 4682 1134 4733 δέοντα
1162 4678 1460 4747 συμϐάντα.
1492 4678 1712 4729 ’Ἅπασα
1735 4678 1777 4707 τι

207 4782 320 4850 γὰρ
349 4776 616 4848 δήπουθεν
644 4776 785 4845 ἀρχὴ
813 4773 918 4825 τῶν
956 4772 1277 4841 κρειττόνων
1325 4769 1442 4822 ἐστὶ
1490 4770 1583 4821 καὶ
1648 4768 1777 4838 παρ’

206 4872 376 4926 αὑτὸν
405 4871 494 4921 τὸν
522 4868 619 4935 τῆς
649 4867 887 4935 ἰσότητος
920 4866 1100 4931 νόμον.
1133 4863 1192 4913 Εἰ
1224 4861 1277 4911 δὲ
1311 4862 1407 4929 μὴ,
1461 4859 1579 4921 πῶς
1612 4858 1779 4926 ίσονῆ

207 4962 318 5016 ποῦ
346 4960 549 5011 δίκαιον
580 4958 825 5026 ἢφόρους
869 4954 1109 5018 ἐκλέγειν
1130 4953 1175 4983 ⁷³
1208 4951 1314 5003 ἀπὸ
1342 4951 1440 5019 τῆς
1467 4949 1773 5017 ἀλλοτρίας,

206 5058 240 5125 ἦ
268 5054 469 5123 νόμους
495 5051 699 5104 τιθέναι
717 5052 827 5109 τοῖς
860 5046 1009 5099 οὑδὲν
1048 5042 1396 5113 δεομένοις,ἢ
1449 5042 1653 5110 κρίνειν
1708 5041 1778 5091 τὰ

206 5147 456 5208 ἐκείνων,
486 5136 517 5212 ἢ
551 5137 973 5210 προστάττειν⁷³,
1015 5136 1047 5204 ἦ
1075 5134 1350 5203 πολεμεῖν,
1387 5132 1418 5200 ἢ
1450 5131 1675 5185 κτᾶσθα.
1709 5130 1777 5183 τά

210 5238 290 5307 μὴ
320 5237 691 5304 asperrimo-lu;
724 5231 855 5292 ὅλως
880 5229 986 5297 γὰρ
1016 5226 1167 5278 οὐδὲν
1189 5223 1391 5277 τούτων
1409 5224 1515 5276 ἀπὸ
1544 5224 1636 5275 τοῦ
1662 5224 1776 5275 ίσου

1879 4605 2089 4657 :equum
2140 4593 2229 4652 sit,
2258 4603 2345 4644 aut
2372 4593 2599 4658 justum,
2639 4601 2694 4644 ut
2717 4594 2837 4660 quis
2866 4592 3056 4646 aliena?
3082 4604 3238 4648 terrae
3268 4596 3443 4648 tribu-

1883 4691 1993 4734 tum
2028 4682 2286 4751 imponat,
2322 4693 2414 4735 aut
2447 4684 2593 4751 leges
2626 4696 2821 4751 prarter
2861 4686 3239 4738 necessitatem
3281 4686 3443 4750 ferat,

1880 4780 1973 4822 aut
1998 4770 2120 4838 jura
2162 4771 2269 4824 illis
2298 4773 2378 4823 vel
2401 4770 2551 4838 jussa
2592 4774 2702 4833 det,
2736 4782 2827 4824 aut
2858 4773 3158 4842 belligeret,
3199 4784 3292 4827 aut
3325 4791 3444 4843 qua:

1880 4875 1975 4913 sua
2011 4874 2117 4912 non
2153 4869 2283 4913 sunt
2313 4858 2574 4926 occupet?
2605 4860 3043 4929 quandoquidem
3094 4861 3196 4915 ista
3246 4873 3444 4929 praeter

1880 4950 2191 5019 aequitatem
2215 4950 2369 5003 ﬁunt.
2401 4950 2581 5016 Quare
2613 4954 2658 5004 si
2692 4953 2815 5020 quis
2847 4952 3247 5019 exactiusjuris
3283 4964 3445 5005 natu-

1885 5057 2001 5095 ram
2054 5043 2183 5096 velit
2214 5044 2550 5111 perquirere,
2609 5057 2709 5096 nec
2767 5044 2945 5111 potius
2997 5044 3205 5112 aliquid
3261 5057 3447 5096 rerum

1884 5143 2089 5187 natura
2127 5135 2460 5197 concedere,
2493 5149 2654 5201 quam
2699 5135 2992 5202 sophistam
3033 5149 3214 5203 agere,
3254 5136 3298 5187 is
3331 5135 3443 5202 jam

1885 5222 2129 5289 protinus
2171 5223 2353 5277 omnia
2387 5224 2613 5292 imperia
2656 5234 2712 5279 et
2744 5224 3091 5293 magistratus
3134 5225 3443 5294 abrogahit,

1503 5316 1735 5369 VAliIIE
1780 5314 2176 5371 LECTIONES.

280 5420 331 5452 “
362 5422 411 5470 oi
449 5428 500 5469 (ει
534 5418 640 5466 καὶ.
749 5416 793 5445 ’⁷
823 5411 1267 5485 χρείαις-(ῗιιιιζᾼἶ

210 5512 263 5560 ιι.
285 5490 393 5544 500
422 5498 588 5560 extra
636 5486 679 5560 ’ξ
714 5478 1055 5560 περίσταται]
1084 5481 1288 5560 ρης)οῂ
1362 5480 1407 5513 ⁸³
1436 5478 1536 5560 με]

210 5512 263 5560 ιι.
285 5498 393 5544 5υο
422 5498 558 5540 extr.
636 5498 679 5515 "
714 5498 1055 5553 nspmtatatj
1084 5502 1135 5551 ν.
1166 5498 1288 5532 ouz.
1362 5498 1407 5513 --

210 5578 311 5622 τις
350 5561 411 5610 Α.
490 5556 532 5585 ⁵⁷
567 5556 817 5607 ἁπάντων
851 5572 957 5607 nni.
998 5555 1062 5605 Δ.
1138 5550 1180 5581 ³⁸
1215 5498 1485 5622 ’τιᾴντωνῘμ

211 5636 254 5660 δυ
293 5619 400 5697 ἔτι]
432 5642 484 5693 p.
517 5626 637 5679 504.
737 5627 776 5656 ⁶¹
813 5626 843 5693 ἢ
878 5624 1004 5697 τῶνἶ
1114 5622 1161 5697 "_
1188 5619 1393 5697 πόλεῳς
1431 5635 1538 5669 υιηο
1562 5619 1626 5669 Α·

210 5704 252 5728 ’³
286 5701 322 5766 ἢ
356 5689 489 5764 μῖόνα
520 5712 626 5747 om.
656 5697 720 5747 A.
770 5689 842 5766 _“‘
876 5692 1097 5766 ὑπαίτια
1134 5690 1218 5766 Au:
1245 5689 1479 5766 ὑπάντια
1509 5703 1567 5766 ς.

209 5762 323 5822 uti).
351 5762 425 5820 Ἀ.
501 5766 540 5796 ⁷⁸
575 5762 787 5831 ἀπα.σαῖ
825 5778 872 5830 ρ.
904 5764 1025 5815 506.

1342 5407 1577 5491 Ἰῶστε]
1619 5424 1669 5475 ιν·
1710 5408 1836 5491 €39?-
1910 5407 1960 5491 ἶῖ
1997 5408 2155 5491 Mi
2190 5408 2355 5491 alii"
2383 5426 2440 5491 ςτ

1490 5482 1536 5548 ε]
1570 5497 1635 5547 με
1675 5485 1741 5530 τά
1780 5482 1842 5529 Α.
1920 5482 1964 5508 ⁵⁸
1993 5482 2020 5529 ὅ
2045 5482 2122 5548 δέ,
2153 5497 2203 5545 ι).
2235 5482 2359 5532 503.
2432 5482 2476 5511 ⁸⁵
2504 5482 2602 5547 δεῖ]
2625 5482 2681 5530 δέ
2703 5482 2768 5538 Δ,
2843 5482 2887 5510 ⁵⁸
2912 5482 3209 5549 ὠσθέντας]
3232 5482 3442 5545 ὠφθέν-

1487 5551 1593 5599 πᾶν
1632 5550 1691 5599 Β.
1729 5550 1771 5578 ⁵³
1797 5547 2063 5617 ἐωρῶντοΙ
2094 5547 2340 5617 ἑωρῶντο
2377 5550 2425 5600 oi
2472 5548 2739 5617 Ἀθηναῖοι
2768 5548 2875 5602 τῶν
2915 5550 3353 5617 Πελοποννησίων
3375 5550 3442 5599 Α.

1720 5618 1762 5647 ⁸³
1792 5616 2093 5687 προείλετο]
2122 5616 2453 5687 προείληπτο
2483 5619 2548 5670 Α.

1646 5684 1690 5717 ⁸⁷
1719 5686 2023 5753 προκείσθω
2047 5684 2109 5737 Λ.

1174 5758 1218 5787 ⁷⁸
1240 5756 1541 5821 ἑκλέγεινΑ
1580 5768 1593 5805 :
1646 5756 1885 5821 ἐκλογείν
1917 5772 1977 5817 ς,

2518 5409 2562 5441 ⁵⁸
2595 5407 2756 5480 αὑτὰ]

2789 5408 2957 5461 ταῦτα
2979 5412 3041 5462 Α.
3116 5409 3159 5442 ⁵³
3191 5407 3284 5480 καὶ
3321 5406 3443 5480 οὐχ]

1920 5478 1964 5508 ιι
1993 5478 2020 5529 δ
2045 5478 2122 5548 δέ]
2153 5480 2359 5548 p.503.
2432 5482 2476 5511 ιε
2504 5479 2602 5547 seu
2625 5480 2681 5530 δέ
2703 5478 2768 5538 A‘.

2843 5480 2887 5510 "
2912 5479 3209 5549 ὠσθέντας]
3232 5479 3442 5545 ὼφθένὲ

2649 5619 2692 5648 ⁸⁵
2723 5620 2815 5669 καὶ
2843 5629 2967 5673 ante
2994 5620 3197 5679 πόλεως
3218 5622 3342 5669 add.
3372 5619 3440 5670 Α.

2186 5688 2228 5717 ⁸⁸
2254 5686 2298 5737 δ’
2324 5702 2430 5739 υιιι.
2457 5693 2522 5739 Δ.
2599 5688 2642 5720 ⁸⁸
2660 5704 2717 5738 τε
2748 5690 2871 5740 add.
2900 5690 2963 5740 Α.
3041 5688 3084 5717 ⁷ο
3114 5691 3208 5739 καὶ
3239 5688 3443 5752 ταύτης

2080 5755 2125 5787 ’³
2151 5756 2524 5824 προστάττειν]
2567 5758 2826 5828 πράττειν
2862 5758 2927 5809 Δ.
