4216 6430
760 397 895 462 1479

1906 400 2166 460 ΡΗΟΤΙΙ
2205 399 2705 461 ΡΛΤΠΙΛΒΟΙΙΒ
2746 391 2855 461 ΟΡ.

3871 397 4016 461 1486

757 525 879 562 cum
926 522 989 561 ea
1036 505 1431 574 potentioribus
1474 515 1785 572 serventur,
1836 516 1997 576 atque
2040 511 2204 561 etiam
2256 511 2324 563 ad
2351 521 2399 575 Α

2432 509 2819 574 γίνεται,ὀστ“
2839 508 2893 560 ετ
2908 524 2993 569 τις
3015 505 3452 577 ἀκριϐολογεῖται
3474 506 3604 576 περὶ
3625 507 3734 560 τῶν
3754 508 4009 571 δικαίων,

761 603 893 655 deos
927 601 1071 668 ipsos
1109 613 1218 666 prae
1269 598 1434 650 nimia
1485 599 1751 667 sapientia
1787 602 2063 667 procedet,
2100 615 2324 668 eosque,

760 690 903 759 quod
944 704 1046 742 non
1084 702 1239 756 aequo
1272 688 1395 755 jure
1451 702 1572 740 cum
1634 689 1943 743 hominibus
1996 699 2178 757 agant,
2234 692 2327 743 sed

764 781 1049 848 imperium
1084 779 1187 831 sibi
1228 787 1508 845 arrogent,
1556 778 2003 833 calumniabitur.
2040 780 2147 835 Sed
2192 781 2327 845 haec,

764 883 823 923 ut
867 872 1120 930 arbitror.
1183 870 1251 925 ab
1300 870 1367 924 iis
1439 871 1804 938 disputantur,
1856 873 1948 941 qui
2010 873 2060 925 in
2115 874 2331 941 angulis

764 960 999 1023 educati,
1039 957 1206 1012 solem
1261 974 1535 1027 nunquam
1593 960 1863 1022 viderunt,
1911 976 1939 1014 a
1993 976 2099 1029 quo
2152 963 2332 1015 solent

766 1050 885 1103 alia:
918 1049 1086 1104 stella:
1112 1050 1312 1103 lumine
1341 1051 1562 1116 privari.
1598 1050 1701 1106 Sin
1734 1051 1848 1105 bac
1877 1054 2183 1106 necessario
2206 1068 2327 1106 cum

766 1141 911 1193 omni
948 1141 1171 1208 imperio
1193 1143 1490 1207 cohaerent,
1524 1151 1715 1210 estque
1754 1143 1855 1197 boc
1891 1143 2100 1211 imperii
2137 1142 2245 1210 jus,
2274 1152 2333 1197 ut

768 1231 1018 1301 princeps
1064 1232 1256 1299 patiori
1288 1232 1359 1284 sit
1380 1231 1502 1299 jure
1539 1248 1698 1302 quam
1737 1234 1961 1287 caeteri:
2009 1233 2080 1287 ita
2119 1235 2332 1287 demum

768 1324 994 1387 cedam,
1030 1324 1075 1377 si
1123 1339 1228 1391 qua
1270 1324 1352 1377 vel
1400 1322 1623 1391 Graeca,
1679 1326 1762 1379 vel
1815 1324 2044 1379 barbara
2092 1334 2334 1393 potestas

772 1415 950 1467 minus
998 1414 1208 1481 imperii
1252 1413 1393 1480 jure,
1455 1430 1617 1483 quam
1671 1416 1902 1484 populus
1964 1417 2333 1483 Atheniensis,

770 1518 866 1557 usa
920 1504 1339 1558 demonstretur.
1392 1506 1856 1571 Quemadmodum
1906 1508 2047 1560 enim
2094 1508 2147 1561 in
2195 1522 2335 1576 pra-

770 1595 933 1648 claris
964 1595 1203 1649 consiliis
1225 1596 1412 1663 optimi
1463 1597 1691 1664 alicujus
1731 1598 1830 1652 viri
1868 1613 2067 1651 morem
2120 1609 2337 1653 secutus

769 1694 875 1749 est,
902 1687 974 1738 ita
1012 1684 1065 1738 in
1096 1686 1163 1739 iis
1202 1700 1321 1753 quae
1353 1686 1757 1740 calumniantur
1793 1688 2060 1751 nonnulli,
2100 1703 2203 1740 non
2246 1702 2335 1741 se-

2430 599 2523 650 καὶ
2552 598 2813 667 σοφιστὴς
2861 593 3001 650 εἶναι
3049 598 3249 667 μᾶλλον
3278 596 3526 665 βούλεται
3552 599 3586 668 ἢ
3620 601 3687 667 τῇ
3728 599 3841 651 τῶν
3868 616 4011 669 «pa-

2428 686 2655 755 γμάτων
2684 686 2845 755 φύσει
2872 688 3197 755 συγχωρεῖν,
3226 686 3327 737 οὐκ
3353 685 3423 738 ἀν
3456 685 3647 751 φθάνοι
3684 685 4010 754 διαγράφων

2430 779 2609 838 πάσας
2656 778 2829 845 ἀρχὰς
2878 777 2972 830 καὶ
3024 776 3280 844 δυνάμεις
3332 774 3539 837 ἁπλῶς,
3569 774 3647 835 ὡς
3693 774 4007 841 ἃπαντάγε

2426 867 2601 920 ταῦτά
2632 868 2778 918 ἐστιν
2807 868 2865 918 ἐν
2888 866 2964 936 τῷ
2990 865 3178 935 θεσμῷ
3204 864 3300 917 τοῦ
3322 866 3627 936 κρείττονος
3645 864 3714 916 ’⁸.
3738 862 3876 917 Εἶτα
3905 865 4013 917 ὑπὸ

2431 956 2622 1023 σοφίας
2674 958 2849 1010 ἄνεισι
2892 959 3051 1025 μέχρι
3091 957 3199 1008 τῶν
3239 957 3377 1008 θεῶν
3416 957 3673 1024 ἐλέγχων,
3703 957 3802 1009 καὶ
3834 956 4010 1022 λέγων

2427 1049 2505 1111 ὡς
2538 1050 2659 1102 οὐδὲ
2688 1044 2834 1103 οὗτοι
2854 1053 2966 1113 τοῖς
2993 1050 3298 1120 ἀνθρώποις
3324 1050 3383 1115 ἐξ
3411 1050 3524 1103 ῐσου
3558 1048 4007 1120 προσομιλοῦσιν,

2432 1140 2547 1193 ἀλλ’
2603 1141 2835 1210 ᾕρηνται
2892 1142 3175 1212 κρείττους
3212 1136 3373 1195 εἶναι.
3423 1140 3585 1206 Ἀλλ’,
3641 1136 3818 1208 οἶμαι,
3855 1140 4009 1192 ταῦτ’

2433 1232 2549 1284 ἐστὶ
2576 1232 2782 1299 γωνίας
2838 1232 3005 1299 ἀξίων
3054 1230 3380 1302 ἀνθρώπων,
3436 1232 3533 1283 καὶ
3569 1230 3661 1283 τὸν
3706 1230 3863 1298 ἥλιον
3912 1230 4011 1297 οὐχ

2434 1324 2779 1393 ἑωρακότων,
2812 1323 2872 1387 δς
2912 1325 3223 1392 ἀφαιρεῖται
3266 1321 3395 1382 τοὺς
3441 1320 3633 1381 ἄλλους
3684 1320 3929 1388 ἀστέρας
3953 1321 4012 1370 τὺ

2438 1415 2743 1485 φαίνεσθαι.
2772 1414 2834 1467 ΕΙ
2856 1414 2913 1467 δέ
2942 1414 3236 1482 ἀναγκαῖον
3262 1412 3326 1464 τὸ
3352 1410 3504 1480 πάσῃ
3530 1410 3820 1479 δυναστείᾳ
3843 1412 3891 1441 ⁷⁸
3917 1411 4011 1461 καὶ

2438 1508 2585 1576 πάσῃ
2632 1506 2921 1575 περιουσίᾳ
2970 1506 3040 1557 τά
3084 1501 3308 1556 τοιαῦτα
3358 1502 3662 1570 προσεῖναι,
3703 1501 3797 1551 καὶ
3856 1495 4012 1560 οὗτός

2438 1598 2586 1648 ἐστιν
2642 1597 2819 1665 ἀρχῆς
2854 1595 3074 1663 θεσμὸς,
3129 1594 3204 1662 μὴ
3234 1591 3343 1645 ἀπὸ
3380 1590 3473 1644 τοῦ
3515 1591 3632 1642 ἴσου
3694 1590 3833 1658 πρὸς
3885 1592 4014 1649 τοὺς

2439 1687 2712 1752 ὑπηκόους
2753 1684 3053 1755 κρίνεσθαι,
3092 1686 3214 1736 τότε
3250 1683 3415 1735 νικῶν
3460 1682 3639 1734 ἀπίτω
3667 1682 3714 1712 ⁷⁸
3743 1698 3852 1743 τις,
3885 1680 4015 1731 ὅταν

772 1777 1007 1827 cundum
1038 1789 1380 1829 communem
1412 1775 1689 1829 hominum
1724 1788 1996 1842 naturam,
2028 1779 2121 1830 sed
2170 1777 2337 1845 impe-
2366 1840 2404 1848 __

2438 1779 2585 1848 δείξῃ
2617 1778 2724 1829 τῶν
2765 1778 2939 1832 ἀλλων
2967 1778 3074 1829 εἴτε
3116 1774 3439 1845 Ἑλληνικῶν
3468 1774 3750 1843 δυνάμεων
3779 1774 3893 1824 εῐτε
3922 1770 4016 1823 καὶ

773 1865 839 1917 rii
888 1866 1213 1919 necessitate
1264 1866 1457 1919 ductus
1506 1868 1765 1932 peccavit.
1806 1840 2048 1935 Cumque
2094 1840 2334 1937 potentia
2364 1840 2410 1897 Β

2441 1840 2789 1936 βαρέαρικῶν
2836 1865 3124 1936 βασιλειῶν
3159 1864 3441 1933 ἡντιναοῦν
3490 1864 3735 1915 ἐλάττονι
3776 1862 3856 1931 τῷ
3916 1862 4016 1927 τῆς

772 1972 869 2011 sua
902 1957 1185 2024 imperium
1220 1960 1454 2011 essetab
1484 1958 1639 2012 initio
1665 1960 1910 2026 adeptus,
1950 1976 2047 2028 per
2082 1962 2338 2014 Immani-

779 2056 940 2099 tatem
970 2047 1110 2100 ultro
1137 2048 1359 2109 dimisit,
1395 2062 1458 2100 ac
1490 2048 1602 2116 ipse
1626 2048 1824 2119 507a
1878 2066 2012 2118 pene
2063 2051 2163 2103 sibi
2225 2053 2336 2105 cri-

777 2137 982 2189 minum
1020 2148 1106 2190 est
1135 2147 1323 2189 auctor
1356 2136 1551 2191 factus.
1598 2138 1728 2191 [Nam
1772 2154 1894 2191 cum
1942 2139 2173 2191 maxima
2213 2153 2339 2208 erga

775 2242 971 2283 omnes
1006 2227 1372 2281 familiaritate
1403 2239 1566 2297 atque
1593 2230 1962 2283 moderatione
2012 2245 2140 2283 usus
2176 2240 2338 2295 esset,

776 2321 977 2383 eosque
1024 2316 1199 2383 magis
1254 2317 1306 2368 in
1364 2316 1673 2384 reipublica:
1718 2319 2030 2371 societatem
2085 2320 2345 2385 quodam-

780 2409 939 2461 modo
971 2417 1240 2470 vocasset,
1277 2422 1439 2474 quam
1474 2409 1809 2476 principatus
1835 2409 1958 2476 jure
1982 2410 2335 2475 cohibuisset,

780 2500 920 2553 idem
956 2498 1092 2559 fere,
1120 2498 1263 2565 quod
1309 2498 1451 2551 solet
1494 2499 1741 2567 benignis
1791 2498 2025 2551 dominis
2070 2498 2343 2562 accidere,

782 2604 971 2658 passus
1031 2596 1135 2654 est,
1182 2599 1241 2639 ut
1297 2602 1401 2640 non
1462 2599 1681 2654 propter
1728 2599 1979 2641 caeteram
2034 2591 2343 2655 aequitatem

785 2682 1060 2749 gratiosus
1105 2687 1270 2740 esset,
1320 2678 1414 2730 sed
1457 2692 1580 2731 cum
1632 2678 1757 2745 quid
1806 2680 2127 2746 postularet,
2162 2690 2349 2747 aperte

785 2775 889 2823 vim
940 2770 1123 2823 facere
1169 2770 1462 2821 videretur.
1509 2768 1649 2831 Quin
1690 2769 1960 2834 siquidem
2008 2770 2057 2821 in
2100 2784 2215 2832 eos,
2258 2770 2347 2837 qui

786 2874 883 2928 pro
940 2860 1151 2913 civibus
1186 2872 1304 2910 sese
1342 2857 1622 2924 gerebant,
1670 2857 1782 2909 lucc
1826 2858 2175 2925 perpetravit,
2218 2858 2350 2911 nihil

782 2960 910 3003 veto
958 2948 1247 3017 quominus
1291 2946 1619 2999 incusetur:
1674 2946 1756 2997 sin
1808 2960 1937 2998 vero
1980 2948 2104 3014 quia
2155 2948 2349 3014 partim

787 3038 1119 3100 defecerant,
1160 3049 1393 3104 eumque
1448 3044 1646 3104 praeter
1708 3034 2023 3103 dignitatem
2075 3047 2353 3090 contume-

790 3135 921 3186 liose
947 3138 1288 3198 acceperant,
1306 3128 1498 3196 partim
1516 3137 1732 3194 apertos
1753 3143 1814 3182 se
1832 3128 2011 3181 hostes
2027 3128 2353 3195 profiteban-

794 3237 899 3289 tur,
932 3225 1150 3278 dubium
1186 3237 1292 3275 non
1331 3221 1674 3290 relinquitur,
1719 3220 1852 3288 quin
1898 3220 1932 3270 ii
1976 3219 2065 3286 qui
2114 3219 2350 3271 necessi-
2377 3219 2421 3245 ’ν’

793 3328 959 3371 tntcm
1054 3316 1409 3381 attulerunt,
1505 3316 1708 3368 crimen
1815 3326 1974 3365 omne
2034 3312 2351 3365 sustineant.

792 3408 927 3462 Nam
992 3416 1045 3460 et
1095 3406 1166 3459 illi
1223 3420 1288 3460 eo
1355 3404 1506 3472 quasi
1582 3404 1804 3472 pignore
1872 3402 2119 3455 videntur
2186 3416 2358 3468 eaque

794 3501 987 3553 fiducia
1046 3498 1170 3551 elati
1230 3510 1507 3567 peccasse,
1560 3510 1663 3547 non
1726 3494 1867 3561 quod
1918 3494 2049 3546 urbe
2101 3505 2359 3561 perpetuo

795 3607 855 3645 se
928 3591 1084 3658 poliri
1139 3604 1295 3653 posse
1366 3590 1670 3648 crederent,
1711 3587 1805 3639 sed
1856 3586 1994 3653 quod
2040 3598 2135 3638 nec
2190 3587 2359 3639 victos

796 3683 1013 3749 gravius
1079 3680 1369 3745 quidquam
1450 3690 1571 3730 esse
1661 3690 1915 3744 passuros
1982 3675 2357 3737 confiderent,

798 3787 920 3824 rum
990 3770 1349 3822 Athenienses
1428 3781 1617 3818 natura
1711 3775 1893 3819 essent
1974 3765 2039 3817 ad
2120 3766 2361 3819 homines

798 3860 1198 3913 conservandos
1278 3856 1547 3924 propensi.
1619 3855 1772 3919 Quod
1837 3856 1982 3907 enim
2045 3856 2111 3907 dc
2162 3853 2360 3921 Mityle-

803 3951 1056 4003 nensibus
1155 3950 1429 4000 decretum
1534 3955 1891 4007 revocarunt,
1988 3959 2109 4011 quin
2189 3954 2363 4011 potest

803 4042 997 4093 civitas
1029 4040 1221 4108 primis
1254 4038 1496 4090 consiliis
1531 4037 1786 4089 vincere?
1817 4036 1886 4089 Ut
1918 4035 2059 4087 enim
2094 4050 2211 4100 qua:
2254 4037 2363 4101 pri-

803 4134 888 4185 die
922 4141 1243 4190 statuerant,
1282 4128 1466 4195 judicii
1510 4136 1666 4179 erant
1743 4135 1798 4179 et
1844 4127 2053 4194 injuria!
2082 4135 2313 4192 accepta:
2345 4141 2363 4177 :

804 4224 876 4274 ita
904 4236 1023 4289 qua:
1048 4220 1305 4287 postridie
1333 4226 1634 4280 mutarunt,
1668 4218 1834 4270 solius
1864 4226 2018 4269 erant
2046 4217 2215 4277 urbis,
2241 4230 2363 4267 cum

803 4313 1018 4380 quidem
1072 4311 1308 4364 triremis
1353 4325 1457 4361 una
1510 4318 1593 4361 est
1648 4308 1870 4360 alteram
1926 4319 2196 4361 assecuta.
2245 4306 2363 4360 Jam

802 4420 927 4456 cum
961 4404 1195 4457 hominis
1226 4399 1465 4466 cujusvis
1496 4398 1866 4453 defensionem
1900 4413 2021 4451 cum
2061 4400 2199 4450 facto
2234 4414 2364 4451 con-

2442 1958 2753 2022 πλεονεξίας
2786 1958 3095 2027 γιγνομένῳ
3122 1956 3492 2026 χρησαμένην.
3524 1956 3559 2025 ἢ
3587 1957 3680 2007 τδν
3709 1954 3823 2006 τῶν
3874 1954 4019 2022 Αθη-

2440 2051 2606 2101 ναίων
2659 2050 2829 2117 δῆμον
2872 2050 3019 2101 ἔστιν
3056 2050 3257 2115 εὑρεῖν.
3291 2048 3596 2114 Φανήσεται
3617 2045 3749 2114 γὰρ,
3782 2044 3819 2097 ἃ
3852 2045 3953 2113 μὲν
3977 2046 4018 2074 τ’

2438 2140 2804 2208 διαφερόντως
2853 2138 3229 2199 ἐϐουλεύσατο,
3267 2137 3385 2198 ἐνὸς
3429 2136 3619 2204 ἀνδρὸς
3659 2134 3779 2203 ήθει
3811 2151 4016 2204 κεχρη-

2446 2232 2605 2299 μένος
2634 2230 2728 2283 τοῦ
2785 2230 3084 2299 βελτίστου,
3121 2229 3156 2282 ἃ.
3187 2229 3242 2281 δὲ
3292 2226 3581 2293 ἐγκαλοῦσί
3616 2243 3785 2287 τινες,
3839 2228 3903 2277 οὐ
3955 2228 4019 2295 τῇ

2445 2324 2597 2391 κοινῇ
2622 2322 2781 2388 φύσει
2814 2321 2919 2373 τῶν
2949 2320 3251 2390 ἀνθρώπων
3280 2318 3620 2388 ἐξαμαρτὼν,
3657 2318 3797 2371 ἀλλὰ
3826 2322 3894 2387 τῇ
3929 2320 4021 2385 τῆς

2443 2415 2616 2485 ἀρχῆς
2646 2415 3015 2483 ἀκολουθήσας
3054 2415 3289 2484 ἀνάγκῃ,
3342 2413 3502 2485 [1229
3530 2411 3622 2483 ἢ]
3672 2415 3765 2465 καὶ
3794 2414 4023 2481 δυνάμει

2450 2507 2549 2575 μέν
2587 2507 2771 2574 ἄρχων
2797 2506 3067 2567 καταστὰς
3114 2506 3175 2557 τὸ
3214 2506 3273 2568 ἐξ
3302 2506 3494 2574 ἀρχῆς,
3542 2503 3933 2574 φιλανθρωπίᾳ
3972 2506 4024 2556 δὲ

2445 2597 2506 2649 τὸ
2550 2600 2649 2664 τῆς
2687 2598 2861 2665 ἀρχῆς
2909 2596 3143 2657 δεδοικδς
3186 2595 3231 2627 ⁷⁸
3272 2595 3411 2647 ἐκὼν
3444 2596 3651 2665 μεθεὶς,
3685 2595 3782 2647 καὶ
3839 2596 4026 2663 σχεδὸν

2446 2686 2555 2739 τῶν
2601 2688 3169 2755 ἐγκλημάτωναῐτιος
3218 2686 3367 2754 αύτῷ
3391 2688 3435 2718 ⁷’
3465 2686 3723 2754 γεγονώς.
3778 2688 4026 2755 Πλείστῳ

2448 2777 2556 2846 γὰρ
2580 2778 2659 2846 τῷ
2695 2776 2855 2844 κοινῷ
2879 2777 2973 2829 καὶ
3006 2776 3209 2846 μετρίῳ
3240 2777 3376 2844 πρὸς
3406 2777 3619 2829 ἅπαντα
3649 2778 4025 2846 χρησάμενος,

2450 2866 2545 2916 καὶ
2593 2867 2792 2933 τρόπον
2846 2866 2965 2916 τινὰ
3015 2866 3112 2932 τῆς
3168 2865 3445 2926 πολιτείας
3496 2865 3697 2933 μᾶλλον
3728 2867 4027 2926 κοινωνοὺς

2452 2957 2819 3023 ποιησάμενος
2868 2956 2899 3022 ἢ
2954 2955 3273 3015 δυναστείας
3320 2956 3470 3024 νόμῳ
3500 2956 3771 3023 κατέχων,
3820 2957 4020 3008 ταυτὸν

2451 3048 2563 3105 τοῖς
2603 3049 2858 3112 χρηστοῖς
2890 3046 3055 3096 ἔπαθε
3098 3046 3207 3097 τῶν
3234 3045 3540 3096 δεσποτῶνο
3568 3046 3630 3096 οὐ
3665 3049 3775 3112 γὰρ
3811 3046 3903 3097 διὰ
3933 3048 4027 3114 τὴν

2454 3134 2619 3201 ἄλλην
2644 3136 2943 3185 ἐπιείκειαν
2974 3134 3193 3203 χάριτος
3234 3136 3364 3203 παρ’
3395 3136 3551 3186 ἐνίων
3591 3136 3803 3203 ἔτυχεν,
3830 3138 3949 3187 ἀλλ’
3980 3138 4030 3187 εῐ

2458 3242 2508 3276 τι
2541 3225 3005 3292 προσηνάγκσσιν,
3053 3225 3332 3291 ἐπιφανῶς
3386 3225 3531 3289 ἔδοξε
3560 3225 3868 3293 βιάζεσθαι.
3923 3229 4028 3277 Καὶ

2461 3316 2564 3382 μὴν
2589 3315 2637 3346 ⁸⁸
2666 3316 2713 3364 εί
2752 3316 2848 3383 μὲν
2871 3316 3087 3382 ἔχοντας
3117 3316 3177 3365 τὸ
3208 3314 3313 3365 τῶν
3344 3315 3598 3384 ὑπηκόων
3630 3319 3815 3384 σχῆμα
3852 3316 4025 3369 ταῦτα

2458 3406 2817 3473 εἰργασμένος
2857 3407 3126 3471 φαίνεται,
3159 3406 3337 3473 δῶμεν
3366 3409 3475 3467 τοῖς
3505 3406 3743 3457 ἐθέλουσι
3783 3408 4028 3475 βλασφῆ-

2464 3497 2614 3561 μείνο
2650 3495 2697 3544 εί
2741 3494 2794 3545 δέ
2824 3495 2953 3555 τοὺς
2986 3494 3085 3561 μὲν
3110 3494 3452 3557 ἀποστάντας
3486 3492 3610 3565 [665
3637 3494 3727 3565 IL]
3767 3499 3864 3548 καὶ
3899 3498 4028 3565 παρ’

2459 3583 2615 3644 ἀξίαν
2645 3583 2972 3651 ὑϐρίσαντας
3004 3583 3084 3645 είς
3117 3582 3301 3647 αὐτὸν,
3336 3585 3462 3645 τοὺς
3489 3585 3544 3635 δὲ
3571 3587 3633 3635 ἐκ
3663 3584 3756 3637 τοῦ
3788 3587 4027 3653 φανεροῦ

2460 3673 2748 3740 πολεμίους
2810 3674 2988 3736 ὄντας,
3031 3675 3279 3743 ποτέροις
3322 3677 3470 3740 ἀξιον
3520 3676 3805 3741 ἐγκαλεῖν;
3861 3673 4030 3745 Οἶμαί

2461 3778 2521 3829 γε
2560 3764 2601 3793 ⁸¹
2646 3767 2754 3823 τοῖς
2793 3763 2892 3831 τὴν
2928 3766 3173 3834 ἀνάγκην
3213 3766 3603 3834 παρασχοῦσιν.
3642 3765 3796 3818 Ἐπεὶ
3840 3769 4029 3820 κάκεῖο

2461 3854 2539 3904 νοί
2564 3854 2607 3883 ⁸’
2640 3871 2728 3921 μοι
2755 3854 3000 3905 δοκοῦσιν
3023 3855 3210 3925 ῶσπερ
3240 3857 3491 3926 ἐνέχυρον
3523 3857 3653 3908 αὐτὸ
3688 3857 3848 3909 τοῦτο
3875 3859 4027 3927 ἔχον-

2461 3960 2549 4005 τες
2581 3944 2907 4012 ἐπαρθῆναι,
2941 3948 3036 3997 καὶ
3081 3946 3252 4014 τούτῳ
3282 3948 3329 3978 ⁸³
3373 3948 3604 4015 μάλιστα
3636 3950 4029 4013 πιστεύσαντες

2466 4035 2749 4102 ἁμαρτεῖν,
2786 4036 2845 4086 ού
2887 4036 2961 4103 τῷ
2982 4037 3026 4067 ⁸⁵
3056 4036 3142 4087 διὰ
3176 4037 3361 4097 τέλους
3405 4040 3698 4107 κρατήσειν
3723 4040 3768 4069 ⁸³
3797 4040 3897 4107 τῆς
3937 4044 4031 4093 πό.

2467 4123 2624 4185 λεως,
2659 4124 2791 4175 ἀλλὰ
2816 4125 2893 4193 τῷ
2921 4125 3040 4193 μηδ’
3074 4124 3139 4177 ἂν
3168 4126 3413 4193 ληφθῶσι
3454 4129 3618 4195 μηδὲν
3639 4129 3811 4179 δεινὸν
3843 4134 4029 4182 πείσε-

2467 4216 2611 4277 σθιι,
2632 4217 2705 4277 ὡς
2730 4216 3045 4283 Ἀθηναίους
3074 4232 3137 4282 γε
3167 4217 3479 4283 πεφυκότας
3506 4217 3719 4278 σώζειν.
3744 4221 3916 4288 Δῆλον
3939 4223 3996 4273 δέ
4015 4239 4030 4254 ·

2465 4306 2501 4359 ἀ
2530 4307 2636 4373 γὰρ
2684 4308 2811 4373 περὶ
2842 4306 3220 4373 Μιτυληναίων
3250 4296 3629 4374 μετέγνωσαν,
3664 4310 3747 4369 τίς
3797 4312 3913 4378 ἔχει
3951 4330 4032 4363 νι-

2468 4399 2631 4466 κῆσαι
2687 4397 2838 4458 πόλις
2881 4394 2960 4461 οἷς
3001 4398 3059 4461 ἐξ
3107 4400 3279 4467 ἀρχῆς
3331 4399 3684 4453 ἐϐουλεύσατο
3716 4402 3795 4467 ³⁶;
3839 4406 4033 4456 ἐκεῖνοι

800 4494 1044 4562 junctam
1098 4506 1287 4544 omnes
1345 4489 1643 4556 recipiant,
1706 4489 1875 4541 miror
1924 4503 2017 4542 eos
2069 4489 2218 4541 urbis
2278 4504 2421 4561 rest

2432 4512 2441 4555 ι
2470 4491 2576 4557 γὰρ
2605 4488 2639 4540 ἃ
2673 4487 2771 4556 μέν
2796 4492 2859 4557 τῇ
2888 4490 3181 4557 προτεραίᾳ
3219 4490 3532 4556 διέγνωσαν,
3572 4493 3667 4559 τῆς
3704 4494 3942 4561 κρίσεως
3969 4491 4033 4563 ἦν

806 4594 985 4649 gestas
1036 4593 1113 4636 tot
1158 4598 1223 4635 ac
1263 4591 1461 4643 tantas,
1517 4581 1711 4647 quibus
1764 4580 1853 4631 illa
1903 4594 1962 4633 se
2018 4588 2227 4647 purgat,
2265 4595 2369 4632 non

2469 4581 2561 4630 καὶ
2581 4572 2655 4630 ὦν
2679 4578 2931 4646 ἠδίκηντο
2955 4595 2967 4607 ·
2999 4579 3035 4631 ὃ.
3059 4580 3113 4630 δὲ
3139 4582 3205 4647 τῇ
3252 4580 3511 4649 ὑστεραίᾳ
3542 4584 3911 4648 μετέγνωσαν,
3938 4590 4035 4654 τῆς

807 4677 1174 4729 considerare.
1250 4674 1331 4726 An
1381 4686 1510 4726 vero
1550 4672 1719 4725 solem
1776 4672 1992 4738 quidem
2050 4686 2113 4723 ac
2162 4671 2369 4735 lunam,

2468 4668 2673 4729 πόλεως
2714 4664 2781 4737 ἦν
2820 4668 3007 4736 μόνης.
3040 4670 3148 4721 Καὶ
3176 4671 3209 4737 ἡ
3254 4672 3485 4738 τριήρης
3521 4672 3616 4739 τὴν
3648 4674 3851 4743 τριήρη
3906 4694 4034 4727 κατ-

808 4783 911 4819 non
941 4767 1010 4818 ob
1044 4767 1262 4827 damna,
1312 4778 1430 4830 qua:
1463 4762 1617 4815 nobis
1640 4762 1794 4823 dant,
1838 4759 2234 4821 accusabimus,
2267 4760 2361 4811 sed

2466 4757 2695 4825 είλήφει.
2725 4758 2998 4825 Θαυμάζω
3022 4760 3076 4809 δὲ
3112 4761 3159 4811 εἰ
3189 4760 3294 4809 τῶν
3329 4760 3426 4828 μὲν
3448 4762 3492 4791 ⁸⁷
3523 4762 3743 4813 ἰδιωτῶν
3771 4769 3871 4833 τὴν
3893 4766 4034 4834 ἔργῳ

808 4868 1026 4925 propter
1063 4858 1344 4909 commoda
1373 4855 1436 4907 at
1467 4855 1597 4921 ipsis
1633 4852 1870 4921 profecta
1903 4850 2223 4904 mirabimur
2251 4868 2264 4903 :
2299 4852 2364 4905 de

2464 4849 2661 4909 πάντες
2686 4848 2981 4915 ἀπολογίαν
3004 4847 3226 4915 τιμῶσι,
3247 4849 3343 4917 τῆς
3366 4848 3632 4910 πόλεωςδὲ
3649 4852 3695 4882 ⁸⁸
3718 4854 3815 4919 οιὶχ
3840 4855 4033 4922 ὁρῶσιν

810 4948 942 5000 urbe
968 4962 1073 4999 non
1097 4961 1163 5000 ex
1199 4946 1449 4998 universa
1480 4944 1599 5011 ejus
1627 4952 1843 5004 natura,
1876 4951 1931 4995 et
1960 4957 2079 4994 cum
2113 4942 2364 4995 omnibus

2466 4942 2513 4991 oi
2538 4940 2727 5007 σεμνοὶ
2756 4941 2823 4991 τὰ
2838 4940 2973 5007 ἔργα
2994 4939 3038 4970 ⁸⁸
3062 4940 3127 4990 δι’
3151 4940 3279 4990 οἵων
3308 4941 3400 4990 καὶ
3422 4940 3561 4993 ὅσων
3578 4942 4031 5011 ἁπολελόγηταιθ⁸

807 5036 1198 5090 consuetudine
1235 5050 1298 5088 ac
1325 5034 1715 5098 familiaritate,
1738 5033 1832 5087 sed
1873 5047 1938 5085 ex
1977 5030 2361 5085 offensionibus

2470 5031 2597 5099 napi.
2621 5029 2843 5082 τούτων.
2876 5031 2983 5082 Καὶ
3010 5029 3159 5097 ἡλίου
3193 5030 3237 5059 ⁸⁸
3270 5030 3367 5097 μὲν
3415 5032 3507 5081 καὶ
3538 5032 3764 5100 σελήνης
3810 5035 3913 5103 οὑχ
3938 5037 4030 5088 ὅσα

805 5130 1009 5197 aliquot
1060 5126 1463 5197 judicabimus?
1506 5124 1622 5179 Non
1670 5136 1845 5196 puto:
1885 5126 1985 5179 nisi
2032 5126 2152 5192 quis
2201 5126 2363 5178 etiam

2470 5122 2763 5189 βλάπτουσι
2810 5121 3239 5190 κατηγοροῦμεν,
3272 5121 3385 5173 ἀλλ’
3411 5124 3550 5175 ὅσων
3594 5124 3820 5189 ἀγαθῶν
3875 5130 4029 5179 αἴτιοι

807 5220 1030 5273 l'uliniua
1075 5222 1319 5283 deorum,
1355 5232 1419 5271 ac
1444 5217 1705 5281 tonitrua,
1734 5226 2018 5285 motusque
2052 5224 2209 5266 terrae
2240 5213 2366 5267 velit

2469 5214 2710 5281 γίνονται
2737 5214 2783 5245 θ’
2814 5212 3162 5283 θαυμάζομεν
3184 5229 3198 5243 ·
3244 5214 3343 5283 τὴν
3396 5215 3545 5266 πόλιν
3574 5217 3619 5267 δ’
3645 5215 3705 5280 ἐξ
3755 5211 3833 5271 ὧν
3876 5222 4029 5282 ἐνίοις

2064 5370 2293 5424 VARI/IS
2332 5366 2730 5425 LECTIONES.

912 5490 961 5561 ’ξ
987 5488 1291 5561 κρείττονος
1314 5488 1377 5561 Β,
1419 5486 1773 5561 κηρύττοντος
1897 5556 1917 5561 _
1962 5489 2005 5561 ’ἐ
2036 5488 2181 5558 πάσῃ
2210 5489 2491 5561 δυναστείᾳ
2526 5492 2568 5542 Α
2590 5507 2612 5561 γε
2661 5491 2895 5561 ἁπάσῃη
2977 5490 3023 5561 7⁸
3046 5489 3259 5561 ἀπίστω
3308 5490 3369 5541 Α.
3414 5560 3417 5561 ν
3465 5491 3511 5521 ’⁷
3536 5489 3659 5561 μὲν]
3701 5492 3803 5557 μὲν
3834 5494 3941 5558 γάρ
3968 5496 4028 5551 Α,

807 5556 1119 5636 ’ἐδεδοίκός
1151 5561 1235 5636 A__:
1268 5556 1513 5636 δεδωκῶς
1542 5574 1629 5636 ς..
1701 5558 1745 5588 ⁷⁸
1768 5556 1927 5636 ἀὐτῷ
1979 5560 2069 5636 51‘:
2103 5556 2199 5636 καὶ
2238 5556 2476 5636 αὐτῷῂςζ
2582 5560 2628 5636 ⁸3
2673 5556 3046 5636 μὴν]’τήν-ᾼ.ι
3069 5558 3132 5636 ⁸⁸³
3160 5575 3363 5636 γεΙοιιι.
3396 5560 3470 5636 Α.Δ
3538 5556 3999 5636 ⁷⁸⁸-ςκα.κεῑνοίΔ-,

806 5629 1026 5680 κάκεῖνό
1053 5646 1109 5692 ς,
1188 5628 1235 5658 ⁸³
1254 5626 1448 5697 τούτῳ]
1471 5628 1569 5698 τοῦ
1602 5628 1667 5680 Α.
1767 5627 1813 5657 ⁸⁸
1832 5627 1892 5677 ού
1936 5626 2035 5697 τῷ]
2070 5626 2209 5679 οὓτω
2240 5630 2303 5679 Λ.
2379 5628 2423 5659 ⁸⁸
2453 5626 2831 5697 κρατῆσαίᾹ.
2894 5626 2904 5629 ’
2932 5630 2976 5661 ⁸⁸
3033 5628 3416 5698 ἐύουλεύσαντο
3445 5632 3507 5680 Α.
3608 5630 3653 5659 ⁸¹
3680 5630 3781 5698 μὲν
3820 5648 3928 5684 om.
3968 5633 4024 5683 B.

806 5699 850 5818 ἒ
878 5696 1590 5819 δὲοῗῖιὼἑνταιὲιᾶὰέργα
1617 5712 1725 5752 om.
1755 5698 1820 5750 Α.
1860 5708 1987 5752 ante
2017 5696 2071 5749 οῖ
2109 5714 2292 5767 σεμνοί
2334 5696 2501 5765 ponit
2527 5696 2670 5753 corr.
2713 5699 2771 5752 Β.
2847 5699 2893 5730 ⁸⁸
2922 5697 3261 5766 ἀπολογεῖται
3292 5700 3335 5751 Δ
3435 5700 3476 5729 ⁹¹
3512 5696 3773 5768 ἡλιονἸ-ι-
3806 5702 4027 5771 σελήνην

858 5805 870 5818 .
946 5782 991 5799 υ·
1018 5782 1255 5835 γίνονται
1275 5782 1385 5822 om.
1412 5782 1477 5819 Α.
