4216 6430
217 398 340 468 1481

1308 407 1826 467 BlBLIOTHECA.
1868 433 1934 445 —
1969 409 2130 469 COD.
2171 408 2459 470 CCXLVI.

3322 392 3467 463 1482

212 493 633 562 προσέκρουσεν,
660 490 770 544 ἀλλ’
803 491 901 544 οὐκ
935 492 995 557 ἐξ
1021 487 1095 544 ὧν
1128 492 1332 545 άπασιν
1364 494 1642 562 ὡμίλησεν
1670 493 1776 545 οὐδ’
1812 502 1853 553 Α

1812 502 1853 553 Α
1882 496 2227 557 calumniari.
2283 494 2542 562 neglectis
2572 484 2950 543 communibus
2991 489 3159 550 atque
3192 478 3462 533 universis

210 586 273 634 ὲκ
304 581 405 646 τῆς
450 581 579 651 ὅλης
628 580 845 649 φύσεως
876 582 1167 651 κρινοῦμεν
1200 585 1282 647 ⁶³;
1324 584 1439 636 Οὐκ
1460 583 1641 651 οἴομαί
1697 601 1789 649 γε·

212 672 398 741 ῶσπερ
444 670 511 724 ἂν
560 670 614 724 εῐ
655 688 739 734 τις
770 672 1004 725 καὶτῶν
1050 672 1186 725 Θεῶν
1208 672 1253 704 ’⁵
1288 674 1618 743 κατηγοροίη
1665 676 1792 736 τοὺς

214 764 489 831 σκηπτοὺς
528 764 743 825 καὶτὰς
781 762 1031 832 βροντάς,
1060 763 1163 815 κᾶν
1193 764 1246 816 εῖ
1288 781 1338 815 τι
1377 766 1563 833 σεισθῇ
1588 766 1656 829 ’⁸,
1693 764 1792 826 τὰς

211 855 337 911 ὅλας
370 854 467 907 καὶ
496 854 681 914 κοινάς
712 854 893 906 αὐτῶν
938 855 1258 923 εὐεργεσίας
1290 855 1571 925 ἀμελήσας
1594 858 1640 888 ⁸⁸
1664 873 1791 909 σκο-

214 949 357 997 πεῖν.
390 946 569 1015 Ἐχων
590 947 635 977 ⁸⁷
666 946 721 997 δὲ
752 945 923 997 πολλά
959 946 1187 997 καὶτῶν
1221 945 1447 1016 ὕστερον
1476 950 1671 1013 είπεῖν,
1701 949 1794 1001 καὶ

1895 586 2189 641 beneficiis.
2226 585 2485 651 Quamvis
2515 592 2695 636 autem
2729 577 2898 632 multa
2931 586 3151 643 quoque
3192 571 3468 641 posterio-

1895 694 2015 733 rum
2046 688 2343 745 temporum
2365 675 2531 737 bella,
2559 673 2815 726 inusitata
2848 677 2905 723 et
2932 666 3174 720 inaudita
3206 671 3468 717 constan-

1897 770 1988 828 tia,
2025 768 2322 822 narrationi
2352 780 2482 819 mea:
2513 764 2717 830 reliqua
2753 761 2885 823 sint,
2924 768 3137 827 tempus
3168 766 3349 809 tamen
3383 767 3468 807 me

1897 856 2098 909 deficit.
2128 854 2468 922 QuaprOptcr
2491 865 2654 903 unum
2681 851 2727 905 si
2751 848 3039 912 addidero,
3064 852 3240 898 totum
3267 844 3334 895 de
3366 842 3467 895 huc

1897 960 1956 999 re
1994 959 2296 999 sermonem
2336 942 2678 995 concludam.

216 1040 392 1108 μάχας
419 1038 649 1100 ἀτόπους
681 1039 776 1090 καὶ
801 1040 1129 1108 τολμήματα
1150 1038 1442 1108 θαυμαστὰ
1494 1043 1598 1093 καὶ
1667 1040 1960 1107 καρτερίας
2004 1037 2318 1106 ὑπερφυεῖς,
2369 1033 2549 1088 οὐκέθ’
2618 1032 2729 1103 όρῶ
2772 1032 2865 1086 τδν
2914 1031 3106 1103 καιρὸν
3169 1025 3463 1100 ἀρκοῦντα.

216 1126 480 1177 Τοσοῦτον
508 1124 553 1177 δ’
593 1124 671 1177 ἔτι
702 1125 746 1155 ’⁸
772 1126 1029 1193 προσθεὶς
1066 1130 1178 1188 τοῖς
1209 1127 1341 1195 περὶ
1370 1127 1571 1179 τούτων
1610 1128 1789 1194 λόγοις
1828 1127 2259 1194 ἀπαλλάττομαι.

287 1214 555 1283 Ὠσπερ⁹⁹
592 1216 698 1285 γάρ
724 1216 1004 1285 προειδυῖα
1038 1216 1097 1281 ἐξ
1145 1218 1321 1286 ἀρχῆς
1369 1220 1403 1287 ὴ
1448 1218 1609 1285 φύσις
1666 1219 1795 1286 περὶ

214 1307 312 1375 τῆς
338 1307 572 1369 πόλεως,
611 1308 734 1359 ὅσον
755 1312 867 1370 τοῖς
897 1308 1079 1378 ἔργοις
1136 1310 1385 1379 προέξει¹
1420 1310 1525 1362 τῶν
1585 1309 1784 1372 ἄλλων,

218 1400 663 1451 κατεσκευάσατο
704 1400 843 1470 αὐτῇ
878 1400 1013 1467 πρὸς
1071 1400 1227 1465 ἀξίαν
1290 1401 1418 1463 τοὺς
1457 1399 1669 1470 λόγους,
1712 1401 1797 1453 ἴνα

217 1487 355 1557 αὐτή
390 1505 449 1539 τε
477 1491 736 1557 κοσμοῖτο
766 1490 873 1542 ὑπὸ
907 1491 1015 1543 τῶν
1048 1491 1243 1558 ἑαυτῆς
1276 1491 1519 1555 ἀγαθῶν,
1554 1493 1655 1545 κάν
1686 1507 1796 1544 τισι

218 1577 326 1629 τῶν
359 1578 538 1630 ἄλλων
570 1578 686 1648 δέῃ,
727 1581 821 1631 καὶ
848 1579 992 1632 τοῦτ’
1024 1579 1120 1649 ἔχῃ
1159 1583 1299 1649 μετὰ
1334 1580 1444 1631 τῶν
1495 1579 1670 1633 ἄλλων
1698 1598 1797 1648 χα-

220 1668 494 1737 ρίζεσθαι.
528 1670 799 1739 Πρότερον
823 1672 921 1741 μὲν
945 1668 1037 1724 οὖν
1076 1674 1201 1733 τοὺς
1233 1672 1680 1739 καταφεύγοντας
1716 1672 1802 1739 ἐφ’

216 1763 365 1829 ὑμᾶς
401 1760 509 1813 τῶν
582 1762 851 1830 Ἑλλήνων
907 1762 1232 1827 διεσώζετε·
1290 1765 1407 1814 νυνὶ
1456 1763 1501 1815 δ’
1564 1762 1802 1832 ἀτεχνῶς

218 1850 431 1912 πάντας
463 1849 785 1917 ἀνθρώπους
816 1850 911 1902 καὶ
939 1852 1115 1903 πάντα
1140 1848 1271 1919 γένη
1310 1853 1373 1918 τῇ
1407 1850 1671 1921 καλλίστῃ
1696 1851 1803 1901 τῶν

215 1940 551 2007 εὐεργεσιῶν
578 1941 822 2009 ἀνέχετε,
860 1940 1129 2009 ἡγεμόνες
1185 1941 1439 2000 παιδείας
1470 1940 1566 1992 καὶ
1612 1941 1804 2008 σοφίας

1970 1215 2167 1269 Natura
2199 1215 2353 1284 quasi
2394 1214 2576 1268 sciens
2643 1211 2759 1266 fore
2802 1220 2859 1264 ut
2906 1212 3065 1265 rebus
3113 1210 3276 1277 gestis
3332 1209 3470 1262 alios

1902 1304 2031 1359 urbs
2064 1304 2221 1373 longe
2268 1303 2527 1368 vinceret,
2583 1302 2859 1355 orationes
2912 1300 2963 1353 ei
3012 1308 3068 1352 et
3117 1299 3324 1351 litteras
3371 1312 3471 1365 pro

1902 1394 2164 1463 dignitate
2200 1394 2410 1457 tribuit,
2442 1406 2550 1459 quo
2580 1401 2634 1444 et
2681 1391 2794 1459 ipsa
2840 1390 2952 1441 suis
2998 1390 3259 1454 gauderet
3308 1402 3475 1443 orna-

1904 1485 2121 1547 mentis,
2171 1493 2224 1537 et
2278 1484 2420 1545 aliis,
2465 1483 2510 1534 si
2557 1496 2693 1549 opus
2741 1491 2905 1543 esset,
2950 1478 3145 1548 40711
3194 1494 3300 1533 una
3352 1496 3475 1533 cum

1906 1576 2128 1643 reliquis
2162 1573 2429 1643 impertiri
2464 1580 2668 1639 posset.
2704 1570 2837 1623 Cum
2883 1584 3015 1641 ergo
3062 1572 3214 1641 prius
3259 1570 3479 1624 Graecos

1908 1668 1973 1721 ad
2043 1682 2140 1721 vos
2194 1664 2569 1734 confugientes
2636 1666 3004 1728 servaveritis,
3072 1678 3214 1717 nunc
3287 1678 3479 1718 omnes

1910 1760 2158 1814 homines
2184 1765 2481 1829 gentesque
2543 1769 2771 1812 cunctas
2806 1756 3169 1825 pulcherrime
3204 1755 3479 1822 excipitis,

1909 1850 2068 1904 xenio
2109 1850 2411 1917 sapientiai.
2458 1858 2513 1904 et
2567 1847 2829 1903 doctrina
2876 1847 3042 1899 duces
3090 1844 3341 1899 omnibus
3386 1857 3483 1897 vos

1910 1942 2236 2008 prmbentes,
2285 1952 2626 2008 cunctosque
2656 1948 2967 2009 purgantes.
2998 1935 3117 1991 Jam
3153 1952 3277 1991 cum
3319 1936 3477 2004 quin-

216 2032 438 2099 ἀπάσης
468 2032 768 2099 γινόμενοι.
818 2030 980 2083 Ἀλλά
1003 2032 1024 2061 ⁸
1062 2032 1169 2102 μὴν
1207 2032 1369 2084 πέντε
1402 2030 1499 2100 μὲν
1526 2030 1640 2084 ἐστι
1664 2033 1798 2101 μνή-
1842 2076 1881 2133 ﬂ

1842 2076 1883 2133 η
1910 2047 2015 2103 que
2048 2044 2421 2088 memorentur
2452 2047 2616 2101 regna
2643 2035 2768 2100 (nec
2796 2045 2923 2085 vero
2957 2029 3108 2097 plura
3137 2028 3479 2092 nascantur),

217 2126 337 2194 μη⁸
371 2124 661 2194 βασιλειῶν
694 2137 710 2154 ·
750 2124 826 2194 μὴ
870 2124 1080 2193 γένοιτο
1135 2125 1194 2179 δὲ
1234 2125 1525 2181 πλειόνων.
1582 2126 1802 2181 Τούτων

212 2216 259 2268 δ’
295 2217 389 2267 ἐπὶ
423 2215 522 2284 μὲν
545 2215 645 2283 τῆς
690 2215 990 2284 Ἀσσυρίων
1019 2216 1120 2285 τῆς
1155 2216 1543 2291 πρεσὸυτάτης
1575 2223 1629 2275 αἱ
1649 2221 1806 2292 πρῶ-

212 2326 306 2360 ται
340 2310 441 2377 τῆς
465 2306 673 2373 πόλεώς
706 2310 812 2359 είσι
843 2308 1091 2377 πράξεις,
1126 2309 1222 2363 καὶ
1266 2308 1366 2365 ὅσα
1404 2312 1514 2366 τῶν
1542 2313 1702 2365 θείων
1728 2314 1806 2376 είς

213 2400 409 2453 τοῦτον
437 2400 699 2468 ἐμπίπτει
733 2400 826 2452 τὸν
850 2400 1075 2470 χρόνον·
1129 2405 1223 2456 ἐπὶ
1281 2404 1340 2456 δὲ
1398 2405 1497 2474 τῆς
1549 2405 1805 2476 δευτέρας

214 2492 387 2561 ᾔρετο
415 2494 446 2560 ἡ
474 2491 665 2555 πόλις*
700 2492 799 2561 τὴν
837 2492 891 2545 δὲ
926 2494 1117 2563 τρίτην
1154 2491 1245 2549 διὰ
1273 2494 1463 2558 τέλους
1516 2497 1765 2566 ἐνίκησεν
1788 2510 1804 2527 ⁸

213 2585 275 2637 ἐν
295 2583 357 2638 δὲ
377 2588 444 2654 τῇ
474 2584 709 2655 τετάρτῃ
736 2584 873 2654 μόνη
905 2586 1001 2653 μὲν
1021 2586 1306 2657 ἀντέσχεν,
1336 2589 1536 2658 ἀριστα
1554 2588 1599 2641 δ’
1629 2589 1807 2658 ἀπήλ-

214 2676 352 2739 λαξε
403 2676 512 2727 τῶν
553 2675 762 2728 ἄλλων·
818 2676 912 2728 ἐπὶ
963 2676 1021 2727 δὲ
1082 2678 1182 2746 τῆς
1217 2680 1397 2733 πάντα
1430 2680 1662 2749 ἀρίστης
1713 2680 1808 2733 καὶ

216 2765 512 2834 μεγίστης,
575 2765 675 2833 τῆς
730 2766 848 2817 νυνὶ
911 2764 1343 2837 καθεστηκυίας,
1410 2772 1480 2824 τά
1542 2772 1810 2839 πρεσϐεῖα

214 2854 423 2916 παντὸς
452 2852 685 2922 ἔχειτοῦ
724 2853 1065 2925 Ἑλληνικοῦ,
1101 2860 1195 2911 καὶ
1251 2861 1579 2931 πέπραγενδ
1629 2863 1805 2927 οὕτως

212 2941 365 2995 ὥστε
401 2942 477 3012 μὴ
520 2944 718 3014 ῥᾳδίως
748 2943 815 2997 ἄν
842 2962 964 2998 τινα
995 2949 1134 3018 αὐτῇ
1191 2950 1260 3003 τά
1288 2952 1490 3021 ἀρχαῖα
1544 2954 1665 3006 ἀντὶ
1696 2955 1806 3007 τῶν

214 3034 507 3103 παρόντων
535 3034 923 3098 συνεύξασθαι.
942 3035 1105 3109 Γνοίη
1140 3039 1184 3091 δ’
1201 3040 1267 3093 ἄν
1293 3058 1376 3103 τις
1408 3043 1533 3096 ὅσον
1562 3046 1627 3113 τῇ
1655 3044 1806 3097 πόλει

214 3125 504 3193 περίεστιν
552 3127 616 3177 ὲκ
662 3126 756 3178 τοῦ
799 3132 1004 3192 παντὸς
1040 3131 1255 3194 αίῶνος,
1298 3131 1460 3205 [1232
1494 3134 1585 3205 IL]
1623 3138 1673 3188 εί
1739 3138 1807 3189 τὰ

215 3217 542 3286 ὑπάρχοντα
573 3218 733 3287 αὐτῇ,
769 3219 950 3274 πάντα
971 3222 1067 3292 μὲν
1103 3224 1203 3277 οὐκ
1232 3225 1362 3288 ίσως
1387 3227 1634 3292 δυνατὸν,
1666 3229 1807 3297 μᾶλ-

211 3307 313 3359 λον
335 3308 391 3359 δὲ
412 3309 593 3375 σαφῶς
620 3308 907 3377 ἀδύνατον,
934 3315 1046 3367 ἀλλ’
1064 3316 1163 3369 ὅσα
1180 3333 1242 3384 γε
1272 3318 1528 3386 ἐγχωρεῖ,
1554 3322 1803 3390 μερίσας,

1912 2126 1963 2179 in
2011 2142 2199 2181 eorum
2255 2124 2695 2193 antiquissimum
2738 2122 3047 2193 Assyrium,
3098 2121 3287 2191 prima:
3332 2119 3484 2174 urbis

1910 2233 1996 2274 res
2028 2229 2210 2287 gestar,
2255 2228 2456 2286 etquae
2501 2216 2567 2270 iis
2627 2215 2875 2285 propitiis
2915 2223 3037 2267 acta
3082 2221 3229 2277 sunt,
3276 2212 3484 2265 incide-

1912 2318 2071 2374 runt;
2125 2312 2177 2362 in
2230 2309 2467 2363 secundo
2510 2309 2682 2361 crevit
2723 2308 2903 2372 urbs;
2940 2306 3099 2359 tertio
3146 2304 3263 2372 ipsa
3318 2304 3480 2369 vicit;

1908 2412 2101 2470 quarto
2128 2416 2249 2456 cum
2291 2399 2402 2455 sola
2431 2400 2649 2465 restitit,
2688 2408 2796 2452 tum
2835 2398 3039 2467 optime
3069 2397 3310 2451 onmium
3344 2396 3481 2450 libe-

1913 2494 2051 2547 ravit
2083 2511 2095 2545 :
2128 2494 2178 2545 in
2215 2492 2317 2547 hoc
2344 2501 2523 2546 autem
2558 2490 2801 2545 omnium
2850 2490 3057 2559 optimo
3107 2503 3173 2543 ac
3214 2488 3478 2552 maximo,

1913 2586 2074 2639 totius
2115 2584 2341 2639 Graeciae
2392 2584 2598 2654 primas
2645 2590 2812 2646 tenet,
2847 2584 2918 2636 ita
2966 2592 3023 2634 ut
3065 2595 3170 2635 non
3204 2582 3399 2635 debeat
3431 2583 3481 2635 ei

1910 2681 2192 2747 quisquam
2215 2680 2503 2746 antiquum
2528 2684 2727 2731 statum
2757 2675 2873 2730 loco
2895 2674 3180 2741 praesentis
3198 2686 3481 2741 exoptare.

1909 2770 2124 2836 Quanta
2152 2784 2282 2825 vero
2312 2770 2475 2824 fuerit
2511 2768 2662 2822 urbis
2686 2768 2753 2821 ab
2777 2767 2925 2821 omni
2950 2778 3192 2834 tempore
3215 2775 3484 2834 praestan-

1913 2862 2007 2923 tia,
2042 2860 2201 2915 facile
2236 2860 2528 2915 admodum
2575 2870 3032 2927 cognosceremus
3074 2855 3121 2909 si
3162 2856 3279 2922 ejus
3317 2870 3484 2908 orna-

1910 2962 2089 3007 menta
2120 2967 2227 3006 non
2250 2951 2471 3019 quidem
2507 2948 2689 3004 omnia
2723 2949 2868 3018 (nam
2900 2946 2954 3001 id
2982 2946 3204 2999 omnino
3224 2943 3341 2999 fieri
3372 2958 3479 2997 non

1908 3043 2133 3112 potest),
2177 3044 2273 3098 sed
2316 3043 2522 3111 aliquot
2573 3041 2625 3095 in
2675 3040 2859 3095 varias
2899 3038 3063 3093 urbes
3114 3052 3179 3091 ac
3233 3037 3482 3106 regiones

1909 3136 2319 3196 distribuentes,
2361 3148 2552 3188 earum
2597 3131 2794 3185 deinde
2821 3129 3288 3198 comparationem
3322 3128 3480 3196 quasi

1910 3238 2187 3296 poetarum
2238 3236 2330 3281 aut
2371 3228 2696 3280 chorearutn
2748 3223 3124 3287 instituamus;
3178 3235 3282 3275 non
3333 3220 3479 3273 enim

1912 3320 2043 3371 mihi
2076 3318 2231 3372 facile
2253 3318 2486 3379 videtur,
2512 3318 2819 3370 vincentem
2851 3314 3097 3368 invenire
3126 3330 3141 3367 :
3177 3320 3236 3365 ut
3266 3314 3310 3365 si
3341 3312 3481 3375 alite,

214 3397 391 3449 ἄλλο’
418 3398 555 3469 ἄλλῃ
586 3400 742 3454 πόλει
791 3404 884 3457 καὶ
918 3406 1071 3475 χώρᾳ
1113 3408 1393 3476 προσθεὶς,
1443 3405 1563 3463 εἶτα
1621 3412 1809 3477 ἀγῶνα
1834 3405 1879 3462 C

1834 3405 1879 3462 C
1914 3410 2058 3463 verbi
2090 3411 2289 3477 gratia,
2309 3410 2373 3461 de
2402 3408 2574 3476 prima
2602 3406 2839 3460 hominis
2867 3405 3141 3458 creatione
3162 3403 3478 3471 glorientur,

210 3489 299 3557 τῷ
326 3489 473 3559 λόγῳ
506 3494 757 3563 ποιήσειε
776 3494 795 3525 ⁸
820 3495 1073 3567 καθάπερ
1101 3500 1340 3569 ποιητῶν
1370 3500 1402 3569 ἢ
1457 3502 1633 3570 χορῶν
1657 3502 1698 3555 ⁷.
1731 3503 1803 3555 Οὐ

210 3581 333 3648 γάρ
368 3597 459 3647 μοι
496 3582 648 3636 δοκεῖ
672 3585 769 3653 τὴν
796 3587 1035 3640 νικῶσαν
1056 3590 1235 3657 εὑρεῖν
1267 3590 1331 3642 ἂν
1358 3590 1378 3620 ⁸
1411 3592 1631 3661 ῥᾳδίως.
1682 3587 1807 3646 Οἷον

210 3671 267 3721 ει
295 3669 639 3741 φιλοτιμοῖτο
672 3678 703 3745 ή
740 3675 837 3744 μὲν
889 3676 964 3739 ὠς
1020 3678 1213 3746 πρώτη
1258 3679 1385 3750 [665
1430 3680 1519 3752 IL]
1572 3681 1809 3735 τεκοῦσα

211 3763 283 3815 τὸ
308 3763 423 3816 τῶν
459 3766 761 3836 ἀνθρώπων
806 3768 985 3835 γένος,
1043 3772 1076 3841 ὴ
1111 3771 1169 3824 δὲ
1223 3771 1297 3835 ὡς
1356 3771 1547 3843 πρώτη
1587 3773 1809 3839 δείξασα

212 3858 357 3921 τοὺς
391 3861 661 3928 καρποὺς,
698 3863 729 3931 ἡ
761 3861 815 3914 δὲ
846 3863 922 3925 ὼς
952 3864 1227 3927 πλείστοις
1280 3866 1609 3935 μεταδοῦσα,
1662 3870 1695 3937 ἡ
1750 3869 1807 3921 δέ

211 3953 458 4017 τιςνώς
509 3955 704 4022 νόμους
738 3955 1126 4021 καταδείξασα,
1184 3960 1217 4026 ἡ
1274 3957 1331 4011 δὲ
1387 3958 1806 4028 πανηγύρειςυ»⁷

216 4049 255 4114 ἡ
298 4044 359 4096 δὲ
392 4046 467 4105 ὡς
494 4046 551 4096 ὲν
591 4046 898 4108 καλλίστοις
952 4051 1129 4100 κεῖται
1180 4052 1284 4118 γῆς
1317 4050 1433 4119 ἅμα
1462 4051 1557 4103 καὶ
1613 4051 1805 4104 θαλάτ·

214 4154 328 4204 της
360 4135 423 4198 ¹²,
455 4138 486 4204 ἡ
518 4136 575 4188 δὲ
612 4138 725 4195 τοῖς
755 4139 852 4205 τῆς
898 4137 1087 4205 σοφίας
1120 4140 1345 4205 ἀγαθοῖς
1399 4141 1712 4207 ἀγάλλοιτο,
1774 4143 1807 4211 ἡ

212 4228 279 4279 δὲ
314 4227 415 4289 τὰς
447 4229 504 4279 ὲν
527 4230 637 4290 τοῖς
665 4230 923 4297 πολέμοις
976 4231 1202 4299 πράξεις
1233 4232 1549 4299 καταλέγοι,
1584 4234 1718 4303 άλλη
1750 4234 1807 4286 δὲ

215 4322 388 4380 ὅσους
414 4322 457 4351 ³³
512 4320 807 4383 ὑπεδέξατο
851 4323 962 4374 τῶν
1008 4322 1295 4392 Ἑλλήνιον,
1332 4324 1364 4391 ή
1412 4323 1469 4375 δὲ
1501 4324 1599 4386 τὰς
1644 4328 1803 4377 ἀποι-

215 4411 357 4472 κίας
384 4409 451 4472 ἃς
482 4411 821 4474 ἀπέστειλεν,
856 4414 886 4480 ἡ
922 4412 977 4464 δὲ
1002 4414 1029 4465 ὅ
1062 4430 1113 4465 τι
1137 4414 1229 4465 καὶ
1252 4412 1367 4483 δοίη
1409 4430 1492 4475 τις
1521 4415 1658 4480 αὐτῇ
1690 4415 1803 4467 τῶν

213 4502 586 4569 ὑπαρχόντων
615 4505 679 4571 τῇ
717 4504 889 4563 πόλει,
920 4505 1056 4573 φήμ’
1083 4504 1260 4572 ἔγωγε
1308 4506 1523 4573 μάλιστ’
1568 4507 1634 4558 ἂν
1663 4508 1805 4560 οῦτω

211 4592 483 4660 γενέσθαι
509 4594 822 4660 καταφανὲς
855 4596 1071 4657 ὁπόσοις
1112 4597 1225 4649 τισὶ
1280 4598 1390 4660 τοῖς
1425 4599 1733 4668 κρείττοσιν
1771 4601 1803 4667 ή

1909 3500 2152 3568 quadam
2196 3502 2261 3554 de
2313 3499 2559 3567 frugi-bus
2617 3498 2701 3551 vel
2790 3499 3020 3565 primunt
3080 3495 3337 3560 inventis,
3398 3497 3483 3548 vel

1910 3591 2201 3660 plurimum
2238 3590 2679 3651 communicatis,
2718 3587 2988 3641 nonnulla:
3035 3585 3101 3640 de
3144 3585 3351 3653 legibus
3390 3593 3486 3637 aut

1912 3684 2063 3739 feriis
2087 3684 2418 3739 solemnibus
2447 3684 2780 3748 constitutis,
2814 3681 2932 3735 alia}
2967 3682 3033 3735 dc
3076 3683 3187 3735 situ
3241 3696 3483 3735 commo-

1912 3777 2135 3831 dissimo
2160 3794 2175 3843 ;
2202 3777 2444 3845 quasdam
2478 3777 2545 3829 de
2592 3777 2883 3845 sapientia,
2920 3775 3002 3828 vel
3041 3775 3205 3829 rebus
3244 3773 3479 3837 bellicis,

1916 3868 2183 3923 nonnulla:
2209 3872 2274 3923 de
2308 3868 2513 3923 Graecis
2540 3870 2804 3938 exceptis,
2838 3868 2917 3922 vel
2947 3868 3171 3922 coloniis
3201 3868 3477 3932 deductis;

1912 3961 2129 4028 reliquas
2156 3961 2387 4029 denique
2414 3961 2480 4015 de
2509 3959 2609 4012 alia
2637 3974 2695 4014 re
2730 3962 2944 4028 quavis,
2987 3973 3107 4027 qum
3142 3959 3259 4012 urbi
3303 3959 3481 4013 conti-

1912 4054 2071 4122 gerit.
2127 4052 2218 4107 Sic
2267 4052 2610 4121 apertissime
2657 4064 2861 4118 quanto
2908 4051 3143 4118 reliquas
3196 4050 3481 4104 intervallo

1912 4145 2041 4196 urbs
2072 4157 2311 4213 superet,
2353 4144 2734 4207 ostendemus,
2786 4157 2909 4197 cum
2954 4143 3092 4212 ipsa,
3146 4157 3481 4212 quaecunque

1914 4233 2007 4287 tati
2025 4232 2246 4287 Graecia-
2266 4234 2553 4301 separatim
2574 4232 2905 4296 suﬂicerent,
2924 4234 3035 4287 sola
3064 4235 3475 4301 complectatur.

1909 4328 2049 4391 Quin
2078 4337 2133 4378 et
2162 4325 2364 4379 donum
2396 4327 2539 4393 quod
2570 4325 2641 4379 sit
2676 4326 2993 4389 maximum,
3030 4342 3134 4378 non
3170 4326 3327 4380 facile
3362 4327 3477 4379 dis-

1909 4428 2186 4479 cernetur,
2217 4431 2402 4470 verum
2427 4416 2472 4471 si
2506 4416 2595 4470 hic
2629 4415 2909 4469 civitatum
2951 4431 3163 4485 quoque
3207 4416 3297 4470 fiat
3343 4433 3476 4471 con-

1912 4507 2102 4569 tentio,
2132 4516 2191 4560 ut
2225 4506 2330 4559 alia
2368 4505 2587 4560 Cereris
2620 4504 2829 4559 fructus
2873 4505 3083 4572 afferat,
3115 4506 3216 4559 alia
3251 4505 3476 4572 Bacchi,

1910 4614 2008 4653 nec
2050 4598 2217 4652 solius
2272 4601 2418 4663 vitis,
2476 4600 2569 4653 sed
2614 4607 2668 4651 et
2718 4597 2969 4661 aliorum,
2996 4613 3113 4667 qua:
3163 4608 3421 4653 seruntur
3456 4620 3473 4653 :

213 4685 384 4746 πόλις
429 4686 556 4753 ἡμῖν
577 4686 620 4716 ¹³
648 4688 746 4747 τὰς
773 4687 939 4747 ἄλλας
963 4689 1357 4758 παρελήλυθεν.
1394 4691 1461 4742 ’Ἀ
1490 4691 1599 4760 γάρ
1646 4693 1806 4763 ἐξαρ-
1840 4728 1878 4782 D

1840 4728 1883 4782 ο
1915 4693 2071 4745 tertia
2110 4706 2237 4744 vero
2276 4690 2529 4744 Minervas
2566 4689 2792 4753 donum,
2840 4690 2997 4755 idque
3033 4690 3247 4760 duplex,
3292 4690 3476 4744 multis

213 4775 316 4823 κεῖ
356 4778 658 4843 νειμαμένῃ
715 4778 782 4844 τῇ
830 4776 1058 4839 Ἑλλάδι,
1107 4777 1278 4830 ταῦτα
1334 4779 1469 4848 μόνη
1503 4781 1801 4848 συλλήϐδην

211 4861 362 4928 ἔχει.
398 4862 508 4912 Καὶ
558 4863 662 4930 μὴν
688 4864 729 4895 ιδ
778 4866 886 4917 τῶν
939 4883 1001 4932 γε
1063 4867 1280 4937 δωρεῶν
1334 4871 1662 4941 ὡσαύτως)⁸
1704 4872 1802 4943 τὴν

212 4950 497 5019 μεγίστην
524 4954 583 5004 οὑ
636 4956 815 5025 ῥᾴδιον
844 4959 1041 5028 εὑρεῖν,
1079 4959 1392 5027 άμιλλάσθω
1449 4963 1503 5014 δὲ
1548 4963 1640 5015 καὶ
1675 4965 1802 5032 περί

207 5041 433 5094 τούτων
464 5043 597 5113 ἄλλη
623 5048 758 5116 πρδς
790 5048 955 5118 ἄλλην
988 5051 1163 5113 πόλις,
1193 5052 1224 5119 ή
1254 5052 1493 5121 μὲντοὺς
1517 5055 1803 5123 Δήμητρος

210 5134 476 5199 καρποὺς
515 5137 833 5205 κομίζουσα,
869 5141 901 5209 ή
936 5139 991 5193 δὲ
1023 5142 1147 5202 τοὺς
1172 5142 1216 5173 ¹⁶
1249 5141 1342 5193 τοῦ
1376 5143 1649 5203 Διονύσου,
1710 5145 1803 5196 καὶ

207 5223 449 5287 τούτους
472 5227 531 5279 οὑ
559 5228 719 5296 μόνον
765 5230 891 5291 τοὺς
929 5231 1034 5284 ἀπὸ
1058 5232 1155 5301 τῆς
1210 5232 1480 5302 ἀμπέλου,
1514 5235 1647 5287 ἀλλὰ
1707 5237 1800 5287 καὶ

1912 4780 2096 4847 utique
2157 4780 2463 4833 civitatibus
2534 4780 2797 4848 gloriandi
2860 4780 3181 4842 materiam,
3251 4794 3349 4834 ceu
3407 4781 3474 4834 de

1911 4872 2357 4939 prmstantissinto
2426 4884 2647 4923 munere
2697 4869 2921 4938 singulis
2971 4871 3235 4925 dabimus.
3275 4871 3477 4942 408a

1910 4966 2083 5031 Atque
2137 4964 2251 5016 lucc
2303 4963 2519 5031 quidem
2576 4961 2861 5016 hactenus.
2920 4961 3231 5030 Magnitudo
3294 4974 3475 5017 autem

1912 5055 2060 5107 urbis
2090 5065 2144 5107 et
2176 5055 2412 5123 reliquus
2440 5066 2749 5121 apparatus,
2792 5054 3009 5107 omnino
3040 5053 3270 5107 fortuna:
3306 5054 3477 5107 Athe-

1912 5146 2181 5209 niensunt,
2226 5156 2279 5197 et
2335 5145 2567 5197 nominis
2614 5145 2955 5213 amplitudini
3006 5146 3315 5213 respondet,
3360 5146 3477 5199 sive

1911 5237 2083 5305 ipsum
2113 5237 2351 5291 civitatis
2383 5235 2666 5300 ambitum,
2712 5236 2810 5304 qui
2844 5236 3113 5291 maximus
3148 5246 3229 5291 est
3258 5246 3311 5291 et
3352 5235 3473 5306 pul-

1513 5390 1746 5445 V'AillAi
1778 5388 2178 5445 LECTIONES.

316 5504 365 5535 ”
400 5518 656 5568 κινουμεν
693 5500 756 5555 Β.
833 5502 878 5534 ⁸⁸
912 5503 977 5556 ἂν
1002 5506 1052 5557 εἴ
1082 5524 1163 5569 τις
1189 5508 1283 5561 καὶ
1300 5508 1408 5561 τῶν
1429 5508 1586 5579 θεῶν]
1626 5509 1841 5560 καὶτῶν
1873 5508 2009 5561 θεῶν
2036 5506 2087 5557 εἴ
2116 5525 2195 5567 τις
2234 5506 2319 5559 ἄν.
2394 5507 2439 5537 ’⁵
2481 5506 2581 5559 κᾶν
2602 5506 2725 5560 εἴτι
2757 5508 2941 5577 σεισθῇ
2978 5521 3085 5560 om.
3119 5508 3185 5561 Α.

316 5572 424 5628 ςαςΙ
462 5572 666 5628 ἀμελὴς
701 5575 763 5628 Α,
806 5573 996 5628 άμελεί
1026 5574 1085 5627 Β.
1197 5578 1238 5609 ’⁷
1273 5577 1434 5628 ἔνων]
1456 5596 1505 5628 tt-
1536 5580 1658 5628 511.
1751 5579 1794 5609 ’⁸
1823 5580 1963 5628 δ’ἕτι
1994 5580 2035 5628 Α
2067 5594 2079 5627 :
2110 5578 2164 5628 δέ
2191 5594 2241 5627 τι
2282 5594 2343 5628 ς.
2442 5578 2485 5608 ⁹⁹
2526 5575 2736 5628 ὥσπερ]
2759 5592 2807 5628 ι).
2836 5579 2959 5628 517.
3056 5579 3071 5607 ¹
3111 5594 3185 5628 πη

1776 5580 1794 5609 ⁸
1823 5580 1963 5630 δ’ἕτι
1994 5580 2036 5631 Α
2067 5594 2079 5627 :
2110 5580 2164 5628 δέ
2191 5594 2241 5627 τι
2282 5594 2343 5640 ς.

207 5572 425 5660 λῆστις]
462 5572 777 5660 ἀμελὴς,
806 5573 997 5660 ivssi
1026 5574 1115 5660 δ’.
1174 5578 1238 5660 .⁹ἷ
1273 5577 1434 5660 έκφν]
1456 5596 1505 5647 ι’·
1536 5572 1658 5660 δΗε

3265 5510 3310 5540 u
3335 5512 3477 5580 ἀμε,

2442 5578 2501 5648 ’έν
2526 5575 2807 5648 ᾧσπερ]ι).
2836 5575 2959 5631 517.
3056 5579 3071 5607 ¹
3111 5580 3325 5647 προέξει
3363 5575 3475 5645 τοῖς

211 5639 512 5719 ἑργοῇιξςκέ
538 5639 778 5719 Δελὰλλά]
808 5639 859 5719 pi
894 5643 1018 5719 529.
1096 5647 1115 5678 ³
1140 5649 1246 5699 εἰσὶ
1273 5639 1479 5719 μνῆμαι
1512 5668 1570 5713 ς’.
1646 5650 1667 5682 δ
1697 5649 1977 5717 πέπρακεν
2006 5651 2082 5719 A.
2143 5649 2163 5679 ⁸
2194 5639 2319 5698 ἄλλο
2348 5645 2384 5697 Β
2411 5665 2422 5698 ;
2456 5646 2612 5719 ἄλλος
2640 5639 2736 5710 gf
2759 5639 2797 5678 ’⁸
2830 5650 3044 5718 ποιήσει
3073 5649 3137 5709 Α,
3157 5639 3377 5719 ’ποιῆσοι
3408 5639 3470 5706 ΒΣ

211 5710 443 5770 καθάπε
455 5710 506 5782 ρ]
535 5710 774 5782 ἔνθαπερ
794 5718 857 5767 Δ.

216 5788 267 5818 η
309 5785 367 5838 δὲ
399 5795 522 5838 ante
541 5786 697 5847 ὅσους
731 5800 840 5837 om.
873 5789 938 5838 A.

636 5879 896 5938 t’t'rttoL.
930 5879 1041 5937 Gtt.
1088 5878 1248 5940 Cll].

953 5715 972 5745 ⁷
998 5719 1189 5785 χωρῶν
1224 5715 1287 5772 Λζ
1366 5715 1408 5750 ’⁸
1433 5720 1498 5772 ἂν
1530 5735 1638 5773 om.
1668 5722 1734 5772 Α.

1836 5720 1930 5750 ιη
1978 5720 2003 5787 ἡ
2106 5732 2190 5778 τις
2214 5745 2286 5755 -
2316 5717 2646 5787 πανηγύρεις
2688 5733 2795 5771 om.
2849 5721 2911 5772 Α.

1018 5787 1059 5817 ’³
1095 5788 1249 5859 ἡμῖν]
1275 5790 1426 5859 ὑμῶν
1457 5790 1516 5844 Β.
1597 5790 1638 5821 ί*
1672 5792 1765 5842 καὶ
1795 5787 1927 5861 μὴν]
1960 5786 2152 5858 p.322.

3025 5720 3063 5749 ²¹
3098 5717 3372 5786 θαλάσσης
3406 5723 3472 5774 Α.

2916 5788 2958 5820 ⁸⁸
2983 5788 3108 5849 τοὺς
3140 5790 3184 5841 Α
3218 5807 3231 5843 ;
3280 5790 3377 5859 τῆς
3407 5808 3471 5853 ς.

2990 5878 3067 5940 47

2234 5788 2276 5817 ’⁵
2300 5785 2558 5848 ὡσαύτως
2587 5802 2692 5841 om.
2730 5789 2793 5840 Α.
