4216 6430
774 387 906 455 1487

1926 383 2185 443 I’HOTII
2225 385 2729 447 PATRIARCIIE
2768 388 2878 451 (ΣΡ.

3886 403 4036 468 uae

774 508 1038 577 dignitate
1064 506 1170 560 dici
1203 504 1430 559 audivit.
1488 502 1671 569 Itaque
1726 515 1846 553 cum
1899 506 2127 555 mlrarer
2156 501 2346 555 audire
2374 506 2421 562 Α

2374 506 2421 562 Α
2450 502 2719 573 Πρότερον
2751 507 2849 574 μὲν
2882 504 2977 561 οὖν
3022 510 3248 581 ἠγάμην
3293 513 3506 567 ἀκούων
3536 516 3579 545 ⁷³
3600 516 3658 566 τὺ
3689 517 3788 581 τῆς
3831 521 4035 584 σοφίας

772 616 858 654 me
907 596 1181 667 sapientia:
1234 596 1461 655 curiam,
1484 600 1537 646 et
1559 591 1781 647 Graeciae
1811 590 1975 645 larem
2029 601 2189 660 atque
2243 606 2342 648 co-

773 694 972 753 lumen,
1004 699 1059 743 et
1102 687 1318 751 similia,
1348 684 1572 755 quae-de
1616 685 1748 737 urbe
1794 682 2148 749 canebantur,
2202 700 2345 738 nunc

772 782 903 835 mihi
945 796 1007 835 ea
1054 781 1262 833 minora
1322 778 1577 832 videmur
1624 778 1826 828 omnia.
1880 775 2017 841 Quin
2056 776 2099 829 si
2144 778 2344 831 civitas

772 873 875 925 ulla
945 873 1168 925 deorqu
1229 868 1475 922 ministra
1537 878 1592 922 et
1643 878 1892 933 cognata,
1951 865 2034 920 vel
2094 866 2345 920 humanae

772 973 976 1016 natura:
1026 962 1373 1016 simulacrum
1420 962 1597 1013 vocari
1648 959 1827 1020 debet,
1877 959 1991 1013 hac
2022 958 2072 1012 id
2110 958 2343 1013 nominis

767 1054 891 1119 jure
940 1053 1223 1107 obtinebit.
1270 1054 1415 1117 Quas
1455 1052 1524 1103 ob
1577 1065 1686 1113 res,
1736 1065 1768 1103 ο
1798 1048 1995 1113 Graeci,
2059 1064 2157 1103 nec
2211 1050 2344 1102 invi-

772 1144 902 1197 dere
970 1142 1177 1196 debetis
1250 1143 1392 1203 urbi,
1456 1155 1556 1195 nec
1619 1142 1925 1193 verecunde
1993 1143 2186 1193 cedere
2245 1154 2340 1207 po-

774 1235 903 1298 tius,
964 1247 1125 1300 quam
1175 1247 1292 1286 eam
1346 1232 1593 1285 certatim
1644 1246 1740 1299 pro
1793 1231 1998 1283 viribus
2050 1229 2337 1284 extollere.

772 1322 903 1376 Nam
945 1325 987 1378 si
1022 1323 1377 1377 Atheuienses
1410 1322 1605 1376 fuerint
1635 1323 1961 1385 superiores,
2016 1324 2121 1375 erit
2167 1332 2341 1375 vestra

772 1414 1018 1466 victoria.
1076 1413 1285 1465 Etenim
1356 1426 1478 1465 cum
1541 1426 1731 1465 omnes
1801 1412 1987 1477 optimi
2052 1426 2174 1465 esse
2238 1426 2339 1465 ue-

776 1514 1002 1571 queunt,
1060 1514 1170 1556 tum
1225 1512 1283 1556 ut
1315 1518 1379 1556 ex
1413 1503 1567 1556 ducis
1614 1502 1923 1571 prmstantia
1978 1502 2189 1554 laudem
2245 1517 2341 1555 ca-

768 1596 847 1661 pit
897 1595 1110 1658 civitns,
1156 1595 1229 1647 ita
1280 1595 1323 1647 si
1367 1593 1618 1662 princeps
1650 1592 1779 1645 urbs
1828 1593 2088 1646 honorem
2133 1593 2331 1645 sortia-

769 1696 858 1739 tur
908 1701 965 1739 se
1032 1688 1277 1754 dignum,
1348 1688 1391 1739 is
1443 1695 1665 1739 ornatus
1723 1685 1788 1736 ad
1841 1698 2030 1737 omnes
2086 1686 2338 1750 pertinet.

768 1775 1229 1841 Quemadmodum
1270 1776 1432 1843 igitur
1474 1774 1831 1829 Athenienses
1888 1773 1986 1840 ipsi
2041 1787 2148 1827 non
2198 1788 2341 1843 aegre

770 1864 1015 1930 tulerint,
1056 1868 1100 1921 si
1129 1868 1251 1935 quis
1308 1868 1543 1935 ipsorum
1597 1880 1777 1920 arcem
1817 1864 2074 1918 celebret.

838 2042 986 2116 [Pro.
1025 2042 1441 2116 pulcherrimam
1467 2052 1517 2094 et
1541 2037 2013 2116 lionoratissimatn
2040 2039 2217 2092 omnis
2249 2042 2344 2092 At-

771 2110 910 2176 ticie.
953 2116 995 2167 si
1024 2110 1145 2181 quis
1174 2115 1317 2166 dicat
1358 2110 1591 2181 arcem.]

837 2204 912 2259 Ita
967 2220 1059 2258 vos
1118 2216 1333 2273 quoque
1394 2205 1581 2256 urbem
1624 2217 1721 2271 pro
1763 2216 1889 2256 arce
1944 2203 2200 2270 quadam,
2258 2198 2340 2253 vel

776 2296 986 2363 fastigio
1025 2294 1245 2350 Graecia:
1272 2310 1334 2349 ac
1372 2296 1639 2349 sociorum
1678 2293 1962 2356 habentes,
2000 2293 2177 2346 verbis
2220 2306 2338 2344 eam

768 2398 821 2440 et
843 2386 1000 2440 {actis
1027 2402 1243 2452 ornare,
1281 2386 1461 2454 itaque
1500 2386 1710 2438 laudem
1747 2385 2184 2447 communicare,
2242 2397 2341 2436 nec

766 2493 829 2533 ea
882 2492 979 2532 vos
1047 2478 1247 2547 privari
1296 2479 1607 2531 existimare
1657 2476 1831 2529 decet.
1905 2473 2030 2529 Haec
2097 2476 2259 2544 igitur
2310 2488 2339 2527 a

766 2568 922 2621 nobis
954 2570 1128 2622 oratio
1171 2569 1307 2637 pepli
1349 2569 1523 2623 instar
1565 2568 1629 2621 ad
1654 2576 1903 2620 ornatum
1946 2579 2153 2634 pompae
2198 2564 2339 2617 Pan-

768 2659 1067 2713 athenaicaa
1121 2660 1367 2713 c0nfecta
1428 2662 1520 2723 sit,
1572 2673 1690 2727 quae
1740 2668 1798 2712 ut
1850 2659 2077 2726 gratiam
2136 2671 2341 2709 merea-

771 2761 877 2813 tur,
936 2749 1130 2805 eﬂiciet
1187 2752 1373 2805 eadem
1427 2750 1526 2804 dea
1570 2760 1624 2803 et
1658 2748 1743 2803 cui
1800 2748 1978 2804 oratio
2021 2755 2185 2801 estet
2214 2746 2342 2799 urbs

770 2849 1113 2895 (ιοηδεςηιιι.

1364 2963 1667 3019 CCXLV".

772 3086 854 3139 Ex
904 3088 1139 3155 ejusdem
1188 3088 1436 3139 Aristidis
1494 3086 1578 3138 IV
1640 3085 1978 3155 Orationibus
2033 3100 2127 3150 pro
2163 3086 2339 3138 rheto-

892 3151 1005 3208 rica
1042 3159 1289 3210 adversus
1322 3157 1559 3209 Platonis
1595 3151 2202 3223 Gorgiam—Excerpta.

838 3259 1032 3331 5096
1070 3259 1248 3314 Lectae
1282 3271 1406 3313 sunt
1454 3262 1691 3329 ejusdem
1724 3258 1800 3313 De
1836 3260 2089 3311 rhetorica
2126 3258 2337 3311 Oratio-

2448 599 2773 665 πρυτανεῖον
2798 600 2892 651 καὶ
2912 602 3011 670 τὴν
3038 602 3138 669 τῆς
3179 604 3424 667 Ἑλλάδος
3464 605 3645 658 ἑστίαν
3670 610 3759 659 καὶ
3796 610 3857 659 τὺ
3881 609 4037 676 ἔρει-

2448 704 2580 755 σμα,
2613 691 2706 741 καὶ
2750 690 2849 743 ὅσα
2888 692 3113 747 τοιαῦτα
3158 698 3238 757 είς
3264 698 3363 767 τὴν
3402 700 3552 749 πόλιν
3584 699 3738 768 ᾔδετο
3763 715 3775 727 ·
3824 700 3921 751 νῦν
3972 701 4034 753 δέ

2449 794 2539 847 μοι
2571 778 2719 830 δοκεῖ
2760 780 2935 833 ταῦτα
2963 784 3141 835 πάντα
3185 786 3315 837 εῐσω
3350 785 3587 839 πίπτειν.
3636 787 3774 839 Ἀλλ’
3808 789 3865 839 εἴ
3901 806 4035 842 τινα

2446 866 2550 936 χρὴ
2584 868 2737 920 πόλιν
2766 868 2903 921 θεῶν
2951 869 3196 939 ὕπαρχον
3228 873 3325 941 ⁷δῆ
3358 874 3592 941 συγγενῆ
3624 879 3967 943 προσειπεῖν,
3996 876 4031 945 ἢ

2444 960 2543 1027 τῆς
2566 959 2778 1027 φύσεως
2811 961 2910 1029 τῆς
2949 962 3291 1031 ἀνθρωπείας
3324 965 3507 1016 εἰκόνα
3552 965 3646 1017 καὶ
3672 966 3819 1035 ὅρον,
3847 967 3930 1034 es
3962 969 4033 1019 ἄν

2450 1068 2537 1119 μοι
2587 1052 2733 1104 δοκεῖ
2760 1052 2805 1082 ’⁸
2827 1050 3049 1115 δικαίως
3102 1054 3387 1124 κληθῆναι.
3442 1056 3579 1109 ’Λνθ⁹
3618 1049 3715 1120 ὧν,
3746 1052 3791 1108 ὦ
3832 1058 4033 1125 ἄνδρες

2448 1141 2731 1211 Ἕλληνες,
2766 1143 2887 1195 οὔτε
2916 1145 3108 1211 φθόνον
3138 1146 3285 1207 εἰκὸς
3314 1146 3455 1213 ἔχειν
3481 1150 3545 1215 τῇ
3579 1148 3727 1198 πόλει
3754 1146 3868 1199 οὗθ’
3891 1148 4029 1198 ὑπο-

2446 1234 2756 1303 χωροῦντας
2778 1237 3147 1306 αίσχύνεσθαι.
3179 1237 3316 1289 ἀλλά
3340 1237 3619 1300 συναύξειν
3650 1239 3712 1287 ὲκ
3741 1238 3852 1288 τῶν
3878 1239 4029 1290 ἐνόν-

2445 1342 2552 1377 των
2581 1328 2674 1379 καὶ
2699 1326 3116 1396 φιλοτιμεῖσθαι.
3140 1328 3260 1378 Τῶν
3279 1328 3387 1396 γὰρ
3416 1329 3712 1397 ⁹Λί.)ηναίων
3743 1327 4025 1380 νικώντων

2446 1418 2577 1485 παρ’
2617 1418 2743 1485 ὑμῖν
2773 1418 2820 1449 ’⁸
2850 1418 2968 1469 ἐστι
2997 1420 3058 1469 τὸ
3085 1420 3261 1487 νικᾴν.
3296 1418 3501 1479 Πάν-σς
3545 1419 3645 1486 μὲν
3674 1418 3783 1486 γὰρ
3810 1420 4029 1470 πάντων

2444 1504 2509 1558 ἂν
2535 1502 2676 1559 εἶναι
2704 1508 2961 1576 ἀρίστους
2993 1508 3253 1559 ἀδύνατον
3279 1527 3291 1538 θ
3326 1506 3514 1576 ῶσπερ
3544 1507 3599 1558 δὲ
3626 1508 3751 1557 Ξταν
3788 1524 4029 1576 στρατη-

2443 1597 2536 1662 γδς
2571 1597 2796 1667 προέχῃ,
2848 1600 3063 1665 μετέχει
3093 1599 3191 1667 τῆς
3241 1598 3397 1667 δόξης
3434 1599 3465 1667 ή
3517 1599 3689 1657 πόλις,
3744 1596 3891 1648 οὕτω
3928 1600 4029 1663 τῆς

2444 1687 2753 1756 ἡγουμένης
2781 1688 2987 1750 πόλεως
3030 1689 3096 1740 τὰ
3126 1688 3307 1740 εἰκότα
3340 1689 3652 1756 τιμωμένης
3678 1688 3851 1738 ἆπασι
3891 1687 4027 1753 μέτε

2444 1794 2558 1830 εστι
2587 1778 2683 1848 τῆς
2704 1780 3032 1848 φιλοτιμίας.
3056 1775 3224 1848 Οἶμαι
3259 1779 3306 1831 δ’
3351 1780 3460 1832 οὐδ’
3488 1780 3669 1839 αὐτοῖς
3718 1776 4030 1843 Ἀθηναίοις

2375 1834 2414 1886 Β
2446 1834 2944 1938 φέρεινιαὶσχύντίν,
2965 1834 3029 1921 έν
3057 1834 3138 1931 τις
3163 1870 3343 1931 αὐτοῖς
3368 1834 3703 1938 πρεσϐεύῃγ⁷⁷
3737 1834 4030 1938 τὴνάκρὸζ

2445 1962 2620 2015 πολιν.

2513 2052 2693 2123 [Ἃντὶ
2733 2054 2777 2085 ⁷⁸
2809 2053 2899 2105 τοῦ
2926 2053 3255 2123 τιμιωτέραν
3290 2056 3383 2106 καὶ
3414 2053 3760 2123 ἐνδοξοτέραν
3792 2054 3897 2122 τῆς
3925 2052 4030 2106 πά·

2446 2140 2543 2193 σης
2587 2125 2835 2192 Ἀττικῆς
2864 2126 2916 2177 εί
2938 2140 3020 2185 τις
3048 2124 3192 2189 λέγοι
3220 2124 3261 2154 ⁷⁸
3297 2124 3394 2191 τὴν
3411 2124 3749 2195 ἀκρόπο).ιν.]

2514 2216 2633 2286 Χρὴ
2670 2216 2783 2248 ⁸οο⁸¹
2813 2217 2991 2269 τοίνυν
3024 2217 3119 2268 καὶ
3142 2218 3285 2284 ὑμᾶς
3315 2216 3501 2286 ὥσπερ
3522 2218 3819 2286 ἀκρόπολίν
3838 2233 3965 2268 τινα
3992 2216 4025 2285 ἢ

2443 2310 2687 2379 κορυφὴν
2712 2311 3037 2378 νομίσαντας
3069 2309 3169 2379 τῆς
3213 2309 3459 2371 Ἑλλάδος
3490 2310 3705 2361 καὶτῶν
3733 2308 4029 2377 ὁμοφύλων

2441 2400 2539 2469 τὴν
2567 2400 2741 2465 πόλιν,
2776 2401 2869 2452 καὶ
2892 2399 3037 2469 ἔργῳ
3063 2401 3157 2453 κα)⁸
3187 2400 3329 2470 λόγῳ
3353 2403 3594 2467 κοσμεῖν,
3626 2401 3720 2451 καὶ
3776 2401 4029 2468 μετέχειν

2442 2491 2539 2558 τῆς
2568 2489 2749 2559 δόξης,
2770 2489 2884 2543 ἀλλ’
2918 2491 3020 2543 οὐκ
3061 2491 3483 2560 ἀποστερεῖσθαι
3514 2489 3859 2559 νομίζοντας.
3898 2491 4026 2558 Εἰρ-

2441 2597 2638 2647 γασται
2666 2581 2758 2633 καὶ
2776 2584 2907 2648 ἡμῖν
2934 2584 2962 2633 ὁ
2988 2581 3143 2648 λόγος
3163 2582 3284 2635 ἀντὶ
3306 2580 3400 2633 τοῦ
3420 2582 3621 2633 πέπλου
3652 2581 3860 2649 κόσμος
3882 2583 4028 2633 Παν-

2441 2673 2715 2739 αθηναίων
2762 2675 2826 2741 τῇ
2879 2672 3122 2741 θεωρίαο
3157 2672 3341 2726 δοῦναι
3386 2674 3443 2725 δὲ
3485 2672 3643 2742 χάριν
3703 2675 3809 2742 τῆς
3842 2671 4017 2738 αὐτῆς

2444 2764 2589 2831 θεοῦ,
2622 2760 2803 2836 ἧσπερ
2833 2767 2978 2818 καὶὸ
3015 2765 3171 2833 λόγος
3196 2766 3291 2819 καὶ
3328 2767 3363 2836 ὴ
3400 2766 3556 2829 πόλις
3577 2766 3643 2817 ⁸¹.

3152 2973 3323 3026 ΣΜΖ’.

2445 3080 2555 3135 Τοῦ
2606 3079 2793 3133 αὑτοῦ
2854 3078 3001 3145 πρὸς
3054 3079 3345 3198 Πλάτωέα
3394 3078 3543 3144 ὑπὲρ
3571 3076 3902 3147 ῥητορικῆς
3928 3080 4029 3132 λό-

3133 3164 3219 3198 δδοι
3306 3185 3321 3198 .

3133 3164 3219 3214 ro:
3252 3164 3321 3199 0'.

2524 3257 2963 3328 ’Δνεγνὼσθησαν
2979 3258 3073 3311 τοῦ
3104 3258 3270 3310 αὑτοῦ
3301 3258 3344 3287 ⁸³
3376 3258 3527 3324 Πρὸς
3550 3257 3845 3309 Πλάτωνα
3871 3258 4024 3327 ὑπὲρ

773 3369 859 3404 ne:
910 3355 1156 3405 adversus
1211 3350 1518 3411 Platonem,
1550 3352 1921 3404 necessitatem
1959 3349 2131 3402 eidem
2182 3349 2338 3417 hujus
2432 3402 2438 3417 η

2432 3348 2751 3417 ῥητορικῆς
2771 3351 2941 3417 λόγοι
2972 3349 3287 3416 τέσσαρες,
3329 3348 3425 3417 τὴν
3449 3350 3621 3416 αὐτὴν
3646 3349 3721 3417 τῷ
3757 3366 4022 3420 προειρη-

767 3443 1131 3497 ostendentes.

837 3532 1102 3586 Exi-timo
1138 3533 1385 3601 equidem
1420 3546 1564 3593 eum,
1598 3530 1688 3599 qui
1738 3528 1820 3583 vel
1864 3538 2014 3584 recte
2065 3528 2333 3592 dicturus,

766 3622 849 3676 vel
913 3639 1125 3691 thuttm
1178 3626 1248 3676 sit
1304 3622 1620 3691 sull’ragium
1686 3621 1919 3682 laturus,
1971 3621 2156 3673 nonid
2211 3637 2336 3691 spe-

765 3722 915 3768 ctare
964 3715 1184 3777 debere,
1227 3728 1329 3767 nec
1367 3714 1625 3773 invidere,
1662 3712 1705 3765 si
1768 3726 1925 3778 quem
1976 3714 2219 3779 priorum
2270 3726 2335 3764 ac

764 3804 1065 3856 celebrium
1123 3805 1384 3865 virorum,
1432 3802 1590 3855 aliter
1650 3800 1837 3855 eadem
1897 3802 1963 3853 de
2010 3815 2068 3853 re
2132 3798 2337 3853 dixisse

762 3895 1059 3963 contingat,
1128 3896 1222 3947 sed
1291 3893 1445 3959 cujus
1517 3892 1714 3958 ubique
1764 3891 2054 3942 maximam
2123 3897 2336 3955 oportet

764 3984 949 4037 haberi
984 3984 1268 4046 rationem,
1298 3983 1422 4036 huic
1455 3996 1666 4050 quoque
1710 3980 1777 4033 ab
1849 3992 1965 4032 utra
2022 3990 2173 4045 parte
2204 3995 2332 4033 con-

760 4076 906 4129 sistit
959 4076 1178 4140 veritas,
1240 4074 1536 4141 inquirere,
1587 4082 1748 4139 atque
1783 4085 1846 4123 eo
1892 4070 2174 4123 victoriam
2240 4072 2333 4124 de-

765 4164 925 4218 ferre.
983 4165 1196 4217 Etenim
1260 4162 1397 4216 foret
1454 4162 1767 4223 absurdum,
1801 4160 1843 4213 si
1890 4162 1941 4211 iu
1985 4159 2335 4213 concionibus

760 4264 816 4308 et
851 4253 1092 4320 judiciis,
1148 4269 1251 4306 non
1279 4253 1326 4304 ei
1360 4253 1450 4320 qui
1483 4252 1718 4319 primum
1786 4250 2015 4301 dixisset
2074 4247 2205 4302 ﬁdes
2239 4250 2333 4302 ha-

760 4352 998 4413 beretur,
1035 4365 1217 4403 verum
1252 4350 1419 4417 probe
1446 4349 1647 4402 scirent
1678 4359 1870 4399 omnes
1902 4343 2015 4397 fore
2066 4352 2125 4396 ut
2153 4345 2198 4397 si
2233 4346 2329 4397 hac

2444 3442 2587 3509 μένῳ
2613 3440 2973 3509 παρεχόμενοι
3002 3441 3210 3509 χρείαν.

2510 3530 2676 3600 οἶμαι
2706 3534 2750 3562 ⁸⁸
2778 3532 2906 3594 δεῖν,
2942 3533 3089 3593 ὅστις
3128 3531 3309 3598 μέλλει
3339 3531 3405 3582 τὰ
3440 3530 3627 3583 δέοντα
3667 3532 3816 3598 ἐρεῖν

2439 3640 2540 3691 φου
2597 3621 2783 3691 κύριος
2810 3622 2983 3691 ὀρθῶς
3008 3621 3225 3674 ἔσεσθαι
3255 3622 3322 3685 ⁸⁵,
3357 3622 3430 3691 μὴ
3454 3621 3609 3673 τοῦτο
3631 3625 3857 3673 σκοπεῖν
3884 3624 4019 3691 μηδὲ

2441 3712 2770 3779 βασκαίνειν,
2808 3713 2861 3763 εῖ
2889 3729 2994 3764 τινι
3024 3711 3131 3764 τῶν
3171 3713 3431 3781 πρότερον
3470 3712 3565 3763 καὶ
3594 3712 3753 3775 δόξαν
3783 3714 4017 3781 ἑχόντων

2438 3806 2637 3874 ἑτέρως
2664 3804 2915 3874 εἰρῆσθαι
2958 3806 3084 3873 περὶ
3108 3804 3218 3856 τῶν
3265 3804 3446 3855 αὐτῶν
3482 3803 3853 3872 συμσέσηκεν,
3900 3804 4018 3858 ἀλλ’

2436 3889 2495 3947 οὗ
2528 3893 2803 3962 πανταχοῦ
2846 3896 3094 3946 πλεῖστον
3135 3894 3279 3955 εἰκός
3308 3910 3421 3944 εστι
3460 3894 3614 3959 λόγον
3646 3890 3810 3957 εἰναι,
3856 3895 4016 3948 τοῦτο

2439 3989 2536 4038 κᾶν
2594 3985 2672 4053 τῷ
2724 3984 2951 4052 παρόντι
3004 3984 3206 4048 ζητεῖν,
3252 3984 3549 4051 ὁποτέρωθι
3602 3985 3859 4053 τάληθὲς,
3921 3988 4015 4038 καὶ

2432 4078 2589 4129 τοῦτο
2637 4075 3101 4143 συμϐούλεσθαι⁸⁶
3140 4076 3317 4145 νικᾷν.
3371 4077 3601 4127 ’Δτοπον
3654 4078 3761 4144 γὰρ
3810 4078 3872 4127 ὲν
3916 4078 4015 4145 μὲν

2435 4175 2550 4233 ταῖς
2585 4172 2900 4239 ἐκκλησίαις
2930 4170 3003 4239 μὴ
3024 4169 3114 4222 τὸν
3145 4168 3359 4237 πρῶτον
3385 4171 3604 4223 εἰπόντα
3631 4170 4011 4239 πιστεύεσθαι,

2437 4263 2569 4330 μηδὲ
2601 4264 2657 4314 ἐν
2688 4264 2798 4323 τοῖς
2824 4262 3214 4328 δικαστηρίοις,
3248 4260 3382 4312 ἀλλὰ
3421 4260 3578 4313 τοῦτό
3606 4278 3669 4327 γε
3715 4256 3775 4312 εὖ
3813 4262 4012 4315 εἰδέναι

2436 4356 2657 4415 πάντας,
2691 4353 2772 4404 ὃτι
2802 4352 2851 4403 εί
2872 4351 3043 4421 ταύτῃ
3069 4351 3237 4402 ταῦτα
3275 4351 3613 4420 κριθήσεται,
3642 4352 3752 4401 τῶν
3784 4354 4012 4418 φευγόν-

762 4444 973 4498 ratione
1026 4442 1458 4507 disceptarentur
1517 4439 1640 4499 ista,
1707 4450 1921 4488 reorum
1984 4433 2161 4487 nullus
2205 4449 2408 4540 eva-D

2356 4482 2408 4540 D
2432 4461 2538 4495 των
2562 4445 2735 4505 οὐδεὶς
2764 4440 3127 4507 ἀποφεύξεται
3155 4457 3168 4470 ⁸
3210 4442 3411 4501 πάντες
3436 4442 3541 4511 γὰρ
3574 4441 3746 4510 δήπου
3776 4442 3823 4473 ³¹
3852 4443 4008 4494 ὓστε-

760 4532 932 4592 deret,
991 4530 1207 4597 quando
1258 4528 1471 4597 quidem
1536 4538 1723 4579 omnes
1770 4533 1891 4593 post
1945 4535 2181 4576 actorem
2244 4523 2328 4576 di-

760 4634 890 4678 cunt
926 4640 939 4675 :
970 4624 1023 4676 in
1071 4624 1201 4690 ipsis
1232 4632 1411 4675 autem
1450 4619 1661 4681 litteris,
1696 4627 1749 4671 et
1790 4618 1930 4685 quod
1964 4616 2031 4669 de
2060 4617 2125 4670 iis
2168 4631 2326 4669 exer-

759 4718 937 4771 cetur,
986 4709 1190 4776 judicio
1224 4723 1327 4761 non
1361 4707 1398 4759 ii
1459 4706 1549 4775 qui
1585 4704 1907 4757 sententiam
1979 4717 2130 4756 suam
2183 4717 2329 4755 com-

760 4802 1075 4870 probarent,
1128 4800 1220 4853 sed
1258 4808 1440 4853 essent
1474 4807 1714 4864 tempore
1765 4794 1991 4859 priores,
2024 4794 2323 4847 vincerent.

762 4893 855 4946 Est
886 4900 1064 4945 autem
1098 4890 1385 4945 admodum
1417 4890 1663 4955 iniquum
1696 4900 1788 4938 eos
1818 4883 1907 4950 qui
1932 4898 2127 4951 corpus
2175 4898 2327 4937 exer-

759 4993 885 5038 cent
934 4994 987 5035 et
1016 4983 1219 5046 colunt,
1250 4983 1385 5035 adeo
1429 4994 1681 5048 magnam
1740 4985 1792 5031 et
1836 4974 2070 5044 priorem
2127 4974 2329 5029 habere

761 5074 1061 5128 honestatis
1122 5089 1184 5126 ac
1231 5072 1458 5141 justitia‘.
1498 5072 1755 5140 speciem.

832 5159 1075 5232 [Scilicet
1108 5159 1246 5232 bona
1278 5159 1641 5232 ordinatione,
1676 5173 1797 5232 cum
1849 5171 2008 5232 omne
2065 5155 2200 5207 bene
2242 5167 2333 5206 or-

760 5226 1001 5282 dinatum
1038 5230 1329 5284 secundum
1388 5229 1650 5280 rationem
1701 5229 1791 5292 sit,
1858 5226 1998 5278 male
2050 5238 2181 5278 vero
2234 5237 2329 5275 or-

760 5300 1003 5353 dinatum
1064 5308 1260 5368 praeter
1303 5297 1611 5367 rationem]

2440 4550 2519 4601 ροι
2549 4532 2642 4584 τοῦ
2673 4530 2958 4596 διώκοντος
3004 4534 3254 4599 λέγουσιν
3274 4546 3288 4561 ⁸
3322 4530 3447 4601 [668
3476 4528 3565 4601 IL]
3603 4533 3659 4583 ὲν
3688 4531 3743 4583 δὲ
3777 4535 3893 4593 τοῖς
3925 4533 4009 4584 λό-

2436 4636 2551 4685 γοις
2577 4619 2756 4680 αὐτοῖς
2785 4621 2877 4671 καὶ
2903 4622 2965 4689 τῇ
2994 4618 3339 4688 περὶτούτων
3366 4619 3540 4688 κρίσει
3571 4619 3695 4681 τοὺς
3722 4619 3803 4687 τῷ
3836 4621 4008 4689 χρόνῳ

2437 4708 2804 4775 προλαϐόντας
2857 4711 3099 4777 κρατεῖν,
3143 4707 3279 4760 ἀλλὰ
3325 4707 3397 4776 μὴ
3450 4709 3575 4769 τοὺς
3626 4709 4008 4775 ἀποδείξοντος

2438 4798 2565 4864 περὶ
2617 4790 2691 4849 ὦν
2732 4798 3109 4864 ἀγωνίζονται.
3162 4797 3356 4849 Καίτοι
3404 4798 3449 4829 ⁸⁸
3492 4797 3608 4860 πῶς
3667 4800 3769 4851 οὐκ
3822 4800 4009 4867 ἀλογία

2436 4888 2602 4956 πολλὴ
2655 4888 2780 4950 τοὺς
2815 4888 2931 4955 μὲν,
2964 4888 2999 4940 ὃ.
3027 4888 3124 4957 τῆς
3173 4885 3267 4937 τοῦ
3310 4886 3555 4955 σώματος
3602 4887 3772 4955 τύχης
3803 4889 4006 4957 ἔχεται,

2435 4978 2769 5048 μελετῶντας
2801 4978 2833 5047 ἧ
2864 4977 3137 5046 τιμῶντας
3183 4976 3327 5029 οὕτω
3371 4978 3572 5046 σφόδρα
3604 4979 3695 5030 καὶ
3739 4979 4006 5048 πρότερον

2428 5070 2487 5120 τὸ
2514 5068 2605 5120 τοῦ
2634 5068 2791 5134 λόγου
2817 5067 2976 5119 καλὸν
3012 5068 3105 5120 καὶ
3136 5066 3344 5120 δίκαιον
3376 5068 3751 5135 τετιμηκέναι,

2499 5158 2682 5228 [Ἤτοι
2714 5158 2759 5189 ⁸⁸
2787 5158 2885 5225 τῆς
2915 5157 3184 5228 εὐταξίας,
3219 5156 3406 5228 ἐπειδὴ
3461 5160 3566 5228 πᾶν
3588 5158 3668 5228 τὸ
3711 5159 4003 5211 εὔτακτον

2428 5225 2568 5280 κατὰ
2596 5229 2750 5295 λόγον
2791 5230 3017 5294 γίνεται,
3049 5228 3108 5279 τὸ
3136 5226 3191 5280 δὲ
3217 5225 3477 5281 ἄτακτον
3503 5226 3713 5293 ἀλόγως
3742 5227 3842 5298 ".1

2064 5446 2297 5501 VARIE
2339 5444 2741 5503 LECTIONES.

830 5597 875 5631 ⁷³
908 5596 1121 5649 ἀκούων
1159 5602 1280 5661 pest
1320 5594 1636 5659 πρυτανεῖον
1672 5587 1814 5655 ponit
1842 5588 1905 5638 Α.
1959 5583 2259 5661 μ”ᾃύπά-ρχ

2264 5599 2341 5632 ειν
2380 5584 2442 5633 Α.

2548 5583 2593 5611 ⁷⁸
2627 5580 2770 5632 δοκοῖ
2806 5594 2944 5631 rorr.
2985 5579 3043 5632 Β.
3123 5580 3168 5609 ⁷⁸
3198 5582 3330 5647 ἡμῖν
3362 5597 3421 5643 ς.
3535 5579 3577 5612 ⁷⁷
3603 5580 3897 5647 πρεσϐεύοι
3935 5584 3996 5637 Α.

764 5668 805 5698 ⁷³
830 5648 1313 5733 ἀντὶ-ἀκρόπολιν
1339 5648 1445 5715 υἰιι.
1571 5662 1613 5690 ⁷⁸
1637 5648 1783 5724 λέγει
1820 5674 1876 5718 ς.
1946 5648 2309 5740 ⁸⁸⁸·ξιρχ-ρῆζὲυ
2342 5653 2489 5740 πτόλις
2520 5666 2624 5703 om.
2795 5650 2854 5740 δί
2875 5649 3314 5740 ’Λνεγχώισθησὶαν
3341 5650 3433 5740 τρῦ
3467 5648 3659 5740 adlabi
3684 5650 3939 5740 ἀνεγινώτν
3962 5667 3995 5719 η

760 5740 867 5787 τῶν
890 5726 1215 5803 Ἀριστείδου
1401 5730 1446 5803 ‘_‘
1468 5726 1674 5803 oi_;tat]__
1696 5746 1746 5795 p.

759 5804 804 5836 "
831 5804 1093 5872 ὃήπουθεν
1122 5805 1185 5857 Α.

1946 5725 1989 5755 ⁸³
2021 5720 2207 5793 ὀρθῶς
2244 5720 2459 5793 ἔσεσθαι
2512 5737 2617 5793 utu.
2652 5720 2718 5773 A.

1262 5802 1305 5831 ⁸⁸
1338 5791 1534 5863 καίτοι]
1562 5791 1707 5868 μίῦξ
1775 5796 1893 5826 ⁸⁹’⁹⁰
1925 5791 2139 5863 ἡτοι-
2161 5792 2368 5858 ἀλόγως
2393 5806 2499 5845 out.
2534 5791 2598 5840 Δ.

2832 5718 2877 5751 ⁸⁶
2913 5719 3311 5789 συμϐούλεσοαι
3344 5719 3403 5782 Β,
3432 5718 3899 5787 συμὼυλεύεσθαι
3930 5718 3991 5773 A.
