4216 6430
258 414 411 479 1189

1260 425 1778 487 BIBLIOTHECA.
1816 448 1891 463 -
1917 424 2079 489 COD.
2109 432 2431 497 CCXLVII.

3391 452 3527 520 1490

341 528 483 589 Τοὺς
509 525 557 580 δ’
597 528 690 582 ἐπὶ
733 530 839 583 τῶν
868 533 916 563 ⁶¹
960 533 1133 602 λόγων
1178 537 1486 607 ἀνέχοντας,
1535 542 1631 594 καὶ
1675 545 1847 613 χωρὶς
1875 545 1921 597 Α

1875 545 1921 597 Α
2020 545 2120 612 Qui
2154 548 2206 600 in
2266 550 2460 604 litteris
2505 554 2793 623 excellunt,
2828 566 2881 614 et
2910 560 3113 632 absque
3172 578 3358 621 earum
3413 583 3526 627 stu-

249 616 373 684 τῆς
421 618 478 670 ὲν
528 619 737 683 τούτοις
789 624 1071 695 διατριϐῆς
1129 629 1237 681 οὐδ’
1277 631 1342 682 ἂν
1379 632 1477 701 ζῇν
1521 633 1850 702 δεξαμένους

254 703 437 776 [1⁸257
467 707 534 778 Β]
583 708 755 773 οὕτως
795 714 999 781 ἀργῶς,
1044 716 1256 787 [ἀργῶς
1294 716 1432 783 εἷπε,
1480 721 1565 774 διὰ
1608 724 1735 786 τοὺς
1774 724 1848 792 μὴ

253 800 654 866 ἀντιλέγοντας
672 818 685 830 ·
715 802 952 869 ἀδίκως,
988 806 1074 859 διὰ
1090 810 1213 870 τοὺς
1242 811 1607 879 ἐπιτιμῶντας
1629 817 1743 876 τοῖς
1766 816 1851 867 ἀν-

252 889 623 962 τιλέγουσιν,]
660 894 858 961 μᾶλλον
884 895 940 948 δὲ
966 897 1163 960 ἀδίκως
1200 900 1364 969 ἔχειν,
1395 901 1534 956 ὥστε
1566 906 1646 955 ἑνὶ
1674 906 1849 974 πιστῷ

253 981 507 1048 χρῆσθαι
542 984 668 1051 περὶ
714 985 969 1038 ἁπάντων
1000 987 1066 1051 ⁹¹,
1098 989 1164 1041 ἄν
1208 1009 1289 1053 τις
1320 993 1497 1063 φθάσῃ
1539 995 1846 1064 γενόμενος,

254 1074 367 1121 καὶ
397 1071 464 1123 τὰ
494 1072 732 1140 ὀνόματα
762 1076 883 1127 ἀντὶ
916 1078 1013 1147 τῆς
1042 1080 1302 1148 ἀληθείας
1332 1082 1632 1151 θαυμάζειν
1675 1088 1848 1154 αἱρεῖ-

257 1163 399 1216 σθαι
429 1165 497 1229 ⁸³,
532 1164 720 1236 ὥσπερ
751 1168 969 1236 νομίσαι
1006 1169 1143 1234 δέον,
1176 1174 1272 1240 οὐχ
1311 1175 1489 1242 εὑρεῖν
1531 1176 1592 1227 τὸ
1617 1176 1846 1243 βέλτιον,

258 1256 370 1307 καὶ
416 1259 543 1321 τοὺς
587 1259 684 1325 μὲν
724 1259 923 1327 νόμους
966 1264 1183 1328 αὐτοὺς,
1233 1265 1300 1317 ἂν
1332 1268 1606 1338 συμφέρῃ,
1654 1273 1844 1333 κινεῖν,

256 1345 401 1407 τοὺς
433 1347 491 1398 δὲ
522 1348 651 1417 περὶ
670 1349 777 1401 τῶν
802 1351 889 1403 ἀεὶ
922 1354 1189 1422 μενόντων
1219 1358 1281 1425 τῇ
1327 1358 1486 1425 φύσει
1536 1360 1728 1427 λόγους
1757 1362 1849 1413 ἐπὶ

254 1438 386 1498 τοῖς
418 1437 656 1507 πρώτοις
689 1442 762 1512 μὴ
800 1442 1072 1512 δέχεσθαι,
1102 1446 1216 1499 ἀλλ’
1243 1448 1434 1519 ὥσπερ
1466 1447 1675 1522 ὅρουςῆ
1719 1454 1849 1523 στή-

256 1526 370 1589 λας
395 1530 520 1593 τοὺς
543 1538 1057 1605 προκατεσχηκότας
1090 1540 1430 1607 πρεσϐεύειν⁹
1460 1544 1554 1596 καὶ
1584 1545 1753 1599 ταῦτα
1784 1550 1845 1599 οὐ

253 1616 418 1671 λύειν
444 1620 633 1691 ὥσπερ
655 1624 712 1677 έν
752 1629 865 1689 τοῖς
897 1628 1080 1696 νόμοις
1108 1631 1232 1693 τοὺς
1282 1634 1578 1704 προτέρους
1610 1637 1698 1689 διὰ
1740 1638 1847 1689 τῶν

257 1710 532 1765 ἐναντίων
567 1716 704 1780 δέον,
752 1718 888 1770 ἀλλὰ
926 1721 1026 1789 τῆς
1066 1724 1236 1792 αὐτῆς
1268 1725 1452 1795 χώρας
1493 1729 1583 1781 καὶ
1626 1730 1847 1797 ἑτέρους

1955 636 2044 689 dio
2077 653 2143 691 ne
2173 639 2342 692 vitam
2376 644 2589 710 quidem
2625 650 2980 713 expetendam
3030 666 3238 721 putem,
3274 674 3367 714 eos
3416 673 3524 717 tam

1953 726 2175 793 ignavos
2207 728 2365 800 [dixit
2419 734 2630 801 ignavos
2672 750 2890 808 propter
2919 758 3021 796 non
3060 750 3523 818 contradicentes;

1952 818 2179 887 iniquas,
2198 834 2411 891 prapter
2428 829 2879 895 reprehendentes
2894 851 2983 890 eos
2999 839 3087 906 qui
3103 844 3523 917 contradicunt],

1954 921 2046 963 aut
2081 914 2257 978 potius
2312 915 2529 984 iniquos
2568 935 2707 983 esse,
2742 933 2799 977 ut
2849 941 2953 980 uno
2993 930 3057 982 ad
3093 935 3271 985 omnia
3305 914 3525 991 utantur

1952 1016 2289 1071 argumento,
2326 1009 2371 1061 si
2398 1012 2515 1077 quis
2559 1016 2833 1069 exstiterit
2867 1021 3032 1085 prior,
3066 1037 3128 1076 ac
3173 1039 3269 1091 pro
3296 1029 3525 1082 veritate

1954 1095 2171 1147 nomina
2223 1096 2579 1163 admirentur,
2609 1105 2762 1170 quasi
2803 1121 2904 1159 non
2937 1120 3188 1175 Oportere
3226 1116 3522 1182 quidquam

1954 1185 2179 1250 reperiri
2217 1188 2409 1242 melius
2437 1192 2772 1256 existiment,
2807 1212 2868 1250 ac
2900 1198 3043 1266 leges
3069 1202 3287 1270 quidem
3315 1203 3525 1275 41,οα

1953 1274 2115 1342 ipsas,
2146 1277 2190 1328 si
2222 1278 2292 1333 sit
2318 1280 2444 1335 utile
2468 1292 2716 1352 mutare;
2747 1288 2836 1354 qni
2869 1300 3047 1343 autem
3079 1292 3144 1344 de
3172 1294 3257 1357 iis,
3295 1274 3521 1361 quorum

1950 1378 2032 1421 est
2064 1377 2256 1423 natura
2298 1382 2578 1441 perpetua,
2632 1385 2863 1431 tractant
2913 1398 3212 1449 sermones,
3259 1400 3353 1439 eos
3404 1400 3524 1456 post

1950 1461 2155 1529 primos
2180 1479 2282 1517 non
2315 1466 2574 1533 recipere,
2606 1484 2793 1523 verum
2819 1475 3025 1539 priores
3050 1479 3203 1545 quasi
3237 1481 3519 1543 terminos,

1951 1563 2044 1605 aut
2074 1552 2352 1610 columnas
2398 1561 2666 1624 venerari,
2722 1578 2819 1615 nec
2847 1579 2931 1627 ea,
2970 1569 3421 1634 quemadmodum
3468 1573 3519 1623 in

1953 1638 2158 1707 legibus
2189 1642 2397 1709 priores
2432 1659 2525 1712 per
2557 1650 2864 1704 contrarias
2908 1651 3254 1720 abrogantur,
3287 1657 3519 1717 solvere,

1950 1745 2137 1786 verum
2170 1735 2358 1789 eodem
2397 1736 2511 1791 loco
2540 1741 2702 1792 etiam
2732 1740 2865 1795 alios
2894 1742 3092 1799 habere
3122 1763 3135 1798 :
3167 1758 3221 1801 et
3250 1748 3522 1815 iuramen-

258 1801 457 1863 ἀξιοῦν
494 1806 696 1869 αὐτοῖς.
728 1810 819 1860 καὶ
839 1814 950 1873 τοῖς
980 1813 1079 1880 μὲν
1107 1814 1290 1883 ὅρκοις
1314 1822 1426 1880 τοῖς
1452 1823 1651 1883 κοινοῖς
1679 1840 1843 1893 προσ-
1876 1865 1919 1920 Β

258 1896 657 1920 ι...ι......ι.,....Δ
692 1899 800 1920 xr-9
876 1919 880 1920 ν
932 1905 943 1920 s
1018 1904 1034 1920 κ
1078 1908 1096 1920 -
1237 1910 1248 1920 .
1440 1911 1460 1920 -
1500 1915 1518 1920 _
1640 1916 1660 1920 μ
1784 1918 1802 1920 _

1876 1865 1919 1920 Β
1953 1824 2020 1876 tis
2054 1826 2272 1890 quidem
2310 1827 2543 1896 publicis
2594 1832 2695 1885 hoc
2737 1835 3006 1889 ascribere
3041 1837 3182 1901 licet,
3221 1839 3440 1894 demere
3465 1850 3520 1893 et

257 1896 658 1963 παραγράφειν
689 1899 887 1964 ἐξεῖναι
920 1904 1127 1956 ἀνελεῖν
1164 1910 1258 1960 καὶ
1291 1911 1606 1977 προσθεῖναι
1634 1916 1662 1967 ὃ
1698 1934 1749 1969 τι
1778 1918 1845 1971 ἂν

260 1987 666 2055 σκοπουμένοις
690 1989 915 2061 ὕστερον
940 1997 1190 2067 συνδοκῇ,
1216 1998 1310 2062 οὓς
1334 2000 1389 2054 δὲ
1416 2004 1522 2056 ἀπὸ
1550 2007 1647 2075 τῆς
1673 2010 1845 2074 αὐτῆς

256 2071 515 2137 ἐξουσίας
541 2077 627 2129 ἀεὶ
654 2081 746 2132 καὶ
770 2081 857 2133 διὰ
882 2086 1083 2149 παντὸς
1111 2088 1387 2153 ἐξετάζειν
1408 2093 1490 2145 δεῖ
1520 2071 1731 2164 λόγους,
1765 2071 1845 2169 τώ

256 2165 592 2232 παρελθόντι
622 2171 799 2241 χρόνῳ
834 2174 979 2243 μόνῳ
1006 2179 1339 2246 προσθεῖναι,
1369 2184 1555 2256 ὥσπερ
1588 2188 1655 2241 ἂν
1686 2190 1741 2242 εί
1760 2165 1842 2255 τις

256 2259 362 2309 καὶ
399 2259 663 2325 ὑγιαίνειν
694 2264 891 2330 φάσκοι
916 2268 962 2299 ⁸⁸
994 2270 1188 2340 χρῆναι
1220 2274 1414 2340 μόνους
1444 2278 1570 2341 τοὺς
1594 2282 1841 2351 πρώτους

254 2353 609 2419 γενομένους,
658 2357 751 2410 καὶ
784 2359 921 2428 μηδὲ
963 2363 1140 2416 έκεῖνο
1165 2366 1297 2436 ὁρᾷν
1323 2369 1391 2434 ’⁸,
1433 2371 1572 2442 δτιή
1617 2376 1840 2448 τοιαύτη

256 2445 446 2514 κρίσις
475 2449 571 2502 καὶ
600 2452 626 2503 6
658 2451 913 2523 λογισμὸς
940 2460 967 2511 ό
998 2462 1235 2525 τοιοῦτος
1264 2466 1447 2531 αὐτοῖς
1483 2469 1716 2539 πρώτοις
1748 2445 1841 2538 οὓς

251 2535 499 2603 τιμῶσιν
524 2540 583 2591 οὐ
625 2542 911 2600 λυσιτελεῖ.
954 2549 1012 2601 El
1044 2552 1153 2620 γὰρ
1186 2554 1264 2624 τῷ
1290 2558 1469 2629 χρόνῳ
1508 2535 1591 2613 δεῖ
1628 2535 1839 2634 συγχωζ

255 2627 382 2694 ρεῖν
410 2630 505 2680 καὶ
532 2630 629 2700 τὴν
654 2632 812 2697 ἀξίαν
855 2638 962 2691 ἀπὸ
998 2640 1188 2695 τούτου
1240 2627 1480 2716 μετρεῖν,
1517 2627 1836 2723 οὐκέτ’-έχει

250 2714 426 2768 τόπον
473 2720 504 2787 ἡ
552 2721 645 2773 νῦν
673 2724 718 2755 ’⁸
746 2728 897 2795 παρά
956 2730 1173 2785 πάντων
1236 2737 1316 2797 είς
1346 2714 1622 2805 ⁷ἐκείνους
1652 2714 1834 2807 αἰδώς.

256 2805 447 2869 Ἴασος
481 2810 589 2879 γὰρ
624 2813 690 2865 ἄν
723 2817 767 2847 ’⁷
799 2818 941 2872 οὕτω
970 2838 1032 2887 γε
1064 2824 1108 2854 ⁵⁸
1135 2826 1306 2897 νικώῃ
1340 2832 1464 2900 περὶ
1494 2832 1703 2901 λόγους,
1746 2805 1837 2891 καὶ

249 2896 503 2964 Κρίασος
528 2904 622 2954 καὶ
645 2905 930 2974 Κρότωτος
959 2912 1003 2943 ⁵⁸
1033 2915 1126 2967 καὶ
1164 2896 1447 2989 Φορωνεὺς
1481 2923 1518 2987 ¹,
1552 2896 1645 2977 καὶ
1749 2946 1831 2992 τις

264 2987 518 3056 Ἀργεῖος
550 2993 613 3044 ἐκ
645 2996 816 3063 μύθου
842 3002 937 3053 καὶ
964 2987 1272 3062 Δευκαλίων
1302 3014 1322 3043 ³
1344 3014 1543 3067 αίπιῶν
1569 2987 1836 3089 βεϐοημὲζ

246 3097 386 3133 νων.
429 3083 552 3137 Ἐὰν
581 3085 722 3140 οὕτω
746 3094 1037 3164 κρίνωμεν,
1069 3100 1145 3162 ὡς
1170 3102 1231 3153 οὐ
1261 3104 1450 3174 Κόδρῳ
1477 3124 1538 3173 γε
1570 3083 1832 3175 μετέσται

1952 1912 2171 1978 addere,
2213 1920 2473 1987 quidquid
2530 1923 2800 1989 posterius
2849 1929 3285 1983 consultantibus
3338 1930 3516 1985 visunt

1950 2003 2134 2070 fuerit,
2165 2022 2301 2077 quas
2354 2020 2531 2065 autem
2575 2014 2762 2068 eadem
2797 2030 3011 2086 semper
3040 2029 3095 2073 et
3122 2021 3320 2089 ubique
3351 2021 3516 2076 liber-

1947 2104 2058 2152 tale
2109 2100 2336 2153 decebat
2377 2104 2682 2157 examinari
2734 2105 2963 2173 litteras,
3010 2123 3103 2162 eas
3135 2112 3513 2179 superioribus

1946 2192 2208 2244 duntaxat
2258 2193 2589 2259 temporibus
2640 2194 2823 2263 tribui,
2874 2198 3035 2252 veluti
3074 2201 3117 2254 si
3160 2202 3281 2269 quis
3310 2204 3515 2270 primos

1944 2288 2153 2333 tantum
2211 2282 2454 2338 homines
2512 2299 2673 2339 sanos
2722 2301 2842 2341 esse
2889 2288 3035 2342 dicat
3083 2304 3359 2359 oportere,
3414 2308 3514 2349 nec

1944 2371 2083 2427 hanc
2112 2373 2579 2429 ratiocinationem
2617 2377 2749 2446 ipsis
2777 2380 3026 2449 primam,
3056 2397 3192 2451 quos
3223 2386 3510 2449 honorant,

1944 2463 2186 2517 inutilem
2215 2479 2336 2521 esse
2373 2468 2827 2523 animadvertere.
2876 2469 3012 2525 Nam
3045 2474 3087 2528 si
3130 2476 3353 2542 tempori
3394 2490 3513 2529 om-

1943 2554 2028 2608 nia
2092 2566 2220 2610 sunt
2289 2558 2597 2624 tribuenda,
2662 2576 2837 2630 eoque
2910 2566 3180 2621 metienda
3255 2569 3508 2637 dignitas,

1943 2663 2047 2703 non
2088 2649 2322 2716 amplius
2370 2650 2436 2716 is,
2486 2653 2578 2720 qui
2642 2670 2784 2709 nunc
2834 2654 2939 2709 illis
2987 2657 3218 2713 habetur
3288 2662 3355 2715 ab
3392 2678 3511 2716 om-

1940 2740 2098 2793 nibus
2164 2742 2354 2806 honor,
2401 2743 2577 2797 locum
2628 2745 2869 2802 habebit.
2919 2746 3033 2802 Hac
3095 2753 3240 2804 enim
3296 2755 3508 2809 ratione

1936 2831 2099 2890 Iasus
2126 2847 2179 2889 et
2212 2836 2454 2904 Criasus,
2500 2848 2663 2909 atque
2702 2839 2969 2910 Crotopus
2999 2853 3050 2895 et
3076 2839 3416 2909 Phoroneus,
3445 2862 3510 2900 ac

1938 2926 1981 2978 si
2005 2929 2125 2993 quis
2169 2939 2251 2982 est
2295 2930 2347 2984 in
2394 2930 2593 2985 fabulis
2621 2932 2797 3000 Argus
2825 2942 2879 2987 et
2909 2933 3186 2999 Deucalio,
3234 2938 3321 3007 qni
3367 2954 3510 2992 nunc

1939 3017 2295 3085 celebrantur,
2347 3022 2579 3090 palmam
2624 3023 2967 3079 obtinebunt.
3012 3028 3189 3095 Atque
3234 3030 3281 3083 si
3314 3031 3384 3082 ita
3426 3032 3511 3096 jn-

1938 3111 2197 3177 dicemus,
2251 3128 2317 3167 ne
2346 3114 2557 3171 Codrus
2603 3119 2818 3185 quidem
2848 3133 2944 3173 cur
2965 3120 3231 3189 glorietur
3260 3123 3506 3191 habebit,

244 3174 356 3239 τῆς
395 3175 725 3247 φιλοτιμίας,
761 3185 897 3238 ἀλλὰ
931 3190 1023 3241 καὶ
1051 3185 1205 3255 οὗτος
1234 3199 1361 3257 παῖς
1392 3194 1472 3261 οἷς
1509 3199 1659 3255 εἷπον
1692 3223 1829 3275 συμ-
1861 3188 1904 3248 C

1861 3188 1904 3248 C
1941 3205 2029 3270 qui
2063 3219 2184 3257 cum
2236 3206 2353 3260 istis
2383 3221 2518 3274 quos
2557 3209 2667 3263 dixi
2716 3222 3081 3278 comparatus,
3128 3228 3264 3280 puer
3294 3216 3364 3269 sit
3407 3233 3508 3271 nec

246 3264 441 3318 ϐαλεῖν
479 3269 501 3299 ³
530 3273 623 3323 καὶ
650 3274 749 3326 οὐκ
781 3276 802 3307 ⁵
826 3279 1053 3347 ἀρχαῖος
1074 3300 1088 3313 ο
1122 3286 1214 3338 καὶ
1243 3291 1383 3342 κατὰ
1410 3292 1430 3321 ⁸
1462 3295 1659 3363 μικρὸν
1690 3264 1833 3352 οὕτω

245 3360 564 3429 ζητήσομεν
603 3366 623 3395 ⁸
649 3368 701 3418 εῖ
734 3385 817 3428 τις
854 3367 922 3441 ἦν
953 3377 1081 3445 πρὶν
1128 3379 1356 3450 σελήνην
1387 3380 1543 3439 εἶναι.
1589 3388 1829 3457 Ὀμήρου

240 3450 307 3501 δὲ
340 3458 433 3503 καὶ
469 3454 711 3510 Ἡσιόδου
736 3462 827 3513 καὶ
848 3464 958 3517 τῶν
988 3469 1067 3529 είς
1090 3472 1238 3537 ἡμᾶς
1258 3450 1664 3545 νενικηκότωνί
1683 3450 1829 3534 Πλά-

240 3558 423 3604 τωνος
454 3544 523 3615 (εί
561 3547 761 3618 βούλει)
799 3554 891 3606 καὶ
921 3560 1295 3640 Δημοσθένους
1344 3568 1437 3619 καὶ
1465 3570 1571 3620 τῶν
1601 3572 1781 3640 ὀλίγον
1810 3578 1829 3605 ⁷

245 3635 363 3701 πρὸ
387 3636 591 3690 τούτων
628 3642 739 3693 οὐδ’
768 3646 848 3707 είς
894 3638 1184 3703 πολλοστὸν
1223 3655 1414 3723 χρόνον
1456 3659 1610 3724 ἐλπὶς
1638 3635 1831 3730 ὁμοίαν

244 3727 576 3791 ἐγγενέσθαι
601 3731 776 3795 δόξαν,
803 3744 1197 3809 συμπροῖόντος
1216 3744 1238 3775 ⁸
1268 3744 1380 3797 ίσου
1404 3749 1498 3800 τοῦ
1520 3751 1626 3819 πρὸ
1653 3727 1832 3807 αὐτῶν

245 3818 483 3882 ἐκείνοις
507 3822 611 3875 ἀεί.
647 3826 705 3877 Et
736 3827 793 3879 δὲ
821 3830 980 3883 τοῦτο
1007 3833 1227 3904 εὔδηλον
1255 3838 1479 3905 ἅπασιν,
1510 3818 1592 3895 ὅτι
1628 3847 1719 3899 καὶ
1751 3842 1833 3901 οὗ-

242 3923 333 3960 τοι
365 3910 525 3977 φύσει
555 3916 649 3966 καὶ
677 3916 902 3988 δυνάμει
935 3924 1304 3993 διενεγκόντες
1348 3934 1475 3994 τοὺς
1501 3937 1608 4004 πρὸ
1652 3940 1832 3993 αὐτῶν

244 4001 599 4072 ἀπέκρυψαν,
618 4008 737 4060 οὐδὲ
765 4014 889 4073 τοὺς
907 4013 1131 4087 ὕστερον
1152 4020 1171 4051 ⁹
1198 4025 1545 4079 παντάπασιν
1585 4028 1831 4095 ἅπαντας

244 4094 539 4163 ἀπείργειν
576 4102 743 4165 εἰκὸς,
794 4107 901 4158 οὐδ’
936 4110 1205 4177 ἀπιστεῖν,
1243 4116 1299 4166 εἴ
1337 4132 1419 4179 τις
1454 4120 1547 4172 καὶ
1585 4122 1680 4175 τοῦ
1715 4127 1831 4177 νυνὶ

244 4187 445 4285 χρόνου
506 4193 857 4263 μετεσχηκὼς
918 4199 1031 4269 ἔχει
1083 4203 1127 4234 ¹⁰
1175 4206 1552 4275 συμϐαλέσθαι
1604 4216 1832 4285 γνώμην

241 4281 380 4349 περὶ
408 4274 483 4336 ὧν
532 4286 822 4357 πρόκειται
865 4290 1040 4360 λόγος,
1092 4296 1227 4349 ἀλλὰ
1261 4301 1302 4332 ιι
1340 4302 1470 4372 παρ’
1518 4306 1718 4372 αὐτῶν,
1752 4310 1827 4373 ώς

238 4371 447 4437 ἔοικεν,
475 4370 550 4428 ὧν
577 4380 827 4448 τιμῶμεν
869 4384 1135 4456 ὑπάρχειν
1162 4391 1371 4455 είδό-ἑας
1417 4396 1477 4447 τὸ
1505 4401 1828 4467 προσίεσθαι

243 4467 341 4517 καὶ
371 4471 659 4541 προσέχειν
694 4476 887 4528 ὁπόσον
907 4479 1152 4550 διαφέρει
1190 4484 1251 4535 ¹⁹.
1294 4485 1577 4554 Ἀπαντας
1606 4470 1829 4562 μὲνόὗν

240 4558 379 4621 ἴσως
407 4563 533 4625 τοὺς
561 4566 826 4631 παλαιοὺς
844 4572 1106 4626 αἰδεῖσθαι
1134 4576 1231 4643 μὲν
1261 4577 1486 4645 δίκαιον,
1518 4585 1760 4654 φρίττειν
1781 4588 1826 4639 δ’

236 4651 345 4703 οὐκ
369 4654 536 4719 ἀξιον,
566 4659 727 4729 εἷπερ
768 4662 842 4732 μὴ
871 4664 912 4695 ¹⁸
940 4668 1063 4729 τοὺς
1107 4669 1198 4721 ἐπὶ
1252 4673 1363 4733 τοῖς
1401 4673 1579 4741 λόγοις
1623 4679 1823 4750 ὀνομα-

239 4748 474 4811 σθέντας
504 4751 702 4817 μᾶλλον
732 4754 763 4823 ἢ
810 4757 934 4819 τοὺς
970 4759 1162 4827 λόγους
1209 4764 1406 4828 αὐτοὺς
1431 4767 1511 4819 δεῖ
1534 4770 1711 4824 δοκεῖν
1747 4792 1826 4827 τι·

242 4841 384 4907 μᾷν·
410 4842 489 4893 ὅτι
519 4842 562 4872 ⁸⁸
589 4843 653 4908 δ’,
682 4846 728 4897 εί
764 4848 899 4915 πρὸς
920 4850 1074 4903 ἄλλον
1100 4854 1241 4919 τινὰ,
1272 4860 1375 4927 χρὴ
1408 4860 1628 4934 γνώμης
1652 4864 1824 4930 οὕτως

236 4932 390 4998 ἔχειν
426 4934 519 4985 καὶ
561 4937 701 5003 πρὸς
743 4939 1025 5005 Πλάτωνα,
1064 4946 1164 4997 οὐκ
1193 4947 1353 5001 ἄλλου
1383 4932 1593 5021 δέομαι*
1616 4957 1823 5026 μάρτυ-

240 5037 357 5091 ρος,
384 5022 497 5074 ἀλλ’
524 5024 684 5087 αὐτὸς
713 5026 953 5097 ἐξαρκεῖ,
990 5032 1051 5084 ού
1086 5036 1243 5102 μόνον
1273 5032 1352 5100 οἷς
1375 5040 1692 5112 ἁπανταχοῦ
1723 5044 1820 5116 βοᾷ

236 5119 337 5168 καὶ
377 5119 807 5184 παρακελεύεται
848 5122 976 5193 [669
1007 5126 1096 5199 H.]
1133 5129 1299 5198 μηδὲν
1335 5134 1597 5205 πρότερον
1647 5142 1819 5191 ποιεῖ-

237 5205 365 5259 σθαι
414 5207 511 5276 τῆς
566 5208 843 5277 ἀληθείας,
900 5215 1033 5269 ἀλλὰ
1068 5220 1158 5269 καὶ
1216 5220 1382 5290 ὀλίγῳ
1430 5224 1508 5292 τῷ
1561 5227 1821 5296 παραδείσ-

1940 3297 2236 3363 antiquos:
2281 3307 2441 3365 atque
2485 3300 2554 3352 ita
2605 3300 2863 3368 paulatim
2904 3303 2947 3357 si
2981 3305 3103 3373 quis
3147 3316 3273 3361 ante
3327 3306 3508 3362 lttnam

1936 3388 2228 3453 exstiterit,
2261 3390 2618 3458 inquiremus.
2650 3391 2768 3445 Jam
2794 3392 3008 3449 Homeri
3051 3405 3213 3465 atque
3264 3396 3505 3460 Hesiodi,

1936 3489 2095 3547 atque
2123 3494 2307 3533 eorum
2343 3481 2433 3549 qui
2469 3481 2729 3537 hactenus
2762 3486 3153 3552 excelluerunt,
3183 3488 3424 3545 Platonis
3453 3494 3497 3547 si

1935 3570 2130 3638 placet,
2163 3580 2216 3625 et
2246 3570 2645 3635 Demosthenis,
2675 3585 2726 3626 et
2759 3577 2848 3643 qui
2887 3577 3048 3645 paulo
3077 3588 3201 3633 ante
3228 3580 3497 3645 vixerunt,

1935 3676 2002 3713 ne
2037 3662 2100 3713 ad
2140 3661 2508 3730 longissimum
2545 3664 2758 3731 quidem
2794 3675 3006 3734 tempus
3045 3670 3239 3723 similis
3273 3682 3354 3725 est
3383 3688 3505 3742 spe-

1936 3751 2099 3802 randa
2132 3750 2321 3817 gloria.
2351 3751 2456 3805 Sed
2481 3754 2522 3805 si
2548 3754 2598 3806 id
2629 3756 2879 3809 omnibus
2910 3767 2990 3809 cst
3010 3758 3353 3816 manifestum
3384 3764 3503 3825 hos.

1935 3855 2054 3893 cum
2114 3852 2305 3895 natura
2354 3852 2410 3895 et
2484 3844 2748 3898 industria
2814 3848 3215 3916 praestitissent,
3276 3855 3506 3923 majores

1934 3946 2060 3985 suos
2092 3947 2397 3999 superasse,
2434 3949 2606 4004 neque
2630 3938 2959 4004 posteriores
2985 3951 3142 3995 erant
3163 3958 3349 3999 omnes
3384 3962 3505 3999 omo

1936 4022 2094 4075 nibus
2132 4024 2303 4077 modis
2343 4028 2583 4092 arcendi,
2636 4042 2812 4096 neque
2847 4030 3145 4099 rejiciendi,
3176 4036 3219 4087 si
3252 4037 3373 4104 quis
3405 4039 3507 4094 hoc

1933 4115 2096 4167 etiam
2132 4123 2376 4185 tempore
2422 4118 2489 4170 de
2545 4133 2601 4171 re
2640 4121 2910 4189 proposita
2962 4126 3283 4179 sententiam
3343 4139 3506 4196 queat

1934 4202 2107 4270 ferre;
2170 4220 2356 4259 verum
2408 4222 2474 4261 ex
2530 4207 2661 4275 ipsis
2695 4222 2830 4276 quos
2890 4210 3139 4276 colimus,
3195 4214 3338 4269 aliud
3385 4231 3506 4271 esse

1933 4298 2259 4363 praecedere,
2309 4296 2452 4351 aliud
2504 4307 2792 4365 praestare,
2830 4304 3259 4369 cognoscendum
3304 4317 3403 4359 est.
3441 4309 3505 4362 Et

1932 4387 2181 4454 antiquos
2211 4389 2425 4455 quidem
2455 4404 2645 4443 onmes
2678 4392 2921 4445 venerari
2964 4403 3202 4460 oportet,
3237 4412 3338 4449 non
3373 4401 3499 4452 hor-

1937 4493 2075 4542 rere,
2103 4480 2203 4533 nisi
2239 4479 2379 4533 forte
2406 4480 2597 4534 litteris
2633 4481 2892 4550 insignes,
2923 4485 3127 4552 majore
3162 4500 3322 4553 quam
3356 4488 3499 4555 ipsas

1936 4571 2161 4637 litteras,
2192 4570 2396 4625 honore
2425 4586 2745 4626 censeamus
2764 4572 3069 4628 alliciendos
3105 4594 3119 4629 :
3153 4580 3292 4646 quod
3318 4592 3497 4634 autem

1934 4664 1979 4719 si
2014 4678 2142 4733 erga
2193 4665 2498 4732 quempiam
2536 4664 2720 4727 alium,
2755 4680 2880 4735 erga
2927 4665 3202 4721 Platonem
3236 4682 3381 4725 certe
3422 4677 3501 4726 sic

1933 4772 2053 4810 esse
2106 4757 2364 4811 debemus
2422 4756 2618 4823 allecti,
2677 4774 2779 4811 non
2810 4759 2972 4813 alium
3021 4764 3236 4828 requiro
3285 4773 3497 4826 testem,

1933 4863 2055 4901 cum
2101 4845 2327 4900 suilieiat
2378 4848 2512 4914 ipse,
2566 4863 2671 4901 non
2724 4860 2931 4902 tantum
2979 4852 3231 4917 quoniam
3303 4856 3501 4923 ubique

1933 4940 2129 4993 clamat
2182 4948 2237 4990 et
2278 4937 2441 4992 edicit
2483 4938 2615 4991 nihil
2667 4953 2787 4992 esse
2841 4940 3051 4994 veritati
3086 4942 3499 5008 pnelerendnm,

1930 5031 2023 5085 sed
2058 5040 2110 5085 et
2138 5031 2385 5097 exemplo
2419 5047 2521 5084 non
2563 5046 2779 5100 magno.
2810 5031 3015 5085 Etenim
3046 5033 3091 5085 si
3125 5033 3211 5087 ille
3239 5049 3359 5087 enin
3393 5033 3501 5089 llo-

1934 5142 2162 5190 mernm,
2231 5126 2319 5193 qui
2372 5132 2527 5175 tanto
2592 5133 2714 5176 ante
2759 5124 2930 5188 ipsum
2994 5133 3233 5192 tempore
3290 5126 3494 5189 ﬂoruit,

1931 5221 2113 5274 multis
2150 5221 2213 5272 de
2242 5219 2422 5273 causis
2455 5218 2746 5279 incusaret,
2787 5214 2992 5268 ratione
3028 5231 3133 5269 non
3165 5219 3359 5282 caruit,
3394 5234 3496 5285 qua

1536 5339 1772 5395 VARle
1815 5339 2220 5399 LECTIONES.

308 5438 496 5529 ⁹¹¹τῶν
520 5443 557 5493 Α
584 5444 811 5529 ετξ-τῶν
843 5467 903 5513 ς,
936 5462 982 5505 ct
1085 5470 1299 5526 quoque
1329 5467 1453 5513 ante
1483 5459 1592 5512 τῶν
1621 5462 1778 5517 habet
1808 5464 1992 5517 nescio
2021 5461 2146 5529 quid
2174 5476 2203 5514 a
2238 5478 2267 5513 τ
2301 5459 2583 5527 incipiens.
2652 5456 2948 5529 ⁹¹πάντων
2972 5457 3061 5529 Δ(
3098 5455 3149 5529 ’⁸-³
3176 5453 3409 5529 ᾑρῆσθαι
3435 5456 3494 5507 Α.

231 5512 283 5589 τι
310 5510 508 5589 φάσκει
533 5530 594 5575 ς.
634 5518 711 5589 ’⁸⁵
745 5510 936 5589 ὁρᾷ-Β.
1008 5522 1053 5552 ’⁸
1079 5510 1171 5578 νύν
1194 5510 1300 5581 ὄπι).
1328 5510 1447 5581 Αί-
1473 5510 1618 5584 ⁹Γάν
1640 5548 1749 5586 om.
1777 5534 1840 5586 Α.

235 5583 252 5612 ¹
290 5582 384 5631 καὶ
412 5582 693 5651 Φορωνεὺς
718 5582 832 5643 om.
865 5594 928 5644 Α.

232 5651 257 5683 ³
290 5664 352 5700 συ
362 5651 617 5719 μὸάλλειν
650 5673 687 5717 ς
699 5695 711 5709 .

822 5661 843 5691 ⁸
874 5662 973 5715 οὐκ
1003 5666 1078 5718 A:
1113 5666 1223 5720 οὔτ’
1247 5686 1306 5731 ς.
1408 5671 1428 5700 ⁵
1453 5673 1591 5723 κατά

232 5790 638 5863 παραδείγματι
669 5811 780 5851 οη).
817 5790 879 5855 Α.

1921 5533 1964 5564 ⁹³
1996 5528 2059 5597 γε
2089 5563 2153 5573 -
2184 5532 2311 5599 περὶ
2335 5530 2525 5607 λργους
2558 5543 2666 5607 om1
2791 5597 2800 5607 .
2830 5529 2877 5607 _"
2911 5528 3001 5578 καὶ
3040 5528 3067 5577 6
3086 5528 3138 5607 ,Κ
3152 5528 3391 5607 ρότωῇπος
3416 5549 3434 5602 λ

1001 5594 1023 5624 ι
1056 5598 1148 5649 καὶ
1179 5598 1485 5653 Δευκαλίων
1519 5604 1636 5653 αἰπ.
1687 5602 1801 5685 βεό.
1839 5618 1947 5657 om.
1977 5594 2038 5655 At
2091 5618 2187 5664 pro
2222 5594 2420 5653 αὶπιῶν
2453 5598 2592 5665 apud
2640 5596 2927 5685 Arli‘s’tidetn
2957 5597 3195 5685 estﬁvr‘t
3225 5595 3346 5685 *τῶν
3380 5594 3494 5645 νῦν.

1014 5666 1223 5685 Δγ..
1409 5671 1426 5685 .
1570 5670 1615 5685 ,τ
1862 5673 1950 5685 ..
2066 5673 2242 5685 ....
2930 5684 2947 5685 γ
3121 5680 3470 5685 ,μνη-μ,

232 5670 257 5683 ’
290 5670 617 5719 συμοαλλειν
650 5673 711 5717 ς.
822 5670 843 5691 ⁵
874 5670 973 5715 οὑκ
1003 5670 1078 5718 A:
1113 5670 1223 5720 οὔτ’
1247 5686 1306 5731 ς.
1408 5671 1428 5700 ⁵
1453 5670 1615 5741 κατὰ]
1646 5670 1711 5723 τὰ
1743 5673 1884 5725 κατὰ
1923 5676 1985 5723 Α.
2065 5673 2083 5701 ⁶
2115 5673 2440 5741 ζητήσωμεν
2491 5687 2549 5732 ς.
2644 5670 2658 5696 ⁷

231 5724 253 5753 ⁹
286 5724 414 5803 τοὺς
436 5719 583 5811 ﬁer-3
612 5727 841 5811 τούτους⁸
869 5732 984 5787 ὕστ.
1020 5741 1058 5787 Α
1088 5748 1136 5792 ct
1171 5754 1252 5807 pr.
1282 5740 1339 5792 υ.
1421 5740 1596 5810 "exat
1623 5741 1679 5793 Β.
1753 5746 1869 5775 ιιοι·
1912 5742 2043 5795 ἀλλὰ
2080 5772 2146 5782 -
2179 5742 2422 5811 διαφέρει
2458 5754 2566 5795 Ulli.
2595 5739 2658 5791 A.

2834 5529 2877 5558 ⁹⁹
2911 5528 3001 5578 καὶ
3040 5527 3067 5577 6
3098 5525 3391 5590 Κρότωπος
3429 5542 3494 5587 ς.

3054 5665 3075 5697 ⁸
3118 5665 3396 5734 προϊόντος
3433 5680 3493 5725 ς.

3250 5736 3396 5787 ’δὸτι
3428 5762 3499 5773 --·

2065 5673 2083 5701 ⁶
2115 5673 2440 5741 ζητήσωμεν
2491 5687 2549 5732 ς.
2610 5669 2661 5741 Α⁷
2697 5666 2892 5741 όλξΥωΥ
2916 5684 2976 5729 ς.

2763 5737 2806 5768 ³³
2830 5736 2903 5807 μὶκ
2944 5752 3050 5790 nm.
3077 5738 3141 5791 Α.
