4216 6430
753 367 882 433 1491

1914 389 2169 449 PHOTH
2196 393 2703 456 PATRIARCHJZ
2742 399 2849 458 (ΣΡ.

3885 404 4043 465 1492

750 500 937 545 contra
980 490 1323 560 indignantes
1374 502 1637 560 uteretur,
1693 498 1876 553 licebit
1934 506 2188 559 nimirum
2237 523 2362 567 se-.

2429 527 2620 576 γματι.
2691 513 2753 564 Et
2819 512 2927 579 γὰρ
2968 513 3174 574 ἐκεῖνος
3238 514 3462 585 Ὁμήρῳ
3506 516 3583 583 τῷ
3626 518 3877 571 τοσοῦτον
3924 539 4042 590 ττρσι

750 581 984 634 cundum
1021 581 1303 637 Platonem
1338 586 1535 654 ipsum,
1569 598 1622 641 et
1658 603 1755 644 eos
1784 592 1873 658 qui
1923 595 2072 647 illum
2104 597 2326 652 laudant

753 682 912 740 atque
948 675 1093 726 omni
1129 675 1419 729 absolvunt
1450 679 1702 744 crimine,
1740 683 1781 734 si
1808 684 1930 751 quis
1965 687 2171 754 aliquid
2204 704 2326 741 con-

753 770 832 811 tra
884 761 1028 812 illum
1081 763 1260 816 dicere
1322 767 1571 832 coeperit,
1629 771 1962 826 auditionem
2015 777 2321 832 sustinere:

752 852 946 923 Αιοὺ
982 869 1079 906 nec
1113 856 1263 923 prius
1321 857 1373 910 id
1411 860 1620 913 crimini
1653 873 1886 928 vertere,
1923 880 2084 933 quam
2124 870 2211 924 ille
2238 888 2325 924 ra-

752 944 992 997 tionibus
1050 944 1115 997 ad
1169 948 1503 1015 propositum
1568 954 1966 1019 pertinentibus
2020 959 2323 1015 deﬁciatur.

750 1030 1031 1100 .‘ndignum
1078 1037 1220 1089 enim
1267 1038 1426 1103 foret,
1464 1056 1584 1094 cum
1620 1042 1731 1109 ille,
1763 1062 1921 1115 quam
1977 1052 2152 1121 palam
2198 1070 2327 1109 con-

752 1122 1005 1177 stituerat
1061 1141 1342 1192 accusare,
1406 1131 1723 1190 defensione
1774 1154 1870 1193 sua
1928 1145 2329 1210 quodammodo

753 1227 857 1266 non
890 1215 1135 1283 privarit,
1164 1233 1355 1274 verum
1386 1222 1593 1281 duobus
1619 1236 1713 1282 aut
1747 1231 1918 1286 tribus
1955 1234 2327 1292 defensionem

754 1304 924 1359 forma
961 1309 1296 1380 dialogorum
1323 1315 1571 1371 tribuerit
1602 1338 1614 1373 :
1654 1321 1699 1375 si
1734 1338 1852 1389 nos,
1876 1328 1965 1393 qui
2009 1343 2120 1381 rem
2161 1342 2327 1385 totam

751 1399 1025 1455 sustinere
1045 1416 1330 1469 possumus
1372 1417 1424 1461 et
1457 1410 1721 1477 volumus,
1753 1415 1804 1467 id
1847 1433 1950 1469 non
1985 1421 2327 1487 auderemus,

752 1490 904 1555 quasi
956 1506 1061 1545 non
1112 1506 1255 1548 esset
1314 1500 1543 1566 amplius
1605 1504 1816 1560 Platoni
1873 1513 2327 1577 respondendum,

755 1593 874 1645 qua:
905 1581 1019 1649 ipse
1055 1586 1157 1639 sibi
1205 1590 1451 1644 voluerit.
1492 1594 1799 1650 Absurdum
1845 1601 2037 1656 deinde
2086 1606 2216 1659 milii
2248 1608 2328 1659 vi-

754 1669 991 1735 debitur,
1025 1675 1068 1728 si
1124 1676 1277 1732 Plato
1328 1683 1677 1751 rhetoricam,
1716 1690 1868 1755 cujus
1898 1703 1951 1745 et
1979 1695 2090 1761 ipse
2122 1706 2328 1762 partem

753 1760 985 1819 fortasse
1032 1782 1361 1827 consecutus
1406 1776 1640 1844 aliquam
1683 1790 1820 1845 erat,
1869 1785 2180 1852 vituperare
2222 1804 2326 1841 non

751 1863 835 1906 est
866 1856 1068 1911 veritus
1103 1877 1115 1911 :
1152 1876 1247 1913 nos
1287 1880 1382 1929 pro
1413 1866 1709 1933 rhetorica,
1746 1886 1812 1925 ne
1849 1875 1970 1940 quis
1996 1876 2137 1930 illius
2164 1894 2324 1931 causa
2360 1860 2401 1913 Β

752 1942 1083 2012 indignetur,
1126 1950 1306 2004 dicere
1353 1957 1592 2020 pudebit.
1623 1958 1915 2029 Prteterea,
1942 1966 2208 2035 siquidem
2242 1970 2326 2022 ui-

751 2034 829 2087 ltil
859 2048 1127 2104 Oporteret
1160 2047 1553 2114 contradicere,
1585 2055 1676 2104 sed
1707 2068 1825 2107 eam
1856 2059 2052 2111 deserti
2085 2060 2326 2115 vadimo-

750 2124 825 2176 nii
868 2125 1011 2180 velut
1052 2130 1102 2183 in
1158 2135 1307 2186 curia
1365 2136 1630 2200 damnari.
1688 2144 1849 2213 idque
1897 2147 2109 2202 dicendi
2161 2153 2329 2221 magi-

752 2223 946 2279 stram,
972 2219 1069 2271 alia
1091 2224 1339 2289 quzedam
1374 2228 1486 2282 haec
1508 2242 1651 2286 esset
1688 2237 1842 2291 ratio.
1880 2236 1973 2291 Sin
2000 2256 2323 2311 quemquam

752 2316 1018 2370 oporteat,
1061 2311 1214 2365 nobis
1265 2315 1363 2369 ltoc
1395 2324 1779 2389 propemodum
1827 2331 2132 2395 c0uveniet,
2168 2342 2225 2385 ut
2260 2348 2326 2386 ex

751 2395 856 2449 hac
880 2413 1093 2467 quoque
1124 2419 1181 2456 re
1232 2407 1463 2473 primum
1504 2412 1732 2468 insiituti
1770 2421 1939 2473 nostri
1966 2423 2054 2489 jus
2081 2424 2325 2478 declare-

751 2502 893 2541 mus.
941 2487 1052 2545 Nec
1094 2495 1236 2547 enim
1286 2512 1496 2567 aequum
1544 2515 1647 2569 est,
1691 2515 1811 2561 uta
1867 2528 1970 2580 qua
2004 2515 2055 2567 id
2105 2519 2326 2588 accepi-

751 2592 899 2641 mus,
953 2596 1059 2648 quo
1095 2588 1308 2641 cmteris
1352 2595 1681 2656 patrocinari
1743 2613 2044 2666 possemus,
2096 2621 2159 2660 ea
2211 2612 2323 2664 suis

749 2666 1077 2724 destituatur
1138 2676 1317 2740 bonis,
1370 2696 1469 2734 nec
1524 2688 1704 2749 potius
1762 2690 1841 2741 vel
1901 2696 2046 2757 talis,
2109 2700 2321 2766 qualem

750 2756 904 2812 Plato
948 2762 1139 2827 voluit,
1173 2767 1441 2834 videatur,
1482 2774 1560 2825 vel
1599 2787 1655 2830 ut
1705 2779 1871 2833 videri
1906 2787 2074 2851 possit
2124 2756 2324 2844 efficia-

749 2857 856 2902 tur.
903 2850 1036 2905 Nam
1072 2857 1216 2923 quod
1256 2861 1415 2929 vulgo
1458 2864 1657 2921 dicitur
1698 2850 1969 2925 silentium
2000 2879 2325 2937 conﬁrmare

749 2941 999 3007 crimina,
1052 2946 1101 2998 id
1140 2962 1303 3000 unum
1345 2966 1408 3005 ac
1441 2956 1666 3018 simplex
1718 2975 1821 3012 non
1856 2975 1937 3016 est
1972 2980 1985 3018 :
2029 2980 2214 3022 verum
2248 2972 2322 3024 si-

746 3030 861 3084 mul
912 3042 965 3087 et
1006 3034 1129 3103 jure
1182 3054 1279 3094 suo
1328 3046 1646 3112 privabitur,
1686 3058 1740 3103 et
1788 3051 2102 3119 dignitatem
2156 3069 2320 3113 totam

747 3124 979 3180 amittet.

2429 600 2593 653 αὑτοῦ
2646 604 2774 671 περὶ
2809 603 3018 655 πολλῶν
3048 606 3162 635 ¹⁸·¹⁶
3198 607 3467 674 ἐπιτιμῶν
3502 608 3599 658 οὐκ
3645 609 4039 679 ἀπεστέρηται

2428 690 2609 757 λόγου,
2633 692 2746 743 ἀλλ’
2775 692 2888 761 ἔχει
2906 694 3042 763 πρὸς
3063 696 3185 757 τοὺς
3206 697 3647 762 ἀγανακτοῦντας
3663 700 3690 751 ὃ
3715 718 3763 752 τι
3788 701 3927 771 εἴπῃ
3958 704 3971 731 ί
3992 704 4037 765 ⁷,

2428 785 2547 833 κατ’
2609 783 2793 848 αὑτὸν,
2848 783 2924 845 ὡς
2956 784 3121 847 ἔοικε,
3173 786 3433 840 Πλάτωνα
3476 790 3572 840 καὶ
3617 792 3739 852 τοὺς
3803 793 4035 844 ἐκεῖνον

2429 869 2783 934 ἐπαινοῦντας
2826 874 2922 925 καὶ
2972 875 3153 941 πάσης
3192 876 3370 938 αἰτίας
3420 877 3680 945 ἀφιέντας
3724 880 3859 942 ἐστι,
3916 881 4034 933 κᾶν

2429 960 2585 1023 ἄλλος
2614 979 2697 1023 τις
2737 964 2930 1033 ἐκείνῳ
2958 966 3088 1035 δοκῇ
3130 964 3172 995 ¹⁸
3208 983 3261 1017 τι
3294 967 3472 1034 λέγειν
3525 971 3861 1033 ὑπεναντὲον,
3902 972 4038 1023 τολ-

2434 1055 2539 1122 μᾷν
2580 1055 2955 1124 ἀκροάσασθαι
2994 1059 3035 1090 ”
3069 1058 3235 1128 μήπω
3260 1060 3307 1091 ¹⁶
3334 1061 3488 1113 τοῦτο
3531 1062 3779 1131 ἔγκλημα
3832 1082 4038 1115 ποιουο

2434 1148 2649 1215 μένους,
2686 1149 2801 1200 ἀλλ’
2837 1150 2932 1201 ἐὰν
2981 1152 3094 1211 τοῖς
3137 1150 3265 1219 περὶ
3308 1151 3415 1202 τῶν
3465 1154 3800 1222 πραγμάτων
3838 1154 4037 1219 λόγοις

2431 1242 2752 1313 ἀπολειφθῇ.
2787 1244 2897 1297 Καὶ
2927 1244 3035 1312 γὰρ
3066 1246 3107 1275 ¹¹
3144 1244 3208 1296 ἂν
3239 1244 3325 1313 εἴη
3357 1245 3550 1308 δεινὸν,
3597 1247 3645 1296 ει
3681 1248 3882 1307 ἐκεῖνος
3924 1248 4035 1315 μὲν

2434 1333 2669 1395 ὑποστάς
2713 1337 3037 1403 κατηγορεῖν
3077 1337 3141 1388 ἐκ
3174 1334 3483 1405 προφανοῦς
3524 1338 3625 1389 οὐκ
3672 1338 4032 1407 ἀπεστέρησε

2432 1428 2631 1493 τρόπον
2660 1429 2724 1492 γέ
2761 1443 2883 1479 τινα
2912 1428 3084 1496 αὐτὴν
3114 1428 3221 1481 τῶν
3257 1429 3397 1497 ὑπὲρ
3440 1430 3640 1498 ἑαυτῆς
3675 1431 3866 1496 λόγων,
3901 1432 4031 1482 ἀλλ’

2433 1518 2681 1569 ἀπέδωκε
2722 1518 2839 1568 δυσὶ
2870 1519 2962 1569 καὶ
3007 1520 3186 1586 τρισὶν
3218 1520 3494 1571 ἀντειπεῖν
3518 1522 3593 1581 ὡς
3626 1522 3756 1587 γοῦν
3788 1525 3846 1573 ὲν
3880 1525 4030 1590 σχή-

2438 1625 2567 1676 ματι
2601 1608 2883 1674 διαλόγων,
2923 1610 3083 1678 ἡμεῖς
3120 1610 3177 1661 δὲ
3210 1612 3258 1661 οἱ
3297 1612 3357 1662 τὸ
3388 1611 3505 1663 ὅλον
3545 1611 3758 1679 βοηθεῖν
3802 1614 4032 1680 ἔχοντες

2434 1700 2527 1751 καὶ
2552 1700 2924 1769 προῃρημένοι
2959 1699 3120 1772 [1240
3154 1700 3243 1772 IL]
3280 1702 3353 1770 μὴ
3399 1702 3779 1771 τολμήσωμεν,
3827 1704 4029 1773 ῶσπερ

2433 1790 2649 1842 τοσαῦτ’
2688 1791 2988 1858 ἀντιλέγειν
3042 1792 3284 1844 Πλάτωνι
3336 1792 3476 1855 δέον,
3530 1794 3701 1845 ὁπόσα
3742 1794 3809 1845 ἂν
3857 1796 4029 1855 αὐτος

2432 1883 2566 1949 πρὸς
2594 1883 2755 1934 αὑτὸν
2805 1882 3114 1951 βουληθείη.
3153 1885 3387 1935 Ἀτοπον
3429 1883 3486 1935 δέ
3529 1902 3619 1952 μοι
3664 1885 3918 1951 φαῖνεται
3954 1889 4024 1950 ³³,

2433 1974 2479 2023 εἰ
2509 1974 2733 2025 Πλάτων
2764 1974 2863 2040 μὲν
2891 1975 2990 2025 οῦκ
3017 1974 3216 2043 ᾐδέσθη
3237 1974 3420 2041 ψέγων
3447 1976 3761 2044 ῥητορικὴν,
3793 1970 3862 2046 ἧς
3887 1978 4026 2038 ἴσως

2430 2082 2479 2115 τι
2514 2065 2555 2094 ’³
2590 2066 2680 2117 καὶ
2725 2064 2872 2133 αὑτῷ
2934 2066 3124 2134 μετῆν,
3176 2067 3337 2134 ἡμεῖς
3382 2066 3425 2118 δ’
3458 2067 3827 2136 αἰσχυνόμεθα
3875 2070 4027 2137 ὑπὲρ

2433 2155 2728 2226 ῥητορικῆς
2779 2155 3048 2223 λέγοντες,
3097 2156 3171 2225 μή
3227 2173 3311 2218 τις
3360 2156 3404 2208 δ’
3450 2160 3655 2210 ἐκεῖνον
3693 2159 4022 2227 ἀχθεσθείη.

2429 2249 2610 2317 Χωρὶς
2639 2248 2695 2300 δὲ
2738 2249 2963 2313 τούτων,
3006 2251 3055 2299 εἰ
3102 2248 3200 2316 μὲν
3246 2248 3411 2318 μηδὲν
3445 2251 3721 2301 ἀντειπεῖν
3748 2251 3849 2314 δεῖ,
3898 2251 4023 2301 ἀλλ’

2430 2340 2643 2409 ἐρήμην
2694 2338 2993 2391 ἑαλωκέναι
3056 2338 3307 2407 καθάπερ
3370 2342 3428 2391 ὲν
3485 2339 3861 2409 δικαστηρίῳ,
3922 2343 4026 2394 καὶ

2428 2432 2598 2484 ταῦτα
2631 2431 2675 2462 ’δ
2705 2429 2878 2499 λόγων
2917 2431 3114 2501 τέχνην
3145 2430 3332 2496 οὖσαν,
3380 2430 3505 2483 ἀλλο
3549 2450 3601 2483 τι
3640 2432 3786 2484 τοῦτ’
3817 2431 3884 2484 ἂν
3929 2433 4020 2499 εῖη

2426 2525 2799 2593 τούπίταγμα.
2829 2525 2889 2576 Ei
2936 2524 2978 2576 δ’
3018 2523 3163 2575 ἔστιν
3208 2524 3386 2575 ὅντινα
3425 2522 3523 2586 δεῖ,
3565 2523 3752 2593 σχεδὸν
3786 2525 3922 2592 ἡμῖν
3954 2525 4024 2576 ἂν

2429 2617 2629 2681 πρέποι
2664 2618 2731 2675 ’⁵,
2762 2615 2849 2667 ἵνα
2878 2616 2971 2667 καὶ
3015 2614 3073 2666 τὸ
3110 2615 3318 2666 δίκαιον
3358 2614 3518 2675 εὐθὺς
3558 2616 3616 2666 ὲν
3661 2614 3811 2681 αὐτῷ
3844 2613 4024 2681 τούτῳ

2429 2667 2629 2776 πρώτῳ
2656 2706 2939 2774 δείξωμεν,
2969 2698 3030 2755 οῦ
3062 2706 3482 2773 προεστήκαμεν
3510 2722 3522 2734 ·
3551 2705 3628 2762 ῶς
3658 2705 3806 2757 ἐστιν
3836 2707 3899 2757 οὗ
3926 2706 4022 2758 λό-

2428 2813 2523 2862 γον
2558 2796 2748 2859 σῶζον,
2784 2798 2913 2865 παρ’
2944 2791 3011 2866 ἦς
3042 2796 3101 2846 τδ
3130 2798 3240 2856 τοῖς
3264 2795 3441 2857 ἄλλοις
3467 2799 3852 2865 συναγορεύειν
3879 2800 4024 2857 ἐστὶ,

2427 2887 2596 2955 ταύτῃ
2628 2887 2737 2937 τῶν
2781 2886 2910 2955 παρ’
2944 2886 3117 2953 αὐτῆς
3166 2886 3240 2954 μὴ
3285 2886 3628 2955 μεταδοῦναι,
3684 2888 3822 2940 ἀλλὰ
3874 2889 4026 2941 δυεῖν

2429 2975 2676 3046 θάτερον,
2711 2977 2741 3047 ἢ
2774 2977 3015 3029 τοιοῦτον
3051 2974 3191 3028 εἷναι
3237 2976 3417 3029 δοκεῖν
3449 2977 3617 3045 αὐτὴν
3645 2973 3756 3031 οἷον
3795 2981 3845 3010 ⁸⁸
3873 2980 4021 3031 [ἰλά-

2426 3082 2531 3118 των
2568 3065 2911 3135 βεϐούληται,
2961 3066 2994 3135 ἦ
3029 3064 3269 3117 τοιοῦτόν
3301 3067 3352 3129 γ’
3377 3066 3421 3095 ³⁷
3469 3062 3607 3119 εἶναι
3653 3068 3833 3120 δοκεῖν
3868 3070 4023 3136 ποιῇ

2430 3173 2539 3207 σαι.
2566 3157 2639 3210 Οὐ
2676 3157 2782 3223 γάρ
2834 3158 2982 3208 ἐστιν
3026 3155 3083 3208 ἓν
3125 3156 3286 3208 τοῦτο
3314 3157 3358 3186 ’⁸
3384 3156 3411 3207 ὃ
3445 3158 3741 3225 πανταχοῦ,
3788 3160 3873 3211 ὅτι
3920 3161 4020 3220 τὰς

748 3222 929 3285 αῐτίας
956 3227 988 3295 ή
1018 3232 1193 3301 σιωπὴ
1224 3232 1461 3302 βεϐαιοῖο
1512 3241 1626 3294 ἀλλ’
1655 3244 1772 3314 ἅμα
1830 3250 1938 3302 τῶν
1981 3270 2038 3304 τε
2079 3255 2301 3307 δικαίων
2339 3256 2399 3306 οὐ
2441 3257 2706 3323 τεύξεται,
2744 3222 2835 3311 καὶ
2884 3260 2946 3310 τὸ
2972 3260 3166 3327 σεμνὸν
3214 3259 3382 3326 αὐτῆς
3432 3258 3517 3310 ἔπ’
3558 3255 3724 3324 αὐτῆς
3754 3256 3798 3285 ³⁸
3831 3253 4022 3320 ἐξελή-

748 3313 992 3381 λεγκται.
1022 3322 1171 3387 Δόξει
1196 3325 1303 3394 γὰρ
1327 3328 1422 3398 οὐχ
1444 3331 1530 3382 οἶα
1556 3350 1613 3384 τε
1642 3334 1780 3389 εἶναι
1808 3339 2001 3404 σώζειν
2031 3346 2097 3397 τὰ
2119 3346 2323 3404 δίκαια.

819 3409 877 3462 In
926 3413 1008 3465 liis
1051 3415 1189 3467 nulla
1227 3434 1448 3485 prorsus
1478 3424 1619 3479 inest
1662 3428 2078 3501 demonstratio,
2112 3454 2208 3493 nec
2237 3456 2323 3492 ar-
2356 3448 2397 3504 C

746 3511 1056 3566 gumentum
1092 3511 1481 3575 necessarium,
1527 3516 1619 3570 sed
1661 3534 1757 3587 pro
1784 3528 2057 3581 concessis
2095 3544 2320 3584 sumun-

748 3600 858 3659 tur,
903 3594 968 3647 de
1012 3598 1207 3665 quibus
1252 3612 1367 3654 erat
1416 3606 1567 3669 prius
1612 3613 2017 3680 disputandum,
2056 3623 2213 3686 quasi
2257 3624 2324 3677 ab

746 3684 1081 3741 auditoribus
1125 3704 1185 3743 ea
1237 3692 1337 3745 sibi
1387 3694 1505 3749 dari
1555 3702 1819 3767 petiisset.
1869 3707 2030 3777 Atqui
2065 3684 2109 3765 si
2154 3728 2216 3767 ea
2258 3718 2322 3769 de

746 3774 942 3844 quibus
969 3785 1231 3845 qumrltur
1255 3784 1538 3841 ridiculum
1569 3803 1652 3845 est
1675 3810 1771 3861 pro
1800 3802 2071 3856 concessis
2096 3819 2318 3871 ponere,

742 3870 1011 3933 quomodo
1046 3874 1128 3926 vel
1168 3890 1377 3943 atquum
1409 3884 1476 3935 sit
1523 3897 1580 3936 ea
1611 3903 1730 3955 qua:
1766 3890 2050 3946 ridiculum
2080 3870 2152 3950 sit
2184 3914 2322 3967 quae-

742 3968 886 4020 rere,
919 3956 1078 4014 initio
1115 3978 1352 4027 ponere:
1412 3970 1494 4023 vel
1529 3990 1634 4027 non
1674 3978 1980 4048 ridiculum,
2020 3995 2199 4041 utrum
2232 4004 2321 4044 ars

742 4044 956 4102 dicendi
991 4060 1044 4104 et
1075 4059 1339 4122 coquendi
1373 4060 1607 4125 ejusdem
1642 4069 1750 4122 sint
1779 4083 2008 4141 naturae,
2033 4082 2321 4146 querere?

741 4134 814 4188 At
854 4138 968 4205 ipse
1043 4142 1143 4197 hoc
1211 4154 1417 4202 tantum
1453 4152 1649 4224 alla
1690 4175 2007 4218 concessum
2051 4134 2317 4238 usumpsit.

737 4224 953 4281 Licebit
992 4242 1173 4288 autem
1219 4238 1269 4291 id
1313 4255 1661 4313 cognoscere,
1694 4250 1737 4303 si
1770 4255 1892 4319 quis
1936 4258 2149 4312 sublato
2195 4262 2322 4315 rlie-
2362 4248 2365 4249 ν

740 4319 929 4372 toricae
957 4325 1193 4389 nomine,
1231 4328 1619 4400 pltil050pliiam
1672 4339 1723 4392 in
1755 4342 1871 4409 ejus
1913 4345 2087 4400 locmu
2123 4352 2322 4403 substi-

2516 3441 2781 3495 Ἐνταῦθα
2812 3444 2856 3474 ³⁸
2883 3442 3158 3505 ἀπόδειξις
3196 3443 3292 3511 μὲν
3320 3441 3429 3493 οὐδ’
3462 3438 3681 3508 ἡτισοῦν
3707 3438 3923 3490 ἔνεστιν
3950 3440 4019 3492 ³⁸.

2432 3534 2539 3585 οὐδ’
2600 3534 2819 3603 ἔλεγχος
2866 3536 3083 3605 ἀνάγκῃ
3139 3531 3559 3603 προεληλυθώς·
3616 3531 3910 3582 ὑπόκειται
3960 3530 4019 3582 δὲ

2430 3623 2613 3685 ἁπλῶς
2639 3624 2827 3691 ῶσπερ
2853 3624 2990 3688 ἐξὸν,
3022 3642 3080 3676 ου
3110 3623 3152 3653 ³⁹
3184 3623 3349 3683 πολὺς
3370 3619 3435 3691 ἦν
3467 3623 3510 3653 ⁸³
3540 3620 3695 3690 ἱδρὼς
3722 3620 4016 3689 πρότερον,

2427 3713 2577 3765 οὐδὲν
2608 3713 2969 3781 διαφερόντως
3002 3714 3045 3744 ³⁸
3076 3716 3107 3783 ἦ
3151 3716 3198 3765 εἰ
3226 3714 3387 3782 χάριν
3409 3713 3529 3782 ᾔτει
3553 3714 3679 3774 τοὺς
3711 3711 4016 3771 ἀκούοντας

2427 3803 2601 3857 ταῦτα
2628 3806 3003 3873 συγχωρῆσαι.
3039 3803 3232 3856 Καίτοι
3261 3805 3307 3855 εξ
3339 3805 3405 3855 τὰ
3436 3803 3744 3871 ζητούμενα
3776 3803 3853 3862 ὡς
3884 3804 4013 3869 ὁμο⁶

2428 3894 2729 3963 λογούμενα
2771 3894 3123 3946 ὑποτίθεσθαι
3154 3894 3349 3961 γέλως,
3394 3892 3506 3954 πῶς
3542 3891 3709 3953 εἰκὸς,
3755 3891 3879 3958 ἆγε
3920 3890 4014 3958 ζη-

2425 3989 2535 4037 τεῖν
2562 3987 2755 4053 γέλως,
2785 3985 2959 4039 ταῦτα
3011 3985 3069 4049 ἐξ
3102 3986 3276 4053 ἀρχῆς
3326 3985 3714 4045 ὑποτίθεσθαι;
3754 3983 3876 4044 πῶς
3908 3984 4015 4051 γάρ

2425 4080 2484 4130 οὐ
2521 4079 2713 4144 γέλως,
2746 4081 2794 4130 ει
2832 4079 2929 4147 τῆς
2974 4078 3141 4146 αὐτῆς
3197 4077 3411 4145 φύσεως
3447 4076 3711 4146 ῥητορικὴ
3743 4075 3841 4127 καὶ
3888 4075 4014 4140 ὀψο-

2425 4169 2704 4238 ποιητικὴ,
2737 4169 2920 4238 ζητεῖν
2941 4186 2954 4233 ;
2979 4170 3007 4221 ὀ
3031 4169 3087 4221 δὲ
3115 4168 3304 4237 ῶσπερ
3331 4166 3767 4265 ὁμολογούμενον
3792 4165 4018 4265 εἴληφεν

2425 4260 2574 4314 αὑτό.
2608 4260 2765 4329 Γνοίη
2801 4259 2846 4312 δ’
2886 4260 2951 4312 άν
2981 4276 3063 4321 τις
3120 4258 3365 4323 ἐκείνως,
3398 4260 3445 4309 εἰ
3478 4259 3536 4309 τὸ
3568 4256 3667 4325 τῆς
3708 4256 4012 4325 ῥητορικῆς

2424 4352 2593 4417 ὄνομα
2617 4349 2813 4414 ἐξελὼν
2844 4350 2905 4401 τὸ
2938 4350 3036 4417 τῆς
3086 4348 3401 4416 φιλοσοφίας
3445 4347 3558 4399 ἀντ’
3593 4346 3807 4397 ἐκείνου
3842 4346 4013 4412 ὄνομα

741 4416 881 4475 tuat,
932 4420 1091 4480 atque
1132 4416 1204 4470 ita
1255 4420 1444 4475 iisdem
1491 4434 1673 4481 utatur
1715 4435 1987 4488 omnibus.
2038 4436 2147 4492 Nec
2194 4451 2362 4504 vero]

2428 4416 2721 4510 μεταλάϐοι
2745 4441 2811 4503 ³⁸,
2847 4441 2942 4493 καὶ
2982 4416 3073 4492 ἐπὶ
3117 4440 3291 4509 τούτῳ
3323 4441 3456 4491 πᾶσι
3489 4440 3603 4499 τοῖς
3651 4438 3837 4497 αὐτοῖς
3874 4438 4012 4505 χρήο

740 4499 824 4553 vel
882 4506 1141 4559 rusticum
1196 4511 1506 4580 quisquam,
1554 4520 1638 4572 vel
1698 4521 1949 4592 frigidum
2002 4529 2143 4582 hunc
2200 4532 2314 4587 fore

740 4604 1048 4647 sermonem
1105 4600 1395 4657 existimet.
1449 4606 1688 4663 Primum
1736 4614 1878 4667 enim
1915 4632 2039 4670 cum
2084 4620 2311 4674 duarum

738 4683 937 4735 artium
985 4688 1065 4741 vel
1116 4689 1451 4763 facultatum,
1495 4714 1586 4754 eos
1618 4704 1705 4770 qui
1751 4704 1977 4760 alteram
2011 4722 2310 4778 sectantur,

735 4771 883 4827 side
932 4776 1119 4833 alteris
1163 4785 1434 4851 quidpiam
1469 4805 1625 4845 secus
1669 4796 1928 4861 dixerint,
1964 4800 2095 4855 nihil
2145 4804 2311 4859 inele-

735 4872 930 4929 ganter
968 4882 1128 4936 agere
1155 4872 1352 4929 dicturi
1385 4894 1589 4945 sumus,
1627 4884 1810 4942 alteris
1846 4891 2035 4946 merito
2067 4897 2309 4951 eamdem

735 4957 1098 5015 concedemus
1141 4964 1463 5023 defendendi
1508 4975 1789 5033 rationem.
1853 4983 2049 5039 Deinde
2081 5002 2185 5040 non
2233 4988 2310 5041 of-

736 5041 906 5100 fensae
936 5052 1127 5119 gratia,
1166 5057 1256 5109 sed
1302 5061 1803 5133 demonstrationis,
1840 5088 1959 5141 qua:
1988 5077 2036 5129 in
2073 5078 2153 5132 his
2185 5095 2309 5134 nus-

736 5150 897 5204 quam
930 5153 1172 5210 apparet,
1202 5148 1527 5216 proferetur.

2427 4550 2598 4585 σαιτο.
2632 4532 2741 4584 Καὶ
2790 4531 2976 4600 μηδεὶς
3016 4532 3141 4600 μήτ’
3182 4530 3470 4601 ἀγροικίαν
3523 4530 3659 4599 μήτε
3688 4527 4011 4595 ψυχρότητα

2425 4623 2677 4693 καταγνῷ
2722 4621 2817 4674 τοῦ
2868 4622 3048 4688 λόγου.
3076 4611 3328 4675 Μάλιστα
3387 4622 3484 4690 μὲν
3522 4622 3630 4688 γάρ
3680 4620 3742 4670 οὐ
3789 4619 3853 4687 δή
3909 4635 4009 4669 που

2421 4720 2562 4770 δυοῖν
2613 4715 2952 4785 ὲπιστήμαιν
2998 4715 3030 4783 ἢ
3069 4714 3354 4780 δυνάμεοιν
3386 4716 3496 4773 τοῖς
3535 4712 3634 4780 μὲν
3676 4711 3780 4779 τῆς
3816 4710 4010 4776 ἑτέρας

2424 4808 2846 4877 προϊσταμένοις
2880 4808 2924 4839 ⁸⁸
2962 4807 3069 4859 οὐδ’
3100 4805 3166 4857 ἂν
3209 4805 3385 4857 ότιοῦν
3421 4802 3821 4873 βλασφημῶσιν
3846 4801 3891 4831 ³⁷
3934 4804 4010 4861 εἰς

2420 4902 2543 4960 τοῦς
2575 4901 2817 4966 ἐτέρους,
2850 4900 3002 4951 οὐδὲν
3039 4899 3295 4968 ἄγροικον
3329 4899 3544 4948 ὑπεῖναι
3594 4898 3865 4963 φήσομεν,
3901 4897 4007 4993 τοῖς

2419 4992 2463 5042 δ’
2489 4992 2607 5042 οὐδὲ
2636 4994 2748 5053 τοῖς
2771 4993 2954 5055 αὐτοῖς
2979 4990 3281 5060 ἀμύνεσθαι
3306 4989 3551 5056 δώσομεν
3577 5006 3589 5016 ·
3622 4988 3797 5038 ἔπειτ’
3829 4987 3890 5037 οὐ
3918 5003 4005 5036 του

2421 5080 2682 5148 φορτικοῦ
2714 5083 2874 5152 χάριν
2904 5085 3206 5152 εἰρήσεται,
3238 5080 3373 5132 ἀλλὰ
3410 5080 3509 5148 τῆς
3538 5080 3906 5148 ξάποδεῑξεως,
3942 5078 4004 5146 ἢν

2419 5173 2654 5241 οὐδαμοῦ
2687 5174 2895 5235 τούτοις
2921 5172 3058 5226 εἷναί
3097 5191 3297 5241 φαμεν.

1987 5328 2217 5385 ΥΔΙΗκΕ
2251 5333 2654 5389 LECTIONES.

807 5465 921 5499 ⁸³’¹⁶
943 5472 1069 5542 περὶ
1103 5474 1312 5529 πολλῶν
1350 5493 1459 5533 om.
1491 5480 1552 5535 Β.

730 5551 926 5619 annos;
1031 5544 1071 5619 τ’
1103 5546 1373 5619 καὶγὰρ]
1425 5568 1478 5619 p.
1544 5554 1596 5607 8.

732 5604 798 5691 Βι
823 5607 1173 5691 ,ἀγατρέίπςιν
1207 5604 1279 5691 ις,
1303 5604 1624 5691 τ’,διν’τέρέπῃ
1659 5644 1717 5690 ς.
1789 5604 2255 5685 τέττιξ-λίπε

732 5676 856 5728 add.
888 5676 998 5768 A.n'
1030 5683 1429 5768 "fvmﬁﬁalp.
1463 5676 1545 5768 ιξε.
1601 5676 2176 5768 ’δι’ένεστινῇῖσέὶὗλ.

736 5761 915 5835 pyrgo;
941 5748 998 5801 Β.
1074 5756 1126 5832 εξ
1144 5748 1432 5835 μεταλάϐοι
1480 5761 1521 5815 Β
1562 5781 1572 5816 :
1608 5748 1910 5833 μειίἐιὸόιλοι³

735 5813 778 5845 ³⁷
811 5812 1217 5884 ϐλασφημοῦσιν
1247 5827 1309 5877 Α.

1657 5486 1696 5514 ¹⁷
1720 5487 1861 5543 εἴποι
1928 5508 1986 5553 ς.

2102 5493 2142 5565 ‘_'
2166 5494 2296 5565 δοκῇ
2342 5497 2381 5548 Β
2425 5514 2436 5548 :
2507 5499 2652 5552 δοκεῖ
2688 5517 2747 5562 ς.

1711 5558 1755 5586 ”
1783 5560 2055 5626 φαίνεται]
2103 5563 2247 5616 δοκεῖ
2272 5558 2345 5618 Ἄ.

1828 5629 1871 5654 18
1900 5630 2014 5654 -7-..
2055 5634 2073 5654 Δ
2212 5636 2255 5654 C1
2324 5637 2336 5654 ν

2260 5638 2336 5737 "7'
2366 5638 2512 5724 7add:
2572 5639 2629 5691 Β.

2336 5706 2421 5776 ου]
2448 5724 2508 5760 ου
2544 5710 2607 5760 Α.

2066 5772 2107 5804 ³⁸
2135 5774 2231 5844 τῆς
2288 5772 2475 5845 ἐτέρας
2510 5772 2926 5850 προϊσταμένοις
2978 5777 3015 5830 Β
3046 5772 3099 5833 γε’
3134 5778 3231 5850 τὴν

3446 5499 3689 5579 ’ξμήπιιξ
3745 5500 3791 5554 Α
3931 5502 4000 5569 μή

3392 5570 3436 5600 ’⁵
3460 5569 3527 5621 ἂν
3588 5570 3792 5653 πρέποι
3855 5585 3996 5651 ειη-Ξ.

2741 5640 2785 5671 ²¹¹
2814 5640 2871 5691 ἓν
2900 5638 3078 5705 τοῦτο]
3126 5641 3193 5690 ὲνι
3251 5638 3425 5704 τούτῳ
3459 5642 3545 5718 Β..
3608 5640 3675 5723 ,ξ’
3702 5638 3792 5723 ιτς
3821 5642 4001 5723 ,αὐτῆς

2754 5706 2779 5723 τ
3004 5710 3020 5723 .
3187 5718 3197 5723 _
3238 5709 3283 5723 η.
3334 5708 3347 5723 .
3555 5716 3566 5723 .

2688 5710 2731 5743 ιι
2752 5706 2818 5779 ἦν
2850 5725 2958 5762 om.
2994 5710 3056 5773 Α,
3087 5718 3204 5794 post
3238 5708 3396 5830 tege»;
3426 5707 3573 5775 ροηίι
3606 5706 3794 5806 9“.“
3815 5706 3997 5805 διῖᾯέ,

2688 5782 2926 5848 ταμένοις
2978 5777 3015 5830 Β
3066 5797 3079 5833 :
3134 5795 3231 5848 την
3310 5779 3473 5848 τέραν
3509 5793 3911 5845 προισ.αμενος
3942 5795 3994 5841 ς.

2862 5498 2903 5531 ⁸³
2942 5499 3243 5569 ἀκροᾶσθαι
3304 5500 3368 5552 Α.

2448 5567 2491 5598 ³⁸
2524 5573 2599 5637 τι]
2648 5586 2709 5634 γε
2766 5570 2825 5621 Α.
2936 5569 2979 5601 ³⁸
3008 5567 3156 5621 ταῦτ’
3204 5586 3263 5632 ς.
