4216 6430
286 410 429 477 1493

1353 408 1872 471 BIBLIOTHECA.
1910 428 1979 443 -
2000 406 2161 468 COD.
2190 406 2506 469 CCXLVII.

3392 401 3527 466 1494

361 523 547 592 Πολλῷ
596 522 743 592 μέντ’
787 522 853 576 ἂν
902 522 1062 576 πλέον
1108 522 1331 576 ἐκείνων
1379 522 1719 589 ἐλλείποιμεν
1761 521 1853 573 τοῦ

1887 522 1931 576 Α
2028 521 2202 589 Atque
2236 521 2404 587 magis
2430 521 2598 574 multo
2624 518 2944 582 videbimus,
2974 518 3017 573 si
3050 518 3315 573 rationem
3349 517 3521 571 relin-

283 616 585 682 σωφρονεῖν
617 612 683 666 ³⁸.
718 612 927 667 Οὐκοῦν
957 615 1107 682 παρὰ
1138 614 1354 667 πάντων
1386 614 1461 676 ὡς
1502 613 1628 684 [670
1662 612 1753 684 Η.]
1787 617 1860 665 εί-

283 706 411 755 πεῖν
452 704 559 755 τῶν
610 702 745 754 θεῶν
797 704 1070 772 μαρτυρία
1119 704 1211 755 καῖ
1263 702 1442 771 ψῆφος
1486 703 1718 771 ἐπῆκται
1764 702 1858 756 τοῦ

286 795 517 861 μηδενὸς
547 794 695 859 ἄξιον
734 790 873 847 εἶναι
907 794 997 846 τὸν
1036 795 1273 847 τοιοῦτον
1298 794 1473 861 λόγον,
1510 796 1656 856 ὅστις
1694 795 1727 863 ἦ
1762 796 1860 865 τὴν

279 886 481 954 τέχνην
510 888 661 953 ζητεῖ
690 886 721 955 ἢ
757 886 1014 953 φαυλίζει
1037 890 1095 939 τὸ
1126 889 1198 955 μὴ
1234 889 1330 940 σὺν
1358 886 1530 956 ταύτῃ
1562 886 1855 955 πανταχοῦ.

282 972 401 1028 Εἶτ’
450 978 494 1009 ³⁸
522 973 635 1040 οὖν,
662 974 707 1029 ὦ
737 976 872 1045 πρὸς
904 978 1044 1043 Διὸς,
1077 980 1134 1029 ἐν
1165 979 1347 1047 μέτρῳ
1377 978 1475 1046 μὲν
1517 981 1684 1029 εἰπεῖν
1727 996 1857 1045 μου-

284 1066 725 1136 σοληπτούμενον
758 1069 884 1120 άνευ
909 1069 1098 1137 τέχνης
1130 1070 1189 1121 οὐ
1222 1070 1414 1131 δεινὸν,
1442 1068 1575 1121 ἀλλὰ
1602 1070 1690 1122 καὶ
1719 1068 1859 1121 Θεῐον

283 1158 547 1221 πολλάκις
592 1160 801 1229 (ὥσπερ
834 1163 882 1212 οἱ
930 1163 1152 1230 ῥήτορες
1195 1161 1287 1229 Μ³),
1340 1162 1536 1213 οὑτωσὶ
1578 1162 1633 1215 δὲ
1685 1163 1858 1215 εἰπεῖν

282 1247 357 1297 τὰ
387 1246 639 1315 βέλτιστα
663 1249 853 1313 δεινὸν,
882 1250 976 1303 ἐὰν
1014 1252 1086 1320 μὴ
1113 1254 1209 1305 σὺν
1229 1253 1427 1323 τέχνῃς
1464 1252 1603 1318 Ἐγὼ
1630 1253 1727 1321 μὲν
1750 1252 1858 1321 γὰρ

280 1337 385 1404 οὐχ
418 1338 527 1405 ὁρῶ
554 1339 653 1407 τὴν
679 1340 942 1410 ἀνάγκην.
979 1341 1103 1404 Πῶς
1134 1340 1239 1409 γὰρ
1260 1343 1360 1395 οὐκ
1386 1342 1603 1406 ἄτοπον,
1629 1345 1677 1395 εἰ
1702 1344 1729 1396 ὁ
1763 1344 1859 1411 μὲν

283 1432 521 1500 ποιητὴς
554 1431 681 1485 ἄνευ
702 1434 898 1502 τέχνης
922 1435 1091 1487 ποιῶν
1122 1436 1297 1505 ὀρθῶς
1325 1436 1414 1489 τὸν
1452 1423 1655 1506 ῥήτορα
1690 1438 1860 1507 μιμή-

285 1535 443 1571 σεται
484 1521 577 1571 xui.
606 1524 674 1573 τὰ
709 1522 960 1589 βέλτιστα
993 1526 1109 1593 ἐρεῖ
1140 1525 1206 1588 ⁸¹,
1234 1526 1262 1576 ὁ
1296 1527 1480 1595 ῥήτωρ
1504 1526 1550 1578 δ’
1575 1527 1736 1589 αὐτὸς
1762 1528 1859 1579 οὐκ

281 1610 404 1677 ἐρεῖ
443 1611 511 1662 τά
538 1611 809 1680 βέλτιστα,
844 1614 936 1667 ἐὰν
964 1615 1037 1685 μὴ
1065 1617 1161 1668 σὺν
1186 1616 1229 1646 δ’
1267 1616 1465 1688 τέχνῃ;
1496 1615 1556 1667 Εἰ
1586 1618 1763 1669 τοίνυν
1790 1618 1859 1682 ⁸³,

280 1695 329 1753 ὦ
366 1700 469 1755 Ζεῦ
498 1705 589 1755 καὶ
616 1704 747 1766 θεοὶ,
781 1707 947 1774 μανία
975 1707 1056 1768 τίς
1080 1709 1225 1759 ἐστιν
1248 1709 1483 1777 ἀμείνων
1510 1708 1861 1777 σωφροσύνης

280 1792 383 1843 καὶ
420 1794 570 1863 παρὰ
620 1795 757 1846 Θεῶν
808 1796 1115 1867 ἀνθρώποις
1164 1799 1498 1868 γιγνομένη,
1552 1800 1666 1861 πῶς
1712 1800 1858 1862 ἄξιον

278 1884 395 1935 πᾶν
432 1901 495 1949 γε
533 1884 578 1916 ⁸⁸
607 1886 666 1937 τὸ
696 1887 769 1955 μὴ
806 1888 969 1960 τέχνῃ
1002 1889 1281 1957 γινόμενον
1308 1890 1513 1958 ψέγειν,
1546 1892 1575 1957 ἦ
1612 1890 1727 1953 πῶς
1758 1894 1855 1959 ρη-

276 1975 509 2044 τορικὴν
536 1976 720 2037 ἁπλῶς
749 1978 794 2009 ⁸⁸
835 1979 1056 2047 αἰσχρὸν
1097 1980 1386 2049 insideat;
1442 1980 1580 2032 Ἀλλ’
1625 1980 1768 2032 ἐστιν
1809 1982 1853 2011 ⁸⁸

278 2059 344 2116 οὗ
388 2069 479 2117 καὶ
506 2066 885 2137 λαμπρότερον
930 2070 1022 2121 καὶ
1059 2070 1461 2139 Θεοφιλέστερον
1496 2069 1633 2124 εἶναι
1676 2072 1737 2125 τὸ
1779 2074 1852 2143 μὴ

278 2156 554 2209 δουλεύειν
576 2160 756 2229 τέχνῃ.
789 2161 984 2227 Σαφῶς
1010 2164 1113 2232 γάρ
1144 2163 1343 2214 οὑτωσὶ
1374 2163 1597 2217 Πλάτων
1623 2166 1845 2233 διορίζε-

275 2263 393 2308 ται,
436 2248 496 2298 τὸ
541 2248 613 2317 μὴ
644 2249 751 2301 δεῖν
780 2251 871 2302 ἐπὶ
900 2251 1005 2303 τῶν
1036 2254 1307 2321 μεγίστων
1347 2255 1544 2324 τέχνην
1576 2256 1757 2323 ζητεῖν
1784 2257 1849 2309 ⁸⁷.

276 2335 392 2387 Καὶ
417 2336 523 2405 μὴν
548 2336 592 2368 ⁸⁸
623 2338 671 2389 εἰ
710 2339 806 2406 μὲν
831 2339 1139 2403 ἀξιόπιστος
1171 2343 1415 2407 Πλάτων,
1451 2345 1610 2407 αὑτός
1634 2348 1678 2377 δ’
1708 2348 1852 2399 ἐστιν

274 2430 306 2480 ὁ
346 2430 420 2499 μὴ
454 2431 625 2492 διδοὺς
648 2434 713 2502 τῇ
748 2433 904 2506 τέχνῃ
933 2436 977 2465 ⁸ο
1008 2436 1077 2487 τά
1110 2437 1371 2505 πρεσϐεῖα
1392 2454 1405 2468 ·
1430 2441 1477 2491 εί
1502 2440 1555 2491 δὲ
1591 2439 1673 2509 [τὸ
1702 2440 1851 2505 ἀξιό-

275 2536 474 2572 πιστον
520 2517 586 2591 ἦν
624 2522 709 2594 ἂν]
746 2524 866 2577 οὐδὲ
914 2526 957 2556 ⁸⁸
996 2526 1155 2579 τοῦτό
1201 2546 1280 2591 τις
1323 2533 1595 2601 συγχωρεῖ
1632 2533 1698 2594 ⁵⁸,
1736 2532 1853 2593 πῶς

282 2613 552 2681 ῥητορικὴ
586 2614 669 2665 διὰ
691 2616 816 2675 τοὺς
840 2616 1049 2668 ἐκείνου
1076 2617 1265 2683 λόγους
1295 2620 1548 2688 αίτιρόνς
1574 2620 1722 2689 [1241
1759 2620 1850 2691 3.]

288 2701 437 2767 Ἐγὼ
486 2703 540 2753 δὲ
600 2704 908 2768 ἀξιόπιστον
950 2707 1048 2775 μὲν
1094 2710 1201 2769 τοῖς
1234 2708 1373 2771 ὅλοις
1426 2710 1636 2773 οὐδενὸς
1692 2707 1852 2782 ἦττον

276 2794 392 2845 τῶν
428 2795 475 2825 ³⁸
513 2795 777 2863 Ἑλλήνων
807 2797 853 2827 ⁸⁸
893 2799 1157 2867 ἠγοῦμαι,
1207 2801 1377 2869 ἡδέως
1421 2801 1465 2852 δ’
1511 2801 1575 2855 ἂν
1625 2804 1852 2873 ἐροίμην

274 2888 406 2947 τοὺς
439 2888 573 2955 πρὸς
608 2889 815 2939 ἐκείνου
859 2889 1042 2959 πότερ’
1071 2893 1119 2923 ⁸⁸
1160 2892 1307 2961 αὑτῷ
1342 2892 1539 2959 μᾶλλον
1577 2894 1852 2946 πιστεύειν

275 2978 451 3040 ἄξιον,
507 2979 675 3031 ταῦτα
716 2980 748 3049 ἢ
784 2984 935 3033 κεῖνα
978 2982 1041 3035 ⁸⁸.
1081 2983 1188 3034 Καὶ
1244 2984 1351 3051 μὴν
1396 2985 1443 3035 εἰ
1493 2984 1562 3036 τὰ
1616 2985 1853 3051 μάλιστα

278 3068 479 3135 σεμνός
519 3072 654 3134 ἐστι,
695 3072 945 3137 φαίνεται
998 3074 1289 3143 μαρτυρῶν
1335 3077 1488 3143 ἡμῖν,
1534 3076 1672 3129 ὥστε
1713 3077 1852 3146 ὑπὲρ

1885 1838 1932 1896 Β

1962 625 2207 678 quamus.
2259 610 2375 677 Quo
2426 609 2503 673 fit,
2538 618 2599 663 ut
2630 622 2821 663 omnes
2854 608 3241 676 propemodum
3287 607 3360 661 dii
3402 608 3520 661 suf-

1963 700 2131 768 fragio
2163 715 2260 754 suo
2288 709 2572 761 testentur,
2601 700 3044 753 contemnendam
3074 713 3195 753 esse
3220 698 3522 752 orationem

1960 803 2079 841 eam
2112 804 2230 855 quae
2251 788 2334 842 vel
2364 799 2535 843 artem
2563 790 2775 857 qutcrit,
2807 788 2889 841 vel
2925 788 2976 840 id
3000 788 3142 855 quod
3172 804 3293 842 cum
3325 803 3388 841 ea
3418 802 3524 841 non

1961 880 2030 931 sit
2052 879 2418 945 coniunctum,
2450 881 2738 948 vituperat.
2768 878 2909 946 Ergo
2938 880 2982 933 si
3010 881 3129 945 quis
3158 894 3375 934 carmen
3406 881 3526 933 sine

1962 982 2078 1023 arte
2113 970 2322 1035 fecerit,
2372 972 2475 1024 hoc
2525 987 2628 1024 non
2669 971 2900 1035 difﬁcile,
2954 972 3048 1025 sed
3092 972 3332 1025 divinum
3381 984 3525 1039 saepe

1956 1059 2287 1127 judicabitur
2330 1062 2819 1128 (quemadmodum
2868 1062 3109 1115 rhetores
3140 1061 3280 1126 sint)
3324 1060 3525 1127 optime

1960 1151 2078 1203 sine
2124 1160 2262 1205 arte.
2290 1152 2508 1212 dixerit,
2559 1167 2805 1220 magnum
2844 1152 2992 1204 erit?
3034 1150 3290 1219 Equidem
3339 1164 3439 1203 cur
3471 1149 3525 1201 id

1962 1241 2055 1295 fiat
2090 1258 2195 1295 non
2239 1243 2415 1298 video.
2460 1243 2764 1297 Absurdum
2817 1242 2958 1294 enim
2997 1241 3155 1305 foret,
3208 1256 3328 1294 cum
3366 1250 3524 1304 poeta

1960 1336 2077 1388 sine
2106 1344 2223 1388 arte
2251 1345 2521 1389 oratorem
2568 1335 2734 1403 possit
2768 1333 2964 1386 imitari
2999 1342 3053 1387 et
3091 1334 3291 1402 optime
3318 1332 3521 1393 dicere,

1960 1426 2003 1480 si
2038 1437 2220 1479 orator
2254 1431 2366 1495 Ipse
2403 1427 2522 1479 sine
2552 1435 2668 1479 arte
2712 1427 2911 1492 Optime
2956 1426 3138 1479 dicere
3178 1440 3286 1478 non
3333 1423 3524 1492 possit.

1960 1518 2112 1585 Quod
2146 1519 2189 1572 si
2228 1532 2376 1588 ergo,
2406 1517 2615 1586 Jupiter
2653 1532 2717 1572 ac
2762 1519 2833 1571 dii
2868 1532 3074 1580 omnes,
3124 1519 3273 1571 furor
3318 1525 3402 1569 est
3436 1515 3526 1569 ali-

1960 1611 2083 1678 quis
2120 1625 2254 1663 sana
2304 1620 2483 1663 mente
2528 1609 2741 1671 melior,
2781 1611 2978 1678 quique
3028 1610 3284 1663 divinitus
3319 1610 3523 1663 homini

1961 1704 2211 1765 donetur,
2233 1717 2329 1755 cur
2356 1702 2406 1753 id
2433 1717 2593 1755 omne
2614 1702 2753 1770 quod
2787 1712 2904 1755 arte
2933 1711 3115 1755 careat
3134 1702 3522 1770 vituperemus,

1962 1802 2052 1846 aut
2099 1808 2194 1846 cur
2256 1794 2579 1847 rhetoricam
2648 1802 2855 1861 turpem
2908 1803 3110 1847 temere
3170 1791 3528 1847 duxerimus?

1966 1884 2067 1937 Sed
2101 1878 2293 1939 alicubi
2328 1884 2639 1951 praeclarius
2662 1898 2782 1938 esse
2809 1897 2870 1937 ac
2902 1885 3001 1937 diis
3030 1885 3233 1953 gratius
3265 1898 3387 1939 esse
3420 1884 3525 1937 arti

1963 1990 2066 2027 non
2097 1975 2325 2028 servire.
2355 1977 2551 2044 Aperte
2594 1976 2736 2029 enim
2764 1976 2875 2044 jam
2900 1974 3055 2029 Plato
3082 1975 3384 2044 profitetur,
3412 1990 3518 2029 non

1960 2081 2079 2119 esse
2114 2067 2164 2119 in
2206 2066 2367 2120 rebus
2417 2067 2665 2120 maximis
2717 2075 2883 2121 artem
2940 2065 3304 2135 quaerendam.
3354 2066 3517 2135 Atqui

1961 2158 2004 2210 si
2039 2158 2138 2210 title
2162 2158 2355 2223 dignus
2384 2169 2467 2211 est
2500 2158 2670 2221 Plato,
2709 2158 2795 2211 hic
2834 2166 2917 2212 est
2952 2159 3083 2227 ipse,
3107 2159 3198 2228 qui
3230 2159 3518 2213 victoriam

1961 2248 2063 2299 arti
2121 2263 2225 2301 non
2264 2249 2487 2304 tribuat.
2539 2247 2595 2303 Si
2630 2263 2731 2303 nec
2782 2252 2881 2304 hoc
2909 2252 3194 2320 quisquam
3238 2250 3522 2313 concedat,

1961 2354 2057 2392 cur
2087 2350 2303 2409 prOpler
2332 2341 2451 2411 ejus
2494 2343 2657 2396 verba
2702 2344 2876 2412 turpis
2917 2343 3182 2397 habeatur
3221 2343 3527 2397 rhetorica?

1962 2435 2073 2503 Ego
2107 2452 2232 2489 vero
2280 2444 2337 2489 ut
2388 2435 2531 2490 illum
2586 2436 2783 2505 ubique
2832 2436 2933 2491 fide
2977 2436 3220 2506 dignum,
3261 2436 3304 2490 si
3336 2450 3526 2505 quem-

1961 2542 2118 2594 quam
2168 2526 2478 2593 Graecorum
2528 2528 2716 2591 alium,
2760 2529 3033 2591 existimo,
3084 2528 3155 2581 ita
3194 2526 3425 2581 libenter
3457 2542 3524 2581 ex

1960 2616 2075 2680 ejus
2123 2600 2481 2669 sectatoribus
2531 2615 2859 2683 quaesierim,
2912 2631 3035 2669 num
3086 2616 3197 2670 hate
3246 2615 3318 2669 illi
3352 2614 3524 2683 magis

1960 2721 2118 2773 quam
2160 2705 2271 2768 illa,
2308 2706 2412 2758 sint
2468 2706 2757 2759 credenda.
2802 2704 2940 2771 Quin
2977 2716 3034 2759 ut
3066 2707 3301 2761 maxime
3346 2707 3416 2761 sit
3442 2708 3526 2763 vir

1959 2798 2155 2867 gravis,
2178 2797 2332 2850 nobis
2349 2799 2436 2850 dat
2469 2797 2857 2861 testimonium,
2888 2802 3127 2871 adeoque
3150 2811 3333 2854 nostro
3363 2814 3520 2855 com-

1961 2891 2117 2941 modo
2144 2890 2321 2957 gravis
2353 2898 2455 2942 est.
2500 2888 2634 2942 Nam
2684 2904 2803 2944 cum
2850 2906 2946 2947 nos
2974 2895 3189 2961 quidem
3237 2903 3291 2949 et
3336 2895 3525 2949 nobis-

1958 2993 2099 3039 cum,
2131 2988 2183 3031 et
2216 2992 2338 3030 eum
2389 2978 2479 3031 illo
2507 2980 2897 3043 consentimus,
2930 2981 3122 3053 41ιὸ
3155 2983 3243 3037 ille
3274 2998 3402 3037 vero
3427 2999 3525 3039 nec

1958 3082 2138 3120 secum
2200 3082 2298 3119 nec
2366 3067 2669 3129 nobiscum,
2714 3083 2818 3122 non
2868 3080 2975 3123 tam
3038 3072 3363 3126 contradicit
3420 3072 3522 3127 hoc

275 3160 440 3228 ἡμῶν
464 3162 656 3228 σεμνός
687 3163 852 3215 ἐστιν.
887 3164 1056 3215 Ὅταν
1088 3166 1195 3232 γάρ
1240 3167 1402 3234 ἡμεῖς
1454 3168 1551 3234 μὲν
1596 3169 1687 3219 καὶ
1722 3170 1851 3237 ἡμῖν

1887 3167 2110 3242 cpacto
2171 3159 2346 3222 nobis,
2400 3174 2559 3228 quam
2623 3176 2729 3216 non
2788 3173 2910 3213 vera
2986 3174 3044 3215 se
3093 3163 3273 3216 dicere
3298 3162 3520 3216 fatetur.

276 3252 466 3312 αὐτοῖς
486 3252 655 3304 ταύτὰ
677 3252 921 3321 λέγωμεν
946 3256 1201 3325 κάκείνῳ.
1230 3257 1433 3317 ἐκεῖνος
1460 3259 1515 3310 δὲ
1549 3258 1674 3327 μήθ’
1706 3259 1855 3327 αὐτῷ

280 3342 420 3408 μηδὲ
451 3344 606 3410 ἡμῖν,
638 3344 736 3395 οὐκ
765 3344 1031 3411 ἀντιλέγει
1076 3345 1273 3413 μᾶλλον
1295 3347 1339 3376 ⁸⁷
1372 3346 1403 3413 ἢ
1445 3350 1710 3417 μαρτυρεῖ
1736 3348 1854 3400 κατ’

278 3430 415 3481 αὐτὸ
457 3431 615 3482 τοῦτο
662 3433 734 3499 μὴ
769 3433 974 3501 τάληθῆ
1017 3435 1217 3499 λέγειν.
1248 3435 1380 3504 Περὶ
1414 3434 1459 3466 ⁸⁵
1490 3438 1545 3488 δέ
1573 3453 1634 3503 γε
1664 3436 1854 3489 τούτου

275 3520 376 3572 τοῦ
416 3522 610 3588 μέρους
645 3523 823 3576 οὐκέτ’
869 3526 931 3575 ἐκ
956 3527 1113 3591 λόγου
1141 3525 1275 3595 πρὸς
1302 3527 1561 3581 Πλάτωνα
1590 3528 1856 3594 ἀγωνιοῦ-

282 3626 407 3677 μαι,
458 3610 533 3671 ὡς
580 3610 684 3678 ἄρα
733 3612 915 3663 πολλοὶ
958 3612 1044 3665 διὰ
1102 3614 1248 3675 Θείας
1301 3616 1496 3683 μοίρας
1551 3616 1851 3687 ἐσώθησαν.

279 3700 420 3759 υὺδέ
447 3718 535 3769 μοι
570 3704 1139 3773 νεμεσήσειδήπουοεν
1180 3704 1303 3758 οὔτε
1336 3707 1591 3775 Αἰσχίνης
1622 3712 1648 3761 ὀ
1677 3710 1855 3761 Λυσα-

279 3791 397 3843 νίου
427 3792 549 3845 οὗτε
592 3792 748 3856 ἄλλος
781 3796 979 3858 οὐδεὶς,
1014 3798 1061 3848 εί
1097 3798 1263 3866 φαίην
1294 3800 1453 3861 αὐτὸς
1485 3798 1624 3867 ἔχειν
1654 3819 1857 3869 μαρτυ-

281 3888 449 3953 ρῆσαι
484 3886 680 3953 μᾶλλον
715 3891 823 3948 τοῖς
856 3890 1093 3957 ῥήμασιν
1121 3890 1151 3959 ἢ
1184 3891 1279 3958 τῆς
1316 3892 1445 3960 παρ’
1477 3894 1683 3945 ἐκείνου
1720 3897 1855 3963 πρὸς

278 3975 348 4043 δὴ
370 3976 537 4027 ταῦτα
563 3977 911 4051 προσδεῖροαι
939 3982 982 4012 ⁵⁸
1017 3984 1341 4049 μαρτυρίας.
1382 3983 1520 4036 Ἀλλ’
1548 3985 1620 4046 ὡς
1644 3985 1856 4050 ἀληθῶς

279 4066 475 4137 ὥσπερ
506 4072 553 4120 οἱ
593 4070 909 4138 θεομάντεις
942 4073 991 4124 οἱ
1042 4075 1156 4134 τοῖς
1188 4072 1295 4125 τῶν
1335 4074 1676 4142 πραγμάτων
1716 4078 1857 4128 ἐπω-

278 4160 474 4226 νύμοις
501 4162 893 4228 τετελεσμένοι,
942 4165 1071 4232 παρ’
1114 4165 1291 4216 αὐτῶν
1335 4166 1444 4218 τῶν
1484 4166 1621 4219 Θεῶν
1659 4168 1767 4237 ἔχω
1798 4169 1857 4221 τὸ

283 4251 514 4319 μάθημα
545 4268 560 4283 ’
598 4253 686 4320 ὑφ’
716 4248 788 4305 ὧν
828 4255 864 4307 ὃ.
907 4256 1096 4323 μηδεὶς
1142 4256 1339 4323 ἰατρῶν
1390 4257 1525 4324 μήτε
1565 4254 1701 4309 οἶδεν
1737 4259 1764 4310 ὅ
1804 4275 1857 4310 τι

278 4343 388 4410 χρὴ
426 4347 760 4410 προσειπεῖν,
810 4346 885 4416 μὴ
934 4348 960 4398 ὃ
1010 4364 1062 4398 τι
1096 4348 1141 4378 ⁶⁰
1189 4346 1480 4408 ἰάσασθαι,
1540 4350 1676 4417 μήτε
1720 4346 1857 4401 εἶδεν

275 4431 568 4498 ἀνθρώπου
610 4433 766 4500 φύσει
813 4436 1116 4501 συμϐάντα,
1154 4437 1341 4489 ἄλλοτε
1380 4436 1562 4500 ἄλλαις
1593 4456 1854 4509 παραμυ-

279 4522 429 4583 Θίαις
462 4539 519 4572 τε
562 4526 655 4574 καὶ
691 4527 1089 4593 συμπαρόντων
1120 4529 1181 4579 ἐκ
1213 4528 1306 4579 τοῦ
1337 4528 1472 4581 Θεοῦ
1502 4529 1777 4596 διαφεύγω
1806 4531 1847 4562 ⁸¹

277 4612 391 4676 ζῶν
427 4615 573 4681 παρὰ
597 4618 704 4668 πᾶν
737 4617 795 4669 τὸ
827 4620 889 4670 ἐκ
915 4621 1022 4670 τῶν
1052 4620 1332 4689 παρόντων
1370 4624 1535 4685 εἰκός.
1576 4625 1767 4677 Καίτοι
1805 4626 1847 4657 ⁸⁸

275 4704 475 4773 τέχνης
530 4707 629 4774 μὲν
676 4708 832 4776 ἡμῶν
878 4710 986 4763 οὐδ’
1037 4712 1212 4763 ὁτιοῦν
1244 4714 1320 4773 εἰς
1372 4714 1543 4766 ταῦτα
1598 4716 1847 4781 μέτεστιν

276 4798 457 4850 οὐδενὶ
486 4798 751 4866 δήπουθεν
780 4799 909 4870 [τῶν
937 4802 1224 4873 ίωμένων],
1257 4806 1390 4856 ἀλλά
1433 4806 1525 4857 καὶ
1556 4808 1647 4859 τοῦ
1681 4826 1846 4860 κατα-

1961 3248 2033 3300 De
2066 3248 2166 3301 hac
2204 3258 2352 3301 certe
2402 3260 2584 3316 parte,
2625 3248 2767 3317 quod
2809 3249 2959 3303 multi
3028 3250 3140 3303 sint
3204 3251 3403 3305 auxilio
3440 3251 3525 3305 di-

1958 3338 2082 3390 vino
2129 3338 2300 3391 sanati
2345 3338 2482 3407 (80),
2526 3354 2630 3393 non
2664 3340 2893 3409 amplius
2936 3356 2995 3395 ex
3036 3342 3213 3395 verbis
3250 3356 3371 3395 cum
3403 3341 3526 3394 Pla-

1960 3435 2083 3477 tone
2130 3426 2431 3492 disputabo,
2481 3442 2579 3480 nec
2630 3428 2892 3483 invidebit
2944 3431 3073 3484 mihi
3121 3433 3201 3484 vel
3234 3431 3524 3487 Aischines

1959 3514 2201 3585 Lysanize
2230 3516 2369 3571 filius
2402 3516 2538 3586 (8|),
2572 3518 2652 3572 vel
2678 3518 2813 3573 alius
2835 3520 3141 3590 quisquam,
3175 3524 3219 3577 si
3256 3525 3519 3591 meipsum

1958 3609 2137 3676 potius
2178 3608 2389 3663 illorum
2427 3608 2569 3663 dicta
2608 3610 2936 3667 confirmare
2974 3630 3150 3684 posse,
3188 3630 3349 3684 quam
3382 3617 3524 3671 illius

1959 3699 2197 3766 indigere
2236 3699 2544 3754 testimonio
2585 3702 2793 3759 dixero.
2843 3706 3050 3759 Etenim
3091 3720 3300 3769 revera,
3338 3720 3526 3772 quem-

1958 3794 2243 3848 admodum
2296 3806 2445 3851 vates
2500 3813 2680 3852 rerum
2728 3800 3142 3867 cognominibus
3190 3800 3411 3863 initiati,
3458 3801 3527 3855 ab

1959 3886 2089 3951 ipsis
2119 3887 2222 3940 diis
2254 3887 2355 3941 hoc
2385 3888 2569 3950 didici,
2611 3903 2838 3957 quorum
2877 3904 3037 3957 opera
3080 3904 3143 3943 ex
3172 3890 3238 3942 iis
3265 3906 3382 3959 qua:
3410 3907 3523 3942 me-

1960 3979 2199 4031 dicorum
2251 3979 2424 4032 nullus
2479 3993 2577 4032 nec
2626 3978 2898 4047 quomodo
2950 3980 3243 4048 appellaret
3298 3980 3524 4042 sciebat,

1961 4070 2159 4123 nedum
2203 4071 2473 4139 quomodo
2526 4080 2768 4133 sanaret,
2806 4085 2905 4124 nec
2958 4072 3010 4124 in
3054 4073 3283 4125 humana
3336 4080 3524 4124 natura

1959 4166 2231 4220 exstitisse
2294 4174 2645 4235 cognoverat,
2706 4164 2873 4219 variis
2921 4163 3003 4216 dei
3061 4163 3525 4217 consolationibus

1958 4268 2011 4313 et
2069 4257 2308 4312 consiliis
2364 4257 2601 4323 elapsus,
2654 4266 2853 4323 praeter
2903 4269 3115 4308 omnem
3171 4256 3326 4306 iidem
3382 4255 3523 4307 vivo.

1959 4349 2089 4402 Cum
2132 4354 2313 4400 autem
2348 4347 2477 4400 nihil
2512 4348 2561 4399 in
2608 4346 2691 4399 his
2722 4346 2857 4398 artis
2887 4345 3081 4398 haheat
3110 4345 3423 4411 quisquam,
3461 4359 3526 4397 ac

1960 4441 2143 4508 potius
2184 4439 2315 4492 artis
2351 4446 2690 4505 contemptus
2740 4438 2805 4489 ad
2829 4442 2955 4489 deos
2996 4435 3179 4505 fugere
3214 4448 3307 4487 eos
3346 4440 3518 4501 cogat,

1887 4510 1930 4564 Ῑ)
1963 4544 2136 4585 tamen
2189 4546 2288 4584 nec
2326 4530 2420 4591 dii,
2464 4529 2606 4596 quod
2648 4528 2883 4594 ipsorum
2922 4540 3051 4594 pace
3090 4525 3341 4587 dixerim,
3382 4524 3523 4577 hanc

1959 4623 2279 4678 sententiam
2316 4629 2554 4676 nostram
2585 4618 2863 4686 rejieiunt,
2901 4632 2997 4670 nec
3023 4615 3219 4669 multos
3241 4630 3305 4669 ex
3339 4615 3401 4669 iis
3430 4615 3518 4675 qui

1956 4714 2195 4767 divinum
2240 4710 2495 4763 auxilium
2535 4710 2634 4761 arti
2679 4708 3052 4775 praetulerunt,
3108 4705 3376 4775 paenituit.
3411 4703 3519 4757 Nec

1958 4815 2096 4859 vetat
2146 4802 2437 4872 quidquam
2490 4801 2781 4869 quominus
2819 4800 3072 4851 horreant
3102 4798 3261 4850 etiam
3300 4796 3516 4859 medici,

1560 4960 1794 5014 νΑιιιΑς
1826 4959 2228 5016 LECTIONES.

353 5065 395 5141 ξ’
432 5065 729 5141 τςολλᾷξῌ-
784 5071 1079 5141 σωφρονεῖν
1132 5085 1242 5124 om.
1290 5073 1353 5123 Α.
1417 5073 1659 5141 leguntur
1704 5092 1756 5141 p.
1820 5076 1907 5129 9-1.

276 5136 321 5166 δ’
355 5136 467 5202 ἐρεῖ
491 5165 557 5173 -
588 5136 831 5203 βέλτιστα
866 5136 973 5191 om.
1013 5140 1073 5191 A.
1186 5142 1228 5170 “
1258 5143 1351 5192 σὺν
1381 5136 1500 5194 add.
1530 5146 1587 5197 Β.

275 5222 390 5257 mn.
426 5207 488 5257 Α.
568 5206 610 5236 ⁸⁸
634 5206 747 5257 ἀλλ’
782 5208 925 5257 ἔστιν
956 5210 1028 5257 (n.
1054 5208 1165 5257 97).
1205 5212 1247 5241 ‘7
1278 5212 1471 5257 τένντπν
1499 5214 1587 5257 tm

274 5276 569 5353 ξιορίζεται
602 5277 663 5353 το
686 5277 1011 5353 μὴῇδεῖνίὲπὶ
1034 5276 1440 5353 τῶνμεγίστὶον
1464 5276 1654 5353 τέχνην
1681 5276 1863 5353 ζητεῖν
1904 5287 1963 5337 Α.

1048 5350 1234 5431 "395:
1251 5345 1306 5431 ;A
1330 5370 1340 5401 :
1368 5352 1427 5402 τὸ
1456 5345 1763 5431 ἀξιοπιστ-ον
1791 5345 1857 5424 ἦν
1880 5355 1943 5407 ἂν
1968 5352 2118 5431 οὺλδιὲν
2143 5368 2201 5413 ς.
2264 5345 2609 5431 τξρυγχςιέρῇ
2781 5347 2965 5431 ’ξιτεῖιξ
2994 5347 3205 5431 Titi-“A-
3255 5348 3327 5431 n”
3358 5348 3513 5430 ἑλλη-

276 5346 325 5375 ”
479 5346 663 5414 τέχνηΙ
718 5348 851 5415 αὐτῇ
882 5351 944 5399 Α.

588 5141 831 5203 βέλτιστα
866 5154 973 5191 om.
1013 5141 1073 5191 A.
1186 5142 1228 5170 “
1258 5143 1351 5192 σὺν
1381 5146 1500 5194 add.
1530 5146 1587 5197 Β.
1690 5147 1734 5176 ⁵³
1767 5147 1813 5197 εἰ
1845 5141 2043 5205 τοίνυν]
2090 5158 2141 5208 p.
2178 5142 2247 5195 26
2272 5149 2410 5193 extr.
2524 5141 2569 5169 “
2606 5141 2712 5190 πᾶν
2749 5141 2835 5204 γε]
2870 5154 2931 5203 γε
2965 5141 3070 5189 πᾶν
3098 5141 3160 5189 Α.
3264 5141 3307 5169 ⁵⁵
3332 5141 3514 5201 ἁπλῶς

568 5206 610 5236 ⁸⁸
634 5206 747 5282 ᾁλλῗ
782 5208 935 5282 ξσῖι-ν-
956 5210 1028 5282 (ρ.
1054 5208 1165 5282 27).
1205 5212 1247 5241 ⁸⁷
1278 5212 1471 5282 τέχνην
1499 5214 1700 5282 ζητεῖν]
1733 5216 2113 5266 ὃτι-Πλάτων
2143 5212 2313 5282 αὐτὴν
2335 5210 2393 5282 οῦ
2423 5209 2617 5282 τέχνην
2645 5209 2869 5282 νομίζει·
2892 5207 3067 5282 καίτοι
3100 5207 3259 5282 αὐτὸς
3291 5209 3515 5282 Πλάτων

2013 5074 2056 5142 '7’
2114 5068 2235 5142 εἴτ’]
2294 5086 2347 5139 p.
2396 5070 2485 5124 23.

2592 5069 2637 5100 ⁵⁸
2668 5068 2815 5120 ὥσπε

2592 5086 2636 5100 ’-
2668 5086 2815 5120 ωσπε

2524 5140 2569 5169 ⁸⁸
2606 5140 2712 5190 πᾶν
2749 5086 2853 5204 γεῨ

2902 5070 2948 5119 οἱ
3005 5070 3229 5137 ῥήτορες
3275 5084 3385 5122 om.
3448 5071 3510 5123 Α.

2870 5154 2931 5203 γε
2965 5140 3070 5189 πᾶν
3098 5140 3160 5189 Α.
3264 5138 3307 5169 ⁸⁵
3332 5139 3514 5201 ἁπλῶς

2066 5282 2108 5311 ⁸⁸
2138 5282 2230 5332 καὶ
2260 5270 2388 5347 μὴν]
2425 5270 2595 5343 νίέίῖ.
2656 5346 2663 5347 7
2703 5270 2746 5307 δ’
2774 5279 2933 5337 αὐτός
2968 5276 3006 5327 Α
3033 5293 3045 5328 :
3082 5270 3232 5337 οὗτος
3258 5280 3419 5338 αὐτὸς
3451 5295 3511 5339 ς’.

273 5414 445 5505 νικῶν
480 5416 541 5499 Α;
615 5417 658 5446 ⁸⁸
693 5417 1003 5505 πότερρνδΑ.
1083 5420 1127 5501 ξ’
1157 5421 1425 5505 ἐκεῖνα-ἴς.
1458 5491 1468 5503 Ι
1505 5414 1908 5505 ³⁷,ὰντι)..,ήμίν
1944 5421 2141 5500 μᾶλλρν
2170 5436 2233 5502 ς.
2259 5488 2276 5505 ς
2301 5418 2360 5505 ’⁵⁸
2393 5414 2752 5505 τιερἒλρζζιί.1
2800 5416 2855 5505 1’
2889 5414 3089 5505 δεῖσίξαι
3122 5416 3180 5470 Β.
3333 5416 3404 5500 μη
3432 5414 3510 5505 ὅτι

273 5485 357 5538 A:
388 5485 485 5552 οὐχ
511 5486 654 5549 ὅπως
691 5504 747 5549 ς.

277 5572 334 5621 μ.
368 5552 455 5607 32.

834 5488 874 5517 ⁶²
910 5488 1185 5555 διαφεύγω
1220 5490 1351 5557 ξῶν]
1373 5482 1643 5559 ἐρεύγιιῖΑ,
1682 5495 1773 5561 qui
1799 5482 1861 5547 'i'n
1896 5482 2001 5563 tn'g.
2033 5490 2140 5545 τῶν
2166 5482 2475 5557 ὲπιλήπτων
2501 5482 2605 5555 γάρ
2631 5482 2698 5555 ἦν
2732 5487 2759 5537 ὁ
2800 5484 3149 5555 Ἀριστείδης.

3245 5487 3286 5517 θ’
3314 5484 3508 5556 καίτοι]

1818 5652 2004 5709 ΟΤᾸΞ.

1818 5654 1860 5707 Ο
1912 5654 2004 5709 ΑΞ.

503 5736 804 5815 _}_Esrhines
852 5720 1095 5815 Lysauire
1139 5743 1279 5797 filius
1329 5744 1655 5801 Socraticus.
1715 5654 1845 5801 “Idle
1866 5654 2047 5815 :ttpra
2087 5745 2134 5799 in
2169 5743 2472 5812 Phrynicho
2501 5752 2553 5797 et
2580 5740 2873 5795 Lacrtium.

360 5803 470 5876 (8|)
502 5807 810 5875 Elapsorum
840 5803 956 5864 erat
988 5814 1050 5866 dc
1080 5829 1303 5868 numero
1341 5818 1623 5870 Aristides.
