4216 6430
763 381 897 443 1499
1915 374 2185 433 ΡῙΙΟἹῚΙ

2274 371 2776 433 PATRIARCH/E
2810 371 2916 430 (ΣΡ.

3877 368 4009 433 1500

756 492 952 543 riorem
1000 485 1251 547 fateatur,
1295 493 1454 551 atque
1484 482 1551 535 oh
1598 482 1649 535 id
1693 482 1865 550 ipsum
1897 483 2156 543 laudetur,
2191 495 2329 548 prm-

2433 480 2629 531 ἇτοπον
2683 480 2772 530 τόν
2807 495 2869 544 γε
2907 474 3067 529 αὑτὸν
3095 475 3137 505 ³⁷
3187 474 3573 543 ὡμολογηκότα
3626 470 3765 526 εἶναι
3813 476 4007 543 χείρω,

756 577 1074 632 stantiorem
1131 575 1328 627 dicere.
1379 572 1621 624 Alienum
1674 585 1702 623 a
1752 572 1955 625 ratione
2001 571 2158 634 foret,
2193 573 2235 621 si
2270 586 2335 624 ne

758 671 858 723 hoc
887 666 1103 734 quidem
1159 663 1742 725 anin'tadverteremus,
1780 678 1884 715 non
1931 664 2088 715 modo
2117 674 2335 716 naturas

758 761 907 813 initio
974 767 1117 808 artes
1182 756 1551 815 constituisse,
1601 754 1694 807 sed
1738 764 1791 807 et
1831 754 1883 805 iu
1943 754 2072 821 ipsis
2125 755 2333 805 artibus

753 865 866 911 eos,
918 849 1005 916 qui
1062 856 1251 898 natura
1303 845 1561 906 valerent,
1627 844 1966 897 excellnisse.
2018 842 2149 894 Nam
2197 842 2331 895 artis

754 942 967 1009 quidem
1022 954 1181 992 causa
1237 936 1443 988 similes
1492 936 1777 1002 oportebat
1818 949 2006 987 omnes
2042 948 2182 997 esse,
2239 933 2328 1001 qui

754 1030 935 1083 eadem
974 1028 1304 1086 didicissent,
1365 1034 1527 1091 atque
1573 1027 1733 1077 etiam
1773 1025 2103 1092 posteriores
2134 1024 2329 1090 priori-

758 1124 855 1174 hus
890 1136 1101 1188 semper
1145 1120 1458 1179 deteriores,
1496 1117 1664 1170 donec
1714 1118 1779 1169 ad
1829 1117 1963 1169 artis
2005 1115 2326 1169 solutionem

753 1220 890 1261 esset
926 1216 1140 1259 ventum
1204 1207 1324 1272 (nec
1359 1206 1503 1257 enim
1542 1215 1752 1270 poterat
1778 1208 1896 1271 quis
1930 1205 1997 1257 ab
2032 1206 2136 1257 alio
2166 1218 2327 1256 accu-

754 1307 867 1349 rate
901 1297 1175 1363 percipere
1222 1296 1427 1358 omnia,
1466 1295 1594 1362 quin
1642 1295 1844 1362 aliquid
1880 1309 2093 1362 semper
2122 1293 2325 1361 etl'ngc-

753 1387 876 1457 ret),
920 1398 1129 1441 natura:
1180 1398 1357 1439 autem
1390 1388 1437 1437 vi
1486 1396 1537 1439 et
1580 1386 1899 1440 excellentia
1939 1387 2161 1456 gloriam
2219 1387 2322 1440 sibi

755 1481 850 1532 viri
903 1478 1298 1545 prreclarissimi
1345 1488 1689 1544 pepererunt.
1745 1478 1852 1531 Nec
1905 1482 2187 1545 quisquam
2242 1481 2322 1532 vel

754 1568 1022 1621 Daedalum
1058 1569 1139 1620 vel
1162 1569 1467 1635 Superiores
1491 1583 1598 1634 prae
1630 1568 1817 1620 Phidia
1847 1570 2095 1631 miratur,
2131 1584 2320 1621 verum

752 1669 939 1711 contra
980 1670 1125 1710 artes
1152 1675 1213 1713 ex
1260 1658 1439 1725 parvis
1469 1668 1521 1709 ct
1552 1659 1745 1712 vilibus
1791 1660 1959 1711 initiis
1992 1659 2224 1723 majores
2259 1674 2321 1713 ac

752 1750 1102 1818 perfeetiores
1132 1760 1254 1801 sunt
1280 1749 1523 1802 redditae.
1569 1748 1717 1813 Quod
1764 1751 1807 1802 si
1842 1761 1923 1802 est
1953 1750 2318 1811 manifestum,

753 1844 878 1895 licet
905 1857 1045 1895 nunc
1072 1841 1302 1907 primum
1339 1841 1543 1893 dictum
1576 1842 1667 1903 sit,
1697 1842 1915 1891 maximi
1944 1841 2181 1892 artiﬁces
2215 1854 2319 1892 non
2357 1825 2395 1875 Β

752 1944 1022 2000 quatenus
1053 1943 1197 1985 artes
1223 1942 1613 1997 cognoverunt,
1650 1932 1871 1983 maximi
1910 1931 2192 1990 exstitere,
2225 1932 2319 1982 sed

753 2034 1016 2091 quatenus
1050 2037 1142 2075 eas
1185 2032 1532 2088 superarunt.
1571 2021 1662 2073 liis
1698 2022 1863 2091 igitur
1893 2020 2119 2081 artibus,
2149 2027 2324 2085 utpar

752 2123 854 2176 est,
896 2129 1000 2166 non
1054 2128 1263 2181 aequum
1301 2113 1514 2164 videtur
1564 2122 1733 2165 artem
1773 2122 1979 2163 natura:
2026 2111 2263 2178 praeponi
2304 2126 2316 2160 :

754 2220 857 2257 non
885 2220 1011 2273 ergo
1040 2215 1164 2258 ante
1208 2204 1345 2257 hanc
1375 2203 1498 2266 fuit,
1530 2218 1701 2271 neque
1730 2219 1793 2259 eo
1826 2219 1933 2272 quo
1969 2216 2113 2256 nunc
2139 2205 2320 2265 modo,

754 2311 929 2361 neque
963 2295 1185 2365 gloriata
1212 2305 1314 2347 est.

822 2388 1043 2449 Verum,
1082 2395 1137 2438 ut
1161 2398 1304 2453 puto,
1349 2401 1451 2439 non
1488 2394 1630 2439 artes
1673 2388 1962 2441 sustulisse
2012 2389 2162 2440 viros
2198 2402 2321 2438 ma-

752 2490 907 2543 gnos,
968 2475 1059 2527 sed
1092 2477 1179 2541 qui
1222 2474 1458 2541 potentia
1496 2474 1652 2539 primi
1705 2484 1886 2526 essent
1945 2474 2318 2539 honorabiles,

755 2576 899 2618 artes
925 2565 1137 2627 feciSse,
1187 2581 1287 2616 non
1324 2575 1603 2617 manentes
1652 2580 1677 2615 a
1720 2566 1916 2633 quibus
1958 2566 2317 2633 accepissent,

695 2708 703 2715 ,
728 2666 938 2713 verum
968 2652 1205 2718 inspecta
1223 2651 1530 2713 verborum,
1554 2650 1642 2701 alii
1672 2666 1853 2702 rerum
1887 2661 2099 2713 natura,
2126 2667 2323 2717 pueros

753 2758 865 2811 prae
898 2757 954 2795 se
981 2742 1214 2811 majores
1258 2740 1503 2795 fecerunt
1550 2742 1744 2793 videri.
1789 2741 1894 2794 Sed
1930 2753 2071 2796 artes
2108 2760 2319 2806 omnes,

755 2842 813 2885 ut
849 2833 982 2896 dixi,
1036 2844 1239 2885 naturae
1292 2844 1418 2885 sunt
1462 2834 1761 2884 inventum.
1820 2832 2031 2884 Etenim
2082 2835 2127 2886 si
2174 2844 2322 2889 artes

754 2932 935 2975 essent
970 2932 1115 2975 artes
1170 2923 1530 2987 productum,
1563 2922 1769 2973 nullum
1815 2932 2055 2975 exstaret
2110 2926 2321 2990 princi-

754 3012 924 3079 pium.
960 3012 1091 3063 Cum
1148 3012 1293 3064 enim
1351 3013 1589 3064 nondum
1630 3023 1814 3066 essent
1868 3023 2035 3077 artes,
2091 3014 2315 3081 reperiri

755 3119 861 3157 non
893 3112 1200 3170 pctuerunt,
1249 3102 1691 3170 quandoquidem
1736 3119 1856 3171 qua:
1896 3120 2000 3157 non
2058 3114 2197 3165 erat,
2238 3104 2320 3155 in-

756 3195 943 3246 venire
975 3196 1110 3246 nihil
1142 3202 1374 3262 poterat.
1421 3192 1780 3257 Quamobrem
1832 3207 1941 3245 tum
1977 3196 2315 3246 inventorum

754 3284 981 3346 ratione,
1017 3294 1127 3335 tum
1155 3284 1493 3351 sequentium
1521 3285 1798 3336 victoriam
1836 3294 2073 3351 reportat
2102 3293 2315 3337 natura.

755 3375 865 3429 llac
897 3376 1057 3440 igitur
1078 3390 1293 3444 quoque
1334 3376 1547 3429 ratione
1572 3384 1799 3444 apparet
1824 3385 2073 3427 naturam
2099 3376 2317 3443 quidem

754 3467 1034 3535 principis,
1071 3478 1242 3519 artem
1293 3481 1424 3520 vero
1465 3467 1753 3534 disciplina
1794 3478 2160 3529 constantem,
2214 3468 2319 3520 mi-

757 3559 912 3611 nistri
955 3575 1017 3611 ac
1047 3560 1286 3612 melioris
1324 3559 1586 3626 parentis,
1616 3559 1863 3613 obtinere
1901 3561 2100 3611 locum.
2136 3559 2316 3628 Atque

753 3664 815 3702 ea
848 3651 1089 3716 quidem,
1132 3664 1248 3716 quae
1283 3664 1378 3717 pro
1405 3650 1696 3713 rhetorica,
1757 3652 1969 3703 etiamsi
1995 3661 2169 3703 artem
2211 3667 2313 3704 non

754 3755 875 3793 esse
901 3755 1017 3791 eam
1058 3739 1417 3807 posuerimus,
1451 3738 1643 3809 4136
1692 3740 1796 3793 dici
1850 3750 2089 3809 possent,
2135 3741 2320 3795 multis

754 3831 990 3895 omissis,
1026 3831 1139 3883 hzcc
1175 3830 1286 3883 fere
1319 3840 1446 3883 sunt
1476 3844 1539 3883 ac
1568 3831 1716 3884 talia.
1756 3831 1854 3885 His
1892 3840 2071 3884 autem
2110 3834 2180 3885 ita
2214 3834 2310 3887 de-

756 3922 1091 3984 monstratis,
1155 3920 1491 3975 existimabit
1549 3920 1773 3975 forsitan
1837 3922 2037 3991 aliquis
2076 3924 2314 3992 pejorem

756 4028 853 4066 nos
882 4014 1136 4079 deinceps
1171 4022 1377 4079 partem
1412 4014 1632 4075 sectari,
1664 4014 1707 4067 si
1765 4015 1931 4066 etiam
1992 4027 2163 4069 artem
2196 4031 2318 4070 esse

755 4105 1087 4158 voluerimus
1138 4104 1354 4157 docere.
1410 4102 1520 4169 Ego
1552 4118 1678 4157 vero
1730 4121 1827 4159 nec
1856 4107 1923 4160 de
1978 4110 2305 4174 supradictis

752 4196 1048 4265 quidquam
1078 4207 1247 4259 muto,
1292 4209 1389 4247 nec
1416 4193 1625 4247 Platoni
1658 4202 1916 4264 concedo,
1962 4202 2092 4253 nihil
2120 4202 2321 4255 habere

754 4289 888 4339 artis
926 4289 1272 4351 rhetoricam,
1319 4288 1413 4339 sed
1445 4297 1702 4353 quantum
1740 4294 1788 4340 iu
1828 4306 1887 4342 ea
1945 4293 2077 4343 artis
2116 4304 2197 4344 est
2239 4294 2321 4359 (ut

749 4374 915 4439 ipsius
946 4384 1062 4425 utar
1091 4372 1327 4425 Platonis
1363 4371 1583 4435 verbis),
1621 4374 1953 4425 tantumdem
2000 4388 2317 4440 prosequar.

2435 568 2621 620 τοῦτον
2649 567 2855 635 ἀμείνω
2896 566 3082 617 καλεῖν
3112 563 3180 628 ³⁸,
3214 566 3310 615 καὶ
3336 565 3507 617 ταῦτα
3535 567 3577 596 ’³
3605 566 3669 616 δι’
3699 565 3835 615 αὑτὸ
3862 566 4007 616 τοῦτ’

2432 659 2845 727 ἐπαινούμενον,
2889 659 2971 709 ὅτι
3010 655 3360 724 ὡμολόγηκεν
3415 650 3495 715 οἷς
3536 655 3768 724 ἐζήτησε
3814 657 4007 724 μαθεῖν

2432 754 2631 821 χείρων
2656 747 2813 801 εἶναι.
2863 751 3094 801 ’Δτοπον
3126 748 3182 799 δὲ
3212 748 3255 777 ³⁸
3294 749 3386 799 καὶ
3417 749 3456 778 ³¹
3491 747 3611 817 μηδ’
3643 750 3822 800 ἐκεῖνο
3852 750 4007 817 όρᾷν,

2430 844 2513 893 ὅτι
2540 844 2598 893 οὑ
2636 843 2791 908 μόνον
2823 841 2881 903 ἐξ
2910 841 3084 910 ἀρχῆς
3109 840 3165 892 αί
3190 842 3379 907 φύσεις
3407 841 3503 902 τὰς
3526 841 3721 909 τέχνας
3746 844 4007 908 συνεστή-

2432 950 2591 985 σαντο
2629 934 2696 995 ³³,
2742 932 2877 983 ἀλλὰ
2911 935 3002 983 καὶ
3053 932 3182 1001 περὶ
3228 931 3396 992 αὑτάς
3439 932 3536 992 τὰς
3583 932 3777 998 τέχνας
3839 934 3888 983 οί
3942 936 4003 999 τῇ

2430 1024 2586 1090 φύσει
2643 1024 2967 1088 νικήσαντες
3036 1021 3425 1090 διενηνόχασιν.
3481 1022 3683 1074 Ἕνεκα
3744 1023 3846 1091 μὲν
3900 1024 4005 1090 γάρ

2428 1116 2525 1179 τῆς
2560 1112 2751 1180 τέχνης
2811 1114 3019 1173 πάντας
3065 1112 3171 1164 ἔδει
3227 1112 3636 1181 παραπλησίους
3681 1108 3825 1164 εἶναι
3884 1114 4005 1173 τοὺς

2430 1203 2594 1264 αὑτὰς
2629 1202 2895 1270 μαθόντας
2925 1202 2991 1267 ³³,
3021 1198 3175 1268 οἶμαι
3207 1202 3263 1253 δὲ
3301 1203 3395 1253 καὶ
3428 1204 3640 1271 χείρους
3659 1204 3787 1264 τοὺς
3825 1203 4005 1254 δευτέ-

2432 1308 2555 1359 ρους
2594 1292 2679 1341 άεὶ
2708 1289 2816 1341 τῶν
2858 1290 3161 1359 προτέρων,
3199 1291 3302 1351 ἓως
3325 1294 3405 1351 είς
3434 1290 3492 1341 τὸ
3518 1290 3745 1357 λυθῆναι
3768 1290 3873 1357 τὴν
3923 1292 4007 1341 τέο

2429 1401 2560 1454 χνην
2588 1384 2817 1452 ἀφίκετο
2846 1400 2858 1413 ·
2888 1384 2948 1435 οὑ
2990 1383 3097 1450 γάρ
3135 1383 3200 1433 ἂν
3221 1377 3287 1449 ἦν
3328 1382 3504 1434 πάντα
3534 1381 3719 1435 λαϐεῖν
3763 1381 4007 1449 ἀκριϐῶς

2428 1478 2556 1547 παρ’
2586 1477 2773 1544 ἐτέρου
2807 1474 3173 1542 λαμϐάνοντα,
3223 1473 3337 1525 ἀλλ’
3380 1474 3485 1525 ἔδει
3515 1474 3805 1539 διαφυγεῖν
3843 1475 3889 1503 ³⁸
3923 1473 4005 1524 ἀεί

2424 1588 2495 1621 τι.
2541 1569 2727 1638 Ῥώμῃ
2751 1568 2825 1631 δὲ,
2853 1564 3021 1633 οἶμαι,
3051 1568 3263 1634 φύσεως
3294 1568 3386 1619 καὶ
3412 1570 3694 1636 περιουσίᾳ
3722 1568 3823 1635 τὴν
3854 1566 4008 1628 δόξαν

2426 1663 2471 1711 οἱ
2503 1662 2875 1729 κρατήσαντες
2916 1658 3172 1726 εἰλήφασι
3202 1674 3216 1688 ο
3268 1659 3360 1709 καὶ
3394 1658 3569 1717 οὐδεὶς
3613 1658 3705 1708 τὸν
3749 1657 4009 1708 Δαίδαλον

2425 1752 2543 1804 οὐδὲ
2576 1754 2700 1811 τοὺς
2730 1750 2842 1800 ἄνω
2885 1749 3156 1816 θαυμάζει
3189 1749 3337 1815 παρὰ
3374 1749 3462 1799 τὸν
3502 1749 3547 1778 ³⁵
3595 1747 3833 1806 Φειδίαν,
3877 1748 4010 1799 ἀλλὰ

2424 1843 2730 1894 τούναντίον
2763 1843 2825 1891 ἐκ
2872 1839 3081 1908 μικρῶν
3112 1840 3204 1890 καὶ
3233 1838 3451 1904 φαύλων
3487 1838 3546 1890 τὸ
3573 1838 3691 1889 κατ’
3723 1838 3906 1905 ἀρχάς
3935 1841 4011 1900 εἰς

2422 1930 2483 1981 τὸ
2527 1930 2708 1997 μεῖζον
2751 1932 2841 1980 καὶ
2886 1928 3218 1995 τελειότερον
3265 1928 3309 1958 ³⁸
3338 1930 3392 1979 at
3424 1929 3606 1996 τέχναι
3641 1931 4007 1996 κατέστησαν.

2426 2020 2553 2091 [675
2586 2019 2673 2089 IL]
2708 2022 2903 2082 Αὑταῖς
2940 2020 2983 2051 ³⁷
3008 2021 3207 2080 τοίνυν,
3252 2019 3325 2081 ὡς
3352 2020 3515 2081 ἔοικε,
3544 2022 3662 2078 ταῖς
3700 2020 3922 2087 τέχναις
3951 2021 4011 2071 οὑ

2425 2112 2732 2163 λυσιτελοῦν
2767 2112 3013 2177 φαίνεται
3053 2113 3152 2180 τὴν
3178 2113 3373 2181 τέχνην
3400 2113 3505 2180 πρὸ
3539 2111 3641 2173 ’τῆς
3667 2112 3887 2178 φύσεως
3929 2130 4013 2163 τε-

2424 2203 2711 2271 τιμῆσθαι.
2769 2203 2980 2255 Οὑκοῦν
3017 2202 3301 2271 προελθεῖν
3348 2204 3401 2269 γ’
3436 2201 3500 2254 ἂν
3551 2206 3740 2264 αὑταῖς
3778 2197 3849 2273 ἦν
3892 2204 4012 2255 οὐδὲ

2424 2298 2606 2361 τυχεῖν
2640 2294 2731 2345 τοῦ
2760 2293 2854 2345 νῦν
2882 2295 3158 2362 σχήματος
3189 2293 3308 2345 οὑδὲ
3338 2292 3719 2360 σεμνύνεσθαι.

2509 2382 2644 2433 Ἀλλ’
2670 2378 2843 2448 οἶμαι,
2901 2383 2997 2451 οὑχ
3025 2383 3081 2434 αἱ
3126 2382 3309 2451 τέχναι
3334 2384 3459 2444 τοὺς
3500 2383 3698 2452 ἄνδρας
3730 2378 3879 2453 ἦραν
3914 2402 4010 2452 μεο

2430 2474 2855 2539 γάλους,ἁλλόί
2906 2477 2972 2542 τῇ
3020 2474 3249 2542 δυνάμει
3298 2476 3714 2543 πρωτεύσαντες
3751 2478 4007 2543 ἐντίμους

2426 2565 2523 2626 τάς
2549 2565 2743 2631 τέχνας
2772 2565 3054 2631 ἐποίησαν,
3107 2566 3167 2616 οὐ
3212 2565 3492 2632 μείναντες
3528 2566 3612 2631 ἐφ’
3648 2558 3722 2616 ὦν
3766 2566 4007 2635 παρέλα-

2428 2656 2539 2707 ϐον.
2577 2657 2637 2707 Εἰ
2670 2657 2725 2707 δὲ
2794 2655 2939 2707 τοῦθ’
2977 2656 3181 2708 ἅπασιν
3241 2654 3483 2723 εὑδηλον,
3532 2658 3579 2707 εί
3637 2658 3731 2707 καὶ
3764 2660 3841 2725 μὴ
3875 2659 4007 2726 πρό-

2427 2762 2603 2813 τερον,
2640 2745 2773 2797 ἀλλὰ
2803 2745 2897 2796 νῦν
2948 2762 3011 2811 γε
3066 2746 3375 2814 εἰρημένον,
3429 2748 3478 2797 ot
3532 2748 3776 2815 μέγιστοι
3821 2749 3931 2799 τῶν
3952 2752 4009 2799 ἐν

2424 2841 2542 2900 ταῖς
2565 2839 2779 2906 τέχναις
2806 2837 3033 2905 οὑχ³⁸ο³⁹
3063 2830 3105 2901 ᾧ
3125 2839 3495 2906 μετεσχήκασι
3512 2839 3612 2905 τῆς
3639 2840 3835 2906 τέχνης
3855 2840 4011 2906 μέγι-

2429 2947 2542 2982 στοι
2569 2931 2874 2995 γεγόνασιν,
2908 2929 3021 2979 ἀλλ’
3048 2923 3092 2995 ᾧ
3114 2929 3212 2997 τὴν
3235 2929 3432 2997 τέχνην
3460 2930 3909 2998 παρεληλύθασιν
3940 2932 4007 2981 ⁸⁸,

2439 3022 2577 3072 Ἀλλ’
2610 3022 2653 3050 ⁸³
2714 3020 3003 3079 ἐνδιδόντες
3034 3022 3098 3088 τῇ
3155 3018 3315 3086 φύσει
3352 3020 3463 3072 τῶν
3494 3020 3687 3087 λόγων,
3727 3021 3777 3070 οἱ
3810 3020 3868 3071 δὲ
3901 3019 4010 3071 τῶν

2426 3112 2787 3180 πραγμάτιον,
2830 3112 3027 3171 παῖδας
3067 3114 3191 3171 τοὺς
3232 3112 3339 3180 πρὸ
3384 3112 3562 3163 αὑτῶν
3604 3110 3857 3182 [δυνάμει
3909 3113 4013 3178 φιλ-

2430 3220 2564 3263 σεως
2601 3200 2667 3271 δ’]
2699 3201 3008 3262 ἀπέδειξαν.
3042 3200 3201 3252 Ἀλλά
3230 3202 3274 3231 ⁸³
3294 3202 3471 3263 πάσας
3492 3202 3586 3263 τὰς
3620 3204 3839 3270 τέχνας,
3873 3203 4011 3269 ὅπερ

2427 3289 2599 3354 εἷπον,
2646 3291 2863 3359 ἡφύσις
2894 3286 3070 3361 εὗρεν.
3111 3293 3171 3343 Et
3204 3293 3311 3361 γὰρ
3356 3295 3409 3344 αἱ
3461 3294 3643 3360 τέχναι
3685 3294 3783 3353 τὰς
3814 3294 4011 3361 τέχνας

2428 3383 2649 3451 ἔμελλον
2706 3384 2978 3451 εὑρήσειν,
3020 3384 3118 3433 οὑκ
3148 3382 3213 3434 ἂν
3242 3380 3310 3449 ἦν
3354 3384 3537 3435 λαϐεῖν
3570 3386 3667 3451 τὴν
3703 3385 3903 3451 ἀρχήν.
3935 3386 4008 3435 Ού

2426 3475 2533 3541 γάρ
2563 3491 2649 3524 πω
2678 3473 2879 3539 τεχνῶν
2908 3472 3078 3524 οὑσῶν
3106 3473 3205 3524 οὑκ
3262 3472 3328 3523 ἂν
3361 3468 3428 3541 ἦν
3454 3475 3650 3541 τέχνην
3685 3475 3869 3541 εὑρεῖν
3891 3490 3902 3504 ·
3941 3477 4006 3541 τῇ

2427 3567 2533 3632 γὰρ
2591 3566 2636 3594 ⁸⁵
2698 3564 2772 3632 μὴ
2833 3563 2963 3632 οὖση
3025 3562 3139 3623 πῶς
3181 3564 3306 3630 ἐνῆν
3350 3565 3530 3631 εὑρεῖν
3560 3565 3639 3626 δ⁵;
3674 3564 3888 3615 Οὐκοῦν
3916 3567 4008 3615 καὶ

2427 3656 2564 3707 κατὰ
2590 3655 2715 3714 τοὺς
2746 3654 3003 3719 εὑρόντας
3057 3653 3156 3715 τὰς
3208 3654 3403 3719 τέχνας
3438 3655 3495 3717 ἐξ
3532 3655 3705 3721 ἀρχῆς
3739 3656 3833 3705 xat
3871 3656 4009 3706 κατὰ

2426 3746 2547 3805 τοὺς
2600 3743 2962 3811 ὑπερέχοντας
3007 3746 3065 3795 ὲν
3131 3744 3321 3804 αὑταῖς
3344 3743 3390 3773 ⁸⁸
3432 3746 3464 3810 ή
3507 3743 3663 3810 φύσις
3696 3746 3845 3812 νικᾷ,
3880 3746 4008 3795 qui-

2428 3851 2575 3885 νεται
2610 3834 2652 3863 ⁵⁷
2682 3834 2861 3885 τοίνυν
2910 3835 3003 3886 καὶ
3046 3834 3186 3885 κατα
3232 3834 3417 3886 τοῦτον
3446 3836 3488 3866 ⁸⁸
3515 3836 3602 3885 τὸν
3642 3835 3801 3901 λόγον
3844 3840 3875 3904 ή
3915 3837 4011 3903 μὲν

2428 3924 2589 3991 φύσις
2614 3923 2871 3991 ἄρχοντος
2911 3924 3093 3994 χώραν
3121 3926 3164 3956 ⁸³
3199 3924 3418 3992 ἔχουσα,
3457 3928 3486 3992 ἡ
3526 3926 3667 3977 δὲέκ
3690 3926 3786 3976 τοῦ
3816 3925 4011 3993 μαθεῖν

2428 4016 2588 4083 τέχνη
2648 4014 2896 4067 διακόνου
2943 4016 3035 4068 καὶ
3084 4016 3406 4082 πειθομένου
3466 4015 3543 4083 τῷ
3603 4016 3901 4083 κρείττονι.
3944 4017 4009 4068 Ἀ

2430 4107 2525 4174 μὲν
2556 4106 2600 4136 ⁸⁸
2630 4104 2743 4167 οὖν,
2782 4105 2828 4154 εἰ
2851 4104 2943 4154 καὶ
2978 4104 3049 4171 μὴ
3075 4104 3271 4171 τέχνην
3305 4098 3443 4156 εἶναι
3470 4104 3694 4172 δοίημεν
3720 4104 3819 4169 τὴν
3850 4106 4008 4171 ρητοο

2430 4196 2607 4264 ρικὴν,
2634 4194 2743 4261 ἔχοι
2778 4195 2820 4225 ⁸³
2860 4211 2941 4253 τις
2964 4193 3027 4244 ἂν
3059 4193 3235 4257 λέγειν
3270 4194 3408 4262 ὑπὲρ
3454 4194 3643 4260 αὐτῆς,
3680 4192 3857 4243 πολλὰ
3884 4196 4010 4257 αφε-

2430 4285 2570 4335 λόντι
2592 4284 2699 4334 τῶν
2730 4282 2986 4334 ἐπιόντων
3009 4281 3246 4333 τοσαῦτα
3272 4284 3363 4332 καὶ
3396 4282 3621 4332 τοιαῦτά
3650 4284 3825 4333 ἐστιν,
3853 4283 4010 4339 Ἴσως

2428 4376 2485 4426 δέ
2519 4376 2562 4405 ⁸³
2584 4392 2665 4431 τις
2699 4374 2962 4439 οἰήσεται,
2995 4369 3197 4421 τούτοιν
3220 4370 3389 4430 οὕτως
3427 4370 3919 4437 ἀποδεδειγμένων,
3953 4368 4011 4417 τὸ

748 4466 827 4517 An
864 4480 993 4518 vero
1043 4468 1318 4521 contraria
1360 4485 1464 4522 non
1503 4478 1651 4527 sunt,
1680 4466 1722 4517 si
1773 4473 1827 4517 et
1867 4465 2149 4517 intendere
2200 4480 2319 4519 eam

2432 4459 2760 4527 φαυλότερον
2786 4457 3033 4508 σπεύδειν
3058 4458 3203 4524 ἡμᾶς
3232 4457 3440 4521 λοιπὸν,
3483 4456 3575 4509 ἐάν
3609 4459 3693 4508 ὃτι
3728 4461 3823 4509 καὶ
3856 4460 4019 4526 τέχνη

750 4554 914 4606 veluti
950 4556 999 4608 in
1058 4572 1279 4625 scopum
1337 4559 1560 4621 dixeris,
1594 4569 1647 4612 et
1676 4558 1862 4612 eadem
1896 4555 1965 4608 de
2007 4570 2196 4617 causa,
2237 4570 2322 4606 ra-

752 4645 895 4699 tione
923 4649 1146 4701 carere?
1175 4648 1376 4701 Omnes
1433 4651 1573 4701 euim
1599 4651 1689 4718 qtti
1743 4650 2056 4710 eolliueant,
2114 4648 2325 4698 ratione

750 4735 935 4803 utique
966 4745 1202 4801 utentes,
1237 4739 1571 4802 colliueant;
1610 4755 1709 4793 nec
1750 4741 1895 4790 enim
1949 4739 2072 4790 licet
2108 4738 2323 4789 ratione

752 4841 855 4877 non
882 4836 1118 4880 utentem
1148 4829 1461 4890 collineare,
1490 4830 1756 4895 siquidem
1784 4826 2322 4894 ratiojaculationem

751 4914 965 4968 eiiiciat.
1008 4916 1142 4970 Nam
1180 4919 1474 4971 collineare
1515 4929 1601 4971 est
1648 4935 1758 4970 rem
1804 4918 2095 4983 attingere,
2138 4924 2197 4967 ut
2233 4913 2322 4980 qui

754 5009 1036 5074 aberrant,
1075 5025 1177 5062 non
1236 5011 1371 5063 bene
1424 5010 1736 5064 collineant.
1814 5008 1999 5075 Itaque
2062 5023 2168 5059 non
2226 5007 2316 5074 qui

2430 4551 2700 4602 διδάσκειν
2737 4548 3074 4616 πειρώμεθα.
3114 4549 3253 4614 Ἐγὼ
3280 4550 3334 4599 δὲ
3365 4548 3486 4601 οὒτε
3506 4552 3548 4582 ⁵³
3579 4550 3687 4600 τῶν
3706 4551 4019 4619 εἰρημένων

2431 4643 2581 4693 οὐδὲν
2643 4640 3000 4709 μετατίθεμαι
3053 4640 3119 4703 ⁸⁵,
3184 4639 3306 4692 οὔτε
3363 4641 3607 4692 Πλάτωνι
3651 4642 3929 4710 συγχωρώ
3962 4641 4021 4691 τὸ

2436 4732 2598 4800 μηδὲν
2624 4732 2860 4797 μετεῖναι
2914 4732 3174 4798 ῥητορικῇ
3228 4731 3420 4799 τέχνης
3445 4733 3512 4790 ⁸⁸,
3540 4730 3656 4782 ἀλλ’
3702 4732 3833 4782 ὅσον
3883 4733 4018 4799 αὑτῇ

2434 4826 2628 4893 τέχνης
2670 4824 2967 4891 (χρήσομαι
3007 4824 3051 4853 ⁵⁸
3073 4824 3178 4891 γάρ
3241 4826 3352 4884 τοῖς
3396 4822 3490 4873 τοῦ
3527 4824 3820 4885 Πλάτωνος
3858 4823 4021 4875 αὑτοῦ

2440 4918 2676 4985 ῥήμασιν
2732 4915 2821 4979 υτ).

2818 5007 3048 5072 φάσκειν
3100 5006 3197 5073 μὲν
3244 5006 3599 5075 στοχάζεσθαι
3660 5008 3761 5077 τὴν
3803 5012 4024 5077 ῥητορι-

2880 4914 3028 4965 me
3083 4915 3350 4982 ἐπέξειμι.
3408 4916 3599 4965 Καίτοι
3640 4915 3686 4945 ⁸⁸
3744 4918 3867 4976 πῶς
3927 4919 4024 4982 οὑχ

2434 5006 2746 5059 ὑπεναντίον

2070 5147 2300 5201 VARI/13
2344 5146 2743 5201 LECTIONES.

827 5246 871 5277 "'
897 5261 958 5309 γε
990 5243 1149 5295 αὑτδν
1170 5258 1279 5295 om.
1305 5242 1365 5293 Α.

753 5314 981 5382 ἐζήτησε
1012 5314 1196 5381 μαθεῖν
1214 5328 1435 5382 om._pr.

754 5380 962 5455 Οόντας]
1003 5380 1270 5455 μαθόντας
1292 5380 1433 5455 εῖναι
1458 5381 1520 5433 C.

756 5473 808 5523 p.
840 5454 926 5507 52.
951 5451 961 5455 ”
1004 5454 1117 5485 ³⁸·³⁹
1144 5454 1239 5523 οὑχ
1276 5452 1361 5523 AC
1405 5471 1449 5523 ξε,
1486 5451 1579 5501 καὶ
1614 5468 1670 5513 ς.

757 5542 875 5575 cum
912 5541 971 5586 ς’.

758 5658 896 5714 κατὰ
928 5662 1111 5714 τοῦτον
1133 5658 1235 5713 τὸν⁷
1250 5662 1404 5726 λόγον
1436 5677 1545 5712 οηι.
1584 5662 1645 5713 Α.
1702 5658 1766 5690 ³⁸³
1793 5658 1995 5727 χώραν]
2029 5660 2183 5724 λόγον
2220 5662 2281 5713 Α.

760 5760 818 5769 -—
859 5728 1240 5801 μετατίθεμαι]
1270 5733 1435 5798 οὑμαι
1473 5734 1529 5782 Α.

762 5816 813 5869 p.
846 5802 933 5856 58.

1073 5524 1114 5559 δ’
1150 5514 1261 5572 ἀλλ’
1288 5520 1575 5581 ἐνδιδόντες
1623 5524 1684 5588 τῇ
1720 5519 1878 5586 φύσει
1926 5520 2028 5569 τῶν
2067 5514 2321 5583 λόγωνήοι
2348 5536 2464 5570 mox
2502 5518 2607 5569 τῶν
2640 5517 2979 5583 πραγμάτων
3007 5530 3113 5588 mn:
3150 5514 3206 5564 Α.

759 5610 839 5660 pr.
866 5584 935 5647 (Σ.-
1002 5594 1047 5628 ⁸³
1080 5592 1236 5662 ἀλλὰ]
1276 5608 1323 5655 p.
1351 5592 1438 5644 55.
1515 5589 1631 5622 ⁸⁸³⁵
1658 5584 1860 5662 τῇίγάρ
1882 5618 1945 5627 -—
1970 5589 2148 5662 εὑρεῖν
2172 5605 2281 5641 om.
2320 5592 2398 5662 Α.-
2433 5588 2499 5662 Δ⁸⁶
2522 5590 2785 5662 evastatis
2813 5603 2921 5662 om.
2955 5600 3033 5662 pr.
3073 5584 3133 5636 C.

2359 5659 2402 5688 ⁵³
2430 5658 2463 5709 ἂ
2492 5659 2612 5723 μένῖ
2642 5675 2672 5725 p
2717 5657 2801 5709 57.

1613 5731 1657 5761 "
1684 5732 1821 5797 αὑτῇ
1854 5727 2068 5799 τέχνης]
2112 5730 2218 5783 imo
2244 5728 2408 5795 αὑτῆς
2435 5728 2617 5795 τέχνη.

1442 5241 1487 5271 ³³
1517 5241 1609 5292 καὶ
1640 5239 1815 5292 ταῦτα
1853 5267 1918 5278 -
1953 5240 2107 5301 1513,
2135 5240 2195 5292 16
2227 5241 2268 5291 R
2305 5238 2496 5307 κρίνω]
2520 5255 2615 5305 pro
2651 5239 2731 5289 his
2760 5238 2810 5288 in
2844 5237 2883 5286 Β
2918 5250 3125 5303 pagina:
3156 5249 3338 5287 vacuae
3364 5245 3487 5307 sunt
3518 5233 3784 5307 quinque.
3872 5240 3917 5274 ε’
3949 5232 4024 5297 οῖς

1606 5312 1648 5346 ³ο
1680 5312 1877 5362 ἄτοπον
1896 5310 1949 5361 δὲ
1975 5327 2081 5361 om.
2113 5326 2191 5376 pr.
2216 5309 2275 5361 (ἶ.
2312 5313 2555 5375 leguntur
2587 5325 2635 5376 p.
2661 5309 2747 5361 51.

1597 5381 1641 5412 ”
1672 5381 1951 5445 διαφυγεῖν
1983 5378 2067 5431 AC
2094 5380 2431 5446 ;διαφεύγειν
2463 5396 2519 5449 ς’.
2614 5380 2656 5410 ³⁵
2691 5379 2780 5429 τὸν
2811 5378 2931 5428 add.
2953 5378 3064 5449 _.-\.#
3157 5378 3381 5449 "celsi;

1773 5452 1817 5479 ⁸⁰
1851 5453 1896 5500 εὶ
1952 5450 2007 5500 δὲ
2057 5444 2513 5518 παρεληλύθασιν]
2569 5449 2678 5501 iure
2731 5456 2853 5499 ante
2905 5446 3095 5506 αὑταῖς
3149 5444 3764 5518 'rof‘qupanlnsupra)
3805 5452 3958 5510 ponit
3989 5448 4026 5498 (ζ

2820 5308 2860 5338 ³³
2899 5308 2992 5357 καὶ
3017 5321 3123 5357 om.
3144 5307 3203 5355 Α.
3271 5307 3311 5335 ³²
3340 5306 3669 5370 συνέστησαν
3700 5305 3771 5356 Α.

3838 5314 3886 5344 8³
3922 5326 4024 5357 ul-

2614 5332 2635 5359 ι.
2661 5327 2747 5361 Ol.
2820 5327 2860 5338 '“
2899 5327 2992 5357 και
3017 5327 3203 5357 υιιιηὶ.
3271 5327 3311 5335 ν·
3340 5327 3669 5370 συνίστησιν
3700 5327 3771 5356 Α.
3838 5327 3886 5344 υ
3921 5327 3957 5375 μ

2614 5380 2656 5410 ³⁵
2691 5379 2780 5429 τὸν
2811 5377 2931 5428 add.
2974 5378 3033 5425 Λ.
3157 5373 3200 5403 ³⁸
3225 5373 3548 5440 τελεώτερον
3576 5390 3635 5436 ς.
3733 5375 3781 5403 ³⁷
3811 5376 3949 5428 αὕτα

3733 5375 3781 5403 ³⁷
3811 5375 4024 5443 αὑταῖςῖ

3321 5514 3366 5544 ⁸³
3394 5514 3619 5579 δυνάμει
3656 5512 3884 5576 φύσεως
3916 5536 4022 5567 uin.

3212 5585 3255 5615 ⁸⁷
3288 5580 3561 5650 φαίνεται]
3586 5598 3637 5647 p.
3672 5582 3769 5633 54.
3855 5586 3900 5617 ⁸³
3939 5589 4028 5636 καὶ

2881 5657 2921 5686 ⁵¹
2957 5655 3067 5720 ἔχει
3099 5671 3157 5715 ς.
3252 5654 3296 5685 ⁸³
3328 5651 3406 5721 δέ]
3435 5652 3479 5703 δ’
3507 5654 3571 5703 ἄν
3748 5654 3876 5685 ⁸³⁸⁸⁸
3906 5656 4026 5706 οὗτε

2694 5726 2806 5759 uar-
2842 5724 3434 5795 χρήσομαι-ῥήμασιν
3459 5737 3570 5776 om.
3600 5720 3669 5773 Δ.
3748 5722 3798 5756 ⁸⁸
3824 5726 4023 5788 καίτοι,
