4216 6430
221 416 361 483 1501

1251 408 1775 472 BIBLIOTHECA.
1815 432 1885 445 -
1917 409 2081 469 COD.
2122 405 2447 468 CCXLVII.

3356 391 3495 456 1502

218 530 328 597 κῆν
358 526 425 589 ⁸⁸,
455 523 633 591 λέγειν
657 520 715 575 δὲ
744 520 820 584 ὡς
849 518 908 573 οὑ
942 517 1141 588 χρῆται
1191 517 1422 586 monac
1452 518 1584 571 αὑτὸ
1615 516 1809 582 τούτος

1919 518 2172 571 collineat
2201 516 2441 578 aberrat,
2476 512 2570 567 sed
2593 512 2686 579 qui
2715 510 2989 563 aberravit
3023 522 3127 561 non
3164 505 3497 566 collineavit.

220 620 426 679 πάντες
456 617 564 686 γὰρ
592 617 641 668 οί
674 612 1059 685 στοχαζόμενοι
1098 610 1161 678 δή
1198 626 1298 661 που
1344 608 1422 677 τῷ
1452 609 1597 678 λόγῳ
1628 625 1804 677 προσ-

220 712 453 776 άγοντες
476 708 521 738 ⁶⁰
550 706 793 767 ἑαυτοὺς,
846 703 990 755 οὕτω
1027 701 1401 770 στοχάζονται.
1445 700 1519 751 Οὑ
1548 700 1659 770 γὰρ
1692 698 1810 751 ἔστι

227 801 307 870 μὴ
328 800 473 869 λόγῳ
504 797 786 866 χρώμενον
848 792 1229 862 στοχάζεσθαι,
1281 791 1396 844 ἀλλ’
1426 792 1453 841 ὁ
1478 790 1520 821 ⁶¹
1548 789 1641 841 τοῦ
1672 789 1814 857 πρά-

222 906 439 958 γματος
456 887 614 952 λόγος
638 879 791 945 οὗτός
806 886 954 936 ἐστιν
984 885 1013 935 ὁ
1040 881 1208 933 ποιῶν
1235 878 1614 947 στοχάζεσθαι.
1658 877 1813 929 Ἐστι

223 983 283 1034 δὲ
316 978 674 1049 στοχάζεσθαι
700 978 760 1029 τὸ
796 978 981 1044 τυχεῖν
1034 972 1128 1026 τοῦ
1162 974 1505 1040 πράγματος,
1550 970 1624 1030 ὡς
1673 968 1729 1020 οῖ
1750 986 1813 1035 γε

226 1070 731 1137 ἀποτυγχάνοντες-
759 1067 933 1136 ἀρχὴν
1004 1063 1123 1116 οὑδὲ
1179 1062 1551 1131 στοχάζονται.
1602 1058 1814 1111 Οὐκοῦν

226 1162 327 1229 οὑχ
432 1162 475 1190 ⁸⁸
506 1157 861 1227 στοχάζεσθαι
901 1155 1201 1223 ἁμαρτάνει
1239 1171 1343 1215 τις,
1369 1152 1481 1204 ἀλλ’
1506 1144 1550 1218 ᾧ
1580 1149 1817 1221 διήμαρ-

227 1271 321 1303 τεν
344 1253 447 1303 οὑκ
485 1252 841 1319 ἐστοχάσατο.
870 1249 1108 1309 Εἰκότως
1131 1263 1144 1277 ·
1169 1246 1345 1307 οὐδεὶς
1371 1246 1477 1311 γὰρ
1510 1243 1817 1313 ἁμαρτάνει

229 1345 377 1411 λόγῳ
406 1344 707 1412 χρώμενος,
742 1340 859 1393 ἀλλ’
907 1341 1023 1407 ἅμα
1076 1337 1283 1406 ἐσφάλη
1324 1336 1418 1388 καὶ
1462 1336 1552 1399 τὸν
1578 1336 1733 1402 λόγον
1756 1335 1817 1385 οὑ

228 1435 551 1489 διεσώσατο.
577 1434 674 1505 [Τὸ
711 1433 901 1502 μέλλον
925 1432 969 1462 ⁸³
1020 1430 1235 1497 ἑκάστῳ
1275 1429 1542 1480 συνοίσειν
1567 1427 1818 1491 ἐκλέγον-

228 1546 324 1591 τες
360 1528 451 1596 “.]
479 1530 584 1579 Καὶ
614 1525 807 1585 ταῦτα,
856 1518 900 1575 ὧ
940 1522 1184 1580 Πλάτων,
1226 1522 1345 1579 ταῖς
1381 1521 1499 1577 σαῖς
1522 1518 1821 1584 ἀδαμαντί-

229 1638 355 1682 ναις
385 1620 651 1684 ἀνάγκαις
683 1616 1088 1668 ἀποδείκνυται.
1133 1610 1297 1682 [1248
1327 1608 1418 1679 R.]
1453 1609 1517 1660 Τί
1546 1608 1601 1659 δὲ
1627 1610 1670 1639 ⁸⁵
1694 1610 1822 1677 περὶ

232 1709 555 1779 ῥητορικῆς,
608 1709 657 1759 εί
706 1704 1049 1774 στοχάζεται,
1098 1700 1400 1769 θαυμάζεις
1450 1700 1493 1730 ⁸⁸
1522 1716 1535 1763 ;
1567 1697 1821 1765 φαίνεται

229 1799 344 1866 γὰρ
374 1798 417 1828 ⁸⁷
450 1795 710 1864 ῥητορικὴ
732 1794 932 1863 ὁμοίως
955 1790 1271 1859 διακειμένη
1299 1792 1364 1859 τῇ
1392 1790 1648 1857 μαντικῇ,
1680 1786 1822 1856 πλὴν

1913 614 1967 661 et
1986 607 2216 671 merito;
2245 604 2510 672 siquidem
2539 616 2700 655 nemo
2725 601 2851 654 dum
2877 599 3087 652 ratione
3106 596 3297 657 utitur,
3325 603 3496 657 errat,

1914 710 2097 750 verum
2133 694 2465 761 simulatque
2494 692 2762 745 rationem
2787 689 2991 749 amisit.
3030 697 3201 741 errat.
3228 685 3309 757 [ld
3353 686 3498 753 quod

1914 786 2109 852 cuique
2134 783 2473 850 profuturum
2500 790 2604 842 est,
2637 778 2982 849 deligentes.]
3016 778 3193 843 Atque
3226 779 3341 830 haec
3366 776 3496 842 qui-

1914 876 2059 937 dem,
2104 875 2275 935 Plato,
2325 871 2700 927 adamantinis
2752 870 2856 924 tuis
2881 870 3330 922 demonstrantur
3393 881 3490 917 nev

1916 966 2294 1019 cessitatibus.
2346 964 2478 1018 Cum
2518 963 2848 1015 rhetoricam
2900 957 3173 1023 conjicere
3239 954 3502 1009 miraris?

1917 1059 2121 1111 Eodem
2148 1056 2291 1109 enim
2320 1057 2478 1109 modo
2517 1064 2681 1123 atque
2725 1052 2986 1106 divinatio
3026 1052 3245 1104 videtur
3300 1062 3357 1101 se
3399 1048 3499 1100 ha-

1921 1151 2065 1211 bere,
2120 1146 2224 1200 nisi
2273 1146 2416 1215 quod
2456 1159 2579 1198 cum
2626 1142 2889 1195 divinatio
2953 1148 3074 1208 post
3121 1137 3497 1206 conjecturam

1920 1239 2149 1301 desinat,
2206 1237 2478 1290 rhetorica
2520 1249 2625 1288 non
2659 1242 2867 1286 tantum
2911 1231 3157 1299 coniicit,
3192 1228 3284 1283 sed
3325 1239 3378 1280 et
3412 1241 3499 1288 ea,

1921 1344 2041 1397 qu:e
2073 1329 2275 1394 optima
2304 1329 2600 1389 censuerit,
2620 1339 2714 1393 per
2746 1325 3027 1378 ministros
3050 1322 3284 1391 perlicit.
3312 1320 3502 1387 Itaque

1923 1420 2270 1472 divinationis
2288 1428 2519 1485 occupat
2542 1418 2742 1477 locum,
2765 1424 2821 1468 et
2858 1415 2993 1467 artis
3024 1413 3299 1470 militaris.
3339 1426 3499 1479 quam

1922 1513 2140 1578 quidem
2168 1512 2235 1563 ad
2265 1510 2479 1565 civilem
2517 1510 2804 1562 scientiam
2830 1506 3106 1574 pertinere
3137 1519 3243 1557 non
3284 1503 3502 1570 negabit

1924 1605 2095 1658 Plato.
2127 1604 2245 1669 Quo
2302 1604 2467 1671 igitur
2498 1603 2659 1655 modo
2701 1599 2878 1653 civilis
2910 1599 3148 1651 scientiae
3183 1597 3351 1665 partis
3386 1606 3503 1646 erat

1924 1695 2277 1748 simulacrum
2314 1696 2607 1756 rhetorica,
2648 1693 2693 1747 si
2726 1706 2833 1745 non
2877 1690 3021 1743 isto?
3071 1690 3140 1741 At
3171 1692 3243 1741 ita
3269 1686 3498 1739 simula-

1928 1802 2082 1841 crum
2116 1802 2221 1841 non
2256 1787 2381 1840 erit.

228 1894 357 1944 ὅσον
389 1888 621 1958 μαντικὴ
654 1888 749 1955 μὲν
767 1885 1114 1955 ἀπήλλακται
1146 1880 1521 1950 στοχασαμένη
1554 1879 1622 1944 ⁸⁸,
1686 1879 1949 1949 ῥητορικὴ
2021 1879 2341 1947 στοχάζεται
2400 1877 2561 1946 μόνον
2606 1875 2715 1929 τῶν
2768 1876 3134 1943 πραγμάτων,
3209 1869 3345 1923 ἀλλὰ
3411 1873 3500 1925 καὶ

229 1982 463 2053 πράττει
493 1980 577 2031 διὰ
606 1977 713 2032 τῶν
745 1975 1029 2046 ὑπηρετῶν
1050 1975 1185 2027 ἆττα
1208 1973 1273 2025 ἅν
1294 1970 1520 2041 εὑρίσκῃ
1536 1969 1804 2038 βέλτιστα.
1848 1969 2009 2021 Ὥστε
2038 1972 2133 2023 καὶ
2157 1970 2247 2021 τὸν
2277 1969 2377 2036 τῆς
2406 1969 2670 2038 μαντικῆς
2708 1967 2891 2035 ὲπέχει
2918 1967 3071 2033 λόγον
3094 1967 3187 2016 καὶ
3250 1962 3341 2014 τὸν
3401 1962 3503 2029 τῆς

231 2074 627 2142 στρατηγικῆς,
660 2069 727 2136 ἢν
750 2068 915 2137 μηδὲν
945 2068 1245 2135 προσήκειν
1278 2067 1343 2134 τῇ
1378 2063 1624 2133 πολιτικῇ
1661 2062 1885 2114 Πλάτων
1925 2063 2025 2116 οὑκ
2094 2064 2227 2135 ἐρεῖ.
2286 2063 2408 2126 Πῶς
2476 2061 2568 2114 οὖν
2627 2061 2890 2132 ῥητορικὴ
2966 2059 3247 2127 πολιτικῆς
3314 2056 3502 2127 μορίου

228 2164 472 2225 εῖδωλον,
536 2162 582 2213 εί
641 2162 714 2231 μή
766 2159 975 2221 οὓτωςς
1019 2158 1180 2210 Ἀλλὰ
1213 2158 1255 2189 ⁸⁸
1293 2157 1400 2226 μὴν
1439 2154 1583 2209 οὕτω
1620 2172 1683 2219 γε
1707 2156 1806 2208 οὑκ
1844 2153 1971 2225 [674
1995 2154 2091 2227 Η.]
2131 2154 2351 2208 εῖδωλον
2382 2151 2512 2210 εἷεν.

306 2275 469 2349 ῖΚατ’
517 2275 799 2344 εἰρωνείαν
823 2272 883 2325 τὸ
922 2270 1103 2349 οὕτως
1124 2272 1170 2349 "_°
1201 2266 1310 2349 οἷο-ν
1361 2271 1419 2349 εί
1456 2268 1535 2349 ’μὴ
1569 2268 1709 2349 κατὰ
1750 2267 1810 2321 τὸ

1986 2267 2121 2349 [lion
2144 2284 2240 2337 per
2267 2269 2519 2349 ironiam,
2550 2267 2654 2321 nisi
2680 2276 2972 2349 _quatenns
3024 2266 3219 2346 similis
3275 2274 3356 2318 est
3393 2269 3499 2321 arti

230 2338 468 2401 ἒοίκέναι
500 2338 583 2415 τῇ’
612 2345 971 2415 στρατηγικῇ,
1006 2342 1100 2415 καὶ
1143 2339 1421 2415 λοιπὸν-ἐξ
1453 2338 1808 2415 ἐπικρίσεως,

229 2420 316 2473 ὅτι
347 2416 469 2469 οὔτε
497 2404 635 2468 κᾶτά
651 2404 814 2465 τοῦτο.
832 2404 1033 2464 δύναιτ’
1058 2414 1122 2464 ἂν
1142 2412 1185 2442 ⁷⁸
1212 2410 1427 2463 εἴδωλον
1452 2404 1635 2478 εἷναι.]

311 2530 433 2581 Ὀτι
463 2528 508 2559 ⁷³
538 2526 715 2578 τοίνυν
745 2524 881 2585 ὅλως
902 2522 947 2552 ⁷³
973 2523 1088 2573 ἐστὶ
1140 2521 1382 2589 σόφισμα
1406 2520 1465 2572 τί)
1488 2522 1722 2588 φάσκειν
1745 2519 1813 2572 τά

230 2620 492 2673 δοκοῦντα
518 2620 629 2679 τοῖς
662 2616 909 2685 πλήθεσι,
947 2614 1119 2665 ταῦτα
1148 2630 1211 2664 συ
1224 2612 1539 2681 μϐουλεύειν
1560 2613 1687 2674 τοὺς
1718 2614 1815 2683 ῥή-

231 2728 401 2779 τορας
432 2711 524 2763 καὶ
553 2708 740 2760 τούτου
774 2707 934 2773 μόνου
956 2704 1335 2773 στοχάζεσθαι,
1371 2708 1418 2758 εί
1450 2706 1544 2759 καὶ
1587 2703 1661 2772 μὴ
1690 2706 1815 2767 παῖς

233 2800 566 2866 ἐξελέγξειεν
595 2798 662 2859 ⁷⁵,
695 2796 809 2849 ἀλλ’
853 2797 1001 2858 ὅστις
1032 2795 1080 2826 ⁷⁸
1102 2811 1166 2863 γε
1193 2789 1251 2847 εὖ
1290 2797 1495 2866 φρονεῖ.
1536 2797 1687 2866 Ἐμοὶ
1719 2798 1816 2866 μὲν

233 2892 345 2958 γὰρ
362 2889 667 2941 τούναντίον
707 2889 815 2939 πᾶν
865 2886 1134 2955 φαίνεται.
1170 2888 1308 2954 μήτε
1350 2888 1409 2938 ὲν
1431 2890 1494 2955 τῇ
1522 2888 1620 2955 τῆς
1656 2890 1814 2956 ῥητο-

238 2982 402 3052 ρικῆς
426 2983 587 3048 φύσει
606 2980 787 3031 πλεῖον
816 2977 953 3030 εἶναι
998 2978 1161 3045 μηδὲν
1187 2977 1220 3047 ἢ
1248 2978 1308 3029 τὸ
1343 2977 1419 3047 μὴ
1448 2980 1514 3029 τὰ
1554 2978 1812 3031 δοκοῦντα

232 3075 345 3132 τοῖς
381 3071 637 3139 πλήθεσιν
666 3069 825 3131 εὐθὺς
854 3070 897 3100 ⁷⁵
922 3071 1014 3138 ὲᾷν
1029 3068 1301 3135 γίνεσθαι,
1328 3069 1465 3135 μήτε
1492 3069 1615 3128 τοὶ),
1640 3070 1685 3099 ⁷⁷
1716 3070 1815 3137 ῥή-

231 3178 401 3227 τορας
428 3162 483 3219 ἐς
514 3159 641 3211 ἄλλο
684 3177 737 3210 τι
794 3158 992 3227 μᾶλλον
1044 3159 1270 3209 σκοπεῖν
1297 3157 1343 3187 ⁷⁸
1372 3156 1405 3223 ἢ
1428 3157 1493 3207 τὰ
1540 3156 1811 3225 βέλτιστα,

238 3254 380 3320 μήτε
404 3251 531 3311 τοὺς
555 3250 617 3318 δή
630 3266 761 3318 μους
785 3249 984 3309 αὑτοὺς
1005 3247 1163 3300 τοῦτό
1214 3264 1276 3313 γε
1308 3249 1586 3312 ἐκφυγεῖν,
1612 3246 1687 3308 ὡς
1716 3250 1816 3300 οὑκ

235 3344 494 3412 ἀμείνους
540 3341 690 3408 σφῶν
739 3340 791 3392 oi
849 3340 1077 3407 ῥήτορες
1108 3336 1429 3404 λογίσασθαι
1462 3337 1506 3368 ⁷³
1554 3339 1684 3407 περὶ
1707 3338 1815 3390 τῶν

235 3434 581 3503 πραγμάτων
607 3431 701 3482 καὶ
736 3430 914 3481 πᾶσαν
950 3429 1086 3489 ὅλως
1119 3428 1217 3495 τὴν
1238 3427 1332 3479 τοῦ
1373 3426 1487 3495 βίον
1518 3428 1703 3495 σχέσιν
1725 3430 1816 3481 καὶ

233 3526 335 3596 τὴν
363 3525 554 3594 τύχην,
582 3524 675 3574 καὶ
696 3522 853 3574 τοῦτο
880 3522 938 3583 ἐξ
959 3522 1135 3573 αὑτῶν
1160 3520 1268 3571 τῶν
1291 3520 1466 3589 τιμῶν
1488 3517 1626 3572 εἶναι
1657 3520 1816 3586 δῆλον

1926 2337 2170 2400 militari.
2206 2350 2259 2391 et
2301 2340 2526 2406 reliqua,
2560 2353 2622 2391 ex
2662 2337 3011 2392 discretione.
3044 2337 3171 2400 quia
3207 2351 3381 2403 neque
3415 2350 3502 2389 se-

1923 2411 2158 2462 cundum
2181 2409 2279 2463 bos
2313 2418 2493 2477 posset
2529 2408 2883 2461 simulacrum
2915 2406 3083 2477 esse.]

1989 2521 2108 2577 Jam
2130 2525 2270 2591 quod
2299 2524 2394 2587 ait,
2439 2528 2689 2577 oratores
2723 2536 2787 2576 ea
2817 2536 2936 2589 quas
2972 2520 3170 2589 populo
3217 2524 3497 2588 placeant,

1922 2616 2177 2675 suadere,
2213 2625 2375 2684 atque
2406 2615 2457 2667 id
2494 2614 2669 2669 solum
2719 2623 2985 2681 spectare,
3030 2613 3080 2665 id
3120 2612 3345 2664 omnino
3409 2626 3501 2663 so-

1925 2702 2216 2772 phisticam
2240 2718 2383 2763 esse.
2405 2704 2447 2756 si
2478 2719 2587 2757 non
2621 2716 2775 2771 puer,
2793 2702 2873 2753 vir
2892 2711 3040 2755 certe
3066 2702 3303 2769 prudens
3321 2711 3504 2755 osten-

1924 2793 2084 2847 derit.
2112 2791 2243 2845 Nam
2294 2794 2425 2846 mihi
2457 2794 2680 2862 quidem
2737 2803 2930 2845 contra
2971 2793 3212 2853 videtur,
3244 2806 3343 2846 nec
3374 2795 3502 2845 rbe-

1926 2885 2149 2937 toricam
2191 2885 2482 2952 quidquam
2518 2886 2720 2937 habere
2743 2884 2911 2951 magis
2929 2884 3229 2951 proprium,
3264 2899 3425 2951 quam
3448 2892 3505 2935 ut

1922 2989 2007 3039 ea,
2038 2989 2157 3042 qua:
2179 2976 2373 3043 populo
2393 2977 2666 3040 videntur,
2698 2991 2801 3028 non
2828 2984 3011 3028 statim
3047 2974 3162 3029 ﬁeri
3198 2976 3503 3042 permittat,

1925 3079 2023 3118 nec
2046 3068 2605 3135 oratoresquidquam
2626 3069 2825 3136 potius,
2847 3081 3007 3135 quam
3030 3068 3236 3135 optima
3268 3082 3497 3135 qumque

1921 3156 2119 3228 414a
2152 3168 2418 3227 spectare,
2456 3176 2555 3213 nec
2596 3160 2680 3214 vel
2712 3163 2823 3229 ipse
2853 3160 3080 3228 populus
3102 3159 3338 3222 dilIiteri,
3372 3161 3501 3228 quin

1924 3249 1975 3300 in
2006 3250 2169 3302 rebus
2200 3249 2635 3314 considerandis,
2662 3266 2723 3304 ac
2758 3261 2869 3305 toto
2899 3253 3021 3305 vitae
3051 3252 3239 3305 habitu
3268 3262 3322 3303 et
3359 3268 3491 3305 con-

1922 3339 2150 3406 ditione,
2188 3350 2446 3409 praestent
2468 3340 2567 3408 ipsi
2603 3351 2871 3405 oratores,
2897 3342 3056 3411 idque
3082 3358 3147 3395 ex
3180 3344 3503 3406 honoribus,

1923 3446 2057 3497 quos
2086 3434 2165 3486 eis
2197 3434 2401 3497 tribuit,
2447 3433 2793 3487 manifestum
2862 3435 2973 3488 lieri
3024 3436 3236 3504 objicit.
3279 3435 3373 3488 Sin
3410 3449 3505 3489 eos

1923 3523 2119 3590 populo
2140 3522 2279 3577 dicis
2308 3525 2527 3589 cedere,
2555 3536 2609 3579 et
2640 3526 2822 3580 facere
2859 3528 3127 3596 imperata
3170 3544 3276 3582 non
3324 3530 3497 3592 impe—

235 3610 314 3669 ὧν
348 3617 531 3677 αὐτοῖς
556 3615 939 3683 ἀπονέμουσιν.
972 3615 1033 3665 Εί
1063 3614 1120 3664 δὲ
1148 3613 1193 3643 ⁸⁸
1220 3613 1417 3673 αὐτοὺς
1449 3613 1492 3643 ⁸⁸
1534 3615 1645 3675 τοῖς
1680 3614 1815 3682 πλή-

1924 3628 2069 3677 rare,
2106 3613 2365 3668 famulam
2389 3631 2486 3683 pro
2518 3617 2735 3670 domina
2756 3621 2949 3679 sutnis,
2968 3629 3023 3672 et
3050 3633 3172 3670 cum
3207 3618 3501 3685 plebicolas

237 3711 389 3761 θεσιν
414 3707 659 3758 ὑπείκειν
689 3706 798 3774 φὴς
828 3705 921 3756 καὶ
950 3706 1124 3755 ποιεῖν
1144 3703 1213 3755 τὰ
1240 3704 1593 3772 κελευόμενα,
1614 3704 1731 3756 ἀλλ’
1753 3705 1814 3755 οὑ

237 3798 505 3863 κελεύειν,
541 3798 637 3867 τὴν
661 3797 995 3865 θεράπαιναν
1010 3795 1240 3861 εἴληφας
1261 3797 1381 3847 ἀντὶ
1398 3796 1492 3863 τῆς
1512 3795 1819 3865 δεσποίνης,

236 3894 335 3946 καὶ
379 3892 504 3953 τοὺς
551 3890 841 3958 δημοσίους
887 3889 1071 3957 ψέγων
1108 3889 1282 3949 δοκεῖς
1311 3886 1355 3918 ⁸¹
1400 3888 1526 3950 τοὺς
1563 3890 1819 3956 ῥήτορας.

250 3984 394 4035 Ἀλλ’
422 3983 534 4036 οὗθ’
564 3983 614 4034 οί
646 3982 897 4051 δημόσιοι
950 3979 1090 4048 μέγα
1143 3978 1430 4048 φρονοῦσιν
1464 3980 1547 4046 ἐφ’
1583 3980 1819 4043 ἑαυτοῖς,

236 4077 323 4129 ὅτι
353 4074 661 4128 δουλεύουσι
686 4075 798 4133 τοῖς
851 4072 950 4139 τῆς
981 4070 1186 4133 πόλεως
1220 4070 1547 4139 βουλήμασι,
1581 4070 1678 4122 καὶ
1710 4073 1823 4133 τοῖς

241 4164 582 4237 ῥήτορσιτοῦ
603 4168 818 4233 φρονεῖν
850 4163 982 4215 αὑτὸ
1011 4161 1169 4215 τοῦτο
1208 4162 1383 4215 αἴτιόν
1412 4164 1529 4215 ἐστι
1560 4164 1620 4215 τὸ
1655 4163 1729 4232 μὴ
1753 4165 1821 4215 τὰ

236 4256 500 4309 δοκοῦντα
522 4257 634 4317 τοῖς
671 4255 860 4322 δήμοις
917 4251 1115 4319 λέγειν,
1147 4250 1274 4304 ἀλλ’
1322 4250 1358 4303 ἃ
1393 4250 1640 4303 δοκοῦσιν
1670 4252 1823 4305 αὑτοὶ

242 4349 495 4417 βέλτιστα
516 4340 675 4397 εἶναι.
709 4347 768 4397 Εἰ
793 4346 847 4395 δὲ
871 4344 917 4375 ⁸³
942 4340 1083 4413 ἦσαν
1136 4342 1372 4394 διάκονοι
1403 4343 1500 4409 τῆς
1544 4344 1651 4395 τῶν
1688 4343 1821 4394 πολ·

238 4440 351 4492 λῶν
371 4438 660 4505 ἐπιθυμίας
693 4437 788 4489 καὶ
814 4437 878 4487 τὰ
898 4434 1158 4487 δοκοῦντα
1184 4436 1295 4496 τοῖς
1327 4433 1657 4501 καθημένοις
1702 4435 1823 4503 ἐδη-

244 4531 541 4601 μηγόρουν,
567 4530 673 4583 οὐδ’
700 4531 762 4582 ἂν
790 4527 1273 4598 παρρησιάσασθαι
1312 4527 1431 4577 ποτ’
1458 4528 1643 4588 αὑτοῖς
1672 4525 1819 4595 ἐξῆν,

239 4624 341 4689 οὑχ
370 4622 510 4681 ὅπως
546 4621 685 4689 ὑπὲρ
733 4622 855 4681 τοὺς
901 4618 1095 4680 ἄλλους
1130 4621 1348 4687 φρονεῖν
1390 4617 1457 4670 ⁸⁸.
1501 4617 1644 4669 Ἀλλ’
1666 4616 1821 4685 οἶμαι

242 4712 525 4764 συνίσασιν
547 4712 756 4771 ἑαυτοῖς
782 4711 843 4761 οὑ
874 4710 971 4768 τὰς
994 4708 1187 4773 ἡδονὰς
1231 4707 1647 4777 θεραπεύουσιν,
1686 4708 1822 4761 ἀλλά

238 4802 352 4853 τῶν
381 4800 564 4869 δήμιον
610 4800 707 4861 τὰς
754 4799 1047 4867 ἐπιθυμίας
1103 4795 1554 4863 σωφρονίζουσιν·
1601 4796 1721 4849 οὐδὲ
1774 4796 1820 4828 ⁸⁸

238 4893 441 4963 ὁρῶσιν
464 4895 539 4952 είς
569 4892 693 4953 τοὺς
721 4892 968 4953 πολλοὺς,
994 4889 1127 4942 ἀλλά
1170 4888 1354 4940 πολλοὶ
1378 4887 1577 4957 ὁρῶσιν
1601 4890 1679 4949 είς
1700 4885 1819 4937 τού-

1924 3706 2221 3773 vituperes,
2242 3716 2400 3775 putas
2421 3706 2513 3759 tibi
2532 3721 2643 3760 rem
2667 3722 2788 3762 esse
2810 3722 2933 3761 cum
2960 3707 3501 3763 oratoribusVerum

1925 3810 2026 3850 nec
2053 3797 2327 3864 plebicolas
2356 3799 2535 3866 magni
2572 3814 2631 3853 se
2668 3800 2895 3863 faciunt,
2932 3801 3076 3867 quod
3122 3800 3334 3853 civitati
3366 3816 3497 3854 ser-

1928 3888 2095 3952 viant,
2137 3897 2191 3941 et
2226 3898 2479 3942 oratores
2520 3889 2621 3943 hac
2652 3890 2769 3957 ipsa
2818 3892 2883 3944 de
2915 3905 3079 3944 causa
3114 3892 3216 3945 sibi
3250 3894 3495 3959 placent,

1924 3979 2065 4046 quod
2112 3993 2215 4032 non
2272 3994 2390 4047 qua).
2456 3984 2673 4049 populo,
2726 3982 2819 4035 sed
2886 3997 3009 4050 quae
3059 3984 3161 4035 sibi
3217 3985 3505 4037 videantur

1926 4071 2125 4137 optima
2156 4070 2359 4123 dicant.
2394 4071 2546 4135 Quod
2586 4072 2630 4125 si
2656 4073 3023 4127 multitudinis
3052 4076 3502 4142 obtemperarent

1927 4161 2245 4224 libidini,et
2284 4178 2381 4230 pro
2428 4162 2668 4229 iudicum
2721 4165 2953 4219 arbitrio
3009 4166 3501 4229 conrionarentur,

1927 4270 1993 4305 ne
2024 4253 2194 4311 libere
2252 4255 2395 4322 loqui
2454 4255 2673 4322 quidem
2717 4265 2943 4323 possent
2985 4273 3245 4324 unquam,
3304 4260 3502 4311 nedum

1930 4346 2055 4399 aliis
2094 4359 2153 4399 se
2193 4346 2456 4414 proferre.
2502 4347 2572 4397 At
2606 4357 2808 4401 norunt
2857 4362 2915 4401 se
2958 4363 3063 4401 non
3128 4349 3497 4415 voluptatibus

1926 4436 2152 4494 servire.
2195 4437 2288 4488 sed
2326 4435 2648 4502 cupiditates
2686 4437 2980 4497 moderari,
3016 4451 3113 4490 nec
3143 4438 3332 4505 vulgus
3378 4453 3505 4505 spe-

1924 4536 2093 4587 ctare,
2150 4527 2232 4579 vel
2269 4528 2315 4579 ei
2370 4541 2581 4594 parere,
2637 4528 2731 4581 sed
2780 4528 2846 4581 ab
2908 4542 2973 4580 eo
3027 4532 3284 4596 spectari,
3330 4532 3490 4597 eique

1926 4617 2208 4683 imperare,
2234 4627 2392 4685 atque
2420 4619 2541 4671 inde
2560 4633 2751 4671 nomen
2783 4630 3127 4685 acceperunt,
3156 4623 3205 4673 in
3229 4622 3502 4677 libertatis

1925 4709 2160 4775 signum,
2222 4718 2281 4761 ut
2336 4709 2615 4779 demagogi
2689 4721 3037 4772 vocarentur,
3100 4728 3204 4765 non
3264 4716 3405 4780 quod
3468 4732 3495 4767 a

1924 4798 2117 4867 populo
2154 4799 2445 4860 ducuntur,
2473 4814 2505 4851 ο
2533 4800 2623 4865 qui
2659 4816 2873 4853 sursum
2910 4804 3088 4854 omnia
3120 4818 3185 4857 ac
3241 4803 3497 4858 deorsum

1925 4890 2169 4952 iuvertis,
2212 4891 2305 4943 sed
2336 4890 2476 4956 quod
2532 4906 2654 4951 eum
2690 4891 2932 4956 ducunt,
2959 4894 3408 4961 quemadmodum
3453 4906 3507 4948 et

240 5003 371 5045 τους
394 4985 439 5015 ss
462 5002 473 5013 .
502 4983 612 5035 οὐδ’
640 4982 959 5051 ἀρχομένοις
981 4981 1086 5033 ὑπὸ
1118 4979 1227 5031 τῶν
1260 4978 1486 5031 ἰδιωτῶν
1511 4979 1725 5038 ἑαυτοῖς
1752 4978 1817 5041 ⁸⁷,

1930 4982 2265 5048 paedagogos,
2299 4981 2508 5048 Opinor,
2532 4981 2887 5050 appellamus,
2914 4998 3015 5035 non
3046 4985 3136 5050 qui
3176 4985 3355 5050 pueris
3386 4999 3504 5037 ser-

243 5077 361 5129 ἀλλ’
383 5075 636 5144 ἄρχουσιν
654 5074 832 5135 αὐτοῖς
855 5073 962 5124 τῶν
993 5070 1220 5123 πολλῶν.
1247 5071 1355 5122 Καὶ
1382 5068 1476 5138 τὴν
1506 5069 1823 5135 ἐπωνυμίαν

240 5173 333 5227 διὰ
382 5171 541 5223 τοῦτο
592 5169 843 5237 εἰλήφασι
882 5168 1009 5236 παρ’
1051 5166 1230 5218 αὐτῶν
1282 5166 1394 5219 ἀντ’
1428 5164 1586 5218 ἄλλου
1621 5164 1823 5234 συμϐό-

1930 5072 2099 5136 viant,
2135 5071 2230 5125 sed
2266 5072 2356 5139 qui
2403 5086 2496 5125 eos
2535 5074 2755 5129 ducant.
2814 5072 3083 5141 Quidquid
3116 5075 3258 5128 enim
3311 5076 3502 5126 horum

1931 5163 2156 5227 dixeris,
2182 5163 2454 5233 princeps,
2486 5165 2799 5235 praefectus,
2859 5176 3180 5236 praeceptor,
3210 5167 3262 5221 id
3297 5170 3497 5221 oratori

1525 5350 1761 5406 γΑῐιιΑε
1800 5349 2211 5406 LECTIONES.

316 5469 361 5501 ﬂ
384 5468 480 5536 τὴν
509 5464 802 5536 ῥητορικὴν
835 5480 944 5536 om.
981 5464 1042 5519 Ο.
1106 5465 1152 5536 ⁸9
1183 5463 1510 5536 προάγοντες
1529 5481 1588 5527 ς·

291 5609 376 5657 évr

238 5624 417 5709 μευης
442 5624 501 5669 ς.
578 5624 696 5636 συ·-
721 5624 856 5656 altu
874 5634 942 5643 ——
963 5624 1134 5668 ουτως
1188 5624 1238 5656 οι

266 5680 288 5707 ⁸
323 5676 487 5738 ὦστις
510 5675 574 5727 Δ.
653 5674 697 5704 ⁷⁸
730 5674 888 5737 εὐθὺς
919 5691 1026 5728 om.
1062 5679 1124 5729 Α.
1194 5675 1238 5705 ’⁷

244 5743 587 5811 βουλεύονται
792 5744 838 5774 ⁸⁰
864 5746 912 5795 εί

1667 5463 1709 5495 ’ί
1742 5464 1771 5514 δ
1800 5463 1922 5517 A03:
1954 5464 2013 5515 οὑ
2040 5481 2100 5517 ς.

316 5469 361 5501 ⁸⁸
384 5468 480 5536 τήν
509 5464 802 5536 ῥητορικὴν
835 5480 944 5520 om.
981 5464 1042 5519 C.
1106 5465 1152 5496 ”
1183 5482 1223 5517 π
1260 5463 1510 5531 οάγοντες
1529 5481 1588 5527 ς.
1667 5463 1709 5495 ⁸⁸
1742 5464 1771 5514 δ
1800 5462 1922 5530 Ααε
1954 5464 2013 5515 οὑ
2040 5481 2100 5528 ς.
2177 5465 2221 5495 ⁶¹
2246 5463 2343 5533 οὐχ
2372 5462 2407 5532 ᾧ

239 5554 354 5635 om.
389 5535 496 5591 AC.
523 5537 855 5636 leggtnttiq‘pi
881 5535 972 5588 64.
996 5606 1017 5619 ~
1044 5535 1163 5568 "'“
1187 5481 1421 5636 cfSélfp.
1449 5532 1915 5636 fi'?);—0aupdfet;
1936 5550 2046 5636 (ξφὲ
2211 5534 2407 5636 οτηγὶὰρ]

392 5624 417 5667 ς
442 5624 501 5668 ς.
578 5604 697 5636 ⁶⁹·⁷⁰
721 5605 942 5656 ἀλλὰ-
963 5606 1134 5668 οὑτως
1188 5620 1295 5657 om.
1326 5610 1388 5658 A.
1465 5605 1506 5635 '“
1533 5604 1598 5656 ἂν
1624 5620 1732 5656 om.
1785 5609 1845 5655 Α.

1272 5674 1408 5742 μήτε
1438 5675 1586 5743 τοὺς,
1662 5670 1709 5704 ⁷⁸
1741 5672 1984 5743 σκοπεῖν]
2020 5672 2143 5743 μήθ’
2172 5673 2221 5725 οἱ

1062 5679 1124 5729 Α.
1194 5676 1238 5705 ⁷⁷
1272 5676 1408 5742 μήτε
1438 5676 1586 5729 τοὺς.
1662 5676 1709 5704 ⁷⁵
1741 5676 1984 5735 σκοπεῖν]
2020 5676 2143 5743 μήθ’
2172 5676 2221 5725 οἱ
2244 5676 2485 5795 grape;
2531 5676 2659 5726 ἄλλο
2692 5689 2788 5725 σκο

1047 5760 1098 5811 p.
1129 5744 1215 5796 74.
1279 5746 1333 5816 λ⁸¹
1367 5741 1586 5816 αὑτοὺς]
1618 5743 1740 5816 τοὺς
1767 5742 2001 5811 ῥήτορας
2032 5743 2097 5796 Α.
2175 5744 2219 5776 ⁸³
2343 5744 2442 5816 εἷς]
2481 5743 2686 5806 ἀδικεῖς
2726 5746 2790 5797 Α.

2177 5465 2221 5495 ⁶¹
2246 5463 2343 5535 οὐχ
2372 5461 2436 5535 ᾧ]
2465 5456 2525 5535 οὗ
2551 5464 2612 5519 Α.
2678 5464 2812 5535 7⁸⁸⁸⁸⁸
2840 5463 2899 5516 τὸ
2924 5463 3502 5535 μέλλον-ἐκλέγοντες

2438 5534 2478 5586 δ’
2508 5536 2571 5605 Α,
2645 5534 2689 5567 ⁸⁸
2731 5535 3106 5605 στοχασαμένη
3139 5537 3211 5587 At
3241 5534 3500 5602 στοχαζοο

2442 5606 2485 5640 ⁷³
2532 5604 2666 5665 ὅλως
2720 5618 2827 5656 om.
2868 5606 2930 5657 A.
2976 5604 2979 5605 ⁷
3032 5606 3079 5641 ⁷⁸
3110 5605 3381 5669 ἐλέγξειεν
3430 5606 3495 5659 Α.

2294 5675 2485 5741 ήτορες
2531 5675 2659 5726 ἄλλο
2692 5675 2912 5725 σκοπεῖν
2934 5674 2995 5728 Α.
3074 5674 3118 5706 ⁷⁸
3152 5673 3500 5740 λογίσασθαιῖ

2865 5741 2986 5778 ⁸³⁸⁸⁸
3014 5744 3062 5796 εί
3101 5742 3156 5796 δὲ
3187 5773 3256 5783 -
3280 5744 3496 5811 φρονεῖν

1947 5605 1992 5633 τ’
2016 5603 2121 5666 ὅτι]
2170 5619 2221 5671 p.
2255 5604 2341 5656 70.

242 5832 356 5870 om.
378 5815 442 5869 Λ.
520 5814 563 5845 ⁸³
588 5812 728 5866 οὐδὲ.
805 5814 850 5846 ⁸⁸
873 5812 1095 5875 τούτους
1126 5828 1234 5869 out.
1263 5814 1329 5868 A.
1406 5814 1451 5845 ⁸⁷
1487 5814 1694 5874 ἑαυτοῖς
1724 5829 1831 5867 om.
1865 5815 1927 5866 Α.
