4216 6430
701 430 838 495 1503

1874 428 2131 489 PHOTII
2168 428 2672 489 PATRIARCH/E
2699 430 2806 489 ΟΡ.

3834 434 3972 503 1504

699 544 1004 606 conveniet,
1046 549 1205 607 atque
1222 540 1339 606 ejus
1374 539 1477 591 erit
1505 554 1722 596 nomen.
1748 539 1811 593 Et
1842 556 2029 594 omnes
2057 544 2276 609 quidem

2414 557 2471 590 ου
2503 540 2547 570 ⁸³
2583 540 2881 609 μαρτύριον
2916 540 3015 609 τῆς
3060 540 3329 607 ἐξουσίας,
3360 543 3503 610 λέγω
3526 545 3622 613 τὴν
3646 546 3756 597 τῶν
3786 546 3973 613 δημα-

700 637 973 704 principes
1017 642 1205 684 natura
1250 629 1509 695 snbjectis
1551 632 1661 684 suis
1691 641 2000 700 praestant;
2047 633 2089 683 si
2150 634 2275 698 quis

698 737 876 778 autem
905 726 953 776 in
988 731 1255 791 potestate
1288 723 1450 774 etiam
1496 724 1852 789 gratiﬁcatur,
1887 733 1935 772 et
1970 721 2277 787 persuadet,

702 832 803 867 nor.
840 814 998 881 .ogit,
1027 824 1189 880 atque
1216 813 1351 864 ultra
1384 812 1615 867 ollirinm
1652 830 1828 876 suum,
1869 814 2028 866 etiam
2059 828 2277 865 Suorum

702 904 1047 970 cupiditatem
1122 912 1347 970 spectat,
1416 903 1501 955 hic
1557 914 1640 957 est
1697 919 1825 957 vere
1892 904 2149 971 politicus
2194 904 2283 957 ille

703 990 944 1044 llomeri.

2381 628 2721 694 γωγῶν,οὑκ
2760 631 2945 700 ἐπειδὴ
2990 645 3098 701 περ
3151 633 3256 684 ὑπὸ
3294 634 3405 684 τῶν
3433 634 3619 701 δήμων
3651 636 3901 701 ἄγονται,
3928 630 3974 687 ὧ

2380 721 2554 771 πάντα
2584 720 2696 772 ἄνω
2744 722 2839 773 καὶ
2901 722 3053 775 κάτω
3100 724 3293 787 ποιῶν,
3325 726 3439 775 ἀλλ’
3484 726 3566 777 ὃτι
3612 730 3738 785 τοὺς
3766 728 3976 793 δήμους

2380 812 2624 876 ἄγουσιν,
2652 810 2839 876 ῶσπερ
2865 812 3043 881 δήκαὶ
3096 817 3221 876 τοὺς
3254 816 3639 882 παιδαγωγοὺς
3679 815 3837 884 οἶμαι
3880 836 3978 867 κα-

2381 902 2579 969 λοῦμεν
2602 903 2700 952 οὐκ
2732 902 2921 973 ἐπειδή
2977 921 3083 973 περ
3116 906 3551 959 ύποπεπτώκασι
3605 911 3715 968 τοῖς
3758 908 3975 965 παισὶν,

2382 990 2495 1041 ἀλλ’
2523 991 2604 1040 ὅτι
2650 991 2833 1052 αὐτοῖς
2880 993 3161 1060 ἡγοῦνται.
3202 996 3270 1046 ’Ὀ
3320 1013 3373 1046 τι
3412 998 3521 1063 γὰρ
3554 996 3620 1047 ἂν
3652 998 3840 1065 (ςαίης,
3875 998 3979 1062 ἀρ-

705 1084 888 1152 μόττει
939 1082 998 1133 τὸ
1045 1082 1285 1134 τοιοῦτον
1338 1082 1569 1133 ἀκοῦσαι
1603 1083 1646 1114 ⁸⁸
1690 1080 1768 1149 τῷ
1817 1082 2027 1151 ῥήτορι,
2066 1080 2281 1147 ἄρχων,
2324 1082 2654 1147 προστάτης,
2687 1082 3021 1143 διδάσκαλος.
3075 1084 3259 1134 Πάντα
3299 1084 3471 1159 ταῦτα
3497 1086 3543 1116 ’⁸
3584 1088 3698 1135 ἐστι
3746 1086 3839 1135 τοῦ
3883 1087 3980 1152 ῥή⁹

702 1191 859 1241 τορος
889 1174 954 1224 τὰ
980 1173 1234 1241 ὀνόματα.
1268 1174 1471 1235 Πάντες
1493 1176 1535 1205 ⁹¹
1575 1170 1782 1241 μὲνοῦν
1846 1173 2102 1241 ἄρχοντες
2150 1174 2207 1223 ὲν
2268 1172 2471 1242 ἑκάστῃ
2525 1174 2721 1242 πράξει
2762 1174 3042 1241 κρείττους
3078 1175 3237 1240 φύσει
3273 1176 3380 1227 τῶν
3421 1176 3510 1243 ὑφ’
3552 1178 3761 1237 ἑαυτοῖς
3787 1178 3867 1207 9a.
3934 1176 3981 1225 εἰ

704 1264 761 1315 δέ
782 1281 867 1324 τις
914 1264 1029 1331 μετ’
1070 1263 1312 1325 ἐξουσίας
1339 1265 1432 1315 καὶ
1471 1264 1752 1331 χαρίζεται
1783 1265 2005 1327 πείθων,
2057 1264 2156 1314 οὐκ
2200 1262 2547 1327 ἀναγκάζων,
2610 1265 2701 1315 καὶ
2751 1265 2888 1333 πρὸς
2947 1264 3025 1333 τῷ
3061 1265 3107 1296 ’³
3144 1266 3338 1328 σώζειν
3361 1265 3457 1335 τὴν
3497 1268 3662 1319 αὑτοῦ
3720 1268 3764 1297 ⁸⁵
3825 1266 3982 1328 τάξιν

708 1357 1031 1422 στοχάζεται
1079 1358 1172 1407 καὶ
1242 1355 1342 1423 τῆς
1381 1357 1676 1426 ἐπιθυμίας
1739 1357 1836 1424 τῆς
1876 1354 1983 1406 τῶν
2016 1354 2103 1420 ὑφ’
2127 1353 2325 1421 ἐαυτῷ,
2368 1348 2519 1413 οὗτος
2566 1356 2771 1415 ἐκεῖνός
2811 1358 2959 1406 ἐστιν
2990 1356 3019 1407 ὁ
3058 1356 3135 1423 τῷ
3167 1357 3279 1408 ὄντι
3308 1358 3604 1419 πολιτικός.

778 1446 854 1501 Ne
884 1448 1043 1514 igitur
1076 1457 1321 1500 oratores
1356 1463 1448 1513 per
1465 1448 1766 1500 convicium
1794 1447 2086 1517 gratiticari
2110 1448 2282 1506 dicas,

710 1539 803 1591 sed
843 1539 977 1590 bene
1007 1538 1234 1590 dicendo
1275 1538 1500 1605 gratiam
1560 1553 1775 1605 quoque
1827 1549 2069 1606 captare,
2127 1547 2287 1603 atque

714 1630 785 1681 ita
848 1629 1095 1681 meritam
1160 1629 1372 1681 laudem
1428 1630 1711 1683 rhetorica:
1773 1631 1998 1692 tribues,
2066 1627 2281 1697 4141]

712 1732 938 1783 eamque
977 1718 1241 1768 similibus
1275 1720 1710 1771 retunneraberis
1750 1718 1962 1771 oﬂiciis.
2004 1718 2288 1780 Quomodo

714 1823 843 1874 ergo
880 1808 1074 1875 aliquis
1111 1817 1217 1859 tam
1266 1810 1431 1859 variis
1484 1810 1662 1875 populi
1724 1810 2014 1861 sententiis
2064 1811 2285 1870 serviet,

2460 1443 2551 1512 Μὴ
2578 1444 2641 1513 δὴ
2668 1445 2712 1474 ⁸⁸
2741 1443 2897 1496 τοῦτο
2928 1445 3055 1512 λέγε
3090 1445 3166 1505 ώς
3216 1446 3417 1508 ὄνειδος
3436 1446 3578 1498 κατά
3601 1446 3709 1497 τῶν
3731 1448 3987 1514 ῥητόρων

2389 1535 2801 1604 εἰχαρίζονται,
2838 1536 2951 1587 ἀλλ’
2992 1538 3039 1588 εἰ
3077 1536 3215 1605 μετᾶ
3260 1538 3352 1589 τοῦ
3416 1538 3693 1607 βελτίστου
3746 1544 3840 1591 καὶ
3885 1544 3985 1609 τῆς

2392 1626 2614 1693 χάριτος
2647 1628 3019 1693 στοχάζονται.
3076 1628 3184 1678 Καὶ
3216 1630 3358 1681 κατὰ
3387 1629 3545 1681 τοῦτο
3579 1631 3773 1691 ἀπόδος
3803 1634 3871 1700 τῇ
3898 1635 3989 1698 ρη-

2390 1719 2578 1783 τορικῇ
2608 1716 2708 1784 τὴν
2748 1718 3062 1785 πρέπουσαν
3094 1718 3391 1785 εὐφημίαν,
3439 1719 3525 1770 ἵνα
3558 1720 3602 1749 ’⁸
3629 1724 3738 1781 τοῖς
3776 1723 3990 1788 ὁμοίοις

2392 1806 2558 1873 αὐτὴν
2584 1806 2950 1876 ἀμειϐόμενος
3014 1808 3242 1875 φανείης
3271 1809 3339 1863 ⁸⁷.
3376 1809 3497 1870 Πῶς
3531 1810 3588 1860 δέ
3630 1828 3711 1871 τις
3748 1815 3842 1863 καὶ
3870 1812 3992 1863 δια-

715 1908 807 1950 aut
838 1900 1109 1966 quomodo
1177 1900 1570 1966 cupiditatibus
1628 1900 1860 1953 aliorum
1921 1900 2290 1966 obsequetur?

2412 1899 2682 1963 ιονήσεται
2715 1898 2939 1966 μυρίαις
2995 1900 3239 1965 γνώμαις
3266 1899 3437 1967 δήμου
3482 1902 3574 1951 καὶ
3603 1901 3859 1969 ἀλλήλαις
3894 1921 3995 1971 μκ-

714 1986 1006 2055 I‘ostquam
1039 1989 1185 2040 enim
1245 1988 1427 2041 multis
1488 1992 1835 2042 serviendum
1885 2000 1989 2052 est,
2034 1990 2065 2041 ii
2110 1998 2287 2041 autem

717 2080 1181 2131 nonconseutiunt
1204 2080 1346 2132 inter
1375 2095 1453 2141 se,
1484 2096 1580 2133 nec
1604 2083 1855 2133 omnibus
1875 2081 2063 2133 eadem
2086 2081 2294 2132 rrlioue

719 2169 1009 2235 gratificari
1044 2172 1325 2237 quisquam
1352 2172 1543 2237 possit,
1573 2172 1845 2239 quomodo
1878 2172 2074 2235 poterit
2107 2186 2295 2224 eorum

719 2259 930 2312 libidini
973 2272 1160 2313 orator
1192 2264 1450 2314 servire?
1506 2262 1668 2316 simul
1728 2263 1871 2315 enim
1921 2274 1973 2315 et
2014 2263 2095 2315 bis
2131 2265 2295 2332 gratio

720 2350 993 2414 licabitur,
1027 2362 1081 2404 et
1112 2350 1231 2403 illos
1252 2350 1510 2406 offendet.
1541 2352 1726 2421 Itaque
1754 2368 1861 2406 non
1896 2362 2001 2405 tam
2036 2353 2300 2421 jucunda,

720 2458 881 2510 quam
946 2443 1172 2497 molesta
1202 2445 1305 2497 erit
1362 2446 1478 2511 ejus
1529 2446 1729 2499 oratio.
1774 2444 2042 2510 Quocirca
2094 2445 2135 2497 si
2170 2457 2292 2511 per—

723 2535 994 2588 suasionis
1061 2534 1308 2590 ell‘ectrix
1366 2545 1451 2589 est
1498 2537 1797 2599 rhetorica,
1862 2546 1916 2589 et
1974 2538 2303 2603 persuadere

724 2628 925 2679 debent
988 2638 1259 2691 oratores,
1322 2643 1425 2680 non
1482 2630 1798 2694 adulantur,
1854 2628 2301 2695 quandoquidem

726 2720 1056 2772 multitudini
1097 2736 1203 2774 non
1246 2721 1512 2785 serviunt,
1543 2721 1638 2776 sed
1692 2722 1740 2776 ei
1797 2721 2146 2789 persuadent.
2208 2718 2303 2773 Sin

725 2817 973 2861 oratores
1013 2809 1195 2875 populi
1229 2820 1535 2875 sequuntur
1568 2810 1877 2867 libidinem.
1913 2824 2019 2862 non
2063 2818 2146 2861 est
2180 2822 2305 2875 per-

728 2900 999 2954 suasionis
1041 2900 1284 2955 ell‘ectrix
1344 2902 1637 2966 rhetorica,
1712 2901 2162 2970 quandoquidem
2215 2912 2310 2951 eos

732 3005 761 3042 a
798 2991 1143 3045 multitudine
1200 2993 1539 3060 persuaderi,
1604 3007 1709 3045 non
1768 2994 1913 3057 ipsos
1982 2991 2313 3059 persuadere

733 3081 910 3134 docet.
949 3080 1185 3134 Proinde
1220 3084 1309 3135 ubi
1345 3084 1415 3135 sit
1462 3084 1803 3136 mendacium
1843 3082 2153 3134 considera.
2224 3081 2313 3131 Et-

732 3172 877 3224 enim
913 3170 1067 3225 Plato
1087 3174 1240 3227 nobis
1274 3172 1551 3226 Platonem
1585 3174 1804 3233 refutat,
1840 3182 1894 3225 et
1921 3176 2061 3241 quod
2088 3181 2172 3226 cst
2200 3186 2314 3223 ma-

735 3263 961 3323 ximum,
1002 3278 1104 3315 non
1138 3266 1345 3331 procul,
1374 3280 1557 3316 verum
1589 3266 1640 3317 in
1677 3266 1761 3318 his
1793 3266 1924 3329 ipsis
1965 3265 2313 3317 sermonibus

734 3353 1015 3419 permisle.
1052 3353 1158 3407 Nec
1193 3357 1333 3407 inter
1362 3356 1496 3407 alias
1529 3366 1696 3421 artes,
1748 3370 1885 3423 quas
1919 3356 2079 3407 modo
2112 3370 2317 3407 memo-

740 3448 951 3507 raham,
983 3448 1052 3498 sit
1110 3446 1441 3499 recensenda
1470 3464 1481 3509 ;
1509 3448 1601 3500 sed
1654 3457 1707 3499 et
1744 3448 2033 3515 plurimum
2094 3447 2320 3499 rationis

742 3539 956 3591 habeat.
989 3547 1082 3589 aut.
1122 3538 1298 3605 potius
1330 3546 1440 3589 tota
1480 3539 1687 3590 ratione
1742 3548 1982 3595 constet.
2036 3548 2091 3587 et
2147 3537 2320 3587 maxi-

744 3645 910 3689 mum,
944 3632 1195 3696 primum,
1230 3643 1294 3681 ac
1339 3626 1791 3694 perfectissimum
1832 3629 1900 3681 sit
1938 3628 1989 3679 itt
2019 3629 2177 3679 rebus
2214 3628 2318 3678 bu-

745 3721 939 3782 tuanis,
971 3721 1254 3788 omnisque
1284 3720 1413 3782 voti,
1458 3730 1515 3772 ut
1548 3721 1619 3771 ita
1644 3722 1843 3782 dicam,
1881 3719 2025 3772 linis.
2057 3718 2323 3770 Existimo

747 3812 911 3878 igitur
943 3827 1129 3865 omnes
1198 3814 1271 3872 id,
1322 3813 1632 3879 quicunque
1688 3822 1938 3880 p0:.~Ulll,
2004 3824 2324 3864 assensuros

747 3919 889 3965 esse,
920 3920 1025 3957 non
1064 3906 1249 3956 eadem
1286 3916 1479 3957 natura
1516 3906 1764 3957 homines
1805 3919 1924 3956 esse
1959 3912 2133 3965 natos,
2172 3902 2263 3955 sed
2296 3917 2325 3953 e

750 3999 958 4051 duabus
986 4000 1225 4064 partibus
1258 4013 1272 4049 :
1304 3999 1527 4049 alteram
1561 3998 1665 4048 vim
1711 3997 1928 4059 inferre,
1965 4003 2019 4048 el
2045 3995 2217 4046 aliena
2248 3995 2327 4045 itt-

752 4090 945 4141 vadere
979 4091 1173 4150 solere,
1225 4105 1388 4155 quam
1429 4088 1859 4154 pnestautioretn
1904 4085 2027 4153 quis
2096 4084 2321 4143 dixerit,

750 4193 857 4230 non
875 4180 1088 4245 quidem
1120 4179 1317 4229 virtme
1344 4178 1435 4229 sed
1463 4178 1669 4228 viribus
1698 4191 1710 4226 ι
1747 4176 1971 4229 alteram
2006 4189 2135 4224 vero
2160 4174 2323 4235 vinci,

750 4279 804 4321 et
832 4284 953 4322 eum
986 4268 1271 4335 prohibere
1310 4277 1563 4333 nequeat,
1593 4268 1817 4319 invitam
1859 4267 2180 4329 concedere,
2207 4279 2327 4331 quaa

752 4371 835 4411 est
884 4358 1320 4411 imbecilliorum.
1372 4358 1483 4409 Hac
1522 4372 1650 4425 ergo
1708 4360 1773 4407 de
1836 4371 1996 4408 causa
2054 4357 2325 4417 homines,

752 4451 834 4504 vel
860 4453 931 4504 dii
968 4453 1243 4504 hominmu
1274 4454 1466 4520 gratia,
1509 4450 1614 4501 tale
1647 4449 1775 4518 quid
1813 4448 2158 4507 invenerunt,
2184 4446 2327 4513 quod

752 4549 807 4593 et
842 4542 947 4594 vim
980 4543 1282 4605 cohiberet,
1313 4551 1368 4595 et
1411 4543 1684 4608 aequitatis
1729 4540 1979 4591 Omnibus
2019 4554 2079 4587 ac
2106 4538 2328 4603 iustitiae

753 4636 945 4703 pignus
984 4646 1147 4699 esset,
1188 4635 1439 4703 idemque
1483 4644 1587 4686 tam
1637 4633 1797 4700 vulgo
1836 4632 2119 4699 prodesset
2164 4645 2325 4697 quam

756 4727 821 4778 iis
851 4728 940 4793 qui
981 4727 1084 4778 vim
1114 4727 1497 4779 excercebant.
1529 4723 1661 4775 Nam
1706 4738 1803 4775 nec
1839 4724 1890 4775 hi
1926 4738 2142 4774 suarum
2176 4732 2335 4774 erant

757 4816 1077 4883 injuriarum
1111 4818 1415 4869 mercedem
1441 4814 1680 4875 evasuri,
1731 4814 1858 4881 quin
1888 4812 2335 4865 imbecillioribus

758 4922 787 4959 a
831 4924 889 4960 se
944 4909 1171 4961 invicem
1208 4910 1441 4975 primutn
1489 4907 1746 4973 paulatim
1805 4904 2128 4965 interfectis,
2175 4914 2337 4965 atque

762 5000 831 5050 ita
868 5000 1089 5067 reliquis
1119 5015 1335 5066 semper
1376 4998 1622 5059 sublatis,
1658 5012 1715 5049 se
1762 5006 1947 5047 mutuo
1992 4996 2223 5060 denique
2258 4994 2338 5044 iu-

760 5092 1038 5151 v‘adereut,
1058 5091 1507 5157 quemadmodum
1527 5091 1591 5141 de
1610 5086 1819 5156 Spartis
1836 5085 2050 5152 legitur,
2078 5084 2174 5136 nisi
2200 5082 2337 5137 forte

761 5183 864 5236 hoc
894 5182 1059 5235 etiam
1097 5182 1304 5234 iudicat
1332 5180 1537 5233 fabula.

2400 1987 2657 2053 χομέναις
2685 1988 2803 2047 ταῖς
2836 1986 2881 2017 ’⁸
2902 1986 3221 2054 ἐπιθυμίαις
3248 2005 3261 2051 ;
3294 1988 3465 2038 ’Ὅταν
3487 1990 3598 2054 γὰρ
3624 1990 3715 2059 δέῃ
3744 1990 3843 2059 μὲν
3877 1991 3993 2042 δια-

2400 2077 2575 2125 κονεῖν
2608 2076 2841 2139 πολλοῖς,
2870 2071 3014 2128 οὗτοι
3043 2077 3088 2127 δ’
3128 2076 3203 2138 ὡς
3240 2076 3313 2146 μὴ
3346 2079 3484 2129 κατὰ
3504 2080 3674 2130 ταύτά
3695 2080 3995 2145 γινώσκον-

2400 2184 2511 2229 τες,
2541 2169 2675 2218 πᾶσι
2706 2167 2761 2219 δὲ
2804 2167 3084 2235 ἀμήχανον
3142 2170 3254 2229 τοῖς
3315 2168 3578 2229 τοιούτοις
3621 2168 3749 2239 [675
3785 2170 3882 2241 ΙΙ.]
3929 2174 3994 2223 ἐκ

2396 2258 2508 2309 τῶν
2538 2258 2717 2310 αὐτῶν
2773 2260 2840 2311 τὰ
2880 2258 3018 2309 αύτά
3050 2259 3096 2290 ⁹⁹
3141 2258 3479 2327 χαρίζεσθαι,
3519 2259 3681 2330 [1259
3726 2261 3817 2332 IL]
3876 2263 3993 2324 πῶς

2403 2347 2496 2402 οὖν
2533 2352 2559 2401 ὁ
2593 2352 2777 2419 ῥήτωρ
2849 2349 3178 2418 θεραπεύσει
3226 2350 3327 2410 τὰς
3369 2350 3663 2419 ἐπιθυμίας
3709 2353 3725 2382 ²
3773 2352 3990 2414 αὑτῶν;

2405 2443 2522 2511 ἅμα
2583 2444 2693 2512 γὰρ
2751 2446 3026 2512 χαριεῖται
3074 2445 3185 2504 τοῖς
3219 2443 3435 2512 ἑτέροις
3465 2445 3559 2496 καὶ
3608 2446 3733 2505 τοὺς
3770 2446 3995 2514 ἑτέρους

2407 2536 2645 2595 ἀνιάσει,
2673 2536 2814 2588 ῶστε
2850 2537 2911 2588 οὐ
2951 2536 3153 2605 μᾶλλον
3182 2536 3320 2605 πρὸς
3350 2537 3599 2607 ἡδονὴνῆ
3636 2537 3773 2607 πρὸς
3797 2538 3997 2605 ἀηδίαν

2408 2628 2542 2694 ὲρεῖ.
2597 2626 2807 2679 υύκοῦν
2839 2630 2859 2658 ⁸
2888 2630 2937 2678 εί
2983 2630 3081 2697 μὲν
3110 2629 3143 2697 ἡ
3172 2629 3440 2697 ῥητορικὴ
3480 2629 3701 2689 πειθοῦς
3732 2630 3999 2696 δημιουρ-

2410 2721 2503 2786 γὸς
2540 2720 2635 2771 καὶ⁵
2665 2720 2725 2771 τὸ
2763 2719 2975 2772 πείθειν
3031 2719 3141 2772 τῶν
3201 2719 3469 2789 ρητόρων,
3506 2721 3567 2771 οὺ
3607 2721 4000 2776 κολακεύουσιν

2410 2813 2458 2862 οἱ
2484 2812 2831 2879 ῥήτορες·ού
2894 2812 3003 2878 γὰρ
3054 2809 3365 2861 διακονοῦσι
3416 2813 3527 2871 τοῖς
3578 2810 3813 2873 πολλοῖς,
3863 2812 4001 2863 ἀλλά

2415 2903 2711 2954 πείθουσιν.
2741 2902 2803 2953 Ei
2822 2902 2865 2953 δ’
2897 2903 2945 2952 oi.
2970 2902 3199 2969 ῥήτορες
3223 2901 3293 2953 τά
3330 2900 3590 2953 δοκοῦντα
3616 2902 3836 2967 λέγουσι
3889 2905 4003 2964 τοῖς

2415 2996 2648 3057 πολλοῖς,
2679 2994 2739 3046 οὐ
2776 2994 3163 3062 δημιουργδςὴ
3208 2994 3474 3064 ῥητορικὴ
3512 2995 3733 3058 πειθοῦς
3761 3011 3774 3023 ·
3814 2995 4004 3047 πειθο-

2420 3087 2613 3154 μένους
2648 3086 2754 3153 γάρ
2782 3088 2892 3145 τοῖς
2934 3086 3171 3145 πολλοῖς,
3213 3086 3327 3136 ἀλλ’
3357 3087 3416 3137 οὺ
3449 3086 3733 3148 πείθοντας
3766 3088 4007 3155 παρέχε-

2368 3230 2381 3245 ‘
2420 3194 2531 3229 ται.
2559 3174 2701 3243 Πρὸς
2750 3174 2924 3227 ταῦτα
2973 3172 3093 3225 ἑλοῦ
3126 3173 3426 3243 ὀποτέρωθι
3446 3175 3506 3225 τὸ
3534 3174 3745 3243 ψεῦδος.
3777 3174 4006 3226 Πλάτων

2422 3268 2678 3336 γὰρήμῖν
2736 3266 2947 3333 ἐλέγχει
3016 3264 3298 3329 Πλάτωνα,
3358 3267 3450 3318 καὶ
3505 3267 3564 3317 τὸ
3605 3266 3913 3329 κάλλιστον,
3945 3268 4007 3317 οὑ

2426 3358 2731 3427 πόρρωθεν,
2762 3357 2875 3409 ἀλλ’
2900 3359 2964 3407 ἐκ
2998 3355 3107 3408 τῶν
3146 3357 3327 3407 αὐτῶν
3358 3359 3377 3387 ⁸
3412 3358 3506 3408 καὶ
3534 3360 3645 3417 τοῖς
3673 3357 3855 3413 αὐτοῖς
3884 3356 4012 3407 τού-

2422 3467 2533 3509 τοις
2566 3448 2746 3514 λόγοις
2774 3445 2994 3515 ἀναμίξ.
3049 3447 3183 3498 Οὐδὲ
3238 3447 3355 3515 μεθ’
3392 3446 3411 3475 ⁸
3442 3441 3515 3497 ὧν
3543 3448 3743 3514 ἀρτίως
3777 3446 4010 3515 διεξῄειν

2423 3538 2628 3607 τεγνῶν
2661 3533 2801 3590 εἶναι
2838 3537 2947 3590 τῶν
3009 3536 3242 3600 πολλῶν,
3304 3537 3439 3589 ἀλλὰ
3492 3540 3586 3589 καὶ
3613 3538 3631 3567 ⁸
3667 3536 3769 3607 [ὅτι
3804 3536 4010 3607 τοίνυν]

2426 3632 2678 3681 πλεῖστον
2704 3630 2862 3695 λόγου
2888 3629 3117 3697 μετέχον
3147 3630 3178 3696 ή
3209 3630 3493 3699 ῥητορικὴ,
3523 3630 3721 3696 μᾶλλον
3744 3630 3788 3681 δ’
3818 3630 3967 3681 ἅπαν
3992 3632 4013 3659 ⁸

2427 3724 2481 3771 ἐν
2517 3722 2713 3787 λόγοις,
2744 3722 2837 3772 καὶ
2854 3722 3107 3787 μέγιστον
3129 3721 3224 3771 καὶ
3255 3720 3469 3787 πρῶτον
3492 3719 3599 3771 τῶν
3620 3721 3677 3771 ἐν
3703 3719 4013 3788 ἀνθρώποις

2428 3812 2521 3863 καὶ
2550 3811 2890 3864 τελεώτατον
2920 3813 3011 3863 καὶ
3049 3810 3245 3878 πέρας,
3276 3811 3325 3862 εί
3372 3805 3483 3863 οἷόν
3512 3811 3559 3863 τ’
3591 3812 3788 3871 εἰπεῖν,
3822 3810 4013 3879 εὐχῆς,

2428 3902 2576 3965 ἄξιον
2616 3902 2807 3964 δεῖξαι.
2844 3898 3012 3969 Οἶμαι
3039 3904 3057 3932 ⁷
3088 3903 3267 3954 τοίνυν
3331 3902 3577 3963 ἅπαντας
3633 3902 3698 3954 ἂν
3731 3903 3775 3965 ⁸,
3811 3897 3893 3963 οἷς
3922 3904 4015 3955 Ξυ-

2430 3993 2609 4054 νατὸν,
2646 3993 2933 4061 συμφῆσαι
2965 3992 3023 4043 τὸ
3052 3993 3125 4059 μὴ
3158 3994 3277 4043 κατ’
3297 3993 3435 4044 αὑτά
3464 3992 3624 4060 φῦναι
3646 3994 3772 4055 τοὺς
3804 3992 4018 4061 ἀνθρώο

2430 4101 2584 4145 πούς,
2621 4082 2757 4135 ἀλλά
2778 4082 2920 4135 δυοῖν
2956 4082 2977 4113 ⁹
3011 4082 3274 4151 μερίδοιν,
3317 4082 3415 4151 τὴν
3442 4083 3540 4151 μὲν
3582 4083 3699 4134 οἵαν
3732 4082 4016 4149 βιάζεσθαι

2432 4177 2526 4228 καὶ
2556 4175 2903 4225 πλεονεκτεῖν
2938 4170 3077 4227 εἶναι
3115 4176 3180 4239 ¹⁰,
3232 4177 3297 4244 ἦν
3333 4176 3439 4226 τῶν
3480 4175 3809 4243 κρειττόνων
3837 4191 3922 4233 τις
3951 4174 4017 4224 ἂν

2431 4271 2593 4329 εἴποι,
2622 4268 2765 4332 λέγω
2797 4268 2841 4319 δ’
2883 4268 2981 4320 οὐκ
3024 4259 3539 4336 ἀρετῇβελτιὸνων,
3582 4266 3697 4317 ἀλλ’
3742 4264 4020 4333 ἰσχυροτέ-

2441 4376 2546 4427 ρων
2577 4359 2640 4420 ¹¹,
2668 4357 2768 4424 τὴν
2800 4359 2856 4409 δὲ
2886 4360 3004 4411 οἷαν
3031 4358 3382 4410 ἐλαττοῦσθαι
3414 4359 3508 4410 καὶ
3536 4358 3686 4425 παρά
3721 4358 3762 4386 ¹¹
3792 4357 4021 4425 γνώμην

2436 4451 2740 4518 συγχωρεῖν
2772 4450 3000 4520 ἀπειρίᾳ
3027 4449 3121 4501 τοῦ
3151 4450 3404 4512 κωλύειν,
3437 4451 3503 4517 ἣν
3548 4450 3657 4500 τῶν
3696 4448 4022 4499 ἀσθενεστέ-

2361 4568 2404 4619 D
2439 4560 2546 4611 ρων
2573 4542 2736 4594 οὖσαν
2763 4542 3103 4610 γινώσκομεν
3121 4542 3186 4594 ¹³.
3216 4541 3388 4593 Τοῦτο
3416 4536 3508 4592 οὖν
3529 4537 3667 4593 εἶναι
3694 4541 3736 4570 ’⁵
3767 4540 3941 4592 αἴτιον
3962 4538 4024 4589 τὸ

2437 4634 2670 4699 ποιῆσαν
2706 4635 2885 4703 εὑρεῖν
2908 4650 2959 4685 τι
2986 4632 3233 4685 τοιοῦτον
3260 4632 3582 4702 ἀνθρώπους
3617 4634 3656 4663 ⁸⁵
3676 4633 3817 4701 ὑπὲρ
3840 4630 4024 4683 αὐτῶν

2436 4725 2468 4792 ἢ
2503 4724 2659 4785 θεούς
2693 4740 2755 4789 γε
2786 4724 2926 4793 ὑπὲρ
2972 4725 3082 4775 τῶν
3112 4724 3156 4754 ¹⁸
3186 4722 3513 4794 ἀνθρώπων,
3550 4724 3578 4775 ὃ
3613 4723 3710 4791 τὴν
3740 4724 3840 4792 μὲν
3872 4724 4024 4790 ἰσχὺν

2438 4814 2745 4881 ἐπισχήσει,
2798 4811 2893 4862 τοῦ
2954 4812 3009 4863 δὲ
3066 4813 3180 4863 ἴσου
3230 4813 3323 4864 καὶ
3375 4813 3585 4863 δικαίου
3627 4814 3795 4863 πᾶσιν
3833 4810 4022 4880 ῶσπερ

2442 4906 2696 4972 ἐνέχυρον
2718 4904 3030 4971 γενήσεται.
3055 4904 3246 4954 ταυτὸν
3272 4906 3385 4965 τοῖς
3413 4920 3470 4954 τε
3500 4904 3709 4961 πολλοῖς
3743 4904 4025 4971 συμφέρον

2444 4996 2537 5045 καὶ
2568 4996 2679 5055 τοῖς
2707 4994 2841 5063 πρὸς
2882 4993 2941 5044 τὸ
2979 4992 3263 5061 βιάζεσθαι
3320 4994 3622 5061 πεφυκόσιν
3655 4992 3859 5053 αὐτοῖς.
3895 4991 4026 5044 Οὐδὲ

2444 5085 2552 5154 γὰρ
2596 5086 2793 5136 ἐκεῖνοι
2848 5085 3069 5154 ἔμελλον
3134 5087 3493 5152 ἐκφεύξεσθαι
3537 5084 3643 5136 τῶν
3689 5083 3891 5135 ἀδίκων
3940 5082 4028 5133 καὶ

2444 5173 2632 5226 κακῶν
2679 5174 2857 5243 ἔργων
2911 5177 3232 5243 τάπίχειρα,
3286 5176 3423 5227 ἀλλά
3475 5177 3585 5227 τῶν
3616 5173 4027 5226 ἀσθενεστάτων

763 5276 994 5345 πρώτων
1022 5277 1417 5348 ἀναιρεθέντων
1446 5276 1620 5327 ἄλλων
1644 5272 1733 5325 ὑπ’
1765 5270 1941 5324 ἄλλων
1977 5268 2118 5321 κατὰ
2146 5267 2340 5337 μικρὸν
2379 5268 2550 5330 οὕτως
2616 5269 2703 5320 ἀεὶ
2756 5270 2862 5321 τῶν
2907 5270 3107 5321 λοιπῶν
3150 5270 3629 5339 ύπεξαιρουμένων
3680 5266 3873 5335 ἔμελλε
3945 5282 4025 5316 τεο

2057 5384 2290 5437 VARIA‘J
2330 5382 2738 5439 LECTIUNES.

835 5488 881 5519 ⁸⁸
913 5488 1217 5557 συμϐούλου
1246 5505 1307 5550 ς.
1368 5553 1378 5557 _
1412 5486 1461 5557 θ’,
1492 5484 1723 5557 ἀκοῦσαι
1759 5500 1865 5557 om.

769 5560 815 5592 "
840 5553 1031 5610 ἑαυτοῦ
1070 5575 1129 5620 ς’.
1241 5560 1285 5589 ⁹⁵
1322 5553 1396 5626 μὴ
1417 5555 1505 5624 δὴ]
1542 5575 1591 5620 ιι.
1628 5557 1714 5608 79.

771 5628 917 5680 ὲπιθ.
943 5632 1209 5695 χαριεῖται
1234 5630 1349 5688 ταῖς
1378 5626 1693 5692 ἐπιθυμίαις
1726 5626 1791 5676 Α.

774 5700 867 5749 καὶ
888 5712 996 5751 om.
1034 5701 1098 5751 Α.
1208 5696 1228 5726 ⁸
1255 5698 1422 5765 ἆπαν]
1464 5698 1527 5748 αὑ
1562 5697 1666 5746 πᾶν
1698 5696 1761 5747 Α.

773 5770 943 5836 κτεῖν.
1023 5767 1061 5798 ⁸⁸
1100 5768 1460 5836 ἰσχυροτέρων
1484 5781 1593 5817 om.
1629 5767 1693 5817 Α.

776 5835 955 5900 εὑρεῖν
999 5835 1161 5907 ponit
1191 5839 1258 5890 A.

1863 5626 1881 5654 ³
1908 5623 2125 5685 οὐκοῦν]
2157 5638 2206 5690 p.
2229 5623 2316 5672 80.

1868 5695 1885 5721 ⁷
1922 5690 2096 5758 οἶμαι]
2129 5707 2179 5757 p.
2210 5691 2300 5745 81.

1371 5838 1413 5867 ¹⁶
1438 5836 1546 5888 τῶν
1576 5850 1685 5890 om.
1716 5834 1780 5887 A.

2067 5484 2111 5514 9"
2148 5481 2318 5533 ταῦτα
2346 5498 2453 5533 om.
2485 5481 2550 5533 Α.

1817 5554 1933 5585 90.91
1963 5552 2345 5619 ῖνα-φανείης
2382 5567 2490 5603 om.
2524 5554 2587 5603 Λ.

2392 5620 2411 5650 ³
2441 5618 2644 5681 αὐτῶν]
2675 5620 2853 5672 αὐτῶν
2886 5622 3055 5684 λόγων
3084 5623 3145 5673 Α.

2403 5692 2423 5721 ⁸
2455 5691 2543 5756 av]
2574 5690 2672 5750 τὰς
2724 5688 3139 5757 ἀνθρώπουςῨΛ.

1774 5764 1887 5795 ¹¹·¹³
1914 5766 2004 5815 καὶ
2034 5758 2595 5831 παρά--γινώσκομεν
2629 5775 2740 5815 om.
2790 5760 2853 5813 Λ.

2655 5482 2697 5510 ⁸⁸
2730 5478 2954 5547 πάντες]
2981 5496 3031 5546 p.
3065 5477 3155 5530 76.
3232 5478 3279 5507 θ’
3314 5476 3513 5535 ἑαυτῆς
3542 5492 3633 5547 ς.Δ
3679 5475 3727 5547 ξ³
3757 5472 3857 5543 τῷ]
3884 5474 3943 5524 τὸ

2713 5550 2831 5581 ⁸⁸³⁸³
2866 5543 3193 5611 ταῖς-πᾶσι
3222 5548 3277 5598 δὲ
3311 5564 3417 5599 out.
3457 5548 3517 5597 Α.
3623 5545 3636 5573 ¹
3676 5543 3879 5605 θεραπ.
3940 5546 4033 5597 τὰς

3220 5618 3289 5651 ...ι
3326 5615 3445 5667 οὐδὲ
3475 5614 3593 5682 μεθ’
3628 5614 3701 5676 (ρ,
3730 5613 4032 5677 81)-ἀλλά

3241 5688 3261 5718 ’
3292 5687 3433 5738 δυεῖν
3472 5702 3528 5741 ς.
3611 5686 3652 5713 ¹⁹
3690 5685 3787 5734 καὶ
3820 5683 4027 5735 πλεονε-

2959 5762 3000 5793 ¹δ
3025 5754 3187 5819 εἶναι]
3218 5750 3283 5826 ἦν
3324 5757 3388 5807 Α.
3472 5756 3512 5785 ¹⁵
3541 5752 3870 5821 ἀνθρώπους
3916 5760 4026 5807 οτιιε
