4216 6430
236 404 378 467 1505

225 517 537 580 λευτῶντας
597 516 796 580 αὐτοὺς
844 517 935 586 ὑφ’

226 609 491 661 νίττεται.

1283 403 1814 465 BIBLIOTHECA.
1844 430 1912 443 -
1949 403 2112 465 COD.
2145 402 2470 465 CCXLVII.

1033 517 1257 581 ἑαυτοὺς
1326 518 1535 585 ἐλθεῖν,
1612 520 1807 591 ὥσπερ
1848 520 1984 589 φασὶ
2017 518 2144 580 τοὺς
2170 515 2472 584 σπαρτοὺς,
2500 514 2550 567 εί
2594 513 2706 585 ἄρα
2758 512 2854 567 καὶ
2887 514 2915 567 ό
2958 512 3129 584 μῦθος
3193 515 3354 572 τοῦτο
3420 522 3507 572 αἰ-

3371 403 3509 471 1506

305 703 460 757 Ἔδει
510 702 576 765 δὴ
634 701 679 735 ¹⁷
727 701 904 755 κοινόν
955 717 1012 755 τι
1062 702 1356 773 φάρμακον
1402 704 1692 774 εὑρεθῆναι
1719 710 1798 775 τῷ

1971 704 2271 759 Commune
2313 702 2583 773 quoddam
2618 703 2711 759 tati
2768 704 2949 774 generi
2987 704 3085 760 fuit
3116 704 3318 777 5.15:1
3351 708 3507 763 inve-

230 793 398 860 γένει,
453 791 651 847 ταύτὸν
693 792 866 845 ἅπασι
913 794 1214 864 συμψέρον,
1244 797 1355 857 τοῖς
1392 796 1652 865 ίσχυροίς,
1701 798 1813 857 τοῖς

227 888 438 956 ἥττοσι,
487 889 602 950 τοῖς
660 886 983 952 ιπιεικισιν,
1028 886 1103 951 ὡς
1128 887 1256 951 τοὺς
1298 888 1397 957 μὲν
1428 889 1462 958 ἢ
1495 889 1537 920 ¹⁸
1569 888 1813 943 κωλῦσαι

234 982 346 1048 πρὸ
370 980 480 1033 τῶν
532 978 951 1048 ἀδικημάτωνῆ
1006 979 1139 1049 παρ’
1162 979 1305 1031 αὐτά
1368 980 1812 1050 τιμωρήσασθαι,

227 1074 343 1132 τοῖς
371 1069 427 1122 δὲ
450 1070 635 1123 ἄδειαν
665 1069 760 1121 τοῦ
798 1070 917 1137 βίου
985 1070 1428 1139 παρασκευάσαι,
1470 1074 1581 1133 τοῖς
1626 1070 1685 1122 δὲ
1719 1071 1815 1140 χά-

230 1176 318 1227 ριν
344 1161 444 1228 τὴν
470 1159 812 1228 πρέπουσαν,
849 1159 965 1212 ὅσοι
987 1158 1047 1211 τὸ
1078 1159 1287 1212 δίκαιον
1316 1160 1520 1230 ἐτίμων
1575 1162 1812 1222 ἑκόντες.

230 1250 449 1321 Εὑρέθη
478 1251 657 1304 τοίνυν
710 1253 774 1303 ὲκ
822 1250 1029 1304 τούτων
1081 1252 1367 1323 ῥητορικὴ,
1419 1252 1515 1304 καὶ
1565 1250 1813 1323 παρῆλθε

229 1344 601 1415 συλακτήριον
657 1345 1003 1414 δικαιοσύνης
1044 1346 1139 1399 καὶ⁵
1198 1344 1637 1414 σύνδεσμοςτώ
1698 1344 1814 1414 βίου

226 1441 341 1500 τοῖς
375 1437 705 1508 ἀνθρώποις,
760 1440 910 1500 ὅπως
968 1438 1045 1506 μὴ
1112 1439 1234 1501 ταῖς
1285 1437 1464 1507 χερσὶ,
1510 1436 1646 1506 μηδὲ
1704 1438 1815 1498 τοῖς

225 1526 437 1588 ὅπλοις,
468 1527 605 1596 μηδὲ
636 1527 713 1595 τῷ
745 1527 1057 1597 προλαϐεῖν,
1095 1528 1229 1597 μηδὲ
1291 1527 1483 1596 πλήθει
1510 1528 1602 1580 καὶ
1648 1528 1817 1599 μεγέ-

226 1617 311 1669 θει
352 1619 416 1681 ⁸³,
450 1620 572 1687 μηδ’
598 1619 745 1687 ἄλλῳ
767 1619 874 1671 τῶν
909 1619 1109 1672 ἀνίσων
1160 1621 1351 1689 μηδενὶ
1383 1622 1428 1652 ⁸⁸
1474 1621 1716 1690 κρίνοιτο
1743 1621 1814 1674 τὰ

227 1707 561 1777 πράγματα,
620 1708 735 1760 ἀλλ’
779 1712 808 1762 ό
868 1710 1025 1776 λόγος
1065 1711 1127 1763 τὸ
1195 1712 1401 1764 δίκαιον
1470 1713 1555 1778 ἐφ’
1583 1713 1812 1783 ἡσυχίας

226 1800 450 1869 διαιροῖ.
495 1799 662 1869 Ἀρχὴ
712 1800 813 1867 μὲν
860 1795 952 1852 οὖν
981 1800 1025 1831 “
1052 1799 1190 1870 αὕτη
1233 1802 1328 1854 καὶ
1390 1805 1549 1871 φύσις
1589 1807 1810 1875 ῥητορι-

228 1891 358 1959 κῆς,
415 1891 509 1943 καὶ
543 1890 790 1959 βούλημα
825 1890 1003 1955 τοῦτο,
1029 1891 1207 1946 σῶσαι
1241 1894 1451 1957 πάντας
1488 1895 1810 1966 ἀνθρώπους

228 1981 329 2032 καὶ
359 1979 459 2049 τὴν
494 1980 613 2048 βίαν
634 1983 721 2033 6ιά
753 1980 851 2049 τῆς
880 1982 1101 2045 πειθοῦς
1122 1982 1467 2038 ἀπώσασθαι.
1489 1988 1740 2040 Φαίνεται
1764 1988 1808 2019 ⁸³

1922 795 2178 849 niendum
2231 796 2556 859 remedium,
2637 796 2781 862 quod
2809 798 3061 852 onmibus
3124 811 3271 854 esset
3322 801 3496 854 utile:

1918 884 2177 949 fortibus,
2216 883 2599 949 imliecillibus,
2639 884 2824 953 justis,
2870 886 2941 939 ita
2972 895 3029 939 ιιι
3060 887 3134 941 illi
3180 888 3262 943 vel
3303 890 3500 958 injuste

1919 992 2082 1046 agere
2110 988 2445 1043 vetarentur,
2478 977 2561 1032 vel
2585 992 2705 1032 cum
2735 977 2928 1047 injuria
2957 980 3265 1048 puniretur,
3299 981 3349 1034 lii
3372 996 3500 1035 vero

1918 1084 2111 1124 secure
2163 1070 2431 1130 viverem.
2494 1072 2753 1139 postremi
2811 1079 2991 1124 autem
3051 1081 3321 1142 quatquot
3352 1073 3494 1129 ultro

1914 1157 2185 1227 justitiam
2210 1158 2484 1224 colebant,
2525 1162 2829 1212 mercedem
2864 1158 3149 1215 decentem
3187 1177 3497 1230 conseque-

1919 1261 2130 1305 rentur.
2170 1251 2391 1305 Inventa
2418 1259 2500 1305 est
2526 1250 2689 1319 igitur
2744 1251 3037 1316 rhetorica,
3082 1254 3497 1323 prodiitqueju-

1918 1343 2085 1396 stitia:
2114 1343 2385 1409 custodia,
2411 1352 2465 1397 et
2504 1343 2759 1396 humana:
2790 1343 2913 1397 vita:
2943 1344 3159 1411 copula,
3193 1360 3258 1397 ne
3279 1349 3359 1397 vel
3385 1361 3498 1397 ma-

1918 1432 2101 1493 nibus,
2136 1431 2217 1486 vel
2255 1432 2443 1497 armis,
2481 1431 2564 1487 vel
2608 1433 2989 1501 occupatione,
3025 1434 3108 1485 vel
3151 1432 3499 1489 multitudine

1916 1534 1981 1574 ac
2005 1522 2390 1587 magnitudine,
2426 1522 2507 1574 vel
2544 1523 2646 1576 alia
2677 1536 2732 1576 re
2764 1522 2942 1589 aliqua
2983 1522 3235 1591 inequali
3264 1538 3352 1577 res
3379 1524 3497 1576 dis-

1914 1622 2291 1675 cernerentur,
2319 1615 2495 1682 potius
2533 1630 2695 1681 quam
2724 1616 2861 1668 ratio
2909 1631 3065 1669 suum
3099 1618 3297 1685 cuique
3343 1628 3496 1671 tran-

1914 1705 2082 1773 quille
2129 1706 2416 1759 tribueret.
2449 1704 2575 1760 Haec
2604 1707 2771 1774 igitur
2796 1716 2880 1761 est
2930 1710 3083 1775 origo
3118 1709 3404 1764 rhetorica:
3444 1719 3500 1764 et

1916 1806 2131 1859 natura,
2168 1796 2269 1849 hoc
2310 1794 2429 1862 ejus
2480 1798 2841 1866 propositum,
2882 1808 2940 1852 ut
3003 1815 3196 1855 omnes
3243 1800 3497 1856 homines

1914 1896 2227 1950 conservet,
2257 1899 2310 1941 et
2337 1888 2440 1940 vim
2469 1889 2821 1956 persuasione
2850 1890 3097 1960 repellat.
3149 1892 3498 1961 Quapropter

1916 1977 2162 2030 eamdem
2192 1978 2461 2031 rhetorica
2484 1994 2647 2047 quam
2683 1993 2775 2034 ars
2814 1979 2989 2050 legum
3020 1980 3377 2036 ferendarum
3411 1992 3498 2038 est

222 2072 412 2123 τοίνυν
439 2073 471 2141 ἡ
502 2072 768 2142 ῥητορικὴ
801 2076 867 2142 τῇ
892 2073 939 2104 ³⁸
962 2074 1284 2145 ’νομοθετικῇ
1310 2075 1409 2145 τῆς
1429 2077 1601 2147 αὐτῆς
1629 2096 1809 2148 μετει-

1918 2076 2166 2121 inituram
2213 2068 2428 2132 sortita,
2502 2070 2547 2123 si
2597 2070 2819 2139 quidem
2871 2081 3159 2140 utramque
3204 2074 3500 2142 diligenter

224 2161 437 2229 ληφυῑα
465 2162 700 2230 φύσεως,
749 2164 909 2233 ειπερ
937 2164 981 2194 ’⁵
1005 2166 1064 2217 τό
1096 2183 1158 2234 γε
1189 2168 1417 2238 ἀκριόὲς
1458 2168 1546 2221 ἐπ’
1569 2171 1813 2238 ἀμφοτέ-

228 2272 342 2324 ρων
361 2256 444 2308 δεῖ
492 2257 719 2326 θεωρεῖν
749 2259 795 2289 ⁸⁸
822 2274 837 2289 ·
879 2260 1077 2329 μᾶλλον
1104 2260 1160 2313 δὲ
1194 2262 1360 2330 μέρος
1416 2257 1552 2315 οὖσα
1580 2262 1677 2330 τῆς
1716 2264 1811 2332 ῥη-

221 2344 452 2413 τορικῆς
482 2348 514 2415 ἡ
548 2345 889 2417 νομοθετικὴ,
921 2351 1015 2402 καὶ
1044 2353 1155 2413 τοῖς
1181 2352 1318 2404 πᾶσι
1352 2352 1601 2422 δευτέρα.
1644 2353 1766 2416 Πῶς
1793 2371 1807 2418 ;

226 2434 458 2504 Πρῶτον
510 2440 607 2503 μὲν
655 2440 736 2492 ὅτι
786 2443 881 2493 καὶ⁵
946 2442 1072 2512 περὶ
1120 2442 1301 2495 αὐτῶν
1356 2444 1463 2496 ἔδει
1501 2445 1609 2498 τῶν
1631 2445 1812 2514 νόμων

224 2526 389 2592 λόγου
416 2528 648 2603 [67611]
671 2531 765 2585 τοῦ
822 2532 1123 2597 πείθοντος.
1160 2534 1222 2587 El
1252 2535 1359 2605 γάρ
1400 2536 1446 2568 ³⁸
1474 2538 1621 2591 ἐστιν
1649 2537 1810 2607 εῦδη-

235 2623 331 2675 λον
370 2623 453 2675 ὅτι
487 2624 535 2674 oi
565 2624 718 2694 νόμοι
755 2625 854 2693 μὲν
891 2625 1031 2697 ὑπὲρ
1054 2626 1148 2679 τοῦ
1188 2628 1399 2689 πάντας
1429 2628 1491 2681 τὸ
1532 2631 1810 2700 προσῆκον

225 2714 377 2784 ἔχειν
397 2713 622 2782 ἔμελλον
642 2715 992 2785 τεθήσεσθαι,
1016 2716 1172 2771 τοῦτο
1201 2718 1258 2771 δὲ
1289 2719 1339 2771 oi
1371 2722 1436 2789 τῇ
1470 2722 1614 2788 χειρὶ
1630 2723 1810 2791 κρείτ-

224 2818 356 2863 τους
388 2800 617 2867 ἔμελλον
676 2802 1177 2872 συμϐουλήσεσθαι,
1212 2804 1330 2867 πῶς
1363 2806 1463 2859 οὑκ
1493 2807 1809 2875 ἀναγκαίως

224 2895 339 2949 ἔδει
370 2897 528 2965 λόγου
550 2897 642 2950 τοῦ
679 2899 957 2961 πείθοντος
981 2900 1081 2969 ήδη
1122 2900 1167 2930 ’⁷
1206 2917 1223 2965 ;
1253 2900 1315 2952 οὐ
1356 2901 1464 2971 γὰρ
1518 2901 1807 2969 βιάσασθαί

222 3002 290 3054 γε
321 2987 367 3019 ³⁸
395 2988 521 3057 ἐνῆν
549 2990 673 3051 τοὺς
710 2989 847 3059 πρὸς
876 2989 1015 3042 αὐτὸ
1047 2988 1206 3042 τοῦτο
1247 2990 1563 3057 πεφυκότας
1595 2991 1662 3054 ¹⁹,
1696 2992 1807 3044 οὐδ’

220 3074 294 3147 ἦν
324 3077 464 3148 αῦτη
490 3083 668 3149 νόμων
702 3081 874 3151 ἀρχή·
909 3080 1051 3149 ὑπὲρ
1080 3080 1191 3150 γὰρ
1219 3080 1383 3133 αὐτοῦ
1429 3081 1523 3134 τοῦ
1573 3081 1650 3151 μὴ
1690 3081 1803 3150 βιά-

223 3171 417 3235 ζεσθαι
451 3173 579 3233 τοὺς
604 3174 802 3240 νόμους
833 3173 940 3225 ἔδει
990 3171 1197 3224 θέσθαι.
1233 3170 1441 3225 Οὔκουν
1480 3168 1547 3242 ἦν
1600 3174 1807 3226 τιθέναι

224 3264 581 3333 βιασάμενον,
618 3262 779 3336 £252
819 3264 912 3336 8.]
941 3265 1076 3317 ἀλλὰ
1104 3264 1250 3316 τοῦτ’
1278 3261 1346 3335 ἦν
1405 3267 1623 3335 πρῶτον
1654 3267 1807 3336 παρὰ

217 3354 353 3417 τοὺς
372 3356 588 3423 νόμους.
602 3355 853 3407 Φαίνεται
873 3355 915 3386 ⁸⁸
932 3355 1109 3406 τοίνυν
1130 3353 1411 3407 κάνταῦθα
1427 3354 1468 3385 ³¹
1488 3356 1521 3424 ἡ
1544 3355 1806 3425 ῥητορικὴ
1835 3384 1875 3441 c

224 3445 529 3516 βουλομένη
595 3445 696 3515 μὲν
749 3447 921 3499 ταύτὰ
972 3449 1038 3515 τῇ
1095 3445 1413 3515 δικαστικῇ,
1445 3445 1700 3498 τοσοῦτον
1749 3447 1805 3498 δὲ

219 3538 436 3591 νικῶσα
458 3538 596 3589 ὅσων
626 3538 943 3607 ἀμφοτέρας
969 3537 1088 3608 [τὴν
1120 3537 1476 3608 νομοθετικὴν
1510 3539 1603 3589 καὶ
1651 3537 1798 3591 δικα-

222 3627 442 3699 στικὴν]
468 3628 510 3659 ³²
541 3628 754 3698 συνέχει
798 3630 930 3696 μόνη
976 3628 1229 3697 βεϐαίως.
1292 3628 1599 3698 Βουλομένη
1641 3628 1802 3700 γάρῆ

218 3720 512 3791 δικαστικὴ
543 3720 795 3791 καθάπερ
818 3722 875 3773 ἐν
918 3722 1066 3789 μάχῃ
1114 3722 1182 3790 τῇ
1244 3719 1564 3789 νομοθετικῇ
1607 3719 1802 3789 βοηθῆ-

220 3829 340 3875 σαι,
381 3812 575 3865 ταύτὸν
606 3812 807 3865 ἔπαθεν
834 3810 972 3881 αῦτη
1009 3812 1053 3842 ³³
1083 3812 1147 3880 τῇ
1191 3810 1539 3880 νομοθετικῇ.
1592 3811 1803 3879 Ἐκείνη

220 3919 282 3955 τε
310 3900 421 3971 γὰρ
453 3902 752 3972 ῥητορικῆς
776 3902 1039 3971 πρότερον
1072 3900 1117 3931 ³³
1135 3899 1377 3968 ἐδέησεν,
1404 3898 1543 3951 ὥστε
1569 3898 1741 3969 ταύτῃ
1759 3898 1802 3928 ³⁸

218 3998 371 4067 ἔχειν
405 3995 638 4064 πάροδον
666 3996 793 4055 τοὺς
830 3994 1050 4061 νόμους,
1100 3992 1133 4060 ἦ
1158 4008 1216 4042 τε
1266 3989 1555 4058 δικαστικὴ
1619 3991 1804 4060 σχῆμα

218 4087 522 4157 ἐπικούρου
541 4086 780 4139 λαϐοῦσα
798 4088 905 4147 τοῖς
930 4085 1134 4151 νόμοις,
1165 4082 1303 4152 αὑτὴ
1335 4082 1597 4151 πρότερον
1632 4098 1803 4151 προσ-

215 4180 419 4251 εδεήθη
455 4181 499 4212 ³⁸
534 4179 633 4248 τῆς
672 4180 821 4244 παρᾶ
861 4176 959 4245 τῆς
996 4175 1293 4246 ῥητορικῆς
1350 4173 1623 4243 βοηθείας.
1654 4175 1801 4226 Ἔδει

215 4276 333 4343 γὰρ
360 4270 653 4340 δυνηθῆναι
690 4268 978 4340 βοηθῆσαι,
1016 4266 1174 4319 τοῦτο
1206 4266 1251 4318 δ’
1281 4265 1382 4319 οὐκ
1428 4261 1496 4335 ἦν
1544 4266 1673 4317 ἄνευ
1706 4267 1803 4334 ῥη-

214 4363 471 4432 τορικῆς.
522 4361 796 4431 Πρότερον
831 4360 874 4390 ³⁷
930 4354 1022 4411 οὖν
1085 4356 1369 4426 πολιτικῆς
1432 4359 1618 4427 μορίου
1653 4357 1803 4409 εἴδω-

214 4455 313 4506 λον
361 4454 395 4519 ἠ
426 4451 713 4521 ῥητορικὴ,
749 4450 781 4519 ἢ
811 4450 879 4503 τὰ
932 4452 1031 4520 τῆς
1066 4449 1373 4517 πολιτικῆς,
1425 4447 1501 4509 ὼς
1556 4448 1619 4499 σὺ
1672 4448 1779 4517 φῂς

217 4543 393 4613 μόρια
424 4543 528 4595 ὑπὸ
581 4541 679 4611 τῆς
743 4543 1038 4610 ῥητορικῆς
1087 4540 1417 4608 συνέχεται;
1460 4538 1582 4606 ἐμοὶ
1614 4536 1660 4570 ³⁸
1703 4538 1800 4607 μὲν

213 4634 331 4703 γὰρ
354 4633 430 4697 ὼς
481 4632 699 4701 ἀληθῶς
728 4632 789 4682 οὐ
843 4633 1143 4703 ῥητορικὴν
1192 4632 1250 4682 ιν
1294 4627 1507 4690 τούτοις
1552 4627 1798 4692 κακίζειν

1916 2159 2145 2211 Velimus
2190 2160 2480 2228 inspicere,
2508 2171 2672 2227 atque
2707 2163 2842 2215 adeo
2896 2178 3023 2230 pars
3073 2173 3157 2218 est
3207 2165 3497 2221 rhetoricae

1914 2265 2003 2304 ars
2038 2251 2239 2319 legum,
2265 2261 2427 2320 atque
2479 2253 2534 2306 in
2581 2253 2837 2308 omnibus
2883 2255 3133 2310 inferior.
3163 2255 3497 2323 Quomodo?

1912 2341 2151 2395 Primum
2182 2344 2326 2397 enim
2357 2344 2487 2412 ipsis
2517 2343 2681 2398 etiam
2716 2345 2925 2415 legibus
2947 2348 3196 2402 oratione
3218 2360 3336 2404 erat
3357 2366 3496 2421 opus

1913 2434 1980 2488 ad
2020 2438 2475 2503 persuadendum.
2532 2438 2744 2493 Etenim
2770 2438 2815 2492 si
2847 2439 2996 2509 leges
3018 2455 3080 2494 ea
3112 2442 3179 2496 de
3213 2458 3403 2506 causa,
3436 2454 3495 2497 ut

1910 2541 2067 2579 suum
2093 2528 2288 2595 cuique
2307 2528 2723 2593 concederetur,
2748 2541 2905 2585 erant
2938 2531 3196 2601 ferendae,
3227 2535 3278 2591 id
3307 2545 3493 2591 autem

1912 2615 2225 2673 fortissimis
2252 2622 2561 2689 quibusque
2585 2622 2913 2689 placiturum
2944 2640 3050 2679 non
3079 2639 3219 2691 erat,
3265 2631 3493 2686 omnino

1912 2707 2015 2761 fuit
2052 2710 2313 2765 adhibere
2356 2713 2660 2766 orationem
2737 2716 3134 2769 necessarium.
3177 2715 3315 2773 Nam
3373 2721 3482 2774 vim

1912 2802 2130 2870 quidem
2166 2818 2274 2857 non
2330 2803 2532 2859 licebat
2597 2806 2666 2859 iis
2728 2806 2952 2873 inferre,
3006 2811 3098 2878 qui
3153 2810 3312 2866 liberi
3378 2813 3492 2867 nati

1910 2902 2115 2955 essent,
2144 2908 2243 2947 nec
2276 2895 2390 2949 lucc
2426 2905 2545 2949 erat
2589 2896 2767 2965 legum
2794 2898 2970 2966 origo,
3002 2914 3123 2969 qua:
3147 2912 3339 2957 contra
3377 2903 3489 2958 vim

1910 2980 2039 3036 ferri
2071 2984 2364 3038 debebant.
2404 2984 2591 3055 Itaque
2620 3002 2718 3057 per
2748 2988 2853 3042 vim
2895 2988 3026 3044 ferri
3056 3007 3161 3045 non
3199 3003 3490 3062 poterant,

1911 3090 2032 3128 cum
2058 3076 2113 3129 id
2158 3076 2389 3145 primum
2417 3090 2604 3133 contra
2657 3079 2806 3149 leges
2834 3080 3074 3135 futurum
3106 3084 3290 3139 fuerit.
3336 3085 3489 3152 Qua-

1910 3175 2133 3234 propter
2161 3176 2216 3219 et
2250 3167 2337 3221 bic
2376 3170 2647 3223 rhetorica
2700 3181 2911 3239 spectat
2961 3174 3100 3227 idem
3153 3176 3298 3243 quod
3338 3175 3487 3243 judi—

1911 3256 2103 3311 cialis:
2157 3257 2260 3313 boe
2308 3274 2433 3313 vero
2488 3272 2733 3329 superat,
2782 3264 2925 3330 quod
2981 3274 3267 3335 utramque
3320 3267 3487 3340 [legis

1912 3347 2197 3403 factoriam
2229 3360 2285 3406 et
2307 3352 2645 3425 iudicialem]
2684 3355 2795 3410 sola
2823 3359 3230 3425 complectitur.
3267 3359 3485 3417 Etenim

1910 3455 2032 3495 cum
2056 3441 2514 3509 velletjudicialis
2546 3447 2649 3498 arti
2701 3446 2876 3515 legum
2910 3448 3284 3515 ferendarum,
3330 3456 3488 3521 quasi

1911 3530 1962 3583 in
1991 3532 2207 3599 prtelio,
2240 3548 2397 3602 opem
2436 3534 2602 3598 ferre,
2634 3536 2775 3589 idem
2814 3539 2913 3607 ipsi
2952 3543 3095 3607 quod
3139 3542 3212 3596 illi
3235 3546 3488 3615 contigit.

1908 3621 2043 3676 Nam
2079 3634 2134 3678 et
2168 3625 2243 3678 illi
2278 3627 2553 3681 rhetorica
2589 3631 2847 3697 primum,
2903 3641 2961 3685 ut
2995 3648 3091 3697 per
3118 3650 3240 3689 eam
3274 3636 3487 3707 legibus

1907 3717 2087 3772 aditus
2122 3726 2349 3786 pateret,
2392 3734 2527 3788 opus
2586 3720 2711 3789 fuit,
2760 3732 2816 3777 et
2845 3724 3122 3789 iudicialis
3171 3743 3294 3783 cum
3332 3733 3489 3785 auxi-

1906 3808 2092 3862 liantls
2141 3808 2385 3863 habitum
2433 3812 2778 3880 sumpsisset,
2832 3816 2948 3883 ipsa
3008 3818 3160 3885 prius
3197 3821 3487 3877 rhetorica:

1907 3900 2237 3955 desideravit
2290 3903 2575 3958 auxilium.
2643 3903 2910 3971 Quoniam
2973 3910 3119 3962 enim
3173 3912 3487 3969 facultatem

1902 3993 2124 4062 juvandi
2181 3995 2513 4063 requirebat.
2568 4011 2689 4050 eam
2727 3999 2844 4052 sine
2912 4000 3186 4056 rhetorica
3226 4010 3486 4075 consequi

1909 4100 2011 4139 nOn
2038 4096 2270 4154 poterat.
2307 4086 2503 4141 Utrum
2539 4102 2671 4158 ergo
2706 4090 2885 4144 civilis
2913 4094 3087 4160 partis
3114 4096 3476 4153 simulacrum

1906 4186 1988 4231 est
2019 4179 2310 4243 rhetorica,
2336 4194 2402 4233 an
2435 4190 2619 4248 partes
2645 4182 2885 4236 scientiae
2908 4184 3108 4248 civilis,
3154 4201 3291 4254 quas
3324 4191 3483 4255 dicis,

1902 4264 2097 4336 alsb
2150 4267 2252 4320 sub
2285 4268 2557 4322 rhetorica
2585 4269 2938 4323 continentur
2967 4270 2991 4323 τ
3017 4271 3147 4325 Nam
3175 4274 3309 4327 milii
3355 4277 3483 4344 qni-

1904 4365 2024 4410 dem
2059 4365 2116 4410 ut
2139 4356 2291 4429 [vere
2318 4373 2425 4413 non
2460 4359 2812 4432 rhetoricam]
2836 4362 2885 4414 in
2919 4362 3037 4416 istis
3055 4365 3486 4434 videtursuggilv

1904 4445 2038 4511 lare,
2063 4462 2164 4500 ucc
2195 4448 2371 4501 civiiis
2395 4449 2566 4517 partis
2594 4463 2712 4501 eam
2739 4451 3091 4505 simulacrum
3122 4466 3247 4508 esse
3296 4466 3485 4510 osten-

1904 4540 2055 4600 dere.
2094 4555 2285 4595 verum
2334 4542 2489 4610 quasi
2529 4542 2817 4596 rhetorica:
2858 4542 3209 4598 simulacrum
3257 4546 3478 4615 aliquod

1907 4632 2252 4700 sumpsisset,
2286 4634 2337 4685 in
2368 4646 2435 4687 eo
2465 4633 2706 4685 studium
2738 4647 2898 4686 omne
2923 4648 3143 4702 ponere.
3170 4651 3269 4691 uec
3302 4637 3478 4707 ipsam

214 4724 497 4792 φαίνεται,
522 4724 641 4777 οὐδὲ
686 4724 970 4791 πολιτικῆς
998 4723 1190 4792 μορίου
1239 4720 1460 4774 εἴδωλον
1498 4719 1793 4782 δεικνύναι,

1911 4721 2195 4789 attingere,
2221 4722 2367 4775 velut
2402 4720 2702 4777 Stesichori
2735 4722 2959 4791 Trojani

212 4816 336 4870 ἀλλ’
358 4815 531 4879 οὕτως
556 4816 743 4888 ὥσπερ
782 4816 998 4869 εἴδωλον
1038 4813 1350 4886 ’ῥητορικῆς
1398 4813 1719 4886 ἀπειληφὼς
1750 4814 1795 4845 ”
1836 4813 1930 4866 ἐπὶ
1950 4816 2123 4884 τούτῳ
2158 4816 2500 4881 σπουδάζειν,
2530 4816 2699 4887 αὐτῆς
2724 4816 2781 4870 δὲ
2816 4817 2924 4870 οὐδ’
2961 4819 3249 4888 ἅπτεσθαι,
3287 4821 3479 4893 ὥσπερ

212 4913 262 4963 ei
288 4909 620 4979 Στησιχόρου
658 4908 866 4978 Τρῶες,
898 4910 947 4960 oi
974 4907 1032 4959 τὸ

442 5043 454 5055 .
474 5041 487 5055 .
505 5041 520 5056 .
541 5040 556 5055 .
591 5000 705 5070 Τῆς
744 5002 989 5070 Ἑλένης
1013 5000 1271 5055 εἴδωλον
1306 5000 1565 5068 ἔχοντες

211 5096 292 5158 ὡς
324 5095 519 5164 αὐτήν.
556 5095 813 5165 Διαφέροι
838 5095 881 5147 δ’
913 5095 979 5148 ἂν
1010 5093 1287 5159 τοσοῦτον,
1315 5094 1395 5146 ὅτι
1425 5093 1578 5145 οὐδὲν
1611 5093 1794 5164 ὅμοιον

212 5191 279 5259 τῇ
303 5190 568 5259 ῥητορικῇ
601 5188 661 5240 τὸ
682 5186 1410 5241 εἴδωλον⁸⁰.οὐκοῦν“όπότε
1442 5186 1566 5257 μήτ’
1588 5186 1793 5240 ἀδικεῖν

2213 5038 2228 5054 .
2250 5038 2266 5054 .
2285 5035 2299 5051 .
2321 5037 2337 5054 .
2369 4998 2584 5055 Helena.-
2606 4999 2894 5055 u'mulacra
2918 5011 3167 5068 tenentes,

1903 5092 2057 5161 quasi
2099 5092 2277 5161 ipsam
2308 5092 2595 5147 baberent.
2629 5092 2861 5148 Tantum
2898 5104 3076 5150 tamen
3124 5095 3230 5151 erit
3256 5096 3456 5152 discri-

1903 5186 2091 5252 minis,
2123 5186 2378 5256 quodest
2431 5188 2719 5241 rhetoricas
2770 5188 3031 5245 dissimile
3096 5190 3469 5245 simulacrum.

1513 5349 1751 5406 VABIE
1788 5350 2190 5408 LECTIONES.

292 5445 707 5515 ¹⁷δηΔιδὲς.

211 5520 255 5593 ’ξ
285 5515 382 5568 οὖν
414 5513 639 5593 ουυηΑ.
682 5515 764 5593 -.η
802 5514 1071 5593 φαίνεται]
1102 5530 1159 5593 ι)ζ
1185 5513 1274 5569 85.
1309 5513 1313 5514 ⁷
1347 5516 1394 5550 ³³
1422 5518 1485 5593 τῇ
1519 5530 1628 5593 om.

211 5660 257 5695 ³⁸
290 5654 567 5708 κάνταῦθα
620 5670 731 5708 om.
788 5659 853 5707 Α.

210 5794 436 5848 εἴδωλον
460 5790 529 5863 τῇ
566 5790 947 5865 ῥητορικῇίΑζ
1047 5790 1089 5825 ⁸⁸
1118 5790 1337 5861 οὐκοῦν]
1368 5810 1420 5863 p.
1450 5795 1567 5851 105.

809 5444 852 5475 ¹⁸
884 5444 917 5513 ἢ
950 5459 1058 5497 om.
1087 5445 1154 5498 A.
1198 5513 1203 5514 ί
1233 5445 1274 5477 ¹’
1304 5444 1440 5514 μηδὲ
1463 5440 1556 5513 in?)
1583 5443 1901 5514 -μεγέθει
1939 5458 2048 5495 om.
2083 5444 2149 5496 A.
2198 5442 2271 5514 _”
2297 5440 2404 5493 τῶν
2440 5440 2641 5514 ἀνίσῳν
2667 5438 2877 5514 μηδενῇ]
2904 5441 3019 5495 τινὶ·
3038 5442 3144 5495 τῶν
3173 5444 3371 5496 ἀνίσων
3400 5446 3464 5498 Α.

1816 5514 1932 5596 ἰ’-³⁸
1959 5512 2421 5596 εἰπερ-θεωρεῖν
2440 5525 2550 5563 om.
2726 5511 2842 5596 ’σι-³⁷
2874 5514 3019 5596 είῃγά

211 5589 257 5626 ιθ
294 5602 360 5651 γε
394 5602 502 5638 oui.
542 5586 605 5637 Α.
682 5584 727 5617 ²⁹
754 5585 888 5653 πρὸς
914 5584 1047 5636 αὐτὸ
1070 5580 1226 5636 τοῦτο
1265 5580 1602 5655 πεφυκότας]
1634 5585 1731 5652 τὴν
1758 5584 1978 5636 ἐκείνων
2008 5584 2227 5651 ἰσότητα
2258 5580 2331 5652 μὴ
2369 5580 2723 5651 αἱρουμένους
2750 5583 2813 5635 Α.

211 5660 257 5695 ³⁸
290 5654 567 5707 κάνταῦθα
620 5670 731 5707 orn.
788 5654 879 5707 Α(
968 5653 1133 5707 ³¹τὴν
1165 5655 1347 5707 νομοθ.
1409 5656 1502 5706 καὶ
1550 5652 1757 5707 δικαστ.
1806 5669 1913 5707 om.
1974 5654 2040 5705 A.
2154 5657 2200 5688 ³³
2228 5650 2364 5707 αῦτη
2411 5667 2519 5707 om.
2554 5653 2619 5703 Α.
2695 5656 2807 5703 ⁸1’π

212 5660 257 5695 ’ί
290 5654 567 5708 κάνταῦθα
620 5670 731 5708 om.
788 5654 879 5707 Α(
968 5653 1133 5724 ³¹τὴν
1165 5655 1347 5722 νομοθ.
1409 5656 1502 5706 καὶ
1550 5653 1757 5707 δικαστ.
1806 5669 1913 5707 om.
1974 5654 2040 5705 A.
2154 5657 2200 5688 ³³
2228 5653 2356 5719 αῦτη

212 5728 261 5758 ³³
302 5725 505 5794 ταύτην
537 5740 597 5788 ς.
676 5726 722 5761 ⁸⁸
754 5722 949 5795 ἐδεήθη
972 5723 1059 5795 Α..
1110 5724 1169 5795 "_
1187 5724 1437 5795 πότερον]
1470 5739 1522 5789 p.
1553 5724 1673 5777 9|.t
1744 5722 1953 5795 ³⁸,ὲμοὶ
1984 5724 2031 5777 Δ
2066 5739 2079 5776 :
2122 5721 2356 5793 ὲμὸνζς.

3028 5515 3369 5585 ρ-ῆδη-οῐη.
3405 5522 3435 5567 Α
3452 5555 3465 5567 .

2914 5584 2957 5615 ³ο
2984 5583 3253 5648 φαίνεται]
3290 5599 3341 5651 p.
3376 5586 3467 5637 87.

2411 5653 2650 5724 oi_n._A._
2695 5652 3029 5724 δί’-πρότερον
3070 5654 3361 5724 ῥητορικῆς
3402 5658 3466 5708 Α.

2453 5720 2500 5753 ³⁹
2526 5720 2814 5776 ἀπολαϐὼν
2852 5720 3146 5795 ῥητορικῆς
3169 5720 3235 5778 Ᾰ.
3316 5720 3383 5758 ’⁵ο
3410 5725 3470 5775 τὸ

2154 5657 2200 5688 ³³
2228 5650 2365 5721 αῦτη
