4216 6430
738 380 869 443 1507

1920 379 2180 439 PHOTII
2217 378 2725 439 PATRIARCH/E
2763 378 2871 437 CP.

3865 380 4009 447 1508

735 501 920 567 Itaque
941 510 1062 551 cum
1083 505 1333 550 neutrum
1366 508 1427 550 se
1450 494 1609 549 malle
1636 494 1793 559 dicit,
1811 505 2089 564 acceptam
2108 510 2327 563 quoque

2444 498 2473 526 "
2506 497 2635 564 μήτ’
2661 493 2965 547 ἀδικεῖσθαί
2990 511 3123 562 φησι
3148 495 3192 526 ⁸⁸
3218 494 3527 563 βούλεσθαι,
3556 497 3713 566 δῆλον
3767 500 3856 551 ὅτι
3913 501 4010 552 καὶ

748 591 1005 658 injuriam
1040 588 1090 641 in
1112 587 1257 641 malo
1293 602 1352 641 se
1379 601 1579 654 ponere
1600 588 1861 651 ostendit,
1910 585 1990 639 sic
2019 596 2077 637 ut
2104 595 2325 653 praestet

732 683 947 750 quidem
982 679 1544 748 injuriampatiquam
1568 680 1774 738 facere,
1812 687 2125 731 nontamen
2159 693 2325 744 quam

742 788 849 826 nec
886 772 997 839 pati
1019 784 1119 822 nec
1143 768 1341 830 facere,
1367 783 1430 821 ac
1453 777 1601 821 recte
1635 768 1877 836 quidem,
1898 775 1957 819 ut
1982 768 2242 831 arbitror,
2273 776 2328 820 et

733 860 974 914 sentiens
996 866 1049 911 et
1078 859 1287 910 dicens.
1316 856 1657 924 Quapropter
1686 857 1730 908 si
1768 854 2042 909 rhetorico
2073 855 2179 923 pati
2204 855 2325 923 qui-

733 953 855 1007 dem
908 951 1164 1019 injuriam
1209 948 1541 1015 prohiberet,
1592 960 1780 998 verum
1833 945 2035 999 inferre
2080 955 2324 1014 cogeret,

735 1059 801 1097 ne
823 1044 901 1096 sic
926 1042 1141 1110 quidem
1172 1054 1405 1109 prorsus
1438 1047 1588 1092 esset
1618 1038 1783 1101 mala,
1812 1052 1935 1090 cum
1974 1037 2025 1089 id
2059 1038 2203 1103 quod
2242 1047 2329 1091 est

734 1135 958 1195 malum,
992 1132 1246 1199 injuriam
1274 1132 1406 1198 pati,
1439 1129 1782 1198 prohiberet,
1815 1128 1966 1196 pejor
1994 1138 2174 1181 tamen
2214 1144 2328 1180 me-

735 1225 890 1284 liore.
917 1223 1353 1293 quandoquidem
1386 1222 1637 1289 accipere
1659 1221 1915 1290 injuriam
1943 1235 2101 1287 quam
2126 1218 2327 1272 inferre

738 1325 981 1382 praestat.
1019 1313 1114 1365 Sin
1137 1321 1191 1364 et
1252 1312 1356 1363 hoc
1397 1310 1678 1377 prohibet,
1710 1324 1811 1364 nec
1870 1310 1937 1362 ad
1990 1308 2121 1362 illud
2154 1310 2324 1377 cogit,

740 1406 900 1473 hujus
946 1406 1163 1473 quidem
1226 1403 1441 1456 ratione
1485 1417 1589 1455 nec
1632 1403 1771 1456 bona
1832 1402 2168 1466 censebitur,
2227 1416 2329 1455 nec

742 1496 906 1559 mala,
932 1504 990 1547 ut
1026 1494 1076 1547 id
1124 1508 1269 1546 nunc
1318 1493 1706 1554 concedamus,
1744 1492 1891 1545 illius
1914 1505 2042 1545 vero
2098 1505 2327 1558 prorsus

750 1585 911 1637 bona.
943 1582 1208 1635 Praeterea
1256 1581 1346 1648 qui
1386 1581 1577 1633 statuit
1629 1579 1882 1646 iniuriam
1935 1594 2039 1632 non
2096 1578 2323 1641 inferre,

747 1690 853 1727 non
877 1672 1035 1727 simul
1060 1681 1113 1725 et
1154 1672 1267 1737 ipse
1292 1687 1320 1723 a
1349 1669 1745 1723 malefaciendo
1777 1669 2097 1732 abstinebit,
2135 1679 2193 1722 et
2238 1670 2325 1722 in-

733 1766 931 1835 juriam
962 1780 991 1817 a
1024 1763 1239 1817 nemine
1274 1763 1530 1830 patietur.
1567 1760 1700 1815 Illud
1728 1761 1873 1814 enim
1906 1760 2079 1828 ipsum
2128 1769 2212 1814 est
2244 1759 2327 1810 in-

2428 590 2488 640 τὸ
2525 588 2571 618 ⁸⁵
2599 588 2903 640 ἀδικεῖσθαι
2928 588 3098 639 κακὸν
3119 588 3422 657 ἡγούμενος
3486 590 3533 621 ⁸⁸
3559 589 3621 641 οὗ
3647 608 3781 659 φησι
3810 591 3859 622 ⁸⁸

2430 679 2641 741 λεσθαι,
2682 679 2820 733 ἀλλά
2842 678 2937 730 τοῦ
2971 679 3071 747 μὲν
3104 679 3310 731 ἀδικεῖν
3342 681 3566 747 ἄμεινον
3590 680 3651 732 τὸ
3679 680 4009 743 ἀδικεῖσθαι,

2430 774 2472 805 ⁸⁷
2499 774 2559 824 οὐ
2589 774 2696 842 μὴν
2736 770 2949 822 ἐκείνου
3010 788 3077 837 γε
3110 770 3155 802 ⁸⁸
3200 770 3294 821 τοῦ
3332 773 3478 839 μήτ’
3506 772 3712 823 ἀδικεῖν
3743 774 3870 839 μήτ’
3898 772 4012 823 ἀδι-

2428 865 2668 926 κεῖσθαι,
2729 862 2902 930 ὀρθῶς
2942 861 2987 892 ⁸⁸
3032 857 3187 930 οῖμαι
3238 863 3332 914 καὶ
3372 862 3657 928 γινώσκων
3695 864 3788 915 καὶ
3811 862 4007 928 λέγων.

2428 958 2489 1009 El
2520 957 2619 1024 μὲν
2644 957 2689 988 ⁸⁸
2721 958 2904 1007 τοίνυν
2935 958 2967 1024 ἡ
3008 955 3272 1024 ῥητορικὴ
3292 956 3595 1009 ἀδικεῖσθαι
3623 956 3719 1024 μὲν
3747 955 4011 1015 ἐκώλυεν,

2428 1049 2637 1100 ἀδικεῖν
2662 1047 2718 1099 δὲ
2771 1046 3217 1117 προηνάγκαζεν,
3257 1047 3367 1097 οὐδ’
3400 1046 3546 1099 οὕτω
3579 1047 3676 1115 μὲν
3700 1048 3833 1109 ἴσως
3871 1047 3938 1098 ἀν
3968 1047 4015 1077 ⁸⁸

2429 1139 2685 1201 καθάπαξ
2723 1138 2962 1208 πονηρὸν
2980 1134 3068 1208 ἦν,
3108 1140 3347 1207 πονηρόν
3408 1154 3473 1205 γε
3506 1138 3569 1190 ὃν
3617 1138 3907 1189 κωλύουσα
3953 1138 4009 1189 τὲ

2433 1230 2759 1293 ἀδικεῖσθαι,
2787 1232 2969 1298 χεῖρον
2989 1230 3033 1281 δ’
3070 1228 3136 1282 ἂν
3168 1230 3299 1290 ἴσως
3336 1228 3628 1297 βελτίοκος,
3652 1230 3790 1298 ὅπερ
3820 1232 3867 1261 ⁸¹
3895 1229 4013 1280 est.

2433 1326 2642 1377 κεῖσθαι
2672 1324 2920 1392 κρεῖττον
2950 1322 2983 1393 ἢ
3015 1321 3240 1375 ἀδικεῖν.
3286 1321 3333 1351 ⁸³
3364 1321 3425 1372 Εἰ
3446 1320 3491 1372 δ’
3521 1320 3635 1372 οὔτ’
3681 1321 3894 1381 ἐκεῖνος
3914 1321 4014 1372 £11-

2429 1412 2729 1480 ἀναγκάξει
2746 1413 2836 1464 καὶ
2853 1411 3011 1464 τοῦτο
3038 1410 3261 1472 κωλύει,
3288 1410 3406 1461 κατ’
3429 1411 3604 1461 ἐκεῖνο
3621 1410 3719 1477 μὲν
3739 1406 3863 1459 οὔτε
3880 1410 4016 1473 ἀγα-

2432 1506 2524 1557 θὸν
2553 1504 2678 1557 οὔτε
2711 1506 2881 1555 κακόν
2913 1522 3001 1555 πω
3026 1503 3229 1570 (δῶμεν
3256 1502 3365 1570 γὰρ
3410 1501 3485 1563 ὼς
3536 1502 3593 1551 ὲν
3625 1500 3704 1567 τῷ
3735 1500 4012 1568 παρόντι),

2429 1597 2573 1647 κατά
2613 1596 2771 1647 τοῦτο
2817 1595 2872 1647 δὲ
2921 1595 3125 1662 κυρίως
3193 1593 3418 1659 ἀγαθόν.
3475 1593 3585 1643 Καὶ
3626 1592 3729 1661 μὴν
3765 1592 3811 1622 ⁸⁸
3854 1595 3883 1643 ὀ
3919 1592 4017 1659 μὲν

2435 1686 2510 1753 μὴ
2538 1685 2746 1736 ἀδικεῖν
2794 1682 3050 1749 ἐγνωκὼς
3096 1684 3195 1750 οὐχ
3243 1684 3360 1750 ἆμα
3388 1682 3551 1743 αὑτός
3576 1698 3633 1733 τε
3660 1680 3755 1733 τοῦ
3780 1698 4019 1751 κακουρ-

2432 1777 2548 1841 γεῖν
2580 1766 2851 1841 ἀπέχεται
2895 1773 3072 1825 καὶτὸ
3113 1771 3419 1824 ἀδικεῖσθαι
3455 1772 3501 1804 ³⁵
3548 1772 3846 1839 πέφευγεν·
3885 1773 4019 1824 αὐτὸ

732 1858 939 1923 juriam
977 1854 1180 1918 facere,
1210 1869 1331 1908 cum
1360 1854 1483 1922 quis
1515 1852 1563 1905 ei
1590 1852 1673 1905 cui
1698 1866 1803 1905 non
1828 1850 2132 1920 oportebat,
2162 1848 2327 1902 male—

2444 1864 2539 1933 γὰρ
2598 1862 2757 1915 τοῦτο
2802 1859 2871 1933 ἦν
2930 1863 3157 1933 ἀδικεῖν,
3222 1864 3285 1915 τὸ
3326 1863 3511 1925 κακῶς
3555 1864 3615 1915 ὃν
3667 1864 3727 1914 οὑ
3772 1864 4019 1931 προσῆκε

738 1949 886 2001 facit.
924 1949 1108 2015 Itaque
1133 1948 1302 2000 donec
1328 1946 1432 1998 erit
1455 1946 1595 1998 inter
1632 1944 1880 1996 homines
1928 1941 2157 2007 malitia,
2183 1940 2329 2008 inju-

742 2042 881 2093 riam
909 2039 1269 2107 exspectabit.
1302 2038 1401 2102 Qui
1441 2048 1621 2090 autem
1661 2050 1727 2089 ne
1784 2034 2012 2087 laedatur
2062 2042 2241 2095 cavet,
2284 2032 2332 2085 is

739 2133 902 2186 ctiam
924 2145 990 2184 ne
1013 2132 1135 2197 quis
1160 2128 1314 2183 lzudat
1334 2128 1609 2197 prohibet.
1644 2126 1856 2179 Etenim
1879 2125 2333 2193 quemadmodum

745 2223 909 2277 simul
931 2232 985 2274 et
1008 2221 1221 2273 lteditur
1242 2220 1355 2287 ipse
1383 2229 1436 2270 et
1466 2217 1786 2278 la-ditalios,
1816 2217 1888 2269 ita
1911 2216 2001 2282 qui
2024 2229 2090 2267 ne
2109 2214 2337 2267 laedatur

740 2329 936 2368 cavere
952 2322 1147 2381 potest.
1178 2313 1221 2365 is
1237 2313 1401 2363 etiam
1428 2325 1493 2362 ne
1510 2309 1632 2377 quis
1656 2310 1813 2361 lzcdat
1837 2316 2011 2377 potest
2028 2306 2335 2375 prohibere.

763 2405 1127 2472 Quamobrem
1169 2404 1214 2456 si
1243 2418 1346 2455 non
1384 2400 1521 2453 allici
1550 2400 1746 2465 injuria
1790 2399 2079 2451 rhetorica:
2125 2397 2340 2457 tribuit,

744 2513 849 2551 non
872 2495 1106 2557 allicere,
1128 2492 1506 2562 philosophiae,
1534 2498 1690 2543 tanto
1706 2504 1872 2558 quam
1896 2487 2240 2556 philosophia
2259 2487 2347 2549 de,

744 2589 912 2641 terior
930 2587 1198 2638 rhetorica
1216 2595 1319 2647 est,
1336 2591 1540 2650 quanto
1561 2581 1775 2636 allicere
1799 2580 1997 2648 injuria
2011 2593 2171 2646 quam
2187 2576 2343 2628 allici.

743 2680 877 2734 Cum
905 2689 1083 2730 autem
1110 2678 1181 2730 illi
1203 2679 1329 2738 hoc,
1351 2674 1709 2743 quandoquis
1731 2688 1829 2725 nec
1853 2672 2055 2740 patitur
2088 2669 2343 2735 iniuriam

746 2786 844 2822 nec
866 2769 1015 2828 facit,
1040 2766 1278 2835 praefert,
1298 2781 1357 2817 ru
1369 2779 1511 2817 rsum
1537 2762 1825 2830 prafertur
1844 2760 2197 2827 philosophia:
2216 2759 2340 2810 rhe—

747 2861 941 2921 tat-ica,
973 2856 1407 2925 quandoquidem
1436 2854 1597 2907 simul
1631 2867 1754 2906 cum
1797 2850 1990 2917 injuria
2021 2849 2337 2915 acceptione

746 2950 907 3001 etiam
941 2949 1231 2999 factionem
1281 2944 1439 2997 tollit.
1474 2942 1607 2994 Nam
1638 2950 1697 2995 ut
1736 2942 1881 3007 leges
1912 2946 2095 2991 vetant
2141 2951 2335 3005 quem-

746 3057 910 3111 quam
941 3040 1083 3103 lacdi,
1112 3038 1274 3091 simul
1309 3037 1472 3090 etiam
1505 3034 1702 3087 laedere
1730 3031 1977 3101 profecto
2010 3036 2210 3083 vetant.

831 3237 981 3309 [Ilaec
1012 3234 1260 3309 apposite
1283 3231 1455 3309 magis
1491 3244 1651 3309 quam
1692 3224 2185 3309 necessariodicit
2218 3223 2339 3304 Ari-

2433 1955 2627 2005 ποιεῖν.
2677 1952 2831 2004 ”Ωσθ’
2888 1953 2993 2015 ἕως
3061 1952 3128 2005 ἂν
3174 1954 3231 2004 ὲν
3279 1952 3590 2020 ἀνθρώποις
3686 1954 3747 2005 τὸ
3776 1970 4022 2022 κακουρ-

2432 2042 2573 2105 γεῖν,
2614 2040 2953 2109 ἀδικήσεται.
2990 2042 3049 2094 ὐ
3098 2042 3155 2094 δὲ
3190 2043 3290 2109 τὴν
3319 2042 3412 2094 τοῦ
3447 2043 3521 2112 μὴ
3565 2042 3877 2095 ἀδικεῖσθαι
3907 2062 4025 2111 φυ-

2437 2128 2612 2198 λακὴν
2641 2130 2781 2197 ἔχων
2811 2130 2929 2199 ἆμα
2964 2132 3059 2183 καὶ
3081 2131 3141 2182 τὸ
3167 2132 3374 2184 ἀδικεῖν
3410 2149 3511 2183 που
3535 2132 3755 2185 κωλύει.
3810 2134 4023 2203 Ὠσπερ

2436 2221 2545 2289 γὰρ
2578 2223 2693 2288 ἅμα
2722 2222 2982 2292 ἠδίκηται
3030 2222 3127 2275 καὶ
3193 2223 3451 2292 ἠδίκηκεν
3486 2226 3515 2275 δ
3547 2225 3753 2294 ἕτερος,
3793 2224 3970 2287 οὕτως
3998 2225 4028 2276 ὁ

2436 2312 2535 2381 τὴν
2561 2312 2657 2364 τοῦ
2692 2318 2767 2381 μὴ
2793 2313 3103 2365 ἀδικεῖσθαι
3130 2313 3359 2382 δύναμιν
3390 2316 3529 2383 ἔχων
3555 2314 3653 2385 τὴν
3671 2316 3845 2385 αὐτὴν
3868 2316 3965 2368 τοῦ
3982 2318 4028 2347 ⁵⁸

2446 2405 2520 2473 μὴ
2552 2408 2647 2473 ὲᾷν
2679 2405 2888 2456 ἀδικεῖν
2918 2405 3052 2473 ἔχει.
3086 2405 3252 2457 Ὥστε
3283 2407 3331 2456 εί
3381 2406 3442 2456 τὸ
3491 2406 3589 2473 μὲν
3618 2406 3692 2475 μὴ
3718 2406 4031 2458 ἀδικεῖσθαι

2440 2496 2540 2564 τῆς
2561 2496 2861 2565 ῥητορικῆς
2906 2495 3111 2564 τίθησι,
3137 2496 3196 2547 τὸ
3218 2496 3276 2548 δὲ
3313 2496 3388 2566 μὴ
3431 2498 3639 2549 ἀδικεῖν
3683 2498 3784 2564 τῆς
3808 2498 4030 2564 φιλοσο-

2442 2587 2594 2652 φίας,
2622 2585 2865 2653 τοσούτῳ
2897 2586 3097 2655 χείρων
3126 2587 3441 2653 φιλοσοφίας
3465 2588 3750 2656 ῥητορικὴ,
3781 2589 3897 2656 ὅσῳ
3936 2588 4031 2639 τοῦ

2442 2679 2750 2731 ἀδικεῖσθαι
2801 2679 2864 2729 τὸ
2899 2679 2942 2709 ⁵⁷
2990 2678 3215 2730 ἀδικεῖν.
3274 2679 3465 2730 Ὁπότε
3513 2679 3555 2728 δ’
3591 2679 3658 2730 αὖ
3693 2681 3801 2744 πρὸ
3832 2680 4033 2732 τούτου

2443 2767 2627 2837 τίθησι
2658 2768 2719 2818 τὸ
2753 2770 2887 2836 μήτε
2920 2768 3127 2819 ἀδικεῖν
3161 2768 3301 2836 μήτε
3339 2768 3665 2831 ἀδικεῖσθαι,
3697 2769 3876 2837 τούτῳ
3911 2768 4036 2836 βελ-

2443 2860 2573 2912 τίων
2614 2855 2681 2912 αὖ
2705 2860 2751 2890 ⁸⁸
2779 2861 2987 2925 γίνεται
3011 2859 3279 2929 ῥητορικὴ
3313 2859 3651 2927 φιλοσοφίας,
3680 2861 3873 2930 ἐπειδή
3897 2877 3963 2927 γε
3988 2861 4035 2892 ”

2442 2951 2579 3019 ὁμοῦ
2611 2950 2673 3002 τδ
2704 2950 3193 3003 ἀδικεῖσθαικαὶτὸ
3219 2951 3428 3002 ἀδικεῖν
3458 2952 3691 3020 ἀναιρεῖ,
3718 2952 3841 3003 επεὶ
3872 2952 3969 3003 καὶ
3984 2952 4035 3003 οἱ

2445 3042 2601 3108 νόμοι
2636 3041 2935 3103 κωλύοντες
2960 3042 3265 3093 ἀδικεῖσθαι
3294 3041 3410 3110 ἅμα
3428 3043 3492 3094 τὸ
3508 3042 3552 3072 ⁸⁸
3589 3042 3798 3097 ἀδικεῖν
3838 3042 3907 3112 δή
3930 3059 4036 3095 που

2444 3149 2768 3184 κωΑυουσιν.

2522 3222 2775 3310 [6⁸7⁸111]
2838 3222 3026 3309 Ταῦτα
3064 3224 3317 3310 πιθανῶς
3366 3225 3564 3310 μαλλον
3627 3227 3660 3310 ἢ
3714 3226 4041 3310 ἀναγκαίως

755 3293 947 3371 ειίἶιρες
974 3293 1097 3374 (ιιιὲιὲ
1115 3306 1258 3381 enim
1283 3306 1348 3355 de
1375 3293 1485 3381 non
1508 3293 1739 3381 ferenda
1767 3297 1960 3381 injuria
1987 3307 2042 3348 et
2069 3296 2337 3381 rhetorica

2447 3293 2625 3381 λέγει,
2655 3294 3012 3381 Ἀριστείδης.
3064 3298 3130 3347 Ἀ
3154 3296 3261 3381 γάρ
3288 3293 3446 3377 ,περὶ
3473 3295 3564 3347 τοῦ
3585 3293 3678 3381 ’μὴ
3718 3296 4040 3381 ἀδικεῖσθαι

753 3366 1062 3447 argutatur,
1117 3374 1450 3447 iis_o_st§nd_i_t
1486 3371 1766 3447 meliorem
1813 3366 2180 3447 philosophia
2216 3378 2340 3443 esse

755 3433 1111 3501 rhétoricam.
1166 3438 1524 3513 416a_llaec
1558 3440 1625 3492 de
1678 3453 1783 3489 non
1814 3433 2067 3513 facienda
2112 3433 2339 3513 injuria,

753 3527 811 3571 et
842 3502 1213 3584 philosotihia'
1231 3502 1605 3584 indifferenter
1669 3520 1873 3573 ponens
1892 3502 2327 3584 «philosophiam

758 3572 922 3641 melle
937 3601 1048 3639 rem
1061 3572 1345 3637 rhetorica
1377 3582 1501 3647 quis
1522 3572 1911 3645 demunstret.]

828 3752 985 3818 Quod
1018 3750 1060 3803 si
1097 3748 1430 3803 rhetoricam
1466 3746 1532 3799 ad
1557 3743 1826 3811 justitiam
1869 3741 2098 3796 omnino
2149 3739 2344 3805 juvan-

758 3844 882 3897 dam
916 3841 1210 3909 probamus
1244 3852 1365 3890 esse
1392 3837 1695 3897 inventam,
1721 3842 1777 3886 et
1801 3833 1991 3885 eodem
2036 3844 2144 3897 quo
2179 3828 2348 3895 ;legcs

760 3948 883 3986 csse
918 3932 1062 3992 loco,
1095 3946 1200 3983 non
1232 3938 1440 3980 tantum
1480 3924 1695 3990 injuriae
1726 3922 2099 3990 acceptionem
2152 3919 2349 3972 evadet

759 4036 965 4085 orator,
997 4034 1056 4075 ut
1082 4022 1313 4084 videtur,
1353 4028 1405 4071 et
1443 4016 1733 4071 faetionem
1760 4014 2126 4076 conlirniabit,
2162 4027 2347 4065 vernn:

764 4111 897 4163 nihil
926 4109 1099 4175 magis
1133 4123 1295 4174 quam
1324 4106 1627 4158 factionem
1671 4102 2012 4172 prohibebit.
2066 4100 2176 4153 Nec
2202 4103 2347 4153 enim

762 4202 875 4253 suis
923 4199 1347 4256 lantum.rebus
1380 4197 1661 4258 consulet,
1712 4196 1804 4247 sed
1837 4208 1903 4246 ne
1962 4193 2052 4244 alii
2090 4193 2348 4244 damnum

765 4289 970 4342 faciant
1004 4287 1336 4355 prohibebit,
1373 4285 1644 4351 siquidem
1669 4284 1859 4335 eadem
1910 4283 1977 4335 de
2012 4296 2176 4335 causa
2220 4282 2344 4334 rhe-

768 4382 996 4433 toricam
1020 4393 1125 4443 qua
1152 4387 1205 4431 et
1244 4377 1390 4445 leges
1434 4375 1706 4429 constabit
1744 4375 2023 4427 inventam
2048 4388 2197 4427 esse.
2227 4372 2349 4426 Jam

765 4472 858 4538 qui
882 4471 1017 4523 alios
1055 4469 1120 4521 ad
1158 4479 1302 4522 recte
1338 4468 1607 4535 agendum
1650 4467 1817 4534 cogit,
1853 4467 1969 4534 ipse
1997 4466 2167 4518 multo
2202 4467 2351 4532 prius

766 4564 833 4616 ad
873 4563 923 4614 id
968 4575 1025 4614 se
1071 4559 1413 4627 praeparavit.
1466 4557 1578 4611 Nec
1622 4558 1765 4610 enim
1817 4566 1997 4625 potest
2036 4566 2091 4609 et
2125 4556 2350 4624 justitize

2448 3366 2541 3413 καὶ
2567 3363 2667 3429 τῆς
2694 3365 2989 3432 ῥητορικῆς
3020 3363 3447 3432 στωμυλεύεται,
3476 3363 3709 3433 κρείττω
3755 3365 4041 3418 δεικνύναι

2449 3433 2764 3504 φιλοσοφίας
2824 3433 3276 3504 φιλοτιμούμενος
3324 3435 3422 3503 τὴν
3484 3435 3803 3504 ῥητορικὴν,
3856 3434 4037 3488 ταῦτα

2448 3503 2581 3570 περὶ
2616 3502 2709 3552 τοὺ
2743 3504 2815 3569 μὴ
2844 3503 3064 3553 ἀδικεῖν
3093 3505 3307 3571 καὶτῆς
3340 3502 3659 3571 φιλοσοφίας
3716 3502 4044 3571 ἀπαραλλά-

2450 3589 2593 3644 κτως
2628 3571 2950 3644 μεταλαὸὼν
3008 3574 3107 3642 τὴν
3152 3572 3471 3641 φιλοσοφίαν
3500 3575 3710 3643 ἀμείνω
3747 3575 3853 3642 τῆς
3882 3578 4043 3644 ῥητο-

2453 3642 2610 3707 ρικῆς
2643 3642 2929 3705 ἐπιδείξειε
2959 3658 3061 3704 τις.

2522 3733 2661 3785 Eia}.
2702 3733 2744 3762 ⁶¹
2790 3734 2851 3802 δὴ
2881 3734 2975 3786 καὶ
3025 3735 3161 3796 ὅλως
3214 3734 3467 3804 βοηθείας
3515 3736 3675 3787 ἓνεκα
3720 3736 3802 3805 τῷ
3841 3736 4042 3807 δικαίῳ

2449 3822 2545 3889 τὴν
2606 3822 2907 3891 ῥητορικὴν
2967 3822 3257 3891 δείκνυμεν
3317 3825 3657 3893 εὑρεθεῖσαν,
3715 3826 3760 3856 ⁶¹
3810 3830 3914 3878 καὶ
3945 3829 4042 3895 τὴν

2451 3916 2617 3986 [1253
2655 3915 2745 3985 8.]
2803 3915 2974 3982 αὐτὴν
3030 3916 3289 3987 καθαρῶς
3344 3917 3499 3979 τάξιν
3562 3918 3794 3987 ἔχουσαν
3831 3920 3877 3950 ⁸³
3934 3924 4043 3980 τοῖς

2452 4007 2659 4075 νόμοις,
2716 4006 2791 4066 ὡς
2844 4005 3131 4069 δέδεικται,
3176 4006 3290 4074 ἔχει
3337 4008 3437 4074 τὴν
3462 4007 3629 4076 αὐτὴν
3661 4008 3720 4058 οὐ
3753 4009 3923 4074 μόνον
3955 4010 4043 4077 (ὡς

2453 4098 2651 4165 ἔοικεν)
2675 4100 2699 4148 ὁ
2731 4098 2939 4167 ῥήτωρ·
2995 4098 3056 4148 ού
3093 4096 3154 4148 τὺ
3190 4098 3234 4127 ⁸⁸
3282 4098 3381 4165 μὲν
3414 4099 3716 4151 ἀδικεῖσθαι
3753 4099 4043 4165 φεύξεται,

2450 4188 2512 4239 τὸ
2541 4189 2583 4239 δ’
2615 4188 2820 4238 ἀδικεῖν
2863 4187 3125 4240 κωλύσει.
3198 4188 3273 4239 Οὐ
3304 4189 3412 4257 γὰρ
3443 4190 3603 4256 μόνον
3625 4189 3734 4241 τῶν
3772 4194 3853 4252 είς
3879 4192 4044 4243 αὐτὸν

2455 4281 2645 4347 σχήσει
2680 4278 2959 4346 πρόνοιαν,
2989 4278 3105 4331 ἀλλ’
3134 4280 3283 4338 ὅπως
3320 4280 3443 4347 μηδ’
3474 4280 3631 4341 ἀλλος
3665 4281 3922 4332 πείσεται
3948 4300 4045 4335 κα-

2454 4369 2585 4429 κῶς.
2636 4368 2793 4435 εἴπερ
2828 4360 2901 4418 ὧν
2941 4369 3065 4429 τοὺς
3096 4367 3293 4436 νόμους
3345 4368 3527 4437 χάριν,
3582 4368 3788 4421 τούτων
3812 4372 3908 4421 καὶ
3948 4372 4047 4438 τὴν

2458 4457 2758 4526 ῥητορικὴν
2782 4458 2827 4487 ⁸⁵
2859 4457 3113 4525 εὑρέσθαι
3145 4459 3189 4488 ⁸⁸
3218 4459 3527 4526 νενίκηκεν.
3584 4459 3745 4511 Ἀλλά
3793 4462 3903 4529 μὴν
3934 4464 3962 4513 ὃ
3984 4479 4047 4528 γε

2455 4548 2673 4616 ἑτέρους
2700 4549 2767 4599 τά
2813 4548 2999 4601 δίκαια
3047 4550 3308 4617 πράττειν
3329 4550 3725 4617 ἐπαναγκάζων
3770 4552 3910 4602 πολύ
3944 4571 4047 4604 που

767 4670 922 4723 opem
952 4653 1117 4716 ferre,
1173 4661 1228 4704 et
1262 4666 1380 4704 eam
1425 4652 1633 4717 primus
1702 4652 1815 4717 ipse
1877 4650 2101 4703 violare.
2156 4650 2337 4703 V'erun

2458 4642 2723 4710 πρότερον
2770 4640 2935 4703 αὑτός
2989 4658 3051 4708 γε
3079 4640 3124 4670 ⁸⁷
3181 4644 3667 4711 παρασκευάσεται
3691 4642 3758 4693 ⁸⁸.
3830 4646 3907 4696 Οὑ
3936 4646 4046 4709 γὰρ

771 4742 984 4795 tametsi
1019 4742 1119 4793 hoc
1148 4740 1347 4792 nititur
1379 4737 1555 4800 Plato,
1585 4754 1689 4790 non
1755 4754 2014 4807 magnum
2059 4753 2178 4791 esse
2223 4740 2351 4791 rhe-

772 4834 955 4885 loricae
1001 4846 1157 4884 usum
1211 4831 1465 4898 probare,
1504 4830 1644 4895 quod
1681 4844 1784 4881 non
1820 4839 1931 4881 tam
1985 4830 2242 4882 vitiosum
2282 4830 2350 4883 sit

771 4923 1021 4989 injuriam
1066 4922 1176 4989 pati
1217 4937 1379 4986 quam
1433 4920 1635 4983 facere,
1694 4935 1792 4974 cur
1842 4936 1949 4973 non
1997 4922 2160 4974 etiam
2204 4922 2352 4989 leges

770 5028 963 5068 omnes
988 5013 1087 5065 hac
1119 5013 1329 5067 ratione
1360 5011 1621 5080 abrogat?

844 5105 948 5159 Sed
983 5106 1133 5172 quasi
1160 5104 1442 5173 collegium
1464 5112 1609 5157 esset
1635 5103 2073 5166 condemnatum,
2105 5120 2205 5158 una
2234 5118 2355 5157 cum

2461 4735 2700 4801 ἐγχωρεῖ
2732 4731 2949 4801 βοηθεῖν
2973 4735 3070 4801 μὲν
3101 4732 3177 4800 τῷ
3224 4734 3480 4801 διακαίῳ,
3512 4734 3606 4785 τοῦ
3646 4734 3703 4785 δὲ
3746 4735 4050 4787 καταλύειν

2458 4825 2517 4873 τὸ
2541 4824 2750 4874 δίκαιον
2784 4822 2947 4875 αὑτὸν
2979 4824 3194 4891 πρῶτον
3242 4825 3532 4893 ὑπάρχειν.
3592 4826 3665 4877 Οὑ
3720 4826 3828 4895 μὴν
3858 4827 3903 4857 ⁸³
3931 4827 4047 4877 αλλ’

2463 4921 2511 4970 εἰ
2546 4918 2703 4969 τοῦτο
2731 4918 2956 4971 Πλάτων
2986 4920 3345 4987 ἰσχυρίζεται,
3384 4921 3429 4950 ⁷ο
3464 4920 3538 4982 ὡς
3566 4922 3625 4972 οὑ
3654 4921 3864 4990 πολλήν
3925 4941 4051 4974 τινα

2463 5012 2504 5041 ⁷¹
2542 5012 2650 5063 οὑδ’
2682 5011 2837 5075 ἀξίαν
2893 5012 3127 5080 σπουδῆς
3156 5013 3274 5063 οὺιῖὲ
3300 5010 3456 5077 λόγου
3488 5014 3677 5081 χρείαν
3715 5015 3746 5080 ή
3777 5016 4049 5081 ῥητορικὴ

2468 5104 2795 5173 παρέχεται,
2846 5104 2929 5155 ὅτι
2986 5104 3047 5154 οὐ
3097 5102 3419 5170 τηλικοῦτόν
3480 5105 3598 5154 ἐστι
3652 5104 3713 5155 τὸ
3738 5104 4049 5158 ἀδικεῖσθαι

2082 5234 2318 5289 VARI/E
2362 5236 2653 5290 LECTION
2665 5235 2766 5290 ES.

845 5354 889 5385 υ
924 5352 1049 5421 μήτ’
1075 5352 1283 5423 ἀδικεῖν
1299 5352 1426 5420 μήτ’
1457 5350 1758 5423 ἀδικεῖσθαι
1790 5350 1867 5402 A:
1904 5349 2182 5423 οὐδέτερον
2216 5352 2337 5423 μήτ’
2357 5351 2561 5402 ἀδικεῖν
2582 5370 2637 5423 r7.
2684 5356 2729 5423 5'
2752 5349 2907 5421 φησὶ]
2932 5350 3106 5419 φῆιΑ.
3148 5352 3194 5390 ⁸⁵
3220 5352 3312 5403 καὶ
3333 5352 3391 5404 τὸ
3408 5366 3517 5423 οιιι.
3543 5353 3605 5405 Α.
3642 5352 3686 5382 ⁸³
3719 5351 4049 5423 ἡγούμενα]

776 5426 987 5489 ἡγεῖται
1024 5422 1086 5475 Α.

775 5498 820 5525 ⁸³
848 5492 1294 5561 ὀρθῶς-φλέγων
1326 5510 1437 5543 oni.
1472 5496 1535 5544 Α.

1167 5424 1212 5458 ⁵⁸
1231 5421 1290 5473 οὗ
1324 5439 1549 5489 φησι-
1585 5422 1790 5473 ἀδικεῖν
1834 5437 1941 5472 οιιι.
1977 5424 2039 5471 Λ.
2119 5421 2160 5455 ⁸⁷
2186 5438 2210 5471 τ

1167 5494 1294 5542 Ξγων
1326 5510 1437 5542 oni.
1472 5496 1535 5542 Α.
1613 5492 1657 5521 ⁸⁸
1690 5492 1784 5542 μὲν
1808 5500 1925 5542 onst
1958 5492 2004 5540 εί
2036 5505 2143 5541 οιιι.
2173 5494 2210 5542 Α

1689 5500 1784 5558 μέν
1808 5500 1925 5557 post
1958 5500 2004 5540 ει
2036 5505 2143 5541 οιιι.
2173 5500 2236 5543 Α.

778 5638 856 5686 A:
886 5649 986 5683 που
1015 5650 1074 5697 ς.
1151 5634 1195 5663 ⁸⁷
1227 5632 1286 5682 τὺ
1312 5650 1419 5686 οιιι.
1448 5634 1511 5683 Α.

779 5720 887 5754 οιιι.
915 5704 977 5753 Α.
1085 5704 1127 5733 ⁸³
1154 5704 1322 5770 αὐτὴν
1352 5704 1608 5770 καθαρῶς
1634 5704 1784 5763 τάξιν
1820 5704 2068 5768 ἔχουσαν]

783 5770 828 5800 ⁵⁸
861 5772 1136 5839 εὑρέσθαι]
1186 5774 1292 5823 itno
1328 5772 1608 5839 εὑρῆσθαι.
1715 5771 1757 5801 ⁸⁷
1794 5787 1855 5836 γε
1883 5786 1989 5819 οιιι.
2019 5771 2079 5821 Δ.

1249 5842 1292 5873 ⁸⁸
1314 5842 1375 5893 οὐ
1405 5841 1510 5912 μὴν
1537 5845 1612 5911 (ιι.
1644 5840 1767 5909 106)
1803 5856 1907 5893 οιιι.
1936 5841 1999 5891 Λ.

1591 5631 1635 5662 ⁸⁸
1668 5630 1761 5701 αὖ]
1788 5631 1852 5683 ἄν
1884 5635 1947 5682 Α.

791 5842 1168 5895 εσκευάσεται.

2119 5421 2160 5455 ⁸⁷
2186 5421 2245 5472 τὸ
2272 5423 2594 5491 ἀδικεῖσθαι]
2620 5421 2667 5472 δ’
2688 5422 2835 5487 ὅμως
2857 5424 2950 5473 τοῦ
2984 5423 3029 5472 δ’
3051 5423 3254 5473 ἀδικεῖν
3275 5424 3341 5476 Α.

2313 5493 2356 5521 ⁵¹
2386 5494 2513 5553 ἴσως
2544 5492 2608 5543 ἂν
2637 5508 2744 5543 oni.
2780 5493 2843 5544 Α.

778 5559 891 5631 lege
921 5564 1156 5632 ὅσῳπερ.
1192 5566 1238 5597 ³⁵⁸
1270 5565 1361 5613 καὶ
1399 5562 1529 5631 μὴν]
1558 5577 1607 5628 p.
1642 5562 1759 5614 104.
1820 5561 1865 5590 ⁵⁸
1884 5559 2133 5627 ἠδίκηται
2164 5560 2255 5610 καὶ
2284 5561 2542 5629 ἠδίκηκεν
2571 5566 2596 5610 ὁ
2622 5561 2830 5630 ἕτερος]

778 5638 856 5683 Α;
886 5649 986 5683 που
1015 5650 1074 5683 c.
1151 5634 1195 5663 ⁸⁷
1227 5632 1286 5682 τὺ
1312 5650 1419 5683 οιιι.
1448 5634 1511 5683 Α.
1591 5631 1635 5662 ⁸⁸
1668 5630 1761 5683 abl
1788 5631 1852 5683 ἄν
1884 5635 1947 5682 Α.
2025 5631 2067 5661 ⁸⁹
2102 5646 2162 5683 γε
2187 5647 2293 5683 οιιι.
2326 5634 2389 5683 Α.
2468 5634 2511 5666 ⁸⁸
2540 5631 2621 5683 τοι
2644 5648 2702 5681 τε
2728 5632 2830 5683 A.‘

1085 5703 1136 5781 “-
1154 5670 1608 5781 a._t'i1;jvv;:c'a:(_l.;85);
1634 5670 2068 5781 1;&:tjv“é'x.o:aa\i]
2098 5670 2623 5781 15§t_;"lju{:q1opt;tvij

3419 5422 3463 5453 ⁸⁸
3489 5423 3701 5474 ἐκείνου
3730 5440 3795 5489 γε
3825 5439 3937 5476 οιιι.
3978 5422 4046 5475 AL

2920 5494 3039 5530 "'38
3062 5494 3197 5559 ὅπερ
3218 5517 3286 5529 --
3314 5493 3519 5546 ἀδικεῖν
3542 5509 3653 5545 Οιιι.
3680 5495 3744 5546 Α.
3781 5508 3879 5559 pro
3910 5494 4049 5559 ὅπερ

2863 5563 3119 5631 ἠδίκηκεν
3143 5565 3233 5614 καὶ
3252 5563 3503 5630 ἠδίκηται
3532 5564 3715 5628 ἕτερος
3740 5564 3804 5613 A.
3876 5564 3925 5593 ⁸⁸
3952 5564 4047 5613 τοὺ

2468 5634 2511 5666 ⁸⁸
2540 5631 2623 5700 τὸ]
2644 5648 2702 5681 τε
2728 5632 2793 5691 Α,
2828 5635 2920 5684 καὶ
2946 5651 3004 5695 ς.
3056 5633 3123 5702 ,θ’
3156 5635 3203 5683 εἰ
3225 5632 3303 5702 δὲ]
3332 5648 3384 5700 p.
3415 5632 3533 5684 105.
3564 5634 3609 5668 ⁸³
3632 5632 3695 5699 δὴ
3725 5633 4050 5701 εὑρεθεῖσαν

2823 5702 2867 5731 ⁸⁸
2893 5703 2953 5753 ού
2987 5700 3066 5771 τὸ]
3094 5701 3235 5753 οὕτω
3276 5700 3339 5754 It.
3446 5701 3490 5732 “
3524 5702 3621 5767 τῆς
3650 5700 3947 5771 ῥητορικῆς
3982 5706 4044 5756 Δ.

2186 5770 2230 5844 ’δέ
2266 5772 2749 5844 παρασκευάσεται
2781 5772 3339 5844 ΛεΑπαρεσκε-υάσθαι
3372 5788 3431 5844 ς.
3495 5770 3725 5844 fortaSse
3771 5772 3871 5841 leg.
3907 5789 4051 5844 ταρ-

2077 5841 2119 5870 ⁷⁰
2145 5839 2531 5909 ὃιῐσχυρίςεται
2563 5843 2625 5893 Α.

2706 5840 2751 5874 ⁷¹
2778 5841 2901 5894 τινὰ
2929 5869 2998 5879 —
3029 5841 3240 5912 χρείαν]
3266 5842 3362 5911 τὴν
3389 5842 3615 5911 ἀχρείαν
3642 5844 3706 5894 Δ.
