4216 6430
232 414 377 477 1509

1296 413 1823 477 BIBLIOTHECA.
1860 437 1931 449 ··-
1967 413 2134 476 COD.
2162 413 2485 475 CCXLVII.

3345 412 3495 479 1510

228 528 406 579 κακὸν
446 523 631 594 ήλίκον
654 523 717 575 τὸ
748 522 974 588 ἀδικεῖν,
1006 522 1057 576 τί
1084 522 1287 577 κωλύει
1320 527 1418 579 καὶ
1446 526 1574 589 τοὺς
1602 526 1801 597 νόμους

1917 525 2118 595 legibus
2153 541 2274 595 qua!
2321 525 2464 580 idem
2514 520 2777 588 sentiunt,
2809 520 3125 590 expelletur,
3152 535 3217 577 ac
3246 529 3360 577 tum
3390 523 3513 578 rbe-

230 616 402 669 αὖτδν
434 614 480 646 ⁷⁸
533 616 783 676 ἅπαντας
843 616 953 676 τοῖς
986 614 1168 677 αὐτοῖς
1209 614 1422 678 τούτοις
1482 616 1809 686 διαγράφειν

228 709 458 775 ἴόγοις;
505 706 642 759 Ἀλλ’
665 706 710 737 ⁷³
760 704 948 772 ὥσπερ
996 707 1271 775 ἑταιρείας
1301 707 1807 777 καταγνωσθείσης,

236 802 376 869 μετὰ
406 800 504 851 καὶ
531 798 639 851 τῶν
665 795 840 851 ταῦτα
868 798 1323 867 συμϐουλομένων
1349 799 1528 867 νόμων
1556 798 1813 869 ὲξελαθή-

233 908 387 943 σεται
408 892 476 943 ’⁵.
526 889 636 949 Καὶ
664 890 783 943 τότε
809 892 1101 961 ῥητορικὴν
1129 892 1486 962 ὲκπέμψομεν
1522 894 1619 945 καὶ
1654 909 1795 961 προ-

234 982 636 1051 πηλακιοῦμεν,
666 983 794 1035 ὅταν
820 984 913 1035 καὶ
951 985 1077 1045 τοὺς
1100 983 1299 1052 νόμους
1329 983 1740 1054 [συνεκπέμψαι
1766 983 1812 1014 ⁷⁸

232 1075 418 1135 καλῶς
472 1076 602 1143 ἡμῖν
638 1073 758 1145 ἔχῃ]
809 1073 1159 1143 ἐκϐάλλωμεν
1217 1074 1316 1143 τῆς
1355 1073 1566 1135 πόλεως
1599 1073 1694 1124 καὶ
1718 1071 1814 1125 τοῦ

234 1167 377 1236 βίου.
422 1164 583 1229 Ἀλλ’,
609 1159 654 1217 ὦ
684 1165 925 1233 δαιμόνιε
950 1167 1042 1217 καὶ
1071 1164 1246 1217 πάντα
1268 1165 1331 1217 σὺ
1355 1163 1645 1233 θαυμαστὰ
1663 1161 1814 1232 εὑρί-

238 1272 410 1320 σκων,
455 1256 505 1306 εί
531 1256 698 1323 μηδὲν
743 1254 858 1306 ἐστι
890 1255 935 1285 ⁷⁶
967 1256 1199 1324 πρᾶγμα
1221 1254 1282 1306 τὸ
1315 1253 1644 1316 ἀδικεῖσθαι,
1686 1251 1815 1322 μηδ’

235 1348 269 1414 ή
304 1344 464 1397 τοῦτο
492 1345 774 1397 κωλύουσα
826 1344 1057 1414 δύναμις
1112 1344 1408 1415 μηδενδςπ
1459 1345 1587 1407 ἀξία
1632 1344 1814 1409 λόγου,

238 1437 370 1505 μηδ’
419 1436 593 1488 ὁπόσα
626 1434 740 1487 ἐστι
799 1436 895 1490 καὶ
941 1435 1149 1502 γίνεται
1203 1436 1277 1505 μὴ
1330 1435 1398 1490 δι’
1446 1436 1618 1504 αὐτῆς
1650 1434 1817 1504 μηδὲν

235 1531 497 1600 χρηστὸν,
552 1530 667 1583 ἀλλ’
696 1529 869 1593 οὕτως
916 1530 1124 1599 ἄτιμον.
1167 1530 1261 1581 καὶ
1308 1528 1660 1599 ἀνελεύθερον
1688 1526 1815 1580 ὥστ’

236 1618 377 1674 εἶναι
405 1622 591 1691 μόριον
619 1621 902 1683 κολακείας
925 1621 1019 1673 καὶ
1040 1622 1196 1683 σκιᾶς
1225 1619 1293 1682 ⁷⁸,
1312 1620 1406 1673 τοῦ
1432 1620 1592 1690 χάριν
1611 1636 1817 1688 ταυτην

234 1712 461 1775 οίκίζων
482 1712 578 1779 τὴν
609 1713 667 1763 ὲν
692 1714 755 1781 τῇ
798 1711 965 1780 βίϐλῳ
997 1711 1154 1763 πόλιν
1187 1710 1450 1779 καθίστης
1491 1711 1628 1781 αὐτῇ
1661 1710 1815 1763 πολι-

235 1804 410 1866 τείαν,
451 1804 541 1870 ἀφ’
576 1798 642 1873 ἦς
672 1802 796 1873 μηδ’
822 1800 999 1854 ὁτιοῦν
1054 1800 1322 1867 πείσεται,
1364 1803 1458 1854 καὶ
1486 1802 1546 1854 τὸ
1575 1802 1815 1871 μάχιμον

1913 617 2138 672 toricam
2170 616 2487 671 emittemns
2514 629 2581 668 ac
2620 612 2986 677 traducemus,
3014 628 3137 668 cum
3175 613 3319 684 leges
3349 614 3507 669 simul

1911 707 2139 762 honeste
2172 715 2425 777 poterunt
2453 705 2652 760 emitti.
2686 704 2731 759 Ο
2767 706 2849 760 vir
2877 705 3135 774 praeclare
3168 714 3222 759 et
3264 706 3505 759 omnium

1912 799 2163 853 inventor
2208 798 2536 853 mirabilium
2576 812 2783 863 rerum,
2822 798 2866 852 si
2899 797 3096 852 nullius
3129 806 3212 853 est
3246 797 3506 852 momenti

1914 888 2123 957 injurias
2172 889 2438 958 acceptio,
2490 904 2720 959 qua'que
2770 904 2890 944 eam
2948 888 3203 958 prohibet
3253 888 3504 955 facultas,

1916 979 2114 1034 nullius
2143 988 2227 1033 est
2268 980 2541 1048 ponderis,
2574 995 2673 1034 nec
2708 981 3001 1050 quidquam
3036 980 3163 1036 boni
3199 978 3385 1045 efﬁcit,
3410 981 3505 1034 sed

1917 1072 2053 1125 adeo
2092 1071 2341 1141 ignobilis
2380 1080 2463 1127 est
2514 1081 2569 1127 et
2612 1072 2892 1127 illiberalis
2939 1082 3000 1127 ut
3044 1073 3367 1128 adulationis
3424 1083 3511 1127 at-

1917 1174 2023 1229 que
2070 1163 2275 1216 umbra
2320 1163 2391 1216 sit
2438 1162 2697 1231 particula
2730 1181 2743 1216 :
2774 1178 2890 1228 cur,
2945 1163 3195 1229 obsecro,
3234 1174 3288 1218 tu
3343 1164 3511 1217 libra-

1918 1252 2054 1305 riam
2084 1253 2262 1317 istam
2327 1254 2666 1309 constituens
2716 1256 2941 1320 urbem,
2995 1256 3154 1309 talem
3201 1257 3251 1310 ei
3311 1257 3508 1311 tribuis

1919 1344 2303 1413 rempublicam
2327 1360 2449 1414 qua:
2480 1346 2611 1399 nihil
2646 1346 2717 1399 illi
2753 1357 2963 1411 noceat,
3000 1362 3063 1401 ac
3091 1347 3376 1402 militarem
3408 1350 3510 1401 tri-

1917 1434 2044 1487 bum
2082 1450 2322 1489 seorsum
2371 1436 2624 1492 collocari
2669 1436 2831 1505 jubes
2877 1440 3053 1509 primo
3101 1441 3241 1503 loco,
3278 1454 3343 1493 ne
3378 1442 3508 1509 quid

1922 1525 2180 1593 patiatur,
2208 1540 2306 1580 nec
2335 1528 2401 1580 ab
2432 1527 2680 1580 hostibus
2714 1526 2963 1593 injuriam
2997 1528 3272 1597 accipiat?
3298 1528 3433 1583 Nam
3462 1522 3508 1584 si

1918 1616 2021 1671 hoc
2067 1617 2367 1672 sufﬁciebat
2410 1617 2670 1687 injuriam
2723 1634 2826 1673 non
2865 1619 3065 1684 facere,
3109 1622 3238 1690 quid
3281 1630 3398 1676 erat
3443 1624 3510 1675 ti-

1917 1708 2169 1761 mendum
2208 1718 2492 1777 postquam
2534 1710 2600 1763 ad
2635 1710 2688 1763 id
2723 1725 2840 1764 eam
2876 1713 3248 1780 prwpararas?
3279 1712 3429 1779 Quod
3462 1714 3509 1769 si

1915 1798 2077 1851 etiam
2110 1810 2267 1854 nocet
2298 1799 2551 1868 injuriam
2572 1799 2949 1867 inferentibus,
2980 1804 3023 1857 si
3055 1817 3245 1872 ρωπος
3272 1821 3379 1859 non
3414 1806 3511 1861 de-

238 1892 408 1963 χωρὶς
431 1892 539 1944 τῶν
558 1870 1006 1960 ἄλλωννίδρῦσθαι
1040 1890 1307 1953 κελεύεις.
1335 1890 1502 1961 τιμὴν
1532 1870 1634 1959 τὴν

1919 1887 2120 1952 derint,
2147 1902 2211 1943 ac
2236 1886 2395 1943 debet
2418 1890 2649 1959 quisque
2680 1891 2975 1945 secundum
3005 1870 3151 1947 tuam
3178 1894 3507 1950 sententiam

238 2001 344 2054 την
367 1984 625 2046 ἀποδοὺς,
669 1984 754 2035 ἵνα
779 1984 907 2052 μήτι
936 1982 1081 2052 πάθῃ
1113 1982 1235 2052 μηδ’
1258 1984 1302 2014 τ’
1350 1984 1455 2035 ὑπό
1501 2000 1665 2037 τινων
1703 1984 1817 2035 ἁδι-

238 2076 416 2146 κηοῇ.
450 2076 761 2145 πολεμίων;
800 2076 861 2128 El
911 2076 1020 2144 γὰρ
1064 2075 1285 2146 ἐξήρκει
1310 2075 1359 2106 ⁸⁰
1411 2075 1485 2145 μὴ
1515 2075 1740 2138 ἀδικεῖν,
1766 2075 1817 2127 τί

236 2168 505 2230 δέδοικας,
558 2169 607 2219 εί
670 2168 807 2237 πρὸς
836 2167 992 2220 τοῦτό
1034 2166 1081 2219 τ’
1111 2167 1283 2237 αὐτὴν
1307 2167 1726 2236 παρεσκεύασας
1747 2168 1815 2233 ⁶¹;

240 2261 289 2311 εί
321 2259 379 2310 δὲ
407 2258 471 2326 δὴ
498 2258 542 2289 ⁸³
575 2260 669 2311 καὶ
695 2261 874 2328 χεῖρον
903 2260 1015 2320 τοῖς
1044 2256 1346 2324 ἀδικοῦσιν,
1372 2259 1499 2311 ὅταν
1529 2258 1605 2328 μὴ
1633 2257 1817 2311 διδῶσι

237 2350 422 2417 δίκην,
476 2350 570 2402 καὶ
606 2350 713 2420 χρὴ
762 2350 827 2419 δὴ
872 2350 1014 2402 κατά
1043 2349 1088 2379 ⁸³
1129 2347 1190 2399 σὲ
1222 2350 1316 2401 καὶ
1342 2350 1506 2402 αύτὸν
1538 2350 1585 2381 ³³
1618 2348 1815 2403 ἑαυτοῦ

242 2442 573 2509 κατήγορον,
592 2440 719 2491 ὅταν
742 2439 995 2509 ἀδικήσῃ,
1020 2436 1269 2505 γίνεσθαι
1297 2440 1389 2489 καὶ
1421 2437 1628 2491 παίδων
1651 2438 1695 2469 ⁸⁸
1725 2437 1818 2489 καὶ

242 2530 453 2599 πατρὸς
479 2526 669 2591 αὑτοῦ,
722 2528 846 2589 τοὺς
906 2527 951 2579 δ’
988 2526 1219 2597 ἐχθροὺς
1264 2528 1379 2597 ὲᾷν,
1406 2527 1458 2578 τί
1486 2527 1546 2578 οὐ
1586 2526 1819 2596 συνεύχῃ

240 2624 356 2683 τοῖς
380 2620 656 2689 πολεμίοις
685 2619 939 2672 ἐπελθεῖν
974 2621 1068 2672 καὶ
1092 2620 1274 2672 λαϐεῖν
1306 2617 1403 2688 τὴν
1432 2619 1608 2681 πόλιν,
1637 2618 1731 2672 καὶ
1753 2618 1818 2688 νὴ

242 2712 346 2761 Δία
376 2710 501 2770 τοὺς
539 2710 638 2777 μὲν
661 2710 718 2760 ὲν
753 2708 940 2779 ήλικίᾳ
966 2711 1172 2771 πάντας
1192 2707 1521 2775 κατακόψαι,
1548 2707 1821 2759 καὶταῦτα

243 2801 385 2871 πρὸς
411 2803 522 2863 τοῖς
547 2799 771 2868 βωμοῖς,
802 2800 998 2860 παῖδας
1018 2798 1076 2851 δὲ
1132 2797 1227 2851 καὶ
1260 2800 1523 2866 γυναῖκας
1568 2796 1823 2865 ἐξανδρα-

243 2892 573 2946 ποδίσασθαι
598 2893 740 2959 πέρα
769 2892 839 2957 ⁸⁸,
872 2893 921 2943 εί
952 2891 1149 2960 βούλει,
1182 2891 1476 2961 Γαδείρων,
1506 2890 1574 2942 τὰ
1599 2890 1658 2942 δὲ
1700 2891 1821 2959 ίερὲ

245 2985 585 3053 συλήσαντας
608 2981 959 3051 κατασκάψαι
990 2984 1189 3046 πάντα,
1247 2981 1322 3050 μὴ
1374 2981 1548 3033 λιπεῖν
1591 2980 1646 3033 δὲ
1682 2979 1821 3048 μηδὲ

1920 1981 2086 2034 etiam
2110 1981 2348 2049 seipsum
2374 1996 2498 2036 cum
2530 1982 2785 2052 injuriam
2811 1983 2955 2049 fecit,
2981 1999 3261 2052 accusare,
3292 1996 3345 2043 et
3376 1988 3511 2043 libe-

1918 2083 2008 2123 ros
2031 2077 2086 2123 et
2120 2080 2370 2137 parentes
2405 2071 2575 2140 ipsos,
2607 2073 2827 2127 omissis
2882 2074 3157 2131 inimicis:
3192 2078 3321 2147 quin
3352 2086 3510 2147 optas

1918 2168 1978 2213 ut
2023 2159 2207 2214 hostes
2252 2160 2448 2233 ﬁ.le
2502 2164 2691 2217 urbem
2723 2167 2960 2234 aggressi
3008 2169 3225 2238 capiant
3273 2170 3409 2242 (85),
3444 2186 3511 2226 ac

1917 2248 2063 2303 viros
2109 2250 2327 2318 quidem
2380 2266 2569 2306 onmes
2620 2255 2686 2306 ad
2734 2269 2857 2308 aras
2906 2257 3200 2323 trucident,
3249 2260 3511 2315 mulieres

1918 2348 2097 2395 autem
2146 2355 2268 2395 cum
2298 2340 2485 2396 liberis
2515 2343 2757 2411 captivas
2788 2345 2927 2400 ultra
2956 2345 3155 2413 Gades,
3188 2350 3234 2404 si
3268 2353 3506 2421 videtur,

1919 2431 2233 2497 divendant,
2259 2432 2471 2500 templis
2501 2448 2630 2487 vero
2661 2434 2901 2504 spoliatis
2922 2440 3101 2492 omnia
3133 2441 3372 2505 diruant,
3401 2459 3505 2498 nec

1919 2524 2004 2579 vel
2037 2524 2283 2593 sepulcra
2314 2539 2428 2579 sua
2461 2526 2773 2595 petulantiae
2806 2528 3115 2599 relinquant
3145 2533 3423 2601 expertia;
3450 2543 3510 2589 ut

1920 2623 2206 2683 postquam
2258 2616 2520 2671 maximas
2567 2617 2798 2674 fecerint
2842 2620 3098 2689 injurias,
3151 2624 3204 2678 in
3255 2627 3510 2681 maximis

1920 2706 2031 2760 sint
2079 2706 2258 2771 malis,
2306 2708 2433 2761 dum
2480 2722 2671 2777 pinnas
2717 2727 2820 2765 non
2877 2713 3073 2769 luunt?
3127 2714 3509 2773 Verumtamen

1922 2804 2131 2851 tantum
2181 2798 2337 2853 abest
2393 2808 2452 2854 ut
2513 2800 2617 2856 ista
2676 2808 2928 2868 studeas,
2988 2815 3046 2859 ut
3093 2807 3415 2875 prohibeas,
3455 2817 3514 2862 et

1923 2886 2203 2954 impedias,
2237 2888 2514 2958 vitamque
2562 2890 2877 2959 militarem,
2913 2909 2977 2948 ne
3007 2897 3136 2963 quid
3184 2895 3339 2951 fieret
3382 2897 3509 2961 tale,

1924 2976 2223 3032 institueris
2250 2996 2266 3033 :
2296 2993 2363 3035 ac
2393 2981 2439 3033 si
2470 2982 2591 3049 quis
2634 2983 2911 3038 exstiterit
2939 2986 3205 3052 proditor,
3233 3003 3356 3042 eum
3400 3004 3510 3043 non

243 3080 375 3142 τοὺς
413 3080 617 3147 τάφους
672 3076 880 3139 ἁθώους
926 3079 1025 3146 τῆς
1073 3075 1282 3129 ἑαυτῶν
1322 3072 1634 3138 πλεονεξίας
1656 3074 1723 3137 ⁸⁷,
1756 3074 1815 3125 ἶν’

1918 3067 2075 3135 jubes
2121 3072 2371 3124 coronari
2420 3086 2520 3125 nec
2573 3073 2890 3139 przedicari,
2944 3078 3038 3130 sed
3091 3078 3231 3131 idem
3286 3080 3351 3132 de
3391 3081 3510 3149 ipso

245 3171 608 3239 ἀδικήσαντες
637 3168 705 3221 τὰ
729 3170 963 3237 μέγιστα
990 3168 1049 3218 ὲν
1078 3170 1189 3228 τοῖς
1219 3166 1494 3235 μεγίστοις
1544 3166 1608 3231 δὴ
1635 3166 1815 3225 κακοῖς

1924 3160 2066 3224 quod
2098 3160 2189 3213 alii
2218 3161 2433 3215 statuis.
2471 3162 2587 3225 Dic,
2618 3179 2713 3233 per
2742 3162 2927 3220 Jovem
2960 3168 3347 3239 prodigiosum,
3380 3172 3512 3239 quid

242 3257 373 3325 ὦσι,
399 3237 487 3331 μὴ
506 3261 687 3322 δόντες
706 3260 881 3328 δίκην.
922 3258 1083 3311 Ἀλλὰ
1108 3256 1363 3309 τοσοῦτον
1392 3255 1617 3323 ἀπέχεις
1650 3254 1744 3306 τοῦ
1773 3254 1815 3285 ⁸⁸

1929 3249 2084 3303 nobis
2115 3251 2182 3305 de
2214 3252 2363 3306 hisce
2389 3262 2473 3307 est
2514 3256 2933 3311 existimandum
2958 3258 2982 3311 3
3010 3237 3139 3313 Jam—
3164 3276 3282 3330 age,
3313 3277 3346 3315 ο
3371 3237 3511 3317 bone

246 3351 422 3404 ταῦτα
452 3351 850 3419 συμπράττειν,
912 3348 1051 3401 ὥστε
1106 3346 1336 3409 κωλύεις
1364 3346 1457 3397 καὶ
1493 3345 1606 3411 βίον
1630 3344 1687 3394 ὲν
1708 3345 1815 3404 τοῖς

1929 3340 2031 3403 vir,
2069 3339 2211 3410 leges
2233 3356 2337 3410 qua
2361 3343 2427 3397 de
2456 3358 2618 3399 causa
2647 3355 2795 3400 tanto
2830 3364 3056 3405 numero
3091 3354 3317 3406 seorsim
3354 3355 3512 3410 nobis

244 3443 432 3503 ὅπλοις
456 3441 719 3511 εὕρηκας,
762 3440 850 3492 ἵνα
881 3442 958 3508 μή
1015 3454 1067 3490 τι
1101 3436 1340 3489 τοιοῦτον
1365 3436 1409 3466 δ’
1440 3438 1649 3502 γένοιτο
1669 3447 1681 3461 ·
1720 3432 1815 3485 κάν

1929 3427 2080 3483 fers!
2109 3429 2320 3484 Etenim
2352 3433 2456 3487 nisi
2502 3450 2755 3505 magnum
2788 3439 3040 3507 quiddam
3073 3452 3157 3498 est
3198 3457 3386 3512 paruas
3418 3459 3511 3498 su-

242 3550 331 3593 τις
345 3532 635 3600 ἐγγένηται
653 3530 939 3601 προδότης,
965 3528 1154 3581 τοῦτον
1169 3529 1229 3580 οὐ
1253 3526 1551 3595 στεφανοῦν
1578 3524 1815 3586 κελεύεις

1931 3532 2079 3572 mere
2122 3527 2177 3572 et
2225 3519 2449 3586 injurias
2493 3525 2802 3591 prohibere,
2832 3541 2929 3581 cur
2971 3528 3075 3583 ista
3110 3546 3321 3597 narras,
3349 3542 3403 3588 et
3448 3542 3510 3588 ut

243 3624 370 3675 οὐδὲ
410 3622 699 3692 κηρύττειν
728 3622 797 3687 ⁸ο,
836 3620 972 3673 ἀλλὰ
1020 3619 1193 3673 ταύτὰ
1236 3620 1350 3678 τοῖς
1383 3616 1570 3677 ἄλλοις
1600 3612 1815 3683 νομοθέ·

1932 3623 2090 3661 nemo
2119 3608 2173 3663 in
2212 3610 2345 3664 urbe
2372 3611 2617 3677 ladatur,
2646 3615 2838 3669 caves?

243 3739 368 3783 ταις
414 3722 542 3790 περὶ
572 3720 786 3773 πούτων
810 3718 1070 3789 νομίζεις.
1108 3717 1246 3770 Είπὲ
1270 3717 1343 3780 ⁹¹,
1377 3713 1503 3787 [678
1542 3714 1633 3787 ΙΙ.]
1690 3714 1823 3784 πρὸς
1862 3711 1984 3775 Διὸς
2006 3712 2313 3783 τεραστίου,
2336 3713 2388 3764 τί
2420 3717 2525 3786 χρὴ
2557 3718 2686 3786 περὶ
2713 3716 2919 3770 τούτων
2974 3719 3126 3789 ἡμᾶς
3162 3722 3404 3788 νομίζειν
3428 3719 3506 3787 ";

243 3808 376 3875 εἷεν,
404 3805 450 3864 ὦ
477 3813 712 3878 γενναῖε’
738 3811 935 3878 νόμους
952 3809 1008 3862 δὲ
1023 3809 1086 3878 δὴ
1109 3807 1203 3861 τοῦ
1228 3809 1533 3876 χάρινήμίν
1554 3806 1740 3874 ὲτίθης
1774 3806 1859 3870 ⁹³;
1901 3803 1966 3858 Εἰ
1999 3804 2130 3875 γὰρ,
2166 3798 2212 3857 ὦ
2244 3808 2363 3871 τὰν,
2408 3807 2469 3858 τὸ
2504 3807 2661 3878 δίκην
2694 3807 2988 3877 λαμϐάνειν
3026 3811 3121 3862 καὶ⁵
3172 3811 3232 3863 τὸ
3284 3810 3359 3880 μὴ
3413 3812 3510 3880 ὲᾷν

241 3906 450 3960 ἀδικεῖν
472 3905 570 3973 οὐχ
602 3904 659 3955 ἓν
681 3901 862 3955 τιτῶν
894 3900 1193 3954 σπουδαίων
1220 3896 1309 3970 ἦν,
1330 3900 1423 3953 τοῦ
1456 3900 1617 3969 χάριν
1649 3898 1819 3953 ταῦτα
1857 3898 2222 3970 πραγματεύῃ
2244 3901 2313 3967 ⁸⁸,
2347 3900 2441 3953 καὶ
2463 3902 2683 3964 σκοπεῖς
2698 3901 2845 3965 ὅπως
2878 3901 3067 3972 μηδείς
3138 3900 3261 3975 [που
3326 3905 3374 3938 ³³
3397 3904 3507 3957 τῶν

242 4000 305 4051 ἐν
330 3998 395 4065 τῇ
436 3991 607 4064 πόλει]
633 3993 979 4063 άδικήσεται;

321 4091 429 4142 Καὶ
465 4089 575 4158 μὴν
601 4090 647 4121 ³⁸
668 4091 726 4141 ἐν
755 4091 856 4158 μὲν
884 4084 963 4151 οἷς
995 4088 1156 4157 ἡμεῖς
1187 4086 1441 4157 λέγομεν,
1480 4089 1575 4140 καὶ
1596 4088 1710 4148 τοῖς
1731 4086 1818 4138 άλ-

242 4181 361 4242 λοις
383 4177 675 4232 συνδοκοῦν
712 4180 830 4230 ἐστι
863 4178 960 4230 καὶ
1003 4176 1079 4246 τῷ
1102 4178 1351 4229 Πλάτωνι
1374 4177 1697 4245 πρόσεστινο
1731 4174 1815 4229 ἂδ

1924 4170 2134 4225 Platoni
2171 4171 2453 4239 videntur;
2488 4186 2607 4240 qua:
2630 4187 2757 4227 vero
2800 4174 2887 4227 hic
2918 4174 3015 4239 ait,
3048 4190 3153 4229 non
3190 4176 3350 4229 rebus
3386 4188 3507 4229 tan-

241 4266 405 4333 οῦτος
434 4270 665 4323 ἰνταῦθα
697 4271 939 4340 εἴρηκεν,
999 4270 1060 4322 οὐ
1137 4269 1302 4339 μόνον
1345 4271 1458 4330 τοῖς
1484 4268 1593 4320 τῶν
1614 4268 1659 4300 ⁸⁷
1688 4283 1815 4336 πραμ

1928 4273 2065 4327 ιυιιι.
2096 4264 2192 4317 sed
2223 4272 2279 4317 et
2306 4263 2472 4333 ipsius
2498 4264 2739 4319 Platonis
2766 4265 2943 4319 verbis
2974 4276 3028 4320 et
3065 4266 3309 4321 consiliis
3341 4282 3504 4336 repu-

243 4380 279 4430 γ
288 4362 476 4430 μάτων
502 4360 706 4428 λόγοις,
735 4360 871 4414 ἀλλὰ
894 4360 1112 4421 καὶτοῖς
1130 4358 1294 4411 αὑτοῦ
1322 4358 1604 4421 Πλάτωνος
1615 4359 1815 4427 ἐξελέγ-

1928 4364 2114 4425 gnant.
2152 4358 2224 4411 Ac
2256 4356 2301 4410 si
2329 4356 2417 4409 illa
2452 4357 2669 4425 quidem
2700 4364 2848 4412 recte
2882 4372 2940 4411 se
2967 4358 3166 4412 habere
3189 4359 3504 4413 concedan-

241 4467 404 4520 χεται
456 4450 548 4502 καὶ
615 4450 793 4517 λόγοις
862 4450 958 4503 καὶ
1018 4449 1371 4519 βουλήμασιν.
1419 4449 1673 4502 Ἐκείνων
1721 4451 1815 4519 μὲν

1933 4454 2045 4509 tur,
2076 4446 2302 4500 aliorum
2333 4462 2550 4517 quoque
2580 4450 2848 4504 sententia
2893 4459 2948 4503 et
2986 4448 3298 4518 suﬂragium
3346 4462 3503 4503 acce-

1995 4080 2182 4147 Atqui,
2229 4094 2348 4149 qua
2380 4080 2497 4134 'nos
2544 4081 2810 4147 dicimus,
2858 4095 2921 4137 ea
2970 4082 3131 4137 simul
3185 4092 3241 4139 et
3287 4083 3405 4139 aliis
3453 4092 3509 4139 et

240 4539 421 4609 ὀρθῶς
444 4538 588 4607 ιχειν
618 4538 1103 4609 συγχωρουμένων,
1139 4539 1234 4589 καὶ
1255 4539 1288 4605 ή
1322 4538 1474 4608 παρὰ
1498 4538 1605 4590 τῶν
1645 4538 1815 4593 ἄλλων

1929 4538 2039 4601 det,
2092 4538 2175 4592 sin
2226 4538 2309 4593 his
2356 4541 2736 4605 assentiamur,
2774 4542 2923 4595 deest
2975 4541 3203 4596 aliorum
3259 4542 3499 4596 omnium

245 4633 519 4699 μαρτυρεῖ
547 4630 673 4695 δόξα
716 4631 809 4682 καὶ
851 4629 1033 4697 ψῆφος
1087 4628 1244 4700 ὀρθή.
1285 4628 1473 4683 Ταῦτα
1515 4629 1573 4682 δὲ
1603 4630 1815 4700 είδοίη-

1930 4631 2191 4687 calculus.
2245 4632 2340 4687 Est
2387 4642 2567 4688 autem
2618 4634 2834 4699 fortius,
2869 4637 3010 4704 quod
3063 4645 3117 4690 et
3150 4637 3401 4692 omnibus
3447 4647 3503 4690 et

245 4738 351 4787 μεν
378 4722 618 4788 κρατεῖν,
647 4720 844 4773 ἄπεστι
865 4718 926 4771 τδ
944 4718 1145 4789 ὁτῳοῦν
1174 4720 1451 4773 συνδοκεῖν
1472 4719 1581 4772 τῶν
1612 4720 1813 4774 ἄλλων.

242 4810 409 4881 [1256
442 4809 533 4881 IL]
590 4812 958 4881 ’ἰσχυρότερον
993 4811 1050 4863 δὲ
1104 4811 1166 4864 τὸ
1209 4812 1304 4864 καὶ
1356 4810 1528 4865 ἅπασι
1556 4810 1649 4862 καὶ
1671 4811 1817 4863 Πλά-

239 4920 375 4954 τωνι
400 4902 491 4955 τοῦ
530 4904 719 4972 μηδενὶ
764 4904 858 4956 καὶ
887 4903 1022 4973 μηδὲ
1048 4903 1296 4955 Πλάτωνι
1325 4901 1619 4965 συνδοκεῖν,
1660 4900 1736 4963 ὡς
1770 4900 1815 4933 ’⁸

240 4986 399 5053 οὗτος
455 4989 709 5060 ἀλλαχοῦ.
766 4990 978 5045 Οὐκοῦν
1029 4992 1091 5044 οὑ
1137 4990 1237 5060 τὴν
1268 4990 1417 5060 παρὰ
1451 4990 1640 5043 τούτου
1677 5007 1816 5060 μαρ-

1930 4721 2138 4775 Platoui
2186 4723 2417 4790 videtur,
2451 4739 2608 4793 quam
2646 4728 2787 4794 quod
2827 4742 2924 4781 nec
2956 4728 3205 4796 cuiquam
3241 4742 3339 4783 nec
3380 4728 3499 4783 Pla-

1928 4813 2058 4866 toni.
2095 4811 2432 4882 Quapropter
2465 4829 2568 4869 non
2609 4825 2715 4867 tam
2762 4818 2918 4883 hujus
2982 4818 3345 4871 testimonium
3376 4833 3503 4888 pro-

1925 4911 2043 4969 pter
2088 4903 2315 4957 aliorum
2368 4903 2680 4974 suffragium
2733 4906 3031 4976 fugiemus,
3066 4924 3226 4977 quam
3271 4910 3498 4963 aliorum

1927 4994 2236 5049 testimonio
2267 4995 2424 5065 hujus
2458 4997 2774 5067 adjiciemus
2801 4997 3137 5069 suffragium.
3170 5001 3343 5067 Atque
3382 5001 3497 5055 hac

1534 5098 1763 5153 VARUE
1819 5100 2225 5162 LECTIUNES.

338 5193 590 5268 η-αύτὸν]
620 5193 881 5268 *αύτῶνλ
940 5191 1076 5268 "7"“
1099 5191 1215 5268 ἀλλ’
1239 5188 1953 5268 (ρε-107ξτ-ῖὲξ,ελαθήσεται
1983 5208 2093 5268 orn.
2112 5196 2176 5247 Α.
2253 5198 2299 5268 τ’
2331 5197 2889 5268 συνεκπέμψαι-ἔχῃ
2915 5214 3024 5251 om.
3054 5198 3120 5253 Α.
3175 5200 3217 5231 ⁷⁸
3241 5202 3356 5251 ἐστι
3386 5214 3500 5255 om.

242 5266 311 5319 Α,
389 5254 1133 5346 ἴδηὲίιῄενὸςῗσκιᾶεοωι.
1308 5258 1502 5346 "£113
1519 5260 1635 5346 ’ὑπό
1668 5254 1830 5346 τινων
1853 5262 2081 5346 άδικῃρῇ
2113 5280 2221 5346 om.
2246 5266 2334 5346 AL
2384 5267 2430 5346 ’ξ
2460 5254 2679 5346 ιξαρκὲτ
2820 5254 2955 5346 "isi
2986 5296 3053 5346 -ς-
3084 5270 3503 5346 παρεσκεύασας

242 5350 358 5405 unt.
381 5336 455 5405 A._
520 5326 565 5363 ⁸³
591 5326 655 5405 δὴ
684 5335 900 5405 αιιύζᾼ.
919 5400 936 5405 _
960 5332 1006 5363 ⁸⁸
1032 5331 1136 5405 χρὴ
1160 5331 1224 5400 δὴ
1247 5326 1409 5405 κατὰ]
1436 5326 1693 5405 χρήματα
1716 5332 1780 5384 Α.
1856 5326 2090 5405 {adito-9
2118 5334 2335 5405 ἑαυτοῦ]
2367 5326 2529 5389 αὑτοῦ
2560 5326 2624 5391 Ἀ.
2700 5340 2745 5370 ⁸⁸
2772 5338 2974 5390 παίδων
3000 5339 3041 5391 Α
3067 5355 3081 5391 :
3114 5326 3339 5391 παιδίων
3368 5355 3425 5401 ς.

239 5404 359 5500 '1‘"
392 5398 937 5500 πέρα-ῗπλειζέεξίας]
968 5398 1062 5452 καὶ
1095 5398 1222 5470 ἱερά
1242 5398 2031 5500 τὶάντιξικοὶἱξξίφουςιὲυλήσεξξ
2050 5405 2145 5456 καὶ
2169 5398 2596 5500 κατασκάιξὲιιΑ.
2670 5406 2716 5440 ⁸⁸
2742 5408 2834 5460 τοῦ
2869 5422 2977 5460 om.
2996 5408 3064 5459 Α.
3138 5407 3183 5439 ³⁵
3212 5407 3287 5477 μὴ
3320 5398 3498 5500 τοιοῦῖ

239 5493 267 5500 -
306 5492 333 5500 ..
360 5490 408 5500 -.
450 5477 473 5500 Α
660 5476 713 5500 ...·.
801 5472 1090 5500 ..-κῆρα-ρ...
1119 5486 1204 5500 ιι..-
1476 5484 1496 5500 ε
1641 5483 1671 5500 η
1964 5485 1977 5498 ο
2051 5475 2174 5500 ..-ηε
2215 5492 2289 5500 -...
2366 5478 2422 5500 ε..
2481 5495 2508 5500 μ
2530 5496 2546 5500 -
2576 5493 2655 5500 ---μ
2717 5480 2736 5500 a
2844 5479 2889 5500 an
2911 5476 3080 5500 _...'._._
3106 5476 3466 5500 _-_-.--___.'.-

235 5474 333 5549 τόν
360 5490 412 5525 τι
441 5466 513 5549 Ᾱε
584 5474 629 5549 ’ξ
659 5473 775 5524 οὐδὲ
801 5466 1090 5549 κηρύττειν
1118 5466 1228 5549 (im.
1261 5471 1325 5521 A.
1352 5542 1364 5549 _
1404 5468 1446 5498 ⁹¹
1641 5483 1693 5549 p.
1714 5466 1833 5549 199:
1912 5466 2546 5549 ":f’nvopiisth—étmq;
2572 5493 2681 5532 om.
2708 5480 2781 5549 Α(
2844 5476 3083 5549 ’δ’ταῦτα
3105 5466 3497 5549 πραγματεύῃξ

234 5543 439 5613 νόμους
470 5542 744 5611 εἰσφέρεις
784 5536 889 5595 Δ.”
954 5542 998 5573 ⁸³
1028 5541 1153 5606 που]
1198 5556 1291 5591 σου
1337 5542 1402 5591 Α.
1505 5538 1551 5569 ’⁸
1576 5536 1672 5590 καὶ
1702 5537 1831 5609 μὴν]
1860 5554 1911 5607 p.
1948 5540 2070 5594 ΗΟ.
2115 5536 2127 5543 ’
2174 5536 2219 5575 ’θ’
2254 5546 2361 5597 τῶν
2393 5536 2600 5600 οιιιξᾈ,
2676 5548 2720 5581 η
2755 5548 2826 5611 ὡς
2856 5540 3036 5616 orm,“
3151 5536 3165 5547 '
3233 5536 3274 5548 "
3442 5536 3456 5551 ⁸

1782 5652 2015 5709 NOTAE.

311 5744 429 5815 (83)
464 5744 680 5814 Direpta
706 5745 857 5799 urbis
886 5742 1071 5798 facies.
1104 5742 1424 5815 Propertius
1456 5757 1522 5815 an
1549 5742 1808 5815 Catulus?

1233 5812 1371 5875 Quid
1398 5813 1596 5875 faciant
1625 5814 1796 5867 hostes
1818 5822 1970 5879 capta
2008 5811 2271 5867 crudelius
2299 5812 2468 5865 urbe?
