4216 6430
736 416 861 481 1511

1911 417 2169 477 ΡΗΟΤΙΙ
2202 414 2706 475 PATRIARCH/E
2740 412 2848 473 (ΖΡ.

3855 416 3993 481 1512

726 534 941 599 quidem
973 532 1134 587 etiam
1167 530 1292 585 facti
1338 532 1703 585 testimonium
1736 531 2016 585 continere
2048 529 2292 584 crcdide-
2328 577 2329 581 η

2422 525 2593 595 ςυρίαν
2647 526 2739 577 διά
2791 527 2891 595 τὴν
2943 531 3094 595 παρά
3120 527 3231 578 τῶν
3266 526 3439 580 ἄλλων
3467 528 3796 597 φευξόμεθα,
3856 532 3993 585 ἀλλὰ

728 626 853 677 rim.
886 624 1021 677 Nam
1054 624 1144 692 qui
1191 626 1373 679 verbis
1418 640 1536 678 cum
1568 626 1737 679 altero
1765 625 2094 693 disceptans,
2129 623 2307 675 verbis

732 717 853 769 aliis
885 716 1250 768 adversarium
1283 716 1385 769 sibi
1426 718 1567 769 serio
1598 716 1965 770 testimonium
2010 716 2137 766 dare
2173 726 2303 766 con-

732 805 929 867 firmat,
978 805 1023 858 is
1060 804 1185 857 lacti
1220 806 1463 871 producit
1500 804 1890 858 testimonium.
1927 803 2306 855 Verumtamen

727 894 893 946 etiam
930 894 1155 946 ulterius
1190 896 1311 946 volo
1354 894 1626 962 progredi,
1670 902 1729 946 ut
1770 891 2023 961 quoniam
2068 889 2225 941 unius
2256 897 2309 941 et

730 985 995 1053 ejusdem,
1030 1000 1151 1037 cum
1200 1000 1306 1052 quo
1339 985 1648 1053 disputatur
1677 983 1990 1051 suffragium
2020 980 2229 1049 probat,
2257 987 2312 1032 et

732 1079 913 1130 verbis
951 1094 1073 1130 eum
1107 1087 1159 1131 ct
1206 1077 1363 1130 factis
1409 1093 1630 1131 rnecunL
1668 1078 1869 1131 sentire
1899 1077 2196 1129 ostendam.
2229 1072 2309 1124 Tu

731 1171 943 1236 quidem
978 1169 1203 1233 hospitis
1237 1168 1563 1238 Syracusani
1594 1167 1897 1221 communis
1928 1164 2114 1233 patriae
2142 1163 2312 1216 hostis

734 1274 892 1312 causa
944 1274 1047 1311 non
1089 1259 1275 1321 semel,
1326 1262 1419 1311 sed
1471 1260 1663 1311 iterum
1707 1274 1769 1311 ac
1807 1265 1891 1310 ter
1932 1255 2131 1326 417a
2162 1266 2311 1307 mare

733 1365 895 1402 senex
928 1350 1236 1418 navigahas.
1275 1348 1381 1401 Nec
1414 1350 1626 1416 tyranni
1663 1349 2108 1402 consuetudinem
2138 1344 2311 1413 fugie-

733 1438 849 1495 bas.
886 1441 1038 1504 quasi
1074 1453 1235 1491 mora:
1273 1448 1563 1505 prmlextns
1594 1448 1644 1491 te
1674 1438 2065 1497 consolaretur,
2096 1448 2203 1503 quo
2230 1436 2309 1485 vi-

731 1531 923 1583 deliret
968 1530 1063 1582 Dio
1088 1532 1229 1584 domi
1268 1540 1531 1592 maneret,
1571 1545 1633 1584 ac
1675 1532 1835 1583 rebus
1878 1530 1989 1581 suis
2020 1528 2308 1579 frueretur.

735 1620 790 1672 Si
818 1622 940 1686 quis
969 1631 1145 1673 autem
1180 1623 1231 1673 in
1273 1636 1367 1674 sua
1418 1622 1587 1687 patria
1619 1636 1687 1675 ne
1717 1623 1863 1675 cives
1893 1624 2000 1685 sui,
2030 1633 2310 1689 parentes,

735 1728 797 1763 ac
835 1713 1027 1766 fratres
1060 1714 1334 1779 patiantur
1370 1714 1644 1777 injuriam,
1678 1723 1887 1777 caveat,
1919 1724 1973 1767 et
2004 1728 2121 1767 sese
2150 1723 2313 1780 atque

738 1804 856 1856 illos
896 1790 1096 1861 servet.
1128 1814 1287 1871 atque
1332 1806 1465 1857 adeo
1514 1815 1799 1872 tyrannum
1834 1803 2071 1857 futurum
2103 1812 2156 1858 et
2189 1802 2312 1855 Dio-

2409 619 2475 686 τῇ
2526 616 2637 669 τῶν
2680 617 2861 671 ἄλλων
2914 617 3014 687 τὴν
3069 617 3223 687 παρὰ
3252 619 3443 670 τούτου
3521 621 3903 689 προσθήσομαι
3924 625 3990 677 ⁹⁹.

2421 708 2692 777 Ἠγοῦμαι
2725 709 2826 776 μὲν
2858 709 3042 761 τοίνυν
3078 710 3181 760 κάν
3236 711 3449 772 τούτοις
3483 711 3579 775 τὴν
3613 711 3759 780 ἔργῳ
3788 695 4001 781 μαρτυί

2414 801 2535 867 ρίαν
2554 799 2912 867 παρέχεσθαι·
2947 801 3008 850 τὸ
3032 800 3162 869 γάρ¹
3193 801 3258 869 δὴ
3279 799 3460 867 λόγοις
3480 801 3615 869 πρὸς
3639 800 3832 867 λόγους
3852 806 3997 867 ἀγω-

2410 888 2695 956 νιζόμενον
2750 891 2928 955 λόγοις
2991 892 3199 961 ἑτέροις
3253 893 3566 955 σπουδαίοις
3613 894 3995 961 μαρτυροῦντα

2410 978 2733 1045 ἀποφαίνειν
2791 980 2883 1033 τὸν
2951 984 3248 1035 ἀντίπαλον
3301 983 3407 1052 τὴν
3458 984 3601 1052 ἔργῳ
3657 986 3995 1051 παρέχεσθαι

2416 1072 2726 1139 μαρτυρίαν
2754 1072 2923 1125 ἐστίν.
2980 1074 3054 1124 Οὐ
3081 1075 3189 1141 μὴν
3218 1074 3336 1126 ἀλλ’
3386 1074 3467 1126 ἔτι
3506 1078 3599 1128 καὶ
3658 1076 3998 1143 προσωτέρω

2411 1160 2695 1226 προελθεῖν
2722 1160 3001 1229 βούλομαι,
3054 1162 3161 1223 ῖνα,
3214 1163 3401 1233 ἐπειδὴ
3429 1167 3562 1234 τιμᾷ
3586 1165 3646 1217 τὸ
3668 1167 3763 1217 ἕνα
3793 1163 3996 1231 ἐπιψη-

2412 1251 2591 1316 φίζειν
2614 1253 2711 1303 καὶ
2741 1252 2902 1303 αὑτὸν
2931 1254 3067 1321 πρὸς
3096 1254 3156 1304 ὃν
3196 1254 3262 1306 ἂν
3296 1257 3345 1306 οί
3380 1254 3528 1322 λόγοι
3554 1256 3873 1322 γίγνωνται,
3901 1256 3996 1306 καὶ

2410 1341 2553 1409 λόγῳ
2569 1342 2823 1411 καὶὲργῳ
2840 1343 3135 1413 σύμψηφον
3157 1346 3288 1399 ὄντα
3308 1348 3473 1398 αὐτόν
3497 1365 3587 1417 μοι
3601 1348 3885 1411 δείξω.Σὺ³
3901 1350 4000 1415 μὲν

2414 1431 2562 1493 ξένου
2585 1434 2749 1501 χάριν
2785 1434 3175 1503 Συρακουσίου,
3192 1436 3372 1487 κοινοῦ
3385 1437 3483 1503 τῆς
3508 1439 3764 1505 πατρίδος
3776 1437 3997 1505 ἐχθροῦν

2412 1522 2595 1584 ἐπλεις
2618 1524 2713 1591 οὐχ
2739 1524 2904 1587 ἅπαξ,
2927 1526 3065 1577 ἀλλά
3083 1528 3178 1579 καὶ
3194 1527 3277 1588 δὶς
3299 1527 3392 1579 καὶ
3416 1529 3557 1597 τρὶς,
3582 1530 3641 1580 ὲν
3662 1531 3828 1597 γήρᾳ,
3844 1529 4000 1579 πέλα-

2412 1630 2505 1679 γος
2534 1614 2806 1679 τοσοῦτον,
2841 1619 2936 1669 καὶ
2963 1619 3039 1687 τῷ
3069 1620 3319 1689 τυράννῳ
3352 1621 3622 1672 συνεῖναι³
3670 1621 3849 1671 δοκεῖν
3894 1622 3996 1670 οὐκ

2411 1705 2627 1771 ἔφυγες,
2665 1705 2739 1767 ὠς
2768 1706 2903 1774 ἔχων
2936 1710 3294 1777 παραμυθίαν
3326 1714 3387 1763 τὸ
3422 1714 3607 1782 σχῆμα
3653 1715 3751 1779 τῆς
3794 1714 4002 1785 διατρι⁸

2414 1796 2512 1863 ϐῆς
2534 1834 2547 1855 ,
2577 1797 2605 1846 ὃ
2634 1796 2844 1849 Δίωναδ
2876 1800 3057 1866 μένειν
3089 1802 3228 1853 οἴκοι
3269 1804 3362 1854 καὶ
3401 1804 3535 1871 τῆς⁵
3564 1806 3753 1865 οὐσίας
3782 1807 4003 1871 κρατεῖ-ι

738 1895 893 1963 nysio
948 1876 1178 1946 similent
1242 1880 1412 1961 possit
1473 1896 1786 1961 reprimere,
1841 1895 2123 1962 verbisque
2171 1894 2310 1947 facta

2422 1883 2503 1955 ἦν.
2536 1887 2646 1956 Τὴν
2676 1888 2721 1939 δ’
2744 1889 2907 1940 αὑτοῦ
2952 1907 3034 1951 τις
3074 1892 3242 1943 οίκῶν
3277 1894 3372 1944 καὶ
3414 1869 3528 1955 τοῖς
3556 1894 3721 1947 αὑτοῦ
3757 1869 4005 1954 πολίταις

737 2000 1013 2046 coercere,
1054 1996 1110 2037 et
1143 1984 1350 2052 legibus
1395 1984 1606 2059 partam
1642 1986 1989 2040 securitatem
2030 1986 2167 2052 apud
2195 2000 2315 2038 om-

739 2090 835 2129 nos
860 2076 1203 2139 conﬁrmare,
1253 2076 1386 2128 nihil
1431 2091 1551 2128 eum
1601 2076 1778 2131 facere
1836 2077 2010 2144 magni
2056 2077 2318 2139 dicemus,

739 2182 838 2221 nec
883 2168 1221 2220 laudabimus
1269 2168 1452 2231 talem,
1499 2168 1614 2221 sive
1661 2171 1751 2233 sit,
1802 2170 1915 2222 sive
1963 2184 2067 2222 non
2098 2170 2188 2235 sit,
2232 2183 2321 2222 ars

740 2258 1109 2310 dicenda?.An
1146 2257 1270 2325 quia
1324 2257 1435 2310 sola
1481 2257 1690 2323 injuria:
1720 2258 1882 2313 factio
1923 2274 2173 2327 magnum
2204 2265 2323 2312 erat

743 2347 963 2413 malum,
986 2349 1186 2400 nullum
1210 2358 1387 2402 autem
1412 2350 1691 2417 acceptio?
1720 2350 1833 2416 Ego
1856 2350 2053 2404 etenim
2080 2364 2179 2403 nec
2213 2351 2323 2418 ipse

743 2442 842 2493 hoc
878 2440 1348 2494 Platoni'crimini
1382 2427 1554 2505 verto,
1605 2443 1649 2495 si
1719 2444 1786 2495 de
1837 2457 2000 2495 causa
2033 2442 2223 2509 quavis
2268 2442 2321 2495 in

744 2532 981 2584 Siciliam
1011 2528 1281 2598 proﬁciséi
1313 2530 1504 2593 voluit,
1532 2546 1632 2585 nec
1674 2531 1721 2585 si
1757 2533 1878 2601 quis
1921 2532 1971 2583 id
2004 2530 2139 2583 alius
2166 2531 2320 2598 obje-

744 2622 916 2685 cerit,
964 2637 1156 2675 sanum
1204 2622 1572 2686 crediderim,
1630 2636 1729 2675 nec
1774 2622 1997 2675 omnino
2029 2620 2324 2689 quidquam

745 2723 944 2779 prmter
984 2730 1047 2765 ea
1094 2730 1215 2782 qua:
1258 2716 1325 2767 ad
1383 2729 1495 2767 rem
1545 2715 1827 2781 pertinent
1864 2714 2075 2767 curiose
2122 2721 2325 2774 sector,

744 2803 1177 2869 quandoquidem
1206 2799 1430 2854 nullum
1476 2803 1613 2855 tanti
1650 2804 1718 2856 sit
1752 2803 1991 2856 victoria:
2020 2803 2323 2869 praemium.

2420 1977 2513 2028 καὶ
2538 1978 2758 2043 γονεῦσι
2794 1981 2887 2031 καὶ
2912 1980 3163 2049 ἀδελφοῖς
3192 1984 3241 2033 εί
3269 1984 3369 2051 τὴν
3396 1985 3544 2046 ὅπως
3587 1984 3664 2051 μὴ
3696 1986 4007 2054 ἀδικήσων-

2416 2084 2507 2118 ται
2534 2068 2778 2138 φυλακὴν
2803 2070 2937 2139 ἔχοι,
2971 2073 3068 2122 καὶ
3099 2073 3260 2135 σώζοι
3288 2073 3383 2125 καὶ
3407 2074 3631 2137 τούτους
3666 2076 3758 2125 καὶ
3786 2074 4004 2136 ἑαυτὸν,

2420 2161 2515 2211 καὶ
2544 2161 2609 2226 νὴ
2656 2162 2753 2213 Δία
2783 2178 2846 2228 γε
2876 2164 2925 2214 εί
2958 2161 3105 2215 τοῦτ’
3137 2165 3269 2216 αὐτὸ
3314 2166 3579 2234 τύραννον
3628 2166 3847 2219 ἔσεσθαί
3885 2184 4007 2220 τινα

2425 2251 2684 2316 μέλλοντα
2714 2254 2806 2304 καὶ
2840 2254 3101 2322 Διονυσίῳ
3133 2256 3463 2323 προσόμοιον
3486 2249 3596 2319 οἷός
3624 2274 3682 2309 τε
3709 2258 3797 2326 εἴη
3827 2259 4008 2311 κωλῦ-

2424 2358 2536 2406 σαι,
2572 2343 2665 2393 καὶ
2713 2342 3045 2412 παρελέσθαι
3078 2345 3221 2413 λόγῳ
3250 2348 3350 2408 τὰς
3398 2348 3648 2415 πράξεις,
3685 2350 3779 2402 καὶ
3808 2352 3912 2417 τὴν
3944 2352 4009 2401 ἐκ

2423 2432 2530 2483 τῶν
2573 2434 2754 2501 νόμων
2804 2434 2989 2487 ἄδειαν
3046 2436 3255 2489 ἆπασι⁶
3308 2437 3626 2506 βεϐαιῶσαι,
3657 2439 3828 2492 ἔπειτ’
3856 2442 4009 2493 οὐδὲν

2427 2525 2711 2578 σπουδαῖον
2741 2526 2885 2579 τοῦτ’
2907 2522 3046 2581 εἶναι
3074 2530 3343 2598 φήσομεν,
3379 2532 3486 2584 οὐδ’
3510 2534 3755 2585 ἐπαινεῖν
3782 2534 3892 2601 χρὴ
3912 2533 4011 2602 τὴν

2424 2617 2679 2683 τοιαύτην
2729 2618 2838 2670 εἴτε
2890 2620 3084 2688 τέχνην
3116 2622 3224 2673 εἴτε
3262 2622 3395 2690 μηδὲ
3427 2624 3621 2693 τέχνην
3652 2626 3861 2676 είπεῖν⁷
3892 2626 4010 2688 δεῖς

2428 2708 2549 2761 ὐτι
2579 2708 2643 2778 νὴ
2675 2710 2771 2760 Δία
2798 2708 2853 2759 ἓν
2889 2710 3031 2777 μέγα
3066 2710 3208 2763 τοῦτ’
3238 2707 3307 2779 ἦν
3326 2713 3348 2743 ⁸
3378 2715 3565 2779 κακὸν,
3597 2714 3659 2766 τὸ
3688 2715 3921 2775 ἀδικεῖν.
3953 2716 4016 2766 es

2425 2797 2481 2849 δὲ
2514 2798 2816 2851 ἀδικεῖσθαι
2867 2799 3104 2867 πρᾶγμα
3147 2800 3511 2867 ούδέν.Ἐγὼ⁹
3554 2802 3663 2870 γὰρ
3704 2801 3818 2852 οὔτ’
3847 2801 4019 2863 αὐτὸς

746 2892 852 2945 Sed
878 2906 941 2944 ea
970 2903 1087 2959 qua:
1118 2892 1244 2945 fecit
1280 2893 1421 2960 ipse,
1446 2902 1498 2945 et
1531 2908 1635 2962 qua
1666 2894 1731 2948 de
1764 2906 1929 2946 causa
1974 2890 2162 2945 fecerit
2185 2891 2329 2945 clare

2428 2888 2752 2957 ὲπέγκλημα
2809 2891 2873 2959 δή
2930 2893 3092 2943 που¹⁰
3137 2890 3297 2943 τοῦτο
3351 2891 3635 2960 ποιοῦμαι,
3668 2894 3720 2944 εί
3773 2909 3867 2944 ποι
3921 2894 4019 2945 καὶ

745 2984 902 3045 dixit,
938 2998 1034 3049 pro
1066 2984 1340 3049 rhetorica
1392 2983 1573 3039 facere
1610 2984 1839 3043 afﬁrmo.
1873 2984 2127 3050 Quinitno
2154 2998 2329 3051 quan-

2428 2978 2677 3031 ὁπωσοῦν
2702 2979 2993 3048 ᾠήθηίδεῖν
3024 2982 3103 3043 είς
3130 2979 3380 3033 Σικελίαν
3410 2981 3635 3035 Πλάτων
3663 2982 3839 3035 ἐλθεῖν
3864 2984 4021 3053 ἡστι-

746 3082 859 3125 tum
904 3072 1207 3126 fortitudini
1243 3074 1556 3142 prudentia,
1591 3068 1801 3128 tantum
1833 3075 2099 3128 rhetorica
2130 3073 2329 3127 bellica:

2430 3070 2621 3123 νοσοῦν
2666 3071 2829 3123 ἓνεκα
2860 3072 3059 3135 αἰτίας,
3106 3072 3221 3125 οὗθ’
3249 3073 3399 3136 ὅστις
3446 3074 3607 3138 ἄλλος
3650 3076 3919 3145 προφέρει
3964 3093 4021 3128 τι

747 3175 966 3230 prastat
1016 3165 1305 3218 alacritati.
1363 3164 1434 3219 Ut
1484 3166 1631 3219 enim
1686 3166 1994 3221 summatim
2046 3164 2324 3227 dicamus,

2432 3158 2670 3210 τοιοῦτον
2701 3155 2759 3211 εὖ
2788 3163 3007 3229 φρονεῖν
3039 3161 3303 3229 ἠγοῦμαι,
3332 3162 3446 3216 οὗθ’
3469 3163 3607 3227 ὅλως
3650 3164 3756 3227 ἔξω
3783 3164 3897 3215 τῶν
3940 3167 4022 3225 εἰς

752 3238 1201 3308 ιιίίιίίέειπθιίυι]
1240 3256 1507 3309 rhetorica
1555 3271 1717 3322 quam
1764 3255 2047 3323 prudentia
2080 3269 2201 3306 cum
2248 3253 2329 3305 fa-

2433 3249 2524 3300 τὸν
2563 3250 2719 3315 λόγον
2757 3253 2999 3319 ἡκόντων
3028 3252 3179 3305 οὐδὲν
3206 3254 3642 3323 περιεργάξομαι
3665 3271 3679 3285 ’
3717 3257 3793 3324 μὴ
3824 3257 4023 3308 τοσού-

748 3344 949 3416 cnltate
972 3345 1185 3398 dicendi
1222 3344 1545 3412 conjuncta;
1574 3355 1631 3398 ut
1668 3360 1775 3397 non
1813 3346 1929 3413 ipse
1969 3352 2180 3397 tantum
2211 3344 2329 3411 quis

2433 3343 2584 3391 του¹⁸
2623 3342 2790 3409 μηδὲν
2836 3342 2985 3408 ἄξιον
3027 3343 3167 3396 ἔστω
3189 3346 3229 3373 ¹²
3260 3348 3597 3414 νικητήριον.
3618 3347 3753 3397 Ἀλλ’
3782 3347 3819 3400 ἃ
3856 3350 4030 3413 αὐτὸς

747 3432 949 3498 Optima
986 3447 1212 3501 qumque
1252 3434 1453 3496 facere,
1502 3437 1597 3489 sed
1641 3438 1807 3491 etiam
1848 3438 1969 3491 aliis
2010 3440 2329 3506 persuadere

2436 3431 2638 3500 ἔπραξε
2668 3433 2764 3485 καὶ
2794 3432 2829 3485 ἃ
2856 3434 3016 3485 τίνων
3046 3434 3247 3503 ἔπραξε
3273 3435 3433 3504 χάριν
3462 3438 3623 3499 αὐτὸς
3647 3438 3909 3507 καθαρῶς
3939 3440 4024 3490 εῖ-

750 3523 941 3591 possit.
971 3525 1152 3592 Atque
1185 3526 1298 3579 haec
1334 3526 1552 3594 quidem
1585 3528 1749 3580 etiam
1787 3529 1919 3581 satis
1950 3529 2185 3581 arbitror
2213 3542 2336 3581 esse

752 3612 1093 3678 conﬁrmata,
1126 3615 1209 3665 vel
1243 3615 1407 3666 etiam
1461 3615 1625 3669 nimis
1671 3614 1926 3669 fortasse.
1974 3615 2126 3669 Nunc
2154 3627 2333 3669 autem

752 3705 818 3753 ad
872 3704 1041 3771 ipsum
1098 3704 1475 3771 colophonem,
1524 3715 1581 3757 ut
1626 3708 1749 3773 quis
1793 3706 2007 3767 dixerit,
2050 3705 2334 3759 verborum

752 3794 991 3849 Platonis
1019 3796 1307 3848 contendo.
1345 3793 1455 3849 Nec
1499 3796 1641 3848 enim
1676 3797 1852 3849 solum
1899 3812 1964 3849 ex
1999 3796 2061 3849 iis
2094 3811 2191 3863 per
2220 3811 2337 3863 quae

756 3888 1041 3947 rrl'utatur,
1078 3888 1219 3939 idem
1247 3902 1371 3939 eum
1419 3887 1603 3938 testari
1636 3888 1940 3951 ostendam,
1973 3888 2065 3939 sed
2102 3897 2153 3939 et
2185 3888 2339 3954 quasi

755 3992 938 4029 coram
970 3992 1097 4030 voce
1128 3993 1223 4030 sua
1249 3978 1621 4031 testimonium
1650 3980 1822 4032 daret.
1854 3977 2193 4045 Quapropter
2218 3994 2339 4031 cum

757 4069 837 4121 vel
874 4068 1066 4122 lat-dere
1106 4076 1279 4137 cogat,
1315 4068 1397 4121 vel
1433 4070 1549 4122 kedi
1588 4069 1889 4137 permittat,
1920 4080 1973 4122 et
2004 4079 2060 4123 ut
2107 4085 2172 4123 ex
2207 4085 2343 4136 pra:-

755 4160 1071 4213 cedentibus
1098 4172 1178 4214 est
1208 4160 1480 4221 effectum,
1520 4176 1620 4215 nec
1659 4162 1851 4215 laedere
1878 4177 1975 4215 nec
2003 4162 2117 4213 laedi
2150 4176 2339 4229 quem-

2438 3538 2596 3589 ρηκε,
2626 3522 2796 3574 ταῦτα
2828 3525 3146 3590 συμϐαίνειν
3179 3527 3323 3593 φημὶ
3350 3530 3463 3589 τοῖς
3508 3528 3647 3595 ὑπὲρ
3672 3529 3774 3597 τῆς
3800 3532 4032 3599 ῥητορι-

2436 3614 2539 3680 κῆς
2567 3613 2764 3679 λόγοις.
2798 3615 2962 3665 Kal”
3000 3615 3103 3684 μὴν
3132 3616 3299 3683 amp“
3327 3616 3542 3669 κάλλιον
3561 3619 3604 3648 ⁸⁵
3636 3620 3902 3688 φρόνησις
3934 3624 4034 3672 civ.-

2435 3703 2639 3771 δρείας,
2668 3704 2905 3773 τοσούτῳ
2927 3707 2970 3736 ¹⁶
3004 3708 3266 3775 ῥητορικὴ
3291 3708 3389 3777 τῆς
3418 3707 3559 3759 κατά
3591 3709 3828 3777 πόλεμον
3858 3710 4033 3779 εὐψυ-

2438 3794 2581 3862 χίας.
2642 3794 2703 3845 El
2771 3796 2879 3864 γάρ
2928 3795 3007 3847 δεῖ
3055 3798 3347 3851 συνελόντα
3392 3801 3567 3851 εἰπεῖν
3596 3838 3613 3863 ,
3674 3800 3829 3853 οὐδέν
3876 3804 4033 3854 ἐστιν

2440 3885 2565 3938 ἄλλο
2607 3886 2871 3954 ῥητορικὴ
2916 3886 2947 3955 ἢ
2985 3888 3244 3955 φρόνησις
3274 3887 3447 3954 λόγων
3476 3890 3705 3958 δύναμιν
3734 3893 4035 3960 προσειλη-

2444 3979 2594 4043 φυῖα,
2623 3976 2696 4037 ὼς
2718 3978 2758 4006 ¹⁷
2797 3977 2870 4044 μὴ
2911 3978 3069 4045 μόνον
3100 3978 3223 4047 [679
3248 3978 3339 4049 H.]
3368 3983 3527 4042 αὐτὸς
3553 3982 3727 4049 ἕρδειν
3752 3982 3824 4033 τὰ
3856 3982 4036 4051 βέλτι-

2445 4083 2566 4130 στα,
2610 4066 2747 4117 ἀλλά
2792 4067 2885 4120 καὶ
2918 4068 3135 4137 ἑτέρους
3165 4068 3373 4121 πείθειν
3412 4071 3900 4139 ἔχοι¹⁸.Ἠγοῦμαι
3938 4074 4035 4140 μὲν

2441 4154 2618 4204 τοίνυν
2644 4156 2682 4187 ¹⁹
2715 4155 2805 4206 καὶ
2843 4155 3033 4209 ταῦτα
3087 4157 3298 4217 πίστεις
3352 4159 3543 4219 ίκανάς
3591 4160 3735 4228 ἔχειν
3762 4161 3865 4229 τῆς
3901 4163 4036 4227 ἀλη-

761 4264 922 4315 quam
957 4250 1233 4317 permittat
1261 4269 1273 4303 :
1303 4250 1574 4318 siquidem
1605 4253 1793 4304 eadem
1842 4264 1926 4303 (εει
1973 4249 2135 4303 etiam
2169 4249 2329 4315 philo-

2446 4242 2617 4306 θείας,
2647 4244 2695 4295 εί
2732 4245 2805 4312 μὴ
2839 4246 2931 4297 καὶ
2969 4245 3185 4306 πλείους
3236 4245 3344 4315 ἄρα
3390 4249 3498 4299 τῶν
3548 4250 3777 4301 ίκανῶν·
3828 4246 3950 4319 εἶμι
3982 4250 4037 4301 δ’

755 4338 957 4404 sophia:
1009 4338 1253 4391 definitio
1284 4379 1297 4399 ,
1356 4341 1646 4407 philophia:
1696 4339 1964 4407 quoddam
2023 4354 2191 4407 genus
2239 4340 2329 4392 erit

2446 4334 2533 4385 ἐπ’
2564 4335 2725 4386 αὐτὸν
2757 4335 2859 4403 ἤδη
2884 4335 2976 4388 τὸν
3010 4336 3290 4403 κολοφῶνα
3318 4338 3409 4390 τοῦ
3431 4341 3474 4369 ὀ
3509 4340 3816 4404 Πλάτωνος,
3852 4340 3931 4401 ὡς
3972 4341 4039 4392 ἄν

756 4428 1057 4493 rhetorica;
1095 4432 1176 4479 sin
1203 4430 1542 4497 philosophia
1564 4428 1755 4484 sufﬁcit
1780 4438 1837 4483 ut
1866 4430 2133 4484 neminem
2164 4428 2329 4493 laedat,

2446 4445 2528 4489 τις
2556 4429 2722 4491 εἴποι,
2757 4430 3016 4497 ῥημάτων
3034 4432 3101 4483 ¹¹.
3132 4434 3207 4484 UO
3239 4433 3349 4501 γὰρ
3384 4434 3542 4502 μόνον
3568 4435 3626 4497 ἐξ
3652 4428 3727 4487 ὧν
3748 4434 4038 4503 ἐλέγχεται

755 4513 1044 4578 perfectior
1077 4524 1159 4567 est.
1190 4516 1476 4569 rhetorica.

2422 4519 2720 4588 ’βούλομαι
2782 4520 3015 4589 φανῆναι
3076 4524 3458 4594 μαρτυροῦντα
3511 4527 3691 4589 αὑτὸν,
3740 4526 3880 4577 ἀλλά
3945 4530 4041 4588 καὶ

753 4607 944 4687 ι’ῥσπερ
968 4607 1031 4657 ἂν
1059 4608 1107 4657 εί
1137 4608 1230 4659 καὶ
1265 4606 1551 4674 παραστάς
1579 4608 1739 4669 αὐτὸς
1768 4605 2069 4676 ἐμαρτύρει
2100 4609 2165 4676 τῇ
2200 4609 2398 4663 ἑαυτοῦ
2428 4615 2599 4681 φωνῇ.
2628 4611 2890 4666 Ούκοῦν¹¹
2924 4615 3002 4666 ὅτ’
3059 4616 3103 4647 ’³
3135 4617 3344 4670 ἀδικεῖν
3407 4620 3504 4686 μὲν
3561 4619 3659 4669 οὐκ
3721 4619 4043 4687 ἐπηνάγκα-

756 4684 869 4757 ζεν,
896 4697 1196 4749 ἀδ;κεῖσθαι
1240 4699 1282 4749 δ’
1312 4700 1413 4750 οὐκ
1444 4700 1527 4768 ἐᾷ,
1562 4698 1635 4761 ὡς
1683 4699 1728 4750 δ’
1758 4699 1822 4753 έκ
1859 4698 1949 4750 τοῦ
2002 4698 2158 4766 λόγου
2208 4700 2546 4768 συνέϐαινεν,
2574 4704 2855 4773 οὐδέτερον
2901 4707 3105 4759 τούτων
3148 4709 3232 4776 ὲᾷ,
3292 4684 3418 4761 οῦτί
3470 4710 3674 4763 ἀδικεῖν
3738 4710 3855 4762 οὔτ’
3927 4711 4041 4763 ἁδι-

756 4790 1053 4855 κεῖσθαι’⁸,
1083 4792 1129 4841 εἰ
1166 4792 1262 4859 μὲν
1296 4792 1389 4842 καὶ
1434 4791 1537 4858 τῆς
1580 4791 1899 4858 φιλοσοφίας
1940 4794 1967 4843 ό
2000 4791 2161 4852 αὑτός
2191 4792 2339 4845 ἐστιν
2378 4793 2523 4861 ὅρος,
2561 4794 2846 4863 φιλοσοφία
2870 4813 2951 4859 τις
2990 4793 3125 4850 οὖσα
3155 4801 3187 4867 ή
3230 4801 3490 4871 ῥητορικὴ
3522 4802 3800 4869 φαίνεται’
3870 4803 3923 4855 εἰ
3986 4804 4043 4856 ἃ

757 4882 980 4949 ἐξαρκεῖ
1029 4885 1094 4951 τῇ
1146 4883 1435 4952 φιλοσοφίᾳ
1486 4883 1606 4951 μηδ’
1634 4884 1677 4913 ’⁸
1702 4884 1933 4942 ἀδικεῖν,
1973 4883 2007 4949 ὴ
2059 4882 2323 4951 ῥητορικὴ
2361 4885 2710 4955 τελεώτερον.

828 4974 1023 5045 4171)
1061 4974 1190 5038 Quis
1238 4974 1380 5026 enim
1414 4974 1581 5025 IIeSCll
1613 4972 1938 5025 rhetoricam
1989 4986 2017 5022 a
2061 4972 2329 5039 tyrannidt

2517 4975 2671 5036 Τίς²⁸
2704 4976 2870 5043 γάρ¹⁷
2898 4978 2997 5030 οὐκ
3038 4972 3177 5031 οἶδεν
3223 4980 3306 5031 ὅτι
3342 4980 3608 5050 ῥητορικὴ
3642 4981 3737 5034 καὶ
3771 4989 4044 5050 τυραννὶς

761 5074 968 5116 tantum
1024 5064 1225 5116 distare
1276 5075 1537 5130 quantum
1595 5079 1624 5115 a
1675 5063 1726 5115 vi
1786 5061 2240 5128 persuasionem?
2292 5077 2329 5113 at

2444 5066 2697 5117 τοσοῦτον
2747 5067 2996 5137 ἀλλήλων
3031 5072 3387 5139 κεχώρισται,
3422 5074 3544 5125 ὅσον
3589 5074 3681 5126 τοῦ
3731 5076 3947 5127 πείθειν
3987 5082 4045 5128 τὸ

762 5156 877 5207 haec
920 5169 1075 5206 nemo
1122 5155 1393 5207 contraria
1436 5155 1616 5208 dicere
1662 5154 1955 5207 verebitur.
1993 5151 2204 5207 Etenim
2251 5171 2329 5223 qu

2444 5159 2726 5228 βιάζεσθαι
2755 5179 2768 5225 ;
2802 5162 2966 5213 Ἀλλὰ.
2981 5164 3026 5194 ⁸⁸
3062 5164 3167 5233 μὴν
3203 5164 3379 5218 ταῦτά
3408 5182 3469 5233 γε
3503 5167 3676 5228 οὐδεὶς
3707 5168 3856 5220 ἐστιν
3882 5169 3945 5231 ὃς
3980 5172 4046 5220 ἂν

762 5246 876 5299 fieri
914 5254 1093 5314 potest
1116 5254 1170 5297 ut
1197 5256 1443 5300 oratores
1471 5248 1675 5313 pariter
1699 5255 1752 5299 et
1778 5244 2087 5308 adulentur,
2127 5255 2180 5299 et
2208 5245 2329 5299 inte:

2455 5253 2553 5320 τὴν
2598 5252 2845 5305 ἐναντίαν
2888 5253 3048 5320 φύσιν
3099 5254 3268 5310 είπὼν
3300 5257 3446 5327 ἔχειν
3480 5260 3794 5329 αἰσχυνθείη
3815 5261 3879 5315 ³⁸.
3908 5262 4045 5324 ,Πῶς

2085 5434 2315 5489 VARUE
2360 5435 2771 5492 LECTIONES.

832 5540 877 5571 ”
912 5540 1289 5619 προσθήσομαι
1316 5545 1526 5619 ὀπὴ-Α,
1607 5547 1752 5616 ’γὰρ
1782 5562 1893 5601 οηι.
1919 5546 1984 5599 Α.
2062 5546 2289 5619 ²ᾲσύ]ᾼρ.
2333 5548 2450 5601 111.
2562 5549 2581 5579 ³
2612 5552 2847 5619 συνεῖναι
2877 5552 2922 5604 Α
2949 5567 2960 5601 :
2992 5550 3051 5602 τὸ
3079 5555 3313 5604 συνεῖναι
3344 5571 3405 5617 ς.
3504 5554 3526 5585 ⁸
3556 5553 3714 5606 Δίωνι
3742 5571 3798 5617 ς.
3895 5554 3919 5585 ⁸
3951 5555 4047 5619 τῆς

764 5625 880 5689 (ιιι)ἶ
910 5612 974 5662 Α.
1039 5612 1090 5688 θ’*
1142 5615 1365 5689 πᾶσιᾹΑ.
1406 5612 1798 5689 η”ῌείπεῖννοίω
1824 5621 1899 5689 7A.
2028 5612 2275 5689 τοῦτ’ῗῆν
2307 5620 2517 5689 omaA.
2622 5620 2641 5648 ’
2674 5618 2805 5689 ἐγὼ]
2860 5637 2912 5689 p.
2968 5621 3089 5673 118.
3200 5624 3241 5652 ⁸⁸
3269 5612 3440 5689 δήπου
3484 5639 3591 5677 οιιι.
3630 5628 3694 5676 Α.
3750 5612 3818 5653 ’⁸⁸
3853 5612 4046 5675 roso-5;

909 5678 1158 5731 τοσοῦτον
1182 5683 1239 5733 οὐ
1257 5684 1320 5733 Α.
1349 5753 1370 5778 Α
1404 5684 1443 5713 ¹²
1462 5684 1775 5778 έιςζτωλὲςτὸ
1808 5688 1871 5739 Α.
1949 5687 1991 5717 ¹³
2016 5688 2108 5778 καὶ.
2142 5678 2269 5766 μὴν]
2303 5704 2351 5754 p.
2386 5688 2504 5740 1‘22.
2586 5689 2627 5778 1‘
2654 5678 2761 5757 ὅσιρ
2790 5678 2829 5741 λ
2853 5678 2875 5743 ε’
2900 5693 2997 5743 ὃσα
3022 5707 3083 5752 ς.
3162 5692 3203 5723 ’⁵
3230 5678 3464 5745 καλλίων
3482 5696 3547 5746 Α.
3624 5694 3666 5725 ’⁸
3694 5693 3951 5744 τοσοῦτον
3982 5699 4045 5747 Α.

822 5762 825 5763 ν
909 5749 980 5778 ιτ.»
1058 5750 1161 5778 2..-.
1199 5768 1280 5778 ...η
1534 5762 1615 5778 η--
1788 5756 1873 5778 ,τη
1919 5760 1931 5778 ι
2061 5759 2078 5778 ο
2134 5774 2185 5778 __
2270 5774 2347 5778 ad.
2429 5761 2446 5778 Α
2622 5760 2632 5778 ι
2685 5761 2775 5778 1,1,,
2913 5762 2930 5778 Α
3043 5763 3086 5778 ιη
3150 5762 3160 5777 υ
3246 5762 3267 5770 -
3312 5762 3327 5778 ιι
3447 5763 3537 5778 In:
3640 5763 3682 5778 .-
3716 5766 3754 5778 .ι
3784 5762 3805 5778 ιν
3844 5764 3858 5778 ι
3947 5763 3999 5776 ι-

766 5749 1403 5828 "'f‘Aqu—ExorotnLA.
1560 5756 1760 5828 τοίνυν]
1785 5756 1874 5828 οῦν
2061 5757 2105 5787 ’°
2131 5749 2225 5828 τοῦ
2249 5749 2375 5811 ὀίη.
2417 5761 2481 5812 Α.
2505 5826 2520 5828 Α
2557 5827 2564 5828 7
2591 5758 2633 5787 "
2673 5749 2873 5828 ῥήματι
2901 5762 2963 5811 Α.
3033 5749 3086 5790 ’³³
3109 5762 3327 5823 οὐκοῦν]
3354 5779 3404 5826 ιι.
3443 5763 3563 5815 121.
3640 5763 3758 5795 ³³⁸³⁸
3780 5762 4048 5816 ὅτ’-κάδι-

3504 5554 3526 5585 ⁸
3556 5553 3714 5606 Δίωνι
3742 5571 3798 5617 ς.

833 5750 1403 5831 ςδῆὡς-ἓχοιΔυιηε-Α.
1456 5756 1537 5831 3"
1560 5756 1760 5831 τοίνυν]
1785 5756 1874 5831 οῦν

768 5817 979 5871 κεῖσθαι
1006 5817 1116 5873 om;
1152 5821 1217 5874 Α.
1294 5822 1339 5853 ιδ
1372 5823 1493 5892 μηδ’
1518 5824 1640 5879 add.
1673 5817 1760 5878 Αἰ
1814 5825 1859 5857 ιο
1889 5824 1991 5895 τίς]
2030 5841 2082 5895 ρ.
2119 5826 2241 5883 125.
2318 5828 2358 5858 ιτ
2394 5826 2522 5898 γὰρ]
2550 5827 2591 5879 δ’
2626 5817 2690 5883 .ιὶ
2728 5817 2885 5863 "W9
2914 5817 3434 5895 ἀλλὰ-αἰσχυνῦὲίη
3464 5847 3575 5889 om.
3607 5834 3672 5888 Α.
