4216 6430
185 378 329 445 1513

1182 381 1699 441 BlBLIOTHECA.
1727 400 1796 415 --
1828 377 1990 437 COD.
2026 375 2291 437 CCXLVI
2306 379 2346 435 l.

3280 372 3420 436 1514

181 492 295 555 γὰρ
317 488 361 517 ⁸⁸
392 485 525 553 ὁμοῦ
568 486 717 552 μὲν³¹
750 486 1137 537 κολακεύουσιν
1163 490 1210 539 0i
1248 490 1506 556 ῥήτορες,
1539 491 1670 556 ὁμοῦ
1701 490 1755 540 δ’
1785 494 1826 545 Α

1785 494 1826 545 Α
1855 499 2099 554 satrapas
2140 487 2285 538 sint?
2315 484 2553 553 Tyranni
2598 498 2722 536 vero
2768 493 2967 534 tantum
3017 496 3084 533 au
3113 482 3420 535 adulatione

182 576 242 625 ὲν
275 570 386 635 τοῖς
420 574 706 636 δυνάσταις
740 576 911 638 είσίν;
954 577 1016 626 Οί
1045 576 1089 625 δ⁹
1121 572 1185 628 αὖ
1214 576 1464 645 τύραννοι
1494 578 1756 646 ἀπέχουσι

179 665 441 715 τοσοῦτον
458 664 503 695 ³³
532 662 625 715 τοῦ
656 666 968 716 κολακεύειν
1006 665 1144 717 ὥστε
1175 667 1265 735 βίᾳ
1296 669 1500 729 πάντας
1532 668 1755 732 ὠθοῦσι,

181 754 281 805 καὶ
309 753 521 814 οὐδενὸς
541 753 655 805 ἐστι
675 754 804 823 παρ’
826 754 1003 805 αὐτῶν
1022 758 1203 823 τυχεῖν
1227 756 1344 807 οὐδὲ
1367 758 1473 807 τῶν
1499 758 1755 824 μετρίων,

185 840 350 911 [1257
390 843 479 912 [L]
514 843 585 911 μή
620 843 673 893 τί
722 860 784 909 γε
815 844 877 913 δὴ
905 848 1002 914 τῆς
1036 846 1173 912 ὑπὲρ
1204 846 1264 896 τὸ
1294 848 1565 915 προσῆκον
1598 845 1757 915 θερα-

183 934 380 993 πείας·
412 932 542 984 ὥσθ’
561 933 604 965 ⁸³
634 934 661 983 ὁ
689 934 947 1003 τύραννος
975 934 1168 1004 μικροῦ
1195 936 1304 986 δεῖν
1343 939 1434 988 καὶ
1463 937 1520 987 τὸ
1548 936 1641 987 τοῦ
1671 936 1757 986 δε-

186 1026 389 1073 σπότου
415 1023 609 1091 μέτρον
632 1022 967 1092 παρελήλυθε
982 1024 1045 1076 ⁸⁵.
1064 1018 1169 1076 Καὶ
1191 1024 1417 1085 κόλακος
1438 1024 1533 1092 μὲν
1550 1023 1755 1095 [γὰρυ]

186 1111 341 1163 οὐδέν
366 1114 477 1163 ἐστι
504 1113 565 1180 δή
596 1128 696 1163 που
724 1114 1121 1182 ταπεινότερον,
1146 1113 1295 1164 ούδ⁹ὃ
1318 1130 1369 1164 τι
1402 1113 1599 1181 μᾶλλον
1625 1112 1763 1181 ᾑρῆ-

189 1200 314 1252 σθαι
346 1200 615 1251 δουλεύειν
631 1200 674 1231 ³⁸
695 1216 709 1231 ⁸
735 1201 995 1268 τυράννου
1021 1204 1075 1254 δὲ
1096 1204 1247 1253 οὐδὲν
1272 1205 1333 1254 ἂν
1358 1204 1528 1263 εἴποις
1556 1201 1763 1271 ἀγριώ-

187 1307 367 1358 τερον,
402 1292 510 1341 οὐδ’
541 1291 567 1341 ὅ
598 1307 648 1341 τι
678 1289 876 1358 μᾶλλον
922 1292 1055 1358 πρὸς
1104 1291 1179 1357 τῷ
1232 1291 1510 1353 δεσπόζειν
1562 1289 1763 1341 ἐθέλειν

188 1381 530 1435 ἑστίν.Ὧστε
572 1384 619 1432 εί
674 1382 769 1449 μὲν
793 1384 835 1413 ³⁷
867 1382 1121 1433 κολακεία
1156 1384 1186 1449 ἠ
1229 1383 1509 1451 ῥητορικὴ,
1541 1382 1609 1433 τὰ
1656 1381 1764 1433 τῶν

187 1474 469 1539 τυράννων
513 1472 834 1542 ἐγκλήματα
866 1475 926 1525 οὐ
980 1474 1113 1542 πρὸς
1149 1475 1315 1541 αὐτῆς
1338 1474 1383 1505 ³⁸
1412 1475 1579 1525 ἐστιν.
1616 1467 1677 1525 El
1708 1473 1765 1524 δ’

185 1559 324 1625 ὁμοῦ
345 1562 411 1627 τῇ
435 1561 704 1628 τυραννίδι
734 1563 829 1629 τὴν
858 1563 1139 1613 κολακείαν
1176 1561 1430 1628 μεγάλοις
1462 1562 1572 1622 τοῖς
1594 1562 1764 1629 ὁρίοις

191 1651 585 1719 παρελήλυθεν,
634 1652 827 1703 οὐκοῦν
872 1653 941 1704 τά
1002 1669 1064 1716 γε
1118 1652 1279 1721 ἔτερα
1337 1654 1613 1718 πάντωςνθ
1663 1652 1761 1721 ήδη

187 1741 382 1809 ψευδῆ.
422 1740 749 1792 Τοσοῦτονδο
798 1741 964 1808 γάρδι
1025 1743 1057 1811 ἠ
1117 1742 1377 1810 ῥητορικὴ
1434 1742 1763 1811 κεχώρισται

188 1830 509 1891 δυναστείας
541 1831 683 1890 ὅσον,
716 1832 763 1882 tl
788 1832 880 1881 καὶ
904 1831 1045 1883 τοῦτ’
1070 1834 1243 1882 εἰπεῖν
1268 1832 1367 1893 δεῖ,
1404 1831 1624 1883 Πλάτων
1645 1834 1762 1881 Διο-
1796 1808 1837 1863 Β

188 1920 399 1971 νυσίου.
440 1920 796 1986 Φανήσεται⁵¹
839 1922 945 1989 γὰρ
984 1918 1096 1971 οὗθ’
1128 1921 1259 1971 ὅπου
1295 1922 1556 1989 ῥητορικὴ
1589 1919 1760 1983 σώζε-

188 2008 345 2059 ται⁸⁸
374 2010 632 2077 τύραννος
678 2010 1098 2076 ἐγγινόμενοςδδ,
1137 2012 1327 2081 μέχρις
1344 2012 1392 2041 ⁸⁸
1424 2014 1490 2063 ἂν
1534 2011 1763 2075 σώζεται

190 2099 420 2165 λόγῳδθ,
467 2099 577 2149 οὔτ’
605 2094 669 2150 αὖ
725 2100 851 2152 ἔνθα
870 2100 911 2131 ⁸⁷
960 2103 1211 2170 τυραννὶς
1259 2104 1453 2170 κρατεῖ
1501 2103 1762 2171 ῥητορικὴ

190 2190 491 2260 περιοῦσα·
522 2191 637 2242 ἀλλ’
669 2192 697 2244 ὅ
744 2208 801 2242 τε
849 2193 1035 2261 ῥήτωρ
1066 2194 1243 2246 πάντα
1276 2196 1529 2261 πράττων
1560 2195 1707 2257 ὅπως
1720 2195 1765 2226 ⁸⁸

195 2278 386 2345 μηδεὶς
434 2278 691 2348 τύραννος
742 2282 1031 2348 ἐγγένηται
1052 2321 1066 2342 ,
1100 2281 1161 2332 τό
1189 2299 1249 2333 τε
1272 2282 1316 2313 δ’
1346 2283 1508 2335 αὑτοῦ
1561 2285 1655 2335 καὶ
1706 2283 1767 2335 τὸ

194 2366 378 2417 κοινὸν
412 2367 546 2433 ὁμοῦ
577 2369 842 2437 προορῶν,
874 2370 1023 2431 ὅπως
1076 2371 1264 2439 μηδεὶς
1294 2371 1457 2423 αὑτὸν
1505 2372 1583 2440 τῷ
1623 2372 1767 2441 λόγῳ

198 2456 413 2507 πείθειν
445 2458 810 2526 παρελόμενος
838 2460 997 2521 αὐτὸς
1026 2462 1134 2530 ἄγῃ
1158 2462 1279 2511 κατ’
1312 2462 1487 2531 ἀρχὴν
1521 2462 1590 2513 τὰ
1627 2463 1769 2530 πρά-

192 2548 463 2613 γματα’θ,
493 2548 547 2598 οῖ
584 2563 641 2599 τε
678 2548 930 2618 τύραννοι
967 2552 1293 2612 σκοποῦντες
1318 2555 1411 2604 καὶ
1444 2552 1767 2620 φοὸούμενοι

191 2636 307 2687 τῶν
351 2638 569 2688 πάντων
598 2638 746 2690 οὐδὲν
775 2640 974 2707 μᾶλλον
1003 2640 1097 2709 il“
1141 2643 1213 2709 μή
1253 2657 1337 2703 τις
1368 2643 1655 2711 ἐγγένηται
1682 2643 1769 2694 λέ-

194 2741 317 2789 γειν
344 2728 436 2775 καὶ
460 2724 666 2777 πείθειν
696 2726 938 2791 δυνατὸς,
969 2729 1116 2789 ὅστις
1148 2729 1467 2795 συναγαγὼν
1496 2732 1562 2782 τὰ
1589 2730 1767 2799 πλήθη

195 2816 293 2865 καὶ
321 2813 616 2881 σύμϐουλος
647 2817 740 2866 καὶ
767 2818 1004 2885 μηνυτὴς
1036 2816 1130 2869 τοῦ
1158 2800 1524 2887 προσήκοντός
1552 2821 1771 2888 γινόμε-

197 2922 289 2965 νος
319 2904 452 2973 ὁμοῦ
482 2905 580 2973 τῆς
607 2906 781 2975 ἀρχῆς
808 2909 900 2960 καὶ
927 2910 1024 2977 τῆς
1047 2908 1291 2971 ἐξουσίας
1311 2909 1547 2980 ἀκύρους
1575 2912 1770 2973 αὐτοὺς

197 2997 536 3063 καταστήσῃ.
570 2996 766 3065 Διόπερ
798 2998 897 3067 τὴν
925 2998 1123 3067 ἔχθραν
1171 2999 1478 3066 ἀναγκαίως
1523 3000 1771 3070 ἀλλήλοις

196 3086 414 3153 ἔχουσιν
432 3103 445 3116 ·
484 3089 515 3154 ἡ
546 3086 654 3152 γὰρ
682 3087 788 3138 τῶν
822 3089 1025 3157 ἐτέρων
1052 3092 1295 3157 σωτηρία
1320 3092 1413 3141 καὶ
1440 3091 1667 3159 δύναμις
1696 3094 1770 3160 μὴ

197 3174 342 3229 εἶναι
390 3180 513 3239 τοὺς
558 3178 777 3245 ἐτέρους
809 3180 927 3231 ἐστὶ
959 3180 1056 3248 τὴν
1086 3181 1279 3248 ἀρχήν.
1316 3181 1437 3241 Πῶς
1453 3182 1497 3213 ³⁸
1528 3177 1619 3233 οὖν
1644 3184 1772 3232 τάν-

197 3268 361 3319 αντία
384 3307 399 3330 ,
446 3270 636 3335 φησὶν,
688 3269 933 3336 ἀλλήλοις
967 3271 1016 3321 οἱ
1051 3274 1276 3338 ῥήτορες
1307 3272 1582 3338 λέγουσινς
1620 3272 1775 3323 Ἐστι

202 3358 307 3425 μὲν
354 3359 601 3409 οὐκέτι¹³
648 3359 792 3410 τοῦτ’
840 3360 897 3411 ὲν
952 3362 1258 3429 εἰρημένοις
1304 3361 1408 3412 ὑπὸ
1458 3360 1772 3421 Πλάτωνος·

197 3451 352 3515 ὅμως
385 3448 442 3499 δὲ
478 3448 617 3518 ὑπὲρ
660 3449 754 3501 τοῦ
808 3454 1081 3519 πανταχῆ.
1108 3451 1435 3521 διακαθᾶραι
1481 3453 1573 3504 τὸν
1618 3453 1777 3519 λόγον

204 3536 342 3605 μηδὲ
359 3538 407 3568 ⁸⁸
435 3537 578 3590 τοῦθ’
606 3540 736 3606 ἡμῖν
758 3540 1107 3603 ἀνεξέταστον
1135 3539 1395 3605 ἀφείσθω.
1433 3540 1540 3591 Καὶ
1574 3540 1776 3592 τοῦτ’⁴¹¹

199 3630 299 3680 οὖν
336 3629 682 3698 ίσχυρότατον
704 3631 918 3682 πάντων
948 3630 1007 3681 ὃν
1037 3631 1221 3698 σχεδὸν
1243 3632 1287 3661 ⁸⁸
1316 3631 1388 3692 ob;
1420 3635 1477 3682 ὲν
1505 3632 1774 3698 ψεύδεσιν,

198 3712 279 3770 ὧν
333 3718 537 3780 ἐκεῖνος
587 3719 806 3787 είρηκεν
827 3720 896 3780 ⁵⁷,
931 3721 1011 3771 ὃτι
1058 3716 1272 3787 οἶμαι³⁸
1298 3722 1390 3771 καὶ
1436 3723 1565 3789 ἡμῖν
1595 3722 1778 3782 αὐτοῖς

199 3809 536 3876 ἀπαντῶμεν
586 3808 711 3880 [680
740 3809 832 3881 Η.]
861 3812 919 3861 ὲν
950 3810 1027 3879 τῷ
1055 3810 1217 3877 λόγῳ,
1249 3811 1379 3862 αὐτὸ
1423 3811 1577 3863 τοῦτο
1622 3813 1776 3878 κάγὼ

199 3900 299 3952 νῦν
350 3899 701 3967 πεποίηκα⁵⁸.
721 3900 858 3952 Ἀλλ’
891 3900 1042 3951 οὐδὲν
1094 3900 1291 3969 μᾶλλον
1334 3902 1363 3953 ὂ
1408 3919 1470 3967 γε
1508 3903 1565 3966 ἐξ
1604 3904 1775 3971 ἀρχῆς

198 3990 360 4056 λόγος
382 3989 769 4059 διαφθείρεται,
803 3992 923 4042 ἐπεὶ
958 3991 1047 4042 καὶ
1095 3992 1144 4043 oi
1190 3992 1498 4058 φιλοσοφεῖν
1525 3992 1665 4044 οὕτω
1692 3995 1775 4045 λε-

196 4082 423 4148 γόμενοι
449 4082 509 4132 ού
545 4085 656 4143 τοῖς
686 4082 869 4138 αὐτοῖς
903 4082 1078 4147 λόγοις
1108 4081 1344 4144 ἆπαιντες
1370 4084 1432 4153 δή
1465 4102 1565 4135 που
1603 4085 1773 4154 χρῶν-

196 4189 315 4231 ται,
343 4171 479 4222 ἀλλὰ
503 4171 615 4222 ’καὶ
653 4174 765 4232 τοῖς
796 4173 1204 4233 ἐναντιωτάτοις
1222 4174 1266 4204 '°
1318 4173 1593 4242 ἀλλήλοις·
1649 4176 1774 4227 ἀλλ’

196 4262 355 4313 οὐδὲν
398 4262 594 4315 κωλύει
638 4264 774 4315 κατὰ
816 4264 941 4323 τοὺς
985 4265 1345 4331 τυγχάνοντας
1379 4268 1477 4333 τῆς
1520 4265 1773 4334 ἀληθείας

197 4353 523 4419 φιλοσοφίαν
550 4348 686 4404 εἶναι
717 4353 897 4404 καλόν.
922 4352 993 4403 Οὐ
1014 4353 1077 4421 δή
1109 4369 1211 4404 που
1234 4353 1452 4405 διπλοῦν
1482 4355 1628 4406 ἐστιν
1654 4356 1775 4406 οὐδ’

1859 578 2082 638 absunt,
2117 582 2172 626 ut
2199 588 2385 626 omnes
2429 573 2479 625 vi
2516 582 2737 640 cogant.
2788 584 2884 624 nec
2932 572 2999 624 ab
3046 571 3112 623 iis
3157 570 3235 622 vel
3282 576 3418 638 arqui

1857 665 2145 734 quidquam
2176 664 2350 731 possit
2376 662 2659 730 quisquam
2691 661 2965 727 consequi,
3000 662 3193 715 nedum
3227 672 3421 729 praeter

1857 754 2086 807 ollicium
2125 752 2372 818 cuiquam
2415 750 2734 812 inserviant,
2771 751 2902 802 adeo
2929 759 2983 801 ut
3017 761 3274 818 tyrannus
3304 749 3421 801 heri

1857 856 2069 910 quoque
2099 854 2401 894 mensuram
2433 839 2813 906 propemodum
2843 847 3099 892 transeat.
3127 839 3258 891 Nam
3293 839 3423 890 adu-

1860 933 2028 984 latore
2056 931 2269 999 quidem
2314 929 2444 982 nihil
2479 939 2560 981 est
2605 927 2878 990 humilius,
2910 942 3007 981 nec
3038 930 3177 997 quod
3206 932 3270 981 ad
3304 944 3425 982 ser-

1861 1022 2083 1073 vitutem
2136 1020 2207 1071 sit
2252 1018 2610 1086 prepensius:
2654 1026 2881 1084 tyranno
2928 1026 3104 1068 autem
3158 1016 3289 1069 nihil
3343 1028 3427 1070 est

1864 1112 2116 1173 ferocius,
2148 1125 2245 1163 nec
2271 1109 2410 1178 quod
2455 1108 2737 1175 imperium
2777 1117 2919 1162 amet
2953 1110 3141 1175 magis.
3174 1107 3351 1172 Quare
3380 1110 3428 1161 si

1865 1201 2101 1254 adulatio
2137 1201 2298 1253 fuerit
2324 1200 2610 1262 rhetorica,
2644 1198 2777 1250 nihil
2821 1198 2887 1251 ad
2932 1213 3047 1250 eam
3078 1209 3428 1267 tyrannorum

1864 1291 2132 1358 pertinent
2183 1290 2407 1342 crimina
2454 1307 2469 1341 :
2520 1289 2601 1342 sin
2635 1304 2739 1341 una
2774 1303 2893 1340 cum
2929 1289 3210 1357 tyrannide
3258 1290 3428 1356 magis

1863 1380 2222 1431 adulationem
2258 1379 2501 1431 terminis
2546 1379 2838 1445 superavit.
2884 1376 3227 1431 manifestum
3258 1387 3339 1429 est
3377 1379 3427 1429 iu

1868 1472 2049 1524 alteris
2080 1473 2433 1524 mendacium.
2464 1469 2692 1523 Tantum
2720 1472 2863 1523 enim
2891 1484 2918 1520 a
2953 1468 3236 1536 tyrannide
3266 1469 3432 1520 distat

1871 1563 2163 1624 rhetorica,
2192 1571 2451 1630 quantum
2496 1576 2525 1613 a
2569 1561 2823 1627 Dionysio
2852 1558 3022 1621 Plato,
3055 1559 3099 1610 si
3129 1567 3181 1612 et
3222 1560 3321 1611 hoc
3351 1559 3433 1610 (ii-

1868 1654 2092 1705 cendum
2131 1662 2232 1705 est.
2284 1652 2495 1704 Etenim
2539 1664 2713 1719 neque
2762 1650 2849 1702 ubi
2896 1648 3092 1701 valebit
3138 1649 3431 1709 rhetorica,

1871 1743 2113 1812 tyrannis
2153 1742 2375 1805 orietur,
2421 1743 2595 1795 donec
2640 1755 2702 1793 ea
2739 1740 2971 1791 valebit:
3013 1752 3186 1805 neque
3219 1737 3305 1790 ubi
3352 1751 3435 1790 re-

1866 1832 2047 1897 gnabit
2097 1834 2357 1899 tyrannis,
2409 1832 2608 1885 valebit
2658 1832 2921 1883 rhetorica
2958 1848 2969 1881 :
3004 1830 3097 1883 sed
3146 1837 3201 1882 et
3249 1840 3434 1881 orator

1867 1923 1998 1975 nihil
2046 1938 2153 1976 non
2203 1925 2311 1991 agit
2350 1938 2415 1975 ne
2460 1922 2581 1991 quis
2612 1922 2819 1974 oriatur
2850 1931 3131 1989 tyrannus,
3178 1926 3287 1970 tam
3332 1918 3436 1970 sibi

1866 2025 2025 2076 quam
2061 2011 2366 2076 reipublicae
2395 2010 2743 2078 providendo,
2779 2024 2844 2061 ne
2874 2009 2993 2075 quis
3021 2008 3118 2075 ipsi
3150 2006 3436 2059 verborum

1864 2101 2211 2166 persuasione
2248 2101 2541 2167 intercepta
2577 2114 2665 2153 res
2697 2100 2809 2167 ipse
2850 2098 3188 2150 administret
3219 2112 3233 2148 :
3267 2105 3321 2148 et
3354 2104 3438 2163 tyo

1866 2190 2018 2245 ranni
2066 2190 2200 2244 nihil
2242 2199 2455 2253 curant,
2508 2204 2608 2243 nec
2659 2198 2904 2242 metuunt
2950 2188 3141 2256 magis,
3172 2201 3331 2254 quam
3373 2198 3440 2237 ne

1865 2283 1986 2350 quis
2034 2281 2244 2334 dicendi
2296 2278 2764 2347 persuadendique
2815 2278 3016 2345 peritus
3066 2278 3290 2337 oriatur,
3346 2275 3439 2343 qui

1866 2373 2088 2426 collecta
2122 2371 2482 2433 multitudine,
2512 2384 2684 2437 eoque
2719 2370 2860 2436 quod
2913 2368 3026 2421 ileri
3077 2368 3269 2420 debeat
3313 2380 3437 2431 per-

1866 2477 2026 2518 suaso
2058 2475 2121 2515 ac
2156 2459 2440 2530 patefacto,
2476 2461 2699 2527 imperio
2728 2459 2887 2513 simul
2918 2460 3061 2526 ipsos
3086 2466 3140 2509 et
3170 2466 3444 2525 potestate

1868 2555 2071 2624 privet.
2119 2552 2303 2621 Itaque
2354 2553 2657 2607 necessaria
2719 2551 2861 2603 inter
2912 2559 3167 2616 utrosque
3231 2559 3445 2603 constat

1869 2644 2150 2699 inimicitia
2184 2660 2197 2697 :
2226 2658 2347 2697 cum
2392 2643 2683 2696 alterorum
2725 2642 2871 2695 salus
2916 2657 2978 2695 ac
3017 2651 3254 2706 potestas
3295 2640 3347 2692 in
3379 2650 3445 2693 e'o

1869 2737 2148 2799 consistat,
2180 2744 2241 2787 ut
2283 2733 2437 2786 alteri
2477 2731 2698 2785 omnino
2746 2746 2851 2784 non
2888 2731 3013 2784 sint.
3042 2730 3150 2783 Cur
3182 2744 3309 2798 ergo
3339 2729 3444 2782 sibi

1870 2825 2100 2878 invicem
2125 2824 2500 2879 contradicunt
2529 2822 2810 2876 oratores?
2834 2835 3141 2889 quanquam
3170 2821 3313 2872 enim
3345 2821 3446 2873 huc

1870 2929 1901 2967 a
1930 2914 2152 2967 Platone
2186 2914 2387 2966 dictum
2432 2927 2536 2964 non
2566 2922 2669 2974 est,
2716 2921 2891 2963 tamen
2923 2921 2981 2962 ut
3026 2911 3261 2975 lllltittltle
3296 2909 3444 2961 deci-

1872 3004 2032 3057 datur
2052 3002 2444 3064 controversia,
2470 3016 2568 3054 nec
2590 3002 2693 3055 boc
2722 3016 2825 3053 non
2851 3000 3152 3053 discussitm
3180 2999 3447 3065 relinquee

1878 3106 2017 3155 mus,
2052 3105 2173 3144 cum
2205 3091 2503 3158 praesertim
2553 3089 2624 3142 sit
2666 3088 2925 3151 omnium,
2976 3087 3174 3157 418a
3204 3101 3321 3154 quae
3358 3088 3448 3139 ille

1878 3181 2117 3249 protulit,
2153 3190 2212 3234 ut
2243 3180 2297 3234 in
2334 3180 2627 3234 mendaciis
2660 3179 3048 3231 ﬁrmissimum.
3084 3178 3287 3245 Nempe
3319 3180 3443 3246 quia

1880 3272 2031 3325 nobis
2055 3271 2152 3340 ipsi
2180 3285 2393 3339 quoque
2426 3272 2478 3322 in
2509 3285 2759 3325 sermone
2787 3269 3228 3332 contradicitnus,
3262 3278 3319 3322 ut
3347 3283 3445 3338 ego

1871 3362 1981 3429 jatn
2013 3378 2154 3416 nunc
2190 3362 2309 3415 feci.
2346 3360 2530 3429 Neque
2578 3371 2755 3413 tamen
2805 3360 2922 3414 ideo
2955 3360 3131 3427 priora
3181 3374 3284 3412 non
3334 3375 3448 3410 tua-

1880 3467 2027 3510 nent.
2061 3456 2190 3509 Nam
2218 3466 2272 3509 et
2298 3456 2388 3524 qui
2418 3454 2780 3524 philosophari
2813 3455 3086 3515 dicuntur,
3122 3467 3225 3505 non
3257 3453 3446 3504 iisdem

1878 3562 2063 3600 omnes
2104 3545 2345 3615 profecto
2372 3554 2594 3597 utuntur
2633 3544 2951 3605 rationibus,
2996 3556 3180 3593 verum
3215 3542 3448 3593 maxime

1878 3638 2185 3693 contrariis.
2215 3636 2354 3690 Nihil
2390 3645 2569 3689 tamen
2591 3644 2761 3696 vetat,
2793 3634 3078 3701 quominus
3108 3632 3444 3699 philosophia

1879 3729 2171 3784 secundum
2210 3742 2303 3783 eos
2338 3729 2425 3796 qui
2474 3727 2751 3780 veritatem
2778 3734 3157 3791 assequuntur,
3186 3724 3445 3789 prmclara

1879 3820 1950 3872 sit
1976 3833 2083 3881 res,
2117 3832 2216 3871 nec
2252 3818 2471 3883 duplex,
2507 3830 2679 3884 neque
2709 3816 2810 3867 sibi
2854 3814 2952 3880 ipsi
2982 3815 3276 3867 contraria.
3307 3812 3447 3878 Quid

1878 3925 2005 3979 ergo
2031 3909 2302 3962 dicemus?
2326 3910 2404 3960 Att
2441 3918 2698 3975 utrosque
2724 3906 3085 3975 philosophari
3116 3919 3236 3958 cum
3262 3907 3447 3957 dicunt

1882 4002 2167 4064 contraria,
2210 4014 2298 4053 aut
2333 4000 2719 4068 philosophiam
2770 4000 2863 4057 ita.
2893 4006 2951 4051 ut
2993 3997 3124 4054 dixi.
3157 4011 3277 4049 esse
3310 4010 3447 4063 pra»

1881 4091 2118 4144 claram?
2143 4091 2279 4155 Quin
2322 4091 2480 4143 etiam
2523 4089 2908 4157 gubernatores
2941 4087 3122 4139 videas
3154 4096 3342 4139 centra
3386 4099 3446 4137 se

1881 4180 2107 4234 invicem
2138 4195 2202 4232 ex
2248 4179 2472 4231 navibus
2515 4179 2811 4241 decertare,
2855 4191 2976 4231 cum
3022 4186 3197 4227 tamen
3231 4189 3319 4226 ars
3346 4190 3444 4241 gu-

1878 4268 2137 4324 bernaudi
2184 4282 2370 4320 navem
2417 4276 2613 4320 servet.
2650 4267 2910 4319 Similiter
2954 4276 3007 4319 et
3036 4276 3281 4319 oratores
3322 4280 3443 4317 cum

1878 4357 1979 4410 sibi
2025 4357 2253 4408 invicem
2295 4356 2691 4417 contradicunt,
2740 4366 2798 4407 ut
2841 4354 3034 4421 aliquis
3076 4354 3293 4415 dixerit,
3342 4368 3444 4404 non

198 4443 445 4495 ἐναντίον
478 4444 666 4495 aera"
693 4443 889 4511 ἐαυτῷ.
920 4442 1040 4505 ηὼς
1072 4440 1184 4504 οὖν,
1221 4444 1285 4496 ἂν
1314 4447 1447 4512 φαίη
1476 4463 1562 4508 τις
1583 4488 1597 4511 ,
1626 4447 1657 4515 ἦ
1690 4465 1774 4513 φι-
1810 4453 1854 4506 D

1810 4453 1854 4506 Ι)
1885 4448 2084 4499 tollitur
2112 4445 2355 4498 ultimum
2406 4446 2685 4498 rhetoricae
2729 4444 3160 4505 fundamentum,
3198 4445 3287 4497 sed
3321 4445 3445 4510 quid

196 4534 451 4597 λοσοφεῖν
477 4534 813 4601 ἀμφοτέρους
860 4536 1101 4601 φήσομεν
1131 4536 1390 4586 τάναντία
1432 4536 1708 4602 λέγοντας,
1740 4537 1773 4606 ἢ

194 4622 261 4672 τὸ
312 4622 618 4688 φιλοσοφεῖν
647 4620 785 4672 εἶναι
838 4622 1035 4683 καλόν;
1076 4622 1246 4684 οὕτως
1262 4624 1305 4654 ⁸³
1336 4624 1411 4685 ὠς
1450 4627 1775 4693 ἕφην.“Ίδοις

194 4712 244 4761 δ’
280 4710 346 4762 ἂν
373 4712 464 4761 καὶ
489 4713 824 4780 κυϐερνήτας
851 4712 1066 4765 ἐναντία
1091 4714 1339 4781 ἀλλήλοις
1360 4716 1403 4745 ⁸⁸
1432 4718 1776 4785 ναυμαχοῦν-

196 4817 300 4861 τας
328 4816 341 4829 ·
378 4801 491 4852 ἀλλ’
524 4804 671 4871 ὅμως
695 4803 794 4871 τῆς
827 4803 1224 4873 κυϐερνητικῆς
1274 4807 1389 4857 ἐστι
1438 4806 1631 4869 σώζειν
1678 4808 1776 4874 τὴν

1879 4536 2072 4589 rationi
2113 4538 2182 4589 sit
2222 4546 2642 4589 consentaneum
2681 4542 2927 4601 spectare
2966 4536 3239 4586 debemus.
3265 4532 3447 4597 cujus-

1878 4641 1982 4695 que
2032 4627 2106 4678 rei
2154 4640 2316 4678 causa
2366 4626 2437 4679 sit
2478 4625 2692 4676 iuventa
2739 4625 3048 4677 meminisse
3077 4624 3315 4691 (inventa
3364 4634 3447 4673 est

1880 4728 2056 4771 autem
2108 4732 2198 4769 ars
2226 4717 2435 4769 dicendi
2471 4730 2500 4768 a
2534 4716 2742 4786 justis).
2773 4715 3133 4781 Quamobrem
3167 4717 3231 4768 de
3266 4719 3446 4767 rheto-

1880 4810 1990 4861 rica
2022 4808 2136 4859 itzec
2165 4809 2233 4860 sit
2262 4807 2454 4860 oratio.

198 4898 358 4952 ναῦν.
394 4900 549 4951 υῦτω
578 4900 755 4952 τοίνυν
785 4903 877 4953 καὶ
904 4903 1030 4953 ὅταν
1069 4903 1115 4952 οἱ
1149 4905 1373 4971 ῥήτορες
1403 4904 1650 4971 ἀλλήλοις
1678 4903 1915 4967 ἐναντία,
1978 4904 2051 4965 ὡς
2084 4904 2149 4956 ἀν
2218 4920 2304 4964 τις
2373 4902 2532 4972 φαίη,
2589 4902 2839 4969 λέγωσιν,
2880 4904 2941 4955 οὐ
2989 4903 3259 4955 κωλύεται
3293 4906 3349 4957 τὸ
3392 4914 3448 4973 ἐξ

198 4990 381 5059 ἀρχῆς
420 4992 712 5058 κεφάλαιον
752 4995 849 5060 τῆς
885 4992 1195 5060 ῥητορικῆς,
1225 4993 1356 5043 ἀλλὰ
1385 4994 1443 5045 τὸ
1475 4995 1768 5063 συμϐαῖνον
1806 4994 1883 5062 τῷ
1912 4994 2055 5063 λόγῳ
2082 4994 2185 5063 χρὴ
2221 4995 2466 5056 σκοπεῖν,
2538 4996 2914 5064 μεμνημένους
2958 4988 3031 5047 ὧν
3077 4996 3237 5049 ἕνεκα
3301 5001 3454 5067 εὑρέ-

199 5084 291 5150 θη.
330 5082 562 5152 [Εὑρέθη
590 5083 646 5135 δὲ
671 5083 731 5135 τὺ
756 5082 934 5148 λέγειν
963 5083 1102 5151 ὑπὲρ
1132 5083 1238 5135 τῶν
1264 5084 1535 5155 δικαιων,]
1572 5087 1629 5137 Ὀ
1668 5086 1766 5154 μὲν
1804 5080 1897 5136 οὖν
1918 5085 1962 5115 ⁸⁵
1988 5084 2125 5154 ὑπὲρ
2165 5084 2461 5153 ῥητορικῆς
2489 5085 2644 5151 λόγος
2675 5079 2845 5148 οὗτος.

1468 5218 1699 5273 νΑΒΙᾹΞ
1746 5220 1871 5271 LEC
1882 5220 2037 5273 ΤΙοΝ
2050 5220 2149 5273 ES.

276 5314 321 5344 ’ω
351 5311 478 5381 γὰρ]
532 5311 573 5361 δ’
613 5312 699 5381 Aa
747 5311 789 5341 ³¹
843 5312 939 5379 μὲν
967 5312 1087 5364 add.
1140 5310 1203 5362 Α.

198 5385 249 5415 ³⁸
281 5379 437 5435 ὦσον
468 5379 515 5410 ³⁸
547 5379 885 5449 παρελήλυθε
913 5396 1023 5432 om.
1060 5381 1119 5431 Α.

195 5454 311 5505 οὐδ’
339 5452 475 5517 ὁμοῦ
505 5449 564 5501 Α.
643 5450 685 5480 ³⁸
717 5455 928 5511 πάντως
949 5451 1046 5519 ἠδη
1072 5465 1182 5502 om.
1211 5452 1277 5501 Α.

197 5524 453 5591 φαίνεται
485 5520 676 5591 δ’ὄπου
714 5521 972 5591 ῥητορικὴ
1015 5520 1242 5591 σώζεται
1268 5520 1515 5588 οὐδαμῶς
1546 5524 1609 5573 Α.

195 5587 265 5645 ἂν
298 5595 356 5643 ὲν
384 5587 463 5652 οἷς
496 5591 560 5640 Α.
588 5588 679 5667 ..⁸⁸
715 5588 881 5667 ὅπως]
914 5588 1050 5639 ὥστε
1084 5590 1145 5638 Α.
1228 5588 1272 5619 ⁸⁵
1297 5590 1355 5639 τό
1385 5587 1461 5641 τε.

199 5665 248 5693 ⁸⁸
289 5658 740 5729 μηδὲ-αιίιιὶιίἰηρι
789 5658 1043 5729 Aristide.
1120 5658 1163 5687 ⁸³
1210 5659 1303 5709 καὶ
1334 5659 1475 5729 τοῦτ’
1505 5676 1613 5711 om.
1662 5658 1720 5715 Α.

201 5733 251 5761 ⁸⁸
277 5726 359 5782 ὅτι
388 5726 561 5793 οἶμαι.
639 5727 683 5757 δ’
715 5727 986 5793 πεποίηκα
1038 5743 1144 5778 om.
1189 5733 1251 5793 Ατ

204 5801 251 5832 ε’
280 5800 528 5867 ἀλλήλοις
561 5797 775 5847 ἐναντία
812 5799 871 5845 Α.
908 5792 913 5793 ⁷
953 5795 995 5825 ⁵³
1027 5797 1052 5844 ὁ
1084 5797 1179 5861 μὲν
1206 5792 1314 5848 οὖν.

577 5889 841 5947 PA'mOL.
877 5887 989 5944 Gn.
1041 5887 1194 5946 Clll.

1197 5348 1203 5362 .
1302 5311 1346 5341 ”
1390 5314 1437 5363 οί
1470 5312 1513 5363 δ’
1546 5309 1611 5365 αὖ
1645 5314 1764 5381 τύρ.
1814 5316 1911 5366 ἀπ.
1960 5314 2098 5377 τοσ.]
2147 5314 2322 5366 καίτοι
2376 5312 2623 5364 τοσοῦτον
2659 5312 2953 5381 ἀπέχουσιν
2996 5316 3044 5364 οί
3091 5316 3341 5383 τύραννοι
3383 5321 3447 5373 Α.

1197 5380 1240 5410 ³⁸
1258 5379 1364 5430 γὰο
1390 5398 1499 5430 om.
1535 5385 1598 5430 A.
1667 5384 1711 5414 ³η
1742 5384 2187 5430 οὐδ’-δουλεύειν
2215 5400 2322 5430 mn-
2354 5386 2415 5430 Α-
2491 5383 2532 5413 ³⁷
2571 5382 2666 5430 μὲν
2694 5399 2803 5430 om.
2838 5387 2899 5430 A.
2984 5384 3027 5413 "
3052 5386 3243 5430 αὑτῆει
3283 5391 3447 5430 ain-tm

1258 5384 1364 5450 γὰρ
1390 5398 1499 5434 om.
1667 5384 1711 5414 ’“
1742 5384 2187 5436 οὐδ’-δουλεύειν
2215 5400 2322 5436 om.
2353 5386 2415 5438 Α.
2491 5384 2532 5413 ³⁷
2569 5384 2666 5448 μὲν
2694 5399 2803 5435 om.
2838 5387 2899 5435 Α.

1264 5488 1277 5501 .
1307 5450 1400 5523 ﬂ“
1432 5452 1703 5523 roseumv]
1728 5469 1777 5513 p.
1820 5454 1939 5505 127.
2009 5456 2050 5484 "
2086 5452 2213 5523 γὰρ]
2245 5454 2287 5505 δ’
2316 5455 2380 5505 Α.
2414 5521 2423 5523 Α
2458 5454 2501 5481 ⁸¹
2527 5453 2821 5523 φανήσεται
2846 5464 2899 5517 (p

1546 5524 1609 5573 A.
1687 5526 1733 5552 “
1763 5524 2110 5590 ἐγγενόμενος
2146 5524 2207 5575 Α.

1545 5592 1590 5621 ³⁰
1619 5592 1914 5659 πράγματα
1943 5609 2047 5645 om.
2090 5595 2151 5643 Α.
2230 5592 2270 5623 ⁸¹

2984 5384 3027 5455 ξ⁸
3052 5386 3243 5455 αὐτῆς]
3283 5391 3452 5455 αὐτὴν

2458 5454 2501 5481 ⁸¹
2527 5453 2821 5527 φανήσεται
2846 5464 2919 5517 (p.
2946 5452 3067 5527 19.8)
3127 5452 3450 5527 δξίσῴξεται]

2286 5526 2328 5594 δέ
2362 5521 2570 5590 μέχρις,
2632 5520 2837 5594 ‘1}.6759
2852 5538 2964 5594 tun.
2991 5523 3077 5594 Α.Δ
3128 5526 3169 5553 ⁸⁷
3198 5523 3264 5575 αὖ
3300 5520 3451 5594 ἔνθα]

2306 5593 2337 5659 ἢ
2372 5610 2477 5643 om.
2518 5595 2577 5641 Λ.
2605 5657 2623 5660 Α
2655 5590 2697 5621 ⁵³
2900 5607 2949 5654 ι).
2992 5591 3103 5643 129.
3178 5595 3221 5625 ⁸³
3247 5590 3447 5647 οὖκέτιῖ

1799 5662 1842 5690 ⁸⁸
1866 5660 1924 5711 ὃν
1981 5661 2160 5727 σχεδὸν
2200 5657 2413 5713 οηιξΛ.
2489 5660 2533 5689 ⁵⁷
2571 5657 2813 5727 εἴρηκεν]
2847 5657 3063 5727 εἴρηκεν
3097 5664 3123 5712 ὁ
3148 5663 3359 5715 πλάτων
3384 5672 3448 5717 .-\.

1366 5728 1408 5757 °°
1443 5730 1703 5792 ἐναντίοις
1734 5732 1796 5782 Α.
1870 5732 1911 5761 ⁸⁸
1946 5731 2073 5781 αὐτὸ
2119 5730 2314 5799 ἐαυτῷ]
2344 5728 2490 5797 αὐτῷ
2523 5729 2608 5781 ἐπ’
2644 5728 2789 5797 αὐτῷ
2816 5729 2879 5782 Α.

2954 5731 2996 5758 ⁶¹
3026 5729 3194 5792 οὕτως
3224 5735 3345 5786 add.
3383 5740 3445 5785 Α.

2981 5890 3059 5952 ’48
