4216 6430
756 370 889 434 1519

1898 372 2159 432 ΡΠΟΤΗ
2196 374 2698 440 PATHIARCIL’E
2736 385 2842 446 ΟΡ.

3872 392 4016 458 Ῑέθ

747 483 1017 538 sermonis
1043 480 1261 550 rejeclt,
1314 492 1431 548 qure
1476 481 1517 533 si
1560 480 1827 545 posuisset
1881 482 1935 534 in
1968 483 2165 547 .initio,
2224 500 2327 537 nou

2434 490 2759 557 προφάσεως
2782 493 2846 564 ι⁷]
2903 498 3002 549 οὐκ
3039 498 3331 561 ἀσκέπτως
3368 504 3491 569 ἐμοὶ
3519 504 3699 556 δοκεῖν
3722 506 3842 558 οὐδὲ
3869 510 4014 573 φαύ-

747 575 1031 642 potuisset,
1064 572 1248 634 credo,
1288 571 1491 637 reliqua
1538 570 1822 624 deducere.

2427 576 2529 638 ὶως
2553 580 2614 639 ε’,
2635 582 2743 633 οὐδ’
2766 584 2840 644 ὡς
2859 584 3134 650 ἐξέπεσεν,
3149 590 3263 641 ἀλλ’
3284 593 3428 654 ὅπως
3454 594 3825 663 συγκρυφθείη
3845 612 3903 647 τε
3935 596 4015 657 ὡς

747 665 969 720 δυνατὸν
990 663 1243 733 μάλιστα,
1262 664 1357 714 καὶ
1381 664 1432 715 εί
1454 680 1533 725 τις
1560 663 1733 733 εὑρὼν
1758 663 1955 734 χρῷτο,
1979 666 2100 733 μηδ’
2126 666 2426 735 αύτὸςδοκῇ
2454 674 2763 738 παρελθεῖν,
2789 678 2901 729 ἀλλ’
2925 682 3072 749 ἐνείη
3094 684 3135 712 ¹⁹
3159 699 3173 711 ·
3194 684 3337 735 οὕτω
3369 686 3538 753 μέσην
3552 687 3673 737 τινὰ
3691 682 3817 756 εὗρε
3830 688 4012 750 τάξιν,

750 761 842 815 καὶ
863 755 1206 826 ἆμαπρὸςτῇ
1236 756 1455 825 τελευτῇ
1476 756 1566 808 τοῦ
1587 756 1745 824 λόγου
1758 757 1851 809 τοῦ
1876 759 2095 821 παντὸς.
2125 760 2161 813 ἃ.
2182 759 2293 821 θεὶς
2322 762 2379 811 ἐν
2403 763 2541 832 ἀρχῇ
2570 771 2680 829 τοῖς
2708 770 2904 840 ἐφεξῆς
2928 775 3027 824 οὐκ
3046 774 3270 840 ἔμελλεν
3291 777 3433 840 ἕξειν
3454 780 3524 841 ’⁸,
3551 776 3727 845 οἴμαι,
3752 755 4010 847 χρῆσθαι.

822 847 1015 922 4191)
1046 844 1159 899 Nec
1215 846 1358 898 enim
1392 845 1442 897 id
1472 848 1836 914 quazrebutur,
1887 858 2064 901 utrum
2107 850 2318 903 lacilius

749 952 894 996 esset
925 945 1195 996 exsistere
1241 942 1325 995 vel
1364 960 1466 995 nou
1498 944 1759 997 exsistere
1787 957 1973 995 verum
2017 955 2315 996 oratorem.

748 1032 884 1085 Nam
918 1034 1020 1086 hoc
1045 1033 1266 1102 quidem
1308 1044 1363 1086 et
1395 1048 1493 1086 nos
1525 1042 1808 1096 testamur,
1852 1049 1935 1097 ac,
1976 1033 2021 1086 si
2048 1031 2320 1087 Stentoris

747 1121 1071 1177 haberemus
1136 1137 1325 1175 vocem
1400 1124 1858 1191 proclamaremus
1893 1162 1908 1187 ,
1972 1132 2027 1177 et
2080 1121 2231 1176 Nilus
2275 1124 2320 1177 si

748 1212 905 1266 ostiis
936 1222 1141 1280 septem
1176 1214 1318 1280 loqui
1357 1225 1570 1281 posset,
1602 1224 1661 1267 ut
1690 1214 1829 1282 apud
1857 1213 2149 1267 Homerqu
2187 1214 2318 1267 Sca-

747 1304 995 1357 mander.
1043 1304 1147 1357 Sed
1197 1313 1377 1357 utrum
1414 1305 1526 1358 ﬁeri
1558 1320 1659 1373 per
1710 1313 1957 1358 naturam
2002 1314 2206 1372 posset,
2248 1320 2315 1356 an

747 1394 950 1454 minus,
986 1393 1086 1445 hoc
1127 1403 1241 1445 erat
1288 1392 1340 1445 in
1376 1395 1672 1460 quaestione
1721 1393 1974 1459 positum.
2022 1391 2132 1446 Nec
2173 1392 2317 1446 enim

745 1483 1067 1551 simpliciter
1098 1486 1278 1546 modo,
1301 1498 1475 1551 neque
1507 1493 1564 1537 ut
1597 1498 1738 1537 nunc
1759 1485 2123 1549 ostendimus,
2146 1485 2320 1551 ipsum

749 1572 854 1625 sibi
899 1572 1338 1636 contradixisse,
1386 1573 1479 1625 sed
1530 1584 1587 1626 et
1637 1575 1763 1626 dum
1803 1573 1923 1628 illos
1970 1573 2322 1643 reprehendit

749 1662 896 1715 hunc
922 1662 1239 1725 Aristidem,
1263 1676 1423 1729 quem
1458 1663 1718 1725 laudavit,
1751 1663 1972 1718 laudare
2001 1680 2109 1719 non
2141 1679 2317 1732 posse,

752 1760 846 1804 aut
878 1751 923 1804 si
952 1751 1095 1803 hunc
1126 1762 1273 1803 recte
1319 1750 1517 1811 laudat,
1562 1750 1686 1803 illos
1717 1752 1905 1804 eadem
1932 1751 2001 1804 de
2025 1768 2189 1805 causa
2237 1768 2321 1805 re-

750 1839 1087 1908 prehendere
1128 1853 1233 1890 nou
1292 1851 1447 1905 posse
1504 1838 1917 1892 declarabimus.
1971 1838 2182 1895 Etenim
2220 1842 2322 1895 hoc

752 1929 909 1981 male
948 1929 1187 1996 ipsorum
1216 1928 1704 1984 administrationis
1740 1931 1954 1998 signum
1970 1932 2140 1999 ponit,
2172 1933 2317 2000 quod

752 2022 821 2075 ab
850 2019 1277 2074 Atheniensibus
1313 2022 1451 2075 male
1482 2021 1592 2075 sint
1625 2022 1861 2086 tractati,
1894 2025 2048 2091 quasi
2076 2025 2165 2094 qui
2202 2024 2318 2079 fuc-

752 2120 875 2164 rant
905 2111 971 2163 ab
998 2109 1127 2176 ipsis
1161 2110 1348 2178 Optimi
1382 2110 1575 2163 redditi
1608 2152 1620 2172 ,
1658 2125 1761 2162 non
1803 2111 2120 2165 debuissent
2143 2113 2194 2165 in
2229 2128 2322 2166 eos

754 2211 1001 2264 peccare,
1038 2211 1135 2266 per
1159 2211 1295 2263 quos
1318 2196 1477 2249 etiam
1508 2197 1576 2249 ab
1608 2197 1729 2250 aliis
1760 2198 2015 2251 laedendis
2046 2201 2321 2255 abstinere

755 2287 1073 2340 didicerant.
1117 2286 1246 2351 Quae
1287 2301 1408 2339 cum
1460 2287 1532 2339 ita
1579 2289 1867 2356 posuisset,
1913 2299 1967 2342 et
2012 2290 2227 2359 aurigas
2258 2307 2321 2345 ac

755 2376 953 2430 similia
983 2376 1088 2430 huc
1119 2375 1450 2440 adduxisset,
1490 2378 1783 2431 Aristidem
1818 2388 2002 2433 tamen
2029 2397 2132 2434 non
2164 2384 2323 2435 modo

755 2483 860 2520 non
897 2466 1269 2534 reprehendit.
1308 2466 1401 2519 sed
1445 2475 1500 2520 et
1529 2468 1669 2521 inter
1700 2478 1925 2522 caeteros
1961 2470 2323 2541 eximiumju-

755 2555 973 2608 dicavit.
1025 2556 1185 2622 Atqui
1225 2556 1269 2609 si
1315 2554 1385 2609 ab
1431 2554 1856 2611 Atheniensibus
1910 2558 2050 2613 male
2080 2559 2320 2623 multari,

755 2644 908 2696 mala:
937 2644 1177 2712 ipsorum
1214 2644 1620 2712 gubernationis
1649 2656 1765 2700 erat
1791 2648 2004 2716 signum
2027 2687 2043 2712 ,
2086 2665 2151 2704 ne
2200 2651 2324 2705 Ari-

762 2732 933 2785 stides
963 2732 1181 2801 quidem
1236 2742 1385 2786 recte
1430 2747 1523 2786 eos
1565 2736 1729 2798 rexit,
1759 2739 2191 2808 quandoquidem
2228 2756 2325 2795 nec

757 2821 872 2887 ipse
919 2820 1137 2887 impune
1162 2820 1359 2885 evasit,
1397 2821 1527 2888 quin
1571 2824 1847 2878 excideret
1884 2828 2087 2895 :idque
2127 2844 2231 2882 non
2272 2831 2323 2881 in

755 2910 931 2972 curia,
966 2910 1105 2963 sicut
1129 2908 1365 2964 Pericles
1397 2918 1450 2962 et
1486 2909 1776 2974 Miltiades,
1812 2929 1912 2967 nec
1940 2930 2034 2982 per
2066 2929 2159 2969 eos
2188 2934 2324 2985 quos

2494 856 2569 905 Ού
2596 858 2701 926 γὰρ
2739 861 2847 911 si“
2878 862 3060 932 ῥᾴδιον
3084 864 3116 933 ἢ
3161 863 3235 932 μὴ
3263 863 3338 931 τῷ
3366 864 3479 917 δντι
3506 867 3757 931 γενέσθαι
3803 867 4014 934 ῥήτορα

2426 943 2715 1011 προύκειτο
2774 952 3025 1014 σκοπεῖν,
3082 952 3204 1003 ἐπεὶ⁸
3247 951 3404 1004 τοῦτό
3444 970 3509 1018 γε
3560 956 3653 1004 καὶ
3694 956 3858 1021 ἡμεῖς
3892 992 3908 1013 ,
3964 958 4011 1005 εί

2427 1034 2627 1103 βούλει,
2681 1040 3067 1108 μαρτυροῦμεν
3090 1081 3103 1098 .
3149 1041 3253 1093 κᾶν
3285 1044 3332 1093 εί
3376 1042 3475 1110 τὴν
3511 1043 3798 1111 Στέντορος
3829 1045 4013 1111 φωνὴν

2428 1126 2790 1193 κτησαίμεθα,
2819 1129 3172 1198 φθεγξώμεθ’
3194 1130 3279 1193 ἂν,
3310 1129 3384 1191 ὡς
3404 1132 3463 1181 οὺ
3484 1132 3684 1201 ῥᾴδιον,
3712 1132 3812 1183 κᾶν
3834 1136 3864 1184 ό
3886 1134 4015 1183 Νεῖ‹

2427 1216 2536 1280 λος,
2566 1211 2611 1269 ὧ
2641 1221 2899 1287 μακάριε,
2937 1224 3046 1282 τοῖς
3086 1222 3223 1273 ἑπτὰ
3253 1224 3512 1291 στόμασιν
3546 1224 3593 1273 εί
3625 1222 3780 1275 λάϐοι
3802 1225 4011 1291 φωνὴν,

2425 1305 2612 1376 ὥσπερ
2642 1310 2670 1359 ὁ
2694 1310 3042 1377 Σκάμανδρος
3078 1312 3199 1363 καθ’
3226 1313 3495 1380 Ὅμηρον.
3534 1312 3673 1363 Ἀλλ’
3704 1316 3754 1363 εί
3782 1313 4011 1365 δυνατόν

2424 1398 2456 1466 ἢ
2487 1397 2582 1466 μὴ,
2619 1401 2710 1449 καὶ
2745 1400 2907 1465 φύσιν
2936 1400 3046 1452 ἔστ’
3077 1400 3198 1469 ἔχον
3232 1403 3525 1469 συμϐῆναι,
3555 1401 3699 1453 τοῦτ’
3720 1399 3789 1470 ἦν
3830 1405 3896 1453 ἐκ
3916 1403 4010 1454 τοῦ

2424 1485 2607 1552 λόγου.
2645 1488 2949 1556 Φανήσεται
2972 1491 3017 1521 ¹¹
3052 1492 3160 1559 γὰρ
3178 1492 3223 1521 ’³
3275 1491 3370 1558 οὐχ
3405 1490 3614 1553 ἁπλῶς,
3667 1491 3775 1543 οὐδ’
3804 1492 3882 1553 ὡς
3918 1493 4012 1542 νῦν

2431 1576 2591 1643 μόνον
2623 1575 2988 1645 δείκνυμεν¹⁵,
3022 1580 3102 1639 είς
3133 1580 3259 1639 τοὺς
3292 1580 3569 1639 ἐναντίους
3602 1580 3879 1648 ἐληλυθὼς
3909 1584 4010 1632 αύ-

2427 1662 2512 1723 τδς
2538 1663 2734 1731 ἐαυτῷ,
2766 1665 2898 1716 ἀλλά
2921 1666 3013 1717 καὶ
3039 1665 3101 1727 ἐξ
3123 1660 3196 1718 ὧν
3220 1669 3461 1729 ἐκείνους
3479 1669 3694 1736 ᾐτίαται
3726 1667 3840 1737 [τοῦ
3854 1669 4010 1740 τον¹Ἶ

2438 1754 2772 1824 Ἀριστείδην
2798 1756 2855 1807 ὃν
2886 1758 3148 1825 ἐπῄνεσεν
3178 1761 3428 1810 ἐπαινεῖν
3456 1761 3555 1811 οὐκ
3582 1760 3746 1827 ἔχων,
3777 1760 3810 1828 ἢ
3853 1764 4014 1831 ειπερ

2424 1842 2600 1910 ὀρθῶς
2641 1846 2852 1897 ἐπαινεῖ
2881 1846 3091 1911 τοῦτον,
3128 1847 3215 1900 διὰ
3236 1849 3295 1899 τὸ
3317 1850 3448 1901 αὐτὸ
3475 1849 3633 1901 τοῦτο
3656 1850 3765 1902 οὐδ’
3790 1852 3837 1881 ’⁸
3870 1852 4015 1903 ἐκεί-

2423 1952 2544 1998 νους
2583 1936 2720 2005 ἔχων
2742 1938 3108 1993 αἰτιάσασθαι.
3138 1940 3292 2004 Πῶς;
3326 1941 3409 1993 ὅτι
3449 1941 3715 2010 σύμϐολον
3735 1944 3799 2007 ’⁷,
3832 1938 4013 2012 οἴμαι,

2425 2030 2662 2081 ποιεῖται
2697 2028 2790 2080 τοῦ
2848 2031 3031 2092 κακῶς
3076 2030 3376 2101 Ἀθηναίων
3408 2034 3650 2097 ἐκείνους
3706 2037 4016 2105 προστῆναι

2424 2117 2482 2169 τὸ
2512 2119 2703 2170 παθεῖν
2738 2121 2934 2183 αὐτοὺς
2966 2122 3058 2174 ὑπ’
3103 2122 3405 2190 Ἀθηναίων
3438 2125 3645 2187 κακῶς,
3677 2126 3753 2187 ὡς
3786 2129 3891 2178 οὐκ
3947 2127 4015 2180 ἂν

2423 2205 2547 2269 τούς
2570 2224 2631 2273 γε
2647 2208 2691 2238 ’⁸
2724 2207 2963 2277 βελτίους
2994 2210 3087 2263 ὑπ’
3116 2211 3297 2264 αὐτῶν
3314 2214 3641 2281 γενομένους
3663 2215 4015 2285 ἁμαρτόντας

2425 2297 2502 2356 εἰς
2536 2295 2778 2359 τούτους,
2824 2298 2913 2366 ὑφ’
2960 2293 3036 2351 ὧν
3078 2300 3199 2368 μηδ’
3238 2301 3319 2361 είς
3365 2304 3489 2364 τοὺς
3524 2303 3716 2365 ἄλλους
3763 2305 4017 2374 ἁμαρτά-

2426 2403 2535 2438 νειν
2576 2388 2994 2457 ἐπαιδεύθησαν.
3027 2390 3211 2444 Ταῦτα
3248 2392 3304 2443 δέ
3348 2392 3489 2445 οὕτω
3547 2395 3684 2457 θεὶς,
3734 2398 3831 2448 καὶ
3871 2399 4017 2466 ἡνιό-

2425 2495 2550 2547 χους
2572 2481 2615 2509 ¹⁹
2653 2482 2741 2533 καὶ
2768 2482 2837 2533 τὰ
2896 2483 3119 2536 τοιαῦτα
3172 2487 3557 2553 ἐπεισαγαγὼν
3598 2490 3873 2553 ἐνταυθοῖ,
3918 2491 4014 2542 τόν

2428 2585 2489 2635 γε
2515 2569 2559 2599 ³ο
2608 2570 2949 2640 Ἀριστείδην
2997 2575 3058 2625 ού
3106 2573 3266 2640 μόνον
3305 2575 3460 2627 οὐδὲν
3500 2576 3703 2642 φαῦλον
3758 2579 4011 2648 εἴρηκεν,

2425 2657 2561 2711 ἀλλὰ
2598 2660 2692 2710 καὶ
2730 2660 2914 2727 σαφῶς
2939 2659 3217 2731 ἐξαίρετον
3244 2663 3353 2715 τῶν
3392 2664 3567 2718 ἄλλων
3610 2667 3909 2735 πεποίηται
3941 2668 4012 2722 ³¹.

2426 2752 2619 2803 Καίτοι
2671 2753 2718 2803 εί
2774 2753 2834 2804 τὸ
2884 2753 3078 2805 παθεῖν
3128 2753 3314 2818 κακῶς
3346 2756 3437 2807 ὑπ’
3477 2756 3779 2825 Ἀθηναίων
3828 2754 3898 2827 ἧν
3949 2777 4007 2811 τι

2426 2840 2623 2908 δεῖγμα
2649 2841 2743 2893 τοῦ
2784 2842 2859 2911 μὴ
2915 2841 3094 2904 καλῶς
3162 2843 3464 2913 Ἀθηναίων
3516 2847 3857 2914 προστῆναι,
3902 2850 4014 2902 οὐδ’

2441 2931 2777 3001 Ἀριστείδης
2811 2932 3056 3003 προῦστη
3100 2934 3281 2995 καλῶς
3304 2950 3316 2962 ⁸
3357 2935 3612 3005 οὐδὲγὰρ
3639 2931 3792 3001 οὗτος
3834 2940 4015 3003 ἀθῶος

758 2998 937 3066 pOpuli
971 3013 1132 3052 causa
1160 2998 1479 3067 oll‘enderat,
1515 3016 1703 3055 verum
1742 3004 1809 3056 ab
1855 3004 1970 3070 ipso
2003 3005 2319 3059 testularum

2429 3018 2491 3087 δή
2546 3037 2647 3071 που
2684 2998 2960 3088 διέφυγεν,
3022 2998 3137 3073 ἀλλ’
3188 3020 3434 3085 ἐξέπεσε.
3472 2998 3787 3093 Ιῖ-ροσθήσω⁷
3822 3028 3881 3079 δὲ
3929 2998 4014 3081 ὅτι

756 3087 1017 3155 sullragio
1045 3090 1443 3144 condemnatus
1470 3090 1606 3159 (86).
1641 3090 1747 3145 Sed
1774 3093 2104 3159 gubernator
2132 3095 2317 3149 omnia

756 3181 945 3244 novit;
974 3186 1027 3232 et
1057 3180 1232 3247 ipsum
1274 3181 1490 3248 quidem
1517 3182 1699 3248 plures
1724 3181 1864 3234 ultra
1901 3184 2048 3236 mille
2078 3198 2319 3248 servare,

753 3278 1027 3323 oratorem
1070 3284 1197 3324 vero
1253 3285 1356 3323 non
1399 3270 1671 3342 Egyptiis
1719 3274 1969 3339 navibus,
2017 3290 2116 3329 nec
2159 3276 2322 3329 etiam

755 3360 928 3414 classe
962 3369 1071 3414 tota
1109 3361 1338 3415 salutem
1369 3363 1618 3428 delinire,
1650 3366 1742 3418 sed
1777 3376 1830 3418 et
1865 3376 2050 3433 portus
2090 3368 2235 3436 ipsos
2271 3378 2324 3421 et

756 3450 939 3513 urbes,
964 3465 1069 3505 non
1113 3462 1322 3505 tantum
1348 3452 1533 3505 decem
1574 3454 1854 3509 hominum
1898 3457 2126 3511 millium
2162 3474 2323 3526 capa-

756 3554 868 3603 ces,
902 3555 1000 3609 pro
1026 3542 1250 3595 navibus
1273 3544 1456 3596 decem
1484 3544 1710 3597 millium
1736 3548 1931 3613 pondo,
1957 3562 2141 3600 verum
2160 3550 2323 3602 etiam

755 3646 865 3684 non
908 3630 1065 3685 facile
1099 3632 1199 3686 sub
1229 3648 1536 3687 mensuram
1574 3636 1831 3689 cadentes
1868 3651 1966 3691 suo
2003 3652 2191 3705 regere
2231 3640 2324 3692 im-

756 3721 928 3787 perio.
983 3723 1059 3774 Ac
1104 3724 1432 3789 gubernator
1473 3724 1695 3791 quidem
1750 3735 2036 3793 postquam
2082 3729 2321 3798 appulit,

756 3821 874 3866 arte
914 3828 1018 3866 non
1074 3814 1306 3882 amplius
1349 3815 1556 3879 utitur,
1600 3818 1802 3869 oratori
1850 3832 1980 3871 vero
2027 3822 2205 3873 nullus
2242 3831 2325 3874 est

754 3916 958 3956 vacuus
997 3903 1167 3957 locus.
1203 3903 1400 3958 Verum
1438 3921 1503 3958 ne
1545 3921 1723 3959 sermo
1765 3910 2001 3962 sermoni
2046 3915 2319 3974 succedat,

751 4007 874 4046 cum
922 3991 1188 4047 sulliciaut
1235 4008 1300 4046 ea
1339 4011 1458 4063 qua:
1516 4007 1641 4049 sunt
1686 3998 1915 4063 potiora,
1971 4003 2216 4055 omittam
2271 4006 2321 4059 in

752 4082 1041 4149 pra-sentis
1075 4082 1375 4150 longiorem
1406 4085 1505 4139 hac
1537 4087 1601 4139 de
1642 4101 1697 4140 re
1737 4086 1935 4157 520a
2000 4091 2323 4160 disputatio-

753 4188 897 4227 nem.
934 4172 1280 4228 Rhetoricarn
1318 4191 1413 4242 pcr
1445 4192 1635 4232 omnes
1666 4180 1924 4233 virtutum
1957 4194 2144 4251 partes
2161 4202 2322 4255 pene-

752 4274 918 4329 trare,
943 4282 1063 4319 eum
1094 4282 1190 4335 per
1217 4269 1559 4336 prudentiam
1595 4272 1667 4325 sit
1697 4272 1915 4326 inventa
1959 4289 2057 4343 pro
2083 4276 2318 4344 justitia,

2428 3104 2583 3172 οὗτός
2616 3128 2677 3179 γε
2709 3112 2859 3164 οὐδὲν
2890 3112 3228 3182 δικαστηρίῳ
3250 3113 3589 3184 δυστυχήσας
3638 3115 3826 3187 ὥσπερ
3870 3122 4014 3173 Μιλ-

2426 3201 2615 3270 τιάδης
2644 3200 2740 3253 καὶ
2796 3202 3088 3272 Περικλῆς,
3138 3204 3248 3255 οὐδ’
3305 3203 3411 3256 ὑπὸ
3441 3206 3646 3258 τούτων
3698 3202 3781 3270 οἷς
3835 3226 4012 3279 προσ-

2428 3292 2689 3361 έκρουσεν
2717 3292 2855 3361 ὑπὲρ
2882 3294 2991 3344 τῶν
3027 3294 3261 3357 πολλῶν,
3298 3294 3413 3348 ἀλλ’
3445 3297 3889 3367 ἐξοστρακισθεὶς
3921 3304 4012 3353 ὑπ’

2428 3381 2594 3434 αὑτοῦ
2650 3382 2744 3434 τοῦ
2786 3384 2981 3453 δήμου.
3043 3385 3261 3436 Ἐστι³¹
3308 3387 3365 3439 δέ
3419 3390 3511 3439 καὶ
3551 3391 3862 3461 κυϐερνήτῃ
3918 3396 4014 3445 καί

2429 3474 2591 3524 παντὶ
2622 3475 2854 3526 συνιδεῖν
2881 3475 2962 3526 ὅτι
2999 3473 3337 3545 κυϐερνήτης
3371 3478 3470 3547 μὲν
3513 3481 3663 3541 ὅστις
3718 3481 4013 3544 πλείστους

2428 3562 2713 3631 ἀθρόους³³
2745 3564 2948 3617 ἔσωσεν
2983 3566 3121 3634 ὑπὲρ
3148 3566 3193 3597 ³⁸
3218 3568 3445 3636 χιλίους,
3476 3570 3538 3621 τὸ
3568 3571 3623 3622 δὲ
3653 3570 3747 3623 τοῦ
3780 3574 3953 3643 ρήτορ
3988 3593 4013 3636 ς

2428 3653 2702 3723 πλήρωμα
2731 3654 2758 3706 ὃ
2789 3653 2949 3717 σώζει
2996 3656 3056 3707 ού
3092 3657 3233 3708 κατὰ
3284 3656 3417 3708 ναῦν
3465 3660 3614 3710 ἐστιν
3676 3664 4010 3727 Αἰγυπτίαν,

2426 3744 2547 3796 ούδέ
2577 3761 2637 3811 γε
2672 3744 2835 3815 [1264
2868 3744 2963 3817 IL]
3008 3748 3144 3808 ὅλως
3181 3751 3465 3817 μετρεῖται
3509 3750 3702 3819 στόλῳ,
3734 3753 3873 3805 ἀλλὰ
3920 3757 4014 3807 καὶ

2426 3834 2644 3903 λιμένες
2676 3836 2829 3888 αὐτοὶ
2854 3836 2898 3867 ⁸⁵
2928 3838 3024 3889 καὶ
3056 3838 3239 3899 πόλεις
3264 3840 3324 3891 οὐ
3363 3840 3676 3910 μυρίανδροι
3709 3844 3872 3911 μόνον
3894 3848 4013 3897 ἀντὶ

2424 3925 2534 3978 τῶν
2583 3927 2956 3997 μυριοφόρων,
3000 3928 3136 3981 ἀλλὰ
3192 3928 3285 3979 καὶ
3330 3932 3598 3999 μετρῆσαι
3638 3934 3901 4000 χαλεπαὶ,
3946 3941 4011 4005 τῇ

2423 4015 2522 4084 τῆς
2554 4019 2849 4087 ῥητορικῆς
2884 4019 3251 4071 ὑποπίπτουσι
3280 4021 3418 4092 τύχῃ
3445 4038 3505 4074 τε
3553 4025 3647 4095 καὶ
3677 4028 4010 4098 προστασίᾳ..

2426 4109 2535 4161 Καὶ
2561 4110 2588 4161 ό
2622 4109 2718 4177 μέν
2752 4127 2810 4176 γε
2825 4110 2870 4141 ⁸⁸
2919 4111 3259 4180 κυϐερνήτης
3307 4114 3555 4182 κατάρας
3583 4114 3767 4167 οὐκέτι
3811 4115 3928 4184 ἔχει
3964 4119 4012 4169 τί

2425 4200 2687 4267 Χρήσεται
2723 4202 2787 4269 τῇ
2818 4200 2981 4271 τέχνῃ
3007 4215 3021 4228 ⁸
3052 4199 3145 4251 τοῦ
3173 4200 3230 4251 δέ
3267 4203 3494 4271 ῥήτορος
3536 4203 3688 4255 οὐδέν
3729 4206 3849 4257 ἐστι
3907 4226 4012 4275 χω-

2429 4288 2541 4356 ρίον
2577 4290 2873 4357 ἐξαίρετον.
2942 4289 3080 4341 Ἀλλ’
3134 4291 3223 4342 ἵνα
3260 4290 3302 4321 ³⁷
3342 4291 3417 4361 μὴ
3446 4292 3601 4358 λόγος
3660 4296 3795 4362 ἡμῖν
3852 4296 4011 4363 λόγον

750 4359 1213 4428 temperantiaque
1241 4371 1296 4413 et
1336 4360 1653 4416 fortitudine
1684 4378 2057 4423 conservetur.
2100 4370 2232 4425 Item
2265 4383 2321 4426 et

2427 4375 2729 4444 ἐκδέξηται,
2752 4378 3036 4446 ἀγαπητὸν
3065 4376 3123 4428 ὃν
3154 4380 3202 4430 εί
3242 4380 3336 4431 καὶ
3365 4359 3475 4441 τοῖς
3508 4359 3823 4451 ἐπικαίροις
3848 4359 4011 4454 ἐξαρ-

748 4449 800 4501 iu
852 4450 937 4502 bis
992 4449 1119 4503 licet
1154 4452 1607 4507 animadvertere.
1653 4454 1866 4509 Etenim
1927 4472 2050 4511 cum
2094 4462 2166 4514 sit
2215 4463 2318 4517 hoc

745 4537 1079 4602 concionari,
1097 4555 1157 4593 ea
1183 4542 1382 4609 quibus
1400 4557 1534 4609 opus
1550 4553 1633 4597 est
1654 4546 1901 4600 invenire
1923 4562 1983 4601 ac
2004 4550 2313 4619 disponere,

746 4640 810 4679 ac
834 4629 1092 4682 decorum
1124 4644 1244 4683 cum
1282 4643 1477 4685 ornatu
1516 4643 1568 4687 et
1595 4644 1863 4701 potestate
1888 4638 2200 4704 observare,
2232 4643 2316 4695 in-

745 4718 929 4773 ventio
954 4719 1168 4787 quidem
1202 4722 1503 4789 prudentia.-
1546 4723 1795 4787 debetur,
1836 4740 1959 4780 cum
1997 4742 2232 4797 nequeat
2273 4733 2349 4785 is‘

743 4808 837 4875 qui
869 4810 1151 4877 prodeuntia
1182 4820 1389 4875 careat,
1425 4813 1553 4866 utile
1577 4815 1867 4882 quidquam
1892 4817 2156 4884 invenire,
2184 4833 2316 4874 tem-

742 4900 984 4966 perantia
1029 4916 1157 4954 vero
1198 4902 1657 4957 administrationi
1700 4915 1914 4973 praeest,
1956 4919 2007 4961 ct
2042 4910 2313 4979 imperau-

2426 4466 2711 4534 κέσαιμεν,
2739 4466 2812 4518 ἐῶ
2840 4468 2900 4519 τὺ
2925 4466 3020 4519 νῦν
3047 4464 3185 4520 εἴναι
3211 4469 3307 4537 τὴν
3338 4470 3475 4541 ὑπὲρ
3506 4471 3694 4523 τούτου
3718 4472 4007 4545 διαφορά-ι.

2429 4554 2555 4625 [685
2592 4555 2683 4627 11.]
2720 4558 2841 4610 Ὅτι
2888 4558 2991 4627 ὴ³⁸
3049 4560 3313 4630 ῥητορικὴ
3361 4560 3449 4614 διὰ
3505 4564 3722 4616 πάντων
3755 4566 3867 4617 τῶν
3912 4572 4010 4636 τῆς

2423 4648 2621 4715 ἀρετῆς
2656 4646 2861 4716 μορίων
2886 4649 3083 4718 διήκει.
3124 4651 3383 4717 φρονήσει
3437 4653 3537 4719 μὲν
3572 4654 3885 4721 εὑρεθεῖσα,
3917 4660 4002 4708 εὐ-

2427 4736 2641 4805 ρεθεῖσα
2698 4736 2754 4789 δέ
2822 4738 2963 4811 ὑπὲρ
3013 4738 3385 4807 δικαιοσύνης,
3439 4742 3764 4813 σωφροσύνῃ
3798 4744 3855 4796 δὲ
3915 4747 4008 4797 καὶ

2421 4828 2644 4896 ἀνδρείᾳ
2677 4828 3055 4897 φυλαττομένη
3082 4831 3146 4882 ⁸⁹.
3178 4830 3347 4882 Τοῦτο
3384 4830 3438 4882 δὲ
3471 4834 3564 4884 καὶ
3610 4835 3750 4887 κατὰ
3780 4837 4005 4899 τούτους

2420 4919 2544 4980 τοὺς
2583 4917 2771 4985 λόγους
2808 4919 2922 4985 ιοῦς
2956 4919 3135 4985 μέλλω
3158 4920 3201 4951 ⁸⁰
3238 4922 3411 4974 εἰπεῖν
3435 4922 3624 4992 αὐτῆς]
3662 4926 3791 4977 ίδεῖν
3830 4926 4000 4980 ἔστιν.

2033 5088 2262 5147 νΛΙίΙᾹΞ
2299 5095 2705 5151 LECTIONES.

808 5196 848 5223 ιγ
872 5196 1038 5268 χῳρίς
1080 5214 1222 5259 τινος
1250 5200 1572 5268 προφάσεως
1600 5218 1709 5257 om.
1760 5208 1822 5259 A.
1902 5209 1945 5238 "

733 5265 1018 5331 τῆς-ἒξει
1050 5285 1082 5330 ς
1097 5305 1109 5318 .

735 5338 786 5369 ³⁸
811 5334 995 5386 τοῦτον
1025 5353 1135 5391 om.
1188 5338 1251 5390 A.

735 5408 780 5439 ³ο
810 5420 871 5471 γε
912 5421 1019 5457 utn.
1072 5407 1136 5457 Λ.
1205 5408 1254 5489 υ⁸¹
1296 5411 1557 5473 πεποίηκε
1607 5417 1667 5464 Λ.
1743 5417 1785 5444 ³¹
1831 5407 1943 5467 ἐστι
1999 5419 2075 5489 δέΙ
2117 5407 2168 5489 ρ’.
2218 5424 2335 5477 155.

1188 5215 1222 5259 »ς
1250 5212 1572 5268 προφάσεως
1600 5218 1709 5257 om.
1760 5212 1822 5259 Α.
1902 5212 1945 5238 ¹¹¹
1992 5212 2112 5263 οὑδέ
2161 5215 2376 5279 φαύλως
2406 5233 2515 5272 om.
2552 5221 2615 5273 A.
2700 5219 2742 5249 "
2773 5217 2889 5271 ἀλλ’
2928 5218 3072 5287 ἐνείη
3108 5235 3217 5273 om.
3254 5220 3319 5273 Α.
3399 5224 3443 5253 ’⁸
3485 5227 3595 5287 τοῖς
3631 5256 3697 5265 -
3726 5228 3872 5293 ἕξειν
3902 5236 3946 5284 Α

1188 5269 1230 5371 'A'
1259 5271 1635 5371 οὺεξξςλξίένῖ
1968 5279 2214 5371 aly-3a.,
2275 5287 2319 5371 ξ’
2346 5290 2745 5371 φανήσεταιᾙ).
2780 5287 2901 5371 lii).
2980 5289 3025 5318 "
3050 5288 3341 5371 γὰρξδἋε-
3399 5292 3449 5371 ’ξ
3475 5293 3759 5371 δείκνυμεν
3791 5315 3904 5353 οιιι,
3930 5303 3975 5355 Α

1397 5345 1578 5433 39:31}
1617 5362 1636 5433 ί
1677 5345 1917 5433 ούξένις.
1995 5351 2042 5433 ζῇ
2064 5345 2372 5433 papas;ng
2400 5345 2725 5433 τ’πρεεῖξις.
2800 5357 2852 5433 ξ·
2883 5373 2961 5433 γε,
2996 5345 3220 5433 ρηίξλ.
3298 5363 3342 5393 υ
3368 5364 3459 5414 καὶ
3487 5345 3749 5433 salsa;
3779 5345 3992 5424 5.3";

2700 5219 2742 5249 ¹⁹
2928 5218 3072 5293 ἐνείη
3098 5220 3319 5293 ,οιιιτῗιὶ
3399 5224 3443 5253 ’⁸
3485 5227 3595 5287 τοῖς
3631 5256 3697 5265 -
3726 5228 3872 5293 ἕξειν
3902 5236 3946 5284 Α
3981 5251 3993 5283 :

2432 5426 2476 5458 ιι
2525 5412 2739 5497 ἀθρόως,
2786 5426 2850 5480 Α.
2895 5412 3142 5497 ἰδιπὲρ
3192 5444 3303 5482 om.
3336 5412 3457 5486 Af"
3494 5412 3729 5487 me};
3781 5412 3873 5491 ὖὶὶἰ
3928 5412 3991 5493 Χῖ

733 5477 779 5513 ιι
808 5488 869 5535 γε
900 5490 1007 5527 om.
1041 5477 1102 5528 A.
1181 5477 1220 5508 ιτ
1256 5478 1369 5529 ἀλλ’
1403 5479 1509 5543 ειμι
1538 5500 1584 5547 ι».
1622 5484 1734 5535 1.37.
1816 5486 1857 5514 ει
1884 5488 1965 5537 ὅτι
1990 5477 2130 5558 +,}'p2
2166 5492 2282 5545 160.
2360 5495 2405 5527 ιο
2429 5477 2895 5567 φυλάἒσὸῖιένήῖτ.
2972 5496 3018 5526 ιο
3043 5477 3135 5559 σιξ
3171 5477 3544 5567 deﬁci—{inm
3575 5477 3748 5573 Ξῦὲξίς
3780 5477 3873 5563 Si;
3927 5477 3988 5562 XI

2251 5626 2480 5684 NO'I‘E.

2251 5626 2291 5677 Ν
2347 5630 2353 5637 .

805 5699 913 5769 (86)
954 5704 1081 5755 Vide
1113 5703 1456 5759 Plutarclmm
1483 5720 1527 5758 el
1567 5709 1821 5774 Probum,
1849 5728 1939 5764 suu
1977 5715 2140 5767 Corn.
2188 5624 2463 5782 Ncpglift.
