  <div class='ocr_page' id='page_1' title='image "/cluster/home/n/w/nwhite01/storage/ocr_20150623/103/nnc1.0046979689/785.png"; bbox 0 0 4216 6430; ppageno 0'>
   <div class='ocr_carea' id='block_1_1' title="bbox 750 394 886 461">
    <p class='ocr_par' dir='ltr' id='par_1_1' title="bbox 750 394 886 461">
     <span class='ocr_line' id='line_1_1' title="bbox 750 394 886 461; baseline -0.015 0"><span class='ocrx_word' id='word_1_1' title='bbox 750 394 886 461; x_wconf 78' lang='grc'>1523</span> 
     </span>
    </p>
   </div>
   <div class='ocr_carea' id='block_1_2' title="bbox 1898 406 2838 467">
    <p class='ocr_par' dir='ltr' id='par_1_2' title="bbox 1898 406 2838 467">
     <span class='ocr_line' id='line_1_2' title="bbox 1898 406 2838 467; baseline 0.001 -1"><span class='ocrx_word' id='word_1_2' title='bbox 1898 408 2165 467; x_wconf 80' lang='lat' dir='ltr'>I&#39;HOTII</span> <span class='ocrx_word' id='word_1_3' title='bbox 2199 406 2702 466; x_wconf 66' lang='lat' dir='ltr'>PATRIARCIUE</span> <span class='ocrx_word' id='word_1_4' title='bbox 2730 409 2838 467; x_wconf 87' lang='lat' dir='ltr'>CP.</span> 
     </span>
    </p>
   </div>
   <div class='ocr_carea' id='block_1_3' title="bbox 3878 411 4020 474">
    <p class='ocr_par' dir='ltr' id='par_1_3' title="bbox 3878 411 4020 474">
     <span class='ocr_line' id='line_1_3' title="bbox 3878 411 4020 474; baseline -0.014 0"><span class='ocrx_word' id='word_1_5' title='bbox 3878 411 4020 474; x_wconf 69' lang='grc'>1524</span> 
     </span>
    </p>
   </div>
   <div class='ocr_carea' id='block_1_4' title="bbox 743 510 2325 587">
    <p class='ocr_par' dir='ltr' id='par_1_4' title="bbox 743 510 2309 573">
     <span class='ocr_line' id='line_1_4' title="bbox 743 510 2309 573; baseline 0.005 -12"><span class='ocrx_word' id='word_1_6' title='bbox 743 512 889 564; x_wconf 76' lang='lat' dir='ltr'><strong>dicta</strong></span> <span class='ocrx_word' id='word_1_7' title='bbox 936 520 1079 565; x_wconf 74' lang='lat' dir='ltr'><strong>sunt.</strong></span> <span class='ocrx_word' id='word_1_8' title='bbox 1136 510 1259 567; x_wconf 65' lang='lat' dir='ltr'><strong>llaac</strong></span> <span class='ocrx_word' id='word_1_9' title='bbox 1299 514 1403 567; x_wconf 90' lang='lat' dir='ltr'>duo</span> <span class='ocrx_word' id='word_1_10' title='bbox 1438 529 1563 568; x_wconf 83' lang='lat' dir='ltr'><strong>vero</strong></span> <span class='ocrx_word' id='word_1_11' title='bbox 1598 518 1831 570; x_wconf 77' lang='lat' dir='ltr'><strong>maxime</strong></span> <span class='ocrx_word' id='word_1_12' title='bbox 1867 519 2191 573; x_wconf 74' lang='lat' dir='ltr'>rhetoricam</span> <span class='ocrx_word' id='word_1_13' title='bbox 2228 520 2309 569; x_wconf 88' lang='lat' dir='ltr'><strong>di-</strong></span> 
     </span>
    </p>
   </div>
   <div class='ocr_carea' id='block_1_5' title="bbox 2421 510 4013 587">
    <p class='ocr_par' dir='ltr' id='par_1_5' title="bbox 2421 517 4013 587">
     <span class='ocr_line' id='line_1_5' title="bbox 2421 517 4013 587; baseline 0.003 -20"><span class='ocrx_word' id='word_1_14' title='bbox 2421 518 2613 585; x_wconf 74' lang='grc' dir='ltr'>μικρὸν</span> <span class='ocrx_word' id='word_1_15' title='bbox 2642 518 2976 585; x_wconf 79' lang='grc' dir='ltr'>ἀνήχθησαν.</span> <span class='ocrx_word' id='word_1_16' title='bbox 3010 517 3118 569; x_wconf 76' lang='grc' dir='ltr'>Καὶ</span> <span class='ocrx_word' id='word_1_17' title='bbox 3148 519 3176 569; x_wconf 91' lang='grc' dir='ltr'>ό</span> <span class='ocrx_word' id='word_1_18' title='bbox 3197 518 3242 549; x_wconf 85' lang='grc'><strong>⁴⁸</strong></span> <span class='ocrx_word' id='word_1_19' title='bbox 3272 517 3443 587; x_wconf 75' lang='grc' dir='ltr'>μῦθος</span> <span class='ocrx_word' id='word_1_20' title='bbox 3476 521 3577 587; x_wconf 81' lang='grc' dir='ltr'>μὲν</span> <span class='ocrx_word' id='word_1_21' title='bbox 3611 522 3742 587; x_wconf 82' lang='grc' dir='ltr'>ἡμῖν</span> <span class='ocrx_word' id='word_1_22' title='bbox 3800 521 4013 587; x_wconf 67' lang='grc' dir='ltr'>ταύτην</span> 
     </span>
    </p>
   </div>
   <div class='ocr_carea' id='block_1_6' title="bbox 745 604 2307 675">
    <p class='ocr_par' dir='ltr' id='par_1_6' title="bbox 745 604 2307 675">
     <span class='ocr_line' id='line_1_6' title="bbox 745 604 2307 675; baseline 0.003 -19"><span class='ocrx_word' id='word_1_23' title='bbox 745 608 883 665; x_wconf 73' lang='lat' dir='ltr'><strong>luit,</strong></span> <span class='ocrx_word' id='word_1_24' title='bbox 914 612 970 655; x_wconf 87' lang='lat' dir='ltr'>et</span> <span class='ocrx_word' id='word_1_25' title='bbox 1015 617 1138 656; x_wconf 91' lang='lat' dir='ltr'>cum</span> <span class='ocrx_word' id='word_1_26' title='bbox 1180 604 1429 666; x_wconf 86' lang='lat' dir='ltr'><strong>utilitate,</strong></span> <span class='ocrx_word' id='word_1_27' title='bbox 1474 608 1704 675; x_wconf 80' lang='lat' dir='ltr'><strong>gratiam</strong></span> <span class='ocrx_word' id='word_1_28' title='bbox 1742 609 2051 673; x_wconf 79' lang='lat' dir='ltr'><strong>mirabilem</strong></span> <span class='ocrx_word' id='word_1_29' title='bbox 2093 610 2307 673; x_wconf 86' lang='lat' dir='ltr'><strong>habent,</strong></span> 
     </span>
    </p>
   </div>
   <div class='ocr_carea' id='block_1_7' title="bbox 745 693 2315 766">
    <p class='ocr_par' dir='ltr' id='par_1_7' title="bbox 745 693 2315 766">
     <span class='ocr_line' id='line_1_7' title="bbox 745 693 2315 766; baseline 0.004 -21"><span class='ocrx_word' id='word_1_30' title='bbox 745 702 805 745; x_wconf 88' lang='lat' dir='ltr'>ut</span> <span class='ocrx_word' id='word_1_31' title='bbox 857 708 980 746; x_wconf 90' lang='lat' dir='ltr'>cum</span> <span class='ocrx_word' id='word_1_32' title='bbox 1030 693 1097 745; x_wconf 80' lang='lat' dir='ltr'>ad</span> <span class='ocrx_word' id='word_1_33' title='bbox 1144 708 1295 747; x_wconf 78' lang='lat' dir='ltr'><strong>arma</strong></span> <span class='ocrx_word' id='word_1_34' title='bbox 1349 696 1592 750; x_wconf 85' lang='lat' dir='ltr'><strong>homines</strong></span> <span class='ocrx_word' id='word_1_35' title='bbox 1647 700 2004 763; x_wconf 86' lang='lat' dir='ltr'><strong>descendunt,</strong></span> <span class='ocrx_word' id='word_1_36' title='bbox 2058 702 2315 766; x_wconf 87' lang='lat' dir='ltr'><strong>utrinque</strong></span> 
     </span>
    </p>
   </div>
   <div class='ocr_carea' id='block_1_8' title="bbox 746 783 2312 857">
    <p class='ocr_par' dir='ltr' id='par_1_8' title="bbox 746 783 2312 857">
     <span class='ocr_line' id='line_1_8' title="bbox 746 783 2312 857; baseline 0.005 -24"><span class='ocrx_word' id='word_1_37' title='bbox 746 784 941 837; x_wconf 87' lang='lat' dir='ltr'><strong>missos</strong></span> <span class='ocrx_word' id='word_1_38' title='bbox 966 783 1171 852; x_wconf 72' lang='lat' dir='ltr'><strong>legatos</strong></span> <span class='ocrx_word' id='word_1_39' title='bbox 1206 785 1531 852; x_wconf 81' lang='lat' dir='ltr'><strong>suscipiunt,</strong></span> <span class='ocrx_word' id='word_1_40' title='bbox 1557 789 2164 857; x_wconf 83' lang='lat' dir='ltr'><strong>animadvertentesque</strong></span> <span class='ocrx_word' id='word_1_41' title='bbox 2192 791 2312 841; x_wconf 90' lang='lat' dir='ltr'><strong>mit-</strong></span> 
     </span>
    </p>
   </div>
   <div class='ocr_carea' id='block_1_9' title="bbox 746 876 2317 947">
    <p class='ocr_par' dir='ltr' id='par_1_9' title="bbox 746 876 2317 947">
     <span class='ocr_line' id='line_1_9' title="bbox 746 876 2317 947; baseline 0.003 -19"><span class='ocrx_word' id='word_1_42' title='bbox 746 883 865 928; x_wconf 82' lang='lat' dir='ltr'><strong>tunt</strong></span> <span class='ocrx_word' id='word_1_43' title='bbox 912 884 1180 938; x_wconf 85' lang='lat' dir='ltr'><strong>oratores,</strong></span> <span class='ocrx_word' id='word_1_44' title='bbox 1221 876 1573 942; x_wconf 75' lang='lat' dir='ltr'><strong>suscipientes</strong></span> <span class='ocrx_word' id='word_1_45' title='bbox 1610 880 1873 933; x_wconf 90' lang='lat' dir='ltr'><strong>orationis</strong></span> <span class='ocrx_word' id='word_1_46' title='bbox 1916 892 2187 941; x_wconf 86' lang='lat' dir='ltr'><strong>naturam,</strong></span> <span class='ocrx_word' id='word_1_47' title='bbox 2220 896 2317 947; x_wconf 78' lang='lat' dir='ltr'><strong>pu—</strong></span> 
     </span>
    </p>
   </div>
   <div class='ocr_carea' id='block_1_10' title="bbox 744 966 2313 1038">
    <p class='ocr_par' dir='ltr' id='par_1_10' title="bbox 744 966 2313 1038">
     <span class='ocr_line' id='line_1_10' title="bbox 744 966 2313 1038; baseline 0.003 -19"><span class='ocrx_word' id='word_1_48' title='bbox 744 969 876 1019; x_wconf 84' lang='lat' dir='ltr'><strong>dore</strong></span> <span class='ocrx_word' id='word_1_49' title='bbox 906 966 1105 1031; x_wconf 81' lang='lat' dir='ltr'><strong>ail‘ecti,</strong></span> <span class='ocrx_word' id='word_1_50' title='bbox 1139 970 1265 1034; x_wconf 84' lang='lat' dir='ltr'><strong>quia</strong></span> <span class='ocrx_word' id='word_1_51' title='bbox 1297 983 1405 1021; x_wconf 87' lang='lat' dir='ltr'>non</span> <span class='ocrx_word' id='word_1_52' title='bbox 1449 970 1515 1021; x_wconf 86' lang='lat' dir='ltr'>ab</span> <span class='ocrx_word' id='word_1_53' title='bbox 1558 971 1715 1023; x_wconf 89' lang='lat' dir='ltr'><strong>initio</strong></span> <span class='ocrx_word' id='word_1_54' title='bbox 1747 986 1843 1038; x_wconf 90' lang='lat' dir='ltr'>pro</span> <span class='ocrx_word' id='word_1_55' title='bbox 1878 972 2069 1031; x_wconf 76' lang='lat' dir='ltr'><strong>salute,</strong></span> <span class='ocrx_word' id='word_1_56' title='bbox 2107 973 2313 1025; x_wconf 83' lang='lat' dir='ltr'><strong>utilita-</strong></span> 
     </span>
    </p>
   </div>
   <div class='ocr_carea' id='block_1_11' title="bbox 743 1057 2315 1129">
    <p class='ocr_par' dir='ltr' id='par_1_11' title="bbox 743 1057 2315 1129">
     <span class='ocr_line' id='line_1_11' title="bbox 743 1057 2315 1129; baseline 0.004 -21"><span class='ocrx_word' id='word_1_57' title='bbox 743 1064 901 1123; x_wconf 87' lang='lat' dir='ltr'><strong>teque</strong></span> <span class='ocrx_word' id='word_1_58' title='bbox 926 1060 1197 1109; x_wconf 88' lang='lat' dir='ltr'><strong>couununi</strong></span> <span class='ocrx_word' id='word_1_59' title='bbox 1230 1057 1444 1123; x_wconf 75' lang='lat' dir='ltr'>generis</span> <span class='ocrx_word' id='word_1_60' title='bbox 1476 1070 1756 1111; x_wconf 85' lang='lat' dir='ltr'><strong>venerunt.</strong></span> <span class='ocrx_word' id='word_1_61' title='bbox 1785 1058 1935 1124; x_wconf 83' lang='lat' dir='ltr'><strong>Quod</strong></span> <span class='ocrx_word' id='word_1_62' title='bbox 1974 1061 2017 1113; x_wconf 88' lang='lat' dir='ltr'><strong>si</strong></span> <span class='ocrx_word' id='word_1_63' title='bbox 2055 1062 2178 1129; x_wconf 84' lang='lat' dir='ltr'><strong>quis</strong></span> <span class='ocrx_word' id='word_1_64' title='bbox 2220 1063 2315 1114; x_wconf 85' lang='lat' dir='ltr'><strong>ob-</strong></span> 
     </span>
    </p>
   </div>
   <div class='ocr_carea' id='block_1_12' title="bbox 736 1145 2316 1217">
    <p class='ocr_par' dir='ltr' id='par_1_12' title="bbox 736 1145 2316 1217">
     <span class='ocr_line' id='line_1_12' title="bbox 736 1145 2316 1217; baseline 0.005 -20"><span class='ocrx_word' id='word_1_65' title='bbox 736 1146 891 1209; x_wconf 83' lang='lat' dir='ltr'><strong>jiciat</strong></span> <span class='ocrx_word' id='word_1_66' title='bbox 946 1145 1225 1200; x_wconf 73' lang='lat' dir='ltr'><strong>Platonem</strong></span> <span class='ocrx_word' id='word_1_67' title='bbox 1298 1162 1402 1200; x_wconf 90' lang='lat' dir='ltr'>non</span> <span class='ocrx_word' id='word_1_68' title='bbox 1454 1163 1573 1201; x_wconf 90' lang='lat' dir='ltr'>eam</span> <span class='ocrx_word' id='word_1_69' title='bbox 1612 1164 1771 1217; x_wconf 85' lang='lat' dir='ltr'><strong>quam</strong></span> <span class='ocrx_word' id='word_1_70' title='bbox 1834 1167 1929 1205; x_wconf 85' lang='lat' dir='ltr'>nos</span> <span class='ocrx_word' id='word_1_71' title='bbox 1976 1152 2316 1205; x_wconf 81' lang='lat' dir='ltr'><strong>defendimus</strong></span> 
     </span>
    </p>
   </div>
   <div class='ocr_carea' id='block_1_13' title="bbox 743 1237 2313 1308">
    <p class='ocr_par' dir='ltr' id='par_1_13' title="bbox 743 1237 2313 1308">
     <span class='ocr_line' id='line_1_13' title="bbox 743 1237 2313 1308; baseline 0.005 -20"><span class='ocrx_word' id='word_1_72' title='bbox 743 1237 1074 1289; x_wconf 73' lang='lat' dir='ltr'><strong>rhetoricam</strong></span> <span class='ocrx_word' id='word_1_73' title='bbox 1100 1237 1402 1301; x_wconf 89' lang='lat' dir='ltr'><strong>criminari,</strong></span> <span class='ocrx_word' id='word_1_74' title='bbox 1429 1241 1520 1292; x_wconf 90' lang='lat' dir='ltr'>sed</span> <span class='ocrx_word' id='word_1_75' title='bbox 1540 1243 1792 1295; x_wconf 85' lang='lat' dir='ltr'><strong>eduabus</strong></span> <span class='ocrx_word' id='word_1_76' title='bbox 1814 1243 2058 1307; x_wconf 90' lang='lat' dir='ltr'><strong>alteram,</strong></span> <span class='ocrx_word' id='word_1_77' title='bbox 2083 1244 2313 1308; x_wconf 90' lang='lat' dir='ltr'><strong>primum</strong></span> 
     </span>
    </p>
   </div>
   <div class='ocr_carea' id='block_1_14' title="bbox 741 1328 2314 1398">
    <p class='ocr_par' dir='ltr' id='par_1_14' title="bbox 741 1328 2314 1398">
     <span class='ocr_line' id='line_1_14' title="bbox 741 1328 2314 1398; baseline 0.003 -19"><span class='ocrx_word' id='word_1_78' title='bbox 741 1342 846 1379; x_wconf 90' lang='lat' dir='ltr'>non</span> <span class='ocrx_word' id='word_1_79' title='bbox 877 1328 995 1380; x_wconf 87' lang='lat' dir='ltr'><strong>ideo</strong></span> <span class='ocrx_word' id='word_1_80' title='bbox 1027 1328 1205 1381; x_wconf 87' lang='lat' dir='ltr'><strong>minus</strong></span> <span class='ocrx_word' id='word_1_81' title='bbox 1238 1344 1299 1381; x_wconf 90' lang='lat' dir='ltr'>ea</span> <span class='ocrx_word' id='word_1_82' title='bbox 1331 1345 1449 1397; x_wconf 73' lang='lat' dir='ltr'><strong>qua:</strong></span> <span class='ocrx_word' id='word_1_83' title='bbox 1475 1342 1601 1385; x_wconf 88' lang='lat' dir='ltr'><strong>sunt</strong></span> <span class='ocrx_word' id='word_1_84' title='bbox 1626 1348 1655 1385; x_wconf 78' lang='grc' dir='ltr'><strong><em>ι</em></strong></span> <span class='ocrx_word' id='word_1_85' title='bbox 1686 1333 1839 1386; x_wconf 92' lang='lat' dir='ltr'><strong>nobis</strong></span> <span class='ocrx_word' id='word_1_86' title='bbox 1867 1334 2007 1386; x_wconf 89' lang='lat' dir='ltr'><strong>dicta</strong></span> <span class='ocrx_word' id='word_1_87' title='bbox 2042 1345 2314 1398; x_wconf 72' lang='lat' dir='ltr'><strong>constant,</strong></span> 
     </span>
    </p>
   </div>
   <div class='ocr_carea' id='block_1_15' title="bbox 742 1415 2317 1486">
    <p class='ocr_par' dir='ltr' id='par_1_15' title="bbox 742 1415 2317 1486">
     <span class='ocr_line' id='line_1_15' title="bbox 742 1415 2317 1486; baseline 0.006 -18"><span class='ocrx_word' id='word_1_88' title='bbox 742 1415 943 1486; x_wconf 57' lang='lat' dir='ltr'>531a</span> <span class='ocrx_word' id='word_1_89' title='bbox 970 1418 1064 1470; x_wconf 82' lang='lat' dir='ltr'>sed</span> <span class='ocrx_word' id='word_1_90' title='bbox 1116 1419 1217 1471; x_wconf 88' lang='lat' dir='ltr'>hac</span> <span class='ocrx_word' id='word_1_91' title='bbox 1249 1419 1360 1485; x_wconf 89' lang='lat' dir='ltr'><strong>ipsa</strong></span> <span class='ocrx_word' id='word_1_92' title='bbox 1393 1420 1460 1473; x_wconf 87' lang='lat' dir='ltr'>de</span> <span class='ocrx_word' id='word_1_93' title='bbox 1489 1435 1649 1474; x_wconf 86' lang='lat' dir='ltr'><strong>causa</strong></span> <span class='ocrx_word' id='word_1_94' title='bbox 1702 1433 1849 1476; x_wconf 89' lang='lat' dir='ltr'><strong>recte</strong></span> <span class='ocrx_word' id='word_1_95' title='bbox 1885 1426 2063 1477; x_wconf 86' lang='lat' dir='ltr'><strong>omnia</strong></span> <span class='ocrx_word' id='word_1_96' title='bbox 2116 1425 2317 1479; x_wconf 85' lang='lat' dir='ltr'><strong>decen-</strong></span> 
     </span>
    </p>
   </div>
   <div class='ocr_carea' id='block_1_16' title="bbox 743 1506 2317 1578">
    <p class='ocr_par' dir='ltr' id='par_1_16' title="bbox 743 1506 2317 1578">
     <span class='ocr_line' id='line_1_16' title="bbox 743 1506 2317 1578; baseline 0.006 -21"><span class='ocrx_word' id='word_1_97' title='bbox 743 1518 933 1573; x_wconf 89' lang='lat' dir='ltr'><strong>terque</strong></span> <span class='ocrx_word' id='word_1_98' title='bbox 982 1506 1188 1573; x_wconf 84' lang='lat' dir='ltr'><strong>prolata</strong></span> <span class='ocrx_word' id='word_1_99' title='bbox 1240 1509 1493 1562; x_wconf 73' lang='lat' dir='ltr'><strong>vincitur.</strong></span> <span class='ocrx_word' id='word_1_100' title='bbox 1539 1508 1673 1563; x_wconf 83' lang='lat' dir='ltr'><strong>Nam</strong></span> <span class='ocrx_word' id='word_1_101' title='bbox 1722 1515 2181 1578; x_wconf 80' lang='lat' dir='ltr'><strong>quemadmodum</strong></span> <span class='ocrx_word' id='word_1_102' title='bbox 2229 1516 2317 1567; x_wconf 94' lang='lat' dir='ltr'><strong>ille</strong></span> 
     </span>
    </p>
   </div>
   <div class='ocr_carea' id='block_1_17' title="bbox 739 1597 2320 1665">
    <p class='ocr_par' dir='ltr' id='par_1_17' title="bbox 739 1597 2320 1665">
     <span class='ocr_line' id='line_1_17' title="bbox 739 1597 2320 1665; baseline 0.006 -17"><span class='ocrx_word' id='word_1_103' title='bbox 739 1597 937 1649; x_wconf 85' lang='lat' dir='ltr'><strong>malam</strong></span> <span class='ocrx_word' id='word_1_104' title='bbox 965 1608 1111 1650; x_wconf 90' lang='lat' dir='ltr'><strong>recte</strong></span> <span class='ocrx_word' id='word_1_105' title='bbox 1140 1598 1413 1665; x_wconf 79' lang='lat' dir='ltr'><strong>suggillat,</strong></span> <span class='ocrx_word' id='word_1_106' title='bbox 1453 1600 1528 1652; x_wconf 89' lang='lat' dir='ltr'>ita</span> <span class='ocrx_word' id='word_1_107' title='bbox 1573 1616 1670 1654; x_wconf 78' lang='lat' dir='ltr'>nos</span> <span class='ocrx_word' id='word_1_108' title='bbox 1701 1618 1820 1653; x_wconf 89' lang='lat' dir='ltr'>cum</span> <span class='ocrx_word' id='word_1_109' title='bbox 1852 1606 2180 1656; x_wconf 85' lang='lat' dir='ltr'><strong>contrariam</strong></span> <span class='ocrx_word' id='word_1_110' title='bbox 2214 1606 2320 1658; x_wconf 88' lang='lat' dir='ltr'><strong>lau-</strong></span> 
     </span>
    </p>
   </div>
   <div class='ocr_carea' id='block_1_18' title="bbox 739 1683 2318 1745">
    <p class='ocr_par' dir='ltr' id='par_1_18' title="bbox 739 1683 2318 1745">
     <span class='ocr_line' id='line_1_18' title="bbox 739 1683 2318 1745; baseline 0.007 -11"><span class='ocrx_word' id='word_1_111' title='bbox 739 1683 949 1744; x_wconf 83' lang='lat' dir='ltr'><strong>damus,</strong></span> <span class='ocrx_word' id='word_1_112' title='bbox 974 1694 1141 1743; x_wconf 88' lang='lat' dir='ltr'><strong>recte,</strong></span> <span class='ocrx_word' id='word_1_113' title='bbox 1164 1685 1215 1735; x_wconf 90' lang='lat' dir='ltr'>ui</span> <span class='ocrx_word' id='word_1_114' title='bbox 1238 1683 1416 1743; x_wconf 80' lang='lat' dir='ltr'><strong>fallor,</strong></span> <span class='ocrx_word' id='word_1_115' title='bbox 1434 1684 1684 1737; x_wconf 79' lang='lat' dir='ltr'><strong>faciams.</strong></span> <span class='ocrx_word' id='word_1_116' title='bbox 1709 1686 1905 1741; x_wconf 86' lang='lat' dir='ltr'><strong>Deinde</strong></span> <span class='ocrx_word' id='word_1_117' title='bbox 1927 1704 2032 1742; x_wconf 91' lang='lat' dir='ltr'>non</span> <span class='ocrx_word' id='word_1_118' title='bbox 2054 1692 2191 1744; x_wconf 89' lang='lat' dir='ltr'><strong>tollit</strong></span> <span class='ocrx_word' id='word_1_119' title='bbox 2207 1693 2318 1745; x_wconf 65' lang='lat' dir='ltr'><strong>haec</strong></span> 
     </span>
    </p>
   </div>
   <div class='ocr_carea' id='block_1_19' title="bbox 736 1772 2314 1845">
    <p class='ocr_par' dir='ltr' id='par_1_19' title="bbox 736 1772 2314 1845">
     <span class='ocr_line' id='line_1_19' title="bbox 736 1772 2314 1845; baseline 0.005 -21"><span class='ocrx_word' id='word_1_120' title='bbox 736 1772 1018 1825; x_wconf 81' lang='lat' dir='ltr'><strong>excusatio</strong></span> <span class='ocrx_word' id='word_1_121' title='bbox 1052 1781 1297 1824; x_wconf 85' lang='lat' dir='ltr'><strong>nostrain</strong></span> <span class='ocrx_word' id='word_1_122' title='bbox 1329 1774 1702 1840; x_wconf 84' lang='lat' dir='ltr'><strong>probationem</strong></span> <span class='ocrx_word' id='word_1_123' title='bbox 1735 1777 1936 1841; x_wconf 71' lang='lat' dir='ltr'><strong>potius,</strong></span> <span class='ocrx_word' id='word_1_124' title='bbox 1983 1792 2149 1845; x_wconf 89' lang='lat' dir='ltr'><strong>quam</strong></span> <span class='ocrx_word' id='word_1_125' title='bbox 2192 1793 2314 1831; x_wconf 87' lang='lat' dir='ltr'>eum</span> 
     </span>
    </p>
   </div>
   <div class='ocr_carea' id='block_1_20' title="bbox 2424 603 4017 678">
    <p class='ocr_par' dir='ltr' id='par_1_20' title="bbox 2424 603 4017 678">
     <span class='ocr_line' id='line_1_20' title="bbox 2424 603 4017 678; baseline 0.001 -20"><span class='ocrx_word' id='word_1_126' title='bbox 2424 608 2595 674; x_wconf 79' lang='grc' dir='ltr'>ἐχέτω</span> <span class='ocrx_word' id='word_1_127' title='bbox 2627 607 2727 672; x_wconf 77' lang='grc' dir='ltr'>τὴν</span> <span class='ocrx_word' id='word_1_128' title='bbox 2766 607 3044 675; x_wconf 77' lang='grc' dir='ltr'>τελευτὴν,</span> <span class='ocrx_word' id='word_1_129' title='bbox 3084 603 3239 677; x_wconf 78' lang='grc' dir='ltr'>οἶμαι</span> <span class='ocrx_word' id='word_1_130' title='bbox 3274 609 3519 678; x_wconf 83' lang='grc' dir='ltr'>κεφαλὴν</span> <span class='ocrx_word' id='word_1_131' title='bbox 3550 610 3703 661; x_wconf 74' lang='grc' dir='ltr'>οὑδὶν</span> <span class='ocrx_word' id='word_1_132' title='bbox 3725 611 3770 640; x_wconf 66' lang='grc' dir='ltr'>’θ</span> <span class='ocrx_word' id='word_1_133' title='bbox 3807 611 4017 676; x_wconf 74' lang='grc' dir='ltr'>ἄτιμον</span> 
     </span>
    </p>
   </div>
   <div class='ocr_carea' id='block_1_21' title="bbox 2419 696 4016 767">
    <p class='ocr_par' dir='ltr' id='par_1_21' title="bbox 2419 696 4016 767">
     <span class='ocr_line' id='line_1_21' title="bbox 2419 696 4016 767; baseline -0.001 -17"><span class='ocrx_word' id='word_1_134' title='bbox 2419 698 2680 766; x_wconf 74' lang='grc' dir='ltr'>εἰληφώς.</span> <span class='ocrx_word' id='word_1_135' title='bbox 2702 696 2866 767; x_wconf 70' lang='grc'>[1265</span> <span class='ocrx_word' id='word_1_136' title='bbox 2896 696 2989 767; x_wconf 58' lang='grc' dir='ltr'>ιι]</span> <span class='ocrx_word' id='word_1_137' title='bbox 3020 698 3141 748; x_wconf 76' lang='grc' dir='ltr'>Ὅτι</span> <span class='ocrx_word' id='word_1_138' title='bbox 3169 698 3225 749; x_wconf 72' lang='grc' dir='ltr'>δέ</span> <span class='ocrx_word' id='word_1_139' title='bbox 3243 698 3345 749; x_wconf 83' lang='grc' dir='ltr'>οὐκ</span> <span class='ocrx_word' id='word_1_140' title='bbox 3365 698 3538 758; x_wconf 67' lang='grc' dir='ltr'>ἄλλως</span> <span class='ocrx_word' id='word_1_141' title='bbox 3572 696 3740 766; x_wconf 75' lang='grc' dir='ltr'>μυθος</span> <span class='ocrx_word' id='word_1_142' title='bbox 3762 701 3807 730; x_wconf 84' lang='grc'><strong>⁷⁸</strong></span> <span class='ocrx_word' id='word_1_143' title='bbox 3833 699 4016 751; x_wconf 83' lang='grc' dir='ltr'>ταῦτα</span> 
     </span>
    </p>
   </div>
   <div class='ocr_carea' id='block_1_22' title="bbox 2420 784 4015 856">
    <p class='ocr_par' dir='ltr' id='par_1_22' title="bbox 2420 784 4015 856">
     <span class='ocr_line' id='line_1_22' title="bbox 2420 784 4015 856; baseline -0.002 -17"><span class='ocrx_word' id='word_1_144' title='bbox 2420 786 2547 856; x_wconf 66' lang='grc'>[684</span> <span class='ocrx_word' id='word_1_145' title='bbox 2584 786 2674 855; x_wconf 80' lang='grc'>11.]</span> <span class='ocrx_word' id='word_1_146' title='bbox 2704 785 2810 837; x_wconf 73' lang='grc' dir='ltr'>οὐδ’</span> <span class='ocrx_word' id='word_1_147' title='bbox 2840 786 2993 853; x_wconf 88' lang='grc' dir='ltr'>δναρ,</span> <span class='ocrx_word' id='word_1_148' title='bbox 3029 784 3142 835; x_wconf 79' lang='grc' dir='ltr'>ἀλλ’</span> <span class='ocrx_word' id='word_1_149' title='bbox 3181 785 3326 852; x_wconf 81' lang='grc' dir='ltr'>ὕπαρ</span> <span class='ocrx_word' id='word_1_150' title='bbox 3348 786 3441 837; x_wconf 83' lang='grc' dir='ltr'>καὶ</span> <span class='ocrx_word' id='word_1_151' title='bbox 3468 788 3497 837; x_wconf 82' lang='grc' dir='ltr'>ό</span> <span class='ocrx_word' id='word_1_152' title='bbox 3526 788 3636 838; x_wconf 86' lang='grc' dir='ltr'>τῶν</span> <span class='ocrx_word' id='word_1_153' title='bbox 3667 788 4015 855; x_wconf 76' lang='grc' dir='ltr'>πραγμάτων</span> 
     </span>
    </p>
   </div>
   <div class='ocr_carea' id='block_1_23' title="bbox 2418 876 4012 943">
    <p class='ocr_par' dir='ltr' id='par_1_23' title="bbox 2418 876 4012 943">
     <span class='ocr_line' id='line_1_23' title="bbox 2418 876 4012 943; baseline -0.002 -13"><span class='ocrx_word' id='word_1_154' title='bbox 2418 878 2594 930; x_wconf 83' lang='grc' dir='ltr'>αὐτῶν</span> <span class='ocrx_word' id='word_1_155' title='bbox 2630 880 2747 927; x_wconf 88' lang='grc' dir='ltr'>ἐστι</span> <span class='ocrx_word' id='word_1_156' title='bbox 2798 876 2994 941; x_wconf 90' lang='grc' dir='ltr'>λόγος’,</span> <span class='ocrx_word' id='word_1_157' title='bbox 3040 876 3198 943; x_wconf 84' lang='grc' dir='ltr'>δῆλον</span> <span class='ocrx_word' id='word_1_158' title='bbox 3248 877 3306 939; x_wconf 82' lang='grc' dir='ltr'>ἑξ</span> <span class='ocrx_word' id='word_1_159' title='bbox 3347 878 3549 929; x_wconf 82' lang='grc' dir='ltr'>αὐτῶν.</span> <span class='ocrx_word' id='word_1_160' title='bbox 3598 879 3723 928; x_wconf 72' lang='grc' dir='ltr'>Ἐὰν</span> <span class='ocrx_word' id='word_1_161' title='bbox 3743 882 3787 909; x_wconf 77' lang='grc'>’⁸</span> <span class='ocrx_word' id='word_1_162' title='bbox 3825 880 4012 930; x_wconf 75' lang='grc' dir='ltr'>τοίνυ)</span> 
     </span>
    </p>
   </div>
   <div class='ocr_carea' id='block_1_24' title="bbox 2427 965 4011 1036">
    <p class='ocr_par' dir='ltr' id='par_1_24' title="bbox 2427 965 4011 1036">
     <span class='ocr_line' id='line_1_24' title="bbox 2427 965 4011 1036; baseline 0 -17"><span class='ocrx_word' id='word_1_163' title='bbox 2427 969 2507 1019; x_wconf 82' lang='grc' dir='ltr'>ἐτι</span> <span class='ocrx_word' id='word_1_164' title='bbox 2536 966 2740 1018; x_wconf 86' lang='grc' dir='ltr'>τούτων</span> <span class='ocrx_word' id='word_1_165' title='bbox 2773 966 3052 1032; x_wconf 76' lang='grc' dir='ltr'>ἐγγυτέρω</span> <span class='ocrx_word' id='word_1_166' title='bbox 3077 968 3417 1034; x_wconf 74' lang='grc' dir='ltr'>προσαγάγω</span> <span class='ocrx_word' id='word_1_167' title='bbox 3446 968 3538 1018; x_wconf 86' lang='grc' dir='ltr'>τὸν</span> <span class='ocrx_word' id='word_1_168' title='bbox 3567 967 3743 1033; x_wconf 83' lang='grc' dir='ltr'>λόγον,</span> <span class='ocrx_word' id='word_1_169' title='bbox 3770 965 3805 1036; x_wconf 76' lang='grc' dir='ltr'><strong>ἦ</strong></span> <span class='ocrx_word' id='word_1_170' title='bbox 3830 970 3879 999; x_wconf 81' lang='grc'>⁷¹</span> <span class='ocrx_word' id='word_1_171' title='bbox 3906 986 4011 1019; x_wconf 79' lang='grc' dir='ltr'>που</span> 
     </span>
    </p>
   </div>
   <div class='ocr_carea' id='block_1_25' title="bbox 2421 1056 4011 1127">
    <p class='ocr_par' dir='ltr' id='par_1_25' title="bbox 2421 1056 4011 1127">
     <span class='ocr_line' id='line_1_25' title="bbox 2421 1056 4011 1127; baseline -0.001 -18"><span class='ocrx_word' id='word_1_172' title='bbox 2421 1058 2598 1127; x_wconf 86' lang='grc' dir='ltr'>τρυφή</span> <span class='ocrx_word' id='word_1_173' title='bbox 2624 1074 2705 1117; x_wconf 90' lang='grc' dir='ltr'>τις</span> <span class='ocrx_word' id='word_1_174' title='bbox 2735 1057 2800 1107; x_wconf 81' lang='grc' dir='ltr'>ἂν</span> <span class='ocrx_word' id='word_1_175' title='bbox 2822 1056 2903 1124; x_wconf 84' lang='grc' dir='ltr'>εῖη</span> <span class='ocrx_word' id='word_1_176' title='bbox 2938 1057 3037 1125; x_wconf 81' lang='grc' dir='ltr'>τῆς</span> <span class='ocrx_word' id='word_1_177' title='bbox 3059 1056 3107 1087; x_wconf 83' lang='grc'>⁷³</span> <span class='ocrx_word' id='word_1_178' title='bbox 3132 1056 3483 1119; x_wconf 78' lang='grc' dir='ltr'>ἀποδείξεως,</span> <span class='ocrx_word' id='word_1_179' title='bbox 3515 1060 3609 1107; x_wconf 79' lang='grc' dir='ltr'>καὶ</span> <span class='ocrx_word' id='word_1_180' title='bbox 3648 1058 3770 1109; x_wconf 71' lang='grc' dir='ltr'>οὗτε</span> <span class='ocrx_word' id='word_1_181' title='bbox 3798 1060 4011 1110; x_wconf 79' lang='grc' dir='ltr'>ἔννοιαν</span> 
     </span>
    </p>
   </div>
   <div class='ocr_carea' id='block_1_26' title="bbox 2420 1142 4007 1215">
    <p class='ocr_par' dir='ltr' id='par_1_26' title="bbox 2420 1142 4007 1215">
     <span class='ocr_line' id='line_1_26' title="bbox 2420 1142 4007 1215; baseline -0.002 -15"><span class='ocrx_word' id='word_1_182' title='bbox 2420 1148 2544 1201; x_wconf 73' lang='grc' dir='ltr'>οὗτε</span> <span class='ocrx_word' id='word_1_183' title='bbox 2576 1147 2748 1198; x_wconf 79' lang='grc' dir='ltr'>ἐλπίδ’</span> <span class='ocrx_word' id='word_1_184' title='bbox 2776 1146 3015 1215; x_wconf 85' lang='grc' dir='ltr'>ἐλέγχων</span> <span class='ocrx_word' id='word_1_185' title='bbox 3073 1147 3439 1214; x_wconf 75' lang='grc' dir='ltr'>ἰσχυροτέρων</span> <span class='ocrx_word' id='word_1_186' title='bbox 3459 1147 3506 1175; x_wconf 72' lang='grc' dir='ltr'>’δ</span> <span class='ocrx_word' id='word_1_187' title='bbox 3548 1146 3658 1198; x_wconf 83' lang='grc' dir='ltr'>οὐδ’</span> <span class='ocrx_word' id='word_1_188' title='bbox 3697 1142 3779 1206; x_wconf 71' lang='grc' dir='ltr'>εἷς</span> <span class='ocrx_word' id='word_1_189' title='bbox 3818 1148 3903 1197; x_wconf 75' lang='grc' dir='ltr'>ἔτι</span> <span class='ocrx_word' id='word_1_190' title='bbox 3945 1148 4007 1215; x_wconf 83' lang='grc' dir='ltr'>δή</span> 
     </span>
    </p>
   </div>
   <div class='ocr_carea' id='block_1_27' title="bbox 2426 1235 4012 1305">
    <p class='ocr_par' dir='ltr' id='par_1_27' title="bbox 2426 1235 4012 1305">
     <span class='ocr_line' id='line_1_27' title="bbox 2426 1235 4012 1305; baseline -0.002 -16"><span class='ocrx_word' id='word_1_191' title='bbox 2426 1254 2529 1289; x_wconf 89' lang='grc' dir='ltr'>που</span> <span class='ocrx_word' id='word_1_192' title='bbox 2556 1236 2728 1288; x_wconf 78' lang='grc' dir='ltr'>λάϐοι.</span> <span class='ocrx_word' id='word_1_193' title='bbox 2766 1236 2839 1287; x_wconf 71' lang='lat' dir='ltr'>UO</span> <span class='ocrx_word' id='word_1_194' title='bbox 2865 1238 2973 1305; x_wconf 68' lang='grc' dir='ltr'>γὰρ</span> <span class='ocrx_word' id='word_1_195' title='bbox 3000 1236 3161 1302; x_wconf 87' lang='grc' dir='ltr'>μόνον</span> <span class='ocrx_word' id='word_1_196' title='bbox 3207 1236 3370 1295; x_wconf 78' lang='grc' dir='ltr'>αὐτὸς</span> <span class='ocrx_word' id='word_1_197' title='bbox 3405 1235 3649 1297; x_wconf 78' lang='grc' dir='ltr'>Πλάτων,</span> <span class='ocrx_word' id='word_1_198' title='bbox 3694 1235 3769 1295; x_wconf 85' lang='grc' dir='ltr'>ὼς</span> <span class='ocrx_word' id='word_1_199' title='bbox 3806 1235 4012 1286; x_wconf 74' lang='grc' dir='ltr'>πολλα-</span> 
     </span>
    </p>
   </div>
   <div class='ocr_carea' id='block_1_28' title="bbox 2427 1325 4011 1395">
    <p class='ocr_par' dir='ltr' id='par_1_28' title="bbox 2427 1325 4011 1395">
     <span class='ocr_line' id='line_1_28' title="bbox 2427 1325 4011 1395; baseline -0.001 -17"><span class='ocrx_word' id='word_1_200' title='bbox 2427 1346 2511 1389; x_wconf 90' lang='grc' dir='ltr'>κις</span> <span class='ocrx_word' id='word_1_201' title='bbox 2538 1327 2817 1395; x_wconf 78' lang='grc' dir='ltr'>ἐδείξαμεν</span> <span class='ocrx_word' id='word_1_202' title='bbox 2838 1328 3122 1394; x_wconf 88' lang='grc' dir='ltr'>πρότερον,</span> <span class='ocrx_word' id='word_1_203' title='bbox 3149 1325 3283 1376; x_wconf 77' lang='grc' dir='ltr'>ἀλλὰ</span> <span class='ocrx_word' id='word_1_204' title='bbox 3316 1326 3409 1377; x_wconf 79' lang='grc' dir='ltr'>καὶ</span> <span class='ocrx_word' id='word_1_205' title='bbox 3431 1328 3489 1375; x_wconf 89' lang='grc' dir='ltr'>ἐν</span> <span class='ocrx_word' id='word_1_206' title='bbox 3511 1327 3693 1387; x_wconf 77' lang='grc' dir='ltr'>αὐτοῖς</span> <span class='ocrx_word' id='word_1_207' title='bbox 3727 1327 3942 1385; x_wconf 77' lang='grc' dir='ltr'>τούτοις</span> <span class='ocrx_word' id='word_1_208' title='bbox 3969 1326 4011 1355; x_wconf 77' lang='grc'>’⁸</span> 
     </span>
    </p>
   </div>
   <div class='ocr_carea' id='block_1_29' title="bbox 2420 1414 4012 1484">
    <p class='ocr_par' dir='ltr' id='par_1_29' title="bbox 2420 1414 4012 1484">
     <span class='ocr_line' id='line_1_29' title="bbox 2420 1414 4012 1484; baseline -0.004 -17"><span class='ocrx_word' id='word_1_209' title='bbox 2420 1418 2528 1477; x_wconf 82' lang='grc' dir='ltr'>τοῖς</span> <span class='ocrx_word' id='word_1_210' title='bbox 2562 1414 2742 1480; x_wconf 82' lang='grc' dir='ltr'>λόγοις</span> <span class='ocrx_word' id='word_1_211' title='bbox 2763 1415 2841 1483; x_wconf 81' lang='grc' dir='ltr'>τῷ</span> <span class='ocrx_word' id='word_1_212' title='bbox 2874 1415 3161 1483; x_wconf 78' lang='grc' dir='ltr'>παραδόξῳ</span> <span class='ocrx_word' id='word_1_213' title='bbox 3190 1415 3251 1483; x_wconf 80' lang='grc' dir='ltr'>δὴ</span> <span class='ocrx_word' id='word_1_214' title='bbox 3286 1416 3681 1483; x_wconf 75' lang='grc' dir='ltr'>συγγράμματι</span> <span class='ocrx_word' id='word_1_215' title='bbox 3706 1416 4012 1484; x_wconf 68' lang='grc' dir='ltr'>διαρρήδην</span> 
     </span>
    </p>
   </div>
   <div class='ocr_carea' id='block_1_30' title="bbox 2419 1500 4015 1574">
    <p class='ocr_par' dir='ltr' id='par_1_30' title="bbox 2419 1500 4015 1574">
     <span class='ocr_line' id='line_1_30' title="bbox 2419 1500 4015 1574; baseline -0.001 -18"><span class='ocrx_word' id='word_1_216' title='bbox 2419 1507 2677 1573; x_wconf 83' lang='grc' dir='ltr'>ὁμολογεῖ</span> <span class='ocrx_word' id='word_1_217' title='bbox 2729 1508 2793 1573; x_wconf 83' lang='grc' dir='ltr'>τῇ</span> <span class='ocrx_word' id='word_1_218' title='bbox 2826 1507 3089 1574; x_wconf 78' lang='grc' dir='ltr'>ῥητορικῇ</span> <span class='ocrx_word' id='word_1_219' title='bbox 3116 1506 3159 1535; x_wconf 77' lang='grc'>⁷⁸</span> <span class='ocrx_word' id='word_1_220' title='bbox 3197 1505 3264 1555; x_wconf 80' lang='grc' dir='ltr'>τὰ</span> <span class='ocrx_word' id='word_1_221' title='bbox 3284 1506 3327 1534; x_wconf 79' lang='grc'><strong>⁷⁷</strong></span> <span class='ocrx_word' id='word_1_222' title='bbox 3364 1504 3624 1555; x_wconf 80' lang='grc' dir='ltr'>κάλλιστα</span> <span class='ocrx_word' id='word_1_223' title='bbox 3648 1500 3786 1555; x_wconf 83' lang='grc' dir='ltr'>εἶναι</span> <span class='ocrx_word' id='word_1_224' title='bbox 3837 1506 4015 1571; x_wconf 75' lang='grc' dir='ltr'>πρατο</span> 
     </span>
    </p>
   </div>
   <div class='ocr_carea' id='block_1_31' title="bbox 2425 1594 4013 1665">
    <p class='ocr_par' dir='ltr' id='par_1_31' title="bbox 2425 1594 4013 1665">
     <span class='ocr_line' id='line_1_31' title="bbox 2425 1594 4013 1665; baseline -0.002 -16"><span class='ocrx_word' id='word_1_225' title='bbox 2425 1615 2559 1649; x_wconf 88' lang='grc' dir='ltr'>τειν.</span> <span class='ocrx_word' id='word_1_226' title='bbox 2589 1598 2670 1649; x_wconf 76' lang='grc' dir='ltr'>Τὰ</span> <span class='ocrx_word' id='word_1_227' title='bbox 2712 1598 2870 1665; x_wconf 80' lang='grc' dir='ltr'>μὲν⁷⁸</span> <span class='ocrx_word' id='word_1_228' title='bbox 2897 1594 2991 1648; x_wconf 77' lang='grc' dir='ltr'>οὖν</span> <span class='ocrx_word' id='word_1_229' title='bbox 3025 1597 3214 1665; x_wconf 80' lang='grc' dir='ltr'>ἁλλαῆ</span> <span class='ocrx_word' id='word_1_230' title='bbox 3245 1597 3607 1663; x_wconf 79' lang='grc' dir='ltr'>ψυχαγωγίαν</span> <span class='ocrx_word' id='word_1_231' title='bbox 3636 1598 3669 1664; x_wconf 75' lang='grc' dir='ltr'><strong>ἢ</strong></span> <span class='ocrx_word' id='word_1_232' title='bbox 3710 1598 3908 1664; x_wconf 78' lang='grc' dir='ltr'>χρείαν</span> <span class='ocrx_word' id='word_1_233' title='bbox 3938 1596 4013 1656; x_wconf 82' lang='grc' dir='ltr'>ὡς</span> 
     </span>
    </p>
   </div>
   <div class='ocr_carea' id='block_1_32' title="bbox 2421 1687 4010 1756">
    <p class='ocr_par' dir='ltr' id='par_1_32' title="bbox 2421 1687 4010 1756">
     <span class='ocr_line' id='line_1_32' title="bbox 2421 1687 4010 1756; baseline -0.004 -14"><span class='ocrx_word' id='word_1_234' title='bbox 2421 1693 2513 1742; x_wconf 76' lang='grc' dir='ltr'>ἐπὶ</span> <span class='ocrx_word' id='word_1_235' title='bbox 2544 1692 2603 1742; x_wconf 85' lang='grc' dir='ltr'>τὸ</span> <span class='ocrx_word' id='word_1_236' title='bbox 2637 1691 2889 1741; x_wconf 89' lang='grc' dir='ltr'>πλεῖστον</span> <span class='ocrx_word' id='word_1_237' title='bbox 2919 1689 3094 1740; x_wconf 81' lang='grc' dir='ltr'>εἰπεῖν</span> <span class='ocrx_word' id='word_1_238' title='bbox 3127 1688 3263 1755; x_wconf 70' lang='grc' dir='ltr'>ἔχει,</span> <span class='ocrx_word' id='word_1_239' title='bbox 3301 1688 3460 1756; x_wconf 88' lang='grc' dir='ltr'>μόνον</span> <span class='ocrx_word' id='word_1_240' title='bbox 3493 1688 3551 1739; x_wconf 87' lang='grc' dir='ltr'>δέ</span> <span class='ocrx_word' id='word_1_241' title='bbox 3602 1688 3663 1738; x_wconf 84' lang='grc' dir='ltr'>τὸ</span> <span class='ocrx_word' id='word_1_242' title='bbox 3706 1687 3807 1753; x_wconf 75' lang='grc' dir='ltr'>τῆς</span> <span class='ocrx_word' id='word_1_243' title='bbox 3843 1688 4010 1754; x_wconf 75' lang='grc' dir='ltr'>ῥητο-</span> 
     </span>
    </p>
   </div>
   <div class='ocr_carea' id='block_1_33' title="bbox 2425 1777 4011 1847">
    <p class='ocr_par' dir='ltr' id='par_1_33' title="bbox 2425 1777 4011 1847">
     <span class='ocr_line' id='line_1_33' title="bbox 2425 1777 4011 1847; baseline -0.002 -17"><span class='ocrx_word' id='word_1_244' title='bbox 2425 1782 2582 1847; x_wconf 84' lang='grc' dir='ltr'>ρικῆς</span> <span class='ocrx_word' id='word_1_245' title='bbox 2616 1780 2851 1847; x_wconf 82' lang='grc' dir='ltr'>μάλιστά</span> <span class='ocrx_word' id='word_1_246' title='bbox 2881 1796 2943 1845; x_wconf 86' lang='grc' dir='ltr'>γε</span> <span class='ocrx_word' id='word_1_247' title='bbox 2971 1778 3139 1847; x_wconf 79' lang='grc' dir='ltr'>ἄμφω</span> <span class='ocrx_word' id='word_1_248' title='bbox 3166 1779 3382 1845; x_wconf 78' lang='grc' dir='ltr'>πληροῖ,</span> <span class='ocrx_word' id='word_1_249' title='bbox 3420 1779 3513 1830; x_wconf 73' lang='grc' dir='ltr'>καὶ</span> <span class='ocrx_word' id='word_1_250' title='bbox 3548 1778 3686 1845; x_wconf 75' lang='grc' dir='ltr'>μετὰ</span> <span class='ocrx_word' id='word_1_251' title='bbox 3717 1778 3826 1828; x_wconf 80' lang='grc' dir='ltr'>τῶν</span> <span class='ocrx_word' id='word_1_252' title='bbox 3863 1777 4011 1843; x_wconf 64' lang='grc' dir='ltr'>ὠφε-</span> 
     </span>
    </p>
   </div>
   <div class='ocr_carea' id='block_1_34' title="bbox 735 1857 2325 1938">
    <p class='ocr_par' dir='ltr' id='par_1_34' title="bbox 735 1863 2315 1935">
     <span class='ocr_line' id='line_1_34' title="bbox 735 1863 2315 1935; baseline 0.004 -20"><span class='ocrx_word' id='word_1_253' title='bbox 735 1863 815 1916; x_wconf 87' lang='lat' dir='ltr'>sic</span> <span class='ocrx_word' id='word_1_254' title='bbox 844 1877 1060 1929; x_wconf 88' lang='lat' dir='ltr'><strong>quoque</strong></span> <span class='ocrx_word' id='word_1_255' title='bbox 1085 1864 1188 1914; x_wconf 87' lang='lat' dir='ltr'><strong>sibi</strong></span> <span class='ocrx_word' id='word_1_256' title='bbox 1219 1863 1317 1929; x_wconf 90' lang='lat' dir='ltr'><strong>ipsi</strong></span> <span class='ocrx_word' id='word_1_257' title='bbox 1352 1865 1748 1917; x_wconf 79' lang='lat' dir='ltr'><strong>contradixisse</strong></span> <span class='ocrx_word' id='word_1_258' title='bbox 1778 1866 2057 1933; x_wconf 89' lang='lat' dir='ltr'><strong>declarat,</strong></span> <span class='ocrx_word' id='word_1_259' title='bbox 2078 1870 2166 1935; x_wconf 87' lang='lat' dir='ltr'>qui</span> <span class='ocrx_word' id='word_1_260' title='bbox 2196 1886 2315 1922; x_wconf 88' lang='lat' dir='ltr'>enm</span> 
     </span>
    </p>
   </div>
   <div class='ocr_carea' id='block_1_35' title="bbox 2421 1857 4012 1938">
    <p class='ocr_par' dir='ltr' id='par_1_35' title="bbox 2421 1869 4012 1938">
     <span class='ocr_line' id='line_1_35' title="bbox 2421 1869 4012 1938; baseline -0.003 -16"><span class='ocrx_word' id='word_1_261' title='bbox 2421 1870 2578 1923; x_wconf 83' lang='grc' dir='ltr'>λειῶν</span> <span class='ocrx_word' id='word_1_262' title='bbox 2603 1874 2701 1938; x_wconf 73' lang='grc' dir='ltr'>τὴν</span> <span class='ocrx_word' id='word_1_263' title='bbox 2729 1871 2887 1937; x_wconf 81' lang='grc' dir='ltr'>χάριν</span> <span class='ocrx_word' id='word_1_264' title='bbox 2919 1871 3243 1937; x_wconf 80' lang='grc' dir='ltr'>θαυμαστὴν</span> <span class='ocrx_word' id='word_1_265' title='bbox 3274 1869 3407 1937; x_wconf 75' lang='grc' dir='ltr'>ἔχει,</span> <span class='ocrx_word' id='word_1_266' title='bbox 3444 1869 3585 1919; x_wconf 81' lang='grc' dir='ltr'>ὥστε</span> <span class='ocrx_word' id='word_1_267' title='bbox 3626 1870 3718 1920; x_wconf 75' lang='grc' dir='ltr'>καὶ</span> <span class='ocrx_word' id='word_1_268' title='bbox 3767 1870 3899 1919; x_wconf 77' lang='grc' dir='ltr'>ὅταν</span> <span class='ocrx_word' id='word_1_269' title='bbox 3929 1870 4012 1927; x_wconf 86' lang='grc' dir='ltr'>εἰς</span> 
     </span>
    </p>
   </div>
   <div class='ocr_carea' id='block_1_36' title="bbox 735 1953 2315 2027">
    <p class='ocr_par' dir='ltr' id='par_1_36' title="bbox 735 1953 2315 2027">
     <span class='ocr_line' id='line_1_36' title="bbox 735 1953 2315 2027; baseline 0.004 -21"><span class='ocrx_word' id='word_1_270' title='bbox 735 1954 1000 2021; x_wconf 89' lang='lat' dir='ltr'><strong>duplicem</strong></span> <span class='ocrx_word' id='word_1_271' title='bbox 1032 1953 1427 2007; x_wconf 86' lang='lat' dir='ltr'><strong>voluissetesse</strong></span> <span class='ocrx_word' id='word_1_272' title='bbox 1447 1958 1792 2019; x_wconf 87' lang='lat' dir='ltr'><strong>rhetoricam,</strong></span> <span class='ocrx_word' id='word_1_273' title='bbox 1826 1958 2018 2011; x_wconf 91' lang='lat' dir='ltr'><strong>deinde</strong></span> <span class='ocrx_word' id='word_1_274' title='bbox 2063 1971 2315 2027; x_wconf 88' lang='lat' dir='ltr'><strong>tanquam</strong></span> 
     </span>
    </p>
   </div>
   <div class='ocr_carea' id='block_1_37' title="bbox 739 2044 2313 2111">
    <p class='ocr_par' dir='ltr' id='par_1_37' title="bbox 739 2044 2313 2111">
     <span class='ocr_line' id='line_1_37' title="bbox 739 2044 2313 2111; baseline 0.005 -16"><span class='ocrx_word' id='word_1_275' title='bbox 739 2044 900 2096; x_wconf 87' lang='lat' dir='ltr'><strong>unius</strong></span> <span class='ocrx_word' id='word_1_276' title='bbox 930 2053 983 2097; x_wconf 83' lang='lat' dir='ltr'>et</span> <span class='ocrx_word' id='word_1_277' title='bbox 1008 2044 1267 2111; x_wconf 87' lang='lat' dir='ltr'><strong>simplicis</strong></span> <span class='ocrx_word' id='word_1_278' title='bbox 1294 2047 1695 2098; x_wconf 87' lang='lat' dir='ltr'><strong>accusationem</strong></span> <span class='ocrx_word' id='word_1_279' title='bbox 1736 2046 1986 2100; x_wconf 82' lang='lat' dir='ltr'><strong>instituit.</strong></span> <span class='ocrx_word' id='word_1_280' title='bbox 2028 2050 2239 2101; x_wconf 84' lang='lat' dir='ltr'><strong>Etenim</strong></span> <span class='ocrx_word' id='word_1_281' title='bbox 2271 2052 2313 2103; x_wconf 88' lang='lat' dir='ltr'>si</span> 
     </span>
    </p>
   </div>
   <div class='ocr_carea' id='block_1_38' title="bbox 736 2133 2317 2200">
    <p class='ocr_par' dir='ltr' id='par_1_38' title="bbox 736 2133 2317 2200">
     <span class='ocr_line' id='line_1_38' title="bbox 736 2133 2317 2200; baseline 0.006 -19"><span class='ocrx_word' id='word_1_282' title='bbox 736 2147 923 2185; x_wconf 90' lang='lat' dir='ltr'><strong>verum</strong></span> <span class='ocrx_word' id='word_1_283' title='bbox 968 2134 1066 2185; x_wconf 91' lang='lat' dir='ltr'>hoc</span> <span class='ocrx_word' id='word_1_284' title='bbox 1098 2142 1181 2185; x_wconf 86' lang='lat' dir='ltr'>est</span> <span class='ocrx_word' id='word_1_285' title='bbox 1205 2133 1428 2185; x_wconf 90' lang='lat' dir='ltr'><strong>alteram</strong></span> <span class='ocrx_word' id='word_1_286' title='bbox 1465 2135 1891 2200; x_wconf 75' lang='lat' dir='ltr'><strong>reprehendere,</strong></span> <span class='ocrx_word' id='word_1_287' title='bbox 1915 2137 2138 2190; x_wconf 87' lang='lat' dir='ltr'><strong>alteram</strong></span> <span class='ocrx_word' id='word_1_288' title='bbox 2169 2155 2317 2191; x_wconf 84' lang='lat' dir='ltr'><strong>seor-</strong></span> 
     </span>
    </p>
   </div>
   <div class='ocr_carea' id='block_1_39' title="bbox 735 2221 2314 2284">
    <p class='ocr_par' dir='ltr' id='par_1_39' title="bbox 735 2221 2314 2284">
     <span class='ocr_line' id='line_1_39' title="bbox 735 2221 2314 2284; baseline 0.004 -10"><span class='ocrx_word' id='word_1_289' title='bbox 735 2222 839 2274; x_wconf 88' lang='lat' dir='ltr'>sim</span> <span class='ocrx_word' id='word_1_290' title='bbox 895 2221 1117 2275; x_wconf 79' lang='lat' dir='ltr'><strong>laudare</strong></span> <span class='ocrx_word' id='word_1_291' title='bbox 1146 2223 1537 2284; x_wconf 86' lang='lat' dir='ltr'><strong>conveniebat,</strong></span> <span class='ocrx_word' id='word_1_292' title='bbox 1589 2225 1730 2276; x_wconf 90' lang='lat' dir='ltr'><strong>sicut</strong></span> <span class='ocrx_word' id='word_1_293' title='bbox 1772 2225 1824 2276; x_wconf 90' lang='lat' dir='ltr'>in</span> <span class='ocrx_word' id='word_1_294' title='bbox 1872 2229 2212 2280; x_wconf 84' lang='lat' dir='ltr'><strong>sermonibus</strong></span> <span class='ocrx_word' id='word_1_295' title='bbox 2250 2229 2314 2281; x_wconf 90' lang='lat' dir='ltr'>de</span> 
     </span>
    </p>
   </div>
   <div class='ocr_carea' id='block_1_40' title="bbox 734 2312 2315 2385">
    <p class='ocr_par' dir='ltr' id='par_1_40' title="bbox 734 2312 2315 2385">
     <span class='ocr_line' id='line_1_40' title="bbox 734 2312 2315 2385; baseline 0.007 -22"><span class='ocrx_word' id='word_1_296' title='bbox 734 2326 922 2364; x_wconf 89' lang='lat' dir='ltr'><strong>amore</strong></span> <span class='ocrx_word' id='word_1_297' title='bbox 948 2312 1147 2366; x_wconf 84' lang='lat' dir='ltr'><strong>habitis</strong></span> <span class='ocrx_word' id='word_1_298' title='bbox 1188 2312 1337 2373; x_wconf 82' lang='lat' dir='ltr'><strong>fecit,</strong></span> <span class='ocrx_word' id='word_1_299' title='bbox 1364 2323 1412 2365; x_wconf 89' lang='lat' dir='ltr'>et</span> <span class='ocrx_word' id='word_1_300' title='bbox 1446 2318 1732 2367; x_wconf 86' lang='lat' dir='ltr'><strong>honestum</strong></span> <span class='ocrx_word' id='word_1_301' title='bbox 1782 2318 1994 2381; x_wconf 82' lang='lat' dir='ltr'><strong>quidem</strong></span> <span class='ocrx_word' id='word_1_302' title='bbox 2018 2321 2315 2385; x_wconf 88' lang='lat' dir='ltr'><strong>majoribus</strong></span> 
     </span>
    </p>
   </div>
   <div class='ocr_carea' id='block_1_41' title="bbox 736 2404 2185 2474">
    <p class='ocr_par' dir='ltr' id='par_1_41' title="bbox 736 2404 2185 2474">
     <span class='ocr_line' id='line_1_41' title="bbox 736 2404 2185 2474; baseline 0.007 -21"><span class='ocrx_word' id='word_1_303' title='bbox 736 2404 986 2458; x_wconf 87' lang='lat' dir='ltr'><strong>laudibus</strong></span> <span class='ocrx_word' id='word_1_304' title='bbox 1014 2419 1172 2471; x_wconf 86' lang='lat' dir='ltr'><strong>quam</strong></span> <span class='ocrx_word' id='word_1_305' title='bbox 1199 2404 1429 2457; x_wconf 87' lang='lat' dir='ltr'><strong>alterum</strong></span> <span class='ocrx_word' id='word_1_306' title='bbox 1460 2408 1720 2460; x_wconf 88' lang='lat' dir='ltr'><strong>conviciis</strong></span> <span class='ocrx_word' id='word_1_307' title='bbox 1743 2420 1823 2462; x_wconf 86' lang='lat' dir='ltr'>est</span> <span class='ocrx_word' id='word_1_308' title='bbox 1849 2422 2185 2474; x_wconf 86' lang='lat' dir='ltr'><strong>prosecutus.</strong></span> 
     </span>
    </p>
   </div>
   <div class='ocr_carea' id='block_1_42' title="bbox 2421 1957 4013 2027">
    <p class='ocr_par' dir='ltr' id='par_1_42' title="bbox 2421 1957 4013 2027">
     <span class='ocr_line' id='line_1_42' title="bbox 2421 1957 4013 2027; baseline -0.002 -17"><span class='ocrx_word' id='word_1_309' title='bbox 2421 1961 2689 2027; x_wconf 78' lang='grc' dir='ltr'>πολέμους</span> <span class='ocrx_word' id='word_1_310' title='bbox 2714 1959 2963 2026; x_wconf 83' lang='grc' dir='ltr'>ἀλλήλοις</span> <span class='ocrx_word' id='word_1_311' title='bbox 2995 1959 3222 2010; x_wconf 74' lang='grc' dir='ltr'>ἔλθωσιν</span> <span class='ocrx_word' id='word_1_312' title='bbox 3244 1959 3542 2025; x_wconf 81' lang='grc' dir='ltr'>ἄνθρωποι,</span> <span class='ocrx_word' id='word_1_313' title='bbox 3573 1960 3698 2018; x_wconf 81' lang='grc' dir='ltr'>τοὺς</span> <span class='ocrx_word' id='word_1_314' title='bbox 3724 1959 3879 2024; x_wconf 75' lang='grc' dir='ltr'>παρα</span> <span class='ocrx_word' id='word_1_315' title='bbox 3902 1957 4013 2008; x_wconf 78' lang='grc' dir='ltr'>τῶν</span> 
     </span>
    </p>
   </div>
   <div class='ocr_carea' id='block_1_43' title="bbox 2418 2049 4013 2120">
    <p class='ocr_par' dir='ltr' id='par_1_43' title="bbox 2418 2049 4013 2120">
     <span class='ocr_line' id='line_1_43' title="bbox 2418 2049 4013 2120; baseline -0.004 -15"><span class='ocrx_word' id='word_1_316' title='bbox 2418 2052 2752 2120; x_wconf 79' lang='grc' dir='ltr'>αὐτοχείρων</span> <span class='ocrx_word' id='word_1_317' title='bbox 2803 2050 3066 2120; x_wconf 81' lang='grc' dir='ltr'>πρέσδεις</span> <span class='ocrx_word' id='word_1_318' title='bbox 3106 2052 3542 2119; x_wconf 81' lang='grc' dir='ltr'>ἀφικνουμένους</span> <span class='ocrx_word' id='word_1_319' title='bbox 3605 2049 3852 2117; x_wconf 89' lang='grc' dir='ltr'>δέχονται</span> <span class='ocrx_word' id='word_1_320' title='bbox 3918 2050 4013 2099; x_wconf 76' lang='grc' dir='ltr'>καὶ</span> 
     </span>
    </p>
   </div>
   <div class='ocr_carea' id='block_1_44' title="bbox 2418 2139 4009 2211">
    <p class='ocr_par' dir='ltr' id='par_1_44' title="bbox 2418 2139 4009 2211">
     <span class='ocr_line' id='line_1_44' title="bbox 2418 2139 4009 2211; baseline -0.003 -17"><span class='ocrx_word' id='word_1_321' title='bbox 2418 2144 2861 2211; x_wconf 75' lang='grc' dir='ltr'>ἀποπέμπουσιν,</span> <span class='ocrx_word' id='word_1_322' title='bbox 2884 2141 3285 2209; x_wconf 85' lang='grc' dir='ltr'>ἐνθυμούμενοι</span> <span class='ocrx_word' id='word_1_323' title='bbox 3313 2142 3373 2192; x_wconf 83' lang='grc' dir='ltr'>τὸ</span> <span class='ocrx_word' id='word_1_324' title='bbox 3395 2141 3503 2192; x_wconf 81' lang='grc' dir='ltr'>τῶν</span> <span class='ocrx_word' id='word_1_325' title='bbox 3538 2142 3784 2209; x_wconf 80' lang='grc' dir='ltr'>ρητόρων</span> <span class='ocrx_word' id='word_1_326' title='bbox 3812 2139 4009 2206; x_wconf 74' lang='grc' dir='ltr'>φῦλον,</span> 
     </span>
    </p>
   </div>
   <div class='ocr_carea' id='block_1_45' title="bbox 2418 2231 4013 2301">
    <p class='ocr_par' dir='ltr' id='par_1_45' title="bbox 2418 2231 4013 2301">
     <span class='ocr_line' id='line_1_45' title="bbox 2418 2231 4013 2301; baseline -0.003 -15"><span class='ocrx_word' id='word_1_327' title='bbox 2418 2233 2870 2301; x_wconf 80' lang='grc' dir='ltr'>ὑπεξαιρούμενοι</span> <span class='ocrx_word' id='word_1_328' title='bbox 2908 2232 3006 2300; x_wconf 83' lang='grc' dir='ltr'>τὴν</span> <span class='ocrx_word' id='word_1_329' title='bbox 3036 2232 3128 2284; x_wconf 73' lang='grc' dir='ltr'>τοῦ</span> <span class='ocrx_word' id='word_1_330' title='bbox 3162 2232 3324 2298; x_wconf 85' lang='grc' dir='ltr'>λόγου</span> <span class='ocrx_word' id='word_1_331' title='bbox 3368 2232 3551 2297; x_wconf 78' lang='grc' dir='ltr'>φύσιν,</span> <span class='ocrx_word' id='word_1_332' title='bbox 3586 2231 3901 2296; x_wconf 71' lang='grc' dir='ltr'>αἰδούμενοι</span> <span class='ocrx_word' id='word_1_333' title='bbox 3927 2232 4013 2282; x_wconf 86' lang='grc' dir='ltr'>ὅτι</span> 
     </span>
    </p>
   </div>
   <div class='ocr_carea' id='block_1_46' title="bbox 2424 2323 4013 2393">
    <p class='ocr_par' dir='ltr' id='par_1_46' title="bbox 2424 2323 4013 2393">
     <span class='ocr_line' id='line_1_46' title="bbox 2424 2323 4013 2393; baseline -0.003 -16"><span class='ocrx_word' id='word_1_334' title='bbox 2424 2326 2483 2387; x_wconf 81' lang='grc' dir='ltr'>ἐξ</span> <span class='ocrx_word' id='word_1_335' title='bbox 2513 2326 2688 2393; x_wconf 73' lang='grc' dir='ltr'>ἀρχῆς</span> <span class='ocrx_word' id='word_1_336' title='bbox 2719 2326 2810 2375; x_wconf 68' lang='grc' dir='ltr'>ἑπὶ</span> <span class='ocrx_word' id='word_1_337' title='bbox 2844 2324 3090 2392; x_wconf 78' lang='grc' dir='ltr'>σωτηρίᾳ</span> <span class='ocrx_word' id='word_1_338' title='bbox 3149 2324 3245 2374; x_wconf 70' lang='grc' dir='ltr'>καὶ</span> <span class='ocrx_word' id='word_1_339' title='bbox 3294 2326 3446 2391; x_wconf 79' lang='grc' dir='ltr'>κοινῇ</span> <span class='ocrx_word' id='word_1_340' title='bbox 3481 2323 3642 2392; x_wconf 80' lang='grc' dir='ltr'>χρείᾳ</span> <span class='ocrx_word' id='word_1_341' title='bbox 3672 2323 3768 2374; x_wconf 78' lang='grc' dir='ltr'>τοῦ</span> <span class='ocrx_word' id='word_1_342' title='bbox 3819 2325 4013 2388; x_wconf 79' lang='grc' dir='ltr'>γένους</span> 
     </span>
    </p>
   </div>
   <div class='ocr_carea' id='block_1_47' title="bbox 2427 2414 4011 2484">
    <p class='ocr_par' dir='ltr' id='par_1_47' title="bbox 2427 2414 4011 2484">
     <span class='ocr_line' id='line_1_47' title="bbox 2427 2414 4011 2484; baseline -0.003 -15"><span class='ocrx_word' id='word_1_343' title='bbox 2427 2416 2703 2482; x_wconf 75' lang='grc' dir='ltr'>εἰσῆλθεν.</span> <span class='ocrx_word' id='word_1_344' title='bbox 2747 2415 2807 2465; x_wconf 71' lang='lat' dir='ltr'><strong>Et</strong></span> <span class='ocrx_word' id='word_1_345' title='bbox 2836 2415 3053 2475; x_wconf 79' lang='grc' dir='ltr'>δὲ⁷²⁹τις</span> <span class='ocrx_word' id='word_1_346' title='bbox 3080 2416 3211 2483; x_wconf 82' lang='grc' dir='ltr'>ἡμῖν</span> <span class='ocrx_word' id='word_1_347' title='bbox 3248 2416 3377 2484; x_wconf 73' lang='grc' dir='ltr'>περὶ</span> <span class='ocrx_word' id='word_1_348' title='bbox 3417 2416 3702 2475; x_wconf 82' lang='grc' dir='ltr'>Πλάτωνος</span> <span class='ocrx_word' id='word_1_349' title='bbox 3746 2414 4011 2466; x_wconf 74' lang='grc' dir='ltr'>ὑπολαῢοι</span> 
     </span>
    </p>
   </div>
   <div class='ocr_carea' id='block_1_48' title="bbox 733 2496 4015 2579">
    <p class='ocr_par' dir='ltr' id='par_1_48' title="bbox 733 2496 4015 2579">
     <span class='ocr_line' id='line_1_48' title="bbox 733 2496 4015 2579; baseline 0.002 -31"><span class='ocrx_word' id='word_1_350' title='bbox 733 2496 815 2548; x_wconf 84' lang='grc' dir='ltr'>ὅτι</span> <span class='ocrx_word' id='word_1_351' title='bbox 870 2498 932 2548; x_wconf 91' lang='grc' dir='ltr'>οὑ</span> <span class='ocrx_word' id='word_1_352' title='bbox 968 2497 1171 2563; x_wconf 88' lang='grc' dir='ltr'>ταύτην</span> <span class='ocrx_word' id='word_1_353' title='bbox 1216 2497 1399 2559; x_wconf 84' lang='grc' dir='ltr'>κακῶς</span> <span class='ocrx_word' id='word_1_354' title='bbox 1437 2500 1623 2567; x_wconf 82' lang='grc' dir='ltr'>εἴρηκε</span> <span class='ocrx_word' id='word_1_355' title='bbox 1660 2498 1756 2568; x_wconf 78' lang='grc' dir='ltr'>τὴν</span> <span class='ocrx_word' id='word_1_356' title='bbox 1830 2502 2123 2571; x_wconf 72' lang='grc' dir='ltr'>ῥητορικὴν</span> <span class='ocrx_word' id='word_1_357' title='bbox 2174 2504 2221 2535; x_wconf 84' lang='grc'>⁸⁸</span> <span class='ocrx_word' id='word_1_358' title='bbox 2274 2508 2413 2579; x_wconf 77' lang='grc' dir='ltr'>ὑπὲρ</span> <span class='ocrx_word' id='word_1_359' title='bbox 2464 2502 2531 2575; x_wconf 79' lang='grc' dir='ltr'>ἧς</span> <span class='ocrx_word' id='word_1_360' title='bbox 2583 2504 2679 2557; x_wconf 84' lang='grc' dir='ltr'>νῦν</span> <span class='ocrx_word' id='word_1_361' title='bbox 2716 2505 2876 2571; x_wconf 81' lang='grc' dir='ltr'>ἡμεῖς</span> <span class='ocrx_word' id='word_1_362' title='bbox 2923 2504 3049 2565; x_wconf 76' lang='grc' dir='ltr'>τοὺς</span> <span class='ocrx_word' id='word_1_363' title='bbox 3102 2504 3296 2570; x_wconf 84' lang='grc' dir='ltr'>λόγους</span> <span class='ocrx_word' id='word_1_364' title='bbox 3350 2505 3675 2573; x_wconf 69' lang='grc' dir='ltr'>ποιούμεθα,</span> <span class='ocrx_word' id='word_1_365' title='bbox 3722 2504 3861 2556; x_wconf 81' lang='grc' dir='ltr'>ἀλλὰ</span> <span class='ocrx_word' id='word_1_366' title='bbox 3919 2505 4015 2556; x_wconf 78' lang='grc' dir='ltr'>δύο</span> 
     </span>
    </p>
   </div>
   <div class='ocr_carea' id='block_1_49' title="bbox 746 2586 4011 2667">
    <p class='ocr_par' dir='ltr' id='par_1_49' title="bbox 746 2586 4011 2667">
     <span class='ocr_line' id='line_1_49' title="bbox 746 2586 4011 2667; baseline 0.003 -29"><span class='ocrx_word' id='word_1_367' title='bbox 746 2586 923 2639; x_wconf 83' lang='grc' dir='ltr'>οὐσῶν</span> <span class='ocrx_word' id='word_1_368' title='bbox 995 2590 1094 2655; x_wconf 85' lang='grc' dir='ltr'>τὴν</span> <span class='ocrx_word' id='word_1_369' title='bbox 1128 2591 1323 2657; x_wconf 81' lang='grc' dir='ltr'>ἑτέραν</span> <span class='ocrx_word' id='word_1_370' title='bbox 1360 2591 1596 2653; x_wconf 81' lang='grc' dir='ltr'>κακίζει,</span> <span class='ocrx_word' id='word_1_371' title='bbox 1631 2593 1843 2659; x_wconf 84' lang='grc' dir='ltr'>πρῶτον</span> <span class='ocrx_word' id='word_1_372' title='bbox 1890 2595 1987 2663; x_wconf 82' lang='grc' dir='ltr'>μὲν</span> <span class='ocrx_word' id='word_1_373' title='bbox 2018 2597 2171 2649; x_wconf 77' lang='grc' dir='ltr'>οὐδὲν</span> <span class='ocrx_word' id='word_1_374' title='bbox 2201 2601 2400 2667; x_wconf 80' lang='grc' dir='ltr'>μᾶλλον</span> <span class='ocrx_word' id='word_1_375' title='bbox 2442 2602 2508 2652; x_wconf 84' lang='grc' dir='ltr'>τά</span> <span class='ocrx_word' id='word_1_376' title='bbox 2538 2617 2599 2667; x_wconf 90' lang='grc' dir='ltr'>γε</span> <span class='ocrx_word' id='word_1_377' title='bbox 2636 2600 2767 2667; x_wconf 76' lang='grc' dir='ltr'>ἡμῖν</span> <span class='ocrx_word' id='word_1_378' title='bbox 2820 2598 3086 2665; x_wconf 73' lang='grc' dir='ltr'>εἰρημένα</span> <span class='ocrx_word' id='word_1_379' title='bbox 3136 2598 3355 2663; x_wconf 82' lang='grc' dir='ltr'>φαύλως</span> <span class='ocrx_word' id='word_1_380' title='bbox 3399 2596 3597 2665; x_wconf 76' lang='grc' dir='ltr'>ἔχοντα</span> <span class='ocrx_word' id='word_1_381' title='bbox 3664 2598 4011 2665; x_wconf 78' lang='grc' dir='ltr'>ἐλέγχονται,</span> 
     </span>
    </p>
   </div>
   <div class='ocr_carea' id='block_1_50' title="bbox 735 2678 4013 2761">
    <p class='ocr_par' dir='ltr' id='par_1_50' title="bbox 735 2678 4013 2761">
     <span class='ocr_line' id='line_1_50' title="bbox 735 2678 4013 2761; baseline 0.003 -30"><span class='ocrx_word' id='word_1_382' title='bbox 735 2678 871 2731; x_wconf 83' lang='grc' dir='ltr'>ἀλλὰ</span> <span class='ocrx_word' id='word_1_383' title='bbox 891 2680 935 2710; x_wconf 77' lang='grc'>³⁸</span> <span class='ocrx_word' id='word_1_384' title='bbox 977 2684 1096 2733; x_wconf 87' lang='grc' dir='ltr'>κατ’</span> <span class='ocrx_word' id='word_1_385' title='bbox 1145 2683 1276 2735; x_wconf 78' lang='grc' dir='ltr'>αὐτὸ</span> <span class='ocrx_word' id='word_1_386' title='bbox 1305 2682 1462 2735; x_wconf 81' lang='grc' dir='ltr'>τοῦτο</span> <span class='ocrx_word' id='word_1_387' title='bbox 1513 2685 1693 2748; x_wconf 82' lang='grc' dir='ltr'>καλῶς</span> <span class='ocrx_word' id='word_1_388' title='bbox 1742 2689 1833 2738; x_wconf 75' lang='grc' dir='ltr'>καὶ</span> <span class='ocrx_word' id='word_1_389' title='bbox 1879 2692 2263 2759; x_wconf 80' lang='grc' dir='ltr'>προσηκόντως</span> <span class='ocrx_word' id='word_1_390' title='bbox 2306 2694 2523 2747; x_wconf 77' lang='grc' dir='ltr'>ἅπαντα</span> <span class='ocrx_word' id='word_1_391' title='bbox 2555 2692 2726 2746; x_wconf 75' lang='grc' dir='ltr'>ταῦτα</span> <span class='ocrx_word' id='word_1_392' title='bbox 2756 2690 2986 2758; x_wconf 77' lang='grc' dir='ltr'>ἠνύσθαι</span> <span class='ocrx_word' id='word_1_393' title='bbox 3020 2694 3290 2761; x_wconf 77' lang='grc' dir='ltr'>μαρτυρεῖ</span> <span class='ocrx_word' id='word_1_394' title='bbox 3313 2692 3394 2722; x_wconf 82' lang='grc'>⁸³·</span> <span class='ocrx_word' id='word_1_395' title='bbox 3435 2693 3625 2759; x_wconf 81' lang='grc' dir='ltr'>ὥσπερ</span> <span class='ocrx_word' id='word_1_396' title='bbox 3655 2692 3762 2758; x_wconf 79' lang='grc' dir='ltr'>γαρ</span> <span class='ocrx_word' id='word_1_397' title='bbox 3802 2693 4013 2751; x_wconf 74' lang='grc' dir='ltr'>ἐκεῖνος</span> 
     </span>
    </p>
   </div>
   <div class='ocr_carea' id='block_1_51' title="bbox 732 2772 4016 2855">
    <p class='ocr_par' dir='ltr' id='par_1_51' title="bbox 732 2772 4016 2855">
     <span class='ocr_line' id='line_1_51' title="bbox 732 2772 4016 2855; baseline 0.004 -32"><span class='ocrx_word' id='word_1_398' title='bbox 732 2772 832 2842; x_wconf 78' lang='grc' dir='ltr'>τὴν</span> <span class='ocrx_word' id='word_1_399' title='bbox 873 2772 1083 2840; x_wconf 84' lang='grc' dir='ltr'>φαύλην</span> <span class='ocrx_word' id='word_1_400' title='bbox 1116 2774 1337 2835; x_wconf 86' lang='grc' dir='ltr'>δικαίως</span> <span class='ocrx_word' id='word_1_401' title='bbox 1375 2775 1625 2843; x_wconf 74' lang='grc' dir='ltr'>ψέγει,τί</span> <span class='ocrx_word' id='word_1_402' title='bbox 1650 2777 1849 2831; x_wconf 85' lang='grc' dir='ltr'>κωλύει</span> <span class='ocrx_word' id='word_1_403' title='bbox 1888 2782 2071 2849; x_wconf 78' lang='grc' dir='ltr'>τήνγε</span> <span class='ocrx_word' id='word_1_404' title='bbox 2105 2786 2351 2837; x_wconf 83' lang='grc' dir='ltr'>ἐναντίαν</span> <span class='ocrx_word' id='word_1_405' title='bbox 2384 2789 2533 2855; x_wconf 84' lang='grc' dir='ltr'>ἡμᾶς</span> <span class='ocrx_word' id='word_1_406' title='bbox 2574 2784 2928 2842; x_wconf 74' lang='grc' dir='ltr'>ἐπαινοῦντας</span> <span class='ocrx_word' id='word_1_407' title='bbox 2952 2782 3127 2851; x_wconf 79' lang='grc' dir='ltr'>ὀρθῶς</span> <span class='ocrx_word' id='word_1_408' title='bbox 3159 2786 3358 2848; x_wconf 69' lang='grc' dir='ltr'>ποιεῖν;</span> <span class='ocrx_word' id='word_1_409' title='bbox 3394 2785 3625 2835; x_wconf 82' lang='grc' dir='ltr'>Ἔπειτα</span> <span class='ocrx_word' id='word_1_410' title='bbox 3664 2786 3763 2835; x_wconf 62' lang='grc' dir='ltr'>οὐκ</span> <span class='ocrx_word' id='word_1_411' title='bbox 3795 2786 4016 2849; x_wconf 80' lang='grc' dir='ltr'>ἀναιρεῖ</span> 
     </span>
    </p>
   </div>
   <div class='ocr_carea' id='block_1_52' title="bbox 732 2862 4011 2944">
    <p class='ocr_par' dir='ltr' id='par_1_52' title="bbox 732 2862 4011 2944">
     <span class='ocr_line' id='line_1_52' title="bbox 732 2862 4011 2944; baseline 0.002 -27"><span class='ocrx_word' id='word_1_412' title='bbox 732 2866 859 2923; x_wconf 63' lang='grc' dir='ltr'>τοὺς</span> <span class='ocrx_word' id='word_1_413' title='bbox 888 2862 1016 2931; x_wconf 78' lang='grc' dir='ltr'>παρ’</span> <span class='ocrx_word' id='word_1_414' title='bbox 1048 2864 1202 2933; x_wconf 74' lang='grc' dir='ltr'>ἡμῶν</span> <span class='ocrx_word' id='word_1_415' title='bbox 1226 2865 1479 2934; x_wconf 77' lang='grc' dir='ltr'>ἐλέγχους</span> <span class='ocrx_word' id='word_1_416' title='bbox 1510 2869 1542 2935; x_wconf 76' lang='grc' dir='ltr'>ἡ</span> <span class='ocrx_word' id='word_1_417' title='bbox 1594 2869 1921 2937; x_wconf 76' lang='grc' dir='ltr'>παραίτησις</span> <span class='ocrx_word' id='word_1_418' title='bbox 1968 2873 2127 2939; x_wconf 75' lang='grc' dir='ltr'>αὕτη,</span> <span class='ocrx_word' id='word_1_419' title='bbox 2166 2876 2299 2929; x_wconf 70' lang='grc' dir='ltr'>ἀλλὰ</span> <span class='ocrx_word' id='word_1_420' title='bbox 2329 2878 2421 2928; x_wconf 84' lang='grc' dir='ltr'>καὶ</span> <span class='ocrx_word' id='word_1_421' title='bbox 2462 2877 2634 2937; x_wconf 65' lang='grc' dir='ltr'>οὕτως</span> <span class='ocrx_word' id='word_1_422' title='bbox 2672 2873 2889 2925; x_wconf 82' lang='grc' dir='ltr'>ἐναντία</span> <span class='ocrx_word' id='word_1_423' title='bbox 2943 2873 3174 2939; x_wconf 84' lang='grc' dir='ltr'>φαίνοιτ’</span> <span class='ocrx_word' id='word_1_424' title='bbox 3223 2874 3287 2925; x_wconf 83' lang='grc' dir='ltr'>ἂν</span> <span class='ocrx_word' id='word_1_425' title='bbox 3318 2874 3557 2944; x_wconf 76' lang='grc' dir='ltr'>εἰρηκὼς</span> <span class='ocrx_word' id='word_1_426' title='bbox 3601 2876 3764 2936; x_wconf 78' lang='grc' dir='ltr'>αὑτὸς</span> <span class='ocrx_word' id='word_1_427' title='bbox 3803 2875 4011 2941; x_wconf 76' lang='grc' dir='ltr'>ἑαυτῷ,</span> 
     </span>
    </p>
   </div>
   <div class='ocr_carea' id='block_1_53' title="bbox 733 2953 4014 3040">
    <p class='ocr_par' dir='ltr' id='par_1_53' title="bbox 733 2953 4014 3040">
     <span class='ocr_line' id='line_1_53' title="bbox 733 2953 4014 3040; baseline 0.005 -31"><span class='ocrx_word' id='word_1_428' title='bbox 733 2960 782 3011; x_wconf 91' lang='grc' dir='ltr'>εί</span> <span class='ocrx_word' id='word_1_429' title='bbox 810 2958 992 3027; x_wconf 80' lang='grc' dir='ltr'>διττὴν</span> <span class='ocrx_word' id='word_1_430' title='bbox 1024 2953 1160 3010; x_wconf 76' lang='grc' dir='ltr'>εἶναι</span> <span class='ocrx_word' id='word_1_431' title='bbox 1200 2958 1297 3027; x_wconf 85' lang='grc' dir='ltr'>τὴν</span> <span class='ocrx_word' id='word_1_432' title='bbox 1337 2962 1629 3029; x_wconf 81' lang='grc' dir='ltr'>ῥητορικὴν</span> <span class='ocrx_word' id='word_1_433' title='bbox 1674 2964 1839 3025; x_wconf 78' lang='grc' dir='ltr'>ἀξιῶν</span> <span class='ocrx_word' id='word_1_434' title='bbox 1886 2964 1984 3017; x_wconf 79' lang='grc' dir='ltr'>εἷθ’</span> <span class='ocrx_word' id='word_1_435' title='bbox 2015 2968 2089 3029; x_wconf 84' lang='grc' dir='ltr'>ὼς</span> <span class='ocrx_word' id='word_1_436' title='bbox 2133 2973 2260 3037; x_wconf 71' lang='grc' dir='ltr'>μιᾶς</span> <span class='ocrx_word' id='word_1_437' title='bbox 2294 2974 2386 3024; x_wconf 69' lang='grc' dir='ltr'>καὶ</span> <span class='ocrx_word' id='word_1_438' title='bbox 2408 2972 2585 3039; x_wconf 77' lang='grc' dir='ltr'>ἁπλῆς</span> <span class='ocrx_word' id='word_1_439' title='bbox 2617 2988 2760 3030; x_wconf 88' lang='grc' dir='ltr'>τινος</span> <span class='ocrx_word' id='word_1_440' title='bbox 2790 2966 2954 3032; x_wconf 70' lang='grc' dir='ltr'>οὔσης</span> <span class='ocrx_word' id='word_1_441' title='bbox 2988 2968 3083 3036; x_wconf 84' lang='grc' dir='ltr'>τὴν</span> <span class='ocrx_word' id='word_1_442' title='bbox 3120 2972 3451 3039; x_wconf 83' lang='grc' dir='ltr'>κατηγορίαν</span> <span class='ocrx_word' id='word_1_443' title='bbox 3494 2973 3808 3038; x_wconf 79' lang='grc' dir='ltr'>πεποίηται.</span> <span class='ocrx_word' id='word_1_444' title='bbox 3841 2972 4014 3040; x_wconf 66' lang='grc' dir='ltr'>Δῆλον</span> 
     </span>
    </p>
   </div>
   <div class='ocr_carea' id='block_1_54' title="bbox 732 3052 4015 3135">
    <p class='ocr_par' dir='ltr' id='par_1_54' title="bbox 732 3052 4015 3135">
     <span class='ocr_line' id='line_1_54' title="bbox 732 3052 4015 3135; baseline 0.003 -30"><span class='ocrx_word' id='word_1_445' title='bbox 732 3052 841 3121; x_wconf 80' lang='grc' dir='ltr'>γὰρ</span> <span class='ocrx_word' id='word_1_446' title='bbox 870 3054 952 3105; x_wconf 84' lang='grc' dir='ltr'>ὅτι</span> <span class='ocrx_word' id='word_1_447' title='bbox 982 3054 1029 3104; x_wconf 81' lang='grc' dir='ltr'>εἰ</span> <span class='ocrx_word' id='word_1_448' title='bbox 1071 3052 1212 3105; x_wconf 81' lang='grc' dir='ltr'>τοῦτ’</span> <span class='ocrx_word' id='word_1_449' title='bbox 1253 3053 1397 3105; x_wconf 78' lang='grc' dir='ltr'>ἐστιν</span> <span class='ocrx_word' id='word_1_450' title='bbox 1438 3054 1656 3122; x_wconf 86' lang='grc' dir='ltr'>ἀληθὲς,</span> <span class='ocrx_word' id='word_1_451' title='bbox 1698 3057 1795 3126; x_wconf 83' lang='grc' dir='ltr'>τὴν</span> <span class='ocrx_word' id='word_1_452' title='bbox 1838 3059 1933 3127; x_wconf 83' lang='grc' dir='ltr'>μὲν</span> <span class='ocrx_word' id='word_1_453' title='bbox 1968 3062 2247 3126; x_wconf 74' lang='grc' dir='ltr'>φαυλίζειν</span> <span class='ocrx_word' id='word_1_454' title='bbox 2277 3064 2375 3133; x_wconf 81' lang='grc' dir='ltr'>τὴν</span> <span class='ocrx_word' id='word_1_455' title='bbox 2398 3066 2441 3116; x_wconf 79' lang='grc' dir='ltr'>δ’</span> <span class='ocrx_word' id='word_1_456' title='bbox 2482 3067 2725 3115; x_wconf 78' lang='grc' dir='ltr'>ἐπαινεῖν</span> <span class='ocrx_word' id='word_1_457' title='bbox 2755 3066 3030 3133; x_wconf 78' lang='grc' dir='ltr'>προσῆκεν</span> <span class='ocrx_word' id='word_1_458' title='bbox 3051 3063 3198 3132; x_wconf 76' lang='grc' dir='ltr'>αὑτῷ</span> <span class='ocrx_word' id='word_1_459' title='bbox 3229 3066 3542 3135; x_wconf 79' lang='grc' dir='ltr'>διελομένῳ,</span> <span class='ocrx_word' id='word_1_460' title='bbox 3584 3070 3773 3134; x_wconf 77' lang='grc' dir='ltr'>ὥσπερ</span> <span class='ocrx_word' id='word_1_461' title='bbox 3811 3070 3870 3117; x_wconf 84' lang='grc' dir='ltr'>ἐν</span> <span class='ocrx_word' id='word_1_462' title='bbox 3901 3071 4015 3129; x_wconf 79' lang='grc' dir='ltr'>τοῖς</span> 
     </span>
    </p>
   </div>
   <div class='ocr_carea' id='block_1_55' title="bbox 735 3146 4013 3227">
    <p class='ocr_par' dir='ltr' id='par_1_55' title="bbox 735 3146 4013 3227">
     <span class='ocr_line' id='line_1_55' title="bbox 735 3146 4013 3227; baseline 0.003 -28"><span class='ocrx_word' id='word_1_463' title='bbox 735 3148 867 3216; x_wconf 75' lang='grc' dir='ltr'>περὶ</span> <span class='ocrx_word' id='word_1_464' title='bbox 895 3147 1096 3214; x_wconf 69' lang='grc' dir='ltr'>ἔρωτος</span> <span class='ocrx_word' id='word_1_465' title='bbox 1124 3146 1298 3211; x_wconf 86' lang='grc' dir='ltr'>λόγοις</span> <span class='ocrx_word' id='word_1_466' title='bbox 1330 3146 1376 3177; x_wconf 85' lang='grc'>⁸³</span> <span class='ocrx_word' id='word_1_467' title='bbox 1410 3148 1660 3214; x_wconf 83' lang='grc' dir='ltr'>φαίνεται</span> <span class='ocrx_word' id='word_1_468' title='bbox 1697 3152 2013 3220; x_wconf 84' lang='grc' dir='ltr'>πεποιηκὼς</span> <span class='ocrx_word' id='word_1_469' title='bbox 2049 3156 2143 3206; x_wconf 76' lang='grc' dir='ltr'>καὶ</span> <span class='ocrx_word' id='word_1_470' title='bbox 2173 3156 2306 3208; x_wconf 85' lang='grc' dir='ltr'>πολύ</span> <span class='ocrx_word' id='word_1_471' title='bbox 2338 3172 2400 3223; x_wconf 94' lang='grc' dir='ltr'>γε</span> <span class='ocrx_word' id='word_1_472' title='bbox 2434 3156 2695 3225; x_wconf 79' lang='grc' dir='ltr'>μειζόνων</span> <span class='ocrx_word' id='word_1_473' title='bbox 2734 3155 3023 3224; x_wconf 73' lang='grc' dir='ltr'>εὐφημιῶν</span> <span class='ocrx_word' id='word_1_474' title='bbox 3062 3156 3151 3207; x_wconf 73' lang='grc' dir='ltr'>τὸν</span> <span class='ocrx_word' id='word_1_475' title='bbox 3188 3157 3420 3226; x_wconf 76' lang='grc' dir='ltr'>χρηστὸν</span> <span class='ocrx_word' id='word_1_476' title='bbox 3450 3158 3496 3187; x_wconf 68' lang='grc'>⁸⁸</span> <span class='ocrx_word' id='word_1_477' title='bbox 3536 3156 3786 3226; x_wconf 73' lang='grc' dir='ltr'>ἠξιωκὼς</span> <span class='ocrx_word' id='word_1_478' title='bbox 3817 3158 3850 3227; x_wconf 80' lang='grc' dir='ltr'><strong>ἦ</strong></span> <span class='ocrx_word' id='word_1_479' title='bbox 3882 3159 4013 3209; x_wconf 80' lang='grc' dir='ltr'>οἴων</span> 
     </span>
    </p>
   </div>
   <div class='ocr_carea' id='block_1_56' title="bbox 733 3238 1443 3309">
    <p class='ocr_par' dir='ltr' id='par_1_56' title="bbox 733 3238 1443 3309">
     <span class='ocr_line' id='line_1_56' title="bbox 733 3238 1443 3309; baseline -0.001 -17"><span class='ocrx_word' id='word_1_480' title='bbox 733 3244 824 3294; x_wconf 80' lang='grc' dir='ltr'>τὸν</span> <span class='ocrx_word' id='word_1_481' title='bbox 857 3239 1041 3309; x_wconf 83' lang='grc' dir='ltr'>ἐτερον</span> <span class='ocrx_word' id='word_1_482' title='bbox 1068 3238 1443 3307; x_wconf 80' lang='grc' dir='ltr'>βλασφημιῶν.</span> 
     </span>
    </p>
   </div>
   <div class='ocr_carea' id='block_1_57' title="bbox 807 3330 2378 3402">
    <p class='ocr_par' dir='ltr' id='par_1_57' title="bbox 807 3330 2378 3402">
     <span class='ocr_line' id='line_1_57' title="bbox 807 3330 2378 3402; baseline 0.004 -19"><span class='ocrx_word' id='word_1_483' title='bbox 807 3330 949 3383; x_wconf 92' lang='lat' dir='ltr'><strong>Idem</strong></span> <span class='ocrx_word' id='word_1_484' title='bbox 988 3345 1147 3397; x_wconf 90' lang='lat' dir='ltr'><strong>porro</strong></span> <span class='ocrx_word' id='word_1_485' title='bbox 1198 3332 1263 3383; x_wconf 91' lang='lat' dir='ltr'>de</span> <span class='ocrx_word' id='word_1_486' title='bbox 1296 3340 1407 3384; x_wconf 92' lang='lat' dir='ltr'><strong>tota</strong></span> <span class='ocrx_word' id='word_1_487' title='bbox 1440 3346 1656 3400; x_wconf 87' lang='lat' dir='ltr'><strong>quoque</strong></span> <span class='ocrx_word' id='word_1_488' title='bbox 1697 3334 2036 3402; x_wconf 90' lang='lat' dir='ltr'><strong>philosophia</strong></span> <span class='ocrx_word' id='word_1_489' title='bbox 2078 3335 2182 3389; x_wconf 89' lang='lat' dir='ltr'><strong>dici</strong></span> <span class='ocrx_word' id='word_1_490' title='bbox 2216 3350 2308 3401; x_wconf 90' lang='lat' dir='ltr'><strong>po—</strong></span> <span class='ocrx_word' id='word_1_491' title='bbox 2336 3340 2378 3395; x_wconf 86' lang='lat' dir='ltr'><strong>C</strong></span> 
     </span>
    </p>
   </div>
   <div class='ocr_carea' id='block_1_58' title="bbox 737 3421 2311 3489">
    <p class='ocr_par' dir='ltr' id='par_1_58' title="bbox 737 3421 2311 3489">
     <span class='ocr_line' id='line_1_58' title="bbox 737 3421 2311 3489; baseline 0.004 -18"><span class='ocrx_word' id='word_1_492' title='bbox 737 3422 885 3481; x_wconf 90' lang='lat' dir='ltr'><strong>terit,</strong></span> <span class='ocrx_word' id='word_1_493' title='bbox 928 3434 992 3473; x_wconf 86' lang='lat' dir='ltr'>ac</span> <span class='ocrx_word' id='word_1_494' title='bbox 1032 3422 1097 3473; x_wconf 86' lang='lat' dir='ltr'>de</span> <span class='ocrx_word' id='word_1_495' title='bbox 1137 3421 1357 3473; x_wconf 84' lang='lat' dir='ltr'><strong>virtutis</strong></span> <span class='ocrx_word' id='word_1_496' title='bbox 1386 3422 1648 3487; x_wconf 81' lang='lat' dir='ltr'><strong>partibus,</strong></span> <span class='ocrx_word' id='word_1_497' title='bbox 1688 3423 1733 3475; x_wconf 91' lang='lat' dir='ltr'>si</span> <span class='ocrx_word' id='word_1_498' title='bbox 1758 3424 1878 3489; x_wconf 83' lang='lat' dir='ltr'><strong>quis</strong></span> <span class='ocrx_word' id='word_1_499' title='bbox 1906 3440 1999 3476; x_wconf 92' lang='lat' dir='ltr'>eas</span> <span class='ocrx_word' id='word_1_500' title='bbox 2038 3424 2311 3487; x_wconf 85' lang='lat' dir='ltr'><strong>dividens,</strong></span> 
     </span>
    </p>
   </div>
   <div class='ocr_carea' id='block_1_59' title="bbox 736 3510 2315 3580">
    <p class='ocr_par' dir='ltr' id='par_1_59' title="bbox 736 3510 2315 3580">
     <span class='ocr_line' id='line_1_59' title="bbox 736 3510 2315 3580; baseline 0 -17"><span class='ocrx_word' id='word_1_501' title='bbox 736 3510 969 3578; x_wconf 87' lang='lat' dir='ltr'><strong>primum</strong></span> <span class='ocrx_word' id='word_1_502' title='bbox 1002 3510 1137 3562; x_wconf 80' lang='lat' dir='ltr'><strong>duas</strong></span> <span class='ocrx_word' id='word_1_503' title='bbox 1169 3521 1330 3577; x_wconf 89' lang='lat' dir='ltr'><strong>ponat</strong></span> <span class='ocrx_word' id='word_1_504' title='bbox 1358 3511 1689 3579; x_wconf 76' lang='lat' dir='ltr'><strong>prudentius,</strong></span> <span class='ocrx_word' id='word_1_505' title='bbox 1721 3510 1946 3564; x_wconf 88' lang='lat' dir='ltr'><strong>alteram</strong></span> <span class='ocrx_word' id='word_1_506' title='bbox 1978 3529 2081 3580; x_wconf 88' lang='lat' dir='ltr'>qua</span> <span class='ocrx_word' id='word_1_507' title='bbox 2112 3515 2315 3580; x_wconf 92' lang='lat' dir='ltr'><strong>optima</strong></span> 
     </span>
    </p>
   </div>
   <div class='ocr_carea' id='block_1_60' title="bbox 736 3602 2314 3671">
    <p class='ocr_par' dir='ltr' id='par_1_60' title="bbox 736 3602 2314 3671">
     <span class='ocr_line' id='line_1_60' title="bbox 736 3602 2314 3671; baseline 0.002 -19"><span class='ocrx_word' id='word_1_508' title='bbox 736 3616 961 3669; x_wconf 72' lang='lat' dir='ltr'><strong>quaeque</strong></span> <span class='ocrx_word' id='word_1_509' title='bbox 1014 3602 1385 3669; x_wconf 77' lang='lat' dir='ltr'><strong>intelligimus,</strong></span> <span class='ocrx_word' id='word_1_510' title='bbox 1433 3602 1656 3655; x_wconf 87' lang='lat' dir='ltr'><strong>alteram</strong></span> <span class='ocrx_word' id='word_1_511' title='bbox 1701 3618 1804 3671; x_wconf 91' lang='lat' dir='ltr'>qua</span> <span class='ocrx_word' id='word_1_512' title='bbox 1841 3604 2023 3656; x_wconf 87' lang='lat' dir='ltr'><strong>dolose</strong></span> <span class='ocrx_word' id='word_1_513' title='bbox 2071 3605 2314 3671; x_wconf 79' lang='lat' dir='ltr'><strong>agimus;</strong></span> 
     </span>
    </p>
   </div>
   <div class='ocr_carea' id='block_1_61' title="bbox 736 3692 2319 3760">
    <p class='ocr_par' dir='ltr' id='par_1_61' title="bbox 736 3692 2319 3760">
     <span class='ocr_line' id='line_1_61' title="bbox 736 3692 2319 3760; baseline 0.001 -16"><span class='ocrx_word' id='word_1_514' title='bbox 736 3692 931 3746; x_wconf 89' lang='lat' dir='ltr'><strong>deinde</strong></span> <span class='ocrx_word' id='word_1_515' title='bbox 971 3693 1383 3760; x_wconf 79' lang='lat' dir='ltr'><strong>temperantiam</strong></span> <span class='ocrx_word' id='word_1_516' title='bbox 1434 3693 1733 3760; x_wconf 88' lang='lat' dir='ltr'><strong>duplicem,</strong></span> <span class='ocrx_word' id='word_1_517' title='bbox 1792 3695 2016 3746; x_wconf 88' lang='lat' dir='ltr'><strong>alteram</strong></span> <span class='ocrx_word' id='word_1_518' title='bbox 2058 3704 2319 3760; x_wconf 78' lang='lat' dir='ltr'><strong>expeten-</strong></span> 
     </span>
    </p>
   </div>
   <div class='ocr_carea' id='block_1_62' title="bbox 737 3784 2311 3851">
    <p class='ocr_par' dir='ltr' id='par_1_62' title="bbox 737 3784 2311 3851">
     <span class='ocr_line' id='line_1_62' title="bbox 737 3784 2311 3851; baseline -0.002 -12"><span class='ocrx_word' id='word_1_519' title='bbox 737 3788 860 3839; x_wconf 92' lang='lat' dir='ltr'>dam</span> <span class='ocrx_word' id='word_1_520' title='bbox 896 3796 951 3839; x_wconf 91' lang='lat' dir='ltr'>et</span> <span class='ocrx_word' id='word_1_521' title='bbox 975 3786 1210 3847; x_wconf 81' lang='lat' dir='ltr'><strong>civilem,</strong></span> <span class='ocrx_word' id='word_1_522' title='bbox 1255 3784 1477 3838; x_wconf 85' lang='lat' dir='ltr'><strong>alteram</strong></span> <span class='ocrx_word' id='word_1_523' title='bbox 1506 3786 1822 3849; x_wconf 82' lang='lat' dir='ltr'><strong>supinorum</strong></span> <span class='ocrx_word' id='word_1_524' title='bbox 1856 3794 1909 3837; x_wconf 87' lang='lat' dir='ltr'>et</span> <span class='ocrx_word' id='word_1_525' title='bbox 1939 3786 2311 3851; x_wconf 90' lang='lat' dir='ltr'><strong>stupidorum,</strong></span> 
     </span>
    </p>
   </div>
   <div class='ocr_carea' id='block_1_63' title="bbox 738 3875 2316 3941">
    <p class='ocr_par' dir='ltr' id='par_1_63' title="bbox 738 3875 2316 3941">
     <span class='ocr_line' id='line_1_63' title="bbox 738 3875 2316 3941; baseline -0.002 -12"><span class='ocrx_word' id='word_1_526' title='bbox 738 3889 849 3929; x_wconf 87' lang='lat' dir='ltr'>tum</span> <span class='ocrx_word' id='word_1_527' title='bbox 881 3876 1149 3941; x_wconf 82' lang='lat' dir='ltr'><strong>justitiam</strong></span> <span class='ocrx_word' id='word_1_528' title='bbox 1203 3886 1405 3929; x_wconf 89' lang='lat' dir='ltr'><strong>rectam</strong></span> <span class='ocrx_word' id='word_1_529' title='bbox 1454 3885 1507 3927; x_wconf 90' lang='lat' dir='ltr'>et</span> <span class='ocrx_word' id='word_1_530' title='bbox 1557 3876 1812 3927; x_wconf 87' lang='lat' dir='ltr'><strong>humilem</strong></span> <span class='ocrx_word' id='word_1_531' title='bbox 1858 3875 2126 3938; x_wconf 85' lang='lat' dir='ltr'><strong>alteram;</strong></span> <span class='ocrx_word' id='word_1_532' title='bbox 2161 3876 2316 3926; x_wconf 88' lang='lat' dir='ltr'><strong>deni-</strong></span> 
     </span>
    </p>
   </div>
   <div class='ocr_carea' id='block_1_64' title="bbox 738 3966 2315 4041">
    <p class='ocr_par' dir='ltr' id='par_1_64' title="bbox 738 3966 2315 4041">
     <span class='ocr_line' id='line_1_64' title="bbox 738 3966 2315 4041; baseline -0.003 -21"><span class='ocrx_word' id='word_1_533' title='bbox 738 3982 842 4041; x_wconf 79' lang='lat' dir='ltr'>que</span> <span class='ocrx_word' id='word_1_534' title='bbox 897 3966 1276 4021; x_wconf 79' lang='lat' dir='ltr'><strong>fortitudinem</strong></span> <span class='ocrx_word' id='word_1_535' title='bbox 1330 3966 1623 4032; x_wconf 84' lang='lat' dir='ltr'><strong>duplicem,</strong></span> <span class='ocrx_word' id='word_1_536' title='bbox 1661 3980 1819 4017; x_wconf 90' lang='lat' dir='ltr'><strong>unatn</strong></span> <span class='ocrx_word' id='word_1_537' title='bbox 1865 3982 1985 4018; x_wconf 86' lang='lat' dir='ltr'>eum</span> <span class='ocrx_word' id='word_1_538' title='bbox 2026 3967 2315 4033; x_wconf 86' lang='lat' dir='ltr'><strong>prudentia</strong></span> 
     </span>
    </p>
   </div>
   <div class='ocr_carea' id='block_1_65' title="bbox 737 4056 2316 4128">
    <p class='ocr_par' dir='ltr' id='par_1_65' title="bbox 737 4056 2316 4128">
     <span class='ocr_line' id='line_1_65' title="bbox 737 4056 2316 4128; baseline -0.003 -15"><span class='ocrx_word' id='word_1_539' title='bbox 737 4061 1109 4128; x_wconf 85' lang='lat' dir='ltr'><strong>conjunctam,</strong></span> <span class='ocrx_word' id='word_1_540' title='bbox 1141 4059 1365 4111; x_wconf 87' lang='lat' dir='ltr'><strong>alteram</strong></span> <span class='ocrx_word' id='word_1_541' title='bbox 1410 4059 1676 4111; x_wconf 83' lang='lat' dir='ltr'><strong>insaniam</strong></span> <span class='ocrx_word' id='word_1_542' title='bbox 1714 4068 1769 4109; x_wconf 88' lang='lat' dir='ltr'>et</span> <span class='ocrx_word' id='word_1_543' title='bbox 1800 4056 2062 4111; x_wconf 79' lang='lat' dir='ltr'><strong>furorem.</strong></span> <span class='ocrx_word' id='word_1_544' title='bbox 2114 4056 2316 4110; x_wconf 79' lang='lat' dir='ltr'><strong>Verum</strong></span> 
     </span>
    </p>
   </div>
   <div class='ocr_carea' id='block_1_66' title="bbox 739 4149 2318 4220">
    <p class='ocr_par' dir='ltr' id='par_1_66' title="bbox 739 4149 2318 4220">
     <span class='ocr_line' id='line_1_66' title="bbox 739 4149 2318 4220; baseline -0.004 -12"><span class='ocrx_word' id='word_1_545' title='bbox 739 4154 844 4208; x_wconf 87' lang='lat' dir='ltr'>hoc</span> <span class='ocrx_word' id='word_1_546' title='bbox 878 4163 983 4215; x_wconf 90' lang='lat' dir='ltr'><strong>est,</strong></span> <span class='ocrx_word' id='word_1_547' title='bbox 1028 4153 1246 4220; x_wconf 86' lang='lat' dir='ltr'><strong>opinor,</strong></span> <span class='ocrx_word' id='word_1_548' title='bbox 1303 4152 1638 4204; x_wconf 77' lang='lat' dir='ltr'><strong>confundere</strong></span> <span class='ocrx_word' id='word_1_549' title='bbox 1672 4149 1917 4213; x_wconf 84' lang='lat' dir='ltr'><strong>nomina,</strong></span> <span class='ocrx_word' id='word_1_550' title='bbox 1960 4166 2022 4202; x_wconf 90' lang='lat' dir='ltr'>ac</span> <span class='ocrx_word' id='word_1_551' title='bbox 2052 4162 2318 4216; x_wconf 70' lang='lat' dir='ltr'><strong>separatae</strong></span> 
     </span>
    </p>
   </div>
   <div class='ocr_carea' id='block_1_67' title="bbox 739 4242 2317 4312">
    <p class='ocr_par' dir='ltr' id='par_1_67' title="bbox 739 4242 2317 4312">
     <span class='ocr_line' id='line_1_67' title="bbox 739 4242 2317 4312; baseline -0.004 -14"><span class='ocrx_word' id='word_1_552' title='bbox 739 4253 867 4298; x_wconf 89' lang='lat' dir='ltr'><strong>sunt</strong></span> <span class='ocrx_word' id='word_1_553' title='bbox 893 4259 921 4295; x_wconf 94' lang='lat' dir='ltr'>a</span> <span class='ocrx_word' id='word_1_554' title='bbox 956 4257 1014 4296; x_wconf 89' lang='lat' dir='ltr'>se</span> <span class='ocrx_word' id='word_1_555' title='bbox 1062 4243 1328 4310; x_wconf 81' lang='lat' dir='ltr'><strong>sapientia</strong></span> <span class='ocrx_word' id='word_1_556' title='bbox 1360 4251 1413 4293; x_wconf 85' lang='lat' dir='ltr'>et</span> <span class='ocrx_word' id='word_1_557' title='bbox 1454 4242 1676 4305; x_wconf 75' lang='lat' dir='ltr'><strong>astutia,</strong></span> <span class='ocrx_word' id='word_1_558' title='bbox 1711 4242 2094 4312; x_wconf 79' lang='lat' dir='ltr'><strong>temperantia,</strong></span> <span class='ocrx_word' id='word_1_559' title='bbox 2123 4251 2175 4293; x_wconf 90' lang='lat' dir='ltr'>et</span> <span class='ocrx_word' id='word_1_560' title='bbox 2204 4251 2317 4292; x_wconf 82' lang='lat' dir='ltr'><strong>stu-</strong></span> 
     </span>
    </p>
   </div>
   <div class='ocr_carea' id='block_1_68' title="bbox 734 4332 2313 4403">
    <p class='ocr_par' dir='ltr' id='par_1_68' title="bbox 734 4332 2313 4403">
     <span class='ocr_line' id='line_1_68' title="bbox 734 4332 2313 4403; baseline -0.002 -16"><span class='ocrx_word' id='word_1_561' title='bbox 734 4336 956 4403; x_wconf 82' lang='lat' dir='ltr'><strong>piditas,</strong></span> <span class='ocrx_word' id='word_1_562' title='bbox 985 4334 1197 4402; x_wconf 84' lang='lat' dir='ltr'><strong>justitia</strong></span> <span class='ocrx_word' id='word_1_563' title='bbox 1221 4344 1272 4386; x_wconf 90' lang='lat' dir='ltr'>et</span> <span class='ocrx_word' id='word_1_564' title='bbox 1308 4332 1652 4400; x_wconf 86' lang='lat' dir='ltr'><strong>simplicitas,</strong></span> <span class='ocrx_word' id='word_1_565' title='bbox 1690 4333 1951 4384; x_wconf 66' lang='lat' dir='ltr'><strong>fortitudo</strong></span> <span class='ocrx_word' id='word_1_566' title='bbox 1987 4343 2037 4383; x_wconf 90' lang='lat' dir='ltr'>et</span> <span class='ocrx_word' id='word_1_567' title='bbox 2064 4332 2313 4384; x_wconf 79' lang='lat' dir='ltr'><strong>audacia.</strong></span> 
     </span>
    </p>
   </div>
   <div class='ocr_carea' id='block_1_69' title="bbox 736 4421 2319 4488">
    <p class='ocr_par' dir='ltr' id='par_1_69' title="bbox 736 4421 2319 4488">
     <span class='ocr_line' id='line_1_69' title="bbox 736 4421 2319 4488; baseline -0.003 -8"><span class='ocrx_word' id='word_1_568' title='bbox 736 4426 997 4480; x_wconf 77' lang='lat' dir='ltr'><strong>Neutrum</strong></span> <span class='ocrx_word' id='word_1_569' title='bbox 1036 4440 1163 4479; x_wconf 87' lang='lat' dir='ltr'><strong>vero</strong></span> <span class='ocrx_word' id='word_1_570' title='bbox 1203 4424 1283 4477; x_wconf 87' lang='lat' dir='ltr'>vel</span> <span class='ocrx_word' id='word_1_571' title='bbox 1328 4424 1613 4478; x_wconf 83' lang='lat' dir='ltr'><strong>honestum</strong></span> <span class='ocrx_word' id='word_1_572' title='bbox 1658 4432 1763 4488; x_wconf 90' lang='lat' dir='ltr'><strong>est,</strong></span> <span class='ocrx_word' id='word_1_573' title='bbox 1812 4423 1892 4475; x_wconf 86' lang='lat' dir='ltr'>vel</span> <span class='ocrx_word' id='word_1_574' title='bbox 1940 4421 2178 4486; x_wconf 80' lang='lat' dir='ltr'><strong>dilﬁcile,</strong></span> <span class='ocrx_word' id='word_1_575' title='bbox 2220 4438 2319 4476; x_wconf 90' lang='lat' dir='ltr'>nec</span> 
     </span>
    </p>
   </div>
   <div class='ocr_carea' id='block_1_70' title="bbox 735 4516 2319 4578">
    <p class='ocr_par' dir='ltr' id='par_1_70' title="bbox 735 4516 2319 4578">
     <span class='ocr_line' id='line_1_70' title="bbox 735 4516 2319 4578; baseline -0.002 -8"><span class='ocrx_word' id='word_1_576' title='bbox 735 4517 885 4571; x_wconf 82' lang='lat' dir='ltr'><strong>vitiis</strong></span> <span class='ocrx_word' id='word_1_577' title='bbox 933 4516 1149 4569; x_wconf 86' lang='lat' dir='ltr'><strong>virtutis</strong></span> <span class='ocrx_word' id='word_1_578' title='bbox 1206 4516 1363 4569; x_wconf 88' lang='lat' dir='ltr'><strong>titulo</strong></span> <span class='ocrx_word' id='word_1_579' title='bbox 1411 4516 1665 4578; x_wconf 86' lang='lat' dir='ltr'><strong>blandiri,</strong></span> <span class='ocrx_word' id='word_1_580' title='bbox 1714 4530 1813 4569; x_wconf 90' lang='lat' dir='ltr'>nec</span> <span class='ocrx_word' id='word_1_581' title='bbox 1846 4516 2077 4568; x_wconf 85' lang='lat' dir='ltr'><strong>virtutes</strong></span> <span class='ocrx_word' id='word_1_582' title='bbox 2123 4516 2319 4567; x_wconf 89' lang='lat' dir='ltr'><strong>additis</strong></span> 
     </span>
    </p>
   </div>
   <div class='ocr_carea' id='block_1_71' title="bbox 736 4608 2371 4675">
    <p class='ocr_par' dir='ltr' id='par_1_71' title="bbox 736 4608 2371 4675">
     <span class='ocr_line' id='line_1_71' title="bbox 736 4608 2371 4675; baseline -0.001 -14"><span class='ocrx_word' id='word_1_583' title='bbox 736 4610 1029 4675; x_wconf 77' lang='lat' dir='ltr'><strong>unicuique</strong></span> <span class='ocrx_word' id='word_1_584' title='bbox 1077 4609 1224 4662; x_wconf 90' lang='lat' dir='ltr'><strong>vitiis</strong></span> <span class='ocrx_word' id='word_1_585' title='bbox 1277 4608 1412 4673; x_wconf 88' lang='lat' dir='ltr'><strong>suis,</strong></span> <span class='ocrx_word' id='word_1_586' title='bbox 1468 4610 1811 4669; x_wconf 82' lang='lat' dir='ltr'><strong>calumniari,</strong></span> <span class='ocrx_word' id='word_1_587' title='bbox 1867 4608 1917 4660; x_wconf 93' lang='lat' dir='ltr'>in</span> <span class='ocrx_word' id='word_1_588' title='bbox 1956 4618 2162 4660; x_wconf 90' lang='lat' dir='ltr'><strong>tantttm</strong></span> <span class='ocrx_word' id='word_1_589' title='bbox 2204 4610 2316 4659; x_wconf 66' lang='lat' dir='ltr'><strong>hare</strong></span> <span class='ocrx_word' id='word_1_590' title='bbox 2350 4665 2371 4675; x_wconf 21' lang='grc' dir='ltr'>,ν</span> 
     </span>
    </p>
   </div>
   <div class='ocr_carea' id='block_1_72' title="bbox 738 4694 2310 4765">
    <p class='ocr_par' dir='ltr' id='par_1_72' title="bbox 738 4694 2310 4765">
     <span class='ocr_line' id='line_1_72' title="bbox 738 4694 2310 4765; baseline -0.002 -17"><span class='ocrx_word' id='word_1_591' title='bbox 738 4698 879 4749; x_wconf 86' lang='lat' dir='ltr'><strong>inter</strong></span> <span class='ocrx_word' id='word_1_592' title='bbox 902 4698 1407 4765; x_wconf 76' lang='lat' dir='ltr'><strong>sedistinguuntur.</strong></span> <span class='ocrx_word' id='word_1_593' title='bbox 1434 4694 1489 4749; x_wconf 91' lang='lat' dir='ltr'><strong>Si</strong></span> <span class='ocrx_word' id='word_1_594' title='bbox 1516 4696 1909 4763; x_wconf 69' lang='lat' dir='ltr'><strong>euimlprorsus</strong></span> <span class='ocrx_word' id='word_1_595' title='bbox 1939 4696 2017 4748; x_wconf 85' lang='lat' dir='ltr'>sic</span> <span class='ocrx_word' id='word_1_596' title='bbox 2036 4694 2310 4747; x_wconf 84' lang='lat' dir='ltr'><strong>existimat</strong></span> 
     </span>
    </p>
   </div>
   <div class='ocr_carea' id='block_1_73' title="bbox 736 4786 2315 4855">
    <p class='ocr_par' dir='ltr' id='par_1_73' title="bbox 736 4786 2315 4855">
     <span class='ocr_line' id='line_1_73' title="bbox 736 4786 2315 4855; baseline -0.003 -16"><span class='ocrx_word' id='word_1_597' title='bbox 736 4786 911 4849; x_wconf 82' lang='lat' dir='ltr'><strong>Plato,</strong></span> <span class='ocrx_word' id='word_1_598' title='bbox 964 4796 1021 4839; x_wconf 93' lang='lat' dir='ltr'>ut</span> <span class='ocrx_word' id='word_1_599' title='bbox 1063 4787 1280 4855; x_wconf 81' lang='lat' dir='ltr'><strong>quidem</strong></span> <span class='ocrx_word' id='word_1_600' title='bbox 1315 4801 1515 4852; x_wconf 77' lang='lat' dir='ltr'><strong>negare</strong></span> <span class='ocrx_word' id='word_1_601' title='bbox 1563 4788 1748 4848; x_wconf 90' lang='lat' dir='ltr'><strong>nolim,</strong></span> <span class='ocrx_word' id='word_1_602' title='bbox 1788 4798 1845 4839; x_wconf 91' lang='lat' dir='ltr'>ct</span> <span class='ocrx_word' id='word_1_603' title='bbox 1884 4801 2060 4839; x_wconf 91' lang='lat' dir='ltr'><strong>veram</strong></span> <span class='ocrx_word' id='word_1_604' title='bbox 2103 4787 2315 4851; x_wconf 83' lang='lat' dir='ltr'><strong>excepit</strong></span> 
     </span>
    </p>
   </div>
   <div class='ocr_carea' id='block_1_74' title="bbox 739 4876 2316 4945">
    <p class='ocr_par' dir='ltr' id='par_1_74' title="bbox 739 4876 2316 4945">
     <span class='ocr_line' id='line_1_74' title="bbox 739 4876 2316 4945; baseline -0.001 -15"><span class='ocrx_word' id='word_1_605' title='bbox 739 4878 1088 4943; x_wconf 90' lang='lat' dir='ltr'><strong>rhetoricam,</strong></span> <span class='ocrx_word' id='word_1_606' title='bbox 1127 4892 1340 4945; x_wconf 57' lang='lat' dir='ltr'><strong>equum</strong></span> <span class='ocrx_word' id='word_1_607' title='bbox 1382 4886 1465 4932; x_wconf 49' lang='grc' dir='ltr'>εει</span> <span class='ocrx_word' id='word_1_608' title='bbox 1500 4892 1715 4940; x_wconf 85' lang='lat' dir='ltr'><strong>cavere,</strong></span> <span class='ocrx_word' id='word_1_609' title='bbox 1749 4892 1814 4929; x_wconf 91' lang='lat' dir='ltr'>ne</span> <span class='ocrx_word' id='word_1_610' title='bbox 1859 4876 2218 4943; x_wconf 83' lang='lat' dir='ltr'><strong>decipiantur,</strong></span> <span class='ocrx_word' id='word_1_611' title='bbox 2261 4888 2316 4929; x_wconf 90' lang='lat' dir='ltr'>et</span> 
     </span>
    </p>
   </div>
   <div class='ocr_carea' id='block_1_75' title="bbox 740 4967 2315 5036">
    <p class='ocr_par' dir='ltr' id='par_1_75' title="bbox 740 4967 2315 5036">
     <span class='ocr_line' id='line_1_75' title="bbox 740 4967 2315 5036; baseline -0.003 -15"><span class='ocrx_word' id='word_1_612' title='bbox 740 4969 844 5022; x_wconf 90' lang='lat' dir='ltr'>hoc</span> <span class='ocrx_word' id='word_1_613' title='bbox 883 4969 1059 5036; x_wconf 87' lang='lat' dir='ltr'><strong>ipsum</strong></span> <span class='ocrx_word' id='word_1_614' title='bbox 1098 4968 1352 5036; x_wconf 77' lang='lat' dir='ltr'><strong>ignorent</strong></span> <span class='ocrx_word' id='word_1_615' title='bbox 1377 4967 1645 5035; x_wconf 88' lang='lat' dir='ltr'><strong>plerique,</strong></span> <span class='ocrx_word' id='word_1_616' title='bbox 1682 4982 1746 5020; x_wconf 92' lang='lat' dir='ltr'>ac</span> <span class='ocrx_word' id='word_1_617' title='bbox 1776 4967 1959 5030; x_wconf 82' lang='lat' dir='ltr'><strong>citius,</strong></span> <span class='ocrx_word' id='word_1_618' title='bbox 1995 4981 2156 5035; x_wconf 89' lang='lat' dir='ltr'><strong>quam</strong></span> <span class='ocrx_word' id='word_1_619' title='bbox 2186 4981 2315 5019; x_wconf 89' lang='lat' dir='ltr'><strong>cou-</strong></span> 
     </span>
    </p>
   </div>
   <div class='ocr_carea' id='block_1_76' title="bbox 740 5058 2311 5129">
    <p class='ocr_par' dir='ltr' id='par_1_76' title="bbox 740 5058 2311 5129">
     <span class='ocr_line' id='line_1_76' title="bbox 740 5058 2311 5129; baseline -0.003 -15"><span class='ocrx_word' id='word_1_620' title='bbox 740 5063 905 5115; x_wconf 85' lang='lat' dir='ltr'><strong>ducat</strong></span> <span class='ocrx_word' id='word_1_621' title='bbox 928 5061 992 5113; x_wconf 88' lang='lat' dir='ltr'>de</span> <span class='ocrx_word' id='word_1_622' title='bbox 1016 5061 1179 5115; x_wconf 89' lang='lat' dir='ltr'><strong>rebus</strong></span> <span class='ocrx_word' id='word_1_623' title='bbox 1213 5061 1397 5123; x_wconf 90' lang='lat' dir='ltr'><strong>tantis,</strong></span> <span class='ocrx_word' id='word_1_624' title='bbox 1423 5062 1577 5129; x_wconf 89' lang='lat' dir='ltr'><strong>quasi</strong></span> <span class='ocrx_word' id='word_1_625' title='bbox 1607 5076 1741 5129; x_wconf 90' lang='lat' dir='ltr'><strong>puro</strong></span> <span class='ocrx_word' id='word_1_626' title='bbox 1764 5058 2024 5128; x_wconf 73' lang='lat' dir='ltr'><strong>suﬂragio</strong></span> <span class='ocrx_word' id='word_1_627' title='bbox 2048 5069 2311 5114; x_wconf 89' lang='lat' dir='ltr'><strong>statuant.</strong></span> 
     </span>
    </p>
   </div>
   <div class='ocr_carea' id='block_1_77' title="bbox 2496 3330 4016 3402">
    <p class='ocr_par' dir='ltr' id='par_1_77' title="bbox 2496 3330 4016 3402">
     <span class='ocr_line' id='line_1_77' title="bbox 2496 3330 4016 3402; baseline 0.001 -17"><span class='ocrx_word' id='word_1_628' title='bbox 2496 3336 2552 3385; x_wconf 92' lang='lat'>&#39;0</span> <span class='ocrx_word' id='word_1_629' title='bbox 2581 3335 2623 3386; x_wconf 84' lang='grc' dir='ltr'>δ’</span> <span class='ocrx_word' id='word_1_630' title='bbox 2652 3330 2806 3387; x_wconf 75' lang='grc' dir='ltr'>οὑν⁸⁸</span> <span class='ocrx_word' id='word_1_631' title='bbox 2835 3335 3055 3397; x_wconf 79' lang='grc' dir='ltr'>αὑτδς⁸⁶</span> <span class='ocrx_word' id='word_1_632' title='bbox 3090 3334 3248 3401; x_wconf 89' lang='grc' dir='ltr'>λόγος</span> <span class='ocrx_word' id='word_1_633' title='bbox 3295 3335 3393 3386; x_wconf 74' lang='grc' dir='ltr'>καὶ</span> <span class='ocrx_word' id='word_1_634' title='bbox 3423 3335 3549 3402; x_wconf 73' lang='grc' dir='ltr'>περὶ</span> <span class='ocrx_word' id='word_1_635' title='bbox 3579 3336 3759 3402; x_wconf 74' lang='grc' dir='ltr'>πάσης</span> <span class='ocrx_word' id='word_1_636' title='bbox 3795 3336 4016 3402; x_wconf 67' lang='grc' dir='ltr'>φιλοσο-</span> 
     </span>
    </p>
   </div>
   <div class='ocr_carea' id='block_1_78' title="bbox 2422 3425 4015 3494">
    <p class='ocr_par' dir='ltr' id='par_1_78' title="bbox 2422 3425 4015 3494">
     <span class='ocr_line' id='line_1_78' title="bbox 2422 3425 4015 3494; baseline 0.003 -20"><span class='ocrx_word' id='word_1_637' title='bbox 2422 3426 2545 3492; x_wconf 82' lang='grc' dir='ltr'>φίας</span> <span class='ocrx_word' id='word_1_638' title='bbox 2579 3426 2674 3477; x_wconf 77' lang='grc' dir='ltr'>καὶ</span> <span class='ocrx_word' id='word_1_639' title='bbox 2707 3426 2833 3494; x_wconf 82' lang='grc' dir='ltr'>περί</span> <span class='ocrx_word' id='word_1_640' title='bbox 2882 3443 2944 3492; x_wconf 92' lang='grc' dir='ltr'>γε</span> <span class='ocrx_word' id='word_1_641' title='bbox 2993 3425 3101 3477; x_wconf 81' lang='grc' dir='ltr'>τῶν</span> <span class='ocrx_word' id='word_1_642' title='bbox 3146 3425 3246 3491; x_wconf 76' lang='grc' dir='ltr'>τῆς</span> <span class='ocrx_word' id='word_1_643' title='bbox 3277 3425 3498 3493; x_wconf 83' lang='grc' dir='ltr'>ἀρετῆς,</span> <span class='ocrx_word' id='word_1_644' title='bbox 3550 3425 3601 3475; x_wconf 87' lang='grc' dir='ltr'>εῖ</span> <span class='ocrx_word' id='word_1_645' title='bbox 3639 3443 3721 3487; x_wconf 90' lang='grc' dir='ltr'>τις</span> <span class='ocrx_word' id='word_1_646' title='bbox 3767 3427 4015 3493; x_wconf 76' lang='grc' dir='ltr'>βούλοιτο</span> 
     </span>
    </p>
   </div>
   <div class='ocr_carea' id='block_1_79' title="bbox 2419 3512 4007 3582">
    <p class='ocr_par' dir='ltr' id='par_1_79' title="bbox 2419 3512 4007 3582">
     <span class='ocr_line' id='line_1_79' title="bbox 2419 3512 4007 3582; baseline -0.001 -18"><span class='ocrx_word' id='word_1_647' title='bbox 2419 3512 2796 3582; x_wconf 87' lang='grc' dir='ltr'>διαιρούμενος</span> <span class='ocrx_word' id='word_1_648' title='bbox 2814 3514 3031 3581; x_wconf 81' lang='grc' dir='ltr'>πρῶτον</span> <span class='ocrx_word' id='word_1_649' title='bbox 3057 3513 3153 3581; x_wconf 86' lang='grc' dir='ltr'>μὲν</span> <span class='ocrx_word' id='word_1_650' title='bbox 3181 3514 3368 3579; x_wconf 72' lang='grc' dir='ltr'>σοφίας</span> <span class='ocrx_word' id='word_1_651' title='bbox 3390 3513 3481 3564; x_wconf 77' lang='grc' dir='ltr'>δύο</span> <span class='ocrx_word' id='word_1_652' title='bbox 3508 3514 4007 3581; x_wconf 62' lang='grc' dir='ltr'>προσαγορεύεινη,</span> 
     </span>
    </p>
   </div>
   <div class='ocr_carea' id='block_1_80' title="bbox 2420 3598 4009 3675">
    <p class='ocr_par' dir='ltr' id='par_1_80' title="bbox 2420 3598 4009 3675">
     <span class='ocr_line' id='line_1_80' title="bbox 2420 3598 4009 3675; baseline 0.002 -21"><span class='ocrx_word' id='word_1_653' title='bbox 2420 3603 2517 3671; x_wconf 87' lang='grc' dir='ltr'>τὴν</span> <span class='ocrx_word' id='word_1_654' title='bbox 2552 3603 2649 3671; x_wconf 79' lang='grc' dir='ltr'>μὲν</span> <span class='ocrx_word' id='word_1_655' title='bbox 2736 3605 2801 3655; x_wconf 77' lang='grc' dir='ltr'>τὰ</span> <span class='ocrx_word' id='word_1_656' title='bbox 2829 3604 3079 3671; x_wconf 84' lang='grc' dir='ltr'>βέλτιστα</span> <span class='ocrx_word' id='word_1_657' title='bbox 3110 3604 3384 3671; x_wconf 78' lang='grc' dir='ltr'>συνίεμεν,</span> <span class='ocrx_word' id='word_1_658' title='bbox 3414 3604 3513 3672; x_wconf 77' lang='grc' dir='ltr'>τὴν</span> <span class='ocrx_word' id='word_1_659' title='bbox 3542 3602 3587 3653; x_wconf 83' lang='grc' dir='ltr'>δ’</span> <span class='ocrx_word' id='word_1_660' title='bbox 3614 3604 3811 3672; x_wconf 78' lang='grc' dir='ltr'>ἑτέραν</span> <span class='ocrx_word' id='word_1_661' title='bbox 3908 3623 4009 3657; x_wconf 83' lang='grc' dir='ltr'>κα-</span> 
     </span>
    </p>
   </div>
   <div class='ocr_carea' id='block_1_81' title="bbox 2420 3694 4011 3763">
    <p class='ocr_par' dir='ltr' id='par_1_81' title="bbox 2420 3694 4011 3763">
     <span class='ocr_line' id='line_1_81' title="bbox 2420 3694 4011 3763; baseline 0 -18"><span class='ocrx_word' id='word_1_662' title='bbox 2420 3694 2776 3761; x_wconf 72' lang='grc' dir='ltr'>κουργοῦσιν,</span> <span class='ocrx_word' id='word_1_663' title='bbox 2830 3695 3020 3746; x_wconf 74' lang='grc' dir='ltr'>ἔπειτα</span> <span class='ocrx_word' id='word_1_664' title='bbox 3074 3695 3428 3761; x_wconf 70' lang='grc' dir='ltr'>σωφροσύιην</span> <span class='ocrx_word' id='word_1_665' title='bbox 3473 3694 3700 3761; x_wconf 78' lang='grc' dir='ltr'>διπλῆν,</span> <span class='ocrx_word' id='word_1_666' title='bbox 3751 3696 3852 3761; x_wconf 74' lang='grc' dir='ltr'>τὴν</span> <span class='ocrx_word' id='word_1_667' title='bbox 3911 3698 4011 3763; x_wconf 78' lang='grc' dir='ltr'>μὲν</span> 
     </span>
    </p>
   </div>
   <div class='ocr_carea' id='block_1_82' title="bbox 2422 3784 4012 3854">
    <p class='ocr_par' dir='ltr' id='par_1_82' title="bbox 2422 3784 4012 3854">
     <span class='ocr_line' id='line_1_82' title="bbox 2422 3784 4012 3854; baseline 0.001 -19"><span class='ocrx_word' id='word_1_668' title='bbox 2422 3784 2655 3852; x_wconf 80' lang='grc' dir='ltr'>σπουδῆς</span> <span class='ocrx_word' id='word_1_669' title='bbox 2680 3785 2836 3850; x_wconf 80' lang='grc' dir='ltr'>ἀξίαν</span> <span class='ocrx_word' id='word_1_670' title='bbox 2865 3786 2957 3836; x_wconf 73' lang='grc' dir='ltr'>καὶ</span> <span class='ocrx_word' id='word_1_671' title='bbox 2988 3786 3296 3852; x_wconf 81' lang='grc' dir='ltr'>πολιτικὴν,</span> <span class='ocrx_word' id='word_1_672' title='bbox 3324 3786 3422 3854; x_wconf 87' lang='grc' dir='ltr'>τὴν</span> <span class='ocrx_word' id='word_1_673' title='bbox 3446 3785 3501 3837; x_wconf 84' lang='grc' dir='ltr'>δὲ</span> <span class='ocrx_word' id='word_1_674' title='bbox 3533 3784 3743 3853; x_wconf 70' lang='grc' dir='ltr'>νωθράν</span> <span class='ocrx_word' id='word_1_675' title='bbox 3756 3784 3801 3815; x_wconf 84' lang='grc'>⁸⁸</span> <span class='ocrx_word' id='word_1_676' title='bbox 3832 3802 3893 3835; x_wconf 91' lang='grc' dir='ltr'>τε</span> <span class='ocrx_word' id='word_1_677' title='bbox 3919 3788 4012 3837; x_wconf 73' lang='grc' dir='ltr'>καὶ</span> 
     </span>
    </p>
   </div>
   <div class='ocr_carea' id='block_1_83' title="bbox 2422 3873 4009 3944">
    <p class='ocr_par' dir='ltr' id='par_1_83' title="bbox 2422 3873 4009 3944">
     <span class='ocr_line' id='line_1_83' title="bbox 2422 3873 4009 3944; baseline -0.001 -18"><span class='ocrx_word' id='word_1_678' title='bbox 2422 3875 2639 3937; x_wconf 84' lang='grc' dir='ltr'>ὑπτίαν,</span> <span class='ocrx_word' id='word_1_679' title='bbox 2682 3875 2821 3926; x_wconf 66' lang='lat' dir='ltr'><strong>Eri.&quot;</strong></span> <span class='ocrx_word' id='word_1_680' title='bbox 2851 3874 2894 3925; x_wconf 85' lang='grc' dir='ltr'>δ’</span> <span class='ocrx_word' id='word_1_681' title='bbox 2925 3873 2991 3926; x_wconf 74' lang='grc' dir='ltr'>αὖ</span> <span class='ocrx_word' id='word_1_682' title='bbox 3024 3875 3369 3942; x_wconf 79' lang='grc' dir='ltr'>δικαιοσύνην</span> <span class='ocrx_word' id='word_1_683' title='bbox 3413 3874 3637 3944; x_wconf 74' lang='grc' dir='ltr'>ὀρθὴν⁹⁹</span> <span class='ocrx_word' id='word_1_684' title='bbox 3669 3876 3764 3925; x_wconf 78' lang='grc' dir='ltr'>καὶ</span> <span class='ocrx_word' id='word_1_685' title='bbox 3812 3876 4009 3943; x_wconf 80' lang='grc' dir='ltr'>ἑτέραν</span> 
     </span>
    </p>
   </div>
   <div class='ocr_carea' id='block_1_84' title="bbox 2419 3965 4011 4034">
    <p class='ocr_par' dir='ltr' id='par_1_84' title="bbox 2419 3965 4011 4034">
     <span class='ocr_line' id='line_1_84' title="bbox 2419 3965 4011 4034; baseline 0 -17"><span class='ocrx_word' id='word_1_686' title='bbox 2419 3965 2703 4034; x_wconf 83' lang='grc' dir='ltr'>ταπεινὴν,</span> <span class='ocrx_word' id='word_1_687' title='bbox 2741 3967 2833 4016; x_wconf 67' lang='grc' dir='ltr'>καὶ</span> <span class='ocrx_word' id='word_1_688' title='bbox 2859 3966 3051 4034; x_wconf 79' lang='grc' dir='ltr'>διπλῆν</span> <span class='ocrx_word' id='word_1_689' title='bbox 3080 3966 3383 4033; x_wconf 76' lang='grc' dir='ltr'>ἀνδρίαν⁹¹.</span> <span class='ocrx_word' id='word_1_690' title='bbox 3418 3966 3528 4034; x_wconf 85' lang='grc' dir='ltr'>Τὴν</span> <span class='ocrx_word' id='word_1_691' title='bbox 3561 3967 3657 4033; x_wconf 78' lang='grc' dir='ltr'>μὲν</span> <span class='ocrx_word' id='word_1_692' title='bbox 3682 3968 3781 4016; x_wconf 74' lang='grc' dir='ltr'>σὺν</span> <span class='ocrx_word' id='word_1_693' title='bbox 3811 3966 3888 4034; x_wconf 80' lang='grc' dir='ltr'>νῷ</span> <span class='ocrx_word' id='word_1_694' title='bbox 3917 3969 4011 4017; x_wconf 68' lang='grc' dir='ltr'>καὶ</span> 
     </span>
    </p>
   </div>
   <div class='ocr_carea' id='block_1_85' title="bbox 2421 4058 4009 4127">
    <p class='ocr_par' dir='ltr' id='par_1_85' title="bbox 2421 4058 4009 4127">
     <span class='ocr_line' id='line_1_85' title="bbox 2421 4058 4009 4127; baseline 0.001 -20"><span class='ocrx_word' id='word_1_695' title='bbox 2421 4060 2635 4126; x_wconf 71' lang='grc' dir='ltr'>φρεσὶν,</span> <span class='ocrx_word' id='word_1_696' title='bbox 2692 4058 2789 4125; x_wconf 83' lang='grc' dir='ltr'>τὴν</span> <span class='ocrx_word' id='word_1_697' title='bbox 2833 4058 2890 4109; x_wconf 82' lang='grc' dir='ltr'>δὲ</span> <span class='ocrx_word' id='word_1_698' title='bbox 2945 4060 3203 4110; x_wconf 80' lang='grc' dir='ltr'>ἀπόνοιαν</span> <span class='ocrx_word' id='word_1_699' title='bbox 3240 4059 3333 4110; x_wconf 77' lang='grc' dir='ltr'>καὶ</span> <span class='ocrx_word' id='word_1_700' title='bbox 3379 4061 3573 4127; x_wconf 88' lang='grc' dir='ltr'>μανίαν</span> <span class='ocrx_word' id='word_1_701' title='bbox 3624 4059 3812 4111; x_wconf 76' lang='grc' dir='ltr'>οὖσαν.</span> <span class='ocrx_word' id='word_1_702' title='bbox 3868 4060 4009 4110; x_wconf 78' lang='grc' dir='ltr'>Ἀλλ’</span> 
     </span>
    </p>
   </div>
   <div class='ocr_carea' id='block_1_86' title="bbox 2420 4146 4006 4217">
    <p class='ocr_par' dir='ltr' id='par_1_86' title="bbox 2420 4146 4006 4217">
     <span class='ocr_line' id='line_1_86' title="bbox 2420 4146 4006 4217; baseline -0.001 -16"><span class='ocrx_word' id='word_1_703' title='bbox 2420 4146 2595 4217; x_wconf 78' lang='grc' dir='ltr'>οἶμαι,</span> <span class='ocrx_word' id='word_1_704' title='bbox 2623 4148 2797 4200; x_wconf 81' lang='grc' dir='ltr'>πάντα</span> <span class='ocrx_word' id='word_1_705' title='bbox 2818 4148 3048 4200; x_wconf 77' lang='grc' dir='ltr'>ταῦτα”</span> <span class='ocrx_word' id='word_1_706' title='bbox 3070 4150 3178 4201; x_wconf 84' lang='grc' dir='ltr'>τῶν</span> <span class='ocrx_word' id='word_1_707' title='bbox 3201 4150 3480 4216; x_wconf 84' lang='grc' dir='ltr'>φυρόντων</span> <span class='ocrx_word' id='word_1_708' title='bbox 3508 4151 3623 4201; x_wconf 74' lang='grc' dir='ltr'>ἐστὶ</span> <span class='ocrx_word' id='word_1_709' title='bbox 3648 4152 3715 4201; x_wconf 74' lang='grc' dir='ltr'>τὰ</span> <span class='ocrx_word' id='word_1_710' title='bbox 3740 4151 4006 4217; x_wconf 80' lang='grc' dir='ltr'>ὀνόματα,</span> 
     </span>
    </p>
   </div>
   <div class='ocr_carea' id='block_1_87' title="bbox 2422 4239 4005 4310">
    <p class='ocr_par' dir='ltr' id='par_1_87' title="bbox 2422 4239 4005 4310">
     <span class='ocr_line' id='line_1_87' title="bbox 2422 4239 4005 4310; baseline 0.001 -19"><span class='ocrx_word' id='word_1_711' title='bbox 2422 4241 2513 4292; x_wconf 74' lang='grc' dir='ltr'>καὶ</span> <span class='ocrx_word' id='word_1_712' title='bbox 2564 4239 2877 4309; x_wconf 82' lang='grc' dir='ltr'>διῄρηται⁹⁸</span> <span class='ocrx_word' id='word_1_713' title='bbox 2926 4240 3087 4307; x_wconf 81' lang='grc' dir='ltr'>σοφία</span> <span class='ocrx_word' id='word_1_714' title='bbox 3138 4242 3231 4292; x_wconf 82' lang='grc' dir='ltr'>καὶ</span> <span class='ocrx_word' id='word_1_715' title='bbox 3284 4242 3624 4309; x_wconf 86' lang='grc' dir='ltr'>κακουργία,</span> <span class='ocrx_word' id='word_1_716' title='bbox 3678 4241 4005 4310; x_wconf 68' lang='grc' dir='ltr'>σωφροσύνη</span> 
     </span>
    </p>
   </div>
   <div class='ocr_carea' id='block_1_88' title="bbox 2422 4330 4007 4403">
    <p class='ocr_par' dir='ltr' id='par_1_88' title="bbox 2422 4330 4007 4403">
     <span class='ocr_line' id='line_1_88' title="bbox 2422 4330 4007 4403; baseline 0.003 -22"><span class='ocrx_word' id='word_1_717' title='bbox 2422 4333 2514 4381; x_wconf 68' lang='grc' dir='ltr'>καὶ</span> <span class='ocrx_word' id='word_1_718' title='bbox 2549 4330 2798 4397; x_wconf 86' lang='grc' dir='ltr'>βλακεία,</span> <span class='ocrx_word' id='word_1_719' title='bbox 2833 4330 3147 4400; x_wconf 79' lang='grc' dir='ltr'>δικαιοσύνη</span> <span class='ocrx_word' id='word_1_720' title='bbox 3178 4349 3236 4383; x_wconf 89' lang='grc' dir='ltr'>τε</span> <span class='ocrx_word' id='word_1_721' title='bbox 3264 4336 3357 4384; x_wconf 76' lang='grc' dir='ltr'>καὶ</span> <span class='ocrx_word' id='word_1_722' title='bbox 3385 4334 3625 4403; x_wconf 73' lang='grc' dir='ltr'>εὐήθεια,</span> <span class='ocrx_word' id='word_1_723' title='bbox 3660 4334 3883 4402; x_wconf 84' lang='grc' dir='ltr'>ἀνδρεία</span> <span class='ocrx_word' id='word_1_724' title='bbox 3916 4336 4007 4385; x_wconf 71' lang='grc' dir='ltr'>καὶ</span> 
     </span>
    </p>
   </div>
   <div class='ocr_carea' id='block_1_89' title="bbox 2422 4424 4007 4495">
    <p class='ocr_par' dir='ltr' id='par_1_89' title="bbox 2422 4424 4007 4495">
     <span class='ocr_line' id='line_1_89' title="bbox 2422 4424 4007 4495; baseline 0.001 -20"><span class='ocrx_word' id='word_1_725' title='bbox 2422 4424 2726 4493; x_wconf 80' lang='grc' dir='ltr'>θρασύτης’</span> <span class='ocrx_word' id='word_1_726' title='bbox 2760 4424 3038 4491; x_wconf 68' lang='grc' dir='ltr'>οὐδέτερον</span> <span class='ocrx_word' id='word_1_727' title='bbox 3070 4425 3127 4477; x_wconf 81' lang='grc' dir='ltr'>δέ</span> <span class='ocrx_word' id='word_1_728' title='bbox 3171 4442 3233 4493; x_wconf 85' lang='grc' dir='ltr'>γε</span> <span class='ocrx_word' id='word_1_729' title='bbox 3268 4424 3390 4477; x_wconf 82' lang='grc' dir='ltr'>οὑτε</span> <span class='ocrx_word' id='word_1_730' title='bbox 3421 4427 3585 4478; x_wconf 82' lang='grc' dir='ltr'>καλὸν</span> <span class='ocrx_word' id='word_1_731' title='bbox 3615 4427 3853 4495; x_wconf 80' lang='grc' dir='ltr'>χαλεπὸν</span> <span class='ocrx_word' id='word_1_732' title='bbox 3885 4427 4007 4479; x_wconf 73' lang='grc' dir='ltr'>οὒτε</span> 
     </span>
    </p>
   </div>
   <div class='ocr_carea' id='block_1_90' title="bbox 2423 4513 4005 4586">
    <p class='ocr_par' dir='ltr' id='par_1_90' title="bbox 2423 4513 4005 4586">
     <span class='ocr_line' id='line_1_90' title="bbox 2423 4513 4005 4586; baseline 0.002 -21"><span class='ocrx_word' id='word_1_733' title='bbox 2423 4519 2699 4584; x_wconf 77' lang='grc' dir='ltr'>προσῆκον</span> <span class='ocrx_word' id='word_1_734' title='bbox 2716 4513 2781 4566; x_wconf 70' lang='grc'>⁸⁸.</span> <span class='ocrx_word' id='word_1_735' title='bbox 2835 4514 3034 4583; x_wconf 82' lang='grc' dir='ltr'>Πολλῷ’</span> <span class='ocrx_word' id='word_1_736' title='bbox 3060 4516 3168 4585; x_wconf 79' lang='grc' dir='ltr'>γὰρ</span> <span class='ocrx_word' id='word_1_737' title='bbox 3199 4516 3372 4568; x_wconf 79' lang='grc' dir='ltr'>ταῦτα</span> <span class='ocrx_word' id='word_1_738' title='bbox 3413 4519 3506 4568; x_wconf 79' lang='grc' dir='ltr'>ἀπ’</span> <span class='ocrx_word' id='word_1_739' title='bbox 3535 4517 3783 4586; x_wconf 75' lang='grc' dir='ltr'>ἀλλήλων</span> <span class='ocrx_word' id='word_1_740' title='bbox 3812 4517 4005 4586; x_wconf 78' lang='grc' dir='ltr'>διῄρη-</span> 
     </span>
    </p>
   </div>
   <div class='ocr_carea' id='block_1_91' title="bbox 2422 4604 4008 4676">
    <p class='ocr_par' dir='ltr' id='par_1_91' title="bbox 2422 4604 4008 4676">
     <span class='ocr_line' id='line_1_91' title="bbox 2422 4604 4008 4676; baseline 0.002 -20"><span class='ocrx_word' id='word_1_741' title='bbox 2422 4623 2530 4667; x_wconf 89' lang='grc' dir='ltr'>ται,</span> <span class='ocrx_word' id='word_1_742' title='bbox 2568 4606 2659 4655; x_wconf 74' lang='grc' dir='ltr'>καὶ</span> <span class='ocrx_word' id='word_1_743' title='bbox 2690 4604 2748 4656; x_wconf 88' lang='grc' dir='ltr'>οὑ</span> <span class='ocrx_word' id='word_1_744' title='bbox 2794 4604 2872 4655; x_wconf 80' lang='grc' dir='ltr'>δεῖ</span> <span class='ocrx_word' id='word_1_745' title='bbox 2888 4605 2932 4634; x_wconf 79' lang='grc'>’⁸</span> <span class='ocrx_word' id='word_1_746' title='bbox 2963 4608 3061 4665; x_wconf 69' lang='grc' dir='ltr'>τὰς</span> <span class='ocrx_word' id='word_1_747' title='bbox 3093 4606 3291 4667; x_wconf 85' lang='grc' dir='ltr'>κακίας</span> <span class='ocrx_word' id='word_1_748' title='bbox 3330 4606 3751 4675; x_wconf 72' lang='grc' dir='ltr'>ὑποκορίζεσθαι</span> <span class='ocrx_word' id='word_1_749' title='bbox 3799 4608 3880 4676; x_wconf 79' lang='grc' dir='ltr'>τῷ</span> <span class='ocrx_word' id='word_1_750' title='bbox 3910 4609 4008 4673; x_wconf 73' lang='grc' dir='ltr'>τῆς</span> 
     </span>
    </p>
   </div>
   <div class='ocr_carea' id='block_1_92' title="bbox 2420 4694 4007 4765">
    <p class='ocr_par' dir='ltr' id='par_1_92' title="bbox 2420 4694 4007 4765">
     <span class='ocr_line' id='line_1_92' title="bbox 2420 4694 4007 4765; baseline 0.001 -19"><span class='ocrx_word' id='word_1_751' title='bbox 2420 4696 2620 4761; x_wconf 74' lang='grc' dir='ltr'>ἀρετῆς</span> <span class='ocrx_word' id='word_1_752' title='bbox 2667 4694 2971 4761; x_wconf 83' lang='grc' dir='ltr'>όνόματι⁹⁶,</span> <span class='ocrx_word' id='word_1_753' title='bbox 3023 4694 3202 4747; x_wconf 76' lang='grc' dir='ltr'>οὑτε⁹⁷</span> <span class='ocrx_word' id='word_1_754' title='bbox 3238 4699 3335 4759; x_wconf 73' lang='grc' dir='ltr'>τας</span> <span class='ocrx_word' id='word_1_755' title='bbox 3364 4698 3565 4765; x_wconf 73' lang='grc' dir='ltr'>ἀρετὰς</span> <span class='ocrx_word' id='word_1_756' title='bbox 3604 4697 3893 4763; x_wconf 75' lang='grc' dir='ltr'>φαυλίζειν</span> <span class='ocrx_word' id='word_1_757' title='bbox 3944 4700 4007 4748; x_wconf 75' lang='grc' dir='ltr'>τὰ</span> 
     </span>
    </p>
   </div>
   <div class='ocr_carea' id='block_1_93' title="bbox 2418 4784 4007 4855">
    <p class='ocr_par' dir='ltr' id='par_1_93' title="bbox 2418 4784 4007 4855">
     <span class='ocr_line' id='line_1_93' title="bbox 2418 4784 4007 4855; baseline 0.001 -20"><span class='ocrx_word' id='word_1_758' title='bbox 2418 4784 2515 4852; x_wconf 82' lang='grc' dir='ltr'>τῆς</span> <span class='ocrx_word' id='word_1_759' title='bbox 2546 4786 2746 4846; x_wconf 82' lang='grc' dir='ltr'>κακίας</span> <span class='ocrx_word' id='word_1_760' title='bbox 2779 4786 2983 4855; x_wconf 77' lang='grc' dir='ltr'>ἑκάστῃ</span> <span class='ocrx_word' id='word_1_761' title='bbox 3013 4786 3380 4853; x_wconf 78' lang='grc' dir='ltr'>παρατιθέντα</span> <span class='ocrx_word' id='word_1_762' title='bbox 3396 4788 3464 4839; x_wconf 78' lang='grc'>’⁸.</span> <span class='ocrx_word' id='word_1_763' title='bbox 3497 4788 3558 4838; x_wconf 83' lang='grc' dir='ltr'>Εί</span> <span class='ocrx_word' id='word_1_764' title='bbox 3587 4787 3754 4854; x_wconf 82' lang='grc' dir='ltr'>γὰρ⁹⁹</span> <span class='ocrx_word' id='word_1_765' title='bbox 3789 4788 3872 4839; x_wconf 76' lang='grc' dir='ltr'>ὅτι</span> <span class='ocrx_word' id='word_1_766' title='bbox 3909 4790 4007 4854; x_wconf 73' lang='grc' dir='ltr'>μά-</span> 
     </span>
    </p>
   </div>
   <div class='ocr_carea' id='block_1_94' title="bbox 2418 4876 4006 4947">
    <p class='ocr_par' dir='ltr' id='par_1_94' title="bbox 2418 4876 4006 4947">
     <span class='ocr_line' id='line_1_94' title="bbox 2418 4876 4006 4947; baseline 0.001 -20"><span class='ocrx_word' id='word_1_767' title='bbox 2418 4877 2573 4928; x_wconf 90' lang='grc' dir='ltr'>λιστα</span> <span class='ocrx_word' id='word_1_768' title='bbox 2597 4876 2737 4927; x_wconf 73' lang='grc' dir='ltr'>οὕτω</span> <span class='ocrx_word' id='word_1_769' title='bbox 2770 4876 2961 4927; x_wconf 82' lang='grc' dir='ltr'>Πλάτω</span> <span class='ocrx_word' id='word_1_770' title='bbox 2978 4898 2991 4924; x_wconf 68' lang='grc' dir='ltr'><em>ι</em></span> <span class='ocrx_word' id='word_1_771' title='bbox 3015 4876 3291 4939; x_wconf 79' lang='grc' dir='ltr'>διενοεῖτο,</span> <span class='ocrx_word' id='word_1_772' title='bbox 3316 4876 3503 4947; x_wconf 82' lang='grc' dir='ltr'>ὥσπερ</span> <span class='ocrx_word' id='word_1_773' title='bbox 3530 4878 3702 4944; x_wconf 71' lang='grc' dir='ltr'>ἔγωγε</span> <span class='ocrx_word' id='word_1_774' title='bbox 3732 4879 3836 4928; x_wconf 80' lang='grc' dir='ltr'>οὐκ</span> <span class='ocrx_word' id='word_1_775' title='bbox 3862 4882 4006 4929; x_wconf 82' lang='grc' dir='ltr'>ἀντι-</span> 
     </span>
    </p>
   </div>
   <div class='ocr_carea' id='block_1_95' title="bbox 2421 4964 4003 5037">
    <p class='ocr_par' dir='ltr' id='par_1_95' title="bbox 2421 4964 4003 5037">
     <span class='ocr_line' id='line_1_95' title="bbox 2421 4964 4003 5037; baseline 0.001 -19"><span class='ocrx_word' id='word_1_776' title='bbox 2421 4966 2588 5031; x_wconf 87' lang='grc' dir='ltr'>λέγω,</span> <span class='ocrx_word' id='word_1_777' title='bbox 2636 4965 2748 5016; x_wconf 84' lang='grc' dir='ltr'>ὰλλ’</span> <span class='ocrx_word' id='word_1_778' title='bbox 2787 4964 3123 5035; x_wconf 78' lang='grc' dir='ltr'>ὑπεξῄρηται</span> <span class='ocrx_word' id='word_1_779' title='bbox 3174 4966 3273 5035; x_wconf 82' lang='grc' dir='ltr'>τὴν</span> <span class='ocrx_word' id='word_1_780' title='bbox 3321 4967 3569 5037; x_wconf 70' lang='grc' dir='ltr'>καθαρὰν</span> <span class='ocrx_word' id='word_1_781' title='bbox 3625 4970 3717 5018; x_wconf 83' lang='grc' dir='ltr'>καὶ</span> <span class='ocrx_word' id='word_1_782' title='bbox 3768 4969 3846 5036; x_wconf 79' lang='grc' dir='ltr'>τῷ</span> <span class='ocrx_word' id='word_1_783' title='bbox 3895 4970 4003 5019; x_wconf 76' lang='grc' dir='ltr'>ὄντι</span> 
     </span>
    </p>
   </div>
   <div class='ocr_carea' id='block_1_96' title="bbox 2419 5054 4003 5130">
    <p class='ocr_par' dir='ltr' id='par_1_96' title="bbox 2419 5054 4003 5130">
     <span class='ocr_line' id='line_1_96' title="bbox 2419 5054 4003 5130; baseline 0 -22"><span class='ocrx_word' id='word_1_784' title='bbox 2419 5058 2737 5130; x_wconf 65' lang='grc' dir='ltr'>ῥητορικὴν,</span> <span class='ocrx_word' id='word_1_785' title='bbox 2759 5054 2907 5118; x_wconf 74' lang='grc' dir='ltr'>ἄξιον</span> <span class='ocrx_word' id='word_1_786' title='bbox 2932 5056 3005 5125; x_wconf 82' lang='grc' dir='ltr'>μὴ</span> <span class='ocrx_word' id='word_1_787' title='bbox 3026 5058 3041 5086; x_wconf 76' lang='grc'>⁸</span> <span class='ocrx_word' id='word_1_788' title='bbox 3064 5058 3569 5127; x_wconf 77' lang='grc' dir='ltr'>παρακρουσθῆναι,</span> <span class='ocrx_word' id='word_1_789' title='bbox 3595 5058 3716 5127; x_wconf 76' lang='grc' dir='ltr'>μηδ’</span> <span class='ocrx_word' id='word_1_790' title='bbox 3732 5060 4003 5127; x_wconf 76' lang='grc' dir='ltr'>ἀγνοῆσαι</span> 
     </span>
    </p>
   </div>
   <div class='ocr_carea' id='block_1_97' title="bbox 2024 5191 2696 5249">
    <p class='ocr_par' dir='ltr' id='par_1_97' title="bbox 2024 5191 2696 5249">
     <span class='ocr_line' id='line_1_97' title="bbox 2024 5191 2696 5249; baseline -0.004 -1"><span class='ocrx_word' id='word_1_791' title='bbox 2024 5194 2255 5249; x_wconf 66' lang='lat' dir='ltr'>VARIAE</span> <span class='ocrx_word' id='word_1_792' title='bbox 2294 5191 2696 5247; x_wconf 78' lang='lat' dir='ltr'>LECTIONES.</span> 
     </span>
    </p>
   </div>
   <div class='ocr_carea' id='block_1_98' title="bbox 812 5328 1292 5401">
    <p class='ocr_par' dir='ltr' id='par_1_98' title="bbox 812 5328 1292 5401">
     <span class='ocr_line' id='line_1_98' title="bbox 812 5328 1292 5401; baseline 0.006 -20"><span class='ocrx_word' id='word_1_793' title='bbox 812 5330 857 5401; x_wconf 57' lang='grc' dir='ltr'>σε</span> <span class='ocrx_word' id='word_1_794' title='bbox 886 5329 978 5401; x_wconf 80' lang='grc' dir='ltr'>καὶ</span> <span class='ocrx_word' id='word_1_795' title='bbox 1004 5328 1053 5401; x_wconf 71' lang='grc' dir='ltr'>ι]</span> <span class='ocrx_word' id='word_1_796' title='bbox 1085 5345 1136 5398; x_wconf 83' lang='grc' dir='ltr'>ρ.</span> <span class='ocrx_word' id='word_1_797' title='bbox 1172 5331 1292 5385; x_wconf 79' lang='grc' dir='ltr'>ιῖο.</span> 
     </span>
    </p>
   </div>
   <div class='ocr_carea' id='block_1_99' title="bbox 740 5400 1805 5471">
    <p class='ocr_par' dir='ltr' id='par_1_99' title="bbox 740 5400 1805 5471">
     <span class='ocr_line' id='line_1_99' title="bbox 740 5400 1805 5471; baseline 0.007 -20"><span class='ocrx_word' id='word_1_798' title='bbox 740 5402 784 5432; x_wconf 72' lang='grc'>’⁸</span> <span class='ocrx_word' id='word_1_799' title='bbox 815 5400 1053 5471; x_wconf 78' lang='grc' dir='ltr'>ἐλέγχων</span> <span class='ocrx_word' id='word_1_800' title='bbox 1086 5402 1444 5471; x_wconf 79' lang='grc' dir='ltr'>ίσχυροτέρων</span> <span class='ocrx_word' id='word_1_801' title='bbox 1466 5403 1569 5455; x_wconf 77' lang='grc' dir='ltr'>οὐδ’</span> <span class='ocrx_word' id='word_1_802' title='bbox 1593 5420 1699 5457; x_wconf 90' lang='lat' dir='ltr'>om.</span> <span class='ocrx_word' id='word_1_803' title='bbox 1741 5407 1805 5458; x_wconf 82' lang='lat' dir='ltr'><strong>A.</strong></span> 
     </span>
    </p>
   </div>
   <div class='ocr_carea' id='block_1_100' title="bbox 740 5469 1531 5541">
    <p class='ocr_par' dir='ltr' id='par_1_100' title="bbox 740 5469 1531 5541">
     <span class='ocr_line' id='line_1_100' title="bbox 740 5469 1531 5541; baseline 0.003 -18"><span class='ocrx_word' id='word_1_804' title='bbox 740 5488 793 5534; x_wconf 81' lang='grc' dir='ltr'>ν.</span> <span class='ocrx_word' id='word_1_805' title='bbox 833 5470 951 5541; x_wconf 74' lang='lat' dir='ltr'>ns.</span> <span class='ocrx_word' id='word_1_806' title='bbox 1064 5472 1106 5502; x_wconf 71' lang='grc' dir='ltr'>τι</span> <span class='ocrx_word' id='word_1_807' title='bbox 1141 5473 1188 5523; x_wconf 85' lang='grc' dir='ltr'>εί</span> <span class='ocrx_word' id='word_1_808' title='bbox 1216 5469 1293 5541; x_wconf 70' lang='grc' dir='ltr'>δι]</span> <span class='ocrx_word' id='word_1_809' title='bbox 1323 5469 1370 5539; x_wconf 74' lang='lat' dir='ltr'>p.</span> <span class='ocrx_word' id='word_1_810' title='bbox 1417 5472 1531 5525; x_wconf 83' lang='grc'>186.</span> 
     </span>
    </p>
   </div>
   <div class='ocr_carea' id='block_1_101' title="bbox 738 5540 1078 5608">
    <p class='ocr_par' dir='ltr' id='par_1_101' title="bbox 738 5540 1078 5608">
     <span class='ocr_line' id='line_1_101' title="bbox 738 5540 1078 5608; baseline 0 -17"><span class='ocrx_word' id='word_1_811' title='bbox 738 5541 786 5608; x_wconf 66' lang='grc' dir='ltr'>’ξ</span> <span class='ocrx_word' id='word_1_812' title='bbox 809 5540 899 5591; x_wconf 74' lang='grc' dir='ltr'>τὸν</span> <span class='ocrx_word' id='word_1_813' title='bbox 923 5556 1010 5608; x_wconf 88' lang='grc' dir='ltr'>χρ.</span> <span class='ocrx_word' id='word_1_814' title='bbox 1043 5542 1078 5591; x_wconf 77' lang='grc' dir='ltr'><strong>Α</strong></span> 
     </span>
    </p>
   </div>
   <div class='ocr_carea' id='block_1_102' title="bbox 1378 5330 3163 5469">
    <p class='ocr_par' dir='ltr' id='par_1_102' title="bbox 1378 5330 3163 5469">
     <span class='ocr_line' id='line_1_102' title="bbox 1378 5330 3133 5403; baseline -0.001 -17"><span class='ocrx_word' id='word_1_815' title='bbox 1378 5334 1423 5365; x_wconf 76' lang='grc'><strong><em>⁸⁵</em></strong></span> <span class='ocrx_word' id='word_1_816' title='bbox 1452 5333 1570 5386; x_wconf 79' lang='grc' dir='ltr'>οὐδὲ</span> <span class='ocrx_word' id='word_1_817' title='bbox 1617 5334 1681 5385; x_wconf 82' lang='grc' dir='ltr'>Α.</span> <span class='ocrx_word' id='word_1_818' title='bbox 1756 5336 1802 5372; x_wconf 69' lang='grc' dir='ltr'>⁷⁴λ</span> <span class='ocrx_word' id='word_1_819' title='bbox 1829 5333 1991 5403; x_wconf 75' lang='grc' dir='ltr'>μῦθος</span> <span class='ocrx_word' id='word_1_820' title='bbox 2024 5330 2219 5396; x_wconf 80' lang='grc' dir='ltr'>ταῦτα]</span> <span class='ocrx_word' id='word_1_821' title='bbox 2256 5332 2421 5401; x_wconf 80' lang='grc' dir='ltr'>μῦθον</span> <span class='ocrx_word' id='word_1_822' title='bbox 2462 5334 2525 5383; x_wconf 81' lang='grc' dir='ltr'>Α.</span> <span class='ocrx_word' id='word_1_823' title='bbox 2609 5330 2650 5360; x_wconf 82' lang='grc'>’³</span> <span class='ocrx_word' id='word_1_824' title='bbox 2688 5331 2804 5397; x_wconf 85' lang='grc' dir='ltr'>ἐὰν]</span> <span class='ocrx_word' id='word_1_825' title='bbox 2839 5346 2889 5396; x_wconf 84' lang='lat' dir='ltr'>p.</span> <span class='ocrx_word' id='word_1_826' title='bbox 2925 5331 3026 5385; x_wconf 84' lang='grc'>185</span> <span class='ocrx_word' id='word_1_827' title='bbox 3090 5334 3133 5363; x_wconf 82' lang='grc'>⁷¹</span> 
     </span>
     <span class='ocr_line' id='line_1_103' title="bbox 1378 5401 3163 5469; baseline 0.001 -14"><span class='ocrx_word' id='word_1_828' title='bbox 1378 5421 1444 5455; x_wconf 82' lang='grc' dir='ltr'>ων</span> <span class='ocrx_word' id='word_1_829' title='bbox 1466 5403 1569 5455; x_wconf 77' lang='grc' dir='ltr'>οὐδ’</span> <span class='ocrx_word' id='word_1_830' title='bbox 1593 5420 1699 5457; x_wconf 90' lang='lat' dir='ltr'>om.</span> <span class='ocrx_word' id='word_1_831' title='bbox 1741 5407 1805 5458; x_wconf 82' lang='lat' dir='ltr'><strong>A.</strong></span> <span class='ocrx_word' id='word_1_832' title='bbox 1888 5404 1932 5434; x_wconf 84' lang='lat'>&quot;</span> <span class='ocrx_word' id='word_1_833' title='bbox 1961 5403 2168 5464; x_wconf 88' lang='grc' dir='ltr'>τούτοις</span> <span class='ocrx_word' id='word_1_834' title='bbox 2204 5420 2311 5454; x_wconf 90' lang='lat' dir='ltr'>om.</span> <span class='ocrx_word' id='word_1_835' title='bbox 2345 5402 2407 5453; x_wconf 82' lang='lat' dir='ltr'>A.</span> <span class='ocrx_word' id='word_1_836' title='bbox 2486 5401 2533 5431; x_wconf 83' lang='grc'>⁷⁸</span> <span class='ocrx_word' id='word_1_837' title='bbox 2560 5402 2624 5468; x_wconf 81' lang='grc' dir='ltr'>τῇ</span> <span class='ocrx_word' id='word_1_838' title='bbox 2662 5404 2923 5469; x_wconf 77' lang='grc' dir='ltr'>ῥητορικῇ</span> <span class='ocrx_word' id='word_1_839' title='bbox 2956 5418 3061 5453; x_wconf 93' lang='lat' dir='ltr'>om.</span> <span class='ocrx_word' id='word_1_840' title='bbox 3099 5406 3163 5456; x_wconf 83' lang='grc' dir='ltr'>Α.</span> 
     </span>
    </p>
   </div>
   <div class='ocr_carea' id='block_1_103' title="bbox 1641 5473 2092 5503">
    <p class='ocr_par' dir='ltr' id='par_1_103' title="bbox 1641 5473 2092 5503">
     <span class='ocr_line' id='line_1_104' title="bbox 1641 5473 2092 5503; baseline 0 0"><span class='ocrx_word' id='word_1_841' title='bbox 1641 5476 1684 5503; x_wconf 71' lang='grc' dir='ltr'><strong>⁸ο</strong></span> <span class='ocrx_word' id='word_1_842' title='bbox 1723 5476 1821 5503; x_wconf 38' lang='grc' dir='ltr'>’λιι</span> 
     </span>
    </p>
   </div>
   <div class='ocr_carea' id='block_1_104' title="bbox 1110 5472 3237 5610">
    <p class='ocr_par' dir='ltr' id='par_1_104' title="bbox 1110 5472 3237 5610">
     <span class='ocr_line' id='line_1_105' title="bbox 1141 5472 3237 5543; baseline 0.001 -21"><span class='ocrx_word' id='word_1_843' title='bbox 1141 5473 1188 5523; x_wconf 84' lang='grc' dir='ltr'>εί</span> <span class='ocrx_word' id='word_1_844' title='bbox 1216 5472 1293 5541; x_wconf 77' lang='grc' dir='ltr'>δὲ]</span> <span class='ocrx_word' id='word_1_845' title='bbox 1323 5489 1370 5539; x_wconf 89' lang='lat' dir='ltr'>p.</span> <span class='ocrx_word' id='word_1_846' title='bbox 1417 5472 1531 5525; x_wconf 90' lang='grc'>186.</span> <span class='ocrx_word' id='word_1_847' title='bbox 1641 5476 1684 5503; x_wconf 83' lang='grc'>⁸⁰</span> <span class='ocrx_word' id='word_1_848' title='bbox 1723 5476 1821 5541; x_wconf 85' lang='grc' dir='ltr'>τὴν</span> <span class='ocrx_word' id='word_1_849' title='bbox 1851 5473 2141 5543; x_wconf 77' lang='grc' dir='ltr'>ῥητορικὴν</span> <span class='ocrx_word' id='word_1_850' title='bbox 2192 5488 2301 5524; x_wconf 88' lang='lat' dir='ltr'><strong>(un.</strong></span> <span class='ocrx_word' id='word_1_851' title='bbox 2340 5472 2402 5523; x_wconf 77' lang='grc' dir='ltr'>Α.</span> <span class='ocrx_word' id='word_1_852' title='bbox 2488 5472 2531 5498; x_wconf 79' lang='grc'>⁵⁸</span> <span class='ocrx_word' id='word_1_853' title='bbox 2564 5472 2718 5522; x_wconf 80' lang='grc' dir='ltr'>ἀλλὰ.</span> <span class='ocrx_word' id='word_1_854' title='bbox 2797 5472 2841 5501; x_wconf 77' lang='grc'>⁸³</span> <span class='ocrx_word' id='word_1_855' title='bbox 2875 5476 3142 5538; x_wconf 85' lang='grc' dir='ltr'>μαρτυρεῖ</span> <span class='ocrx_word' id='word_1_856' title='bbox 3190 5488 3237 5525; x_wconf 93' lang='lat' dir='ltr'><strong>Ol</strong></span> 
     </span>
     <span class='ocr_line' id='line_1_106' title="bbox 1110 5540 3237 5610; baseline 0 -17"><span class='ocrx_word' id='word_1_857' title='bbox 1110 5542 1207 5610; x_wconf 67' lang='grc' dir='ltr'>ςτὸ</span> <span class='ocrx_word' id='word_1_858' title='bbox 1235 5560 1323 5609; x_wconf 88' lang='grc' dir='ltr'>χρ.</span> <span class='ocrx_word' id='word_1_859' title='bbox 1360 5559 1418 5605; x_wconf 81' lang='grc' dir='ltr'>ς.</span> <span class='ocrx_word' id='word_1_860' title='bbox 1467 5544 1553 5593; x_wconf 84' lang='grc'>⁸⁸6</span> <span class='ocrx_word' id='word_1_861' title='bbox 1582 5544 1626 5593; x_wconf 76' lang='grc' dir='ltr'>δ’</span> <span class='ocrx_word' id='word_1_862' title='bbox 1649 5540 1763 5606; x_wconf 64' lang='grc' dir='ltr'>οὖν]</span> <span class='ocrx_word' id='word_1_863' title='bbox 1790 5562 1839 5610; x_wconf 89' lang='lat' dir='ltr'>p.</span> <span class='ocrx_word' id='word_1_864' title='bbox 1877 5544 1995 5597; x_wconf 89' lang='grc'>188.</span> <span class='ocrx_word' id='word_1_865' title='bbox 2048 5543 2097 5573; x_wconf 77' lang='grc'>⁸⁸</span> <span class='ocrx_word' id='word_1_866' title='bbox 2131 5542 2290 5601; x_wconf 82' lang='grc' dir='ltr'>αὐτὸς</span> <span class='ocrx_word' id='word_1_867' title='bbox 2324 5556 2430 5594; x_wconf 89' lang='lat' dir='ltr'>om.</span> <span class='ocrx_word' id='word_1_868' title='bbox 2466 5542 2527 5591; x_wconf 73' lang='grc' dir='ltr'>Α.</span> <span class='ocrx_word' id='word_1_869' title='bbox 2604 5540 2646 5572; x_wconf 78' lang='grc'><strong>⁵⁷</strong></span> <span class='ocrx_word' id='word_1_870' title='bbox 2680 5541 2795 5592; x_wconf 81' lang='lat' dir='ltr'><strong>liliri</strong></span> <span class='ocrx_word' id='word_1_871' title='bbox 2820 5541 3237 5608; x_wconf 79' lang='grc' dir='ltr'>προσαγορεύει.</span> 
     </span>
    </p>
   </div>
   <div class='ocr_carea' id='block_1_105' title="bbox 2609 5328 3998 5403">
    <p class='ocr_par' dir='ltr' id='par_1_105' title="bbox 2609 5328 3998 5403">
     <span class='ocr_line' id='line_1_107' title="bbox 2609 5328 3998 5403; baseline 0.019 -24"><span class='ocrx_word' id='word_1_872' title='bbox 2609 5330 3026 5403; x_wconf 61' lang='grc' dir='ltr'>τιέάν]ρ.ιεε</span> <span class='ocrx_word' id='word_1_873' title='bbox 3090 5328 3755 5403; x_wconf 71' lang='grc' dir='ltr'>⁷¹ἦΛιεῐςο⁷³τῆἶΑ</span> <span class='ocrx_word' id='word_1_874' title='bbox 3802 5334 3998 5403; x_wconf 73' lang='grc' dir='ltr'>ετδςε</span> 
     </span>
    </p>
   </div>
   <div class='ocr_carea' id='block_1_106' title="bbox 3242 5398 4001 5470">
    <p class='ocr_par' dir='ltr' id='par_1_106' title="bbox 3242 5398 4001 5470">
     <span class='ocr_line' id='line_1_108' title="bbox 3242 5398 4001 5470; baseline -0.005 -16"><span class='ocrx_word' id='word_1_875' title='bbox 3242 5404 3284 5433; x_wconf 72' lang='grc' dir='ltr'>τ’</span> <span class='ocrx_word' id='word_1_876' title='bbox 3320 5406 3386 5454; x_wconf 77' lang='grc' dir='ltr'>τὰ</span> <span class='ocrx_word' id='word_1_877' title='bbox 3416 5404 3541 5456; x_wconf 50' lang='lat' dir='ltr'><strong>alia.</strong></span> <span class='ocrx_word' id='word_1_878' title='bbox 3575 5398 3646 5455; x_wconf 70' lang='grc' dir='ltr'>Α.</span> <span class='ocrx_word' id='word_1_879' title='bbox 3710 5402 3756 5432; x_wconf 77' lang='grc' dir='ltr'>τ·</span> <span class='ocrx_word' id='word_1_880' title='bbox 3780 5404 3849 5455; x_wconf 75' lang='grc' dir='ltr'>τὰ</span> <span class='ocrx_word' id='word_1_881' title='bbox 3881 5398 4001 5470; x_wconf 85' lang='grc' dir='ltr'>μὲν]</span> 
     </span>
    </p>
   </div>
   <div class='ocr_carea' id='block_1_107' title="bbox 2488 5468 3995 5538">
    <p class='ocr_par' dir='ltr' id='par_1_107' title="bbox 2488 5468 3995 5538">
     <span class='ocr_line' id='line_1_109' title="bbox 2488 5468 3995 5538; baseline 0.001 -16"><span class='ocrx_word' id='word_1_882' title='bbox 2488 5468 2531 5498; x_wconf 77' lang='grc'>⁸⁸</span> <span class='ocrx_word' id='word_1_883' title='bbox 2564 5468 2725 5522; x_wconf 74' lang='grc' dir='ltr'>ἀλλὰ.</span> <span class='ocrx_word' id='word_1_884' title='bbox 2797 5472 2841 5501; x_wconf 77' lang='grc'>⁸³</span> <span class='ocrx_word' id='word_1_885' title='bbox 2875 5468 3142 5538; x_wconf 80' lang='grc' dir='ltr'>μαρτυρεῖ</span> <span class='ocrx_word' id='word_1_886' title='bbox 3190 5488 3297 5525; x_wconf 89' lang='lat' dir='ltr'>om.</span> <span class='ocrx_word' id='word_1_887' title='bbox 3332 5476 3395 5526; x_wconf 85' lang='grc' dir='ltr'>Α.</span> <span class='ocrx_word' id='word_1_888' title='bbox 3473 5472 3517 5501; x_wconf 84' lang='grc'>⁸³</span> <span class='ocrx_word' id='word_1_889' title='bbox 3552 5471 3728 5536; x_wconf 82' lang='grc' dir='ltr'>λόγοις</span> <span class='ocrx_word' id='word_1_890' title='bbox 3775 5468 3891 5525; x_wconf 66' lang='lat' dir='ltr'>om.</span> <span class='ocrx_word' id='word_1_891' title='bbox 3933 5475 3995 5523; x_wconf 80' lang='lat' dir='ltr'>A-</span> 
     </span>
    </p>
   </div>
   <div class='ocr_carea' id='block_1_108' title="bbox 3312 5541 3995 5603">
    <p class='ocr_par' dir='ltr' id='par_1_108' title="bbox 3312 5541 3995 5603">
     <span class='ocr_line' id='line_1_110' title="bbox 3312 5541 3995 5603; baseline 0.003 -12"><span class='ocrx_word' id='word_1_892' title='bbox 3312 5542 3359 5573; x_wconf 85' lang='grc'><strong>⁸⁸</strong></span> <span class='ocrx_word' id='word_1_893' title='bbox 3388 5541 3672 5603; x_wconf 84' lang='grc' dir='ltr'>νωθρῶν-</span> <span class='ocrx_word' id='word_1_894' title='bbox 3687 5543 3897 5592; x_wconf 83' lang='grc' dir='ltr'>ὑπτίων</span> <span class='ocrx_word' id='word_1_895' title='bbox 3937 5544 3995 5593; x_wconf 76' lang='grc' dir='ltr'>Δ·</span> 
     </span>
    </p>
   </div>
   <div class='ocr_carea' id='block_1_109' title="bbox 739 5604 3994 5680">
    <p class='ocr_par' dir='ltr' id='par_1_109' title="bbox 739 5604 3994 5680">
     <span class='ocr_line' id='line_1_111' title="bbox 739 5604 3994 5680; baseline -0.001 -18"><span class='ocrx_word' id='word_1_896' title='bbox 739 5604 784 5680; x_wconf 55' lang='grc' dir='ltr'>’ἶ</span> <span class='ocrx_word' id='word_1_897' title='bbox 824 5604 990 5680; x_wconf 37' lang='lat' dir='ltr'>Erg-3‘</span> <span class='ocrx_word' id='word_1_898' title='bbox 1040 5605 1131 5680; x_wconf 79' lang='grc' dir='ltr'>αὖ]</span> <span class='ocrx_word' id='word_1_899' title='bbox 1163 5604 1381 5663; x_wconf 40' lang='grc' dir='ltr'>καῖ-Ἀ(</span> <span class='ocrx_word' id='word_1_900' title='bbox 1433 5613 1476 5644; x_wconf 69' lang='grc'>9⁸</span> <span class='ocrx_word' id='word_1_901' title='bbox 1513 5614 1676 5680; x_wconf 74' lang='grc' dir='ltr'>ὀρθὴν</span> <span class='ocrx_word' id='word_1_902' title='bbox 1709 5604 2069 5679; x_wconf 46' lang='grc' dir='ltr'>-ξταπεινὴν</span> <span class='ocrx_word' id='word_1_903' title='bbox 2103 5627 2209 5662; x_wconf 90' lang='lat' dir='ltr'>om.</span> <span class='ocrx_word' id='word_1_904' title='bbox 2252 5614 2316 5661; x_wconf 79' lang='grc' dir='ltr'>Α.</span> <span class='ocrx_word' id='word_1_905' title='bbox 2393 5612 2432 5640; x_wconf 74' lang='grc'>⁸³</span> <span class='ocrx_word' id='word_1_906' title='bbox 2465 5612 2556 5660; x_wconf 71' lang='grc' dir='ltr'>καὶ</span> <span class='ocrx_word' id='word_1_907' title='bbox 2587 5610 2775 5677; x_wconf 76' lang='grc' dir='ltr'>διπλῆν</span> <span class='ocrx_word' id='word_1_908' title='bbox 2809 5604 3077 5677; x_wconf 60' lang='grc' dir='ltr'>ἀν’δρίαν]’</span> <span class='ocrx_word' id='word_1_909' title='bbox 3101 5612 3295 5678; x_wconf 74' lang='grc' dir='ltr'>διπλῆν</span> <span class='ocrx_word' id='word_1_910' title='bbox 3330 5613 3421 5661; x_wconf 73' lang='grc' dir='ltr'>καὶ</span> <span class='ocrx_word' id='word_1_911' title='bbox 3454 5612 3672 5679; x_wconf 78' lang='grc' dir='ltr'>ἀνδρίαν</span> <span class='ocrx_word' id='word_1_912' title='bbox 3701 5612 3904 5676; x_wconf 78' lang='grc' dir='ltr'>ὁμοίως</span> <span class='ocrx_word' id='word_1_913' title='bbox 3936 5611 3994 5660; x_wconf 80' lang='grc' dir='ltr'>Α-</span> 
     </span>
    </p>
   </div>
   <div class='ocr_carea' id='block_1_110' title="bbox 741 5674 1283 5743">
    <p class='ocr_par' dir='ltr' id='par_1_110' title="bbox 741 5674 1283 5743">
     <span class='ocr_line' id='line_1_112' title="bbox 741 5674 1283 5743; baseline 0.009 -15"><span class='ocrx_word' id='word_1_914' title='bbox 741 5674 785 5714; x_wconf 75' lang='lat'>&quot;</span> <span class='ocrx_word' id='word_1_915' title='bbox 815 5677 987 5731; x_wconf 71' lang='grc' dir='ltr'>ταῦτα</span> <span class='ocrx_word' id='word_1_916' title='bbox 1014 5674 1189 5732; x_wconf 70' lang='grc' dir='ltr'>πάντα</span> <span class='ocrx_word' id='word_1_917' title='bbox 1224 5698 1283 5743; x_wconf 75' lang='grc' dir='ltr'>ς’.</span> 
     </span>
    </p>
   </div>
   <div class='ocr_carea' id='block_1_111' title="bbox 742 5747 1920 5821">
    <p class='ocr_par' dir='ltr' id='par_1_111' title="bbox 742 5747 1920 5821">
     <span class='ocr_line' id='line_1_113' title="bbox 742 5747 1920 5821; baseline 0.001 -18"><span class='ocrx_word' id='word_1_918' title='bbox 742 5747 787 5785; x_wconf 60' lang='grc'>⁸³</span> <span class='ocrx_word' id='word_1_919' title='bbox 823 5747 1211 5819; x_wconf 78' lang='grc' dir='ltr'>παρατιθέντας</span> <span class='ocrx_word' id='word_1_920' title='bbox 1238 5750 1300 5802; x_wconf 84' lang='grc' dir='ltr'>Α.</span> <span class='ocrx_word' id='word_1_921' title='bbox 1398 5752 1440 5783; x_wconf 68' lang='grc' dir='ltr'>’ν</span> <span class='ocrx_word' id='word_1_922' title='bbox 1478 5753 1525 5802; x_wconf 82' lang='grc' dir='ltr'>εἰ</span> <span class='ocrx_word' id='word_1_923' title='bbox 1556 5747 1764 5821; x_wconf 51' lang='grc' dir='ltr'>γὰρίι).</span> <span class='ocrx_word' id='word_1_924' title='bbox 1804 5753 1920 5807; x_wconf 82' lang='grc'>189.</span> 
     </span>
    </p>
   </div>
   <div class='ocr_carea' id='block_1_112' title="bbox 1363 5680 3625 5820">
    <p class='ocr_par' dir='ltr' id='par_1_112' title="bbox 1363 5680 3625 5820">
     <span class='ocr_line' id='line_1_114' title="bbox 1363 5680 3625 5751; baseline -0.001 -18"><span class='ocrx_word' id='word_1_925' title='bbox 1363 5682 1407 5712; x_wconf 75' lang='grc'>’³</span> <span class='ocrx_word' id='word_1_926' title='bbox 1437 5685 1528 5733; x_wconf 78' lang='grc' dir='ltr'>καὶ</span> <span class='ocrx_word' id='word_1_927' title='bbox 1555 5684 1825 5751; x_wconf 77' lang='grc' dir='ltr'>διῄρηται.</span> <span class='ocrx_word' id='word_1_928' title='bbox 1895 5685 1940 5718; x_wconf 72' lang='grc' dir='ltr'>’δ</span> <span class='ocrx_word' id='word_1_929' title='bbox 1963 5682 2235 5749; x_wconf 75' lang='grc' dir='ltr'>προσῆκον</span> <span class='ocrx_word' id='word_1_930' title='bbox 2269 5695 2380 5733; x_wconf 88' lang='lat' dir='ltr'>om.</span> <span class='ocrx_word' id='word_1_931' title='bbox 2417 5680 2477 5732; x_wconf 79' lang='grc' dir='ltr'>Α.</span> <span class='ocrx_word' id='word_1_932' title='bbox 2556 5680 2599 5709; x_wconf 80' lang='grc'><strong><em>’⁸</em></strong></span> <span class='ocrx_word' id='word_1_933' title='bbox 2627 5680 2705 5731; x_wconf 85' lang='grc' dir='ltr'>δεῖ</span> <span class='ocrx_word' id='word_1_934' title='bbox 2739 5681 2861 5734; x_wconf 84' lang='lat' dir='ltr'><strong>add.</strong></span> <span class='ocrx_word' id='word_1_935' title='bbox 2902 5681 2963 5733; x_wconf 85' lang='lat' dir='ltr'>A.</span> <span class='ocrx_word' id='word_1_936' title='bbox 3030 5686 3075 5717; x_wconf 79' lang='grc'>⁹⁶</span> <span class='ocrx_word' id='word_1_937' title='bbox 3105 5683 3217 5742; x_wconf 88' lang='grc' dir='ltr'>τοῖς</span> <span class='ocrx_word' id='word_1_938' title='bbox 3271 5681 3527 5749; x_wconf 87' lang='grc' dir='ltr'>ὀνόμασιν</span> <span class='ocrx_word' id='word_1_939' title='bbox 3563 5682 3625 5733; x_wconf 76' lang='grc' dir='ltr'>Α.</span> 
     </span>
     <span class='ocr_line' id='line_1_115' title="bbox 1398 5748 2403 5820; baseline -0.001 -18"><span class='ocrx_word' id='word_1_940' title='bbox 1398 5752 1440 5783; x_wconf 73' lang='grc'><strong><em>⁹⁹</em></strong></span> <span class='ocrx_word' id='word_1_941' title='bbox 1478 5753 1525 5802; x_wconf 84' lang='grc' dir='ltr'>εἰ</span> <span class='ocrx_word' id='word_1_942' title='bbox 1556 5752 1683 5820; x_wconf 77' lang='grc' dir='ltr'>γὰρ]</span> <span class='ocrx_word' id='word_1_943' title='bbox 1716 5770 1764 5820; x_wconf 81' lang='grc' dir='ltr'>ι).</span> <span class='ocrx_word' id='word_1_944' title='bbox 1804 5753 1920 5807; x_wconf 84' lang='grc'>189.</span> <span class='ocrx_word' id='word_1_945' title='bbox 2014 5753 2029 5781; x_wconf 73' lang='grc'>³</span> <span class='ocrx_word' id='word_1_946' title='bbox 2074 5748 2171 5820; x_wconf 81' lang='grc' dir='ltr'>μὴ]</span> <span class='ocrx_word' id='word_1_947' title='bbox 2210 5750 2307 5818; x_wconf 82' lang='grc' dir='ltr'>μὲν</span> <span class='ocrx_word' id='word_1_948' title='bbox 2338 5751 2403 5801; x_wconf 85' lang='grc' dir='ltr'>Λ.</span> 
     </span>
    </p>
   </div>
   <div class='ocr_carea' id='block_1_113' title="bbox 2074 5766 2403 5820">
    <p class='ocr_par' dir='ltr' id='par_1_113' title="bbox 2074 5766 2403 5820">
     <span class='ocr_line' id='line_1_116' title="bbox 2074 5766 2403 5820; baseline 0 -19"><span class='ocrx_word' id='word_1_949' title='bbox 2074 5766 2148 5820; x_wconf 80' lang='grc' dir='ltr'>μη</span> <span class='ocrx_word' id='word_1_950' title='bbox 2160 5766 2171 5820; x_wconf 68' lang='grc' dir='ltr'>ι</span> <span class='ocrx_word' id='word_1_951' title='bbox 2210 5766 2307 5818; x_wconf 87' lang='grc' dir='ltr'>μεν</span> <span class='ocrx_word' id='word_1_952' title='bbox 2338 5766 2403 5801; x_wconf 77' lang='grc' dir='ltr'>Λ.</span> 
     </span>
    </p>
   </div>
   <div class='ocr_carea' id='block_1_114' title="bbox 3711 5681 3993 5733">
    <p class='ocr_par' dir='ltr' id='par_1_114' title="bbox 3711 5681 3993 5733">
     <span class='ocr_line' id='line_1_117' title="bbox 3711 5681 3993 5733; baseline -0.014 -1"><span class='ocrx_word' id='word_1_953' title='bbox 3711 5682 3753 5709; x_wconf 81' lang='grc'>’⁷</span> <span class='ocrx_word' id='word_1_954' title='bbox 3782 5681 3903 5732; x_wconf 70' lang='grc' dir='ltr'>οὐδὲ</span> <span class='ocrx_word' id='word_1_955' title='bbox 3935 5682 3993 5733; x_wconf 72' lang='grc' dir='ltr'>Α.</span> 
     </span>
    </p>
   </div>
  </div>
