4216 6430
215 388 360 453 1525
1252 386 1322 446 BI
1338 385 1773 447 BLIOTHECA.
1805 414 1835 423 -

1910 386 2073 448 COD.
2096 387 2416 449 CCXLVI].
3334 384 3469 447 1526

210 505 372 558 τοῦτο
402 505 575 556 αύτδ¹
614 504 739 565 τοὺς
767 501 1015 560 πολλοὺς,
1052 497 1193 569 [685
1224 498 1317 569 ll.]
1364 499 1484 567 μηδ’
1515 499 1589 561 ὡς
1624 500 1791 569 ψήφῳ
1820 516 1835 559 Α

1904 498 2123 555 Dmnino
2159 510 2341 555 autem
2388 510 2443 554 et
2490 500 2691 569 ubique
2738 500 2894 553 nobis
2945 498 3202 553 excidunt
3248 500 3463 564 calculi,

218 594 441 662 καθαρᾷ
462 592 825 661 προσέχοντας
845 586 1087 653 θᾶττονῆ
1117 586 1384 653 συμφέρει
1404 586 1795 654 βουλεύσασθαι

1904 592 2211 661 primusque
2251 589 2564 659 sutIragium
2604 588 2712 644 fert
2756 590 2872 659 ipse
2910 589 3085 653 Plato,
3140 599 3195 644 et
3236 592 3466 650 medius,

216 684 345 751 περὶ
364 683 471 733 τῶν
488 682 508 712 ⁸
535 680 882 748 τηλικούτων.
917 678 1167 745 Πανταχῆ
1188 676 1207 703 ⁸
1233 677 1289 727 δὲ
1316 677 1407 728 καὶ
1430 677 1516 728 διὰ
1538 678 1754 729 πάντων
1772 680 1793 710 ⁸

1904 693 1960 735 ιιι
1988 684 2160 747 aiunt,
2192 692 2352 751 atque
2376 692 2705 750 postremus.
2738 683 2815 735 Ac
2840 683 3048 735 videor.
3081 695 3203 735 cum
3249 681 3461 735 Platoni

217 772 577 823 ἐκπίπτουσιν
600 772 730 838 ἡμῖν
760 770 817 821 αί
839 768 1028 837 ψῆφοι.
1054 765 1272 835 Πρῶτος
1299 766 1353 817 δὲ
1383 766 1605 819 Πλάτων
1635 768 1796 829 αὐτὸς

1904 775 2241 837 contradico,
2294 773 2528 827 maxime
2572 786 2695 824 cum
2746 773 2866 838 ipso
2898 773 3122 831 sentire,
3156 786 3233 835 et,
3280 781 3338 825 ut
3367 773 3469 826 hoc

216 861 515 928 ψηφίζεται
560 862 654 912 καὶ
688 859 872 929 μέσος,
925 856 1133 923 φασ“ι⁶,
1182 856 1275 906 καὶ
1307 855 1630 918 τελευταῖος.
1684 857 1796 909 Καὶ

1904 861 2009 927 jnci
2038 875 2200 915 causa
2234 860 2452 926 addam,
2490 859 2683 930 4211)
2712 874 2834 915 eum
2867 862 3163 914 secundum
3219 863 3462 916 comicos

218 956 513 1009 κινδυνεύω
542 956 712 1007 δοκῶν
740 954 1040 1018 ἀντιλέγειν
1070 950 1312 1002 Πλάτωνι
1361 952 1561 1012 παντὸς
1599 951 1799 1019 μᾶλλον

1905 952 1971 1002 ad
2020 958 2269 1004 oratores
2324 951 2479 1018 quasi
2524 950 2892 1019 aufugientem
2951 961 3322 1013 retracturus,
3376 951 3479 1017 qui,

221 1046 630 1115 συναγορεύειν.
687 1046 749 1097 El
784 1045 839 1096 δὲ
887 1043 964 1094 δεῖ
1010 1058 1063 1093 τι
1116 1041 1209 1092 καὶ
1256 1041 1466 1106 παῖξαι,
1520 1042 1660 1094 δοκῶ
1710 1059 1800 1111 μοι

1906 1050 2189 1107 postquam
2221 1042 2491 1101 didicerit,
2522 1043 2800 1110 sejactet.

223 1127 385 1199 11268
404 1138 496 1210 IL]
527 1139 652 1201 τοὺς
682 1139 1098 1207 κωμῳδοποιοὺς
1121 1136 1308 1203 ὥσπερ
1329 1134 1791 1204 ἀποδιδράσκοντα
1830 1133 1994 1185 αὐτὸν
2026 1134 2200 1199 ἕλξειν
2238 1136 2317 1196 είς
2354 1137 2479 1195 τοὺς
2513 1135 2767 1204 ῥήτορας,
2805 1135 2885 1187 ὅτι
2949 1134 3134 1204 μαθὼν
3198 1135 3470 1187 καλλωπί-

222 1231 428 1294 Ceus".

237 1317 597 1388 Ἀριστείδου
646 1319 714 1370 ἐκ
762 1318 870 1371 τοῦ
906 1316 1377 1388 έπιπκιερομένου
1417 1315 1599 1388 loton
1648 1316 1808 1388 [Ith—

296 1385 546 1453 τωνικὸς
591 1388 781 1455 τρίτος
828 1386 973 1453 πρὸς
1037 1385 1365 1438 Καπίτωνα.
1391 1413 1459 1423 -
1493 1385 1560 1436 Τὸ
1603 1385 1808 1451 Προοί-

293 1476 456 1527 mor.

297 1544 413 1595 Νῦν
463 1559 522 1594 σε
547 1542 570 1573 ⁸
622 1542 715 1594 καὶ
761 1541 960 1609 μᾶλλον
998 1540 1278 1609 φιλοῦμεν,
1308 1538 1481 1602 οὕτως
1523 1539 1800 1609 ἐρωτικῶς

226 1633 326 1685 τοῦ
365 1633 645 1693 Πλάτωνος
675 1632 886 1700 ἔχοντα,
927 1632 985 1682 δν
1013 1630 1122 1697 ἐγὼ
1147 1630 1310 1698 φαίην
1340 1630 1405 1682 ἂν
1433 1630 1609 1699 τιμῶν
1633 1632 1652 1661 ³
1681 1629 1799 1681 καθ’

228 1724 503 1791 Ὅμηρον,

1906 1728 2008 1778 me,
2038 1713 2332 1767 scentulum
2373 1710 2655 1763 "o'ttcrttm
2694 1730 2706 1764 :

616 1809 791 1866 Ἴσον
816 1812 928 1879 ἐμῇ
960 1814 1146 1878 κεφαλ
1159 1810 1212 1877 ᾖ.

2115 1799 2237 1852 Non
2265 1815 2411 1852 secus
2442 1808 2599 1866 atque
2620 1813 2791 1850 meum
2818 1807 2970 1863 caput
3006 1798 3141 1866 (88).

230 1904 295 1953 Εί
323 1903 431 1971 γάρ
477 1904 623 1955 τοι¹⁰
666 1905 759 1955 καὶ
803 1904 1004 1963 πάντες
1036 1900 1227 1968 φαῦλοι
1257 1902 1391 1972 πρὸς
1432 1902 1658 1965 ἐκεῖνον,
1684 1902 1797 1955 ἀλλ’
1833 1928 1835 1973 ;

1905 1889 2115 1943 Etenim
2154 1890 2398 1957 quamvis
2454 1902 2640 1941 omnes
2687 1888 2830 1941 illius
2866 1889 3271 1956 comparatione
3326 1889 3478 1944 nihili

229 1996 464 2053 ἔκαστος
503 1992 828 2061 τιμιώτατος
875 1996 1035 2057 αὐτὸς
1066 1993 1263 2061 ἐαυτῷ,
1305 1992 1458 2059 φασί.
1506 1992 1697 2044 Καίτοι
1752 1993 1805 2043 τί

1909 1981 2206 2043 sunt,-sibi
2262 1989 2437 2033 tamen
2497 1979 2746 2047 quisque,
2803 1989 2860 2031 ut
2921 1980 3093 2047 aiunt,
3137 1991 3222 2035 est
3267 1981 3479 2036 charis-

232 2086 413 2149 λέγως
446 2087 557 2136 υύκ
585 2080 701 2135 οἶδα
732 2084 828 2151 μὲν
851 2084 959 2152 γὰρ
987 2084 1035 2136 εί
1062 2081 1355 2145 πιστεύεις,
1381 2080 1576 2150 ἀληθὲς
1604 2081 1648 2133 δ’
1673 2081 1805 2150 ἐρῶ.

1909 2075 2097 2127 simus.
2140 2072 2246 2126 Sed
2272 2070 2401 2139 quid
2439 2068 2566 2123 aio?
2596 2068 2855 2136 Equidem
2899 2070 3083 2123 nescio
3114 2086 3181 2124 an
3227 2072 3304 2126 sis
3341 2087 3477 2126 cre-

235 2176 299 2226 Ei
331 2176 389 2226 δέ
418 2175 491 2243 μὴ
542 2176 707 2241 ἐγγὺς
757 2176 963 2226 ἐκεῖνον
994 2174 1201 2242 ἔφησας
1240 2173 1397 2241 ἡμῶν
1427 2166 1583 2233 εἶναι,
1618 2171 1717 2223 οὐκ
1742 2170 1809 2223 ἂν

1911 2164 2143 2225 diturus,
2175 2162 2350 2214 dicam
2386 2168 2564 2212 tamen
2592 2159 2736 2227 quod
2768 2166 2853 2212 est
2892 2172 3102 2212 verum.
3132 2159 3266 2213 Nam
3290 2161 3335 2214 si
3354 2176 3490 2214 eum

232 2265 380 2317 οὕτω
406 2282 474 2332 με
509 2263 779 2334 εὔφρανας
802 2265 865 2327 ¹¹,
908 2264 982 2327 ὡς
1022 2266 1103 2317 ὅτι
1133 2262 1565 2332 προκατείληψαι
1588 2262 1767 2326 δείξας
1790 2280 1805 2293 ·

1912 2253 2187 2306 uobiscum
2233 2265 2300 2304 ne
2332 2249 2758 2318 comparandum
2788 2249 3004 2316 quidem
3056 2263 3178 2304 esse
3221 2251 3477 2314 dixisses,

234 2352 412 2413 οὓτως
435 2353 559 2419 ἐμοὶ
587 2352 738 2420 φίλος
762 2351 901 2420 ἀνὴρ
925 2351 1019 2403 καὶ
1040 2350 1209 2418 φίλων
1236 2350 1509 2403 ἐπέκεινα.
1545 2349 1748 2419 Συνέϐη
1764 2348 1809 2380 η

1912 2357 2018 2398 non
2054 2343 2126 2396 ita
2174 2341 2386 2395 laetatus
2409 2353 2613 2405 essem,
2641 2354 2705 2393 ac
2730 2351 3012 2408 postquam
3041 2350 3094 2394 te
3126 2356 3479 2410 prteoccupa-

235 2444 298 2495 δέ
329 2460 420 2511 μοι
448 2442 541 2495 καὶ
567 2444 693 2511 περὶ
726 2441 1073 2511 Δημοσθένην
1097 2442 1334 2494 τοιοῦτον
1360 2442 1546 2511 ἔτερον
1566 2460 1579 2472 ο
1617 2442 1809 2510 φράσω

1916 2446 2026 2489 tum
2049 2436 2353 2491 ostendisti.
2383 2435 2534 2488 Adeo
2559 2434 2690 2488 mibi
2723 2436 2929 2489 amicus
2962 2444 3046 2488 est
3074 2435 3177 2500 vir,
3203 2445 3257 2489 et
3285 2435 3479 2488 amicis

234 2536 297 2588 δὲ
324 2534 577 2603 καὶπρὸς
605 2534 664 2586 σέ
688 2533 730 2564 ¹³
752 2548 766 2563 ⁸
816 2531 977 2603 Ἀνὴρ
1006 2532 1112 2584 τῶν
1155 2534 1218 2583 ὲκ
1256 2532 1356 2600 τῆς
1394 2532 1679 2600 γερουσίας
1712 2532 1813 2599 τῆς

1913 2528 2163 2583 omnibus
2203 2529 2396 2598 potior.
2450 2527 2638 2583 Simile
2668 2535 2849 2583 autem
2882 2529 3025 2582 circa
3043 2528 3479 2591 Demosthenem,

252 2626 564 2694 Ῥωμαίων,
593 2625 757 2687 Λίϐυς
778 2625 844 2676 τά
867 2624 1087 2692 ἀρχαῖα,
1116 2622 1360 2691 Μάξιμος
1391 2622 1645 2691 τοῦνομα,
1665 2622 1813 2687 ἄξιος

1914 2633 2129 2689 quoque
2157 2620 2288 2672 mihi
2328 2619 2582 2687 quiddam
2614 2618 2867 2686 contigit,
2904 2618 3045 2688 quod
3069 2619 3180 2687 jam
3220 2620 3478 2673 narrabo.

1913 1313 2098 1367 Oratio
2144 1312 2300 1363 tertia
2338 1311 2584 1363 Aristidis
2623 1310 2872 1377 inscripto
2904 1307 3192 1362 Platonica:
3215 1310 3282 1361 ad
3312 1308 3473 1377 Capi-

2365 1394 2551 1432 tonem.
2586 1407 2650 1418 —
2692 1376 3021 1431 Prawmium.

1975 1533 2127 1587 Nune
2171 1544 2221 1587 te
2263 1546 2435 1595 magis
2485 1533 2647 1583 etiam
2694 1545 2976 1593 amamus,
3018 1544 3140 1583 cum
3194 1528 3480 1582 Platonem,

1904 1635 2055 1678 tanto
2076 1625 2253 1677 studio
2284 1623 2626 1691 prosequeris
2646 1661 2659 1683 ,
2692 1637 2851 1689 quem
2880 1635 2979 1689 ego
3009 1618 3241 1672 dixerim
3288 1620 3485 1673 colere

242 2719 371 2769 ὅτου
409 2715 586 2784 βούλει
637 2714 852 2784 (φασυδ
892 2715 948 2766 δὲ
984 2716 1034 2766 οί
1075 2713 1246 2765 ταῦτα
1286 2715 1451 2766 δεινοὶ
1487 2716 1580 2766 καὶ
1609 2714 1815 2783 ῥήτορα

241 2807 408 2860 αὑτὸν
445 2810 503 2858 ἐν
536 2805 773 2874 πρώτοις
819 2801 957 2856 εἶναι
996 2804 1338 2873 Ῥωμαίων),
1376 2797 1528 2866 οὗτος
1550 2806 1591 2835 ¹⁵
1617 2806 1729 2865 τοῖς
1752 2820 1813 2855 τε

239 2896 617 2965 Δημοσθένους
663 2895 841 2960 λόγοις
884 2895 1202 2960 προσέκειτο
1230 2894 1539 2962 ὑπερφυῶς,
1592 2884 1683 2944 καὶ
1716 2893 1814 2945 οὐκ

242 2984 341 3041 οἶδ’
366 2990 547 3039 ὅντινα
589 2984 787 3053 τρόπον
822 2985 979 3035 xui.“
1008 2986 1120 3045 τοῖς
1159 2982 1451 3052 ἡμετέροις
1498 2982 1639 3035 ἑάλω
1686 2982 1812 3034 τού-

240 3090 380 3133 τοις.
409 3074 605 3141 Ἔτυχε
641 3075 750 3142 γάρ
784 3092 874 3141 μοι
904 3074 1061 3138 λόγος
1090 3089 1174 3133 τις
1203 3070 1568 3139 πεποιημένος
1602 3074 1665 3122 ἐκ
1694 3072 1815 3141 τρί-

242 3182 355 3215 των
384 3165 519 3231 πρὸς
550 3164 842 3230 Λεπτίνην.
870 3163 929 3225 ἐξ
954 3161 1128 3230 ἀρχῆς
1146 3161 1356 3213 τοιάσδε
1374 3162 1439 3212 ".
1469 3156 1626 3229 Εἶχον
1654 3161 1753 3229 μὲν
1772 3161 1816 3193 ¹⁸

241 3254 353 3320 γὰρ
384 3254 442 3304 ἐν
473 3254 628 3320 χερσὶ
666 3253 757 3303 τὸν
796 3253 950 3318 λόγον
984 3251 1075 3304 τὸν
1102 3250 1195 3303 τοῦ
1226 3250 1683 3319 Δημοσθένους¹⁹,
1722 3250 1816 3303 καὶ
1840 3231 1885 3293 C

240 3344 320 3402 ὼς
349 3343 612 3411 ἐγενόμην
643 3343 733 3395 ἐπὶ
758 3343 867 3394 τῶν
897 3340 1200 3409 κεφαλαίων
1221 3340 1257 3393 ὃ.
1284 3340 1376 3392 τοῦ
1405 3340 1665 3392 Λεπτίνου
1693 3342 1820 3409 μέλ-

245 3430 434 3492 λοντος
478 3433 621 3499 ἐρεῖν
669 3432 1068 3499 ὑποτέμνεται,
1114 3431 1427 3499 ἀποστήσας
1461 3430 1694 3497 ἐμαυτὸν
1726 3432 1819 3483 τοῦ

244 3522 623 3587 Δημοσθένους
651 3522 741 3572 ὑπ’
770 3521 1008 3589 ἐμαυτοῦ
1037 3538 1090 3572 τι
1120 3520 1425 3589 συνεώρων.
1462 3520 1549 3581 Ὠς
1577 3521 1633 3573 δὲ
1663 3514 1823 3593 εὗρον

244 3611 342 3662 καὶ
370 3610 463 3661 δύο
497 3610 592 3661 καὶ
637 3609 764 3676 τρία
812 3610 919 3662 τῶν
952 3611 1256 3679 χρησίμων,
1298 3610 1529 3663 ἐνταῦθα
1560 3612 1722 3666 πάλιν
1754 3607 1821 3666 αὖ

244 3699 337 3749 ἐπ’
366 3698 493 3749 ἄλλο
538 3714 593 3748 τι
648 3698 911 3766 ἐχώρουν.
960 3700 1068 3751 Καί
1107 3716 1196 3768 μοι
1234 3702 1556 3769 πειρωμένῳ
1605 3701 1665 3754 τὸ
1694 3702 1825 3754 αὐτὸ

242 3787 335 3839 ἀεὶ
359 3787 657 3839 συνέϐαινε.
676 3788 785 3839 Καὶ
808 3786 950 3839 οὓτω
969 3788 1033 3857 δὴ
1050 3788 1164 3853 ,ἀπὸ
1186 3788 1279 3840 τοῦ
1306 3791 1608 3857 κρασπέδου
1634 3790 1824 3858 θοιμά-

242 3894 382 3937 τιον,
413 3879 460 3928 εί
486 3877 541 3929 δὲ
569 3877 766 3944 βούλει,
799 3878 887 3929 τὸν
926 3877 1114 3929 λέοντα
1139 3878 1246 3929 άπὸ
1275 3878 1367 3929 τοῦ
1399 3878 1584 3946 ὄνυχος
1626 3880 1824 3949 ἀπειρ-

243 3968 529 4035 γασάμην.
577 3967 776 4019 Τοῦτον
828 3966 977 4035 αύτῷ
1014 3968 1106 4019 τὸν
1144 3968 1299 4033 λόγον
1343 3968 1510 4030 δεῖξαι
1532 3970 1577 3999 ¹⁰
1610 3970 1823 4037 ἐπεχεί-

255 4074 431 4125 ρησα·
474 4058 565 4109 καὶ
602 4058 808 4126 μέλλων
840 4056 1113 4121 δείξειν¹¹,
1150 4062 1405 4128 προεῖπον
1442 4062 1523 4111 ὅτι
1552 4062 1688 4129 πρὸς
1724 4061 1825 4112 Λε-

243 4145 445 4213 πτίνην
487 4146 854 4215 ὲφευρημένος
879 4148 976 4199 σὺν
1004 4146 1081 4215 τῷ
1110 4148 1246 4216 πρὸς
1285 4150 1557 4219 Λεπτίνην
1589 4150 1825 4219 ἐφευρή-

244 4238 415 4290 σει¹³.
456 4232 602 4307 ἸἌρα
634 4240 708 4307 μὴ
742 4238 912 4291 ἀδικῶ
942 4256 1035 4303 σε;
1099 4238 1235 4308 ἔφην
1280 4241 1389 4307 ἐγώ
1404 4242 1470 4294 ³³.
1518 4243 1625 4294 Καὶ
1652 4242 1711 4303 ὃς
1745 4242 1820 4311 μὰ

245 4328 350 4378 Δία
381 4328 614 4392 εὐγενῶς
642 4344 699 4378 τε
731 4328 820 4379 καὶ
843 4328 916 4389 ὡς
942 4330 1007 4380 ἂν
1034 4330 1138 4391 πᾶς
1167 4330 1379 4398 ἠράσθη
1412 4348 1469 4383 τε
1496 4332 1589 4383 καὶ
1610 4332 1823 4400 ἠγάσθη

1918 2712 2150 2765 Senator
2201 2710 2422 2778 quidam
2474 2707 2786 2773 Romanus,
2830 2724 2896 2763 ex
2936 2708 3119 2762 Africa
3169 2710 3433 2765 oriundus
3465 2750 3479 2773 ,

1918 2801 2183 2855 Maximus
2232 2801 2468 2863 nomine,
2516 2801 2602 2855 vir
2629 2803 2832 2870 gravis,
2874 2810 2928 2855 et
2961 2812 3150 2856 orator
3188 2803 3333 2856 inter
3370 2802 3483 2855 Ro-

1918 2907 2105 2945 manos
2142 2893 2379 2961 primus,
2415 2903 2472 2946 ut
2510 2892 2663 2946 aiunt
2686 2892 2886 2961 quibus
2922 2892 3034 2945 haec
3074 2900 3201 2945 sunt
3240 2907 3405 2954 curae,
3440 2894 3486 2946 is

1919 2981 2293 3037 Demosthenis
2330 2983 2670 3037 orationibus
2707 2983 2937 3037 miriﬁce
2974 2992 3092 3036 erat
3130 2983 3398 3045 addictus,
3433 2993 3486 3036 t-t

1920 3072 2123 3125 nostris
2167 3087 2383 3141 quoque
2431 3074 2549 3127 istis
2592 3073 2776 3127 nescio
2806 3087 2914 3140 quo
2939 3083 3097 3138 pacto
3147 3075 3482 3143 capiebatur.

1920 3160 2158 3215 Tertiam
2198 3162 2265 3215 ad
2303 3160 2582 3230 Leptinem
2606 3164 2907 3217 orationem
2957 3161 3099 3217 forte
3140 3166 3485 3225 conscripse-

1922 3263 2034 3299 ram
2062 3265 2126 3301 ex
2176 3250 2266 3301 tali
2304 3251 2611 3304 occasione.
2658 3250 2792 3305 Cum
2840 3252 2891 3305 in
2935 3252 3184 3308 manibus
3228 3255 3485 3308 haberem

1924 3335 2296 3390 Demosthenis
2326 3339 2652 3405 orationem,
2714 3350 2999 3409 postquam
3034 3344 3098 3397 ad
3130 3346 3306 3411 capita
3339 3347 3486 3410 veni,

1923 3441 2041 3492 qua:
2070 3442 2098 3479 a
2131 3425 2355 3492 Leptiue
2377 3428 2626 3492 dicenda,
2657 3430 2772 3497 ipse
2802 3431 3198 3501 intercipiebat.
3227 3436 3481 3504 Deposito

1922 3514 2061 3568 libro
2102 3530 2311 3569 mecum
2362 3532 2548 3571 eorum
2600 3521 2870 3587 quoddam
2927 3525 3287 3579 consideravi.
3331 3525 3489 3581 Post-

1923 3619 2080 3672 quam
2117 3614 2303 3660 autem
2338 3608 2442 3661 duo
2470 3609 2550 3661 vcl
2585 3610 2709 3671 tria,
2742 3613 2938 3678 quaead
2975 3628 3085 3666 rem
3118 3618 3484 3682 pertinebant,

1924 3696 2254 3760 inveneram,
2287 3698 2352 3751 ad
2374 3698 2474 3751 alia
2504 3699 2693 3753 deinde
2716 3704 2950 3768 perrexi,
2970 3715 3130 3772 atque
3151 3708 3223 3759 ita
3258 3713 3485 3763 tentauti

1922 3799 2135 3853 semper
2192 3789 2330 3841 idem
2372 3790 2629 3858 contigit,
2671 3792 2843 3847 donec
2893 3810 2919 3847 a
2984 3797 3193 3851 limbria
3249 3803 3487 3855 tunicam

1927 3876 2161 3940 tandem,
2209 3886 2302 3929 aut
2350 3878 2393 3931 si
2435 3880 2604 3933 mavis
2652 3882 2721 3935 ab
2766 3898 2943 3952 ungue
2997 3885 3206 3941 leonem
3256 3890 3485 3944 absolvi.

1925 3965 2075 4019 Hanc
2100 3967 2269 4036 igitur
2296 3969 2593 4023 orationem
2622 3986 2743 4025 cum
2778 3976 2826 4027 ei
2854 3976 3041 4031 vellem
3073 3979 3327 4042 recitare,
3349 3998 3487 4050 pra!-

1925 4059 2035 4111 dixi
2068 4058 2328 4121 futurum,
2361 4070 2418 4113 ut
2450 4061 2514 4114 ad
2548 4061 2828 4130 Leptinem
2862 4067 3179 4132 adinventa,
3214 4086 3485 4126 eumora-

1924 4148 2072 4203 tione
2097 4149 2161 4202 ad
2180 4148 2455 4217 Leptinem
2482 4152 2765 4211 inveniret.
2786 4154 2943 4223 Num,
2964 4159 3181 4227 inquam
3204 4162 3479 4231 injuriam,

1928 4240 2103 4293 facio?
2131 4238 2387 4294 Tumille
2425 4257 2707 4310 generose,
2744 4256 2799 4300 et
2832 4259 2889 4300 ut
2923 4252 3101 4317 quivis
3130 4268 3189 4307 se
3229 4256 3489 4321 gessisset

1925 4329 2224 4397 philologus
2256 4347 2269 4383 :
2304 4333 2382 4383 An
2422 4333 2662 4400 ignoras,
2689 4336 2883 4402 inquit,
2928 4354 2957 4391 a
2994 4340 3353 4397 Demosthene
3405 4362 3491 4399 me

242 4419 397 4478 ὅστις
423 4416 722 4484 φιλολόγος,
753 4413 944 4481 Οἶσθα,
971 4418 1095 4488 ἔφη,
1124 4421 1206 4472 ὅτι
1241 4421 1484 4491 κάθημαι
1510 4422 1645 4491 πρὸς
1674 4423 1768 4474 τοῦ
1780 4423 1826 4453 ⁸⁸

1928 4419 2112 4473 Stare?
2140 4421 2205 4473 Et
2244 4436 2345 4490 ego
2374 4441 2385 4475 :
2426 4423 2683 4479 Eumdem
2722 4427 2901 4494 igitur,-
2938 4429 3178 4498 inquam,
3208 4448 3368 4502 quem
3389 4452 3488 4505 ego

243 4508 652 4574 Δημοσθένους;
699 4507 889 4573 Κάγὼ,
936 4510 1027 4561 τὸν
1079 4510 1241 4562 αὑτὸν
1279 4511 1407 4579 ἄρα,
1442 4512 1597 4583 ἔφην,
1635 4513 1757 4581 ἐμοὶ
1774 4514 1820 4544 ’⁸

1931 4510 2084 4572 colis,
2116 4511 2288 4575 itaut,
2332 4514 2375 4565 si
2418 4529 2502 4568 me
2538 4515 2748 4578 vicerit,
2795 4533 2898 4570 non
2947 4520 3016 4573 sit
3048 4522 3299 4577 inimicus
3328 4540 3488 4579 coro-

243 4597 542 4665 βουκολείς,
575 4596 713 4649 ὥστε
741 4600 788 4650 εί
812 4598 976 4668 νικῴη
1013 4600 1090 4668 μ’,
1123 4601 1221 4653 οὐκ
1250 4602 1439 4670 ἐχθρὸς
1472 4604 1499 4655 ὁ
1531 4604 1821 4671 στεφανού-

244 4702 429 4752 μενος,
459 4686 572 4736 ἀλλ’
599 4680 643 4752 ᾧ
676 4687 738 4738 σύ
783 4703 846 4753 γε
877 4688 1030 4754 κάγὼ
1061 4689 1452 4757 συσπεύδομεν.
1490 4692 1578 4753 Ὠς
1606 4692 1661 4743 δὲ
1693 4692 1810 4744 ἐκέ-

241 4778 369 4827 λευε
385 4777 429 4806 ’⁸
470 4776 539 4827 τὰ
557 4776 746 4845 Ιβιϐλία
770 4778 827 4829 ἐν
856 4779 1006 4847 μέρει
1031 4778 1302 4832 δεικνύναι
1328 4781 1421 4832 καὶ
1450 4781 1512 4832 τὸ
1538 4782 1815 4850 πρᾶγμα²⁷

242 4866 498 4933 πάνταχῆ
524 4865 723 4934 σπουδὴ
745 4862 833 4935 ἦν,
861 4867 1073 4919 Ούτωσί
1092 4884 1194 4933 τοι,
1224 4869 1358 4935 ἔφην
1388 4868 1517 4936 ἐγὼ,
1546 4872 1626 4921 σοὶ
1649 4870 1821 4922 ταυτὰ

244 4954 503 5023 γινώσκω
549 4956 676 5024 περὶ
724 4956 1127 5025 Δημοσθένους,
1182 4961 1275 5010 καὶ
1328 4959 1563 5028 ἡγοῦμαι
1624 4961 1827 5012 ταυτὸν,

1930 4602 2160 4662 naudus',
2190 4604 2282 4655 sed
2313 4603 2355 4655 is
2374 4604 2457 4655 cui
2490 4604 2647 4658 simul
2679 4617 2904 4675 uterque
2936 4610 3186 4665 libamus.
3216 4611 3285 4667 Ut
3306 4624 3487 4669 autem

1926 4690 2122 4762 522a
2160 4693 2365 4746 libellos
2398 4695 2612 4748 recitari
2639 4696 2822 4762 jussit,
2860 4710 2912 4751 et
2942 4702 3081 4754 seria
3116 4718 3202 4757 res
3263 4706 3347 4774 agi
3379 4720 3491 4759 cm-

1929 4787 2025 4849 pit,
2066 4785 2133 4834 ita
2170 4782 2284 4836 fere
2324 4784 2431 4836 disi
2471 4800 2484 4835 :
2524 4784 2805 4853 Equidem,
2832 4790 2883 4841 ni
2916 4789 3088 4857 fallor,
3122 4794 3262 4848 idem
3289 4796 3354 4849 de
3388 4796 3489 4847 Dc-

1930 4874 2209 4926 mosthene
2234 4876 2375 4941 quod
2403 4884 2455 4928 tu
2483 4877 2759 4945 existimo,
2788 4881 3071 4937 dilliculler
3087 4900 3210 4939 eum
3243 4892 3487 4955 superari

1932 4979 2106 5029 posse.
2153 4965 2243 5019 llis
2278 4969 2477 5022 auditis
2507 4969 2596 5023 ille
2639 4970 2849 5025 laetatus
2884 4984 2986 5035 est,
3033 4978 3488 5043 quemadmodum

1555 5118 1786 5175 VARIAS
1829 5119 2231 5175 LECTIONES.

323 5230 342 5259 '
376 5230 508 5282 αὐτὸ
537 5246 643 5283 om.
689 5232 755 5287 A.
838 5236 858 5266 ⁸
889 5236 997 5288 τῶν
1025 5251 1133 5290 om.
1184 5239 1249 5290 A.

243 5301 453 5373 ραι-Α.
547 5301 568 5332 ⁷
594 5302 987 5367 καλλωπίζεται
1022 5305 1098 5358 Α;
1135 5310 1227 5358 καὶ
1256 5301 1745 5373 καλλωπίζεέᾶἴᾴ

323 5366 602 5445 ηρφρσνας
636 5375 723 5445 An
780 5376 827 5445 A”
850 5366 857 5367 ί
883 5374 1076 5444 συνέϐη
1108 5377 1153 5407 ³³
1182 5376 1311 5445 πρὸς
1348 5378 1404 5428 σέ
1434 5366 1538 5431 oui.
1587 5380 1647 5432 Α.

246 5438 293 5507 If
330 5437 388 5498 ἐξ
423 5440 593 5507 ἀρχῆς
619 5442 965 5503 τοιᾶσδεωιιι.
1010 5437 1072 5499 Ai

245 5506 294 5587 ξξ
330 5508 537 5587 μέλλων
565 5509 885 5573 δείξεινιιιιι.
916 5514 980 5563 Α.
1015 5515 1115 5566 ὃτι.
1167 5518 1211 5546 η
1239 5506 1667 5587 εφξυρῆστῖοιιΐ.
1693 5506 1765 5570 '.-\.

245 5574 295 5604 ”
332 5576 615 5628 ἐκέλευσεν
642 5583 704 5630 Λ.
782 5581 822 5610 ³⁷
857 5583 916 5633 τὸ
941 5584 1169 5653 πρᾶγμα
1195 5574 1289 5638 οιιί
1311 5589 1370 5636 .\.

1356 5240 1674 5326 ξπαγεαχῆ]
1706 5257 1756 5307 p.
1806 5241 1965 5326 ist._
2036 5245 2057 5275 ι
2084 5243 2138 5326 ξε
2170 5245 2330 5326 καὲρ

1906 5310 1999 5362 νῦν
2030 5310 2111 5373 σε]
2126 5377 2133 5380 _
2148 5329 2197 5380 p.
2228 5313 2351 5372 5:25.

1739 5380 1780 5409 "‘
1828 5381 2049 5442 φασὶ-
2077 5377 2231 5444 οὗτος
2272 5402 2377 5438 οιιι,
2436 5390 2497 5439 Α.

1186 5443 1394 5513 met-ﬂ».
1424 5448 1542 5514 μὲν]
1575 5448 1789 5517 εἴχομεν
1819 5450 1879 5503 Α.
1988 5451 2029 5481 Is
2052 5454 2140 5503 τὸν
2178 5443 2270 5504 τώ
2308 5455 2474 5523 anum

1192 5518 1211 5545 ³
1239 5516 1527 5593 ὲφξυρήστε
1561 5536 1667 5572 οιιι.
1705 5519 1765 5570 Α.
1845 5521 1890 5550 9³
1919 5535 1977 5571 σε
2023 5520 2156 5589 ἔφην
2183 5521 2311 5593 ἐγώ]
2346 5542 2403 5589 γε
2441 5527 2474 5577 Α

1919 5535 1977 5571 σε
2023 5535 2156 5589 εφην
2183 5535 2310 5589 εγω]
2346 5542 2403 5589 γε
2441 5535 2496 5578 Ᾱ.

2036 5245 2057 5275 ⁵
2084 5243 2138 5315 δὲ
2170 5245 2260 5315 καί
2305 5246 2390 5298 διὰ
2422 5246 2656 5310 πάντων]
2682 5247 2743 5315 δὴ
2774 5250 2868 5301 καὶ
2893 5248 3142 5301 ἁπάντων
3165 5248 3231 5301 Α.
3308 5251 3328 5279 ⁸
3359 5250 3488 5314 φασί

2435 5318 2454 5346 ⁹
2482 5317 2546 5369 ἂν
2592 5316 2767 5385 τιμῶν,
2804 5333 2910 5369 οιιι.
2938 5316 3002 5370 Α.
3104 5319 3145 5346 ¹⁰
3174 5335 3252 5370 τοι
3280 5333 3390 5370 om.
3423 5321 3486 5370 A.

2582 5386 2624 5415 "
2659 5384 2773 5456 καὶ]
2806 5388 2924 5440 add.
2960 5388 3021 5437 Α.
3091 5386 3146 5457 Ᾱ¹⁶
3177 5387 3307 5457 γὰρ]
3337 5387 3392 5438 δὲ
3420 5388 3484 5439 Α.

1988 5451 2029 5481 ¹⁹
2052 5454 2140 5503 τὸν
2178 5453 2270 5504 τοῦ
2308 5455 2667 5523 δημοσθένους
2696 5451 2848 5521 λόῖον
2877 5459 2936 5512 Λ,
3010 5456 3052 5487 ⁸ο
3084 5451 3383 5518 δεῖξαίόιιι.
3423 5459 3485 5507 Δ.

2023 5520 2156 5589 ἔφην
2183 5521 2311 5593 ἐγώ]
2346 5542 2403 5589 γε
2441 5527 2496 5578 Δ.
2577 5525 2621 5555 ⁸⁸
2649 5524 2764 5594 τοῦ]
2797 5527 2916 5586 τοὺς
2946 5527 3008 5577 Α.
3084 5525 3128 5554 ⁸⁵
3160 5526 3260 5593 ἔφη
3300 5542 3387 5594 μοι
3423 5529 3483 5578 Α.

2649 5541 2764 5594 acu]
2797 5542 2916 5586 τους
2946 5541 3008 5577 .x.
3086 5541 3128 5554 "
3160 5541 3260 5593 εφη
3300 5542 3387 5594 μοι
3423 5541 3483 5578 ιὶι

1764 5680 1988 5734 NOTAE.

332 5758 444 5827 (εδ)
484 5758 631 5813 una.
672 5778 738 5826 u,
778 5765 864 5819 32.
