4216 6430
709 392 839 461 1531

1860 401 2118 462 ΡΗΟΤΙῙ
2156 403 2659 465 ΡΑΤΒΙΑΒΟΗίΕ
2689 404 2795 462 CP.

3826 400 3963 467 1532

704 524 811 563 nou
839 507 1027 560 eadem
1067 520 1186 574 qua:
1233 506 1421 574 vulgus
1467 517 1759 576 spectaret,
1804 525 2001 579 paucos
2043 514 2272 567 habebat
2298 518 2346 574 Λ

2298 518 2346 574 Λ
2374 515 2477 565 ὑπό
2509 530 2654 574 τινος
2679 510 2854 579 ὤφθη.
2895 510 3001 563 Καὶ
3031 514 3096 580 τῇ
3134 513 3233 580 μὲν
3265 511 3363 580 τῆς
3394 511 3673 574 πολιτείας
3702 511 3923 580 φυλακῇ
3942 554 3957 577 ,

701 597 931 651 similes.
977 596 1126 660 Quod
1177 609 1361 649 autem
1409 597 1620 652 Socrati
1673 601 1816 651 inter
1856 602 2146 668 sopbistas.
2178 602 2278 655 hoc

704 688 779 740 illi
814 688 954 739 inter
979 695 1226 740 oratores
1253 702 1281 738 a
1317 698 1509 739 natura
1548 690 1816 757 praecipue
1845 691 2026 742 datum
2072 690 2189 754 fuit,
2225 700 2280 743 ut

702 779 899 829 elatum
931 778 1183 845 populum
1218 793 1280 829 ac
1310 779 1713 844 superbientem
1754 778 2011 832 facillime
2040 782 2278 849 compri-

708 874 879 918 meret
914 883 926 917 :
962 866 1337 929 desperantem
1393 880 1608 926 rursus,
1661 874 1717 919 et
1761 864 2027 931 abjectum
2054 868 2282 919 dicendo

707 963 1009 1013 revocaret,
1044 968 1107 1007 ac
1138 969 1229 1019 spe
1264 955 1519 1020 repleret,
1551 957 2003 1023 quemadmodum
2048 957 2135 1009 ille
2160 971 2281 1009 eum

706 1042 1138 1093 adolescentibus
1164 1055 1322 1106 agere
1359 1042 1586 1094 solebat.
1617 1041 1852 1108 Denique
1876 1041 2023 1092 urbis
2051 1042 2284 1106 dignitas

707 1144 823 1184 crat
851 1131 1089 1185 Pericles
1110 1169 1125 1195 ,
1154 1143 1211 1183 ut
1252 1131 1342 1197 qui
1387 1146 1483 1183 nec
1516 1132 1874 1185 multitudinis
1903 1131 2287 1199 cupiditatibus

709 1222 1131 1287 obtemperaret,
1166 1222 1258 1273 sed
1290 1220 1407 1286 ipse
1438 1221 1632 1287 populo
1660 1222 1969 1286 imperaret,
2011 1236 2108 1273 nec
2143 1220 2285 1285 quod

714 1311 821 1364 illis
855 1310 1157 1372 videbatur,
1184 1311 1409 1370 diceret,
1447 1313 1538 1363 sed
1580 1312 1723 1378 quod
1758 1309 1952 1380 423b
2003 1309 2101 1360 sibi
2136 1309 2287 1360 vide-

717 1411 868 1453 retur
907 1401 957 1453 id
989 1400 1109 1454 illos
1144 1400 1325 1453 facere
1366 1410 1588 1469 cogeret
1624 1418 1637 1452 :
1696 1415 1798 1453 nec
1829 1398 2125 1452 adulator-is
2169 1396 2292 1451 fun-

716 1502 935 1558 geretur
958 1490 1155 1556 oilicin,
1177 1491 1268 1543 sed
1298 1506 1512 1544 omnem
1538 1490 1929 1551 adulatoribus,
1953 1498 2214 1555 quantum
2237 1489 2289 1540 in

718 1598 777 1635 se
793 1592 933 1646 erat,
963 1584 1347 1636 intercluderet
1367 1582 1572 1633 aditutn
1599 1595 1779 1644 :cum,
1798 1589 2065 1647 quatenus
2093 1578 2292 1644 probus

719 1682 835 1724 erat
861 1682 915 1725 et
943 1686 1147 1738 aequus,
1179 1671 1349 1739 patris
1381 1670 1549 1723 vicem
1594 1670 1789 1736 populo
1835 1676 2135 1735 prasstaret,
2160 1682 2291 1733 qua-

723 1774 879 1815 tenus
908 1773 1084 1814 autem
1115 1777 1302 1814 omnes
1346 1762 1651 1822 coercebat,
1701 1771 1757 1812 et
1804 1759 1859 1811 in
1897 1772 1991 1811 sua
2027 1766 2292 1824 potestate

2382 603 2475 654 καὶ
2515 602 2591 670 τῷ
2622 602 2681 653 τὸ
2720 602 2833 652 ἴσον
2874 603 2986 663 τοῖς
3018 602 3197 664 ἄλλοις
3229 602 3369 670 ἔχων
3416 602 3729 669 ἀνέχεσθαι,
3762 604 3962 663 κοιν”›ς,

2381 693 2537 760 είπερ
2575 710 2657 752 τις
2708 690 3031 759 ἀνθρώπων,
3074 693 3405 755 ἐσπούδαζεν
3437 689 3595 753 εἶναι,
3618 692 3695 759 τῷ
3724 692 3779 743 δὲ
3805 693 3969 755 ἀξιῶ.

2385 802 2512 853 ματι
2561 785 2656 848 τῆς
2692 782 2915 849 γνώμης
2964 784 3057 834 καὶ
3090 782 3166 849 τῷ
3213 784 3285 850 μὴ
3325 783 3431 833 τῶν
3469 784 3645 834 αὐτῶν
3681 783 3956 849 ἡττᾶσθαι

2382 878 2494 935 τοῖς
2530 873 2742 933 πολλοῖς
2776 872 2973 936 ὀλίγοις
2994 872 3313 923 καταλιπεῖν
3346 874 3511 938 ἐγγὺς
3540 871 3712 923 ἐλθεῖν
3739 871 3963 923 ἑαυτοῦ.

2393 966 2459 1016 Ὃ
2500 964 2554 1013 δέ
2588 964 2631 993 ⁷⁸
2667 979 2830 1028 φασιν
2862 962 3098 1029 ὑπάρξαι
3152 963 3430 1031 Σωκράτει
3474 963 3740 1028 σοφιστῶν
3771 964 3816 992 ⁷⁷
3846 963 3967 1013 δια-

2387 1052 2659 1121 φερόντως
2682 1092 2695 1108 .
2725 1050 2869 1102 τοῦτ’
2906 1052 3098 1118 ἐκείνῳ
3125 1052 3494 1119 δημαγωγῶν·
3532 1051 3841 1117 ἐπαρθέντα
3868 1053 3970 1116 μὲν

2387 1145 2494 1212 γάρ
2534 1143 2624 1194 τὸν
2668 1143 2833 1209 δῆμον
2868 1143 2961 1193 καὶ
3011 1143 3233 1209 μείζονα
3268 1145 3613 1210 φρονήσαντα
3662 1143 3971 1193 δεινότατον

2386 1228 2523 1283 εἶναι
2555 1232 2828 1282 συστεῖλαι
2853 1231 2945 1282 καὶ
2972 1229 3241 1292 καθελεῖν,
3270 1230 3628 1297 ἀθυμήσαντα
3651 1231 3707 1281 δὲ
3727 1230 3856 1299 [688
3876 1231 3972 1301 H.]

2390 1320 2483 1369 xui.
2512 1317 2914 1369 ταπεινωθέντα
2944 1319 3240 1386 ἀναγαγεῖν
3282 1314 3349 1369 αὖ
3386 1321 3496 1379 τοῖς
3533 1318 3710 1385 λόγοις
3744 1321 3843 1371 καὶ
3873 1338 3973 1386 με-

2392 1408 2515 1459 στὸν
2545 1408 2774 1459 ἐλπίδων
2804 1408 3052 1474 ποιῆσαι,
3099 1406 3289 1477 ῶσπερ
3314 1409 3357 1440 ’⁸
3387 1409 3594 1467 ἐκεῖνος
3628 1408 3812 1460 εἰώθει
3844 1411 3977 1474 περὶ

2390 1496 2513 1559 τοὺς
2562 1498 2715 1557 νέους
2763 1500 2961 1550 ποιεῖν.
3006 1498 3283 1548 Συνελόντι
3330 1498 3373 1549 δ’
3423 1501 3618 1558 εἰπεῖν,
3651 1498 3841 1566 σχῆμα
3874 1499 3976 1563 τῆς

2394 1589 2597 1647 πόλεως
2632 1583 2698 1655 ῆν
2741 1587 3011 1655 Περικλῆς
3032 1627 3046 1649 ,
3074 1588 3135 1639 οὗ
3167 1588 3431 1639 δουλεύων
3457 1593 3577 1650 ταῖς
3611 1591 3719 1641 τῶν
3754 1590 3976 1641 πολλῶν

2400 1674 2737 1741 ἐπιθυμίαις,
2764 1674 2877 1725 ἀλλ’
2909 1676 3070 1736 αὐτὸς
3100 1676 3284 1745 ἄρχων
3319 1677 3426 1727 τῶν
3459 1678 3688 1742 πολλῶν,
3716 1679 3828 1730 οὐδ’
3859 1680 3888 1730 ὅ
3925 1695 3979 1729 τι

2392 1766 2593 1828 δόξειεν
2624 1766 2852 1827 ἐκείνοις
2881 1768 3039 1819 τοῦτο
3067 1769 3247 1834 λέγειν
3275 1769 3463 1832 ἀξιῶν,
3496 1773 3610 1823 ἀλλ’
3636 1774 3664 1823 ὅ
3689 1790 3740 1823 τι
3770 1772 3979 1833 δόξειεν

723 1852 953 1904 habebat
1010 1853 1213 1913 omnia,
1269 1853 1549 1917 plusquam
1607 1859 1868 1918 tyrannus
1919 1857 2083 1900 esset.
2143 1845 2291 1899 Unde
2324 1858 2367 1912 Β

2324 1858 2367 1912 Β
2399 1854 2545 1922 αὑτῷ
2587 1854 2729 1907 τοῦτ’
2760 1856 2999 1919 ἐκείνους
3044 1860 3302 1926 πράττειν
3342 1862 3758 1926 ἐπαναγκάζων,
3798 1863 3911 1912 οὐδ’
3936 1864 3978 1893 τ’

722 1931 847 1995 licet
872 1942 1148 1994 evidenter
1174 1942 1478 2007 perspicere
1512 1941 1795 2002 Periclem,
1832 1939 1875 1991 si
1908 1953 2065 2007 quem
2103 1937 2290 2001 alimn,

723 2032 1139 2100 spontejustum
1185 2032 1371 2086 fuisse.
1408 2032 1515 2084 Nec
1560 2033 1702 2084 enim
1748 2046 1973 2098 usquam
2020 2030 2291 2096 iniquitati

725 2125 902 2192 potius
940 2139 1100 2191 quam
1128 2123 1352 2189 justitiaa
1374 2124 1600 2183 studuit,
1635 2138 1733 2174 nec
1770 2134 1827 2173 ut
1855 2121 2111 2185 majorem
2150 2120 2295 2172 obti-

728 2221 879 2265 neret
910 2212 1085 2265 loeum
1115 2213 1345 2271 curavit,
1384 2227 1504 2264 cum
1538 2212 1587 2263 id
1613 2211 1805 2277 quovis
1837 2209 2120 2262 PisiStrato
2161 2208 2295 2262 faci-

727 2301 829 2353 lius
860 2310 1040 2367 posset
1072 2318 1086 2353 :
1125 2316 1309 2353 verum
1362 2301 1514 2365 quasi
1552 2316 1728 2352 arcem
1782 2301 1846 2352 ad
1892 2300 2035 2365 leges
2074 2312 2297 2349 servan-

726 2395 824 2443 tlas
849 2400 903 2441 et
932 2404 1123 2443 omnes
1152 2391 1511 2443 communiter
1541 2390 1811 2457 juvaudos
1852 2397 2193 2456 occupasset,
2222 2390 2295 2441 ita

730 2497 789 2535 se
820 2482 1062 2550 gerebat.

2392 1945 2449 1992 ἐν
2493 1941 2722 2021 κόλακος
2775 1944 2940 2013 μοίρᾳ.
2983 1946 3399 2013 προσκείμενος,
3436 1949 3549 1999 ἀλλ’
3589 1949 3831 2015 οὐδαμοῦ
3868 1952 3981 2009 τοῖς

2392 2032 2575 2093 κόλαξι
2605 2032 2835 2099 πάροδον
2868 2035 2927 2084 τὸ
2958 2035 3077 2086 καθ’
3103 2036 3264 2087 αὑτὸν
3290 2036 3468 2096 διδοὺς
3502 2040 3569 2101 ⁸⁸,
3606 2041 3670 2106 τῇ
3705 2040 3804 2105 μὲν
3840 2057 3980 2107 χρη-

2394 2122 2610 2189 στότητι
2643 2122 2735 2173 καὶ
2758 2126 2877 2184 ταῖς
2893 2126 3217 2186 ἐπιεικείαις
3241 2127 3285 2156 ⁸⁸
3314 2128 3369 2177 ἐν
3396 2129 3602 2197 πατρὸς
3625 2128 3701 2179 ῶν
3722 2128 3876 2191 τάξει
3905 2129 3985 2195 τῷ

2392 2212 2569 2279 δήμῳ,
2611 2212 2690 2281 τῷ
2714 2213 2769 2263 δὲ
2801 2214 3115 2282 κατείργειν
3145 2216 3389 2278 ἅπαντας
3415 2220 3509 2269 καὶ
3540 2218 3698 2270 πάνθ’
3725 2218 3817 2283 ὑφ’
3842 2218 3979 2269 ἐαυ-

2400 2302 2490 2352 τὸν
2522 2302 2664 2369 ἔχειν
2690 2303 2901 2373 πλέονῆ
2930 2305 3207 2374 τύραννος.
3247 2306 3340 2369 Ἐξ
3360 2301 3455 2369 ῶν,
3478 2309 3551 2369 ὡς
3574 2308 3775 2370 ἔοικεν,
3802 2307 3984 2370 ἔξεστι

2407 2395 2595 2459 σαφῶς
2636 2396 2761 2445 ἰδεῖν
2793 2397 2905 2459 ὅτι,
2943 2398 3105 2459 εἴτις
3148 2398 3305 2460 ἄλλος
3328 2437 3346 2464 ,
3392 2401 3485 2451 καὶ
3521 2400 3794 2468 Περικλῆς
3843 2398 3985 2449 ἐκὼν

2408 2482 2637 2544 δίκαιος.
2672 2484 2921 2553 Οὐδαμοῦ
2960 2485 3069 2556 γὰρ
3114 2488 3211 2555 τὴν
3252 2489 3563 2552 πλεονεξίαν
3595 2492 3713 2543 ἀντὶ
3749 2490 3861 2543 τῶν
3898 2490 3988 2540 νό-

731 2590 847 2640 μων
877 2570 1185 2638 ἠγάπησεν,
1216 2570 1325 2621 οὐδ’
1369 2570 1515 2632 ὅπως
1548 2570 1697 2623 ἔσται
1728 2571 1930 2639 μείζων
1958 2571 2055 2637 τῆς
2086 2570 2296 2633 τάξεως
2336 2573 2646 2641 προύνοήθη
2673 2612 2687 2633 ,
2727 2578 2893 2644 παρὸν
2928 2578 3077 2646 αὑτῷ
3114 2579 3313 2645 μᾶλλον
3386 2582 3586 2642 παντὸς
3655 2576 3986 2648 nam”???

728 2680 841 2716 του·
871 2663 983 2715 ἀλλ’
1018 2659 1086 2731 ἦν
1127 2663 1507 2729 παραπλήσιος
1537 2662 1819 2730 κατέχοντι
1860 2662 1956 2731 τὴν
2002 2661 2301 2730 ἀκρόπολιν
2375 2664 2467 2714 ἐπὶ
2498 2664 2571 2732 τῷ
2605 2665 2797 2727 σώζειν
2826 2670 2953 2729 τοὺς
2978 2670 3175 2738 νόμους
3203 2672 3294 2722 καὶ
3322 2670 3398 2739 τῷ
3442 2673 3650 2733 πάντας
3715 2668 3773 2723 εὖ
3808 2673 3987 2723 ποιεῖν

730 2758 795 2807 ἐκ
825 2756 988 2824 μέσου
1019 2754 1135 2824 [τοῦ
1164 2755 1420 2822 δημοσίου
1444 2752 1535 2823 In].

806 2847 920 2916 [Sic
965 2846 1150 2899 forte:
1189 2846 1331 2911 quod
1377 2848 1426 2896 iu
1476 2846 1651 2897 medio
1683 2845 1849 2911 jacet,
1882 2845 2086 2912 mquale
2132 2854 2232 2907 est,
2265 2847 2307 2896 si

733 2918 884 2967 dit-as
928 2932 1136 2973 omnes.
1187 2917 1331 2967 \elut
1367 2916 1417 2966 in
1460 2918 1643 2967 orbem
1681 2916 1869 2979 fertur,
1924 2916 2003 2967 vel
2048 2918 2172 2982 quia
2212 2930 2309 2966 arx

738 2984 913 3037 media
946 2986 1083 3051 jacet
1122 2986 1173 3036 in
1204 2982 1381 3053 urbe]

810 3074 881 3125 At
922 3084 1208 3141 postquam
1256 3074 1344 3125 ille
1392 3082 1635 3127 mortuus
1676 3082 1781 3137 est,
1829 3076 1937 3139 jam
1972 3083 2027 3127 et
2067 3074 2308 3126 Siciliam

738 3164 1102 3226 somniabant,
1138 3173 1192 3216 et.
1229 3164 1432 3215 Italiam
1468 3164 1815 3225 affectabunt,
1844 3175 1896 3215 et
1929 3163 2305 3230 Carthaginem

2485 2837 2633 2911 [οἶον
2670 2842 2818 2902 ἴσως·
2854 2842 2915 2891 τὸ
2944 2843 3051 2909 γὰρ
3094 2844 3157 2912 ἐκ
3204 2844 3370 2910 μέσου
3414 2843 3713 2911 φερόμενον
3753 2843 3866 2892 ἴσον
3891 2837 3989 2893 ἐπὶ

2414 2914 2618 2971 πάντας
2650 2912 2835 2976 ὥσπερ
2870 2912 2962 2961 ἐπὶ
2998 2911 3193 2961 κύκλου
3232 2913 3484 2977 φέρεται·
3532 2912 3563 2980 ἢ
3604 2914 3685 2963 ὅτι
3738 2913 3770 2979 ἡ
3819 2914 3989 2978 άκρὸι

2414 2984 2564 3041 πολις
2600 2982 2738 3047 μέση
2771 2982 2944 3031 κεῖται
2974 2980 3073 3047 τῆς
3104 2980 3353 3051 πόλεως.]

2496 3071 2714 3137 Ἐπειδὴ
2752 3071 2798 3101 ⁸³
2830 3070 2885 3121 δὲ
2921 3071 3267 3140 ἐτελεύτησεν
3315 3074 3515 3132 ἐκεῖνος
3537 3110 3551 3131 ,
3596 3070 3991 3137 ὼνειροπόλουν

2417 3161 2513 3229 μὲν
2543 3161 2790 3212 Σικελίαν
2813 3200 2826 3222 ,
2870 3162 3081 3225 ἐφίεντο
3106 3161 3161 3211 δὲ
3194 3160 3445 3221 Ἰταλίας,
3465 3160 3732 3223 ὠρέγοντο
3752 3160 3808 3209 δὲ
3838 3161 3993 3225 Καρ-

738 3265 901 3321 atque
933 3255 1170 3306 Africam
1204 3256 1549 3322 appetebant,
1600 3265 1760 3321 atque
1790 3254 1969 3306 omnia
1997 3254 2313 3321 circumspi-
2342 3247 2383 3304 C

2342 3247 2383 3304 C
2418 3248 2636 3316 χηδόνος
2666 3250 2757 3299 καὶ
2788 3248 3013 3315 Λιῦύης,
3044 3248 3250 3308 πάντας
3278 3249 3320 3299 δ’
3350 3246 3667 3315 ἀνθρώπους
3698 3250 3992 3314 περιεσκό-

736 3344 971 3404 ciebant,
1008 3359 1103 3395 nec
1144 3343 1273 3408 ipsis
1316 3345 1608 3410 quidquam
1656 3342 1972 3405 sufﬁciebat,
2007 3353 2057 3394 et
2100 3345 2309 3411 longio-

742 3448 853 3486 rem
911 3433 1034 3485 belli
1095 3432 1342 3486 fecerunt
1393 3436 1757 3499 appendicem.
1815 3434 1936 3487 llaec
1992 3446 2207 3498 autem,
2278 3451 2309 3486 ο

742 3522 917 3584 Plato,
946 3534 997 3575 et
1025 3522 1300 3584 Socrates,
1331 3523 1594 3575 suadebat
1626 3533 1803 3576 vester
1841 3538 1942 3574 non
1973 3523 2173 3583 socius,
2220 3523 2312 3575 sed

742 3614 961 3677 sodalis,
1005 3622 1061 3666 ut
1103 3622 1159 3665 tu
1197 3614 1397 3665 dixeris
1442 3628 1507 3663 an
1564 3614 1742 3679 potius
1787 3611 1995 3664 dixisti.
2047 3612 2312 3675 Quocirca

743 3703 866 3767 quis
894 3716 955 3753 ea
992 3702 1071 3753 vel
1099 3702 1243 3767 juste
1272 3700 1484 3759 Pericli,
1517 3700 1595 3751 vel
1634 3716 1737 3752 non
1777 3701 2082 3751 necessario
2117 3700 2315 3753 tribuat

744 3792 1054 3845 Alcibiadi?
1090 3793 1191 3857 Qui
1226 3792 1523 3856 civitatem,
1555 3808 1714 3856 quam
1764 3801 2045 3857 acceperat
2074 3792 2316 3843 consiliis

744 3885 1113 3948 obtemperare
1139 3882 1423 3943 valentem,
1460 3883 1510 3932 in
1547 3882 1701 3931 talem
1736 3878 1973 3931 furorem
1998 3880 2105 3944 egit
2128 3879 2151 3930 ?
2173 3881 2314 3943 Quo-

748 3971 890 4022 circa
929 3986 1049 4021 cum
1092 3971 1219 4022 nuili
1254 3983 1400 4022 esset
1429 3969 1578 4023 lucro
1613 3971 1845 4034 tlctiitus,
1889 3969 2110 4035 justitia:
2142 3969 2314 4020 maui-

748 4060 939 4112 festum
997 4064 1155 4113 dabat
1218 4061 1516 4127 specimen,
1569 4072 1623 4113 ut
1668 4071 1722 4113 et
1771 4061 2157 4128 temperantur,
2192 4059 2315 4110 dum

747 4151 910 4202 vitam
944 4152 1239 4202 modestam
1284 4150 1539 4215 voluptati
1578 4149 1897 4216 praafcrebat
1937 4166 1951 4201 :
1988 4147 2318 4200 fortitudinis

750 4243 933 4303 etiam,
966 4257 1086 4293 cum
1113 4256 1214 4292 non
1247 4242 1312 4293 ad
1336 4241 1563 4307 gratiam
1596 4256 1689 4294 nec
1721 4240 2011 4303 submisse,
2036 4240 2128 4291 sed
2157 4239 2319 4291 liber-

751 4331 885 4382 rime
916 4345 1037 4380 cum
1074 4329 1265 4394 populo
1292 4330 1503 4395 agebat.
1550 4327 1791 4395 Denique
1822 4342 1941 4379 cum
1971 4326 2117 4379 solus
2150 4335 2202 4377 ct
2234 4324 2319 4376 fu-

753 4430 870 4473 tura
901 4422 1168 4486 praescire,
1221 4430 1274 4473 et
1321 4420 1678 4484 prresentibus
1724 4422 1797 4471 uti
1839 4417 2098 4485 potuerit,
2127 4418 2319 4468 merito

750 4512 1046 4577 prudentiae
1085 4510 1316 4574 laudem,
1358 4512 1401 4562 si
1429 4510 1550 4576 quis
1590 4524 1675 4561 res
1702 4513 1963 4560 humanas
1989 4506 2314 4566 consideret,

2415 3354 2572 3399 πουν,
2606 3339 2765 3405 ἢρκει
2812 3336 2867 3388 δὲ
2902 3338 3085 3398 αὐτοῖς
3115 3337 3290 3399 οὐδὲν,
3330 3338 3670 3406 μακροτέραν
3695 3338 3742 3368 ⁸⁵
3793 3338 3850 3387 δὲ
3894 3339 3993 3388 τοῦ

2415 3428 2652 3493 πολέμου
2679 3429 2775 3495 τὴν
2806 3428 3158 3495 παρενθήκην
3186 3428 3513 3495 ἐποιήσαντο
3541 3429 3607 3479 ⁸⁸.
3652 3428 3710 3477 'U
3733 3428 3789 3479 δὲ
3819 3427 3995 3479 ταῦτα

2416 3518 2617 3569 πείθων
2647 3514 2735 3585 ἦν,
2766 3513 2809 3568 ὦ
2840 3519 3062 3569 Πλάτων
3089 3535 3147 3568 τε
3184 3518 3275 3569 καὶ
3303 3516 3589 3586 Σώκρατες
3610 3558 3623 3580 ,
3657 3519 3685 3568 ὁ
3719 3518 3994 3586 ἡμέτερος

2417 3609 2671 3669 κοινωνὸς
2707 3607 2800 3675 μὲν
2832 3609 2932 3659 οὐκ
2965 3608 3111 3659 ἐστιν
3145 3608 3340 3670 εἰπεῖν,
3374 3609 3587 3674 ἑταῖρος
3615 3606 3670 3657 δὲ
3697 3607 3793 3657 καὶ
3826 3607 3993 3668 αὐτὸς

2416 3698 2480 3749 ἂν
2506 3699 2670 3766 φαίης
2692 3740 2704 3762 ,
2742 3698 2941 3765 μᾶλλον
2973 3698 3015 3747 δ’
3063 3697 3311 3765 εἴρηκας.
3345 3697 3465 3755 Πῶς
3494 3696 3585 3748 οὖν
3613 3697 3676 3748 ἄν
3710 3713 3791 3757 τις
3820 3696 3999 3747 ταῦτα

2416 3787 2634 3848 δικαίως
2683 3787 3011 3855 κατηγοροίη
3060 3786 3417 3855 Περικλέους,
3466 3786 3499 3855 ἦ
3551 3785 3666 3844 πῶς
3715 3786 3816 3835 οὐκ
3863 3786 3999 3837 ἀνα-

2419 3878 2626 3945 γκαίως
2664 3877 3024 3940 ’Δλκιὸιάδου,
3053 3877 3198 3937 ὅστις
3232 3877 3561 3945 παραλαϐὼν
3589 3875 3750 3946 [1175
3776 3875 3871 3943 IL]
3900 3877 4002 3945 τὴν

2422 3968 2578 4018 πόλιν
2615 3968 2814 4018 είδυῖαν
2847 3967 3064 4018 ἀκούειν
3089 3965 3426 4035 συμϐούλων,
3455 3962 3551 4017 εἷθ’
3583 3964 3756 4026 οὕτως
3798 3964 4000 4031 ἐξέμη-

2420 4075 2541 4121 νεν;
2572 4056 2780 4109 Οὐκοῦν
2814 4057 2860 4086 ⁸⁸
2904 4057 2981 4123 τῷ
3015 4057 3112 4123 μὲν
3160 4057 3396 4116 ἅπαντος
3423 4054 3465 4084 ³⁷
3508 4054 3731 4122 κέρδους
3762 4054 4000 4121 κρείττω

2421 4149 2681 4215 παρέχειν
2717 4148 2905 4198 ἐαυτὸν
2934 4148 3280 4215 δικαιοσύνην
3308 4146 3489 4197 ἀσκῶν
3517 4146 3675 4212 δῆλος
3711 4141 3801 4214 ἦν,
3836 4142 3913 4211 τῷ
3940 4144 3997 4195 δὲ

2420 4236 2511 4285 τὸν
2538 4237 2593 4287 ἐν
2620 4235 2769 4297 τάξει
2796 4234 2908 4303 βίον
2940 4235 3058 4287 ἀντὶ
3080 4235 3124 4267 ⁸⁸
3148 4234 3241 4285 τοῦ
3269 4234 3403 4300 πρὸς
3431 4234 3623 4302 ἡδονὴν
3650 4233 3999 4302 προῃρῆσθαι

2422 4325 2773 4392 σωφροσύνης
2808 4324 2989 4375 πίστιν
3020 4324 3310 4392 παρείχετο
3343 4324 3580 4391 ἐμφανῆ.
3612 4324 3724 4376 Καὶ
3764 4325 3872 4392 μὴν
3904 4326 3999 4374 ἀν-

2419 4412 2597 4481 δρείας
2630 4430 2691 4479 γε
2724 4416 2779 4463 ἐν
2820 4410 2898 4473 οἷς
2932 4414 2990 4464 οὑ
3033 4413 3168 4480 πρὸς
3207 4413 3365 4481 χάριν
3412 4412 3521 4464 οὐδ’
3548 4413 3995 4475 ὑποπεπτωκὼς,

2421 4503 2533 4553 ἀλλ’
2559 4504 2631 4565 ὡς
2662 4499 2771 4554 οἶόν
2802 4521 2859 4556 τε
2888 4504 3120 4571 μάλιστα
3153 4502 3452 4571 ἐλευθέρως
3482 4503 3676 4571 ὡμίλει
3705 4502 3784 4570 τῷ
3811 4503 3994 4571 δήμῳ.

750 4610 1140 4665 consequatur.
1186 4599 1323 4667 Ergo
1363 4615 1520 4666 quem
1553 4600 1617 4652 de
1648 4599 1860 4651 cunctis
1898 4598 2115 4651 virtutis
2150 4599 2321 4664 parti-
2355 4582 2397 4634 θ

2355 4582 2397 4634 D
2423 4591 2597 4653 Μόνος
2631 4592 2808 4643 τοίνυν
2834 4594 2925 4643 καὶ
2964 4593 3031 4643 τὰ
3064 4593 3326 4660 μέλλοντα
3353 4593 3572 4643 ἔσεσθαι
3602 4593 3870 4661 προειδὼς
3907 4596 3998 4644 καὶ

749 4693 867 4754 bus,
901 4692 1023 4743 licet
1056 4690 1269 4752 fortem,
1297 4691 1524 4757 justum,
1563 4692 1903 4757 prudentem,
1930 4696 2318 4753 temperantem

752 4797 965 4845 vocare,
1000 4798 1120 4835 eum
1174 4782 1313 4833 inter
1368 4783 1672 4833 adulatores
1711 4778 1863 4830 Plato
1913 4778 2131 4845 posuit?
2182 4777 2321 4828 Nam

750 4867 1011 4934 loquaces,
1047 4869 1238 4935 inquit,
1272 4870 1488 4931 otiosos,
1532 4867 1729 4937 424α
1764 4869 1997 4935 ignavos,
2022 4876 2068 4917 et
2109 4881 2320 4925 avaros,

754 4969 1022 5025 postquam
1048 4960 1305 5024 stipendia
1340 4959 1499 5025 jussit
1539 4958 1731 5023 facere,
1767 4958 2101 5007 Athenienses
2145 4953 2323 5006 reddi-

754 5049 849 5097 dit.
879 5052 956 5101 Ac
978 5050 1044 5101 de
1075 5049 1407 5116 loquacibus,
1456 5048 1645 5102 otiosis
1674 5058 1727 5100 et
1770 5046 1999 5115 ignavis,
2028 5044 2201 5107 Plato,
2236 5042 2319 5094 in-

756 5137 928 5190 didem
955 5150 1203 5207 supputa.

2424 4685 2534 4743 τοῖς
2569 4684 2799 4751 παροῦσι
2829 4684 3137 4751 χρήσασθαι
3159 4684 3202 4714 ⁸⁹
3237 4684 3488 4753 δυνηθεὶς
3520 4684 3635 4744 πῶς
3671 4685 3772 4735 οὐκ
3801 4683 3870 4734 ἂν
3911 4701 3997 4734 σο-

2426 4770 2552 4837 φίας
2576 4771 2796 4831 δικαίως
2823 4773 2977 4833 δόξαν
3002 4773 3218 4841 φέροιτο
3252 4774 3347 4840 τῆς
3387 4774 3451 4839 γέ
3492 4791 3593 4824 που
3646 4776 4000 4841 χρησιμωτά-

2424 4877 2545 4927 της,
2577 4862 2627 4911 εἴ
2656 4878 2737 4921 τις
2770 4861 3120 4931 ἀνθρωπίνως
3148 4862 3318 4914 ἐθέλοι
3335 4863 3676 4929 λογίζεσθαις
3709 4861 3825 4915 Εἶθ’
3858 4864 3916 4915 δν
3943 4864 4001 4926 ἐξ

2432 4951 2686 5004 ἁπάντων
2742 4952 2853 5004 τῶν
2913 4954 3010 5021 τῆς
3060 4953 3259 5021 ἀρετῆς
3308 4954 3511 5022 μορίων
3552 4955 3788 5022 ὑπάρχει
3829 4970 4000 5022 προσ-

2432 5044 2608 5093 ειπεῖν
2635 5042 2896 5109 ἀνδρεῖον,
2920 5042 3146 5105 δίκαιον,
3178 5042 3459 5109 φρόνιμον,
3493 5043 3745 5109 σώφρονα
3766 5083 3779 5103 ,
3807 5042 3998 5091 τοῦτον

2426 5132 2650 5184 Πλάτων
2667 5131 2802 5200 μετὰ
2819 5131 2929 5184 τῶν
2954 5132 3200 5185 κολάκων
3219 5134 3342 5200 ῆρίθ
3352 5152 3424 5203 μη
3435 5150 3510 5183 τε·
3538 5133 3775 5194 Λάλους
3791 5133 3837 5163 ’⁸
3867 5132 3998 5197 γὰρ,

755 5232 938 5298 φησὶν,
971 5232 1318 5296 Ἀθηναίους
1342 5229 1699 5293 ἑποίησεκαὶ
1726 5227 1943 5295 ἀργοὺς
1962 5226 2056 5278 καὶ
2083 5225 2319 5289 δειλοὺς
2358 5224 2454 5275 καὶ
2504 5222 2940 5290 φιλαργύρους,
2987 5225 3073 5287 είς
3145 5224 3518 5291 μισθοφορὰν
3590 5224 3995 5289 καταστήσας.

756 5322 890 5389 Περὶ
927 5321 1023 5389 μὲν
1051 5322 1115 5390 δὴ
1159 5322 1355 5384 λάλων,
1387 5314 1431 5372 ὦ
1466 5320 1707 5386 Πλάτων,
1740 5322 1832 5374 καὶ
1863 5319 2046 5389 ἀργῶν
2082 5319 2173 5369 καὶ
2206 5316 2390 5368 δειλῶν
2419 5314 2639 5366 αὐτόθεν
2669 5313 2962 5377 κατάϐαλε,

2035 5453 2265 5507 νΑίῖΙᾹῧ
2309 5450 2713 5509 LECTIONES.

830 5567 874 5596 το
902 5564 1027 5634 ass]
1061 5582 1112 5634 p.
1150 5566 1269 5621 l98.

1376 5568 1418 5598 "
1454 5569 1721 5636 σοφιστῶν
1760 5566 2028 5634 σωκράτει
2057 5566 2121 5617 Α.

762 5636 1101 5703 ἐπιεικείαιςι

1165 5637 1431 5699 ἐπιεικείᾳ
1480 5638 1542 5689 Α.

766 5776 897 5840 πρὸς
926 5774 1004 5842 ἠδ.
1041 5775 1100 5826 Α.

2218 5566 2262 5595 ⁷⁸
2293 5561 2499 5631 ὥσπερ]
2530 5565 2665 5629 ὅπερ
2700 5564 2762 5631 A.

1643 5638 1687 5667 δ’
1725 5637 1817 5688 τοῦ
1863 5638 2117 5703 δημοσίου
2171 5650 2277 5685 0m.
2330 5636 2392 5685 A.

760 5720 868 5755 out.
899 5706 958 5756 A.
1032 5702 1316 5767 ⁸⁸05κοῦκῆ
1350 5724 1399 5769 p.
1427 5706 1552 5757 9.09.
1618 5705 1663 5735 ⁸⁷
1696 5702 1951 5771 ἅπαντος]
1988 5706 2130 5755 ἅπαν
2154 5704 2243 5754 τοῦ
2282 5704 2343 5753 Λ.

1181 5776 1223 5804 ⁸³
1255 5775 1488 5843 χρῆσθαι
1513 5778 1573 5827 Λ.
1644 5778 1688 5808 ⁹⁰
1712 5774 1924 5843 λάλους]
1954 5774 2057 5826 2M
2085 5793 2113 5825 α
2148 5775 2192 5826 Ι.
2222 5772 2563 5838 καταστήσας
2595 5788 2701 5824 om.
2726 5772 2784 5821 Λ.

2836 5562 2881 5593 ⁷⁵
2913 5562 3021 5613 οὐδ’
3071 5564 3127 5612 ἐν
3211 5560 3258 5591 ³¹⁰
3288 5560 3460 5621 διδούς
3504 5576 3611 5611 oin.
3653 5562 3714 5611 Α.
3798 5560 3840 5588 ⁸¹
3884 5562 3997 5617 ταῖς

2465 5633 2531 5703 ⁸³,
2558 5630 2764 5703 ἐπειδὴ]
2814 5648 2864 5697 p.
2902 5632 3046 5703 Δ’207ἶ
3112 5631 3159 5661 ⁸⁸
3199 5632 3538 5703 μακροτέραν
3600 5630 3647 5661 ⁸⁵
3671 5631 3997 5703 ἐποιήσαντ)

2421 5701 2465 5730 ⁸⁸
2515 5702 2631 5751 ἀντὶ
2680 5703 2771 5751 τοῦ
2823 5700 2956 5768 πρὸς
2989 5701 3072 5768 ηδ.
3104 5699 3465 5769 προῃρῆσθαι]
3512 5699 3857 5767 προῃρῆσθαι
3906 5699 3995 5748 τοῦ
