4216 6430
247 507 344 573 Μή
370 506 486 559 πού
510 523 601 570 τις
628 508 725 559 καὶ
765 506 959 573 Τρῶας
982 508 1248 576 ἐγείρῃσι
1270 510 1313 541 ⁹¹
1338 512 1472 576 θεὸς
1499 510 1709 577 ἄλλος.

252 577 560 630 Κατάσαλε
581 578 646 639 ’⁸,
678 577 959 641 κατάθου,
993 578 1293 639 πέπαυσο.
1331 580 1494 646 σίγα.

215 669 287 721 Σὺ
310 668 367 721 δὲ
388 670 434 700 ’³
465 669 806 737 Μαντινικὴν
830 670 929 738 μὲν
958 671 1004 702 ⁸⁵
1040 668 1198 739 ξένην
1230 672 1323 723 καὶ
1365 673 1640 741 Μιλησίαν
1671 672 1794 725 επί-

216 774 411 810 στασαι
439 761 683 826 κοσμεῖν,
716 760 811 812 καὶ
839 759 1089 823 οὕστινας
1120 761 1185 815 ἄν
1208 779 1290 814 σοι
1319 762 1449 831 δοκῇ
1475 801 1492 824 ,
1522 763 1666 815 πάνυ
1697 764 1795 832 ρᾳ-

212 849 340 911 δίως
368 848 620 917 μεγάλων
642 850 901 917 ἠξίωσαςο
925 850 1033 903 τῶν
1058 852 1115 903 δὲ
1149 852 1418 918 Ἑλλήνων
1446 853 1569 912 τοὺς
1588 854 1793 921 ἄκρους

216 940 309 990 καὶ
338 940 489 1009 παρὰ
523 941 657 993 πᾶσι
690 940 1057 1009 βεϐοημένους
1084 940 1211 1011 [689
1243 942 1336 1010 ﬂ.)
1362 944 1419 993 ὲν
1451 942 1637 1011 φαύλῳ
1661 943 1795 996 καθ-

215 1034 411 1099 αιρεῖς.
456 1033 637 1083 Αίτιον
679 1032 723 1083 δ’
762 1032 824 1084 οὐ
856 1032 915 1085 τὸ
941 1034 1154 1101 ἀγνοεῖν
1182 1033 1282 1103 τὴν
1309 1033 1490 1097 ἀξίαν,
1517 1035 1652 1088 ἀλλὰ
1678 1034 1796 1097 πῶς

217 1119 286 1171 ἂν
315 1120 528 1187 εῖποιμι
552 1120 879 1188 εὐπρεπῶςς
914 1122 1120 1189 σφόδρα
1153 1122 1262 1174 τῶν
1286 1122 1461 1189 λόγων
1497 1123 1545 1155 ⁸⁵
1572 1123 1721 1193 γίνῃ.

616 1212 815 1281 λέσχης
839 1213 967 1282 γίνῃ
991 1216 1087 1266 καὶ
1116 1215 1175 1265 οὐ
1194 1214 1292 1282 τῆς
1318 1214 1428 1267 τῶν
1453 1216 1798 1284 πραγμάτων

295 1370 420 1432 Πῶς
451 1371 517 1424 ἂν
532 1374 579 1405 ⁹⁶
603 1371 688 1441 είη
714 1373 1059 1443 διεφθαρκὼς
1077 1374 1123 1404 ’⁷
1154 1374 1470 1443 ’Λοηναίους
1498 1374 1530 1444 ἢ
1566 1374 1684 1437 πῶς
1706 1375 1802 1428 λά-

221 1462 348 1523 λους
396 1462 743 1532 πεποιηκὼς,
792 1466 852 1527 ὃς
884 1482 947 1530 γε
985 1467 1087 1517 κάν
1136 1468 1250 1529 τοῖς
1294 1467 1470 1533 λόγοις
1515 1468 1699 1529 αὐτοῖς
1740 1467 1801 1519 τὸ

226 1554 398 1621 μηδὲν
431 1555 648 1621 φαύλως
686 1556 809 1625 μηδ’
842 1558 961 1624 εἰκῆ
998 1557 1235 1624 τιμήσας
1264 1558 1547 1622 φαίνεταις
1580 1559 1802 1611 τούναν-

221 1645 339 1696 τίον
372 1646 481 1714 γὰρ
510 1645 696 1713 ἔμοιγε
726 1647 835 1698 πᾶν
873 1647 1068 1707 αὐτοὺς
1098 1646 1276 1697 ἐθίσαι
1305 1647 1488 1711 δοκεῖ,
1542 1649 1679 1717 μήτε
1714 1647 1803 1700 λέ-

222 1752 345 1801 γειν
372 1736 519 1797 ὅπως
548 1736 707 1806 ἔτυχε
738 1737 903 1805 μηδὲν
936 1739 1071 1805 μήτε
1111 1741 1283 1790 ποιεῖν
1312 1738 1421 1791 ἀπὸ
1448 1736 1545 1790 τοῦ
1580 1737 1801 1807 πρώτου

1230 402 1758 465 BIBLIO’I‘HECA.
1787 427 1851 443 -
1889 404 2054 467 COD.
2087 405 2446 469 CCXLVIII.

1824 515 1881 575 Α

3328 404 3466 472 1534

2047 516 2128 587 {Ve
2158 519 2273 583 quis
2303 517 2440 587 forte
2461 518 2589 569 deus
2619 514 2878 584 Trojano:
2910 516 3098 571 excitet
3132 533 3377 587 usquam,

2034 585 2311 654 Suppetit,
2336 586 2554 654 depone.
2586 588 2811 654 quiesce,
2844 595 2978 640 tace.

1892 682 1963 733 At
2022 689 2078 732 tu
2127 676 2517 730 Mantinensem
2591 675 2809 743 quidem
2854 676 3176 744 hospitam,
3214 683 3264 730 et
3313 676 3466 731 Mile-

1895 770 2030 824 siam
2062 768 2260 822 novisti
2307 766 2545 826 laudare.
2601 782 2665 821 ac
2715 782 3072 835 quoscunque
3122 767 3273 830 libet,
3309 768 3468 822 facile

1896 860 2158 928 praedicas
2186 877 2200 911 :
2229 858 2543 913 Grecorum
2568 869 2747 911 autem
2777 859 3069 925 principes,
3093 859 3290 925 ubique
3323 860 3470 912 cele-

1898 952 2043 1013 bres,
2099 960 2302 1005 temere
2357 949 2633 1017 dcprimis.
2676 949 2731 1001 Id
2786 957 2963 1001 autem
3024 963 3089 1001 eo
3133 948 3283 1004 facis.
3325 948 3471 1016 quod

1899 1042 2213 1110 dignitatem
2258 1055 2446 1095 eorum
2491 1056 2595 1092 non
2636 1046 2965 1105 cognoscas,
3004 1038 3099 1092 sed
3148 1046 3208 1091 ut
3249 1039 3476 1093 honesta

1901 1134 2101 1193 dicam,
2135 1132 2361 1184 nimium
2388 1131 2629 1184 sermoni
2673 1128 2939 1197 indulges.

1973 1221 2122 1294 [γίνῃ
2143 1236 2239 1291 pro
2267 1220 2603 1290 garrulitate,
2640 1234 2747 1273 non
2778 1232 2876 1287 pro
2910 1217 2986 1271 rei
3021 1216 3304 1288 veritate.]

1974 1380 2253 1445 Quomodo
2283 1379 2453 1447 potuit
2485 1376 2839 1430 Athenienses
2867 1388 3237 1441 corrumpere,
3276 1373 3358 1425 vel
3393 1373 3474 1426 lo-

1902 1486 2103 1540 quaces
2149 1472 2371 1523 reddere
2426 1464 2752 1539 [Pericles],
2812 1464 2901 1532 qui
2963 1467 3125 1517 etiam
3181 1464 3233 1516 in
3285 1465 3476 1517 vestris

1905 1564 2058 1617 libris
2091 1563 2239 1629 ipsis,
2268 1577 2333 1614 ne
2358 1562 2482 1627 quid
2518 1570 2662 1612 esset
2695 1568 2896 1610 temere
2923 1556 3213 1623 prolatum.
3245 1556 3474 1608 caverit.

1906 1655 2157 1720 Quinimo
2196 1660 2382 1705 contra
2434 1650 2563 1702 mihi
2607 1648 2818 1700 videtur
2858 1660 2951 1699 eos
2998 1645 3368 1707 assuefecisse,
3410 1660 3480 1698 ne

1906 1744 2034 1810 quid
2068 1753 2268 1795 temere
2308 1742 2547 1794 dicerent
2600 1738 2684 1791 vel
2732 1737 2993 1790 facerent.
3040 1737 3240 1791 Deinde
3272 1737 3322 1789 in
3373 1735 3477 1789 alia

224 1828 628 1893 παραστάντος.
666 1829 785 1880 Ἔτι
814 1829 858 1880 δ’
885 1829 930 1860 ⁸⁸
967 1828 1125 1882 ἄλλου
1157 1828 1257 1897 μέν
1296 1845 1440 1889 τινος
1475 1830 1804 1896 πράγματος

1911 1833 2121 1900 quidem
2167 1847 2223 1885 re
2262 1846 2367 1884 non
2405 1840 2545 1883 esset
2594 1828 2826 1880 fortasse
2872 1828 3047 1894 magni
3086 1827 3344 1879 momenti
3374 1840 3472 1879 co-

223 1920 566 1989 σκήπτεσοαι
612 1922 850 1990 μάρτυρι
896 1921 1185 1989 κωμῳδίας
1210 1922 1253 1953 ’⁸
1304 1920 1611 1989 διδασκάλῳ
1663 1920 1806 1989 τάχα

224 2010 295 2059 ἇν
319 2009 422 2060 οὐκ
454 2010 671 2076 ἰσχυρὸν
698 2005 786 2079 ἦν·
820 2012 899 2071 είς
921 2010 977 2062 δὲ
1000 2010 1172 2076 λόγων
1202 2011 1384 2079 κρίσιν
1411 2010 1483 2080 μή
1517 2027 1645 2063 ποτε
1665 2010 1806 2061 οὕτω

224 2098 425 2167 σεμνὸς
454 2100 713 2167 γενοίμην
746 2099 876 2152 ὥσθ’
912 2100 1186 2170 ὑπεριδεῖν
1217 2101 1326 2153 τῶν
1356 2102 1563 2170 ἀνδρῶν
1592 2102 1805 2154 τούτων

221 2190 301 2250 ὡς
322 2189 535 2252 οὐδενὸς
558 2191 744 2255 ἀξίων.
786 2193 845 2244 '0
873 2194 971 2261 μὲν
1004 2195 1021 2223 ί
1048 2193 1158 2245 τῶν
1197 2194 1515 2261 Ἐλληνίδων
1542 2194 1805 2261 μεγίστην

221 2280 253 2329 ὁ
301 2280 568 2349 Κρατῖνος
612 2283 710 2349 τὴν
752 2282 964 2333 ἐκείνου
1014 2283 1262 2348 γλῶτταν
1315 2284 1502 2352 εἴρηκε
1528 2284 1548 2313 ⁸
1574 2321 1588 2343 ,
1632 2282 1806 2348 λέγων

228 2369 331 2438 μὲν
357 2370 468 2422 ίσον
488 2388 538 2423 τι
571 2373 665 2423 καὶ
691 2373 899 2439 φωνὴν,
936 2372 1203 2438 ἀναμίξας
1234 2372 1288 2425 δέ
1314 2390 1361 2425 τι
1394 2376 1491 2441 τῆς
1525 2372 1675 2442 παρὰ
1707 2372 1803 2441 τῆς

225 2462 425 2530 τέχνης
464 2464 687 2532 πικρίας
716 2468 831 2525 τοῖς
867 2463 974 2515 άπδ
1017 2464 1116 2531 τῆς
1160 2464 1436 2531 ἀληθείας.
1483 2465 1671 2531 ὐμως
1705 2464 1750 2515 δ’
1782 2464 1803 2495 ³

224 2550 328 2604 οὐκ
357 2552 588 2618 ἐξέφυγε
609 2552 670 2603 τὸ
694 2554 769 2621 μὴ
792 2553 852 2604 οὐ
882 2552 951 2603 τὰ
981 2552 1171 2621 πρῶτα
1195 2552 1377 2604 δοῦναι
1398 2552 1477 2618 τῷ
1500 2553 1655 2620 ἀνδρὶ
1680 2552 1801 2620 μηδ’

227 2640 565 2705 ἐνδείξασθαι
618 2644 717 2709 τὴν
754 2643 1229 2710 μεγαλοπρέπειαν
1258 2642 1355 2708 τὴν
1396 2643 1524 2709 περὶ
1565 2644 1691 2702 τοὺς
1720 2641 1807 2692 λό-

230 2751 364 2801 γους
409 2730 594 2787 αὐτοῦ.
649 2734 706 2786 Ὀ
752 2733 808 2785 δὲ
854 2732 1249 2801 Ἀριστοφάνης
1278 2735 1299 2762 ⁵
1348 2732 1679 2798 ἀστράπτειν
1715 2736 1808 2785 καὶ

230 2827 461 2895 βροντᾷν
503 2825 663 2877 αὑτὸν
716 2824 809 2876 καὶ
842 2825 1019 2892 μυκᾷν
1067 2840 1201 2892 φησι
1248 2821 1685 2890 δημηγοροῦντα.
1718 2823 1807 2891 Μὴ

228 2918 341 2985 γάρ
386 2934 476 2985 μοι
502 2915 687 2980 τοῦτο,
727 2916 778 2967 εῖ
800 2932 853 2966 τι
887 2915 1162 2983 μέμφεται
1193 2913 1359 2965 αὐτοῦ
1382 2928 1395 2941 ·
1433 2912 1548 2963 ἀλλ’
1574 2912 1699 2963 ὅσον
1730 2914 1808 2973 εἰς

230 3008 326 3060 τὸν
349 3008 590 3077 παρόντα
613 3008 877 3075 προσήκει
897 3006 1054 3072 λόγον
1076 3005 1172 3071 τῆς
1199 3003 1503 3071 μαρτυρίας
1530 3003 1805 3070 λάϐωμεν.

1909 1924 2105 1977 micum
2136 1922 2499 1975 testimonium
2535 1937 2547 1973 :
2580 1928 2635 1972 at
2680 1919 2729 1971 in
2762 1918 3078 1985 eloquentia
3122 1916 3327 1984 judicio
3361 1954 3378 1979 ,
3419 1924 3480 1968 ut

1908 2015 2026 2068 illos
2056 2015 2206 2081 quasi
2245 2012 2379 2065 viles
2424 2023 2788 2070 contemnam,
2832 2023 3103 2077 nunquam
3152 2018 3256 2061 tam
3298 2024 3484 2077 super-

1906 2107 2006 2160 bus
2034 2120 2149 2158 ero.
2189 2104 2443 2157 Cratinus
2471 2102 2688 2170 quidem
2718 2100 3151 2155 Graecanicarum
3180 2102 3474 2153 maximam

1907 2195 2115 2247 vocavit
2146 2194 2264 2263 ejus
2300 2193 2534 2258 linguam
2577 2191 2715 2259 (90),
2749 2207 2868 2245 cum
2901 2194 3110 2245 diceret
3150 2193 3290 2244 idem
3335 2193 3479 2258 quod

1905 2284 2192 2346 sentiebat,
2241 2283 2485 2337 nonnihil
2538 2293 2715 2337 tamen
2770 2284 2983 2336 veritati
3016 2298 3082 2336 ex
3115 2291 3231 2335 arte
3265 2282 3479 2335 acerbi-

1910 2377 2033 2429 tatis
2086 2380 2415 2442 aspergeret,
2471 2384 2841 2427 verumtamen
2899 2374 3075 2427 lncere
3128 2388 3235 2425 non
3287 2373 3479 2439 potuit,

1905 2468 2034 2535 quin
2079 2466 2279 2533 primas
2330 2466 2377 2517 ei
2422 2464 2701 2525 tribueret,
2759 2464 2982 2533 ejusque
3017 2465 3070 2517 in
3126 2464 3354 2516 dicendo
3386 2464 3484 2517 de-

1906 2558 2134 2611 clararet
2160 2556 2553 2610 excellentiam.
2578 2555 2964 2621 Aristophanes
2991 2553 3257 2619 fulgurare
3277 2569 3399 2606 eum
3422 2569 3486 2607 ac

1908 2657 2095 2699 tonare
2123 2660 2186 2698 ac
2227 2648 2453 2698 miscere
2479 2645 2616 2698 dixit
2659 2645 2798 2697 inter
2844 2645 3298 2697 concionandnm.
3341 2642 3486 2696 Nihil

1909 2738 2053 2791 enim
2080 2752 2209 2790 curo
2254 2738 2296 2788 si
2333 2737 2459 2804 quid
2494 2737 2544 2788 in
2578 2750 2641 2788 eo
2682 2736 3048 2803 reprehendit,
3098 2735 3191 2788 sed
3224 2744 3483 2799 quantum

1910 2830 1975 2881 ad
2026 2830 2165 2881 hanc
2207 2843 2318 2881 rem
2377 2829 2596 2890 attinet,
2652 2828 2768 2892 ejus
2818 2836 2935 2879 utor
2987 2825 3318 2878 testimonio.
3380 2824 3485 2877 Sed

1910 2919 2144 2971 nondum
2202 2919 2315 2971 haec
2358 2918 2582 2982 omnia;
2632 2927 3002 2970 verumtamen
3041 2915 3168 2968 illud
3208 2915 3487 2969 confessus

1919 3018 2024 3073 est,
2080 3008 2378 3076 perfectum
2433 3009 2675 3061 evasisse
2724 3020 3021 3060 oratorem.
3054 3007 3164 3061 Cur
3210 3021 3342 3073 ergo
3394 3007 3487 3072 qui

246 3097 386 3149 Ἀλλ’
408 3097 428 3127 ⁸
458 3097 519 3147 οὔ
551 3096 718 3165 πολλῇ
769 3112 874 3147 τινι
905 3096 973 3163 τῇ
1014 3094 1303 3161 περιουσίᾳ
1346 3091 1624 3161 χρώμενος
1664 3090 1806 3144 οὕτω

1916 3109 2120 3151 tantum
2163 3099 2411 3166 praestitit
2435 3138 2450 3160 ,
2491 3114 2555 3151 ac
2596 3098 2744 3151 solus
2781 3098 3036 3150 omnintn'
3063 3096 3316 3163 suffragia
3345 3097 3489 3161 tulit,

231 3189 556 3255 διεγίγνετο,
592 3188 782 3257 πόρρω
833 3188 927 3255 μὲν
968 3186 1128 3247 αὐτὸς
1166 3184 1241 3237 ὣν
1274 3184 1367 3236 τοῦ
1399 3184 1607 3253 ληρεῖν,
1656 3184 1808 3235 πλεῖ-

234 3296 362 3332 στον
384 3278 442 3331 δὲ
468 3280 592 3339 τοὺς
614 3276 805 3338 ἄλλους
834 3275 1030 3337 ἐθίζειν
1061 3276 1299 3343 ἀπέχων.
1318 3274 1441 3335 Πῶς
1463 3275 1483 3304 ⁸
1511 3270 1602 3326 οὖν
1629 3275 1656 3324 ὁ
1685 3289 1809 3325 τοσο

232 3371 394 3422 οὖτον
437 3371 719 3439 ὑπερέχων
750 3369 842 3419 καὶ
890 3367 1049 3435 μόνος
1080 3368 1212 3418 πᾶσι
1252 3367 1365 3427 τοῖς
1398 3369 1610 3432 κριταῖς
1644 3365 1809 3418 νικῶν

232 3463 337 3532 τὴν
363 3464 455 3514 τοῦ
479 3462 737 3529 φλυαρεῖν
777 3461 900 3526 είκῆ
923 3460 941 3489 ⁷
973 3458 1065 3510 καὶ
1095 3457 1245 3527 παρὰ
1274 3459 1463 3526 καιρὸν
1493 3457 1811 3525 Ἀθηναίους

234 3555 447 3605 ἀνεῖναι
475 3552 677 3621 φέροιτ’
711 3552 777 3603 ἂν
816 3549 1005 3613 δόξανς
1048 3548 1191 3615 Ἐγὼ
1235 3549 1331 3617 μὲν
1362 3549 1469 3617 γὰρ
1506 3548 1813 3600 τούναντίον

241 3644 502 3711 ἡγοῦμαι,
537 3642 749 3709 σιωπῆς
778 3641 951 3694 αἴτιον
978 3638 1137 3691 αὐτὸν
1164 3638 1407 3699 πλείονος
1432 3637 1464 3705 ἢ
1488 3636 1814 3705 προπετείας

237 3735 591 3802 καταστῆναι.
624 3734 810 3802 Ἰσμεν
836 3731 961 3798 γοῦν
992 3732 1071 3782 ὃτι
1112 3731 1216 3781 κάν
1246 3730 1365 3789 ταῖς
1392 3728 1579 3789 ἄλλαις
1610 3726 1670 3795 δή
1710 3742 1810 3777 που

232 3826 555 3894 δυνάμεσιν,
576 3818 638 3875 οὗ
670 3823 767 3892 μὲν
790 3822 973 3875 πολλοὶ
1001 3820 1374 3890 παραπλήσιοι
1407 3820 1498 3870 καὶ
1526 3818 1813 3885 ἐφάμιλλοι

233 3918 376 3986 πρὸς
411 3916 709 3984 ἀλλήλους.
752 3914 923 3965 πολλὰ
956 3913 1025 3964 τά
1053 3914 1354 3979 πράγματα
1401 3910 1496 3961 καὶ
1546 3907 1744 3960 πλείων
1780 3908 1813 3975 ή

234 4009 380 4075 ἔρις,
412 4006 629 4058 ἐπειδὰν
652 4005 709 4057 δέ
738 4020 821 4066 τις
845 3999 929 4065 εἷς
950 4002 971 4033 ⁸
998 4003 1247 4070 ὑπερσχῇ
1269 4001 1289 4031 ⁹
1318 3999 1609 4067 λαμπρῶς,
1644 3997 1815 4051 ᾶπανο

231 4116 330 4161 τες
357 4098 455 4168 ἤδη
486 4097 997 4166 συγκεχωρήκασιν.
1034 4094 1191 4147 Οὕτω
1233 4093 1298 4161 δὴ
1334 4093 1429 4143 καὶ
1460 4092 1638 4157 λέγειν
1669 4092 1818 4142 ἐπει-

243 4190 347 4243 δάν
381 4206 463 4250 τις
500 4190 541 4219 λθ
572 4189 740 4259 ἄκρος
784 4188 1096 4255 ἐγγένηται,
1146 4184 1399 4252 στέργειν
1441 4183 1657 4250 ἀνάγκη
1691 4182 1817 4243 τοὺς

1910 3190 2267 3245 Athenienses
2305 3190 2370 3242 ad
2408 3188 2640 3255 ineptam
2672 3188 3042 3257 garrulitatem
3074 3188 3325 3240 credatur
3353 3186 3494 3239 inci—

1918 3280 2107 3335 tasse?
2147 3279 2280 3333 Nam
2325 3296 2424 3347 ego
2454 3281 2671 3347 quidem
2704 3288 2892 3331 contra
2927 3278 3095 3347 magis
3140 3292 3262 3331 eum
3294 3277 3491 3331 silentii

1911 3389 2071 3442 quam
2106 3372 2423 3426 temeritatis
2456 3385 2670 3423 causam
2706 3368 2871 3421 fuisse
2894 3370 3266 3421 existimarint.
3295 3370 3347 3421 In
3372 3369 3494 3422 nliis

1913 3476 2063 3518 certe
2091 3463 2434 3516 facultatibus
2466 3462 2707 3513 videmus
2732 3499 2747 3521 ,
2789 3460 2874 3510 ubi
2913 3459 3059 3511 nmlti
3102 3470 3229 3512 sunt
3258 3460 3397 3511 inter
3434 3474 3494 3510 se

1911 3555 2135 3615 similes,
2153 3554 2314 3607 multa
2334 3552 2566 3619 negotia,
2588 3551 2949 3619 maioremque
2977 3553 3378 3603 cootentionem
3401 3565 3496 3602 ex-

1914 3647 2108 3699 sistere
2152 3661 2165 3697 :
2221 3654 2501 3713 postquam
2546 3655 2725 3696 autem
2758 3658 2897 3695 unus
2920 3642 3116 3706 aliquis
3146 3641 3490 3701 excelluerit,

1914 3736 2107 3809 ἀπὸ
2144 3736 2382 3804 reliquos
2421 3736 2630 3789 cedere.
2676 3732 2938 3786 Similiter
2986 3732 3037 3784 in
3086 3733 3335 3793 dicendo,
3368 3746 3492 3784 eum

1917 3830 2037 3898 quis
2090 3829 2340 3897 princeps
2388 3826 2625 3891 exsistit,
2682 3825 3033 3892 acquiescunt
3087 3822 3350 3890 plerique,
3398 3836 3495 3874 nec

1916 3921 2016 3974 sibi
2059 3919 2328 3985 negotium
2362 3917 2663 3977 facessunt,
2699 3930 2883 3969 verum
2921 3929 3076 3982 quam
3109 3922 3335 3983 possunt
3360 3928 3492 3965 cau-

1919 4010 2127 4063 tissime
2165 4010 2349 4062 dicunt
2386 4017 2440 4061 et
2489 4006 2923 4060 modestissitne..
2960 4002 3068 4056 Nec
3108 4003 3253 4055 enim
3294 4017 3357 4055 eo
3387 4016 3494 4067 quo

1918 4103 2039 4170 quis
2070 4101 2307 4162 excellit,
2347 4102 2481 4154 alios
2511 4100 2808 4153 deteriores
2841 4098 3033 4160 reddit,
3071 4105 3126 4150 et
3160 4097 3213 4147 in
3256 4096 3321 4149 iis
3351 4109 3492 4162 pra:-

1924 4190 2112 4243 sertim
2154 4190 2208 4242 in
2259 4191 2455 4256 quibus
2486 4188 2725 4243 excellit.
2762 4188 2831 4239 At
2859 4202 2963 4240 non
2992 4201 3108 4240 esse
3131 4186 3489 4247 inhonestam,

234 4280 466 4341 πλείους
510 4280 605 4331 καὶ
643 4279 719 4349 μὴ
768 4278 1265 4346 πολυπραγμονεῖν,
1310 4274 1427 4327 ἀλλ’
1473 4274 1549 4337 ὠς
1596 4269 1708 4326 οἷόν
1758 4290 1806 4326 τε

1925 4293 2023 4332 nec
2054 4278 2485 4356 ignominiosam,
2518 4292 2616 4331 nec
2636 4279 2797 4331 etiam
2832 4277 3169 4330 accusatione
3196 4277 3275 4328 vel
3311 4276 3487 4334 venia,

237 4371 477 4439 μάλιστα
500 4368 746 4431 εὐλαϐεῖς
779 4369 875 4421 καὶ
903 4369 1165 4435 κοσμίους
1213 4362 1351 4418 εἶναι
1398 4366 1527 4433 περὶ
1568 4365 1693 4427 τοὺς
1733 4364 1806 4417 λό·

1922 4369 2015 4423 sed
2059 4368 2246 4436 aliquo
2295 4369 2501 4434 majore
2541 4368 2761 4437 prtemio
2817 4366 3033 4434 dignam
3081 4366 3248 4433 ipsam
3277 4362 3488 4418 dicendi

233 4478 391 4529 γους.
425 4462 499 4513 Οὐ
534 4462 641 4530 γὰρ
682 4460 748 4513 ἂν
778 4452 822 4526 ᾧ
846 4458 909 4525 γέ
933 4459 1016 4521 τίς
1039 4460 1148 4510 ἔστι
1179 4456 1475 4524 βέλτιστος,
1505 4454 1679 4523 τούτῳ
1702 4453 1806 4523 χεί-

1919 4455 2047 4515 vim,
2091 4454 2135 4507 si
2183 4456 2563 4509 demonstrare
2605 4454 2791 4507 vellem
2821 4465 2865 4515 ,'
2888 4452 3129 4520 puderet'
3159 4466 3242 4504 me
3268 4451 3489 4504 deorum

234 4571 368 4624 ρους
391 4554 783 4623 ἀπεργάζοιτο.
822 4551 999 4613 ἄλλως
1021 4567 1080 4601 τε
1119 4548 1212 4601 καὶ
1249 4548 1383 4617 πρὸς
1405 4546 1544 4600 αὐτὰ
1574 4547 1749 4597 ταῦτα
1779 4546 1806 4598 ἃ

1916 4544 2301 4611 eloquentium.
2349 4544 2548 4597 Tamen
2617 4546 2716 4598 hoc
2760 4544 2948 4597 saltem
2998 4542 3169 4594 dicam
3222 4541 3384 4608 (quod
3446 4541 3491 4593 si

241 4643 519 4711 βέλτιστος
549 4643 715 4697 εστιν.
754 4639 916 4712 [1276
948 4638 1039 4709 8.]
1078 4638 1237 4691 Ἀλλὰ
1268 4638 1307 4668 ¹¹
1344 4636 1448 4705 μὴν
1481 4636 1555 4697 ὡς
1587 4635 1717 4686 αὑτό
1755 4651 1806 4699 γε

1917 4636 2041 4704 quis
2079 4636 2301 4689 moleste
2333 4636 2434 4690 fert
2460 4636 2616 4699 alius,
2664 4636 2717 4689 in
2762 4650 2847 4688 me
2896 4642 3063 4687 tctum
3126 4641 3355 4693 avertat,
3390 4644 3490 4683 nec

232 4735 339 4785 οὐκ
369 4733 561 4801 ἄτιμον
589 4733 652 4784 τὸ
674 4732 937 4785 δύνασθαι
969 4731 1165 4796 λέγειν,
1216 4730 1323 4781 οὐδ’
1372 4731 1451 4791 εἰς
1485 4728 1682 4789 ὅνειδος
1726 4726 1806 4794 φὲε

1917 4744 2016 4797 ego
2044 4728 2111 4782 de
2141 4727 2358 4781 fortuna
2404 4725 2733 4796 canqnerar)
2768 4727 2871 4777 vim
2915 4724 3128 4777 dicendi
3168 4737 3287 4774 cum
3324 4722 3490 4789 proba

237 4840 356 4891 ρον,
403 4823 523 4874 οὐδὲ
572 4823 906 4892 κατηγορίας
953 4820 1101 4884 ἄξιον
1162 4820 1281 4873 οὐδέ
1340 4836 1403 4887 γε
1462 4818 1806 4887 συγγνώμης1

1920 4828 1975 4871 et
2007 4819 2247 4871 modesta
2285 4818 2413 4880 vita,
2451 4817 2626 4885 qualis
2654 4817 2708 4868 in
2740 4815 3013 4867 hominem
3046 4812 3276 4865 maxima
3315 4818 3494 4878 posset

232 4915 377 4968 ἀλλά
404 4916 445 4946 ¹¹
488 4932 631 4975 τινος
679 4914 1007 4981 κρείττονος,
1044 4912 1404 4981 αἰσχυνοίμην
1435 4911 1500 4963 ἂν
1544 4911 1669 4973 τοὺς
1719 4910 1806 4961 λο-

1930 4909 2148 4973 cadere,
2178 4909 2520 4976 conjunctam
2558 4922 2643 4960 tne
2679 4905 2857 4967 malle,
2905 4918 3064 4973 quam
3094 4903 3274 4956 decies
3301 4902 3496 4955 millies

232 5003 389 5072 γίους
412 5002 568 5066 θεοὺς
615 5004 663 5055 εί
700 5002 921 5073 ζητοίην
964 5001 1367 5055 ἀποδεικνύναι.
1426 5000 1572 5069 Πλήν
1612 5016 1675 5066 γε
1700 5016 1806 5051 :00-

1930 4998 2151 5054 Darium
2188 4998 2469 5071 Hystaspis
2499 4996 2664 5053 lilium
2697 4996 2833 5061 fieri,
2869 5003 2924 5050 et
2950 4995 3067 5064 ejus
3110 5004 3354 5062 respectu
3380 4991 3492 5060 jam

1537 5154 1765 5211 νΑιιιιΕ
1804 5154 2208 5215 LECTIONES.

308 5273 349 5342 ἐ
384 5272 635 5342 ἀγείρησι
663 5290 723 5337 ς.
798 5273 842 5305 ’³
868 5273 1079 5325 καηάσα
1108 5272 1172 5327 Α.
1249 5272 1295 5342 ξι
1325 5272 1397 5342 σὺ,
1420 5268 1499 5341 stt
1532 5286 1585 5340 p.
1619 5270 1746 5327 ets.
1812 5271 1865 5342 ,ἰ
1894 5272 1990 5341 μὲν
2016 5258 2060 5326 Α
2099 5270 2233 5323 εκαι
2268 5287 2330 5333 ς.
2420 5269 2480 5342 ,οξ
2510 5266 2683 5333 λόγων
2709 5263 2785 5342 εξ
2816 5260 3020 5342 λογίων
3048 5274 3109 5323 ς.

232 5358 293 5409 p.
324 5328 450 5395 ‘2I3'.
513 5328 577 5373 ἠ’
623 5328 798 5410 adeo.
836 5373 905 5382 —
932 5340 1269 5411 πεποιηκὼς]
1321 5328 2206 5409 λάλους’πετιοιηκὼς’ὰοηναίους
2256 5328 2517 5411 περικλῆς
2700 5334 2782 5411 ⁸⁹⁸
2815 5332 2893 5411 ἔτι
2925 5332 3077 5411 δ’(ςιζ
3110 5328 3235 5393 214)
3260 5341 3368 5410 om.

233 5394 605 5481 ίίῗκωμῳδίας
639 5394 965 5481 διδασκάλῳ]
992 5394 1463 5481 unmeaning
1602 5412 1639 5481 _‘
1672 5412 1714 5481 6A
1734 5394 1830 5481 μὲν
1856 5394 1882 5442 ἶ
1915 5394 2135 5479 εἴρηκε]
2183 5394 2455 5481 μεγίστην⁸
2540 5407 2636 5481 μὲν
2661 5400 2951 5481 athletam?
2978 5394 3237 5481 γλώτιὶαν7
3250 5394 3402 5447 εἶπεν

234 5425 283 5445 "
319 5425 605 5480 κωμῳδίας
639 5425 963 5481 οισασκάιῳι
992 5425 1463 5481 κωμωδιοασκαλῳ
1486 5425 1547 5463 Α.
1622 5425 1639 5441 ⁸
1672 5425 1700 5462 0
1734 5425 1830 5474 μεν
1862 5425 1882 5442 ¹¹
1915 5425 2135 5479 ειρηκε]
2183 5425 2445 5529 μεγιστνξι
2475 5425 2502 5458 ο
2540 5425 2636 5475 μεν
2661 5425 2759 5483 την
2790 5425 2951 5453 αυτυυ
2978 5425 3221 5465 vannum
3250 5425 3401 5447 ει-ιιςν
3428 5425 3491 5448 ιι.

230 5482 258 5552 ’_
289 5480 335 5533 δ’
358 5483 481 5552 add.
519 5486 581 5534 Δ.
657 5488 679 5512 ⁵
712 5485 1097 5552 Ἀριστοφάνης
1123 5498 1230 5534 om.
1260 5484 1302 5533 Α
1398 5481 1418 5511 ⁵
1449 5477 1819 5552 ἀλλ’(ρτᾙϋ)
1842 5482 1928 5552 αρ’
1958 5483 2050 5552 Α.
2096 5482 2115 5510 ⁸
2147 5479 2286 5551 πῶς]
2317 5495 2370 5552 p.
2441 5476 2521 5531 18.
2599 5475 2617 5505 ⁷
2639 5471 2785 5543 εῑκη]
2806 5474 2857 5524 εί
2890 5471 2967 5539 μὴ
2994 5470 3059 5525 Α.
3137 5460 3261 5528 ἐἷς
3288 5481 3396 5520 om.
3428 5468 3493 5520 Α.

240 5550 265 5591 9
295 5550 561 5620 ὑπερίσχῃ
586 5568 645 5615 ς’.
724 5547 1015 5605 ¹⁰’ὲπειδὰν
1037 5547 1094 5604 δε
1118 5569 1202 5614 τις
1231 5553 1309 5613 είς
1338 5568 1397 5614 ς.
1506 5550 1546 5581 ³⁸
1574 5547 1733 5619 ἀλλὰ]
1760 5565 1808 5616 ν·
1836 5547 1962 5612 21‘.
2042 5551 2086 5580 ¹¹
2115 5566 2178 5615 γε
2206 5547 2316 5603 oui.
2348 5551 2413 5601 A.

3186 5257 3232 5289 "
3256 5254 3371 5317 πῶς
3404 5252 3494 5323 ἂν]

316 5749 428 5816 (90)
464 5750 738 5818 Cratinus,
763 5751 829 5806 de
851 5750 1055 5805 Pericle
1078 5766 1226 5823 supr.
1253 5750 1303 5805 in
1328 5750 1476 5804 Orat.
1501 5766 1595 5819 pro
1618 5659 2036 5807 rhetoifociifira
2070 5749 2277 5805 Platon.
