4216 6430
727 354 862 418 1535
1865 354 2127 413 PHOTII
2167 357 2674 419 PATRIARCIM‘.
2712 365 2820 423 cr.
3844 347 3986 410 1536

729 468 911 523 omnia
940 464 1067 520 mihi
1093 464 1263 519 videri
1293 465 1540 519 sordere.
1573 465 1711 531 Quin
1744 481 1845 520 nec
1873 466 2152 520 Platonem
2186 469 2298 522 fere
2329 477 2373 531 Α

2329 477 2373 531 Α
2402 469 2514 522 οὔτ’
2551 472 2590 500 ¹³
2622 474 2689 524 ἂν
2718 473 2946 542 είποιμι’
2974 472 3116 541 [ἐμοὶ
3145 472 3254 540 γὰρ
3303 470 3411 538 είη,
3453 468 3506 520 εἴ
3534 482 3615 528 τις
3656 464 3815 523 ἄλλος
3846 461 3979 512 δυσ-

714 557 859 610 aliud
906 556 1103 608 habere
1146 554 1437 620 quidquam
1476 565 1675 622 prmter
1720 556 1905 617 verba,
1951 560 2085 618 scio,
2128 559 2287 623 eique

2398 562 2659 628 χεραίνει,
2710 563 2802 615 καὶ
2848 564 3038 631 τρέπει
3062 563 3123 613 τὸ
3148 562 3295 613 ἆπαν
3324 562 3404 621 είς
3448 558 3548 625 ὲμέ
3576 574 3589 586 ·
3619 555 3712 607 καὶ
3741 553 3802 604 οὗ
3839 552 3982 619 μέμ-

717 646 1007 698 dictionem
1043 642 1303 711 gratulor,
1340 650 1393 693 et
1433 643 1682 707 quamvis
1706 657 1803 711 per
1833 642 2015 710 jocum
2053 660 2113 696 se
2141 645 2286 696 dicat

2387 646 2561 715 ψομοῖι
2608 653 2684 718 τῷ
2724 654 2967 721 δαίμονι⁶
3011 657 3087 719 ὡς
3136 657 3248 721 ἐγὼ
3293 652 3555 718 δεξαίμην
3604 649 3669 699 ἂν
3710 645 3977 697 δύνασθαι

716 736 863 787 istud
909 733 1128 785 minime
1168 746 1382 793 curare,
1432 746 1534 783 non
1583 742 1787 785 temere
1835 735 2075 794 credam,
2109 735 2201 784 sed
2236 734 2285 784 id

2389 733 2569 799 λέγειν
2608 739 2747 805 μετὰ
2809 741 3045 808 χρηστοῦ
3096 743 3209 809 βίου
3266 742 3361 793 καὶ
3402 739 3698 805 σώφρονος,
3730 736 3810 794 είς
3858 733 3984 783 ὅσον

714 818 1001 871 admodum
1033 818 1253 870 slnilcrc
1293 817 1607 883 intelligam,
1637 831 1701 871 ac
1736 827 1847 868 tum
1882 818 2134 877 maxime,
2166 833 2286 869 cnnt

2387 818 2499 873 οίόν
2528 841 2584 875 τε
2618 826 2881 879 κάλλιστα
2927 829 3231 898 ἀνθρώπων
3258 828 3459 897 μᾶλλον
3505 827 3537 892 ἢ
3580 825 3843 893 μυριάκις
3879 826 3982 870 Δα-

718 901 931 954 videtur
949 900 1101 967 quasi
1141 899 1325 951 ludens
1359 899 1523 965 loqui.
1564 898 1746 967 Itaque
1770 900 2123 953 domesticum
2155 914 2281 966 pro-

2402 915 2545 981 ρεῖος
2576 917 2603 966 ὁ
2649 916 2954 970 Ὑστάσπου
2985 919 3240 983 γενέσθαι
3266 917 3361 971 καὶ
3387 916 3558 985 μικρά
3598 932 3686 981 μοι
3714 910 3875 962 πάνθ’
3907 910 3984 969 ὡς

718 993 975 1045 deremus
1004 991 1330 1049 thesaurum,
1360 990 1401 1041 si
1436 990 1534 1042 ista
1564 1004 1932 1059 carpereinus.

2397 1003 2615 1072 ἀληθῶς
2650 1007 2785 1075 πρὸς
2808 1008 2965 1060 τοῦτο
3001 1008 3101 1077 ἥδη
3147 1010 3396 1076 φαίνεται
3421 1007 3488 1057 ⁸⁸.
3518 1002 3647 1058 Οἶδα
3696 1003 3753 1053 δὲ
3789 1000 3888 1051 καὶ⁵
3916 1000 3986 1049 τὰ

717 1085 1000 1144 Πλάτωνος
1039 1083 1358 1151 πράγματα,
1390 1084 1437 1133 εί
1467 1082 1944 1152 μὴ’τετυφώμεθα,
1987 1086 2137 1139 οὐδὲν
2206 1090 2333 1142 ἄλλο
2372 1097 2554 1162 σχεδὸν
2603 1100 2733 1150 ὄντα
2781 1100 2814 1167 ἢ
2864 1100 3083 1164 λόγους,
3127 1102 3220 1151 καὶ
3268 1099 3549 1167 συγχαίρω
3594 1098 3693 1165 τῆς
3779 1092 3987 1154 λέξεως

721 1175 868 1240 α’)τῷ
886 1191 900 1204 ο
938 1174 1036 1226 κάν
1076 1189 1140 1241 με
1188 1170 1536 1240 προσπαίζων
1559 1174 1757 1225 οὑτωσὶ
1780 1173 1938 1243 πείθῃ
1960 1176 2032 1241 μὴ
2058 1178 2195 1229 πάνυ
2236 1180 2425 1232 τούτου
2455 1186 2780 1252 φροντίζειν,
2804 1189 2863 1239 ού
2888 1190 3029 1241 πάνυ
3051 1189 3334 1255 πείσομαι,
3366 1188 3481 1239 ἀλλ’
3504 1187 3717 1252 εἵσομαι
3740 1183 3872 1253 [650
3891 1177 3984 1246 IL]

717 1264 920 1331 σφόδρα
958 1262 1339 1322 σπουδάζοντα,
1378 1263 1471 1313 καὶ
1497 1262 1793 1329 τηνικαῦτα
1823 1264 2090 1331 μάλιστα,
2127 1266 2292 1333 ἦνικα
2327 1269 2392 1321 ἂν
2422 1270 2497 1333 ὡς
2544 1274 2751 1335 παίζων
2790 1274 2942 1344 λέγῃ.
2977 1277 3140 1327 Ὥστε
3214 1276 3305 1327 τὸν
3333 1274 3470 1327 οῐκοι
3513 1272 3787 1340 θησαυοδν
3861 1271 3985 1321 δια-

717 1356 1005 1421 ϐάλλοιμεν
1032 1352 1118 1415 ἂν,
1162 1353 1209 1403 εί
1237 1352 1407 1403 ταῦτα
1446 1352 1816 1421 διασύροιμεν.

792 1448 1159 1501 ΙῬτονετὺίυηι
1186 1448 1249 1501 de
1274 1448 1337 1500 iis
1366 1448 1454 1515 qui
1490 1448 1787 1502 domestica
1819 1447 2217 1519 criminantur.]

790 1599 985 1649 Verum
1028 1598 1093 1651 de
1128 1598 1208 1651 his
1238 1614 1303 1651 ne
1352 1599 1637 1651 dicendum
1668 1602 1881 1667 quidem
1911 1611 2011 1660 est.
2046 1616 2109 1654 ac
2138 1612 2292 1657 tanto

722 1690 917 1752 minus,
963 1701 1166 1754 quanto
1223 1691 1396 1756 major
1442 1700 1524 1744 est
1574 1692 1655 1743 vis
1706 1692 1936 1745 dicendi.
1975 1691 2112 1760 Ergo
2164 1710 2288 1747 eum

720 1795 839 1845 ego,
865 1782 950 1847 qui
986 1790 1096 1831 tam
1132 1795 1257 1833 acer
1287 1782 1431 1847 vigil,
1465 1796 1526 1834 ac
1558 1782 1944 1849 propemodum
1969 1782 2142 1837 alatus
2169 1784 2292 1846 fuit,

722 1871 804 1923 vel
842 1872 1011 1937 ipsum
1040 1872 1270 1924 otiosum
1309 1871 1494 1933 fuisse,
1547 1873 1630 1925 vel
1668 1874 1827 1925 alium
1857 1873 2159 1928 reddidisse
2179 1890 2298 1928 cre-

724 1961 886 2013 dam?
930 1959 1068 2011 Nihil
1121 1962 1369 2029 equidem
1416 1964 1557 2016 scire
1609 1963 1841 2027 viderer,
1896 1980 2017 2017 cum
2055 1965 2144 2017 ille
2189 1980 2297 2019 non

726 2050 1090 2104 Atheuienses
1148 2053 1325 2115 modo,
1386 2055 1477 2105 sed
1533 2069 1599 2107 ne
1650 2055 1836 2107 hostes
1887 2055 2102 2122 quidem
2133 2057 2298 2109 otiari

726 2143 1055 2213 permiserit.
1098 2142 1278 2195 Talem
1318 2144 1462 2195 enim
1505 2145 1748 2196 movendi
1780 2145 1893 2198 suis
1924 2148 2297 2198 necessitatem

728 2236 927 2299 attulit,
957 2245 1013 2288 ut
1043 2236 1142 2302 ipsi
1181 2250 1392 2302 quoque
1428 2251 1609 2289 mores
1638 2251 1766 2290 suos
1805 2248 2009 2290 mutare
2039 2253 2299 2303 cogeren-

730 2338 835 2379 tur.
861 2327 1026 2393 ldque
1048 2326 1189 2394 iuste
1216 2326 1396 2387 (iebat,
1424 2326 1595 2391 inquit
1630 2325 2041 2379 Demosuienes.
2072 2324 2302 2380 Verum-

732 2420 911 2463 tamen
931 2427 1051 2463 eum
1074 2410 1226 2462 Plato
1251 2411 1453 2463 otiosos
1474 2427 1537 2463 ac
1569 2413 1787 2481 ignavos
1814 2414 1889 2465 ait
1914 2412 2104 2467 fecisse
2131 2430 2147 2466 :
2180 2414 2304 2467 Cre-

729 2500 885 2552 tensis
924 2515 1087 2564 mare,
1121 2500 1266 2551 dicat
1296 2499 1513 2566 aliquis.

807 2797 1177 2865 [Proverbium
1209 2798 1259 2849 in
1296 2812 1391 2849 eos
1433 2812 1521 2863 qut
1562 2799 1825 2851 simulant
1858 2800 2129 2866 ignorare.
2168 2797 2306 2850 Sunt

738 2870 881 2917 enim
925 2866 1212 2918 Cretenses
1245 2868 1401 2931 periti
1440 2870 1824 2932 navigationis.
1853 2877 1905 2919 et
1927 2868 2127 2919 dicitur
2155 2866 2303 2919 insn-

738 2938 891 2988 lauus
916 2948 1063 2987 mare
1091 2936 1363 3002 ignorare,
1393 2946 1446 2987 et
1473 2934 1684 2989 Siculus
1721 2934 1915 3000 mare.)

806 3086 1005 3141 Verum
1051 3087 1299 3155 quamvis
1349 3087 1547 3157 425a
1605 3090 1659 3142 in
1713 3090 1819 3144 hoc
1872 3091 2089 3159 gravius
2140 3107 2301 3161 quam
2332 3091 2377 3151 C

741 3181 946 3240 caateri,
972 3186 1331 3242 premeretur,
1358 3180 1498 3245 quod
1534 3178 1608 3232 illi
1629 3181 1844 3248 quidem
1874 3182 2035 3235 rebus
2064 3197 2302 3250 praesen-

745 3267 887 3319 tibus
916 3265 1185 3329 dolebant,
1212 3266 1328 3334 ipse
1358 3275 1536 3320 autem
1568 3269 1715 3323 cives
1734 3269 1806 3323 ita
1830 3270 2046 3326 videbat
2067 3272 2306 3340 alIectos,

745 3367 802 3410 ut
849 3358 913 3410 ad
950 3373 1060 3411 rem
1091 3359 1380 3426 gerendam
1413 3366 1595 3413 essent
1636 3353 1875 3427 inutiles,
1924 3376 2024 3416 nec
2068 3365 2310 3419 hostibus

744 3447 903 3499 modo
932 3446 1206 3513 cederent,
1252 3447 1345 3500 sed
1378 3456 1435 3500 et
1469 3447 1570 3515 ipsi
1609 3454 1865 3517 tanquam
1904 3449 2134 3505 fortuna!
2169 3469 2309 3521 pra:-

747 3538 888 3591 scnti
922 3537 1129 3591 auctori
1160 3538 1532 3590 irascerentur
1560 3557 1576 3593 :
1616 3553 1680 3593 ac
1726 3548 1921 3608 praeter
1948 3541 2055 3595 duo
2084 3542 2312 3599 fortuna:

748 3628 886 3679 mala
919 3626 1137 3694 (bellum
1166 3636 1218 3677 et
1250 3625 1543 3693 morbum),
1578 3627 1681 3679 duo
1711 3627 1827 3681 haec
1860 3642 1953 3681 eos
1981 3629 2081 3681 sibi
2112 3630 2314 3682 videret

748 3717 1099 3779 conscivisse,
1134 3716 1371 3767 dolorem
1401 3723 1456 3767 et
1484 3715 1927 3783 indignationem,
1959 3727 2012 3771 et
2039 3716 2091 3770 in
2123 3719 2313 3772 mediis

750 3808 977 3861 haireret
1007 3806 1282 3875 periculis,
1315 3806 1574 3873 undique,
1605 3817 1663 3861 ut
1688 3807 1761 3860 ita
1790 3808 1988 3873 dicam,
2019 3808 2267 3861 desertus
2296 3827 2311 3863 :

749 3896 881 3951 nihil
911 3909 1085 3950 tamen
1124 3897 1321 3960 timuit,
1363 3912 1463 3950 nec
1508 3899 1739 3963 remisit,
1778 3914 1951 3968 neque
1994 3903 2313 3954 sententiam

750 3986 905 4053 quasi
937 3985 1172 4037 colorem
1202 3988 1450 4049 mutavit,
1492 4002 1614 4039 cum
1648 3990 1857 4056 pariter
1887 4004 2007 4043 cum
2035 3990 2242 4042 civibus
2265 4001 2318 4043 et

750 4077 994 4131 hostibus
1044 4086 1324 4143 pugnaret,
1369 4078 1463 4130 sed
1505 4079 1658 4145 quasi
1708 4089 1878 4131 artem
1928 4095 2022 4133 eos
2079 4080 2315 4147 aliquam

749 4172 987 4230 doceret,
1013 4168 1202 4220 eodem
1246 4169 1500 4221 utebatur
1534 4184 1640 4235 quo
1673 4171 1825 4237 prius
1857 4179 2060 4233 tenore,
2093 4186 2193 4224 nec
2226 4185 2319 4239 pe-

752 4256 1035 4307 riculorum
1070 4256 1237 4321 gratia
1270 4255 1485 4309 decreta
1517 4273 1611 4309 sua
1649 4257 1902 4322 abolevit,
1930 4274 2102 4327 neque
2135 4261 2187 4313 iu
2231 4276 2319 4315 se-

747 4351 978 4402 curitate
1019 4348 1285 4402 duntaxat
1312 4349 1719 4418 philosophatus
1761 4362 1880 4405 est:
1918 4354 2319 4421 veruraniieni-

2473 1454 2790 1526 [Παροιμία.
2829 1457 3090 1508 Τάττεται
3122 1457 3176 1507 δὲ
3213 1458 3303 1506 ἐπὶ
3347 1456 3455 1506 τῶν
3490 1455 3558 1505 τὰ
3589 1452 3724 1503 οἴκοι
3761 1452 3984 1503 δισσαὶ.-

2400 1526 2644 1595 λόντων.]

2479 1615 2618 1666 Ἀλλ’
2656 1616 2793 1683 ὑπὲρ
2836 1614 2936 1683 μὲν
2965 1615 3009 1644 ¹⁸
3043 1613 3247 1665 τούτων
3277 1614 3397 1665 οὐδὲ
3427 1612 3604 1678 λέγειν
3634 1610 3810 1673 ἄξιον,
3848 1610 3986 1659 ἀλλὰ

2400 1705 2637 1775 τοσούτῳ
2684 1701 2866 1774 ἧττον,
2909 1706 3126 1773 ὅσῳπερ
3161 1703 3229 1757 ἂν
3352 1705 3596 1771 κρεῖττον
3623 1702 3685 1753 τὸ
3720 1698 3984 1751 δύνασθαι

2401 1800 2598 1863 λέγειν.
2648 1793 2770 1849 Εἶεν
2802 1797 2863 1848 ³⁸.
2904 1791 3036 1849 Εἶτα
3073 1796 3164 1848 τὸν
3196 1794 3367 1858 οὕτως
3398 1797 3524 1859 ὀξὺν
3568 1794 3660 1845 καὶ
3698 1793 3985 1859 ἄγρυπνον

2402 1889 2496 1941 καὶ
2525 1889 2716 1955 ἥδιστα
2742 1889 2807 1939 ἂν
2838 1884 2989 1939 εἷπον
3017 1887 3344 1955 ὑπόπτερον,
3370 1886 3561 1939 τοῦτον
3595 1884 3626 1951 ἢ
3655 1886 3848 1950 ἀργεῖν
3882 1882 3982 1933 αύ-

2400 1981 2490 2032 τδν
2519 1981 2551 2049 ἢ
2586 1981 2803 2048 ἐτέρους
2834 1979 3032 2041 ἐθίζειν
3072 1980 3183 2046 ἐγὼ
3210 1979 3251 2010 ¹¹’
3283 1977 3526 2042 mtuet};
3560 1977 3674 2028 Ούκ
3719 1976 3831 2043 ἄρα
3862 1973 3988 2023 ὲπί-

2405 2074 2631 2126 στασθαι
2655 2074 2788 2138 δόξω
2813 2074 2921 2126 τῶν
2946 2073 3289 2141 πραγμάτων
3313 2072 3485 2123 οὐδέν’
3522 2072 3670 2129 ὅστις
3693 2085 3757 2135 γε
3795 2066 3870 2135 μὴ
3904 2067 3987 2116 ὅτι

2413 2164 2718 2231 Ἀθηναίοις
2747 2163 2860 2215 ἀλλ’
2898 2162 3023 2215 οὐδὲ
3052 2164 3165 2223 τοῖς
3208 2161 3489 2227 πολεμίοις
3518 2160 3708 2227 ἀργεῖν
3747 2158 3986 2223 ἐπέτρε-

2402 2270 2523 2318 πεν,
2570 2254 2707 2305 ἀλλὰ
2752 2252 3040 2313 κάκείνους
3070 2252 3294 2318 ἐποίησε
3326 2248 3646 2318 μὲταόαλεϊν
3694 2248 3823 2307 τοὺς
3863 2245 3989 2314 τρόο

2403 2360 2559 2405 πους·
2589 2344 2854 2404 τοσαύτας
2893 2344 3140 2407 ἀνάγκας
3169 2342 3351 2402 αὐτοῖς
3399 2340 3653 2409 περιίστη
3687 2338 3730 2369 ⁸⁸
3758 2336 3857 2388 τοῦ
3899 2353 3989 2387 κι-

2403 2434 2628 2486 νεῖσθαι.
2656 2436 2765 2486 Καὶ
2785 2435 2845 2486 τὸ
2874 2435 3095 2495 δικαίως
3117 2429 3199 2493 οἷς
3214 2432 3387 2484 ἐποίει
3418 2431 3644 2497 προσῆν.
3677 2428 3783 2493 ἔφη
3809 2430 3990 2493 Δημο-

2406 2525 2597 2589 σθένης
2625 2525 2687 2575 ⁸⁸.
2726 2524 2864 2575 Ἀλλ’
2887 2524 3036 2591 ὅμως
3068 2521 3290 2574 Πλάτων
3310 2520 3570 2589 ᾐτιάσατο
3593 2517 3755 2567 αὐτὸν
3784 2516 3990 2580 ἀργοὺς

2405 2614 2497 2664 καὶ
2526 2611 2733 2672 δειλοὺς
2760 2609 3139 2678 πεποιηκέναι.
3192 2609 3247 2659 Ὀ
3275 2607 3436 2673 Κρὴς
3452 2606 3496 2635 ²⁰
3523 2605 3597 2670 δὴ
3619 2605 3661 2634 ³³
3703 2603 3810 2653 τὸν
3851 2602 3993 2650 πόν-

2404 2720 2531 2764 τον,
2560 2704 2722 2770 φήσει
2754 2718 2859 2763 τις.

2476 2794 2777 2864 [Παροιμᾷία
2804 2792 2899 2864 ἐτιτλἶ
2925 2791 3035 2864 τῶν
3067 2786 3555 2864 προσποιουμένων
3581 2784 3642 2835 τὸ
3665 2786 3710 2815 ”
3745 2785 3988 2864 άγνικ-ἴνς

2405 2864 2453 2915 οἱ
2479 2852 2600 2929 γὰρ’
2621 2852 2834 2929 Κρἦτες
2859 2862 2904 2891 ³³
2937 2852 3450 2945 ὲμπειροθάλασσοι.
3487 2854 3716 2914 Λέγεται
3741 2852 3797 2901 δὲ
3838 2855 3939 2934 καὶ.
3964 2852 3992 2899 ὁ

2406 2931 2675 2970 νηηιιξιττπκ
2697 2930 2909 2970 ἀγνοεῖν
2938 2946 3036 2970 ττιν
3060 2927 3353 2970 θάλασσαν-
3389 2922 3482 2970 καὶ
3504 2922 3531 2970 ό
3560 2922 3606 2953 ⁸⁸
3636 2920 3858 2970 Σικελὸς
3888 2937 3988 2970 τπν

2406 2922 2909 3067 ιόηέξιῶτηςάὶγνοεῖν
2938 2922 3036 2997 τὴν
3060 2927 3354 2986 θάλασσαν,
3389 2922 3531 2973 καὶὸ
3560 2922 3606 2953 ’δ
3636 2922 3858 2979 Σικελὸς
3888 2922 3988 2985 τὴν

2444 3018 2475 3052 α
2498 3017 2702 3050 .ασσαν.

2483 3090 2634 3141 Ὦσθ’
2654 3091 2697 3119 ³⁵
2717 3089 2765 3139 οί
2789 3085 3045 3156 μὲνξᾶλλοι
3064 3086 3175 3146 τοῖς
3198 3086 3430 3153 παροῦσι
3447 3083 3652 3141 τούτοις
3674 3078 3943 3147 ἠθύμουν,
3964 3079 3992 3128 ό

2418 3182 2473 3233 δὲ
2502 3182 2593 3231 καὶ
2614 3180 2755 3231 τοῦτ’
2778 3179 2907 3231 αὐτὸ
2933 3176 3281 3246 προσειλήφει
3301 3176 3503 3243 μεῖζον,
3524 3174 3585 3223 τὸ
3609 3174 3735 3231 τοὺς
3760 3170 3991 3228 πολίτας

2412 3272 2581 3331 οὕτως
2610 3270 2831 3337 ἔχοντας
2863 3270 2995 3337 όρᾷν
3025 3266 3163 3319 ὥστε
3186 3267 3427 3333 ἀπόρους
3450 3261 3587 3315 εἶναι
3619 3260 3876 3331 χρῆσθαι,
3898 3261 3993 3311 καὶ

2414 3361 2585 3412 ταῦτα
2614 3360 2710 3426 οὐχ
2739 3359 2859 3409 ὅσον
2902 3359 3015 3418 τοῖς
3061 3356 3339 3425 πολεμίοις
3370 3353 3827 3407 ὑποπεπτωκέναι
3856 3352 3994 3403 ἀλλὰ

2416 3451 2653 3518 κάκείνῳ
2676 3447 3053 3517 δυσμεναίνειν
3087 3446 3162 3508 ὡς
3200 3445 3308 3497 τῶν
3335 3445 3622 3515 παρόντων
3648 3443 3995 3513 πραγμάτων

2416 3540 2591 3607 αίτίῳ.
2620 3539 2763 3606 Πρὸς
2791 3537 2936 3588 δυοῖν
2957 3536 3068 3586 τοῖν
3094 3534 3203 3586 ἀπὸ
3225 3535 3325 3603 τῆς
3349 3535 3511 3603 τύχης
3531 3535 3576 3565 ’⁸
3594 3534 3691 3601 (τῷ
3705 3534 3749 3563 ’⁷
3768 3532 3996 3599 πολέμῳ

2419 3630 2515 3682 καὶ
2550 3631 2612 3696 τῇ
2644 3628 2813 3695 νήσῳ)
2833 3626 2924 3678 δύο
2943 3624 3113 3677 ταῦτα
3133 3626 3569 3692 προσειληφότας
3597 3624 3741 3691 ὁρῶν
3767 3623 3993 3681 αὐτοὺς,

2419 3719 2597 3786 λύπην
2631 3718 2725 3769 καὶ
2774 3715 3125 3785 παροξυσμὸν
3168 3716 3247 3775 εἰς
3303 3714 3484 3777 αὑτὸν,
3536 3717 3593 3765 ὲν
3645 3712 3833 3781 μέσοις
3884 3714 3995 3773 τοῖς

2418 3809 2607 3868 δεινοῖς
2637 3804 2957 3872 ἐμϐεϐηκὼς
2989 3806 3083 3856 καὶ
3114 3803 3451 3870 πανταχόθεν
3489 3803 3897 3869 μεμονωμένος,
3922 3801 3998 3861 ὡς

2421 3899 2627 3959 εἰπεῖν,
2667 3897 2767 3947 οὐκ
2810 3896 3031 3959 ἔδεισεν,
3080 3893 3187 3945 οὐδ’
3224 3892 3599 3961 ὑπεχώρησεν,
3646 3891 3754 3942 οὐδ’
3805 3891 3999 3955 ὥσπερ

2421 3990 2610 4058 χροιὰν
2628 3988 2725 4055 τὴν
2752 3984 2977 4055 γνώμην
3020 3984 3280 4053 μετέϐαλε
3303 3984 3370 4047 ⁸⁸,
3402 3987 3510 4044 τοῖς
3534 3999 3590 4033 τε
3626 3982 3878 4041 πολίταις
3904 3981 4000 4031 καὶ

2421 4082 2533 4141 τοῖς
2581 4079 2859 4145 πολεμίοις
2908 4076 3043 4143 ὁμοῦ
3104 4076 3593 4142 ἀντιτεταγμένοςο
3648 4073 3763 4125 ἀλλ’
3806 4073 4001 4133 ὥσπερ

2422 4170 2549 4223 ἂν²⁹
2580 4170 2707 4222 ἄλλο
2741 4186 2795 4219 τι
2832 4169 3059 4238 μάθημα
3096 4167 3360 4219 διδάσκων
3389 4166 3604 4226 αὐτοὺς,
3649 4164 3786 4215 κατὰ
3826 4165 4001 4215 ταυτα

2423 4260 2459 4313 ἃ
2488 4260 2581 4311 καὶ
2610 4259 2871 4328 πρότερον
2905 4256 3125 4325 διεξῄει,
3152 4257 3247 4306 καὶ
3273 4257 3332 4306 οὐ
3368 4254 3636 4321 διέφθειρε
3658 4254 3725 4304 τὰ
3751 4253 4001 4318 δόγματα

2425 4351 2518 4401 ἐπὶ
2554 4349 2662 4399 τῶν
2708 4346 2988 4409 κινδύνων,
3034 4346 3154 4397 ούδὲ
3202 4346 3293 4395 ἐπὶ
3328 4346 3429 4411 τῆς
3476 4343 3723 4407 ἐξουσίας
3756 4343 4002 4407 ὲφιλοσί-

749 4440 1031 4491 admodum
1067 4440 1111 4491 si
1163 4440 1227 4491 de
1267 4441 1510 4493 numeris
1540 4451 1593 4493 et
1642 4443 1910 4495 mensuris
1935 4442 2121 4495 fuisset
2155 4444 2324 4497 inter—
2352 4431 2399 4485 ι)

2352 4431 2399 4485 ι)
2426 4457 2565 4509 φησε
2603 4440 2782 4507 μόνον,
2817 4436 2931 4489 ἀλλ’
2962 4436 3036 4497 ὡς
3063 4435 3192 4503 περὶ
3211 4435 3255 4465 ³⁸
3280 4434 3529 4503 ἀριθμῶν
3555 4434 3586 4500 ἢ
3622 4433 3837 4501 μέτρων
3868 4435 4003 4500 ἐρω-

749 4539 985 4598 rogatus,
1025 4530 1163 4582 idem
1204 4538 1259 4582 et
1309 4529 1437 4583 olim
1483 4532 1850 4598 respondisset
1894 4540 1947 4585 et
1996 4542 2200 4600 postea,
2250 4534 2320 4585 ita

748 4634 961 4687 quoque
988 4629 1113 4674 tunc
1144 4619 1280 4672 idem
1311 4621 1377 4673 de
1405 4636 1615 4673 summa
1651 4622 1727 4675 rei
1769 4623 2062 4688 statuebat,
2108 4637 2207 4677 nec
2236 4624 2322 4676 vel

750 4711 986 4779 pericula
1034 4711 1237 4779 fugere,
1276 4712 1357 4763 vel
1401 4713 1635 4778 seipsum
1675 4714 1965 4777 castigare,
1996 4724 2050 4766 et
2081 4713 2320 4780 ipsorum

750 4816 933 4863 causa,
970 4801 1057 4867 qui
1088 4816 1210 4854 cum
1247 4804 1581 4868 temporibus
1606 4804 1797 4855 mutati
1832 4814 2037 4866 essent,
2073 4803 2322 4856 ruborem

751 4892 1027 4958 suscipere
1055 4891 1393 4959 dignabatur.
1424 4890 1687 4956 Quocirca
1722 4908 1828 4946 non
1863 4894 1964 4946 hoc
1990 4902 2109 4947 erat
2138 4894 2326 4947 dicen-

753 4982 899 5044 dum,
933 4980 1115 5045 copias
1139 4994 1259 5033 eum
1289 4995 1392 5033 non
1421 4982 1690 5045 eduxisse,
1727 4983 1819 5035 sed
1842 4982 1893 5035 id
1924 4997 2044 5036 cum
2068 4990 2214 5035 esset
2246 4982 2327 5033 la-

753 5071 1020 5132 cicudum,
1046 5080 1097 5123 et
1126 5072 1494 5139 pugnandum,
1528 5073 1819 5134 omisisset,
1848 5073 2324 5127 considerandum.

754 5160 888 5213 Nam
930 5172 980 5214 et
1028 5161 1467 5216 Lacedmmonios
1510 5164 1679 5229 aiunt,
1734 5180 1855 5218 cum
1903 5178 1999 5218 eos
2036 5163 2327 5232 aliquando

754 5262 1063 5320 premerent
1095 5253 1355 5315 Thebani,
1404 5264 1465 5307 ut
1499 5255 1582 5311 vel
1634 5256 1701 5309 ad
1738 5271 1972 5325 pugnam
2017 5255 2190 5317 exire,
2244 5252 2327 5307 vel

2424 4534 2607 4602 τηθεὶς
2646 4532 2841 4583 ταυτὸν
2871 4528 3206 4598 ἀπεκρίνατο
3234 4529 3299 4579 ἂν
3332 4527 3426 4580 καὶ
3456 4526 3681 4592 ὕστερον
3732 4526 3830 4576 καὶ
3873 4527 4004 4591 πρό-

2425 4642 2600 4693 τερον,
2632 4623 2772 4674 οὕτω
2815 4622 2909 4673 καὶ
2954 4620 3074 4671 τότε
3116 4617 3213 4679 τὰς
3248 4617 3413 4678 αὑτὰς
3454 4617 3601 4684 ἠφίει
3638 4614 3821 4681 φωνὰς
3864 4615 4003 4679 ὑπὲρ

2427 4715 2535 4765 τῶν
2566 4713 2701 4763 ὅλων
2733 4708 3094 4778 πραγμάτων.
3126 4705 3250 4756 οὕτε
3279 4706 3391 4763 τοῖς
3419 4704 3607 4762 δεινοῖς
3636 4702 3803 4752 εἴκειν
3837 4700 4003 4760 ἀξιῶν

2430 4804 2551 4857 οὔτε
2582 4801 2756 4869 ἐαυτῷ
2788 4796 3134 4868 μέμφεσθαι,
3182 4791 3532 4861 αἰσχύνεσθαί
3559 4807 3618 4840 τε
3653 4788 3793 4857 ὑπὲρ
3828 4787 4003 4839 αὐτῶν

2432 4897 2546 4963 ἅμα
2564 4894 2602 4924 ³⁸
2625 4896 2733 4953 τοῖς
2768 4892 2980 4958 καιροῖς
3010 4887 3211 4956 ἑτέρων
3239 4883 3559 4950 γεγονότων.
3580 4880 3672 4946 Μὴ
3697 4878 3764 4944 δὴ
3781 4878 3825 4908 ³⁸
3852 4877 4004 4929 τοῦτο

2432 4985 2699 5051 λέγωμεν,
2735 4981 2805 5037 ὡς
2837 4980 2936 5030 οὑκ
2970 4976 3192 5045 ἐξῆγενο
3240 4972 3353 5025 ἀλλ’
3389 4972 3439 5022 εί
3473 4969 3749 5038 προσῆκον
3787 4966 4004 5030 ἐξάγειν

2435 5078 2527 5127 καὶ
2579 5070 2845 5141 μάχεσθαι
2876 5066 3159 5137 παρεώρα,
3184 5064 3344 5116 τοῦτο
3380 5060 3712 5127 σκοποῦμεν,
3752 5058 3879 5108 ἐπεὶ
3914 5056 4005 5107 καὶ

2434 5161 2891 5228 Λακεδαιμονίους
2924 5154 3193 5219 ἀκούομεν
3234 5152 3297 5220 δή
3330 5168 3431 5202 που
3464 5146 3883 5218 προσκειμένων
3912 5144 4004 5196 αύ-

2434 5256 2543 5312 τοῖς
2587 5266 2717 5300 ποτε
2746 5245 3028 5315 Θηϐαίων,
3060 5244 3155 5295 καὶ
3187 5240 3514 5292 κελευόντων
3546 5236 3746 5299 ἐξιέναι
3770 5235 3868 5287 καὶ
3905 5232 4005 5301 μά·-

2054 5364 2281 5419 VARle
2320 5361 2722 5416 LECTIONES.

830 5458 871 5488 ’³
898 5456 1146 5508 τοτοῦτον
1188 5475 1246 5518 ς.
1285 5457 1407 5523 ἐμοὶ
1440 5458 1481 5488 ⁸⁵
1508 5459 1755 5523 φαίνεται
1783 5473 1889 5511 om.
1940 5461 2002 5511 A.

760 5528 802 5557 ¹¹’
834 5526 1082 5592 περιίστη

759 5596 885 5645 229.
993 5596 1035 5624 "-
1078 5594 1141 5659 δὴ
1182 5610 1290 5644 om.
1324 5596 1387 5644 A.
1466 5597 1510 5624 “
1536 5596 1593 5645 τὸ
1635 5594 1839 5648 υιιιζΛ.

761 5665 803 5731 ’θ’
845 5662 921 5729 τῷ
959 5692 1023 5701 --
1071 5665 1216 5731 νήσῳ
1250 5680 1357 5714 0111.
1388 5664 1451 5716 Λ.
1545 5664 1588 5692 ’⁸
1627 5667 1915 5723 μετέϐαλλε
1974 5667 2034 5716 Α.

764 5720 1005 5800 ἃμαίαὶ
1036 5720 1132 5787 Λ.’
1192 5720 1246 5764 ’³³
1278 5733 1350 5801 μὴ
1379 5732 1467 5802 δη]
1502 5747 1551 5801 p.
1581 5720 1703 5785 235.

2109 5460 2152 5489 ¹¹’
2188 5458 2285 5509 μὲν
2332 5471 2439 5509 om.
2473 5457 2535 5506 Α.

1188 5476 1246 5518 ς.
1285 5476 1407 5523 εμοι
1441 5476 1481 5488 ⁸*
1508 5476 1755 5523 φαινεται
1783 5476 1889 5511 om.
1940 5476 2002 5511 Α.
2111 5476 2150 5489 ¹¹’
2188 5476 2285 5524 μεν
2332 5476 2439 5509 0111.
2473 5476 2535 5506 A‘.
2643 5476 2686 5482 "
2714 5476 2821 5503 ειΞν
2854 5476 2960 5501 um.
2994 5476 3053 5500 Λ.
3088 5476 3230 5507 ειη.)
3281 5476 3345 5509 ιη
3383 5476 3492 5494 ...ω

1177 5528 1217 5557 η
1258 5526 1627 5597 Δημοσθένης]
1683 5528 1986 5597 περιιστάε.
2038 5526 2223 5597 καίτοι,
2245 5526 2458 5597 δίκαιος
2479 5525 2571 5597 καὶ
2605 5524 2773 5597 “apio;
2802 5516 3020 5597 ἦνηέφη
3052 5512 3386 5597 aquoso?“
3435 5513 3492 5597 An.

1921 5598 1963 5626 "
1995 5598 2064 5647 cf.
2098 5594 2247 5647 Sillll.
2284 5611 2333 5645 v.
2366 5597 2393 5644 ὁ
2428 5594 2597 5659 Κρὴς.

2110 5666 2151 5696 ω
2177 5665 2239 5717 ἂν
2283 5663 2403 5715 add.
2440 5664 2503 5713 Α.

2638 5450 2686 5482 ¹⁶
2714 5447 2821 5503 εἷεν
2854 5465 2960 5501 om.
2994 5451 3053 5500 Α.
3088 5442 3230 5507 εἶτα]
3281 5444 3345 5509 0.}
3377 5440 3502 5494 9.9.6.
3576 5439 3918 5509 ¹⁷νὲγιῖιῗοιι1η
3944 5440 4000 5488 Α.

3599 5508 3643 5538 ¹¹’
3679 5510 3703 5555 δ
3742 5507 3923 5573 κρῆςι
3955 5526 3999 5566 ιι.

2675 5578 2770 5640 ³⁸⁵6
2806 5578 2927 5640 add.
2962 5578 3030 5638 λ’.
3106 5586 3149 5614 ’⁵
3183 5579 3336 5645 ἆ)σοί
3374 5598 3425 5643 ιι.
3459 5578 3582 5628 250.
3659 5578 3704 5604 ¹⁴³
3737 5578 3915 5640 Qui};
3948 5580 3999 5645 Α,

2583 5661 2625 5690 ³⁰
2667 5660 2792 5725 περὶ
2832 5688 2897 5695 —-
2932 5656 3163 5724 μέτρων]
3200 5667 3301 5715 περ
3331 5678 3390 5687 -—
3430 5650 3622 5713 μέτρον
3656 5646 3718 5695 ,⁸ι.
3796 5646 3830 5673 ³’
3872 5644 3999 5709 sua!
