4216 6430
699 395 838 460 1539

700 551 768 590 ne
794 534 920 604 quid
950 535 1003 586 in
1028 532 1303 586 Platonem
1330 532 1505 585 dicam
1529 528 1771 600 gravius,
1794 537 1847 582 et
1867 527 2023 597 quasi
2052 524 2285 580 ferocire
2315 504 2359 559 Α

701 628 903 689 videar,
935 638 1099 691 quam
1134 634 1193 677 ut
1223 623 1433 674 illurum
1480 635 1915 689 unumquemque
1945 618 2059 671 suis
2095 630 2284 669 ornem

702 717 985 779 laudibus;
1032 728 1156 766 nam
1195 712 1393 783 ἤθεα
1440 728 1547 766 non
1589 713 1815 766 minoris
1847 721 1930 763 est
1961 709 2087 761 mihi
2127 707 2287 774 hujus

709 812 763 855 et
792 804 985 868 gratia.
1012 799 1388 853 Verumtamen
1415 801 1456 852 si
1493 807 1775 867 utrumque
1798 810 2209 864 causequemur,
2232 803 2288 845 ut

705 901 760 942 et
777 892 992 943 illorum
1012 890 1365 942 dissolvamus
1382 888 1629 951 crimina,
1651 898 1704 941 et
1728 886 1933 938 Platoni
1959 899 2171 937 omnem
2193 885 2287 934 tri-

709 982 931 1032 buamus
962 984 1219 1031 honorem
1258 994 1319 1032 ac
1350 980 1735 1041 reverentiam,
1769 988 1931 1043 atque
1976 975 2027 1027 in
2060 985 2287 1041 utroque

701 1072 846 1135 juste
891 1085 989 1122 nos
1033 1084 1301 1138 geramus,
1357 1070 1700 1141 mediocriter
1749 1069 2027 1121 nobiscum
2074 1076 2283 1136 agetur.

706 1160 841 1212 Nam
889 1161 932 1212 si
966 1162 1242 1213 contraria
1277 1160 1571 1213 contrariis
1609 1161 1949 1221 delinietnus,
1978 1172 2083 1224 quo
2132 1163 2289 1223 parto

708 1269 805 1305 sua
839 1253 1065 1318 singulis
1092 1253 1361 1305 coiistabit
1392 1252 1621 1304 natura?
1649 1252 1703 1303 Si
1734 1252 1877 1303 enim
1923 1249 2204 1315 imperium
2235 1248 2286 1299 iu

709 1344 968 1396 servitute
1012 1354 1261 1407 ponatur,
1323 1344 1411 1395 vix
1456 1344 1598 1395 aliud
1647 1344 1939 1410 quidquam
1974 1343 2289 1394 servitutem

708 1432 975 1500 eﬂ'ngerit,
1008 1442 1059 1487 et
1093 1432 1135 1486 si
1170 1433 1454 1499 imperium
1494 1446 1615 1486 esse
1646 1434 1963 1485 servitutem
2017 1432 2285 1498 ponimus,

710 1528 839 1593 quid
870 1528 1119 1595 prohibet
1150 1526 1440 1592 quominus
1482 1526 1671 1577 eadem
1724 1528 1934 1576 ratione
1974 1523 2287 1575 servitutem

714 1634 836 1671 esse
861 1620 1143 1687 imperium
1169 1631 1453 1681 ponamus,
1471 1624 1630 1683 atque
1653 1616 1724 1667 ita
1756 1631 1841 1669 res
1865 1616 2285 1681 circumagatur,

708 1723 812 1762 nec
840 1722 1076 1775 unquam
1108 1707 1297 1757 eodem
1330 1714 1545 1757 maneat
1581 1704 1698 1756 loco
1734 1721 1746 1754 :
1786 1717 1969 1754 verum
2002 1701 2286 1767 imperium

710 1802 858 1866 prius
884 1802 947 1852 ad
996 1803 1311 1853 servitutem
1344 1800 1644 1859 redactum,
1691 1809 1787 1861 per
1827 1809 1943 1848 eam
1976 1807 2163 1844 rursus
2197 1792 2291 1843 liat

716 1896 996 1962 imperium
1028 1913 1041 1946 :
1072 1895 1305 1947 servitus
1358 1900 1536 1942 autem
1592 1891 1739 1955 prius
1782 1889 1847 1939 ad
1884 1887 2167 1953 imperium
2217 1900 2300 1936 rc-

713 1990 890 2050 dacta,
931 2001 1026 2053 per
1062 1986 1187 2038 illud
1228 1986 1401 2051 ipsum
1436 1995 1627 2032 rursus
1654 1981 1874 2032 exsistat
1899 1978 2148 2031 servitus.
2188 1975 2297 2029 ita-

714 2094 817 2145 que
847 2088 1107 2146 vagentur
1151 2092 1213 2129 ac
1262 2082 1694 2127 transmutentur
1741 2073 1856 2124 haec
1913 2072 2152 2133 nomina,
2180 2084 2301 2138 qua:

715 2182 840 2223 sunt
866 2185 1045 2222 rerqu
1098 2167 1519 2226 contrariarum.
1567 2176 1661 2217 aut
1711 2163 1894 2231 potius
1952 2162 2112 2215 rebus
2166 2162 2299 2229 ipsis

717 2272 1011 2315 contraria.

792 2517 1001 2586 [Rebus
1034 2511 1437 2586 dicitgraviter
1470 2522 1592 2586 cum
1618 2521 1781 2586 unum
1809 2519 1929 2559 esse
1953 2514 2005 2557 et
2037 2504 2177 2557 idem
2212 2504 2307 2557 im-

724 2575 932 2654 perium
970 2596 1023 2637 et
1045 2575 1361 2636 servitutem
1394 2575 1725 2643 coul‘trmet.]

796 2741 975 2804 Tales,
997 2754 1029 2792 ο
1046 2738 1212 2798 Plato,
1233 2734 1454 2789 Graecia-
1493 2731 1763 2800 praebebat
1790 2728 2059 2796 adjutores
2084 2743 2099 2779 :
2129 2728 2311 2792 itaque

727 2836 899 2887 donec
926 2833 1139 2884 vivebat
1159 2828 1372 2888 Cimon,
1402 2824 1653 2893 peribant
1695 2821 1918 2874 Barbari
1974 2832 2115 2873 metu
2162 2819 2311 2873 Crte-

728 2940 938 2979 corum.

801 3033 1299 3105 [Demostltenicum
1343 3030 1447 3082 hoc
1479 3028 1721 3105 schema;
1756 3027 1830 3078 ait
1874 3025 2018 3079 enim
2056 3033 2197 3103 metu
2236 3021 2312 3074 le-

732 3095 886 3169 gaios
932 3114 1191 3161 mortuos,
1248 3102 1439 3169 timore
1482 3112 1607 3149 vero
1648 3096 1887 3169 Graecos,
1941 3109 2056 3159 pro,
2122 3095 2312 3143 timore

1833 386 2097 450 PHOTlI
2117 378 2626 446 PATRIARCHIE
2654 377 2742 437 ΕΡ

2389 494 2561 563 φειδοῖ
2585 490 2680 543 τοῦ
2709 484 3105 558 προειληφότος
3126 498 3140 513 ·
3180 481 3328 535 οὕτω
3357 481 3492 534 πολὺ
3521 479 3695 532 πλείω
3712 480 3761 511 ⁸⁸
3776 480 3977 531 ποιοῦ-

3824 369 3970 435 1540

2393 602 2489 652 μαι
2518 583 2730 649 λόγον⁵¹
2761 579 2927 649 μηδὲν
2956 576 3169 647 ἀπηχὲς
3200 577 3281 636 είς
3309 574 3570 627 Πλάτωνα
3591 573 3776 639 τυχεῖν
3799 569 3983 622 είπὼν

2392 674 2515 745 μηδ’
2541 671 2784 740 ὡσπερεὶ
2824 667 3191 739 θρασύνεσθαι
3217 666 3417 728 δοκεῖν,
3438 667 3471 733 ἢ
3498 664 3545 693 ⁸¹
3589 663 3815 714 ἐκείνων
3839 662 3979 712 ἐκα-

2392 780 2517 814 στον
2564 761 2845 813 ἐπαινέσαι
2870 796 2886 820 ,
2928 758 3190 818 είκότως·
3233 756 3355 806 οὐδὲ
3390 752 3500 821 γὰρ
3538 751 3821 809 ἐλάττονος
3847 747 3981 809 ἄξια

2392 854 2610 922 χάριτός
2646 869 2736 920 μοι
2762 851 2831 902 τὰ
2858 850 2994 919 πρὸς
3024 845 3237 899 τοῦτον.
3270 847 3348 897 Ob
3378 843 3484 913 μὴν
3508 841 3623 894 ἀλλ’
3657 840 3775 906 είγε
3806 840 3982 905 ἄμφω

2395 943 2736 1011 συμϐήσεται
2784 940 2879 992 καὶ
2928 939 3027 999 τὰς
3059 938 3181 989 κατ’
3219 935 3445 987 ἐκείνων
3475 932 3657 992 αἰτίας
3694 929 3980 981 ἀπολύσα-

2394 1008 2518 1091 σθαι
2551 1008 2641 1087 καὶ
2676 1034 2923 1085 Πλάτωνι
2950 1033 3060 1083 πᾶν
3086 1031 3211 1081 ὅσον
3241 1024 3422 1086 αίδοῦς
3461 1026 3557 1075 καὶ
3589 1022 3756 1089 τιμῆς
3795 1008 3981 1082 {Em-cz

2396 1126 2717 1186 σεσωκέναι,
2763 1123 2858 1174 καὶ
2909 1119 3213 1190 προσέσται
3259 1116 3321 1166 τὸ
3378 1114 3586 1164 δίκαιον
3619 1109 3980 1176 ἀμφοτέροις,

2399 1218 2635 1288 μετρίως
2665 1216 2733 1267 ἂν
2769 1215 2881 1282 ἐχοι
2909 1213 2970 1263 τὸ
2996 1211 3207 1262 δίκαιον
3239 1204 3514 1272 πανταχῆ.
3558 1200 3725 1265 11280
3770 1196 3868 1264 IL]
3920 1196 3982 1247 lii

2394 1310 2563 1378 γὰρ⁸³
2598 1306 2856 1358 τάναντία
2881 1304 2991 1363 τοῖς
3021 1300 3286 1360 ἐναντίοις
3330 1292 3651 1365 ὁριούμεθα,
3686 1290 3803 1349 πῶς
3844 1288 3981 1337 ἐκα-

2397 1416 2519 1450 στον
2563 1398 2637 1448 ἔθ’
2682 1397 2814 1463 ἡμῖν
2850 1392 3011 1445 σώσει
3059 1390 3159 1457 τὴν
3215 1384 3413 1439 ἐαυτοῦ
3455 1382 3653 1450 φύσιν;
3700 1380 3751 1430 εί
3792 1378 3904 1443 γὰρ
3948 1378 3982 1441 ὴ

2395 1493 2535 1559 ἀρχὴ
2560 1489 2773 1541 δουλεία
2796 1525 2811 1548 ,
2843 1485 3005 1555 σχολῇ
3034 1484 3084 1548 γ’
3116 1481 3181 1532 ἂν
3217 1478 3347 1531 ἀλλο
3376 1492 3428 1527 τι
3460 1472 3701 1525 δουλείαν
3890 1466 3983 1559 [pL]

2396 1557 2648 1648 ἐκφύγοι.
2688 1580 2804 1631 Κᾶν
2829 1578 2880 1629 εί
2908 1592 2970 1643 γε
2997 1573 3094 1642 τὴν
3120 1570 3295 1638 ἀρχὴν
3330 1564 3580 1619 δουλείαν
3608 1559 3750 1612 εἶναι
3776 1557 3985 1621 τιθείη·

2402 1690 2521 1743 μεν,
2552 1674 2602 1723 τί
2637 1669 2834 1723 κωλύει
2882 1666 2977 1718 καὶ
3026 1664 3121 1732 τὴν
3164 1658 3412 1711 δουλείαν
3448 1654 3622 1723 ἀρχὴν
3649 1653 3763 1711 τοῖς
3793 1650 3982 1706 αὐτοῖς

2401 1764 2613 1821 τούτοις
2639 1760 2846 1811 τιθέναι
2876 1757 3088 1822 λόγοις;
3124 1754 3232 1802 κάκ
3254 1747 3450 1799 τούτου
3483 1743 3757 1812 περίεισιν
3784 1740 3922 1807 ἡμῖν
3953 1736 3985 1802 ἡ

2332 1834 2371 1888 Β
2405 1853 2552 1914 θέσις
2586 1852 2683 1902 καὶ
2721 1850 2843 1901 ούδὲ
2891 1862 3021 1898 ποτε
3069 1844 3128 1894 ἐν
3176 1841 3254 1907 τῷ
3279 1837 3429 1905 αὐτῷ
3463 1834 3635 1902 μένει,
3670 1830 3785 1882 ἀλλ’
3821 1831 3858 1897 ἡ
3890 1828 3989 1895 μὲι

2399 1946 2541 2013 ἀρχὴ
2574 1941 2786 1994 δουλεία
2824 1940 3090 2008 πρότερον
3133 1928 3400 1999 γενομένη
3436 1925 3504 1977 δι’
3548 1924 3768 1990 ἐκείνης
3814 1918 3986 1971 πάλιν

2399 2035 2543 2105 ἀρχὴ
2584 2034 2818 2100 γίνεται,
2855 2032 2888 2099 ἡ
2920 2028 2964 2079 δ’
2999 2021 3066 2078 αὖ
3098 2022 3313 2075 δουλεία
3342 2018 3608 2086 πρότερον
3643 2013 3788 2081 ἁρχὴ
3822 2027 3986 2077 νομι-

2402 2104 2591 2177 σθεῖσα
2642 2122 2733 2175 ὑπ’
2768 2120 2934 2188 αὐτῆς
2980 2118 3079 2185 τῆς
3132 2112 3308 2183 ἀρχῆς
3342 2110 3590 2162 ἐπάνεισι
3635 2104 3854 2158 δουλεία
3886 2106 3994 2155 πά-

2402 2217 2485 2268 λιν
2524 2212 2688 2267 εἶναι.
2719 2212 2829 2265 Καὶ
2859 2210 3003 2263 οὕτω
3048 2202 3447 2273 πλανήσεταιδδ
3474 2201 3571 2252 καὶ
3602 2196 3994 2268 μεταχωρήσει

2401 2306 2473 2359 τὰ
2501 2307 2741 2375 ὀνόματα
2785 2302 2981 2362 ταῦτα,
3022 2299 3132 2351 τῶν
3174 2296 3435 2349 ἐναντίων
3463 2290 3812 2361 πραγμάτων
3837 2289 3995 2347 ὄντα,

2405 2403 2453 2451 εί
2480 2400 2534 2450 δέ
2569 2398 2769 2467 βούλει,
2799 2394 2867 2447 τὰ
2896 2392 3116 2445 ἐναντία
3141 2388 3235 2440 τοῦ
3268 2386 3616 2454 πράγματος.

2476 2490 2623 2562 [Τοῦ
2662 2485 3063 2562 ,πράγματοςὴ
3114 2483 3257 2562 εἷπε,
3310 2478 3520 2562 δεινῶςἔ
3560 2475 3751 2562 ἐπειδὴ
3806 2474 4000 2562 ἓνοξαὶ

2406 2542 2603 2611 ταῧτὸν
2629 2542 2774 2697 flvit
2801 2542 2899 2625 τὴν
2940 2542 3114 2623 ἀρχὴν
3147 2542 3252 2603 καῖ
3271 2550 3369 2618 τὴν
3399 2547 3644 2599 δουλείαν
3668 2542 3998 2598 κατεσυλλο-

2407 2635 2614 2695 γίσατο.

2407 2635 2614 2695 γίσατο.

2482 2719 2769 2779 Τοιούτους
2787 2717 2832 2747 ⁵⁸
2862 2713 3211 2783 ἐπικούρους,
3238 2705 3283 2761 ὦ
3327 2708 3576 2768 Πλάτων,
3607 2708 3720 2768 τοῖς
3754 2704 3994 2772 Ἕλλησι

2400 2796 2737 2877 *παρέσχετω
2785 2805 2926 2857 ὥστε
2957 2804 3062 2865 ἓως
3093 2802 3189 2869 ἔζη
3236 2802 3452 2868 Κίμων,
3499 2797 3757 2850 τεθνάναι
3794 2794 4001 2863 περιῆν

2410 2902 2520 2960 τοῖς
2549 2898 2848 2965 Βαρόἀροις
2877 2895 2955 2961 τῷ
2989 2893 3139 2961 φόϐῳ
3168 2892 3296 2953 τοὺς
3332 2890 3625 2957 Ἕλληνας.

2490 3010 2930 3084 [Δημοσθενικὶν
2962 3008 3023 3084 το
3055 3008 3269 3084 axitia:
3302 3003 3405 3084 ἔφη
3443 3002 3557 3084 γὰρ
3579 3042 3594 3065 ,
3642 2999 3892 3084 Τεᾷχέᾳι
3922 2997 4005 3060 τῷ

2414 3070 2533 3134 δέὲι
2570 3070 2710 3143 έὸεγς
2748 3070 3277 3140 ἀποστόλούξ.’”1“ῷ
3300 3074 3356 3124 δὲ
3390 3070 3540 3143 φόβῳ
3577 3072 3703 3130 τοὺς
3725 3070 4002 3143 Ἕλληνας

732 3124 886 3169 gntus
932 3124 1191 3161 mortuus,
1248 3124 1439 3151 tIIIIUIc
1485 3124 1607 3149 vcru
1648 3124 1887 3155 υιατυυδ,
1942 3124 2056 3159 νιν,
2122 3124 2308 3143 ιιιιιυιε

731 3177 1065 3232 Grzerorum,
1090 3172 1171 3222 vel
1201 3171 1324 3236 quia
1346 3168 1427 3221 sic
1457 3174 1772 3219 terruerunt
1798 3164 2038 3226 Gnaeos,
2064 3173 2118 3215 ut
2145 3176 2308 3230 prope

2416 3152 2537 3202 ἀντὶ
2571 3152 2663 3200 τοῦ
2793 3149 2943 3214 φόϐῳ
2976 3147 3082 3197 τῶν
3128 3124 3417 3230 ζΕλλῆνωνξ
3446 3142 3479 3209 ἢ
3511 3124 3592 3219 iam
3646 3137 4004 3236 1:11:53:th

736 3244 930 3295 nturtui
968 3238 1217 3309 fuerint.]

804 3402 870 3453 At
899 3412 1024 3451 eum
1054 3396 1377 3450 ostracismo
1400 3392 1743 3462 expulerunt,
1770 3404 1837 3443 ne
1866 3404 2048 3443 vocem
2080 3387 2197 3453 ejus
2224 3402 2321 3455 per

734 3492 922 3545 decem
953 3506 1122 3543 annos
1168 3488 1441 3541 audirent.
1478 3485 1674 3549 Certe;
1709 3485 1802 3538 sed
1841 3498 1962 3536 eum
1999 3490 2123 3534 ante
2150 3494 2319 3533 annos

738 3586 922 3637 decent
966 3595 1185 3635 exactos
1219 3587 1564 3639 revocarunt,
1593 3587 1650 3630 ut
1679 3577 1797 3645 ejus
1826 3576 2075 3627 audirent
2108 3586 2317 3625 vocem.

739 3673 814 3725 Ita
852 3688 976 3726 eum
1008 3670 1415 3725 desiderabant.
1451 3668 1652 3723 Verum
1683 3678 1736 3718 tn
1780 3683 1940 3734 quem
1990 3664 2321 3715 condemna-

740 3765 867 3827 rint,
900 3763 1068 3826 dicis;
1094 3778 1251 3830 quam
1282 3760 1603 3813 sententiam
1628 3759 1907 3821 mutarint,
1943 3771 2045 3807 non
2074 3755 2321 3821 cogitas;

740 3870 971 3923 qna'que
996 3855 1075 3907 vel
1110 3868 1217 3906 non
1252 3864 1396 3905 recte
1423 3855 1799 3911 decreverunt,
1836 3850 2082 3915 utrisque
2111 3862 2314 3915 expro-

743 3945 904 4009 bras;
934 3958 1052 4011 quaz
1082 3952 1251 4006 recte,
1283 3942 1675 3995 consuluerunt
1709 3954 1808 3993 nec
1841 3939 1947 3991 illis
1976 3940 2182 3991 veniam
2219 3953 2320 4004 pu-

747 4047 849 4096 tas,
882 4050 979 4087 nec
1012 4035 1132 4085 huic
1168 4034 1463 4085 niaximum
1519 4030 1763 4097 praebere
1821 4030 2036 4081 virtutis
2078 4030 2324 4079 testimo-

749 4125 919 4173 nium.
970 4121 1213 4185 Cumque
1245 4120 1279 4171 ii
1313 4119 1408 4185 qui
1440 4133 1561 4169 eum
1586 4118 2034 4178 condemnarunt,
2064 4116 2159 4181 ipsi
2198 4131 2324 4167 seu—

751 4212 969 4265 tentiam
998 4212 1276 4271 mutarint,
1300 4224 1399 4261 nec
1424 4208 1705 4274 antiquum
1724 4207 1994 4259 servarint
2019 4207 2323 4266 decretum,

751 4314 805 4355 tu
838 4303 889 4355 id
912 4303 1064 4369 quasi
1095 4313 1265 4355 ratmn
1299 4314 1515 4366 semper
1548 4298 1740 4350 fuisset
1769 4298 1981 4363 obiicis,
2016 4311 2113 4349 nec
2156 4298 2322 4349 Atlte-

750 4394 965 4444 nienses
994 4392 1091 4443 hac
1139 4392 1190 4442 in
1226 4406 1282 4441 re
1312 4391 1393 4442 vis
1446 4388 1670 4450 imitari,
1719 4396 1827 4439 uta
1871 4387 2099 4440 crimine
2152 4390 2325 4439 virum

2420 3222 2546 3282 τοὺς
2584 3210 2851 3287 Ἕλληνας
2892 3210 3063 3277 οὕτως
3112 3213 3187 3275 ὡς
3241 3212 3411 3278 ἐγγὺς
3453 3210 3548 3260 τοῦ
3594 3210 3855 3260 τεθνάναι
3910 3223 4007 3273 γε-

2422 3287 2657 3357 νέσθαι.]

2493 3382 2633 3447 Νὴ⁵⁷
2667 3380 2763 3430 Δία
2820 3376 2935 3431 ἀλλ’
2970 3374 3382 3443 ἐξωστράκισαν
3425 3372 3612 3434 αὑτὸν,
3654 3370 3805 3430 ὅπως
3839 3367 4008 3420 αὐτοῦ

2421 3473 2612 3525 δέκα⁸⁸
2644 3472 2780 3522 ἐτῶν
2806 3471 2904 3537 τῆς
2940 3471 3123 3536 φωνῆς
3154 3467 3228 3534 μὴ
3256 3465 3568 3516 ἀκούσειαν.
3620 3464 3730 3513 Καὶ
3753 3462 3921 3513 πάλιν
3944 3477 4009 3525 γε

2424 3563 2763 3631 κατήγαγον,
2799 3563 2929 3628 πρὶν
2955 3563 3021 3610 τὰ
3049 3560 3180 3610 δέκα
3208 3557 3425 3624 ἐξήκειν
3448 3554 3565 3623 ἐτη,
3592 3555 3681 3606 ἵνα
3708 3552 3879 3604 αὑτοῦ
3908 3553 4011 3617 τῆς

2426 3652 2665 3719 φωνῆςδθ
2713 3651 3030 3702 ἀκούσειαν.
3060 3647 3246 3709 Οὕτως
3276 3646 3569 3713 ἐπόθησαν.
3603 3646 3675 3696 Σὺ
3704 3644 3763 3695 δὲ
3796 3646 3871 3705 ὡς
3910 3644 4011 3710 μέι

2426 3742 2796 3803 κατέγνωσαν,
2815 3740 3015 3806 λέγεις,
3051 3740 3127 3800 ὡς
3152 3738 3209 3788 δέ
3238 3738 3612 3804 μετέγνωσαν,
3640 3736 3743 3787 οὐκ
3773 3735 4009 3803 ἐνθυμῇ.

2426 3836 2535 3885 Καὶ
2557 3834 2592 3885 ἃ
2626 3833 2724 3902 μὲν
2756 3834 2816 3883 ού
2837 3832 3061 3892 δικαίως
3090 3829 3424 3899 ἐψηφίσαντο
3441 3829 3487 3858 ⁸⁸
3507 3831 3626 3880 κατ’
3654 3829 4013 3897 ἀμφοτέρω-ι,

2427 3923 2603 3991 λέγεις
2624 3924 2689 3986 δι,
2724 3922 2758 3974 ἃ
2784 3922 2838 3973 δέ
2867 3921 3043 3992 ὀρθῶς
3070 3920 3490 3981 ἐϐουλεύσαντο,
3518 3920 3618 3987 οὐχ
3642 3921 3749 3986 ἡγῇ
3774 3920 3893 3980 τοῖς
3918 3920 4018 3988 μὲν

2427 4015 2749 4083 προαχθεῖσι
2790 4013 3119 4082 παραίτησιν
3139 4011 3238 4079 τῷ,
3279 4013 3336 4064 δὲ
3375 4010 3629 4079 ὰφεθέντι
3664 4012 3944 4079 μεγίστην
3966 4011 4017 4040 ⁸⁸

2432 4108 2615 4158 πίστιν
2661 4108 2761 4173 τῆς
2806 4107 3007 4175 ἀρετῆς
3056 4105 3223 4172 ἔχειν.
3278 4105 3388 4155 Καὶ
3431 4103 3505 4165 ὠς
3565 4103 3764 4164 ἔοικεν,
3807 4104 3861 4153 οἱ
3920 4104 4018 4170 μὲν

2431 4197 2797 4264 καταγνόντες
2828 4198 2983 4247 αὐτοὶ
3014 4195 3363 4263 μετέγνωσαν
3406 4195 3497 4245 καὶ
3530 4195 3631 4245 οὐκ
3669 4194 3899 4259 ἔμειναν
3930 4194 4018 4259 ἐφ’

2430 4283 2505 4342 ὧν
2528 4290 2771 4356 ἔγνωσαν
2806 4290 2863 4353 ἐξ
2892 4287 3088 4356 ἀρχῆς,
3137 4288 3201 4338 σὺ
3231 4286 3287 4337 δὲ
3318 4284 3507 4354 ὥσπερ
3545 4302 3597 4336 τι
3630 4284 3821 4354 κύριον
3851 4285 4016 4351 ἐγκέ-

2433 4382 2658 4449 κληκσς,
2708 4379 2801 4430 καὶ
2850 4379 2951 4429 οὐκ
3004 4378 3243 4445 ἠξίωσας
3276 4375 3450 4445 ταύτῃ
3505 4374 3853 4443 μιμήσασθαι
3887 4377 4018 4435 τοὺς

749 4484 999 4537 absolvas
1029 4500 1041 4535 :
1074 4497 1259 4535 vermn
1285 4482 1327 4534 si
1363 4479 1492 4547 quid
1525 4479 1774 4532 acerbius
1800 4479 1897 4546 ipsi
1926 4477 2190 4540 fecerunt,
2225 4479 2308 4530 hoc

2446 4471 2762 4539 Ἀθηναίους
2784 4510 2797 4532 ,
2834 4473 2992 4537 ἀφεὶς
3023 4470 3113 4520 τὸν
3141 4470 3310 4535 ἄνδρα
3347 4468 3447 4535 τῆς
3476 4469 3677 4531 αἰτίας,
3713 4466 3832 4518 ἀλλ’
3858 4466 3888 4518 δ
3918 4470 4018 4535 μὲν

750 4577 1003 4638 imitaris,
1044 4574 1250 4626 omittis
1289 4572 1517 4636 reliqua,
1562 4570 1736 4635 Quid?
1775 4585 1884 4638 quo
1935 4569 2103 4621 multo
2158 4571 2328 4634 majus

749 4675 833 4719 est
894 4674 948 4717 et
1010 4662 1295 4729 gloriosius
1356 4658 1549 4729 42θὸ
1608 4658 1843 4726 ejectum
1898 4657 2091 4716 redire,
2166 4672 2328 4724 quam

753 4771 972 4823 prorsus
1004 4770 1108 4805 non
1142 4753 1287 4818 ejici.
1334 4750 1471 4803 Nam
1523 4762 1570 4803 ut
1606 4752 1706 4801 hoc
1742 4751 1904 4802 etiam
1928 4748 2155 4801 cuilibet
2200 4764 2334 4800 eon-

754 4845 932 4914 tingit,
982 4844 1053 4895 ita
1100 4843 1230 4895 illud
1272 4856 1377 4895 nun
1435 4850 1555 4892 erat
1606 4840 1866 4890 omnium.
1904 4838 2077 4904 Atque
2123 4846 2181 4889 ut
2232 4837 2335 4890 huc

753 4934 983 4989 fortuna:
1038 4931 1160 4999 quis
1222 4929 1487 4997 potuisset
1540 4927 1796 4986 tribuere,
1864 4923 1933 4975 ita
1968 4923 2068 4975 nisi
2114 4923 2336 4990 reliquis

760 5023 1108 5085 praestantior
1140 5020 1357 5073 habitus
1386 5017 1599 5077 fuiSSet,
1631 5014 1758 5068 illud
1792 5014 1842 5066 ei
1869 5028 1971 5065 non
1996 5013 2334 5080 contigisset.

760 5118 827 5175 Ut
855 5117 997 5170 enim
1030 5115 1153 5182 quis
1182 5112 1431 5179 ejiciatur
1459 5119 1551 5161 ant
1579 5107 1793 5161 exsulet
1824 5108 2021 5158 invidia
2065 5105 2213 5167 facit,
2252 5105 2333 5159 vel

758 5209 902 5264 aliud
929 5206 1137 5271 simile;
1171 5214 1230 5258 ut
1267 5212 1391 5255 ante
1425 5212 1637 5268 tempus
1672 5208 1976 5258 revocetur,
2015 5198 2146 5250 nihil
2190 5213 2328 5265 prae-

761 5313 841 5355 ter
867 5302 1118 5354 virtutem
1145 5294 1330 5359 elIicit,
1360 5302 1580 5363 pmpter
1600 5306 1762 5359 quam
1797 5290 1944 5343 illum
1970 5300 2023 5342 et
2054 5289 2329 5342 absentem

2432 4561 2499 4634 ἦν
2533 4562 2911 4632 χαλεπώτερον
2941 4560 3119 4612 αὐτῶν
3143 4560 3423 4627 ἐμιμήσω,
3459 4560 3522 4610 τὸ
3557 4559 3615 4609 δέ
3660 4558 3850 4609 λοιπὸν
3898 4560 4016 4609 εἶα-

2437 4672 2557 4715 σας.
2596 4654 2702 4704 Καὶ
2732 4652 2836 4719 μὴν
2854 4652 2899 4682 ⁸⁸
2931 4636 3065 4702 πολὺ
3099 4651 3282 4717 μεῖζον
3312 4650 3404 4699 καὶ⁵
3440 4647 3657 4700 κάλλιον
3698 4649 3779 4709 είς
3809 4648 4016 4717 ἀρετῆς

2437 4745 2598 4809 λόγον
2650 4741 2952 4793 ἐκπεσόντα
2997 4738 3279 4791 κατελθεῖν
3324 4737 3357 4807 ἢ
3407 4738 3480 4806 μὴ
3513 4739 3706 4803 φυγεῖν
3735 4737 3896 4798 ὅλως.
3945 4739 4017 4788 Τὸ

2444 4836 2541 4901 μὲν
2576 4834 2685 4901 γὰρ
2707 4835 2801 4883 καὶ
2834 4834 2949 4891 τοῖς
2974 4828 3227 4897 τυχοῦσιν
3259 4828 3494 4895 ὑπάρχει
3526 4826 3589 4894 δή
3622 4843 3747 4889 που,
3776 4826 3940 4878 τοῦτο
3961 4828 4016 4878 δὲ

2433 4926 2495 4976 ού
2527 4923 2668 4975 κατὰ
2698 4922 2824 4983 τοὺς
2878 4920 3106 4981 πολλοὺς
3144 4920 3347 4987 ἄνδρας
3391 4914 3494 4987 ἦν·
3547 4920 3767 4970 κάκεῖνο
3811 4918 3914 4987 μὲν
3950 4918 4017 4970 ἂν

2434 5018 2499 5085 τῇ
2552 5014 2689 5083 τύχῃ
2729 5029 2815 5075 τις
2866 5007 2977 5080 εἶχε
3008 5010 3317 5075 λογίζεσθαι
3336 5008 3402 5072 ⁸⁸,
3433 5009 3592 5061 τοῦτο
3628 5010 3685 5061 δέ
3715 5008 3794 5076 τῷ
3832 5011 4019 5077 κρείτ-

2436 5123 2564 5158 τονα
2591 5104 2623 5173 ἢ
2656 5104 2799 5156 κατὰ
2826 5104 2953 5165 τοὺς
2972 5102 3161 5163 ἄλλους
3187 5102 3315 5153 ὅντα
3340 5100 3764 5168 γιγνώσκεσθαι.
3781 5100 3889 5152 Τοῦ
3919 5101 4019 5168 μὲν

2436 5201 2545 5266 γὰρ
2578 5198 2833 5248 ἐκπεσεῖν
2866 5195 2962 5247 καὶ
2993 5194 3217 5260 φεύγειν
3241 5192 3435 5259 φθόνος
3458 5193 3630 5254 αἴτιος
3658 5192 3756 5245 καὶ
3781 5193 3927 5261 τάχα
3952 5193 4019 5245 ἄν

2442 5305 2492 5340 τι
2524 5289 2617 5339 καὶ
2644 5288 2772 5339 ἄλλο
2806 5284 3019 5338 τοιοῦτο
3033 5286 3077 5315 ⁸⁸
3128 5284 3325 5353 φανείη
3354 5322 3369 5348 ,
3402 5284 3502 5353 τῆς
3537 5283 3594 5335 δὲ
3621 5283 3728 5353 πρὸ
3765 5282 3863 5335 τοῦ
3891 5283 4021 5353 χρόα

2073 5441 2305 5496 ἾΑΗΙᾹΞ
2345 5441 2635 5496 LECTION
2645 5442 2747 5495 ES.

828 5573 875 5605 “
909 5571 1087 5624 πλέων
1106 5571 1172 5624 Δ.
1246 5567 1289 5599 ⁸⁸
1332 5565 1491 5633 λόγον
1511 5579 1619 5618 om.
1660 5565 1724 5616 A.
1800 5563 1846 5594 "
1874 5560 1908 5630 ἢ
1942 5575 2058 5633 om.
2084 5558 2149 5633 A.
2225 5560 2349 5633 "si
2398 5559 2528 5633 γὰρ]
2557 5557 2886 5633 p._25l.““
2910 5557 3007 5633 καὶ
3030 5553 3534 5633 ούτωιπλανήᾷσεται
3563 5572 3684 5633 οῑιι.Δ
3706 5556 3774 5610 Δ.
3823 5556 4022 5633 licet":

764 5643 1079 5710 πράγματος
1103 5668 1170 5680 ·-
1201 5627 1682 5701 κατεσυλλογίσατο
1705 5635 1756 5685 itt
1801 5627 1907 5699 mg.
1941 5632 2088 5697 ponit
2117 5629 2181 5682 Α.
2259 5631 2303 5662 ⁵⁸
2332 5627 2624 5698 τοιούτους]
2659 5645 2709 5695 p.
2733 5627 2859 5681 261.

764 5712 898 5763 ἐτῶν
924 5726 1031 5764 om.
1067 5710 1133 5761 A.
1208 5708 1253 5738 "
1280 5708 1380 5767 τὴν
1410 5704 1595 5767 φωνὴν
1624 5704 1687 5756 Α.
1782 5701 1825 5731 ⁶⁰
1857 5701 2291 5767 κατεψηφίσαντο
2318 5718 2377 5763 ς.
2455 5701 2497 5731 ⁶¹
2528 5697 2726 5767 λέγεις]
2763 5698 2859 5751 λοιὲ

1208 5708 1253 5738 ⁵⁹
1280 5708 1380 5772 τὴν
1410 5704 1595 5774 φωνὴν
1624 5704 1687 5756 Α.

1607 5774 1650 5804 ⁶⁸
1681 5769 1886 5823 τοιοῦτο
1914 5787 2019 5825 Olli.
2048 5772 2109 5821 A.

761 5712 898 5763 ἐτῶν
924 5726 1031 5764 om.
1067 5710 1133 5761 A.

765 5797 817 5848 p.
850 5781 976 5833 ib".
1054 5780 1099 5809 "
1123 5775 1437 5841 λογίσασθαι
1470 5790 1528 5837 ς.

2963 5628 3007 5658 ⁸⁷
3042 5626 3106 5694 νὴ
3138 5626 3235 5676 Δία
3271 5627 3346 5694 (p.
3368 5625 3495 5693 265)
3518 5642 3629 5681 om.
3660 5627 3725 5679 Α.
3822 5625 3871 5657 ⁸³
3896 5627 4025 5678 δέκα

2455 5701 2497 5731 ⁶¹
2528 5695 2726 5769 λέγεις]
2763 5698 3002 5768 λοιδορηῖ
3047 5697 3111 5749 Α.
3191 5697 3235 5727 ⁶¹
3260 5698 3503 5766 μεγάλην
3534 5698 3597 5749 Α.
3675 5696 3723 5728 ⁵⁸
3750 5695 3847 5749 καὶ
3899 5698 4024 5765 μὴν]
