4216 6430
268 438 399 501 1541

1293 432 1883 493 BIBLIOTIIECA.—
1904 429 2064 487 COD.
2096 427 2450 489 CCXLVIII.

3374 427 3510 493 1542

262 567 357 598 νου
416 546 654 612 κλήσεως
708 543 802 595 καὶ
847 540 1242 610 παρακλήσεως
1286 541 1441 593 οὐδέν
1494 541 1606 593 ἐσθ’
1648 539 1909 607 ἓτερονΑ

1862 539 1909 596 Α
1938 543 2064 587 sunt
2088 536 2326 599 reveriti,
2358 544 2433 599 et,
2456 542 2517 587 ut
2542 534 2779 596 adesset,
2808 548 2839 587 e
2870 547 2927 588 re
2956 548 3051 588 sua
3082 534 3199 588 fore
3223 535 3506 589 existima-

264 638 404 705 πλὴν
437 638 533 704 τῆς
558 635 761 702 ἀρετῆς
792 631 1089 693 αίτιᾶσθαι,
1115 633 1181 683 δι’
1205 634 1269 699 ἦν
1298 634 1391 683 καὶ
1424 633 1629 683 ἀπόντα
1661 631 1833 699 ῂσχὺ-

261 745 415 777 νοντο
457 726 551 776 καὶ
584 724 895 792 παρεῖναι⁸⁶
943 722 1242 773 λυσιτελεῖν
1285 724 1466 783 αὐτοῖς
1504 721 1827 789 ὑπελάμϐα-

263 834 374 877 νον,
423 816 516 865 καὶ
558 815 616 864 τὸ
655 815 927 881 μέγιστον,
984 814 1131 879 σφῶν
1172 813 1351 865 αὐτῶν
1400 811 1834 877 καταγινώσκειν

267 903 471 969 μᾶλλον
497 902 677 969 ἠξίουν
703 903 731 968 ἢ
767 901 995 954 ἐκείνου.
1026 902 1183 953 Ὥστε
1211 904 1257 951 εί
1292 902 1390 968 μὲν
1417 902 1575 953 αὑτὸν
1601 900 1683 967 ἐφ’
1708 902 1834 952 ἐαυ-

266 995 359 1045 τοῦ
402 994 483 1044 δεῖ
514 996 756 1053 σκοπεῖν,
785 992 833 1042 τί
873 994 953 1044 δεῖ
982 992 1174 1056 λέγειν,
1210 992 1366 1054 εἴτις
1396 993 1473 1052 εἰς
1500 992 1707 1042 ἐκεῖνον
1740 990 1831 1052 ἐξ.

265 1089 546 1152 ήμαρτεν;
584 1086 630 1135 εἰ
670 1084 726 1135 δὲ
761 1084 863 1133 ἀπὸ
892 1082 1000 1134 τῶν
1030 1083 1203 1134 ἄλλων
1242 1082 1404 1134 αὑτὸν
1434 1082 1513 1133 δεῖ
1540 1081 1833 1150 Θεωρῆσαι,

270 1172 634 1240 διαφῑρόντως
666 1166 816 1234 οὗτος
835 1172 878 1203 ⁸⁷
911 1171 1160 1240 τιμηθεὶς
1193 1171 1459 1239 φαίνεται.
1502 1170 1660 1222 ’Λλλά
1685 1170 1729 1201 ⁸⁸
1762 1170 1835 1239 μή

270 1281 360 1318 στω
382 1266 554 1318 ταῦτα
575 1281 587 1293 '
616 1265 812 1316 αὐτίκα
840 1264 945 1331 γὰρ
977 1264 1175 1331 μᾶλλον
1205 1265 1334 1325 ἴσως
1362 1263 1613 1331 ἁρμόσει.

345 1379 578 1446 ΙἸΙγουν
610 1379 665 1427 ἐν
698 1380 759 1442 τῇ
796 1378 947 1443 κοινῇ
985 1376 1298 1446 ἀπολογίᾳ.]

321 1470 449 1541 [695
488 1466 577 1535 ΙΙ.]
610 1467 778 1532 Ὑπὲρ
817 1465 1137 1519 Μιλτιάδου
1162 1467 1227 1517 ⁸⁸.
1255 1498 1321 1507 —-
1350 1466 1417 1520 Τὸ
1455 1467 1787 1533 Προοίμιον.

343 1557 661 1626 Περιήκει⁷⁰
688 1557 731 1607 δ’
768 1559 896 1624 ἡμῖν
942 1558 968 1608 ὁ
1010 1556 1165 1622 λόγος
1204 1559 1281 1618 είς
1314 1556 1474 1609 αὑτὸν
1498 1557 1587 1608 τὸν
1612 1556 1838 1609 Μιλτιά-

265 1651 387 1715 δην,
415 1650 473 1700 ὃν
506 1647 617 1713 ἐγὼ
668 1648 868 1713 μᾶλλον
899 1649 1254 1715 αἰσχυνοίμην
1295 1648 1534 1699 ἐπαινῶν
1568 1648 1599 1716 ἢ
1633 1648 1835 1715 ψέγωψ

264 1741 412 1792 οὕτω
445 1756 534 1803 μοι
558 1738 697 1790 δοκῶ
724 1737 899 1789 πάντα
928 1738 993 1789 ἂν
1020 1738 1241 1788 ἔλαττον
1270 1740 1445 1789 εἰπεῖν
1482 1738 1513 1805 ἢ
1550 1737 1836 1806 βούλομαι.

1941 636 2085 689 runt,
2115 626 2366 694 quodque
2390 635 2472 677 est
2490 626 2729 677 omnium
2755 627 3070 687 maximum,
3095 626 3305 693 scipsos
3331 628 3509 693 potius

1937 730 2099 781 quam
2132 715 2277 767 illum
2308 714 2673 767 condemnare
2711 715 3034 767 maluerunt.
3065 714 3242 779 Quare
3271 716 3386 769 sive
3412 730 3509 782 per

1938 817 1994 855 se
2022 804 2103 853 vir
2137 811 2219 853 est
2261 800 2709 858 considerandus,
2756 814 2872 860 cur,
2914 800 2957 851 si
2989 800 3114 865 quid
3143 800 3195 852 in
3225 812 3351 853 eum
3384 800 3510 867 quis

1938 893 2202 959 peccavit,
2254 888 2639 943 recensemus?
2678 888 2789 940 sive
2834 904 2897 940 ex
2950 889 3089 951 aliis,
3140 888 3407 940 maximos
3456 890 3507 939 in

1939 999 2059 1035 cum
2089 983 2324 1036 honores
2357 981 2585 1034 collatos
2630 980 2894 1032 videmus.
2947 978 3052 1031 Sed
3091 980 3329 1033 nondum
3359 979 3509 1044 lucc;

1941 1090 2060 1126 mox
2092 1074 2236 1126 enim
2266 1073 2438 1141 magis
2461 1080 2617 1125 erunt
2656 1069 2797 1124 forte
2824 1084 3083 1136 congrua.

2012 1375 2257 1446 [Scilicet
2294 1376 2345 1428 in
2371 1377 2641 1428 communi
2674 1376 3037 1447 defensione,

2294 1465 2372 1518 De
2404 1466 2667 1518 Jliltiade.
2709 1498 2777 1506 -—-
2815 1465 3157 1522 Prooemium.

2012 1554 2160 1608 Ntnic
2185 1564 2362 1609 autem
2390 1558 2455 1607 ad
2487 1555 2778 1609 Miltiadem
2805 1558 2955 1609 nobis
2980 1559 3117 1610 redit
3139 1559 3331 1616 oratio.
3353 1576 3513 1628 quem

1939 1660 2040 1712 ego
2080 1644 2301 1695 laudare
2346 1644 2526 1709 potius
2556 1648 2820 1697 erubesco
2859 1660 3019 1711 quam
3076 1648 3511 1711 reprehendere:

1942 1732 2011 1784 ita
2040 1734 2225 1786 videor
2245 1734 2425 1785 omnia
2450 1734 2657 1784 minora
2684 1748 2845 1800 quam
2872 1735 3083 1801 cupiam
3110 1735 3354 1788 dicturus
3372 1752 3511 1788 esse.

265 1829 627 1896 Μιλτιάδης⁷¹
660 1828 715 1879 δὲ
749 1829 911 1879 πάλαι
960 1827 1116 1897 [ίῖ81
1155 1826 1245 1897 ιι.]
1276 1828 1552 1889 πεπεικὼς
1575 1824 1641 1896 ἦν
1678 1828 1836 1895 Ἀθη-
1867 1869 1907 1922 Β

1867 1869 1907 1922 Β
1943 1822 2212 1877 Miltiades
2248 1835 2425 1877 autem
2472 1823 2796 1891 jampridem
2859 1824 3113 1877 docuerat
3158 1826 3516 1879 Athenienses

266 1922 447 1983 ναίους
477 1920 677 1987 μηδένα
731 1918 999 1986 δεσπότην
1031 1918 1167 1985 πλὴν
1206 1918 1314 1968 τῶν
1354 1920 1532 1986 νόμων
1564 1918 1831 1987 ἡγεῖσθαι.

270 2010 405 2077 μηδὲ
434 2009 525 2060 τοῦ
561 2008 725 2059 καλοῦ
756 2006 851 2059 καὶ
875 2006 1081 2058 δικαίου
1119 2006 1322 2073 μηδένα
1357 2008 1590 2075 κρείττω
1617 2006 1836 2075 νομίσαι

266 2102 454 2169 φόϐον,
504 2101 622 2167 μηδ’
673 2099 844 2160 οὕτως
890 2100 1136 2167 ἀνάγκην
1170 2099 1396 2167 ἰσχυραν
1447 2098 1512 2149 δι’
1547 2098 1614 2167 ἣν
1665 2115 1837 2164 προσ-

265 2192 488 2259 ήκεινη
540 2190 790 2255 γενέσθαι
835 2189 1060 2257 χείροσι.
1114 2191 1213 2241 Διὰ
1280 2189 1455 2242 ταῦτα
1511 2188 1654 2259 εἶχεν
1707 2191 1734 2242 ὃ
1782 2209 1835 2242 τι

265 2281 445 2351 χρῷτο
489 2282 689 2341 αὐτοῖς.
758 2281 892 2331 ’Λλλ’
935 2281 1119 2350 ὥσπερ
1172 2282 1222 2333 oi
1276 2282 1513 2350 γεωργοὶ
1564 2283 1839 2351 πολλοστῷ

267 2374 403 2439 μηνὶ
452 2372 557 2423 τῶν
611 2373 941 2439 σπερμάτων
971 2372 1069 2441 τὴν
1102 2375 1443 2441 ἐπικαρπίαν
1498 2373 1835 2442 κομίζονται,

264 2466 361 2515 καὶ
407 2466 503 2530 οὐχ
563 2463 676 2528 ἆςια
719 2464 795 2531 τῷ
846 2463 1209 2525 καταϐαλεῖν,
1272 2465 1414 2516 οὖτιιι
1458 2466 1550 2515 καὶ
1599 2466 1839 2526 ἐκείνους

264 2552 565 2619 Μιλτιάδης
593 2552 849 2613 παλαιαῖς
882 2552 1193 2618 ὁμολογίαις
1220 2554 1564 2619 κατειληφὼς
1602 2551 1744 2622 εἶχεν
1782 2558 1839 2606 ἐν

267 2643 447 2710 καιρῷ
480 2642 779 2709 χρησίμους
808 2681 821 2703 ,
853 2644 952 2694 οὑκ
981 2644 1073 2694 ἐπὶ
1103 2644 1203 2709 τῆς
1232 2645 1418 2712 χρείας
1453 2646 1833 2714 λαμϐάνοντας

265 2734 336 2783 τὰ
387 2735 681 2800 μαθήματα
744 2734 1068 2801 (αἱσχρῶςτδ
1112 2736 1219 2804 γὰρ
1266 2736 1331 2788 ἂν
1380 2738 1522 2788 οότω
1567 2754 1630 2803 γε
1682 2741 1839 2807 χορὸς

266 2823 570 2888 ἠγωνίσατο
613 2822 859 2889 ebuli“),
908 2825 1022 2874 ἀλλ’
1051 2826 1141 2876 ἐπὶ
1184 2826 1281 2893 τῆς
1334 2826 1580 2890 ἐξουσίας
1613 2830 1692 2888 είς
1734 2832 1831 2891 τὴν

267 2912 459 2980 χρείαν
509 2913 872 2979 ἠσκημένους.
927 2914 1116 2963 Οἴου⁷⁵
1168 2916 1350 2967 τοίνυν
1405 2922 1497 2968 καὶ
1548 2919 1838 2969 Μιλτιάδου

268 3000 609 3067 προεστῶτος
678 3000 803 3061 τοὺς
867 3001 965 3068 μὲν
1025 3002 1099 3063 ὡς
1167 3004 1414 3057 πλεῖστον
1466 3008 1565 3073 τῆς
1629 3009 1839 3058 ἐκείνου

265 3092 548 3157 δυνάμεως

624 3090 965 3152 ἀπολαῦσαι,
1031 3094 1155 3154 τοὺς
1203 3096 1260 3146 δὲ
1328 3099 1541 3162 μέσως·
1595 3100 1696 3149 κάν
1766 3097 1841 3164 τῷ

1940 1916 2141 1967 nullum
2174 1924 2370 1981 prmter
2400 1915 2543 1984 leges
2572 1932 2865 1984 agnoscere
2901 1919 3200 1979 dominum,
3234 1933 3332 1971 nec
3369 1917 3516 1984 justo

1937 2016 1991 2059 et
2018 2006 2219 2075 injusto
2249 2006 2513 2073 potiorem
2552 2008 2751 2061 habere
2791 2024 3116 2077 quemquam
3152 2020 3380 2072 metum,
3416 2023 3517 2060 nec

1941 2103 2048 2145 tam
2078 2094 2341 2147 valentem
2374 2096 2749 2147 necessitatem
2780 2108 2993 2161 propter
3030 2111 3190 2162 quam
3220 2096 3519 2149 deteriores

1939 2184 2149 2238 ﬁerent.
2184 2184 2503 2255 Perjnstum
2534 2202 2662 2240 vero
2692 2198 2746 2240 et
2776 2187 3027 2255 injustum
3050 2188 3154 2240 illis
3178 2188 3252 2238 uti
3285 2195 3515 2252 poterat.

1940 2276 2042 2331 Sed
2069 2280 2523 2347 quemadmodum
2548 2280 2798 2345 agricola:
2832 2279 3035 2346 aliquot
3065 2289 3185 2346 post
3211 2279 3513 2341 mensibus,

1940 2384 2044 2421 non
2094 2384 2220 2421 mox
2253 2380 2371 2437 post
2404 2380 2724 2434 sementem,
2760 2386 2985 2423 messem
3017 2369 3239 2433 faciunt,
3272 2378 3325 2421 et
3356 2368 3516 2422 simul

1939 2460 2117 2513 omnia
2154 2476 2260 2513 non
2292 2462 2519 2523 faciunt.
2570 2463 2641 2514 ita
2689 2461 2954 2515 Miltiades
2996 2463 3084 2513 illo
3118 2477 3333 2530 quoque
3377 2464 3517 2512 anti-

1946 2551 2070 2617 quis
2102 2552 2276 2617 pactis
2302 2566 2426 2604 suos
2455 2566 2578 2604 cum
2631 2550 2867 2615 fecisset,
2924 2551 3151 2603 habebat
3192 2552 3241 2605 iu
3275 2561 3519 2620 tempore

1940 2650 2179 2707 paratos,
2219 2644 2307 2710 qui
2343 2658 2445 2695 non
2489 2642 2541 2695 in
2588 2643 2912 2696 necessitate
2951 2658 3169 2710 operam
3216 2644 3517 2711 disciplinis

1940 2727 2132 2782 darent
2166 2730 2421 2799 (turpiter
2451 2731 2594 2783 enim
2637 2732 2721 2783 hic
2749 2747 2811 2785 se
2844 2734 3096 2801 ge~sisset
3131 2730 3376 2801 chorus).
3424 2732 3517 2783 sed

1942 2832 2036 2882 per
2072 2821 2241 2872 otium
2276 2837 2335 2875 se
2369 2823 2432 2874 ad
2474 2823 2856 2897 necessitatem
2898 2833 3328 2891 comparassent.
3370 2822 3517 2887 Qua-

1942 2919 2159 2974 propter
2187 2911 2350 2963 etiam
2382 2914 2481 2966 sub
2514 2913 2753 2965 Miltiade
2793 2929 2928 2980 pone
2966 2914 3102 2967 alios
3134 2916 3420 2982 plurimum
3450 2929 3517 2967 ex

1944 2996 2083 3051 illius
2108 3003 2358 3056 facultate
2396 3007 2727 3073 percepisse.
2771 3006 2905 3059 alios
2949 3007 3313 3066 mediocriter,
3356 3017 3517 3071 atque

1945 3100 1997 3151 in
2055 3099 2159 3151 hoc
2211 3098 2629 3150 vicissitudinem
2665 3097 2866 3150 colloca
2908 3116 2919 3151 :
2958 3113 3077 3148 nam
3109 3108 3162 3149 et
3212 3100 3262 3149 in
3320 3098 3517 3165 popqu

271 3180 422 3247 μέσῳ
465 3181 523 3230 τὸ
566 3178 847 3248 παραλλὰξ
894 3176 959 3231 αὖ
1003 3180 1159 3235 τίθει.
1198 3183 1413 3235 Γένοιτο
1454 3186 1496 3236 δ’
1525 3185 1588 3237 ἄν
1642 3203 1724 3246 τις
1781 3187 1837 3235 ἐν
1866 3198 1908 3253 (ς

1866 3198 1908 3253 c
1942 3187 2206 3256 quispiam
2247 3200 2407 3239 aures
2445 3186 2603 3237 habet
2646 3186 2940 3239 surdiores.
2997 3184 3176 3249 Quid?
3223 3186 3362 3252 quoii
3417 3201 3515 3239 nec

266 3270 461 3338 πλήθει
494 3271 585 3321 καὶ
624 3272 750 3339 περὶ
802 3265 914 3322 ὦτα
962 3272 1357 3342 ἀτυχέστερος·
1394 3275 1454 3327 οὗ
1494 3294 1574 3327 τοι
1626 3278 1831 3339 πάντας

264 3362 375 3412 οὐδ’
433 3364 459 3411 ὁ
497 3363 648 3428 ἣλιος
699 3355 809 3424 οἶός
854 3362 912 3412 τέ
964 3365 1077 3413 ἐστι
1105 3364 1437 3431 θερμαίνειν,
1473 3366 1583 3419 ἀλλ’
1611 3368 1709 3434 ἥδη
1754 3385 1835 3429 τις

266 3455 326 3499 ἐν
370 3450 593 3516 καθαρῷ
623 3451 718 3514 τῆς
768 3450 1113 3518 μεσημϐρίας
1166 3453 1467 3521 ὲρῤίγωσε,
1524 3455 1621 3523 τῆς
1670 3472 1838 3507 κατα-

266 3544 431 3608 ϐολῆς
496 3542 849 3608 ἐπελθούσης.
890 3542 1028 3591 Ἀλλ’
1092 3545 1364 3606 ὲκεῖνος⁷⁶
1420 3547 1447 3596 ό
1493 3547 1682 3614 καιρὸς
1732 3548 1837 3599 ὦσε

269 3650 376 3699 περ
412 3631 585 3699 κῆρυξ
627 3632 812 3681 ἐκάλει
870 3631 977 3680 τῶν
1020 3632 1286 3700 Ἑλλήνων
1338 3636 1428 3685 τὸν
1464 3636 1836 3704 ἀνδρειότατον

270 3725 369 3775 καὶ
424 3726 515 3773 τὸν
569 3727 632 3774 ὲκ
674 3724 925 3775 πλείστου
956 3728 1066 3785 τοῖς
1121 3725 1362 3793 ἀρίστοις
1392 3727 1667 3794 λογισμοῖς
1698 3730 1836 3793 ὡμι-

266 3816 497 3882 ληκότα,
534 3816 624 3864 καὶ
669 3815 815 3875 ὅστις
844 3812 981 3865 οἶδεν
1009 3817 1152 3876 ὅπως
1184 3816 1263 3867 δεῖ
1304 3816 1493 3879 σώζειν
1524 3834 1580 3868 τε
1612 3818 1703 3868 καὶ
1729 3817 1834 3868 σώ-

265 3906 477 3969 ζεσθαι.
510 3906 569 3955 Εἰ
594 3906 637 3955 δ’
663 3905 706 3933 ⁷⁷
734 3906 826 3955 ἀπ’
852 3905 1030 3956 αὐτῶν
1056 3906 1097 3935 ⁷⁸
1128 3906 1234 3957 τῶν
1259 3910 1515 3975 κηρύκων
1542 3909 1836 3976 ἀρξάμενοι

264 3998 481 4061 καὶτῆς
510 3998 853 4064 ἀποκρίσεως
893 3998 1262 4065 προηγόρευον
1308 4000 1605 4066 Ἀθηναίοις
1642 4000 1722 4051 ὅτι
1756 4000 1838 4051 δεῖ

266 4088 499 4153 μελετᾷν
547 4086 638 4137 τὸν
691 4088 829 4155 ὑπὲρ
889 4089 989 4154 τῆς
1045 4089 1151 4139 τῶν
1207 4090 1471 4158 Ἐλλήνων
1526 4091 1834 4159 ἐλευθερίας

261 4180 455 4243 ἀγῶνα
489 4181 580 4228 καὶ
623 4180 694 4247 μὴ
739 4179 914 4231 λιπεῖν
942 4182 1038 4246 τὴν
1062 4181 1152 4232 τοῦ
1197 4184 1541 4251 φρονήματος
1569 4184 1718 4246 τάξιν
1744 4186 1836 4235 καὶ

260 4264 327 4313 οὐ
377 4266 442 4315 τιὰ
466 4266 508 4295 ⁷⁹
542 4264 680 4315 ὅπλα
724 4266 983 4334 ῥίψαντας
1020 4268 1139 4318 οὐδὲ
1189 4272 1300 4329 τοῖς
1332 4270 1516 4336 φόϐοις
1553 4270 1831 4335 εἴξαντας,

260 4353 381 4403 ἀλλ’
418 4354 782 4414 ἀναλαϐόντας
812 4355 879 4406 τὰ
912 4358 1048 4409 ὅπλα
1079 4361 1168 4409 καὶ
1216 4361 1318 4409 τῶν
1350 4361 1525 4424 φόϐων
1555 4362 1834 4428 κρείττους

260 4447 615 4510 γενομένους,
651 4448 848 4515 μᾶλλον
886 4449 939 4499 δὲ
971 4450 1065 4501 ἕνα
1112 4451 1298 4502 τοῦτον
1346 4452 1507 4517 φόϐον
1536 4454 1627 4503 καὶ
1660 4452 1832 4504 δεινὸν

1942 3280 2021 3333 sol
2059 3279 2277 3347 quidem
2321 3292 2510 3331 omnes
2546 3286 2724 3344 potest
2765 3274 3083 3337 calefacere,
3130 3288 3290 3344 atque
3323 3276 3517 3343 aliquis

1942 3370 2169 3423 meridie
2222 3384 2413 3423 serena
2460 3367 2558 3420 sub
2602 3369 2966 3420 accessionem
3018 3367 3182 3420 febris
3229 3369 3516 3435 aliquando

1940 3460 2124 3526 riguit.
2166 3457 2359 3511 Verum
2392 3460 2505 3509 huic
2552 3470 2636 3509 res
2661 3457 2832 3509 instar
2882 3457 3143 3524 praeconis
3189 3456 3515 3511 fortissimos

1938 3564 2182 3619 quosque
2206 3548 2513 3603 Graecorum
2546 3548 2830 3608 evocabat,
2862 3557 2913 3600 et
2947 3548 3035 3615 qui
3065 3550 3263 3601 dudum
3294 3552 3513 3615 optimis

1938 3639 2181 3691 consiliis
2208 3650 2333 3691 ante
2371 3636 2532 3706 427
2560 3654 2589 3687 a
2623 3636 2937 3697 valuissent,
2986 3650 3049 3688 ac
3088 3638 3356 3703 quomodo
3394 3654 3515 3691 ser-

1937 3742 2066 3780 vare
2096 3727 2408 3793 servarique
2437 3727 2714 3785 deberent,
2748 3727 2967 3778 scirent.
3000 3724 3092 3778 Sin
3126 3728 3193 3778 ab
3221 3728 3347 3793 ipsis
3380 3742 3513 3795 prm-

1936 3817 2161 3871 couibus
2189 3832 2253 3870 ac
2291 3832 2547 3886 responso
2593 3816 2773 3870 exorsi
2818 3816 3166 3883 iniunxerunt
3213 3818 3514 3872 Athenien-

1937 3909 2086 3962 sibus
2119 3917 2175 3961 ut
2208 3920 2481 3963 certamen
2512 3925 2608 3978 pro
2646 3910 2957 3963 Gracorum
2991 3909 3238 3963 libertate
3281 3911 3515 3964 medita-

1938 4009 2147 4061 rentur,
2176 4014 2274 4053 nec
2292 4000 2517 4067 gloriam
2537 4016 2691 4054 suam
2720 4001 3062 4068 projiccrent,
3092 4016 3264 4068 neque
3289 4002 3513 4069 ahjeCtis

1938 4093 2108 4143 armis
2138 4094 2300 4145 metui
2334 4092 2591 4146 cederent
2624 4130 2637 4143 .
2676 4106 2860 4144 verum
2894 4093 2959 4143 iis
2989 4092 3281 4160 resumptis
3312 4102 3513 4144 metum

1939 4186 2257 4253 abjicerent,
2290 4199 2451 4254 atq-ie
2482 4187 2582 4239 hoe
2614 4188 2791 4253 potius
2827 4186 3145 4252 gravissime
3188 4192 3512 4245 metuerent,

1938 4291 2004 4329 ne
2027 4276 2389 4329 deterioribus
2415 4291 2513 4330 nec
2562 4276 2718 4328 avita:
2744 4275 2985 4341 dignitati
3013 4276 3296 4332 cederent;
3329 4274 3372 4325 si
3412 4275 3516 4327 hoc

1937 4381 2029 4419 eos
2064 4366 2222 4420 modo
2245 4370 2308 4419 ad
2339 4382 2626 4419 commune
2666 4369 2730 4419 ile
2764 4380 2970 4417 summa
3013 4379 3191 4416 rerum
3235 4374 3511 4415 certamen

1937 4470 2225 4508 occurrere
2272 4457 2578 4517 voluerunt,
2615 4467 2668 4509 et
2704 4462 2950 4507 eventum
2991 4464 3327 4519 exspectare,
3360 4451 3512 4517 quasi

259 4534 359 4582 καὶ
404 4534 675 4601 ἀξόρητον
722 4538 1077 4603 νομίσαντας,
1129 4537 1267 4603 εἶξαι
1313 4544 1423 4601 τοῖς
1481 4542 1687 4611 χείροσι
1741 4544 1833 4595 καὶ
1867 4528 1908 4580 ί)

1867 4528 1908 4580 ί)
1942 4543 1993 4594 in
2026 4554 2308 4609 utramque
2342 4552 2547 4609 partem
2587 4544 2769 4595 felices
2798 4558 2950 4609 reque
2982 4551 3167 4595 essent
3194 4542 3381 4601 futuri,
3408 4555 3511 4591 non

260 4625 665 4692 παραχωρῆσαι
697 4629 793 4678 τοῦ
840 4631 1069 4697 πατρίου
1122 4633 1435 4699 σχήματος,
1470 4637 1517 4684 εἰ
1548 4634 1716 4685 ταῦτα
1749 4634 1835 4685 λέ-

259 4720 457 4776 γοντας
492 4714 582 4763 καὶ
617 4714 757 4767 οὕτω
785 4721 1335 4788 παρεσκευασμένους
1370 4723 1554 4789 ἠξίουν
1592 4726 1837 4792 ἀπαντᾷν

261 4803 358 4850 ἐπὶ
386 4804 483 4865 τὴν
524 4803 703 4871 κρίσιν
734 4806 830 4874 τὴν
868 4810 994 4875 περ).
1021 4810 1128 4860 τῶν
1158 4812 1294 4863 ὅλων
1321 4814 1415 4864 καὶ
1438 4812 1685 4881 δέχεσθαι
1708 4813 1753 4845 ⁸⁰
1777 4816 1837 4868 τὸ

259 4890 631 4959 ἐκϐησόμενον
654 4895 727 4956 ὡς
761 4898 845 4947 ἐπ’
876 4900 1159 4967 ἀμφότερα
1188 4903 1389 4971 ὁμοίως
1416 4906 1831 4973 κερδανοῦντας,

257 4981 360 5048 οὐχ
406 4984 513 5049 όρώ
564 4986 685 5039 τίνα
732 4990 883 5041 ταῦτ’
919 4992 1031 5059 ἔχει
1078 4993 1349 5045 διακονίαν
1379 4996 1610 5065 ἀγεννῆ,
1644 4998 1675 5062 ἢ
1717 4998 1832 5058 πῶς

259 5074 404 5121 ἔοικε
439 5076 548 5133 τοῖς
595 5075 684 5126 τοῦ
738 5079 1080 5149 κυϐερνήτου·
1108 5083 1406 5150 λογισμοῖς.
1464 5087 1623 5155 Ὁρᾷς
1648 5085 1689 5116 ⁸³
1724 5088 1831 5153 ὅσῳ

258 5162 352 5211 τὸν
399 5165 735 5235 κυϐερνήτην
778 5174 1138 5241 παρελήλυθε.
1179 5177 1287 5228 Καὶ
1327 5179 1434 5246 γάρ
1467 5196 1545 5230 τοι
1579 5180 1690 5231 ὅσοι
1733 5181 1830 5245 μὲν

257 5254 406 5303 τουτ’
440 5257 766 5327 ἐπείσθησαν
788 5264 956 5332 αὐτῷ,
990 5271 1175 5334 σεμνοὶ
1202 5272 1415 5337 σεμνῶς
1444 5275 1670 5335 κεῖνται,
1701 5274 1831 5325 κάλ-

259 5344 417 5396 λιστα
441 5346 503 5416 δὴ
537 5348 752 5401 πάντων
795 5352 1060 5423 Ἑλλήνων
1092 5359 1493 5423 καταλύσαντες
1524 5362 1612 5413 τὸν
1639 5361 1827 5424 αἰῶνα,

1936 4632 2089 4685 video
2148 4635 2274 4700 quid
2326 4636 2374 4685 in
2428 4635 2528 4685 hac
2580 4651 2635 4687 re
2690 4634 2849 4685 luerit
2898 4632 3015 4685 vilis
3063 4630 3369 4692 ministerii,
3418 4638 3514 4681 aut

1935 4724 2202 4789 quomodo
2258 4726 2369 4777 haec
2409 4725 2789 4791 gulu-matoris
2842 4723 2951 4777 sint
3000 4721 3227 4775 consilio
3273 4719 3512 4772 similia?

1938 4812 2097 4867 Vides
2122 4814 2283 4883 igitur
2305 4831 2507 4882 qnaiito
2527 4826 2744 4883 superet
2765 4814 3175 4882 gubernatorem
3203 4810 3507 4864 intervallo.

1932 4906 2108 4973 Atque
2152 4907 2185 4959 ii
2221 4907 2438 4974 quidem
2482 4917 2744 4974 quotquot
2778 4906 2898 4958 huic
2932 4912 3248 4971 Paruerunt,
3291 4916 3512 4969 magna-

1940 4995 2069 5048 nimi
2104 4996 2386 5063 magnilice
2418 4998 2613 5049 mortui
2656 5007 2800 5059 sunt,
2842 5006 2895 5049 ct
2927 4995 3166 5048 omnium
3198 4992 3510 5047 Grmcorum

1942 5087 2409 5153 praeclarissimam
2459 5099 2682 5139 mortem
2736 5088 3007 5148 obierunt,
3060 5086 3365 5151 sepulcrum
3414 5098 3511 5149 pro

1945 5178 2159 5230 virtutis
2213 5192 2559 5232 monumento
2608 5178 2908 5241 consecuti;
2963 5189 3015 5230 et
3060 5190 3181 5231 cum
3226 5177 3325 5228 sub
3367 5185 3509 5227 terra

1938 5266 2178 5335 jaceant,
2216 5270 2383 5334 ipsam
2414 5278 2739 5323 conservant
2789 5278 3005 5330 terram,
3055 5281 3155 5320 nec
3204 5266 3270 5317 ah
3296 5279 3356 5318 ea
3395 5279 3512 5316 ser-

1940 5371 2159 5424 rantur,
2193 5361 2257 5414 ad
2294 5360 2509 5415 Hesiodi
2536 5362 2945 5431 appellationem
2976 5360 3222 5428 proxime
3247 5360 3511 5410 acceden-

1553 5491 1785 5545 VAltle
1819 5491 2227 5547 LECTIONES.

410 5575 954 5651 rrapsivgiLnapdwg
975 5592 1130 5651 corr.
1151 5581 1211 5634 Α.
1288 5582 1332 5617 ⁶’
1360 5582 1529 5643 οὕτως
1560 5584 1620 5635 Α.
1690 5584 1732 5614 ⁸⁸
1767 5584 1926 5636 Ἀλλὰ
1956 5594 2007 5634 et
2050 5600 2167 5636 tuo:
2201 5584 2462 5651 ἀπολογίᾳ
2495 5600 2604 5636 oin.
2644 5582 2709 5637 Α.

264 5638 453 5722 τιάτξῃς
484 5638 949 5722 Ᾱει⁷ξιᾘερίήκεῆ
976 5664 1034 5722 ιβ.
1069 5650 1194 5722 ἓβῢ.
1256 5653 1301 5681 τ’
1332 5638 1649 5722 Μιλτιάδης]
1694 5668 1744 5717 p.
1773 5653 1897 5722 270.
1952 5654 1997 5682 ⁷¹
2021 5656 2282 5720 προσήκει
2322 5638 2392 5716 ς,’
2424 5639 2469 5685 ⁷’³
2496 5653 2732 5722 αίσχρῶς
2767 5654 2811 5682 ⁷⁸
2837 5638 2980 5718 αὑτῷ
3010 5668 3042 5701 o
3068 5674 3117 5703 νε.
3152 5654 3211 5702 Α.

1832 5721 1878 5751 ⁷⁸
1908 5722 2218 5791 ἀπἀὐτῶν]
2254 5725 2506 5775 ini-tow
2533 5723 2596 5774 Δ.

264 5722 318 5785 ρ.
349 5705 470 5785 ἓλῖιι.
537 5710 582 5742 ⁷⁶
616 5712 727 5785 ἀλλ’
751 5705 995 5785 ’ἐκεῖνοξΙ
1021 5733 1070 5781 ι).
1103 5719 1226 5773 280.

1303 5723 1345 5749 τ’
1369 5725 1415 5773 εἰ
1445 5721 1509 5790 δ’]
1542 5737 1595 5789 ρ.
1630 5721 1751 5774 28L

264 5775 457 5838 ξασθαι
494 5796 550 5841 ς.
628 5783 667 5812 ⁸¹
701 5783 855 5852 ὁρᾷς]
887 5775 1087 5853 p.384.

2787 5584 2830 5614 ⁶⁹
2863 5582 2998 5649 ὑπὲρ
3032 5581 3347 5648 Μιλτιάδου]
3383 5579 3507 5645 μιλ-

2794 5654 2811 5681 ⁶
2837 5654 2980 5699 αὑτὼ
3010 5668 3042 5699 o
3068 5674 3117 5699 'l.
3152 5654 3211 5699 Α.
3291 5651 3336 5679 ⁷³
3362 5650 3507 5699 οἵου-

3362 5667 3509 5701 οιου-

3359 5717 3404 5748 ιο

2676 5724 2717 5752 ⁷⁹
2751 5724 2810 5773 οὐ
2842 5723 2906 5771 ti
2943 5725 3022 5772 A:
3058 5723 3194 5773 αὐτὰ
3226 5737 3285 5782 ς.
