4216 6430
288 407 431 472 1545

1312 410 1837 475 BIBLIOTHECA.
1861 436 1931 448 -
1952 411 2113 474 COD.
2146 413 2507 476 CCXLVIII.

3412 412 3549 482 1546

282 519 354 582 ἂν
396 522 609 591 εῖποιμι
640 522 1121 593 ὁμολογουμένως,
1168 522 1277 593 ὅσῳ
1293 523 1340 554 ⁵⁸
1382 521 1588 593 Ξέρξης
1640 525 1866 593 Δαρεῖον
1892 531 1940 591 Α

1892 525 2107 591 Αοίεςο
2153 531 2414 594 apparatu
2483 524 2745 580 creditur.
2793 526 2971 607 Atque
3023 525 3110 580 ille
3136 526 3354 596 quidem
3404 527 3542 597 regis

285 614 410 675 ταῖς
453 616 826 682 παρασκευαῖς
871 615 1042 666 ᾶπασι
1072 613 1229 682 δῆλός
1258 614 1407 666 ἐστιν
1452 612 1865 682 ὑπερϐαλλόμε-

286 721 401 767 νος.
444 706 551 757 Καὶ
600 706 708 774 μὴν
735 707 763 758 ό
795 707 894 774 μὲν
922 708 1048 769 τοὺς
1086 706 1365 775 ὑπάρχους
1393 706 1488 759 τοῦ
1520 705 1807 776 βασιλέως,
1842 709 1871 759 ὁ

286 794 344 847 δὲ
376 796 540 848 αὑτὸν
570 795 726 847 ὲνίκα
753 796 998 864 βασιλέα.
1026 796 1136 849 Καὶ
1169 800 1307 865 μετὰ
1339 798 1438 867 μέν
1465 814 1527 865 γε
1552 798 1599 829 ’⁸
1620 796 1745 866 [695
1776 796 1869 869 [1.]

288 889 390 956 τὴν
441 887 742 957 Μαραθῶνι
787 888 969 958 μάχην
1004 888 1157 951 αὖθις
1179 890 1223 920 ⁸⁷
1257 888 1659 959 ἐπεστράτευσε
1681 928 1697 951 ,
1730 888 1872 958 μετὰ

284 977 345 1030 δὲ
374 978 476 1047 τὴν
504 980 563 1030 ὲν
600 979 865 1047 Σαλαμῖνι
902 979 1210 1049 ναυμαχίαν
1244 979 1463 1047 φεύγων
1488 979 1681 1049 ᾤχετο.
1727 981 1869 1047 Πρὸς

291 1069 395 1137 μὶν
438 1070 549 1141 γάρ
596 1070 813 1140 ἐκείνην
841 1071 941 1140 τὴν
970 1068 1202 1142 ἦττανκ
1241 1071 1592 1142 παρωξύνθη,
1638 1072 1772 1141 πρὸς
1814 1072 1871 1125 δὲ

286 1161 497 1228 ταύτην
533 1162 799 1225 ἀπεῖπεν,
836 1161 968 1216 ὥσθ’
991 1165 1037 1197 ”
1082 1164 1267 1217 ίκανδν
1314 1164 1501 1234 κέρδος
1549 1167 1774 1233 ἡγεῖτο,
1805 1163 1873 1217 ἂν

290 1251 441 1323 σωθῇ
462 1269 476 1283 ο
506 1253 625 1323 ᾔδει
646 1253 755 1323 γὰρ
782 1256 901 1307 τότε
928 1258 1024 1325 μὲν
1051 1254 1343 1309 πολλοστὸν
1371 1256 1536 1326 μέρος
1562 1258 1661 1326 τῆς
1690 1255 1872 1325 πάσης

289 1343 447 1396 ἐλθὸν
475 1344 779 1412 δυνάμεως,
812 1346 910 1399 νῦν
932 1347 987 1399 δὲ
1025 1347 1210 1416 σχεδὸν
1242 1347 1381 1416 μετὰ
1411 1348 1629 1425 πάντῶν
1662 1345 1874 1417 ἀνθρώ-

290 1450 412 1488 πων
438 1436 768 1504 ἡττώμενος.
801 1438 1067 1510 Μιλτιάδῃ
1087 1438 1102 1467 ⁸
1138 1439 1235 1507 μὲν
1258 1434 1353 1492 οὖν
1384 1440 1463 1500 είς
1489 1438 1546 1491 ἓν
1575 1439 1872 1507 κεφάλαιον

290 1526 327 1595 ἠ
356 1527 456 1595 τῆς
492 1526 747 1596 ἀνδρείας
784 1528 1059 1593 ἀπόδειξις
1101 1522 1260 1602 ἧκεν,
1292 1531 1343 1582 εί
1390 1530 1485 1583 καὶ
1521 1530 1589 1583 τά
1635 1529 1871 1599 μάλιστα

292 1617 497 1687 ἐχρῆτο
542 1618 679 1689 αὐτῇ
722 1619 873 1689 παρὰ
923 1622 1104 1673 πᾶσαν
1142 1621 1240 1691 τὴν
1278 1620 1571 1673 πολιτείαν.
1608 1620 1871 1687 Θεμιστο·

291 1708 431 1761 κλέα
463 1709 519 1760 δὲ
554 1711 637 1760 ἀεὶ
666 1710 736 1761 τά
766 1709 995 1779 δεύτερα
1036 1712 1143 1763 τῶν
1179 1710 1461 1779 προτέρων
1523 1709 1746 1779 μείζονα
1785 1708 1872 1773 ἐξ·

292 1797 534 1867 εδέχετο,
568 1799 665 1851 καὶ
691 1800 750 1851 τὸ
770 1799 869 1867 τῆς
900 1801 1197 1870 παροιμίας
1224 1800 1371 1867 αύτῷ
1399 1801 1789 1868 περιειστήκειο
1812 1798 1872 1851 τὸ

1971 614 2275 684 praefectos,
2314 615 2404 669 hic
2443 616 2618 683 ipsum
2654 615 2785 670 vicit
2835 630 3036 685 regem,
3070 617 3162 687 qui
3213 627 3335 687 post
3370 617 3547 674 Mara-

1972 706 2211 759 tboniam
2262 722 2493 777 pugnam
2531 706 2762 763 alterum
2798 710 3021 763 addunt
3070 712 3389 777 exercitum,
3423 726 3547 780 post

1973 794 2304 850 Salaminam
2348 797 2402 850 in
2435 796 2699 868 fugamse
2730 799 2897 853 dedit.
2951 798 3085 854 Nam
3131 812 3189 854 ut
3246 802 3331 855 illa
3392 802 3548 857 clade

1970 886 2262 949 excitatus,
2308 884 2380 938 ita
2416 885 2519 939 hac
2550 885 2616 939 ad
2659 885 3103 953 desperationem
3134 888 3236 943 fuit
3269 891 3539 951 redactus,

1971 976 2050 1029 sic
2081 984 2138 1029 ut
2159 975 2391 1030 salutem
2431 976 2487 1029 in
2518 978 2668 1031 lucro
2714 989 2959 1045 poneret.
2999 977 3219 1033 Sciebat
3248 982 3391 1033 enim
3432 993 3543 1035 tum

1971 1067 2187 1134 quidem
2222 1068 2478 1121 eximiam
2512 1068 2789 1137 copiarum
2823 1083 3044 1123 suarum
3084 1072 3367 1125 advenisse
3416 1087 3548 1140 par-

1973 1168 2080 1213 tem
2105 1178 2121 1215 :
2159 1174 2302 1214 nunc
2341 1170 2520 1215 autem
2543 1174 2602 1217 se
2627 1175 2748 1214 cum
2773 1162 3024 1217 omnibus
3050 1177 3214 1231 prope
3239 1163 3548 1218 hominibus

1970 1264 2093 1305 esse
2143 1250 2432 1305 devictum.
2483 1255 2561 1306 Ac
2616 1250 2870 1306 Miltiadis
2922 1251 3138 1321 quidem
3197 1252 3455 1308 fortitudo
3494 1255 3544 1306 in

1973 1356 2137 1395 unum
2174 1342 2360 1397 incidit
2406 1343 2703 1411 negotium,
2747 1342 2874 1397 licet
2905 1358 2966 1397 ea
3009 1344 3062 1397 in
3108 1344 3254 1398 omni
3300 1354 3548 1399 uteretur

1973 1430 2479 1498 administratione;
2503 1431 2921 1486 Themistoclem
2940 1447 3066 1487 vero
3083 1434 3379 1503 posteriora
3404 1448 3547 1487 sema

1971 1536 2068 1589 per
2080 1522 2352 1590 prioribus
2370 1522 2711 1591 excipiebant
2729 1524 2954 1589 majora,
2971 1534 3047 1590 et,
3072 1525 3295 1592 utest;in
3324 1536 3546 1593 prover-

1972 1606 2081 1671 bio,
2122 1607 2259 1662 alius
2300 1606 2501 1680 me
2551 1624 2673 1664 eum
2732 1611 3067 1681 relinquebat
3134 1615 3348 1677 lim-tus,
3408 1614 3546 1669 alius

1971 1698 2490 1765 comprehendebat,
2513 1700 2687 1755 donec
2710 1714 2805 1768 per
2828 1702 2997 1757 undas
3018 1705 3347 1760 decumana:
3373 1704 3544 1759 victor

1971 1790 2161 1842 evasit.
2197 1788 2337 1854 Quid
2364 1805 2497 1860 ergo
2530 1801 2676 1845 vetat
2705 1794 2991 1861 quominus
3019 1796 3255 1849 breviter
3288 1798 3544 1851 ostendaa

296 1890 400 1958 μὲν
427 1890 533 1958 γάρ
567 1890 751 1942 ἔλιπεν
780 1892 944 1944 αὑτὸν
987 1891 1155 1961 κῦμα,
1184 1892 1245 1943 τὸ
1283 1889 1339 1942 δὲ
1370 1889 1868 1958 ἐγκατελάμδανεν,
1904 1881 1943 1935 Β

1904 1881 1943 1935 Β
1974 1896 2092 1937 mus
2120 1883 2366 1951 qualibus
2385 1884 2439 1937 in
2466 1885 2628 1940 rebus
2654 1886 2870 1955 qualem
2902 1887 3367 1945 seTltemistorles
3385 1891 3539 1945 exhi-

290 1976 399 2038 ἕως
428 1976 671 2047 διεξῆλθε
702 1977 789 2029 διὰ
814 1978 922 2029 τῶν
960 1977 1265 2049 τρικυμιῶν
1288 1977 1472 2031 νικῶν.
1501 1977 1565 2029 Τί
1593 1976 1723 2029 οὖν⁸
1758 1992 1871 2030 κω·-

294 2070 415 2122 λύει
464 2070 638 2135 δεῖξαι
688 2070 776 2123 διὰ
825 2070 1071 2141 βραχέων
1113 2072 1172 2124 ὲν
1219 2070 1393 2133 ποίοις
1438 2072 1549 2123 τισὶ
1584 2070 1873 2141 πράγμασι

293 2163 447 2224 ποῖός
484 2179 567 2224 τις
594 2157 665 2231 ἦν
686 2165 714 2214 ὁ
743 2162 1154 2231 Θεμιστοκλῆςς
1186 2162 1380 2216 Καίτοι
1404 2162 1561 2215 τοῦτό
1582 2164 1603 2193 ⁸
1632 2177 1694 2229 γε
1718 2161 1872 2214 οὐδὲν

290 2253 428 2314 ῖσως
474 2251 769 2322 προῦργου.
817 2254 883 2305 Ἀ
936 2254 1046 2323 γὰρ
1096 2254 1197 2306 οὐκ
1229 2254 1376 2306 ἔστιν
1414 2254 1747 2318 ἐνδείξασθαι
1792 2253 1871 2323 τῷ

290 2342 461 2411 λόγῳ,
493 2344 607 2405 πῶς
632 2343 697 2396 ἄν
724 2361 806 2406 τις
825 2347 888 2396 ὲκ
914 2344 1118 2397 τούτων
1142 2348 1348 2398 ἐκεῖνον
1374 2346 1667 2417 θεωρήσειε
1690 2364 1705 2411 ;
1734 2346 1871 2418 πλὴν

290 2434 344 2484 εἰ
376 2432 535 2485 τοῦτό
566 2451 627 2499 τε
652 2434 785 2485 αὐτὸ
814 2433 1160 2503 ἐνθυμηθεὶς,
1186 2436 1269 2488 ὅτι
1294 2436 1436 2506 ὑπὲρ
1461 2430 1535 2489 ὧν
1562 2437 1670 2489 οὐδ’
1697 2437 1872 2491 εἰπεῖν

288 2521 367 2582 ὡς
400 2521 647 2590 βούλεταί
682 2540 765 2584 τις
808 2524 1076 2595 ἐγχωρεῖ,
1120 2523 1273 2575 ταῦτ’
1305 2525 1513 2588 ἐκεῖνος
1564 2527 1871 2597 μετεχείρι-

292 2628 387 2663 σεν
412 2612 433 2643 ⁵
476 2612 551 2675 ὠς
581 2612 854 2665 ἐϐούλετο.
898 2614 1040 2666 Δέκα
1063 2615 1085 2646 ⁸
1117 2615 1215 2682 μὲν
1252 2616 1361 2686 γὰρ
1398 2617 1525 2685 ἑξῆς
1553 2616 1648 2684 ἐτη
1684 2618 1871 2672 ὤδινεν

290 2703 482 2756 ἅπασα
517 2705 779 2771 ἤπειρος,
834 2706 1266 2772 φιλονεικοῦντες
1304 2709 1543 2772 ἅπαντες
1593 2710 1870 2779 ἄνθρωποι

286 2793 449 2862 δίκην
480 2794 578 2862 τῆς
621 2794 920 2864 Μαραθῶνι
963 2796 1143 2865 μάχης
1188 2796 1407 2850 λαϐεῖν·
1453 2799 1783 2869 ἡτοιμάζετο
1814 2800 1869 2853 δὲ

290 2887 358 2937 ὲκ
393 2887 571 2953 πάσης
622 2885 724 2954 γῆς
781 2890 876 2938 καὶ
911 2886 1180 2956 θαλάττης
1229 2889 1427 2944 πάντα.
1479 2890 1758 2957 Αἰγύπτου
1813 2891 1869 2944 δὲ

290 2978 650 3046 άποστάσης⁶
681 2980 739 3030 ὲν
776 2979 854 3047 τῷ
885 2978 976 3031 διὰ
1019 2979 1184 3047 μέσου
1216 2978 1473 3048 βασιλεὺς
1512 2982 1663 3033 οὐδὲν
1698 2999 1867 3035 σπου-

285 3068 461 3131 δάσας
496 3065 649 3129 αὖθις
679 3066 746 3139 ἦν
776 3074 831 3122 ὲν
861 3073 975 3133 τοῖς
1008 3072 1189 3133 αὐτοῖς
1212 3087 1227 3101 ·
1253 3071 1396 3125 οὕτω
1426 3072 1622 3142 ῥᾳδίως
1655 3074 1868 3143 ἐκείνην

290 3162 698 3230 παρεστήσατο.
748 3162 973 3232 Δεκάτῳ
1031 3164 1087 3215 δὲ
1152 3162 1260 3214 ἔτει
1307 3164 1566 3233 συνῆλθον
1620 3166 1865 3233 ἐσχατιαὶ

291 3252 463 3302 πᾶσαι
498 3250 593 3301 καὶ
625 3251 753 3319 γένη
787 3252 987 3314 πάντα,
1019 3249 1181 3321 [1285
1214 3250 1305 3323 IL]
1329 3252 1518 3323 ὥσπερ
1547 3269 1869 3321 μετανιστα-

294 3341 467 3409 μένη;
509 3340 741 3409 ὲτέρωςε
773 3342 870 3409 τῆς
902 3342 1226 3411 οἰκουμένης
1246 3382 1262 3405 ,
1296 3343 1391 3395 καὶ
1422 3342 1670 3411 βασιλεὺς
1702 3343 1866 3413 ἀπῄει

288 3432 547 3493 δεδοικὼς
590 3434 664 3502 μὴ
694 3434 755 3485 οὐ
786 3433 997 3498 δέξαιτο
1028 3434 1089 3487 τὸ
1119 3435 1318 3503 πλῆθος
1348 3437 1380 3503 ὴ
1433 3434 1645 3499 Ἑλλὰς,
1678 3434 1867 3506 ὥσπερ

291 3526 439 3595 άρχὴ
495 3526 598 3593 γῆς
649 3527 827 3594 πάσης
867 3526 885 3555 τ
938 3526 1033 3579 τοῦ
1096 3527 1461 3595 στρατοπέδου
1515 3528 1865 3597 γιγνόμενος,

290 3617 431 3667 καθὸ
463 3617 724 3685 βούλοιτο,
757 3618 864 3669 άεί.
901 3619 1011 3671 Καὶ
1040 3620 1100 3671 ού
1126 3620 1147 3649 ⁸
1178 3618 1430 3671 τοσοῦτόν
1460 3619 1511 3685 γ’
1539 3618 1640 3672 av
1670 3619 1866 3681 αὐτοὺς

290 3708 327 3775 ἡ
356 3706 448 3758 τοῦ
478 3707 631 3775 ἡλίου
667 3708 923 3776 συμόάσα
955 3708 1195 3776 ἔκλειψις
1221 3708 1534 3777 ἐξέπληξεν,
1562 3710 1683 3761 ὅσον
1705 3712 1738 3779 ὴ
1767 3710 1867 3776 τῆς

291 3798 399 3867 γῆς
456 3801 551 3851 καὶ
589 3799 856 3869 θαλάττης
892 3800 1131 3869 ἔκλειψις
1171 3801 1429 3868 γινομένη
1476 3802 1609 3870 πρὸς
1642 3805 1742 3871 τὴν
1771 3802 1865 3855 τοῦ

294 3888 584 3957 βασιλέως,
620 3890 742 3959 ἐμοὶ
770 3890 970 3955 δοκεῖν,
1017 3889 1315 3961 ἐπιθυμίαν
1363 3889 1561 3959 μᾶλλον
1594 3890 1625 3960 ἢ
1657 3892 1861 3961 χρείαν.

296 3979 442 4046 Πρὸς
473 3980 529 4031 δὲ
550 3980 592 4009 “‘
619 3980 828 4041 τούτοις
851 3981 1006 4049 τείχη
1042 3980 1139 4048 μὲν
1162 3981 1493 4050 ᾠκοδομεῖτο
1515 4021 1530 4046 ,
1554 3981 1703 4044 ὅπως
1744 3984 1866 4051 ἀρι-

292 4068 461 4139 θμοίη
516 4070 655 4122 κατὰ
692 4072 941 4139 μυρίους,
974 4073 1002 4122 ό
1045 4072 1102 4124 δὲ
1143 4071 1295 4140 ἣλιος
1327 4071 1729 4141 συνεκρύπτετο
1755 4075 1866 4135 τοῖς

289 4161 641 4230 τοξεύμασιν,
693 4158 760 4231 ἦν
798 4162 854 4213 δὲ
899 4164 1112 4231 πλήρης
1160 4165 1192 4232 ἡ
1237 4164 1337 4232 μὲν
1374 4163 1609 4217 θάλαττα
1640 4163 1798 4228 νεῶν,
1832 4166 1865 4233 ὴ

287 4253 350 4305 δὲ
376 4253 450 4320 γῆ
485 4252 698 4317 πεζῶν,
730 4256 756 4305 ὁ
785 4254 842 4307 δὲ
873 4255 980 4323 ἀὴρ
1012 4254 1201 4323 βελῶν.
1231 4256 1491 4325 Παρεῖναι
1514 4255 1570 4308 δὲ
1610 4256 1703 4307 καὶ
1736 4256 1864 4324 μέλ-

288 4344 405 4395 λειν
436 4345 548 4396 ἴσον
570 4340 661 4414 ἦν,
687 4345 829 4397 ὥστε
856 4346 1075 4414 ἔχεσθαι
1106 4348 1313 4407 πάντας
1342 4362 1352 4375 ·
1385 4348 1559 4398 πάντα
1591 4348 1647 4399 δὲ
1677 4346 1866 4416 ῶσπερ

285 4434 387 4487 τοῦ
443 4437 774 4497 Ποσειδῶνος
828 4437 1108 4499 κατιόντος
1147 4438 1374 4491 ἐσείετο.
1426 4439 1667 4492 Πάντα¹¹
1710 4439 1768 4491 δὲ
1800 4438 1866 4491 τά

1970 1975 2188 2029 buerit?
2219 1978 2287 2029 At
2324 1976 2428 2032 hoc
2472 1977 2604 2033 nihil
2639 1980 2705 2032 ad
2751 1993 2865 2034 rem
2894 1978 3142 2035 fortassis
3179 1979 3359 2036 faciet.
3406 1980 3541 2035 Nam

1970 2080 2091 2135 qua:
2123 2081 2280 2121 nemo
2318 2068 2499 2125 verbis
2540 2079 2724 2139 posset
2762 2072 3048 2140 complecti
3093 2074 3369 2141 quomodo
3419 2077 3542 2145 quis

1972 2154 2120 2210 illum
2151 2170 2218 2211 ex
2257 2156 2321 2212 iis
2350 2160 2569 2213 cernat?
2597 2159 2708 2215 Nisi
2735 2163 2778 2215 si
2813 2162 2914 2217 hoc
2948 2163 3207 2232 cogitabit
3236 2181 3356 2235 quae
3381 2183 3540 2221 tletnu

1971 2257 2151 2318 posset
2196 2265 2293 2319 pro
2347 2251 2575 2305 arbitrio
2623 2253 2824 2317 dicere,
2853 2254 2967 2310 haec
3002 2270 3127 2310 eum
3166 2272 3263 2325 pro
3314 2258 3544 2313 arbitria.

1970 2343 2223 2411 gessisse.
2291 2343 2503 2398 Etenim
2558 2343 2742 2398 decem
2797 2346 2956 2400 anuis
3020 2357 3130 2401 tota
3205 2351 3543 2417 parturiebat

1970 2434 2274 2495 continens.
2309 2450 2432 2488 cum
2476 2434 2672 2501 singuli
2719 2435 2963 2490 homines
3001 2437 3391 2493 Marathoniam
3446 2457 3541 2509 pu-

1970 2538 2130 2593 gnam
2192 2524 2471 2577 stnderent
2527 2524 2736 2588 ulcisci,
2788 2525 3075 2594 omnisque
3125 2539 3418 2597 apparatus
3473 2540 3537 2583 ex

1970 2614 2117 2668 omni
2147 2624 2289 2667 terra
2334 2616 2582 2682 marique
2612 2616 2923 2686 cogebatur.
2955 2617 3088 2671 Cum
3140 2630 3317 2673 autem
3370 2619 3543 2690 JEgy-

1971 2704 2116 2773 ptius
2174 2704 2381 2759 interea
2441 2704 2745 2771 defecisset,
2785 2720 2882 2760 rex
2932 2721 2996 2761 ea
3032 2705 3191 2762 facile
3217 2710 3282 2761 ad
3313 2712 3544 2765 deditio.

1974 2810 2094 2849 nent
2145 2805 2363 2857 t‘oatta,
2420 2811 2605 2851 rursus
2670 2797 2736 2849 ad
2796 2798 2986 2851 eadem
3038 2800 3268 2855 redibat.
3324 2801 3542 2856 Decimo

1970 2886 2185 2938 denntm
2217 2900 2359 2939 anno
2404 2888 2651 2951 regiones
2699 2902 2764 2941 ac
2806 2899 2997 2957 gentes
3041 2904 3230 2944 omnes
3265 2906 3536 2947 convene-

1971 2984 2122 3038 runt,
2145 2976 2297 3041 quasi
2326 2976 2377 3028 in
2416 2975 2580 3029 alium
2606 2977 2783 3031 locum
2823 2987 2967 3034 terra
3014 2980 3289 3050 migraret,
3318 2998 3385 3037 ac
3426 2998 3540 3055 meo

1970 3065 2154 3119 tuebat
2180 3078 2295 3126 rex,
2327 3079 2394 3119 ne
2426 3080 2530 3120 non
2553 3076 2769 3135 caperet
2796 3083 2986 3123 omnes
3006 3068 3235 3135 Grarcia,
3259 3081 3314 3125 et
3346 3087 3540 3143 quam-

1971 3170 2186 3223 t-unqne
2229 3156 2443 3213 volebat
2472 3168 2775 3213 castrorum
2814 3170 3043 3227 partem,
3067 3163 3219 3229 quasi
3252 3166 3345 3217 toti
3373 3166 3538 3235 impe-

1970 3255 2117 3299 raret
2150 3248 2294 3312 orbi,
2320 3250 2636 3314 occupabat.
2668 3248 2777 3303 Nec
2806 3264 2900 3304 eos
2931 3260 3136 3305 tantum
3158 3253 3294 3308 solis
3327 3268 3538 3322 perter-

1969 3339 2100 3401 ruit,
2126 3349 2386 3406 quantum
2420 3341 2586 3395 maris
2614 3355 2677 3396 ac
2708 3349 2868 3394 terra:
2889 3338 3152 3405 defectus,
3185 3345 3248 3396 ad
3280 3345 3538 3415 cupitliltto

1970 3439 2072 3483 tem
2093 3431 2292 3500 potius,
2315 3433 2643 3497 utarbitror,
2662 3448 2825 3502 quam
2850 3449 3003 3488 usum
3029 3437 3173 3504 regis
3190 3445 3531 3504 procuratus.

1970 3522 2166 3575 Deinde
2214 3523 2347 3575 nturi
2382 3527 2823 3591 exstruebantur,
2860 3536 2917 3579 ut
2965 3526 3124 3579 simul
3160 3527 3345 3582 decies
3389 3528 3537 3584 mille

1969 3627 2279 3669 numeraret
2307 3618 2488 3681 viros;
2526 3616 2606 3671 sol
2659 3624 2838 3671 autem
2886 3617 3005 3672 telis
3053 3618 3427 3688 obtegebatur.
3473 3632 3536 3676 ac

1969 3719 2116 3759 mare
2148 3706 2392 3771 navibus,
2421 3716 2562 3760 terra
2593 3708 2878 3770 militibus,
2907 3722 3000 3763 aer
3039 3709 3232 3777 jaculis
3267 3722 3388 3765 erat
3420 3713 3529 3778 μιν.

1969 3811 2089 3851 nus.
2117 3796 2412 3851 Przeseutia
2434 3812 2649 3867 quoque
2670 3808 2725 3851 et
2747 3797 2925 3852 futura
2961 3800 3151 3852 eodem
3192 3800 3535 3855 habebantur

1968 3888 2103 3951 loco,
2141 3889 2220 3941 sic
2251 3898 2309 3941 ut
2342 3904 2531 3943 omnes
2564 3899 2895 3954 tenerentur,
2943 3892 3233 3961 omniaque
3275 3903 3532 3963 tanquam

1968 3976 2209 4045 Neptuno
2244 3981 2602 4033 descendente
2629 3991 3116 4037 commmereutur.
3148 3980 3535 4039 Themistocles

1966 4079 2088 4117 eum
2126 4065 2175 4116 in
2212 4081 2270 4119 se
2314 4067 2641 4134 suscepisset
2684 4068 2891 4131 omnia,
2940 4082 3205 4136 suumque
3247 4072 3528 4125 consilium

1966 4156 2347 4225 propugnaculi
2402 4157 2574 4211 instar
2615 4158 3003 4223 constituisset,
3056 4168 3109 4213 et
3159 4161 3309 4215 solus
3373 4164 3532 4215 rectis

1965 4248 2157 4308 oculis,
2198 4258 2306 4301 tum
2336 4248 2688 4316 presentibus
2710 4249 2982 4311 omnibus,
3004 4258 3111 4301 tum
3147 4249 3341 4303 futuris
3370 4250 3531 4304 rebus

1964 4340 2278 4404 obstitisset,
2320 4355 2418 4395 nec
2450 4349 2507 4393 ut
2546 4341 2579 4393 ii
2617 4341 2706 4408 qui
2752 4332 2920 4393 solem
2951 4342 3240 4410 asp‘ciunt,
3282 4356 3341 4396 se
3373 4358 3533 4396 aver-

1965 4435 2137 4498 tisset,
2177 4433 2320 4501 quod
2358 4434 2605 4488 omnibus
2652 4435 3037 4503 propemodum
3085 4436 3373 4503 acciderat,
3422 4452 3527 4490 non

287 4525 513 4577 ἐπιόντα
544 4527 921 4595 Θεμιστοκλῆς
954 4528 1033 4587 είς
1078 4528 1271 4580 ἑαυτὸν
1306 4528 1733 4597 ἀναδεξάμενος,
1767 4530 1863 4583 καὶ
1892 4545 1941 4602 ι)

1892 4545 1941 4602 ι)
1968 4524 2128 4577 modo
2157 4523 2464 4578 Graecorum
2492 4538 2639 4592 spem
2690 4540 2795 4578 non
2837 4523 3063 4589 fefeliit,
3104 4526 3200 4579 sed
3240 4534 3296 4579 et
3335 4541 3529 4595 exspe-

286 4616 389 4685 τὴν
423 4616 585 4669 αὑτοῦ
614 4618 838 4687 γνώμην
867 4618 1091 4680 ὑποθεὶς
1127 4620 1241 4671 ἀντ’
1274 4619 1433 4672 ἄλλου
1466 4638 1559 4672 του
1590 4622 1869 4691 φυλακτη-

289 4707 444 4776 ρίου,
496 4708 590 4761 καὶ
646 4709 807 4776 μόνος
860 4709 1040 4779 ὀρθοῖς
1085 4712 1196 4772 τοῖς
1251 4709 1551 4779 ὀφθαλμοῖς
1596 4712 1867 4782 ἀντισχὼν

287 4798 466 4849 ἅπασι
501 4797 594 4847 καὶ
624 4800 734 4859 τοῖς
766 4797 1004 4863 παροῦσι
1038 4799 1133 4850 καὶ
1164 4802 1275 4860 τοῖς
1309 4800 1521 4852 ἐπιοῦσι
1554 4802 1862 4870 πράγμασι,

286 4889 384 4939 καὶ
413 4889 456 4917 ¹²
502 4890 603 4940 οὑκ
648 4889 1023 4956 ἀποστραφεὶς
1072 4889 1265 4959 ῶσπερ
1311 4893 1358 4943 oi
1398 4892 1534 4961 πρὸς
1580 4894 1670 4944 τὸν
1714 4892 1866 4962 ἥλιον

290 4977 599 5045 βλέποντες,
629 4978 657 5029 ὃ
686 4979 815 5030 πᾶσι
851 4979 1048 5048 μικροῦ
1079 4980 1187 5032 δεῖν
1217 4981 1414 5051 συνέϐη
1450 4985 1561 5044 τοῖς
1590 4984 1733 5044 τότε,
1758 4986 1857 5037 οὐκ

288 5067 359 5120 ἂν
388 5066 597 5135 εἴποιμι
642 5068 716 5129 ὼς
747 5068 846 5119 ούκ
877 5069 1071 5137 ἔψευσε
1118 5070 1218 5139 τῆς
1249 5071 1459 5134 ἐλπίδος
1492 5073 1617 5135 τοὺς
1662 5074 1858 5144 Ἐλλη-

288 5174 410 5219 νας,
432 5157 568 5210 ἀλλὰ
594 5158 687 5211 καὶ
710 5159 842 5211 πολὺ
867 5161 966 5228 τὴν
993 5162 1319 5229 προσδοκίαν
1339 5163 1629 5232 ἐνήλλαξεν
1647 5165 1853 5227 αὐτοῖς.

1965 4618 2253 4672 elationem
2288 4630 2616 4687 magnopere
2652 4618 2895 4670 mutavit.
2937 4616 3071 4669 Nam
3111 4632 3233 4671 cum
3286 4617 3529 4688 plerique

1965 4709 2095 4762 nihil
2140 4724 2242 4762 nou
2280 4718 2581 4763 extremum
2630 4722 2690 4761 se
2741 4722 3091 4777 perpessuros
3130 4709 3436 4772 crederent,
3475 4721 3530 4763 et

1963 4800 2029 4851 ad
2066 4809 2249 4866 turpes
2278 4799 2512 4853 rationes
2537 4813 2600 4851 ac
2642 4797 2873 4852 dillicil-ia
2922 4797 3162 4867 perfugia
3214 4814 3273 4854 se
3313 4800 3527 4853 confer-

1963 4899 2100 4955 rent,
2126 4900 2329 4943 tantam
2358 4889 2480 4944 fecit
2507 4904 2687 4943 rerum
2720 4891 3096 4954 mutationem,
3134 4900 3190 4943 ut
3211 4890 3255 4943 si
3286 4891 3406 4960 quis
3435 4906 3528 4944 eos

1964 4981 2260 5035 discessum
2287 4979 2644 5034 Barbarorum
2679 4979 3082 5048 interrogasset,
3119 4996 3245 5033 num
3278 4994 3377 5033 nec
3410 4980 3528 5033 illos

1968 5072 2157 5125 bellum
2199 5070 2461 5134 intulisse,
2495 5085 2593 5123 nec
2628 5083 2685 5121 se
2718 5083 2805 5121 res
2831 5082 2923 5120 eas
2941 5066 3191 5137 gessisse,
3216 5081 3386 5133 eaque
3421 5068 3470 5117 di
3505 5094 3529 5104 -

1966 5161 2191 5217 crimina
2220 5159 2417 5230 4281)
2456 5157 2689 5211 subiisse
2715 5157 2934 5219 vellent,
2964 5166 3187 5208 mortem
3213 5157 3314 5210 sibi
3337 5172 3528 5209 oman

287 5253 454 5306 Οὐδὲν
507 5253 615 5322 γάρ
644 5254 752 5306 τῶν
802 5255 1046 5324 ἐσχάτων
1077 5258 1106 5307 ὅ
1149 5273 1203 5309 τι
1235 5259 1297 5309 οὐ
1348 5258 1633 5312 πείσεσθαι
1658 5260 1702 5290 ⁸⁸
1752 5259 1861 5312 τῶν

1857 5279 1861 5304 ι
1954 5256 2153 5319 potius,
2216 5267 2375 5319 quam
2430 5260 2485 5302 ut
2544 5248 2645 5303 ista
2698 5262 2800 5301 non
2858 5244 3233 5317 peregissent,
3288 5247 3522 5314 optaturi

289 5345 501 5398 πολλῶν
540 5343 905 5413 νομιζόντων,
954 5348 1052 5399 καὶ
1092 5348 1460 5410 βλεπόντων¹“
1504 5352 1583 5411 είς
1630 5350 1862 5420 αἰσχρὰς

1954 5346 2198 5398 fuissent.

1550 5495 1785 5550 VARI/ﬁ
1820 5491 2220 5550 LECTIO‘NES.

357 5606 402 5636 ”
428 5602 558 5673 ὅσῳ]
585 5602 660 5664 ὡς
684 5605 711 5655 ὁ
738 5605 802 5657 Α.
876 5607 923 5640 ’⁸
950 5623 1013 5675 γε
1040 5622 1149 5661 οιιι.
1192 5612 1254 5661 Α.
1329 5610 1373 5640 "
1404 5605 1579 5679 αὖθις]
1613 5608 1785 5669 οὐδεὶς
1825 5612 1884 5662 Α.
1962 5608 2008 5638 ’⁸
2035 5606 2136 5674 τὴν
2169 5602 2338 5674 ἧτταν
2367 5622 2373 5649 ι

369 5674 493 5726 294.
571 5672 669 5722 ’τί
720 5670 836 5726 οὖν]
900 5690 953 5726 ιι.
1006 5676 1128 5726 296.
1232 5681 1253 5710 ³
1285 5678 1440 5726 τοῦτό
1491 5696 1597 5726 mn.
1661 5681 1723 5726 Α.
1820 5678 1840 5707 ⁸
1877 5676 2273 5726 μετεγειοίζετο
2332 5674 2373 5724 Α

1876 5694 2273 5744 μετεχειριςετο
2302 5743 2307 5744 γ
2332 5694 2396 5744 Α.

284 5694 337 5743 ρ.
369 5670 589 5727 sm."-
619 5672 669 5743 τι
719 5670 838 5743 οὖν]
900 5670 973 5742 μ’
1006 5676 1128 5730 296.

282 5741 304 5775 ⁸
336 5741 672 5810 ἀποστάσης]
705 5741 922 5812 ἁπάσης
943 5748 1006 5797 Α.

280 5834 334 5883 μ.
359 5812 486 5866 9.99.
566 5812 605 5840 “
644 5811 735 5861 καὶ
757 5811 885 5866 ante
909 5816 1008 5866 οὐκ
1033 5830 1143 5869 οιιι.
1176 5820 1235 5871 Λ.

525 5902 792 5962 Parnm.
828 5905 934 5964 Ca.
978 5907 1138 5965 Clll.

1232 5681 1253 5710 ³
1285 5678 1440 5731 τοῦτό
1491 5678 1597 5731 οιιι.
1661 5681 1723 5730 Α.

1084 5750 1102 5777 ⁷
1130 5748 1309 5813 πάσης
1338 5766 1447 5801 om.
1485 5751 1545 5800 Α.
1622 5748 1643 5778 ⁸
1675 5749 1762 5798 καὶ
1802 5746 1888 5815 ob]
1921 5766 1971 5810 ιι,
1994 5746 2119 5797 297.

1319 5819 1361 5849 "
1394 5816 1697 5885 πείσεσθαι]
1736 5817 2012 5869 πείσονται
2044 5819 2105 5867 Α.

1962 5608 2008 5638 ’⁸
2035 5606 2136 5674 τὴν
2169 5600 2338 5674 ἧτταν
2367 5618 2475 5655 οιιι.
2506 5605 2603 5674 »A_.A
2667 5601 2712 5632 ”
2739 5598 2892 5674 ὥσθ’]
2934 5599 3007 5674 ὡς
3030 5599 3095 5674 Αἶ
3177 5596 3192 5625 ‘
3231 5596 3521 5674 Μιλτιάδῃ

2135 5667 2273 5737 ίζέτο
2332 5674 2396 5724 Α.
2502 5672 2523 5702 ⁵
2550 5671 2680 5722 δέκα
2717 5699 2783 5708 ——
2814 5667 2932 5740 ἐτη]
2973 5667 3419 5740 δεκάτῳ-μέτει

2211 5745 2230 5775 ⁹
2262 5743 2313 5809 γ’
2346 5742 2409 5793 ἂν
2440 5756 2547 5793 οιιι.
2581 5743 2644 5793 Λ.
2723 5740 2765 5769 ¹⁹
2786 5740 2843 5791 δὲ
2868 5739 2989 5791 add.
3021 5739 3083 5789 Α.

2206 5814 2247 5842 ’³
2281 5812 2371 5864 καὶ
2396 5810 2482 5879 βλε
2496 5812 2697 5862 πάντων
2709 5849 2721 5861 .

3163 5736 3201 5765 ”
3234 5737 3408 5788 πάντα
3444 5736 3523 5807 δὲι

3020 5897 3094 5954 It!)
