4216 6430
295 389 429 455 1553

1319 381 1840 445 BIBLIO'I‘IIECA.
1880 406 1949 418 -
1984 379 2149 440 COD.
2185 376 2545 439 CCXLVIII.

3421 366 3565 433 1554

292 505 502 565 κλέους.
529 499 800 563 Ἕκαστος
836 500 946 571 γὰρ
990 495 1180 551 ἐαυτὸν
1211 494 1429 564 πρῶτον
1463 494 1667 564 φέρων,
1694 489 1877 545 δεύτε-

1986 498 2319 546 momentum
2348 485 2584 542 habebat
2604 482 2801 546 ullum,
2825 493 2927 536 nec
2958 486 3076 535 erat
3100 475 3257 533 venia
3293 475 3511 547 indigna
3555 487 3571 520 ε

294 612 389 663 ρον
434 592 826 657 συνεξέπιπτον
881 593 1120 651 ἅπαντες
1169 586 1428 657 φέροντες
1480 582 1875 654 Θεμιστοκλέα.

302 682 364 736 ’11
395 684 495 754 μὲν
521 683 613 737 οὖν
654 682 749 736 τοῦ
795 682 1064 754 πρωτείου
1119 679 1319 749 ψῆφος,
1380 671 1556 745 οἶμαι,
1587 675 1682 729 τοῦ
1728 676 1873 729 πᾶσι

293 772 457 842 φύσει
506 772 917 843 συμϐεϐηκότος
962 767 1269 838 ἀνθρώποις
1322 762 1429 835 ἦν’
1460 763 1618 817 τοῦτο
1672 763 1731 817 δέ
1761 764 1881 816 ἐστι

297 865 501 934 μηδένα
546 863 741 918 ἑαυτοῦ
797 862 998 931 μᾶλλον
1058 860 1259 929 φιλεῖψ
1308 856 1451 909 ὥστε
1484 854 1608 908 οὔτε
1661 854 1882 923 ίσχυρδν

294 950 443 1022 εῖχεν
491 952 618 1024 [699
654 951 749 1023 Η.]
800 951 956 1006 οὐδὲν
989 949 1113 1003 οὗτε
1162 946 1497 1015 συγγνώμης
1541 944 1878 1013 ἀπήλλακτο.

305 1043 616 1113 Ἱιδιύπέρ
658 1042 769 1096 τῶν
813 1042 1083 1111 δευτέρων
1130 1037 1318 1107 σαφῶς
1368 1037 1469 1107 ήδη
1514 1033 1787 1105 σύμϐολον
1812 1030 1883 1105 ἦν

294 1135 395 1203 τῆς
415 1132 695 1203 ἀληθείας,
724 1132 818 1186 καὶ
842 1132 926 1185 ὅτι
957 1132 1058 1184 οὐκ
1086 1124 1232 1197 εἶχον
1256 1127 1459 1196 ἐτιρως
1484 1124 1697 1178 θέσθαι.
1720 1124 1883 1177 Ὥστε

296 1228 345 1277 εί
378 1224 712 1296 ⁴ιτιροσείρητο
740 1223 798 1290 ἐξ
832 1223 1013 1293 ἀρχῆς
1074 1219 1280 1290 μηδένα
1311 1216 1504 1272 ἑαυτὸν
1541 1216 1731 1287 φέρειν
1766 1215 1882 1270 ἀλλ’

297 1318 506 1387 ¹ἕτερον,
570 1314 944 1385 Θεμιστοκλέα
997 1313 1199 1375 πάντες
1229 1311 1401 1364 οῐσειν
1448 1308 1695 1379 ἔμελλον,
1727 1308 1786 1361 ὄν
1820 1323 1884 1375 γε

298 1386 401 1462 καί
442 1408 645 1471 παντὸς
671 1408 834 1462 άλλου
857 1408 899 1439 ⁶¹
931 1408 1041 1469 πᾶς
1061 1422 1145 1468 τις
1172 1402 1503 1473 προύκρινεν
1536 1386 1755 1464 ἀὺτῶν,
1792 1401 1887 1452 καὶ⁵

298 1500 498 1568 ὁμοίως
522 1499 588 1555 ἂν
604 1500 650 1532 ⁸⁸
697 1498 913 1570 πρῶτος
970 1497 1217 1566 ἐγίγνετο
1238 1496 1430 1567 ὥσπερ
1459 1493 1583 1547 τότε
1609 1492 1881 1563 δεύτερος.

299 1592 459 1647 Οὕτω
482 1593 578 1647 καὶ
600 1592 694 1645 νῦν
713 1591 966 1661 δεύτερον
996 1586 1137 1643 εἶναι
1155 1574 1528 1659 ψηφισάμενοι
1556 1584 1887 1655 προσόμοιον

301 1685 537 1748 ἐποίουν,
605 1684 794 1754 ὥσπερ
820 1681 887 1736 ἂν
916 1682 966 1734 εί
1010 1679 1225 1751 πρῶτον
1272 1675 1629 1748 ἐψηφίσαντο.
1674 1676 1747 1727 Οὐ
1781 1673 1887 1745 μὴν

299 1774 410 1826 οὐδ’
468 1772 641 1835 οὕτως
669 1772 892 1825 ἔλαττον
946 1772 1087 1842 ἒχων
1109 1768 1371 1839 ἀπῆλθεν,
1402 1767 1519 1821 ἀλλ’
1551 1766 1887 1837 ἀμφοτέροις

1987 598 2174 638 verum
2207 594 2371 652 quam
2402 579 2470 634 de
2494 575 2755 634 secundis
2780 573 3031 629 ferebant
3070 571 3353 639 partibus,!
3379 585 3443 627 ea
3476 586 3571 628 ve-

1988 673 2168 728 ritatis
2222 680 2343 727 erat
2383 670 2594 724 illustre
2643 665 3047 728 testimonium,
3108 678 3208 721 nec
3266 678 3364 719 eos
3404 663 3575 720 aliter

1987 778 2211 821 censere
2235 776 2392 831 posse
2416 760 2761 817 ostendebat.
2800 756 3144 828 Quapropter
3185 754 3230 813 si
3256 755 3573 827 pmdictum

1990 855 2181 911 fuisset
2210 854 2386 919 initio,
2420 866 2487 908 ne
2517 851 2642 919 quis
2663 850 2769 906 sibi
2801 848 3034 921 palmam
3066 846 3351 914 tribueret,
3383 860 3575 901 omnes

1988 953 2147 1000 erant
2176 941 2603 999 Themistoclem
2662 936 3087 1009 pronuntiaturi,
3143 950 3308 1006 quem
3355 935 3573 1004 quidem

1988 1033 2244 1089 omnibus
2289 1032 2412 1089 aliis
2456 1030 2817 1103 praeferebant
2856 1028 3095 1099 singuli:
3129 1040 3230 1083 nec
3274 1026 3431 1083 aliter
3457 1025 3575 1095 pri-

1991 1140 2133 1192 mus,
2162 1140 2225 1182 ac
2251 1134 2362 1181 tum
2406 1126 2675 1181 secundus
2720 1123 2935 1178 fuisset.
2996 1118 3261 1175 Similiter
3308 1124 3362 1173 et
3407 1131 3572 1180 nunc,

1989 1227 2279 1288 postquam
2346 1230 2469 1271 eum
2519 1215 2761 1271 secundo
2818 1219 3115 1283 posuerunt
3162 1210 3303 1276 loco,
3352 1210 3574 1278 perinde

1991 1307 2257 1372 fecerunt,
2298 1322 2363 1363 ac
2392 1308 2435 1363 si
2476 1306 2656 1377 primo
2687 1304 3018 1376 posuissent.
3091 1300 3473 1358 Verumtamen
3507 1313 3575 1354 ne

1989 1400 2073 1457 sic
2107 1400 2325 1471 quidem
2380 1399 2666 1455 inferiores
2734 1397 2858 1453 tulit
2913 1395 3111 1467 potius,
3164 1409 3326 1465 quam
3378 1392 3574 1467 5.306

1992 1503 2223 1563 utroque
2252 1492 2404 1550 vicit.
2438 1492 2575 1548 Nam
2602 1490 2773 1561 prima
2804 1488 3021 1560 quidem
3044 1496 3164 1542 erat
3188 1500 3219 1541 a
3242 1485 3493 1549 veritate,
3520 1492 3578 1539 et

1992 1601 2022 1640 a
2061 1586 2240 1653 seipse
2262 1594 2615 1650 consecutus,
2652 1581 3089 1653 quandoquidem
3114 1579 3256 1637 idem
3289 1576 3431 1647 quod
3456 1575 3574 1641 alii,

1992 1677 2140 1733 solus
2164 1678 2306 1747 juste
2333 1677 2579 1744 fecerat;
2616 1663 2855 1731 secunda
2885 1688 3015 1729 vero
3054 1671 3169 1741 jam
3212 1670 3261 1727 ei
3309 1682 3571 1725 concessa

1996 1771 2209 1825 fuerant
2249 1771 2412 1826 sicut
2444 1770 2588 1825 omni
2622 1768 2833 1823 ratione
2867 1768 3073 1838 primus
3102 1778 3268 1823 esset.
3328 1769 3395 1825 Et
3440 1785 3572 1841 qun-

302 1864 541 1932 ἐνίκησε.
576 1863 658 1915 Τά
686 1863 785 1932 μὲν
805 1862 913 1933 γὰρ
945 1860 1139 1931 πρῶτα
1185 1860 1277 1913 καὶ
1311 1857 1465 1928 παρὰ
1494 1858 1595 1927 τῆς
1621 1854 1883 1927 ἀληθείας

1992 1859 2133 1913 niam
2182 1859 2508 1929 posteriores
2538 1872 2754 1927 quoque
2776 1857 2958 1913 clades
2986 1856 3103 1928 ejus
3135 1873 3418 1915 recensere
3451 1874 3576 1929 pos-

305 1957 397 2007 ni.
419 1956 549 2025 παρ’
572 1953 737 2008 αὑτοῦ
766 1953 947 2007 λαϐὼν
990 1948 1101 2023 εἶχε
1129 1950 1211 2022 (τὸ
1242 1952 1349 2020 γάρ
1384 1949 1518 2003 αὐτὸ
1562 1952 1676 2013 τοῖς
1704 1948 1885 2012 ἄλλοις

303 2046 524 2117 ἐποίησε
588 2047 748 2117 μόνος
792 2046 903 2099 τῶν
961 2044 1137 2100 ἀλλων
1180 2042 1491 2111 δικαίως),
1537 2040 1608 2095 τὰ
1648 2040 1707 2095 δέ
1764 2040 1885 2094 δεύ-

303 2154 435 2208 τερα
466 2137 569 2208 ήδη
603 2135 1014 2208 συνεκεχώρητο
1030 2137 1095 2201 σθ,
1119 2136 1260 2189 ὥστε
1286 2136 1344 2202 ἐξ
1377 2135 1632 2189 ἁπάντων
1666 2133 1885 2205 πρῶτος

300 2225 388 2299 ἦν.
426 2229 606 2299 Ἕχων
628 2230 677 2261 ’⁸
699 2228 753 2282 δέ
777 2228 959 2297 λέγειν
1001 2228 1170 2281 πολλὰ
1200 2228 1296 2281 καὶ
1338 2226 1469 2298 περὶ
1520 2226 1628 2278 τῶν
1659 2224 1885 2294 ὕστερον

298 2318 463 2373 αύτοῦ
520 2318 837 2389 συμφορῶν,
890 2319 983 2372 καὶ⁸
1024 2319 1172 2380 ὅπως
1214 2318 1281 2371 ἂν
1339 2318 1487 2371 ἅπαν
1537 2316 1600 2369 τὸ
1644 2317 1882 2389 πρᾶγμα

302 2407 727 2477 συνεσκευάσθη,
753 2409 848 2460 καὶ
879 2407 1060 2459 ὁποῖόν
1088 2424 1211 2458 τινα
1244 2408 1346 2459 κᾶν
1374 2404 1582 2466 τούτοις
1610 2403 1885 2471 παρέσχεν

300 2499 517 2564 ἐαυτὸν,
577 2498 879 2569 ἐϐουλόμην
916 2497 984 2552 ἂν
1029 2498 1089 2551 ἐν
1133 2497 1309 2567 τούτῳ
1363 2496 1553 2568 χρείας
1600 2490 1744 2549 εἶναι
1792 2496 1884 2547 τὸν

297 2594 453 2659 λρὶγον
489 2590 630 2644 ὥστε
656 2591 751 2644 καὶ
775 2592 919 2662 Ιπερὶ
948 2588 1151 2644 τούτων
1171 2590 1416 2657 ἐπείγειν
1444 2585 1585 2641 εἶναι
1618 2587 1847 2641 διελθεῖν
1866 2602 1881 2616 ο

296 2679 453 2748 οἶμαι
501 2682 609 2751 γὰρ
646 2682 827 2735 obde"
861 2681 1169 2751 φαυλότερα
1187 2681 1232 2713 τί
1271 2681 1380 2733 οὐδ’
1412 2680 1619 2733 ἐλάττω
1674 2676 1781 2731 τῶν
1810 2678 1885 2729 εί-

299 2773 554 2842 ρημένων
584 2774 683 2842 ήδη
708 2773 883 2825 εἰπεῖν
920 2770 987 2825 ἂν
1018 2773 1146 2838 περὶ
1200 2770 1386 2825 αὐτοῦ.
1430 2770 1584 2823 Ἐπεὶ
1603 2771 1659 2824 δέ
1686 2772 1804 2840 ἆμα
1824 2786 1884 2821 τε

298 2868 404 2931 ἔξω
417 2867 517 2935 τῆς
540 2865 847 2929 ύποθέσεώς
879 2867 995 2917 ἐστι
1028 2866 1118 2916 καὶ
1154 2865 1330 2935 μῆκος
1358 2864 1743 2934 ἐπεισέρχεται
1766 2865 1882 2927 τοῖς

297 2954 498 3019 λόγοις,
529 2954 856 3023 παραλείψω
885 2953 1080 3017 ταῦτα,
1106 2952 1359 3006 τοσοῦτον
1407 2953 1881 3023 ἐπιφθεγξάμενος

296 3048 392 3099 καὶ
425 3046 554 3113 περὶ
576 3043 763 3097 τούτου
797 3042 893 3096 τοῦ
925 3045 1147 3115 μέρους.
1174 3043 1257 3096 ὅτι
1282 3043 1471 3114 ἐπειδὴ
1490 3043 1536 3075 ⁷³
1568 3043 1677 3097 ἔδει
1710 3060 1879 3114 στρα-

292 3137 472 3191 τεύειν
517 3137 610 3189 ἐπὶ
661 3136 759 3207 τὴν
800 3136 1048 3200 Ἐλλάδα,
1086 3134 1382 3205 προύκρινε
1421 3135 1701 3206 τελευτᾷν,
1737 3134 1883 3205 ἔργῳ
1910 3181 1954 3241 c

296 3231 397 3299 μὲν
427 3230 596 3292 λύσας
644 3230 824 3281 πᾶσαν
864 3228 1069 3289 αίτίαν,
1118 3227 1297 3291 δείξας
1326 3226 1383 3278 δέ
1414 3226 1615 3280 ὁπόσου
1650 3227 1880 3295 τιμᾶται

292 3323 391 3384 τὰς
438 3321 701 3392 πρότερον
735 3320 966 3390 πράξεις
1012 3321 1105 3372 καὶ
1150 3319 1220 3373 τά
1244 3318 1641 3388 πολιτεύματα,
1674 3320 1769 3371 καὶ
1795 3318 1880 3370 ὅτι

290 3413 550 3465 οὐδέποτε
582 3412 725 3465 ἑκὼν
764 3407 908 3465 εἶναι
936 3410 1031 3462 τοῦ
1062 3408 1226 3463 καλοῦ
1251 3408 1462 3463 καὶτοῦ
1493 3409 1878 3479 προσήκοντος

291 3502 444 3556 οὐδὲν
472 3504 737 3573 πρότερον
791 3503 1101 3571 ποιήσεται,
1135 3502 1195 3554 ού
1225 3500 1458 3554 πλοῦτον
1480 3502 1545 3564 ⁷⁸,
1566 3503 1627 3554 οὐ
1662 3501 1879 3567 παῖδας,

289 3595 391 3646 οὒκ
419 3592 659 3662 ἐλπίδας,
678 3592 737 3645 ού
751 3592 848 3663 τὴν
867 3590 1140 3661 σωτηρίαν
1163 3591 1353 3663 αὑτήν.
1373 3589 1571 3657 Ἐγὼ⁷³
1603 3590 1703 3658 μὲν
1730 3587 1882 3660 οἶμαι

294 3684 387 3735 καὶ
445 3683 626 3753 ίερὲας
657 3684 751 3735 καὶ
801 3681 1029 3751 ἱερείας,
1056 3682 1151 3735 καὶ
1194 3682 1341 3743 ὅστις
1388 3680 1547 3743 ἀλλος
1595 3681 1882 3753 Ἀθήνῃσιν

290 3776 513 3841 εΰχεται
530 3773 787 3844 δημοσίᾳ,
806 3772 1032 3842 τοῦτ’,ἃν
1059 3772 1285 3835 είκότως
1313 3771 1435 3824 καθ’
1459 3773 1688 3826 ἐκαστον
1707 3771 1825 3835 ἔτος
1836 3773 1881 3804 ’⁵

292 3866 430 3935 πρὸς
474 3866 645 3919 ἅπασι
673 3867 785 3929 τοῖς
836 3865 1016 3927 ἄλλοις
1064 3865 1487 3934 προσεύχεσθαι,
1544 3863 1683 3916 κατὰ
1741 3862 1873 3929 γοῦν

288 3956 533 4020 ἐκείνους
585 3956 711 4019 τοὺς
766 3955 1013 4026 χρόνους,
1058 3956 1155 4009 καὶ
1199 3955 1303 4019 ἐως
1346 3953 1491 4030 ἐξῆν.
1545 3953 1708 4023 φῦναί
1763 3971 1883 4007 τινα

287 4049 477 4109 αὐτοῖς
498 4047 667 4118 ἄνδρα
692 4048 877 4117 ὅμοιον
898 4046 1275 4116 Θεμιστοκλεῖ,
1308 4046 1403 4099 καὶ
1433 4046 1573 4114 μετὰ
1594 4046 1692 4113 τῆς
1714 4045 1882 4117 ἄλλης

291 4143 388 4192 καὶ
420 4140 565 4193 τοῦτ’
584 4141 828 4207 ἐνεγκεῖν
852 4139 950 4209 τὴν
979 4140 1083 4209 γῆν
1118 4137 1378 4207 τάγαθόν.
1414 4137 1624 4191 Οῦκουν
1641 4137 1687 4168 ’⁷
1719 4138 1881 4191 ἐλάτο

287 4248 368 4281 τω
394 4232 445 4298 γ’
475 4228 539 4282 ἂν
565 4227 791 4282 δνασθαί
836 4246 928 4298 μοι
951 4228 1253 4298 δοκοῦσινῆ
1286 4228 1335 4280 εί
1362 4227 1541 4280 πάντα
1569 4227 1654 4290 είς
1687 4227 1881 4279 ἑκατὸν

290 4324 383 4373 καὶ
411 4321 491 4373 ἐτι
517 4321 689 4374 πλείω
704 4321 805 4390 τῆς
834 4322 1018 4391 χώρας
1042 4321 1214 4389 αὐτῆς
1235 4319 1632 4389 ἐξενεγκούσης
1650 4320 1713 4372 ⁷⁸.
1752 4321 1882 4373 Ἀλ-

289 4418 397 4474 λως
420 4412 519 4479 μὲν
550 4410 730 4464 τοίνυν
777 4412 1093 4481 ᾐσχυνόμην
1121 4410 1299 4478 ἔγωγε
1339 4410 1432 4463 ἐπὶ
1464 4409 1739 4473 τοσούτοις
1785 4409 1881 4463 καὶ

1986 1966 2122 2015 sem,
2149 1965 2212 2006 ac
2238 1951 2507 2021 quomodo
2534 1956 2702 2003 totum
2735 1949 3008 2019 negmium
3047 1949 3209 2003 fuerit
3235 1949 3571 2014 confectum.

1984 2043 2309 2115 qualemque
2342 2042 2394 2096 in
2421 2042 2505 2096 his
2540 2043 2642 2098 iste
2676 2056 2735 2096 se
2770 2040 3078 2111 praebuerit,
3105 2040 3383 2098 declarare
3417 2060 3433 2098 :
3464 2042 3574 2097 vel-

1987 2140 2087 2195 lem
2115 2140 2368 2209 equidem
2407 2137 2530 2192 eam
2554 2137 2710 2192 nobis
2740 2135 2809 2190 ab
2840 2136 3088 2191 oratione
3112 2134 3289 2190 aﬂerri
3327 2135 3568 2191 necessi-

1986 2240 2173 2294 tatem,
2199 2239 2257 2285 ut
2280 2229 2443 2285 etiam
2472 2229 2538 2283 de
2568 2228 2652 2283 his
2680 2236 2827 2283 esset
2858 2226 3165 2282 dicendum.
3209 2225 3341 2279 Nam
3380 2239 3444 2281 ea
3474 2240 3589 2281 nec.

1987 2322 2209 2385 leviora,
2243 2321 2297 2375 ni
2328 2320 2508 2387 fallor,
2535 2319 2618 2375 vel
2648 2319 2856 2373 minora
2880 2316 3059 2372 forent
3088 2318 3153 2371 iis
3184 2332 3305 2387 qua:
3325 2316 3437 2387 jam
3476 2330 3561 2371 re-

1994 2410 2099 2463 lata
2133 2417 2281 2465 sunt.
2346 2407 2545 2463 Verum
2593 2409 2847 2478 quoniam
2876 2417 2932 2462 et
2964 2416 3341 2478 argumentum
3402 2419 3567 2474 supe-

1988 2512 2129 2567 rant,
2158 2512 2213 2557 et
2252 2502 2474 2556 nimium
2506 2502 2710 2557 crescit
2735 2500 2933 2568 oratio,
2973 2500 3222 2554 omittam
3257 2514 3345 2563 ea,
3382 2509 3438 2553 et
3468 2500 3572 2555 hoc

1988 2604 2193 2648 tantum
2226 2596 2326 2647 hac
2347 2594 2510 2649 etiam
2535 2593 2601 2649 de
2631 2608 2691 2648 re
2723 2593 2939 2655 addam,
2972 2606 3094 2647 eum
3119 2600 3407 2661 postquam
3434 2606 3571 2647 con-

1986 2697 2066 2738 tra
2092 2683 2358 2739 Graeciam
2394 2683 2497 2738 fuit
2527 2683 2889 2748 militandum,
2937 2683 3070 2737 mori
3120 2683 3401 2750 maluisse,
3458 2697 3567 2754 qua

1984 2774 2201 2842 quidem
2253 2788 2313 2829 re
2345 2788 2467 2829 cum
2501 2775 2704 2830 crimen
2743 2788 2904 2829 omne
2938 2773 3203 2840 dissolvit,
3244 2784 3354 2829 tum
3386 2784 3571 2829 osten-

1986 2866 2065 2918 dit
2094 2863 2382 2919 manifeste
2442 2864 2631 2933 quanti
2686 2864 2895 2933 priores
2933 2872 3112 2932 gestas
3161 2878 3248 2918 res
3281 2873 3338 2919 et
3388 2864 3566 2932 reipu-

1987 2956 2139 3013 blica:
2199 2955 2722 3011 administrationem
2779 2955 3001 3020 faceret,
3058 2970 3159 3010 nec
3216 2969 3452 3025 unquam
3509 2967 3570 3009 se

1984 3049 2247 3103 scientem
2289 3047 2582 3116 quidquam
2613 3046 2816 3101 virtute
2845 3054 2899 3102 et
2949 3044 3125 3100 oliicio
3166 3046 3314 3114 prius
3357 3042 3569 3099 habitu-

1989 3155 2134 3205 rum,
2167 3154 2273 3194 non
2322 3138 2565 3203 divitias,
2625 3153 2732 3193 non
2787 3138 3009 3202 liberos,
3070 3152 3173 3191 non
3226 3151 3399 3205 spem,
3458 3152 3567 3190 non

1988 3234 2157 3300 ipsam
2200 3235 2453 3287 salutem.
2487 3232 2665 3299 Atque
2700 3230 2951 3286 existimo
2990 3229 3240 3297 equidem
3291 3237 3348 3283 et
3389 3242 3569 3283 sacer-

1982 3329 2157 3392 dotes,
2218 3335 2275 3379 et
2326 3324 2571 3395 quisquis
2607 3322 2745 3379 alius
2792 3322 3020 3377 Athenis
3071 3336 3259 3392 preces
3309 3320 3565 3384 faciebat,

1985 3417 2182 3473 merito
2214 3426 2326 3470 tum
2381 3415 2602 3485 quidem
2639 3413 2851 3483 publice
2896 3412 3188 3483 quotannis
3242 3410 3344 3467 hoc
3397 3410 3567 3466 fuisse

1985 3509 2125 3563 inter
2163 3508 2265 3563 alia
2303 3518 2577 3574 oraturos,
2608 3514 2668 3560 ut
2716 3504 2912 3575 aliquis
2970 3505 3112 3573 apud
3155 3503 3303 3573 ipsos
3347 3500 3568 3558 Themi-

1984 3597 2142 3653 stocli
2206 3597 2399 3652 similis
2429 3608 2765 3661 nasceretur,
2796 3605 2852 3649 et
2894 3595 3034 3649 inter
3057 3604 3311 3649 caeterum
3338 3608 3568 3662 proven-

1987 3701 2099 3745 tum
2134 3690 2236 3745 hoe
2272 3691 2434 3744 etiam
2466 3690 2662 3743 bonum
2697 3696 2842 3742 terra
2877 3686 3243 3756 produceret..
3286 3683 3395 3739 Nec
3421 3685 3565 3741 enim

1986 3778 2252 3833 minorem
2285 3778 2540 3832 videntur
2583 3776 2714 3831 mihi
2746 3776 2980 3830 fructum
3029 3774 3196 3830 fuisse
3236 3776 3563 3846 percepturi,

1985 3885 2146 3937 quam
2176 3869 2221 3924 si
2248 3869 2430 3923 omnia
2453 3883 2576 3923 cum
2623 3868 2948 3931 centesimo,
2998 3866 3081 3920 vel
3145 3869 3309 3922 etiam
3362 3868 3566 3939 majore

1985 3958 2171 4015 fenore
2229 3959 2376 4029 regio
2422 3958 2755 4028 protulisset.
2788 3958 2867 4013 Ac
2896 3959 3121 4027 puderet
3152 3974 3236 4012 me
3278 3973 3565 4028 propemo-

1985 4054 2132 4115 dum,
2172 4066 2295 4107 cum
2346 4060 2515 4106 totae
2549 4052 2672 4106 talia
2721 4051 2971 4113 dixerim,
3003 4060 3167 4106 testes
3216 4051 3436 4119 insuper
3468 4049 3566 4105 ad-

1984 4140 2196 4205 hibere,
2237 4140 2343 4195 nisi
2378 4140 2539 4194 unius
2569 4150 2713 4195 esset
2760 4141 2978 4209 aliquod
3014 4150 3351 4196 momentum
3408 4140 3565 4195 testi-

1986 4230 2174 4292 monii,
2209 4231 2350 4297 quod
2396 4230 2780 4299 proferendum
2811 4245 3029 4287 censeo.
3092 4230 3383 4287 Videamus
3432 4246 3565 4300 ergo

1983 4321 2109 4388 quid
2157 4319 2449 4376 Eschines
2513 4321 2756 4377 Socratis
2812 4323 3033 4385 sodalis,
3096 4324 3339 4378 Platonis
3384 4334 3563 4379 autem

1982 4412 2409 4483 condiscipulus,
2436 4414 2633 4469 dixerit
2664 4432 2678 4470 :
2713 4413 2975 4481 Quoniam
3015 4416 3175 4486 igisur
3203 4414 3565 4475 Themistoclis

288 4500 557 4563 τοιούτοις
608 4503 719 4563 τοῖς
751 4502 1062 4571 εἰρημένοις
1130 4502 1372 4571 μάρτυσι
1428 4499 1875 4570 προσχρώμενος.

1986 4518 2145 4556 ausus
2174 4520 2227 4558 es
2258 4505 2415 4557 vitam
2440 4520 2670 4573 carpere,
2700 4506 2813 4560 vide
2834 4507 3043 4576 qualem
3076 4506 3344 4561 adoriurs's
3371 4508 3561 4562 uirum.

292 4595 452 4646 Ἔστι
478 4593 534 4647 δέ
564 4610 619 4646 τι
646 4592 919 4664 προύργου
950 4594 1078 4663 μιᾶς
1119 4593 1448 4665 μαρτυρίας,
1479 4592 1546 4662 ην
1567 4592 1648 4645 δεῖ
1668 4598 1872 4663 επαρα-

290 4686 535 4757 σχέσθαι.
606 4684 944 4755 Σκεψώμεθα
997 4685 1123 4753 δὴ⁷⁹
1183 4686 1313 4737 ποῖα
1361 4683 1499 4736 άττα
1548 4682 1698 4750 λέγει
1744 4684 1873 4754 περὶ

1984 4592 2174 4662 Itaque
2211 4595 2383 4665 cogita
2422 4599 2559 4650 unde
2596 4598 2675 4650 sol
2705 4599 2933 4661 oriatur,
2982 4606 3141 4667 atque
3192 4598 3281 4652 ubi
3335 4599 3563 4653 occidat.

1987 4682 2110 4739 Non
2160 4695 2259 4748 est,
2291 4687 2484 4756 inquit,
2542 4689 2638 4742 hoc
2667 4689 2898 4758 difﬁcile,
2930 4688 3205 4751 Socrates,
3235 4704 3565 4758 cognoscere.

288 4777 727 4845 Ηεμιστοκλέους
752 4778 883 4847 ἡμῖν
932 4776 1192 4846 Αἰσχίνης
1216 4774 1263 4807 ⁸⁸
1310 4776 1339 4828 ὁ
1380 4773 1705 4845 Σωκράτους
1767 4775 1867 4845 μὲν
1907 4777 2144 4846 ἑταῖρος,
2174 4776 2459 4842 Πλάτωνος
2513 4778 2571 4831 δέ
2596 4782 2995 4852 συμφοιτητής.
3034 4780 3276 4849 Ἐπειδὴ
3358 4780 3570 4838 τοίνυν·

291 4871 401 4925 τοῦ
421 4871 894 4940 Θεμιστοκλέους
916 4871 1061 4935 βίου
1087 4869 1599 4939 ἐπιλαμϐάνεσθαι
1619 4869 1984 4940 ἐτόλμησας,
2006 4873 2234 4941 σκέψαι
2260 4874 2365 4940 οἵῳ
2419 4874 2595 4942 ἀνδρί
2657 4875 2937 4945 ἐπιτιμᾷν
2975 4876 3247 4945 ἠξίωσας
3294 4893 3307 4907 ·
3389 4876 3564 4929 ἐνου-

288 4966 507 5030 priami
534 4963 645 5030 τὰρ
671 4963 715 4994 ⁸¹
742 4966 963 5017 ὁπόθεν
982 4966 1016 5017 ό
1046 4963 1220 5031 ἥλιος
1256 4963 1496 5030 ἀνίσχει
1552 4964 1649 5017 καί
1684 4964 1840 5018 ὅπου
1875 4963 2079 5019 δύεται
2094 4966 2161 5022 ⁸¹.
2201 4967 2571 5033 Ἄλλόὺδὲν,
2596 4970 2734 5040 ἔφη,
2757 4971 3105 5040 χαλεπὸνυ,
3154 4967 3208 5026 ὦ
3238 4971 3563 5039 Σώκρατες,

292 5057 364 5108 τὰ
395 5053 639 5108 τοιαῦτα
674 5053 917 5108 ειδέναι.

363 5199 472 5251 Καὶ
499 5198 639 5271 μετὰ
669 5198 838 5253 πολλὰ
854 5197 988 5253 ἄλλα
1010 5198 1262 5271 ἐγκώμια
1313 5201 1512 5270 ἐπάγει
1539 5204 1633 5257 καὶ
1661 5203 1852 5258 ταῦτα·

2038 5202 2327 5271 Postquam
2360 5202 2619 5270 plurimas
2638 5202 2824 5259 laudes
2866 5204 3002 5257 hanc
3021 5220 3233 5274 quoqm-
3275 5205 3557 5277 ndjungit:

1565 5422 1794 5479 νΑιιιιΕ
1823 5422 2231 5481 LECTIONES.

362 5582 402 5650 δῖ
433 5579 590 5634 ἄλλου
619 5596 726 5632 mn.
764 5581 823 5631 Α.
902 5580 946 5608 ⁸⁴
978 5579 1066 5650 ἂν]

286 5648 396 5702 οὐδ¹
429 5666 537 5703 um.
580 5650 645 5703 Α.
722 5651 767 5681 ⁷³
807 5650 1020 5701 ἐπεὶΛ.

288 5724 441 5786 ponit
472 5721 536 5771 Α.
614 5719 658 5749 ⁷⁷
686 5718 898 5771 οὔκουν.

289 5806 427 5847 ιτςου
451 5790 631 5841 δύεται
655 5805 761 5843 om.
793 5794 856 5842 Α.
934 5788 979 5818 ⁸³
1008 5790 1240 5857 χαλεπὸν
1270 5788 1483 5846 υΙΙΙ-Ᾱι

1099 5580 1163 5631 ἂν
1212 5580 1329 5633 τότε
1364 5584 1425 5635 Α.

1100 5650 1143 5679 ⁷⁸
1174 5650 1234 5700 ού
1272 5650 1497 5705 πλοῦτον
1526 5668 1633 5707 om.
1671 5656 1732 5707 A.

1525 5585 1567 5615 "
1613 5582 1956 5653 συνεχώρητο
1981 5600 2041 5646 ς.
2146 5587 2191 5615 ⁷ο
2231 5588 2235 5634 i

1526 5668 1633 5707 0m.
1671 5656 1732 5707 A.
1812 5654 1857 5684 ’³
1888 5652 2020 5708 ἐγὼΙ
2057 5671 2105 5708 n.
2131 5653 2235 5708 362

974 5654 1020 5701 ἱ.
1100 5654 1143 5679 ⁷⁵
1174 5654 1234 5700 ού
1272 5654 1497 5705 πλοῦτον
1526 5668 1633 5707 om.
1671 5656 1732 5707 A.
1812 5654 1857 5684 "
1888 5654 2020 5722 ἐγὼΙ
2057 5671 2105 5722 p.
2131 5654 2254 5708 362.

974 5720 1020 5793 7⁸
1052 5719 1443 5793 ἐξενεγκούσης
1481 5740 1589 5779 υιιι.
1624 5723 1684 5778 Λ.
1765 5724 1807 5756 ⁷⁸
1847 5722 1910 5793 δὴ
1940 5725 1979 5776 Α
2005 5720 2032 5777 ἐ
2064 5723 2118 5777 δὲ
2152 5739 2209 5788 ς.

2146 5584 2396 5661 Ῐξ-ἕχωνξ
2450 5587 2683 5661 mussi.
2764 5587 2990 5661 nosse»
3031 5591 3094 5641 Α.
3180 5583 3564 5661 “ausim”

2356 5646 2410 5729 i‘_
2431 5646 2549 5729 καθ¹
2577 5655 2809 5729 ἕκαστον
2840 5655 2958 5729 ἔτος
2998 5667 3126 5729 βοειῄ
3153 5646 3554 5729 προσεύχεσθαι

2290 5726 2331 5755 ’⁸⁸
2350 5726 2608 5794 Αἰσχίνης
2638 5740 2748 5783 om.
2776 5728 2843 5779 Α.
2921 5726 2963 5758 ⁸¹
2998 5727 3127 5799 γάρ]
3157 5726 3221 5798 δὴ
3253 5730 3316 5783 Β.
3366 5726 3431 5761 ’δ’
3464 5733 3550 5786 καί
