4216 6430
314 390 330 451 l
344 390 444 451 557

1327 386 2115 449 BIBLIO’I‘IIECA.—COD.
2148 389 2499 451 CCXLVIII.

3420 390 3557 454 1558

308 519 417 553 των
455 498 583 568 περὶ
609 498 779 552 ταῦτα
824 497 866 528 ¹⁹
911 495 1347 564 ἁμαρτημάτων,
1390 495 1443 547 εἴ
1492 512 1546 548 τι
1588 497 1662 565 μὴ
1706 496 1874 559 καλῶς

1986 508 2238 563 suerunt,
2268 513 2366 552 nec
2403 498 2832 563 accuratissime,
2864 510 3037 565 neque
3064 505 3124 549 ut
3158 497 3408 553 volebant
3442 514 3560 552 ma-

310 592 537 660 ὖστερον
568 591 701 660 μηδὲ
729 589 802 651 ὡς
835 587 941 657 χρὴ
970 586 1233 656 γράφοιεν
1260 586 1344 653 ἐφ’
1364 586 1571 639 ἑαυτῶν
1596 589 1659 641 ’⁸.
1685 590 1744 640 Εἰ
1766 588 1820 640 δὲ
1840 588 1882 619 ι’

312 685 386 750 μὴ
409 683 626 743 στάντας
642 680 989 742 ἐπαίδευσαν,
1015 678 1147 747 μηδέ
1168 679 1242 740 ὡς
1265 674 1374 730 οἷόν
1401 696 1458 730 τε
1492 679 1879 749 ἀκριϐέστατα,

309 771 317 836 |
344 771 476 824 1296
504 769 597 839 IL]
622 769 744 838 μηδ’
784 769 860 830 ὡς
908 768 1140 835 μάλιστα
1164 768 1537 837 ἐϐουλήθησαν
1564 770 1629 833 ¹³,
1652 770 1705 821 τί
1738 770 1798 821 τό
1820 786 1882 836 γε

308 861 648 927 ἐκπεφευγὸς
692 859 793 927 τῆς
826 859 1048 911 ἐκείνων
1079 860 1416 929 προστασίας
1453 859 1518 912 ἄν
1552 878 1636 921 τις
1673 860 1876 929 τιθείης

308 953 369 1002 ού
400 953 508 1019 γὰρ
531 954 630 1019 τῆς
651 952 875 1002 ἐκείνων
897 949 1111 1018 ὁμιλίας
1133 949 1291 1002 τοῦτο
1315 949 1619 1013 ἀπώναντο,
1641 950 1755 1003 ἀλλ’
1782 952 1882 1004 οὐκ

308 1042 597 1095 ἀπώναντο
647 1042 871 1094 ἐκείνων
924 1041 1003 1093 ἐτι
1052 1058 1105 1094 τι
1137 1041 1298 1094 τοῦτό
1327 1057 1412 1108 γε.
1459 1040 1669 1093 Οὔκουν
1699 1040 1757 1106 ἐξ
1806 1034 1881 1094 ὧν

311 1134 598 1201 προσεῖχον
629 1132 834 1195 αὐτοῖς.
864 1132 926 1184 ἐκ
952 1131 1157 1185 τούτων
1177 1132 1448 1201 ἥμαρτον,
1477 1131 1593 1185 ἀλλ’
1635 1132 1695 1195 ἐξ
1717 1125 1791 1185 ὧν
1817 1130 1880 1184 οὐ

308 1226 616 1295 προσεῖχον,
667 1223 1119 1293 ἐπλημμέλησαν.
1174 1221 1363 1284 Οὕτως
1412 1220 1447 1274 ἀ
1480 1239 1543 1289 γε
1593 1222 1876 1275 ἐπείθοντο

310 1318 500 1384 σαφῶς
533 1316 623 1387 ἀρ’
674 1318 724 1368 οῖ
750 1316 1025 1379 πείθοντες
1075 1314 1293 1369 ἔπειθον
1341 1314 1539 1375 καλῶς.
1574 1316 1685 1386 Τὴν
1731 1314 1788 1367 δὲ
1837 1314 1880 1345 ¹⁴⁵

309 1407 596 1476 πολιτικὴν
624 1409 673 1459 εί
718 1408 791 1477 μὴ
834 1408 1036 1469 πάντας
1073 1406 1399 1459 ἐπαίδευσαν
1439 1404 1753 1474 Ἀθηναίους
1782 1405 1882 1457 Θε-

309 1499 604 1569 μιστοκλῆς
634 1500 728 1553 καὶ
764 1498 1037 1567 Περικλῆς
1072 1498 1167 1550 καὶ
1200 1496 1501 1565 Μιλτιάδης
1534 1497 1630 1548 καὶ
1662 1495 1876 1565 Κίμων,

307 1588 430 1656 μηδ’
465 1589 708 1651 ἅπαντας
741 1588 941 1656 ἐφεξῆς
971 1588 1213 1656 βελτίους
1234 1587 1500 1656 ἐποίησαν
1526 1587 1666 1639 κατὰ
1703 1586 1880 1651 φυλὰς

302 1681 399 1732 καὶ
430 1681 548 1731 κατ’
572 1679 740 1750 ἄνδρα
774 1679 961 1747 ὥσπερ
988 1678 1254 1748 θεωρικὸν
1283 1678 1381 1748 τὴν
1420 1678 1729 1748 ἐπιστήμην
1758 1678 1874 1731 δια-

303 1769 583 1837 νέμοντες,
617 1765 717 1821 εἶθ⁹
753 1769 1030 1839 ὑπερφυές
1060 1786 1112 1821 τι
1149 1769 1393 1838 φήσομεν
1424 1769 1545 1821 κατ’
1576 1768 1754 1821 αὐτῶν
1788 1769 1878 1820 εὑ-

1989 588 2153 649 ximc,
2177 602 2273 640 cur
2300 588 2349 641 id
2379 590 2522 657 quod
2546 587 2753 658 effugit,
2778 589 2845 642 ad
2870 589 3108 656 ipsorum
3130 589 3251 657 quis
3268 590 3559 659 magistros

1988 676 2233 731 referat?
2272 677 2380 731 Nec
2405 679 2546 731 enim
2573 680 2711 734 hunc
2730 678 2965 734 fructum
2989 695 3057 733 ex
3088 679 3298 733 illorum
3328 695 3559 740 consue-

1988 768 2171 821 tudine
2220 779 2571 838 perceperant
2619 771 2814 834 potius,
2846 784 3005 838 quam
3055 785 3161 823 non
3187 769 3299 836 jam
3347 769 3401 825 id
3450 770 3558 827 illis

1986 868 2236 927 poterant
2274 870 2555 929 acceptum
2606 860 2771 914 ferre.
2808 860 3071 927 Quocirca
3125 877 3231 916 non
3269 862 3399 929 quia
3435 863 3559 918 illos

1986 953 2354 1019 attendebant,
2391 952 2709 1021 peccabant,
2742 952 2834 1007 sed
2868 954 2991 1022 quia
3026 967 3131 1007 non
3179 955 3556 1021 attendebant,

1985 1058 2155 1112 usque
2185 1060 2249 1099 eo
2278 1044 2365 1098 illa
2386 1060 2517 1115 quae
2545 1046 3013 1114 persuadebantur
3051 1054 3202 1101 recte
3233 1045 3343 1100 illis
3364 1047 3559 1101 suade-

1986 1135 2137 1188 bant.
2155 1134 2377 1190 Civilem
2402 1150 2529 1190 vero
2556 1136 2836 1190 scientiam
2856 1135 2958 1188 nisi
2992 1134 3355 1191 Athenienses
3369 1150 3560 1192 omnes

1984 1224 2297 1289 docuerint,
2368 1223 2760 1281 Themistocles
2788 1264 2804 1289 ,
2856 1225 3113 1291 Pericles,
3184 1224 3453 1281 Miltiades
3504 1235 3563 1282 et

1982 1310 2197 1377 Cimon,
2224 1322 2387 1383 atque
2409 1324 2635 1369 cunctos
2657 1330 2726 1370 ex
2758 1314 2950 1371 ordine
2977 1315 3223 1370 tributim
3258 1329 3321 1371 ac
3350 1314 3560 1372 viritim

1984 1402 2233 1458 meliores
2264 1404 2632 1470 reddiderant,
2663 1404 2887 1460 scientia
2927 1405 3077 1473 quasi
3110 1405 3367 1461 theatrali
3396 1419 3563 1473 pecu-

1982 1493 2072 1548 nia
2106 1493 2414 1560 distributa,
2449 1511 2518 1551 ne
2556 1496 2700 1567 ipsos
2725 1497 2942 1567 quidem
2973 1511 3035 1552 ea
3070 1496 3125 1551 in
3159 1512 3217 1551 re
3242 1496 3563 1552 excelluisse

1982 1584 2246 1643 dicemus.
2297 1585 2410 1642 Nec
2441 1587 2571 1644 illud
2605 1588 2914 1659 Protagora:
2967 1589 3041 1642 tui
3095 1589 3194 1643 tibi
3251 1588 3471 1653 sullicit,
3511 1588 3560 1643 si

1986 1676 2175 1748 vulgus
2190 1679 2275 1733 vel
2294 1693 2361 1734 ex
2382 1689 2534 1748 parte
2560 1680 2739 1751 aliqua
2777 1682 2845 1737 ad
2879 1680 3135 1737 virtutem
3166 1680 3556 1750 perduxerunt;

1985 1783 2168 1823 verum
2196 1770 2298 1824 nisi
2323 1773 2502 1826 omnia
2533 1788 2695 1842 quam
2717 1773 3022 1829 rectissime
3051 1771 3303 1843 populus,
3320 1780 3375 1827 et
3400 1771 3557 1842 quasi

302 1856 552 1924 ρηκέναι,
592 1856 667 1919 ὡς
710 1857 819 1911 οὐδ’
866 1858 1022 1910 αὐτοὶ
1080 1857 1320 1925 βελτίους
1367 1852 1506 1928 ἦσαν
1538 1858 1751 1919 οὐδενὸς
1798 1861 1874 1921 εἰς

1980 1860 2064 1913 vir
2100 1876 2239 1915 unus
2285 1862 2705 1929 administravit,
2752 1865 2804 1919 id
2835 1866 2945 1935 jam
2981 1864 3251 1934 praefectis
3296 1864 3555 1933 imputas.

299 1951 510 2016 ταῦτα;
539 1950 661 2023 [701
700 1953 793 2023 IL]
830 1954 921 2004 καὶ
946 1952 1047 2004 οὐκ
1068 1952 1286 2021 ἀγαπᾷς
1314 1950 1374 2003 τὸ
1402 1952 1443 1983 ¹⁸
1472 1953 1564 2003 τοῦ
1588 1950 1682 2003 σοῦ
1723 1954 1876 2021 Πρω-

298 2044 535 2112 ταγόρου
568 2045 630 2105 ³⁸,
667 2045 715 2095 εί
737 2046 831 2095 καὶ
858 2045 897 2074 ¹¹¹
927 2043 1046 2097 καθ’
1069 2043 1291 2096 ὁσονοῦν
1335 2043 1712 2113 προύϐίϐασαν
1751 2048 1875 2105 τοὺς

303 2134 532 2196 πολλοὺς
560 2138 639 2198 εἰς
675 2136 735 2187 τὸ
768 2136 996 2204 βέλτιον,
1045 2135 1162 2188 ἀλλ’
1192 2136 1240 2187 εί
1293 2135 1365 2203 μὴ
1399 2135 1574 2188 πάντα
1626 2138 1654 2187 ὁ
1704 2135 1875 2203 δῆμος

300 2226 658 2295 ἀνεγκλήτως
699 2227 793 2278 καί
818 2226 1007 2294 ὥσπερ
1037 2222 1115 2288 εἷς
1147 2227 1289 2294 ἀνὴρ
1339 2226 1696 2294 μετεχείρισε,
1730 2225 1873 2279 τοῦτ’

298 2316 399 2384 ἤδη
436 2318 577 2367 κατά
596 2316 704 2367 τῶν
737 2316 1058 2385 προστατῶν
1102 2315 1220 2367 ἐστί
1247 2332 1350 2368 σοι.
1375 2314 1439 2366 Τί
1471 2311 1563 2367 οὖν
1588 2314 1630 2346 ³⁸
1662 2315 1873 2384 θαυμα-

301 2406 447 2469 στὸν,
482 2406 531 2457 εί
560 2406 801 2458 κάκεῖνοι
825 2406 995 2459 πολλά
1021 2407 1113 2458 καὶ
1139 2405 1349 2474 χρηστά
1375 2404 1874 2473 συμϐουλεύσαντες

311 2497 638 2567 Ἀθηναίοις,
679 2499 773 2551 καὶ
819 2499 987 2551 πολλὰ
1014 2498 1122 2551 τῶν
1178 2498 1452 2568 δυσχερῶν
1507 2498 1870 2561 κωλύσαντες.

303 2586 379 2655 μὴ
431 2586 519 2640 διὰ
563 2589 749 2651 τέλους
782 2589 978 2650 αὐτοὺς
1031 2588 1377 2658 ἠδυνήθησαν
1421 2592 1716 2657 κατασχεῖν
1752 2589 1873 2658 μηδ’

296 2677 543 2732 ἀθάνατα
570 2681 807 2743 ἰάσαντο,
832 2681 944 2732 ἀλλ’
968 2680 1277 2749 ἡττήθησαν
1300 2680 1395 2747 τῆς
1425 2679 1597 2747 δήμου
1635 2679 1869 2747 φύσεως,

1979 1948 2116 2003 Num
2140 1966 2268 2021 ergo
2294 1954 2487 2007 mirum
2508 1955 2633 2020 erit,
2652 1954 2694 2009 si
2726 1969 2827 2010 nec
2854 1954 3087 2019 illi,cum
3112 1954 3276 2009 multa
3301 1955 3439 2009 bona
3462 1954 3560 2009 do-

1978 2043 2214 2097 cuissent
2233 2044 2591 2099 Athenienses
2615 2060 2677 2099 ac
2706 2059 2874 2101 noxas
2896 2044 3091 2100 multas
3123 2044 3553 2115 impedivissent,

1977 2148 2188 2203 semper
2217 2149 2310 2189 eos
2337 2138 2590 2191 cohibere
2620 2146 2933 2205 potuerunt,
2984 2152 3161 2208 neque
3193 2138 3412 2193 morbos
3446 2141 3553 2194 lm-

1977 2226 2232 2279 inortales
2258 2237 2538 2293 curarunt,
2564 2230 2655 2282 sed
2698 2244 2727 2283 a
2758 2229 2937 2299 populi
2972 2238 3184 2296 natura,
3228 2231 3344 2285 sive
3371 2232 3555 2300 potius

1975 2316 2249 2369 communi
2305 2318 2579 2372 hominum
2633 2327 2762 2374 sunt
2817 2320 2980 2387 victi,
3053 2335 3156 2375 nec
3210 2322 3551 2391 iniquitatem

1976 2421 2197 2473 prorsus
2225 2423 2256 2462 e
2289 2409 2511 2463 civitate
2544 2418 2835 2479 potuerunt
2878 2411 3184 2481 exstirpare
3233 2426 3250 2465 :
3285 2411 3550 2481 quemad-

1978 2500 2192 2552 modum
2234 2514 2354 2553 cum
2406 2502 2657 2569 agricolae
2708 2502 2999 2570 quotannis
3054 2502 3171 2571 agri
3221 2502 3551 2557 detrimenta

1975 2592 2317 2651 exscintluut,
2362 2607 2460 2647 nec
2504 2608 2599 2662 per
2645 2602 2814 2648 totum
2868 2607 3052 2648 semen
3093 2601 3394 2662 penetrant.
3440 2593 3550 2648 Hoc

1977 2683 2135 2735 modo
2168 2683 2211 2736 si
2264 2692 2320 2737 et
2365 2682 2501 2746 illos,
2549 2699 2671 2738 cum
2712 2684 2985 2739 civitatem
3041 2698 3273 2752 purgare
3327 2685 3547 2751 vellent,

296 2775 405 2825 εἴτε
440 2776 655 2845 καὶτῆς
692 2777 876 2843 κοινῆς
908 2774 1211 2843 ἀνθρώπων
1238 2777 1277 2806 ¹⁹
1307 2775 1388 2827 δεῖ
1424 2774 1623 2837 λέγειν,
1658 2774 1753 2825 καὶ
1799 2774 1872 2843 μὴ

1976 2772 2169 2844 “an
2220 2775 2581 2829 necessarium
2628 2775 2905 2843 injustitia:
2928 2786 3091 2844 atque
3139 2775 3335 2846 ingrati
3379 2776 3551 2832 animl

296 2865 629 2934 ἐδυνήθησαν
665 2866 710 2896 ³⁸
773 2863 1029 2927 καθάπαξ
1062 2866 1125 2914 ἐκ
1157 2863 1258 2930 τῆς
1288 2863 1494 2924 πόλεως
1525 2861 1729 2925 ἐξελεῖν
1760 2862 1873 2912 ἀδι-

298 2954 443 3018 κίαν,
486 2954 673 3024 ὥσπερ
710 2956 946 3025 γεωργοὶ
975 2955 1042 3006 τά
1075 2955 1446 3022 λυμαινόμενα
1476 2956 1541 3021 τῇ
1566 2953 1719 3023 χώρᾳ
1750 2952 1872 3005 καθ’

297 3045 530 3097 ἔκιστον
564 3046 808 3098 ἐνιαυτὸν
839 3045 1217 3105 ἐκκόπτοντες,
1250 3040 1347 3094 εἴτ’
1372 3043 1472 3095 οὐκ
1495 3042 1872 3110 ἐφικνούμενοι

1975 2880 2158 2919 semen
2192 2863 2396 2935 eﬂ'ugit,
2424 2872 2477 2919 et
2508 2866 2789 2929 remansit,
2825 2881 2927 2921 nec
2952 2866 3085 2935 ipsis
3104 2866 3555 2935 obtemperarnnt

1974 2955 2177 3021 omnia,
2205 2956 2498 3024 quinetiam
2528 2971 2623 3025 per
2648 2972 2707 3012 se
2737 2956 2967 3027 populus
2989 2957 3246 3012 nonnulla
3267 2966 3551 3025 statueret,

1975 3062 2071 3098 cur
2106 3047 2218 3100 haec
2249 3048 2648 3116 improbitatem
2678 3049 2811 3103 viris
2841 3048 3089 3116 aﬂ‘erant,
3140 3058 3235 3104 aut
3284 3048 3418 3117 ipsis
3451 3049 3554 3104 im-

295 3137 385 3189 διέι
420 3136 618 3198 παντὸς
644 3136 734 3189 τοῦ
776 3135 1192 3207 [λυμαινομένου
1240 3134 1337 3203 τὴν
1380 3133 1563 3203 χώραν
1602 3131 1668 3204 ¹¹]
1704 3134 1871 3203 σπέρ-

1978 3147 2234 3201 putentur
2279 3139 2506 3193 aliena?
2540 3139 2704 3204 Quasi
2742 3140 2864 3209 quis
2919 3150 3108 3194 exorta
3156 3141 3445 3206 seditione,
3498 3150 3555 3199 ει

304 3244 491 3295 ματος.
539 3228 605 3279 El
654 3227 839 3279 τοῦτον
875 3228 967 3280 τὸν
1011 3227 1210 3296 τρόπον
1259 3226 1545 3285 κάκείνους
1593 3224 1873 3286 ἐθέλοντας

302 3320 584 3390 καθαίρειν
613 3321 656 3351 "
690 3320 789 3389 τὴν
816 3319 970 3371 πόλιν
991 3318 1218 3385 ἐξέφυγε
1252 3318 1343 3369 καὶ
1371 3317 1615 3386 ἐνέμεινε
1653 3316 1873 3387 σπέρμα

300 3414 596 3478 ἀναγκαῖον
618 3411 827 3471 ἀδικίας
853 3411 944 3463 καὶ
966 3409 1380 3479 ἀγνωμοσύνης,
1414 3410 1506 3460 καὶ
1539 3409 1598 3461 οὐ
1630 3413 1808 3461 πάντα
1828 3410 1874 3440 ’³

299 3505 611 3573 ὑπήκουσεν
636 3506 839 3566 αὐτοῖς,
870 3504 985 3556 ἀλλ’
1014 3503 1161 3557 ἐστιν
1191 3503 1226 3555 ἃ
1259 3504 1351 3554 καὶ
1383 3501 1504 3553 καθ’
1538 3502 1698 3553 αὐτὸν
1724 3501 1753 3552 ὁ
1780 3500 1869 3570 δῆ-

304 3615 403 3665 μος
436 3597 813 3660 ἐϐουλεύσατο,
837 3595 958 3648 τίνα
980 3595 1137 3648 τοῦτο
1166 3598 1277 3656 τοῖς
1305 3595 1560 3663 ἀνδράσιν
1594 3592 1707 3661 ἕχει
1734 3609 1874 3660 φαυ-

299 3690 592 3759 λότηταςῆ
646 3690 699 3741 τί
752 3690 835 3742 δεῖ
876 3689 943 3741 τά
992 3689 1219 3740 ἐκείνων
1283 3688 1491 3755 ἑτέροις
1538 3685 1870 3752 λογίζεσθαι,

296 3781 488 3850 ὡσπερ
512 3780 577 3833 ἂν
605 3781 651 3810 ⁸⁸
672 3782 720 3832 εί
760 3782 852 3833 καὶ
892 3779 1133 3840 στάσεως
1179 3777 1345 3847 οῠσης
1375 3779 1431 3830 ἐν
1460 3780 1526 3847 τῇ
1554 3776 1729 3839 πόλει,
1780 3778 1875 3829 καὶ

296 3870 505 3923 τούτων
561 3870 658 3938 τῆς
708 3870 900 3937 ἐτέρας
952 3869 1270 3938 ἡγουμένων
1297 3872 1395 3936 τῆς
1438 3867 1545 3918 τῶν
1595 3868 1873 3930 ἐπιεικῶν,

296 3959 419 4014 εἶτα
444 3962 513 4013 τὰ
530 3962 638 4013 τῶν
665 3962 864 4029 ἐτέρων
888 3962 1263 4030 ἁμαρτήματα
1292 3962 1384 4012 καὶ
1413 3958 1522 4010 τῶν
1552 3960 1629 4021 εἰς
1652 3958 1875 4022 τούτους

296 4053 768 4121 πλημμελούντων
821 4053 1005 4115 αὐτοῖς
1058 4052 1267 4113 τούτοις
1322 4070 1407 4112 τις
1455 4053 1748 4123 προσετίθη
1806 4055 1871 4107 ³⁸.

297 4143 409 4196 Καὶ
438 4143 557 4195 τίνα
586 4142 698 4211 ἕχει
725 4144 884 4209 φύσιν
902 4144 945 4171 ’⁸
967 4143 1014 4194 οἳ
1036 4144 1172 4211 μήτε
1196 4142 1364 4212 ἔδρων
1393 4142 1565 4195 ταῦτα
1588 4146 1683 4196 καλ¹
1711 4161 1878 4214 προσ-

298 4234 379 4287 έτι
428 4234 655 4287 κωλύειν
695 4234 910 4301 ἡξὶουν;
954 4234 1113 4286 Ἀλλὰ
1148 4236 1255 4302 μὴν
1289 4236 1331 4265 ’⁷
1359 4236 1411 4287 εῖ
1440 4252 1500 4299 γε
1530 4236 1665 4304 μηδέ
1691 4235 1878 4298 κακῶς

295 4324 563 4376 ἀκούσασι
600 4323 777 4385 καλῶς
816 4324 962 4392 ἔχειν
990 4324 1235 4388 οἱήσεταί
1258 4342 1341 4387 τις
1370 4327 1486 4385 ταῖς
1516 4326 1707 4393 αρταῖς
1738 4327 1874 4395 χρή·

301 4417 498 4470 σασθαι
522 4417 738 4478 λαϐαῖς,
778 4418 873 4468 καὶ
899 4415 1122 4477 ταύταις
1151 4416 1223 4484 μὴ
1246 4418 1338 4467 ἐπὶ
1364 4417 1408 4447 ’⁸
1440 4415 1514 4485 τῷ
1537 4418 1718 4479 κακῶς
1754 4420 1877 4469 ἀντ-

1980 3228 2064 3281 ltis
2110 3229 2317 3283 meliori
2366 3228 2505 3299 parti
2563 3229 2892 3297 prapositis,
2925 3240 3039 3284 tum
3085 3230 3313 3285 aliorum
3349 3232 3404 3286 in
3454 3232 3555 3288 hos

1979 3328 2198 3385 peccata
2253 3319 2338 3374 his
2380 3319 2513 3387 ipsis
2563 3321 2851 3375 tribueret.
2903 3320 3184 3389 Quomodo
3235 3334 3418 3377 autem
3479 3322 3554 3378 sit

1976 3423 2211 3475 n-quum,
2251 3410 2346 3479 qui
2383 3425 2483 3465 nec
2519 3424 2584 3465 ea
2631 3409 2881 3475 fecerint,
2916 3420 2972 3467 et
3016 3412 3240 3482 insuper
3266 3414 3554 3483 prohibere

1978 3502 2265 3555 voluerint.
2305 3501 2457 3566 Quod
2488 3501 2532 3555 si
2574 3516 2676 3556 nec
2704 3516 2798 3556 eos
2839 3517 3068 3571 quorum
3114 3512 3200 3557 est
3250 3503 3389 3557 l‘atna
3426 3502 3553 3559 laesa

1978 3593 2167 3647 iisdem
2199 3593 2411 3663 putabit
2457 3594 2604 3648 ansis
2636 3596 2711 3648 uti
2743 3596 2959 3660 debere,
2990 3597 3150 3665 idque
3190 3612 3294 3650 non
3337 3599 3402 3650 ad
3432 3612 3554 3651 ma-

1975 3686 2311 3739 ledicendum
2354 3686 2587 3741 vicissim
2636 3685 2729 3739 sed
2756 3695 2816 3739 ut
2859 3701 2919 3741 se
2943 3702 3037 3755 per
3078 3688 3214 3742 alios
3241 3689 3549 3753 absolvant,

1975 3776 2248 3845 quomodo
2296 3791 2419 3831 eum
2478 3776 2732 3847 probabit
2784 3777 2875 3847 qui
2931 3779 3079 3848 prior
3133 3779 3276 3832 nulla
3329 3789 3554 3836 coactus

1978 3867 2303 3923 necessitate
2343 3867 2640 3932 maledixit,
2690 3877 2748 3922 ut
2789 3883 2886 3938 per
2913 3884 3033 3938 quas
3069 3869 3189 3924 illos
3219 3872 3429 3939 pejores
3469 3871 3555 3925 vl-

1977 3956 2089 4010 deri
2125 3960 2350 4013 curabat
2374 3959 2624 4014 dextrum
2673 3960 2803 4028 quid
2847 3970 3037 4030 putare
3061 3961 3311 4030 jusserit.
3364 3961 3554 4017 Enim-

1978 4064 2106 4104 vero
2143 4050 2423 4106 nesciebas
2461 4060 2512 4105 te
2547 4052 2631 4105 his
2664 4051 2968 4121 proverbiis
3003 4055 3199 4118 teneri,
3240 4055 3409 4124 igneas
3439 4071 3556 4109 ver-

1979 4145 2177 4202 berare,
2205 4138 2434 4207 lapidem
2461 4154 2699 4205 coquere,
2739 4155 2865 4193 sexu
2896 4142 3174 4195 seminare.
3226 4141 3378 4207 Quod
3408 4141 3554 4197 enim

1980 4230 2056 4283 illi
2107 4246 2174 4284 ex
2230 4232 2687 4286 admonitionibus
2715 4232 2822 4286 tuis
2869 4246 2935 4286 ac
2968 4233 3310 4288 sermonibus
3359 4234 3557 4289 lucrati

1978 4332 2123 4386 sunt,
2148 4338 2317 4391 quam
2346 4337 2459 4375 rem
2481 4323 2563 4375 vel
2595 4322 2835 4376 divinam
2858 4322 2939 4377 vel
2968 4323 3254 4376 humanam
3282 4333 3407 4393 post
3426 4337 3555 4379 eum

1982 4413 2122 4465 diem
2153 4427 2259 4481 quo
2288 4412 2386 4467 tibi
2426 4428 2588 4468 aures
2629 4414 2939 4482 praebuerat
2968 4414 3279 4485 Dionysius,
3310 4414 3396 4470 vel
3430 4415 3555 4483 Dio,

302 4509 504 4572 ειπείν,
529 4508 643 4560 ἀλλ’
670 4510 761 4559 ἐπὶ
786 4507 863 4576 τῷ
892 4508 982 4560 διὰ
1009 4507 1115 4559 τῶν
1146 4508 1356 4560 ἐκείνου
1406 4510 1474 4560 τὰ
1500 4509 1710 4561 ἐαυτῶν
1733 4512 1868 4561 ἀπο-

1980 4507 2178 4559 rectitts
2218 4504 2668 4559 administrarunt
2695 4505 2709 4558 ι
2738 4502 2911 4559 Tanto
2940 4514 3155 4560 nostros
3185 4521 3304 4573 nos,
3326 4520 3360 4563 ο
3379 4505 3555 4576 Plato,

295 4598 585 4665 λύσασθαι,
606 4598 720 4658 πῶς
744 4598 1025 4668 εἰρηκέναι
1045 4604 1091 4665 γ’
1122 4599 1166 4630 ¹⁹
1195 4599 1357 4650 αὑτὸν
1380 4600 1645 4668 πρότερον
1663 4600 1871 4662 κακῶς,

294 4690 334 4742 ἃ
367 4690 554 4758 μηδεὶς
582 4689 934 4755 ἐπηνάγκαζε
970 4690 1064 4741 καὶ
1090 4689 1156 4741 δι’
1190 4682 1266 4741 ὧν
1301 4690 1512 4759 χείρους
1558 4689 1692 4759 ᾤετο
1732 4692 1872 4743 ἐκεί-

296 4800 422 4845 νους
449 4783 749 4851 ἀποφῆναι,
778 4782 949 4847 δεξιόν
975 4799 1027 4833 τι
1049 4782 1289 4852 νομίζειν
1328 4782 1572 4834 κελεύσει
1606 4784 1649 4815 ³⁰
1679 4801 1694 4848 ;
1732 4784 1874 4835 Ἐλε-

296 4874 483 4941 λήθεις
515 4874 555 4905 ³¹
585 4874 694 4942 ἄρα
731 4873 927 4926 σαυτὸν
969 4873 1210 4934 ἀπάσαις
1258 4875 1377 4935 ταῖς
1424 4875 1742 4944 παροιμίαις
1791 4876 1875 4925 ἐν-

297 4982 324 5017 s
335 4964 575 5032 χόμενος,
592 4967 679 5030 είς
704 4965 824 5032 πῦρ
840 4964 1063 5028 ξαίνων
1079 4965 1174 5017 καὶ
1200 4966 1374 5018 λίθον
1394 4965 1560 5032 ἕψων
1582 4966 1680 5018 καὶ
1703 4968 1871 5019 σπεί-

288 5070 418 5120 ρων
442 5053 546 5117 τὰς
574 5052 815 5120 πέτρας.
845 5054 909 5105 Τί
941 5052 1049 5123 γὰρ
1072 5051 1181 5106 τῶν
1214 5052 1321 5104 σῶν
1344 5052 1635 5104 νουθεσιῶν
1668 5054 1758 5105 καὶ
1789 5051 1871 5103 λό-

295 5161 411 5209 γων
430 5143 751 5213 ἀπήλαυσαν
778 5146 974 5197 ἐκεῖνοι
999 5162 1012 5209 ;
1053 5144 1106 5196 τί
1137 5142 1243 5195 τῶν
1283 5143 1441 5195 θείων
1469 5143 1500 5211 ἢ
1529 5143 1635 5195 τῶν
1659 5143 1869 5212 ἀνθρω-

298 5235 471 5289 πίνων
504 5237 723 5305 ἄμεινον
754 5236 1196 5306 μετεχειρίσαντο
1218 5234 1547 5304 Διονύσιοςῆ
1580 5236 1716 5286 Δίων
1751 5237 1872 5303 μετ’

1974 4608 2134 4661 quam
2188 4604 2241 4646 tu
2288 4603 2427 4658 tuos,
2470 4592 2722 4646 meliores
2764 4592 3045 4646 ellicimus.
3087 4593 3243 4660 Quod
3268 4595 3315 4649 si
3361 4594 3555 4649 borum

1973 4679 2206 4733 indolem
2246 4679 2397 4733 dices
2444 4680 2721 4733 meliorem
2772 4677 2959 4745 fuisse,
3016 4680 3121 4736 hac
3152 4696 3373 4753 quoque
3413 4682 3469 4738 in
3497 4697 3558 4738 re

1975 4781 2211 4825 nostrain
2256 4771 2498 4826 declaras
2537 4772 2896 4840 prudentiam,
2937 4771 3027 4842 qui
3062 4786 3212 4843 spetn
3243 4773 3295 4826 in
3336 4773 3421 4829 his
3453 4774 3555 4828 ali-

1972 4878 2134 4931 quam
2187 4863 2572 4932 posuerimus,
2624 4877 2746 4916 cum
2807 4872 2860 4916 tu
2909 4872 3022 4917 toto
3077 4865 3348 4920 erraveris
3390 4864 3554 4931 cmlo,

1979 4954 2195 5022 quando
2218 4969 2337 5007 cum
2370 4953 2474 5008 illis
2498 4953 2700 5007 utiliter
2730 4960 2783 5008 te
2818 4954 3218 5023 disputaturum
3249 4954 3553 5010 credidisti.

1982 5046 2183 5100 Deinde
2229 5046 2369 5101 sicut
2414 5060 2477 5100 ea
2509 5046 2562 5099 in
2592 5046 2791 5115 quibus
2832 5044 2968 5100 alios
2991 5046 3237 5101 vicerunt
3256 5045 3424 5101 indoli
3451 5046 3553 5102 tri-

1982 5139 2124 5203 buis,
2156 5140 2234 5193 sic
2269 5140 2431 5193 etiam
2479 5138 2524 5191 si
2567 5138 2693 5208 quid
2741 5136 2839 5191 tibi
2884 5138 3016 5193 satis
3060 5147 3262 5193 temere
3298 5138 3554 5194 videntur

1982 5234 2175 5299 egisse,
2217 5233 2317 5285 hoc
2364 5232 2539 5285 eidem
2586 5231 2749 5285 indoli
2784 5230 2987 5300 imputa
3016 5247 3035 5296 ;
3067 5245 3241 5301 neque
3263 5245 3385 5286 cum
3430 5245 3553 5301 qua:

1589 5374 1674 5429 VA
1686 5374 1821 5427 ΙὶΙΑεὶ
1858 5362 2257 5427 LEG'I‘IDNES.

370 5485 414 5517 ¹⁰
444 5483 638 5554 ταῦτα]
666 5486 803 5540 αὐτὰ
836 5489 899 5539 Α.
974 5487 1015 5519 ¹¹
1044 5487 1128 5553 ἐφ’
1152 5489 1196 5539 Α
1234 5504 1246 5540 :
1276 5487 1369 5555 ἀφ’
1397 5504 1456 5550 ς.

1528 5488 1568 5517 ’⁸
1601 5485 1742 5555 τίδὲ]
1773 5502 1821 5553 p.
1852 5486 1974 5541 571.
2055 5487 2097 5517 ¹³
2137 5485 2514 5555 ἠϐουλήθησαν
2542 5499 2603 5545 ς.

2683 5482 2954 5557 ’δ’τὴνδέ]
2981 5501 3033 5555 p.
3060 5483 3187 5557 $72.
3265 5486 3311 5557 εξ
3334 5486 3394 5537 τὸ
3421 5488 3548 5542 add.

444 5558 484 5586 "
504 5551 836 5637 Πρωταγόρα
868 5557 931 5609 Α.
998 5557 1037 5586 ¹⁷
1067 5551 1381 5637 καὶ-θυμὲ.
1448 5556 1490 5637 [⁸
1529 5551 1802 5637 τί-ούνμι.
1834 5557 1957 5637 57}.
2037 5557 2077 5637 ‘_’
2103 5551 2554 5637 dvepmnpvl'cébv
2574 5551 2875 5637 ἀνθρώπων
2902 5551 2994 5611 A'.‘
3038 5555 3085 5587 ¹⁶
3116 5554 3462 5637 ήδυνήθησαν
3488 5572 3547 5637 ς.

296 5629 340 5656 τ’
376 5626 504 5694 λυμ.
572 5626 669 5695 τὴν
722 5627 902 5695 χώραν
965 5642 1073 5680 om.
1142 5629 1206 5681 Α.
1299 5628 1341 5659 ³³
1380 5627 1638 5695 καθαρεῖν

294 5697 345 5768 ξε
380 5694 656 5768 προστιθῇ
700 5699 765 5748 Α.
806 5694 811 5695 ⁷
915 5694 1097 5768 φύσιν]
1156 5696 1319 5764 φύσιν
1373 5694 1544 5752 ταῦτα
1574 5700 1638 5751 Α.

297 5767 337 5797 ³¹
366 5766 658 5835 ἐλελήθειςι
695 5783 745 5834 p.
780 5766 902 5821 577.

1768 5646 1778 5678 :
1818 5626 2097 5696 καθαριεῖν
2154 5644 2213 5688 ς.

1720 5698 1760 5727 ιτ
1794 5696 1928 5749 ἀλλὰ
1961 5695 2111 5766 μὴν].

2292 5623 2550 5695 ’ἐπ-αντα
2604 5624 2649 5677 Δ
2700 5623 2928 5695 {imi/tn
2979 5643 3039 5689 ς.
3120 5623 3175 5695 'V'r
3214 5623 3282 5678 ἂν
3336 5623 3447 5681 Om.
3482 5629 3544 5681 Α.

2215 5695 2260 5726 ’³
2288 5694 2381 5747 ἐπὶ
2438 5712 2545 5750 out.
2583 5700 2647 5751 Δ.
2726 5692 2770 5721 ¹⁹
2802 5694 2853 5761 γ’
2884 5692 2992 5751 ὀίιι.
3018 5696 3085 5751 Α.
3165 5694 3209 5727 ³⁸
3242 5695 3453 5749 κελεύει
3484 5698 3542 5751 Δ.
