4216 6430
271 417 397 488 1561
1291 427 1812 490 BIBLIOTHECA.

1924 427 2088 491 COD.
2127 428 2479 493 CCXLVIII.

3373 420 3512 490 ιεθε

262 534 441 588 ὁτιοῦν
469 531 682 603 ὕϐρεως
736 533 829 588 καὶ
864 534 1153 603 ἀσελγείας
1199 536 1454 593 ἀπέλιπε.
1502 540 1611 592 Καὶ
1644 540 1709 593 σὺ
1741 537 1840 609 μὶν

1964 556 2093 605 tere,
2125 540 2288 607 idque
2329 541 2561 593 alterum
2590 536 2847 601 amicum,
2899 534 3095 607 ‘33::
3143 536 3349 589 hostem
3379 534 3517 592 alte-

262 625 416 689 οὐδὲν
438 624 696 694 ὑϐρίσθης
721 624 852 687 ίσως
878 641 893 655 θ
924 626 955 679 δ
980 626 1037 678 δὲ
1058 619 1138 687 οἷς
1170 628 1353 695 ἡγεῖτο
1381 625 1641 696 ὑϐρίζειν,
1671 627 1843 680 πλείω

264 715 438 768 ταῦτα
468 714 797 785 ἐπραττενῆ
856 715 1116 787 [70511]
1167 717 1233 770 δι’
1288 711 1365 772 ὧν
1398 719 1515 790 ᾔδει
1571 721 1841 789 τιμήσων.

278 806 440 867 Ἀλλ’,
476 801 520 858 ὦ
546 808 592 838 ⁸³
628 806 847 860 πάντων
874 808 918 840 ⁸³
946 806 1213 877 θαυμάσιε
1241 809 1487 874 Πλάτων,
1518 810 1593 882 μὴ
1631 810 1701 863 δι’
1732 812 1841 880 ἀμ-

270 900 392 960 φοῖν
418 897 571 962 ὤθει,
605 898 703 951 καὶ
724 897 897 953 ταῦτα
919 898 983 951 οὐ
1006 899 1091 951 διὰ
1124 900 1233 951 τῶν
1269 900 1439 969 φίλων
1472 902 1589 964 ἑνὸς
1616 902 1711 955 καὶ
1734 902 1844 954 τῶν

265 986 478 1057 ἐχθρῶν
505 988 569 1050 ⁸³,
625 988 760 1040 ἀλλὰ
804 988 895 1041 διὰ
930 988 1127 1042 σαυτοῦ
1168 1007 1227 1041 τε
1275 990 1321 1022 ⁸⁸
1363 992 1458 1043 καὶ
1484 991 1719 1056 ῖτούτων,
1752 990 1846 1054 οὓς

272 1078 474 1146 μᾶλλον
503 1078 688 1145 φίλους
714 1075 784 1147 ἦν
810 1078 957 1142 είκός
982 1079 1263 1148 ἡγεῖσθαι.
1291 1080 1353 1133 El
1382 1081 1440 1133 δὲ
1492 1079 1589 1150 μὴ,
1645 1080 1843 1134 σκόπει

273 1167 349 1238 μὴ
374 1169 402 1220 ὅ
428 1186 482 1221 τι
508 1169 823 1236 ἐγκαλέσεις
852 1168 920 1231 ⁸⁸,
942 1169 1058 1222 ἀλλ’
1083 1169 1112 1222 ὃ
1139 1187 1189 1221 τι
1210 1170 1525 1240 ἀπολογήσῃ
1560 1171 1841 1240 πρότερον·

267 1259 509 1313 τοσαῦτά
537 1261 655 1313 ἐστι
707 1259 802 1313 καὶ
844 1261 915 1313 τὰ
950 1261 1038 1313 σά.
1074 1261 1137 1313 Ei
1168 1260 1212 1313 δ’
1238 1261 1282 1293 ⁸⁷
1338 1262 1509 1331 αὐτὴν
1537 1261 1623 1329 ἐφ’
1648 1260 1849 1331 ἑαυτῆς

267 1349 350 1401 δεῖ
384 1350 485 1420 τὴν
520 1349 836 1420 προαίρεσιν
891 1350 1183 1416 ἐξετάζειν,
1214 1352 1457 1405 ἀναίτιον
1513 1354 1611 1423 μὲν
1660 1352 1722 1406 τὸ
1753 1352 1847 1406 σὺν

268 1439 516 1502 εἰκότως,
546 1442 788 1494 ἁναῖτιον
815 1441 872 1494 δὲ
912 1442 977 1494 ἐκ
1003 1441 1114 1495 τῶν
1147 1442 1329 1497 αὐτῶν
1366 1446 1459 1496 καὶ
1478 1436 1540 1496 τὸ
1559 1443 1847 1515 ἡμέτερον.

270 1528 383 1579 Καὶ
412 1529 672 1597 πρόσεστι
704 1529 799 1583 καὶ
825 1529 888 1583 τὸ
915 1530 1191 1601 κρατῆσαι
1221 1531 1331 1585 τῶν
1360 1535 1727 1603 πραγμάτων,
1754 1535 1850 1588 καὶ

1947 632 2111 686 rum?
2143 630 2337 685 Verum
2380 631 2610 695 teipsnm
2636 637 2691 683 et
2717 626 2817 681 hos
2852 640 2994 694 pete,
3022 640 3160 694 quos
3210 625 3385 694 potius
3422 625 3519 679 de-

1945 719 2111 776 bebas
2166 736 2265 789 pro
2311 719 2499 773 amicis
2535 718 2757 771 habere.
2801 714 3013 785 Alioqui
3055 728 3161 769 non
3224 724 3333 768 tam
3392 715 3521 784 quid

1946 813 2204 873 accnses'.
2257 824 2416 879 quam
2470 807 2597 878 quid
2646 807 2797 877 prius
2833 820 3057 861 excuses
3100 804 3524 859 videndum‘tibi

1950 901 2129 965 fuerit,
2180 901 2445 970 siquidem
2474 910 2563 952 tua
2614 910 2826 966 quoque
2860 905 3004 949 tanta
3035 904 3177 949 sunt.
3211 894 3305 947 Sin
3350 893 3528 962 ipsum

1949 1007 2044 1060 per
2072 1006 2131 1047 se
2156 989 2604 1046 considerandum
2638 996 2721 1041 est
2752 985 3060 1048 consilium,
3093 1001 3190 1038 nec
3226 995 3375 1038 tuum
3408 983 3530 1038 rul-

1951 1082 2212 1152 pari'jure
2235 1090 2428 1151 potest,
2456 1094 2555 1133 uec
2578 1080 2738 1133 etiam
2765 1079 2953 1132 eadem
2976 1078 3040 1131 de
3061 1091 3222 1130 causa
3252 1086 3523 1140 nostrum,

1950 1188 2057 1241 quo
2098 1172 2303 1226 accedit
2350 1180 2406 1223 nt
2441 1169 2550 1224 voti
2597 1179 2873 1234 compotes
2921 1166 3047 1221 facti
3088 1167 3281 1232 simus,
3325 1175 3382 1219 et
3418 1166 3535 1220 haec

1953 1274 2064 1316 tum
2098 1263 2203 1317 tuis
2234 1263 2445 1327 studiis,
2491 1271 2601 1315 tum
2640 1259 2841 1313 nostris
2873 1256 3097 1313 oﬂensis
3130 1265 3263 1311 sunt.
3303 1255 3531 1325 majora.

1951 1354 2129 1422 Quare
2159 1370 2281 1409 cum
2308 1362 2363 1409 tu
2393 1369 2488 1408 nos
2528 1356 2855 1421 redarguere
2900 1352 3107 1413 studes,
3137 1348 3535 1419 teipsutn‘quo-

1950 1460 2053 1515 que
2081 1445 2278 1499 refellis
2311 1464 2325 1501 :
2358 1460 2474 1506 nos,
2499 1444 2620 1499 dum
2652 1441 2807 1495 nobis
2828 1441 3103 1510 suppetias
3125 1439 3371 1502 ferimus,
3390 1450 3538 1492 tuam

1951 1552 2167 1606 quoque
2218 1552 2331 1591 rem
2385 1536 2613 1603 agitans.
2663 1533 2917 1599 Quinimo
2966 1543 3053 1587 tua
3097 1532 3340 1588 defensio
3382 1532 3540 1586 nobis

267 1622 332 1673 τὸ
365 1621 537 1689 μείζω
592 1621 765 1677 ταῦτα
798 1618 940 1676 εἶναι
972 1625 1080 1677 τῶν
1110 1640 1167 1676 τε
1195 1625 1302 1677 ὑπὸ
1344 1624 1437 1677 σοῦ
1480 1625 1842 1695 σπουδαζομέ-

1964 1641 2169 1696 quoque
2204 1626 2475 1691 convenit,
2520 1640 2707 1679 verum
2746 1623 2839 1677 tibi
2882 1639 2987 1678 non
3036 1633 3134 1685 tot,
3199 1631 3330 1690 quot
3383 1620 3540 1677 nobis

270 1726 380 1761 νων
413 1701 488 1761 ὧν
512 1726 572 1762 τε
615 1710 770 1763 αὐτοὶ
820 1712 1329 1781 προσεκρούσαμεν.
1368 1714 1439 1767 Σὺ
1471 1716 1572 1782 μὲν
1600 1716 1777 1768 τοίνυν
1804 1716 1849 1748 ⁸³

1964 1723 2076 1771 Iunt
2109 1715 2438 1783 adjumenta.
2470 1714 2658 1781 Itaque
2696 1721 2755 1765 ut
2792 1712 2946 1767 nobis
2974 1714 3095 1782 quis
3121 1721 3329 1781 parcat,
3357 1712 3538 1766 incer-

271 1800 547 1869 ἐλέγχειεν
577 1802 722 1869 ἡμᾶς
744 1800 911 1866 ἀξιῶν
946 1802 1041 1855 καὶ
1070 1803 1212 1855 κατὰ
1240 1804 1438 1857 σαυτοῦ
1456 1804 1657 1873 λέγεις,
1686 1808 1849 1876 ἡμεῖς

1964 1816 2072 1861 tum
2106 1809 2177 1862 sit
2199 1821 2266 1860 an
2307 1815 2361 1862 et.
2389 1790 2481 1860 tibi
2518 1807 2639 1869 ;siu
2674 1814 2724 1859 te
2749 1804 3091 1870 condemnet,
3126 1802 3280 1857 nobis
3307 1801 3540 1857 fortasse

270 1891 331 1942 δὲ
361 1890 501 1960 ὑπὲρ
551 1892 707 1961 ἡμῶν
736 1893 916 1945 αὐτῶν
962 1893 1212 1961 λέγοντες
1241 1895 1336 1947 καὶ
1390 1896 1434 1929 ⁸⁸
1461 1896 1522 1948 τὸ
1566 1896 1659 1950 σὺν
1685 1897 1850 1968 θερα-

1964 1898 2170 1950 veniam
2203 1896 2372 1951 dabit.
2410 1895 2562 1962 Quod
2598 1895 2643 1949 si
2693 1909 2792 1948 nec
2842 1894 2995 1949 nobis
3030 1902 3237 1960 parcat,
3269 1893 3403 1947 nihil
3432 1894 3539 1947 erit

276 1981 542 2051 πεύομεν.
584 1982 803 2036 Μᾶλλον
836 1983 893 2037 δὲ
938 1983 1039 2053 τῆς
1097 1984 1197 2053 μὲν
1251 1986 1350 2055 σῆς
1403 1986 1702 2055 ἀπολογίας
1752 1989 1849 2041 καὶ

1964 1988 2031 2043 ibi
2081 1987 2450 2056 sperandum:
2503 2001 2671 2054 usque
2710 2000 2776 2041 eo
2807 1985 3033 2039 victoria
3064 1996 3245 2039 nostra
3291 1984 3434 2037 cedit
3480 1983 3537 2037 in

274 2072 437 2139 ἡμεῖς
468 2073 824 2143 μετέσχομεν,
888 2075 972 2127 σοὶ
1024 2074 1071 2128 δ’
1103 2076 1201 2145 οὐχ
1243 2076 1367 2129 ὅσον
1406 2079 1541 2147 ημῖν
1584 2079 1839 2151 ὑπάρχει.

1964 2090 2101 2136 ιιιυιιι
2119 2080 2481 2135 commodum.
2509 2078 2840 2145 Quapmpter
2863 2075 3017 2129 etiam
3049 2085 3142 2128 tua
3175 2075 3405 2140 require,
3431 2090 3537 2129 non

275 2162 437 2217 Ὥστε
471 2168 521 2217 εί
553 2165 652 2235 μὲν
682 2166 837 2236 ἡμῶν
871 2183 954 2230 τις
987 2167 1253 2237 φείσεται,
1283 2169 1479 2238 ἄδηλον
1511 2172 1558 2224 εί
1588 2172 1683 2225 καὶ
1712 2170 1807 2225 σοῦ
1828 2189 1844 2205 ’

1964 2189 2086 2228 mea.
2109 2170 2287 2241 lnquit
2311 2174 2379 2225 ad
2412 2170 2698 2236 quemdam
2730 2168 2938 2222 Teucer
2958 2166 3187 2238 (93-95).

272 2252 323 2304 εί
342 2251 401 2304 δὲ
427 2253 521 2307 σοῦ
547 2270 630 2316 τις
659 2255 979 2325 καταγνοίη,
1006 2259 1146 2327 τάχα
1178 2259 1244 2312 ἂν
1273 2260 1405 2330 ἡμῖν
1432 2277 1494 2328 γε
1528 2262 1789 2333 συγγνοίη
1812 2278 1828 2294 ·
1870 2263 1919 2315 εί
1952 2263 1996 2316 δ’
2023 2262 2094 2315 αὗ
2150 2263 2272 2332 μηδ’
2315 2263 2361 2294 ⁷⁸
2390 2261 2548 2331 ήμῶν
2596 2261 2838 2329 φείσεται
2868 2260 2909 2291 ⁷¹
2977 2260 3137 2329 σχολῇ
3213 2276 3275 2327 γε
3306 2260 3352 2291 ⁷⁸
3420 2257 3532 2313 σοῦ.

274 2342 433 2396 Οὕτω
457 2345 518 2397 τὸ
547 2347 701 2417 νικᾷν
732 2346 879 2417 ἡμᾶς
906 2347 1049 2418 ὑπὲρ
1082 2347 1174 2401 σοῦ
1209 2350 1441 2419 γίνεται.
1484 2352 1637 2421 Πρὸς
1662 2352 1850 2408 ταῦτα
1873 2357 2085 2408 σκόπει
2107 2354 2194 2424 μὴ
2231 2354 2456 2424 τούμὸν
2479 2352 2641 2408 ἀλλὰ
2680 2352 2775 2406 καὶ
2842 2349 2908 2404 τό
2939 2352 3076 2413 σὺν,
3119 2349 3359 2419 Τεῦκρος
3429 2349 3538 2421 ἐφη

273 2434 409 2485 τινί·

280 2523 373 2589 Τῷ
408 2527 801 2598 Ἀγαμέμνονι
828 2530 1194 2586 ὀνειδίσω-τι
1223 2532 1291 2587 τὸ
1319 2533 1495 2601 γένος
1524 2533 1611 2586 ὅτι
1643 2534 1848 2598 νόθον,

2032 2533 2421 2603 Agamemnoni
2482 2533 2829 2602 exprobranti
2889 2548 3057 2602 genus
3111 2543 3363 2675 tanqnanlt
3406 2547 3543 2614 _spn.

3377 2618 3534 2675 τιιιιη,

3377 2618 3534 2683 l'lllm’

279 2683 379 2734 καὶ
418 2683 493 2753 μὴ
521 2684 710 2754 βούλου
737 2686 914 2738 πάντα
943 2685 1497 2757 ἀκριϐὦςζὲξετάζειν,
1523 2686 1656 2755 μηδέ
1686 2685 1855 2755 τριῶν

1964 2710 2063 2750 nec
2100 2697 2277 2750 omnia
2302 2710 2499 2749 conare
2528 2696 2767 2751 studiose
2792 2699 3043 2762 serutari,
3074 2711 3250 2766 neque
3273 2712 3395 2750 cum
3430 2696 3534 2751 tria

278 2772 450 2825 ὄντων
470 2777 548 2836 είς
568 2774 604 2829 ἆ
629 2794 709 2834 τις
731 2776 797 2829 ἂν
818 2777 864 2809 ⁷³
892 2776 1232 2847 βλέψειε,τῆς
1262 2777 1508 2847 γνώμης,
1527 2778 1635 2829 τῶν
1657 2777 1855 2845 ἐργων,

280 2866 383 2934 τῆς
417 2866 606 2935 τύχης,
651 2868 809 2934 ἀφεὶς
862 2869 940 2921 τὼ
990 2868 1100 2922 δύω
1126 2868 1223 2921 τοῦ
1273 2869 1456 2939 τρίτου
1500 2868 1776 2938 λαμϐάνου
1815 2866 1859 2919 θ’

282 2957 458 3011 ταῦτα
513 2958 731 3011 καὶτοῦ
780 2959 971 3011 τούτου
1022 2959 1275 3012 πλείστου
1310 2961 1509 3029 μέρους
1560 2958 1862 3027 μεθ’ὴμῶν

284 3048 456 3110 ὄντος.
499 3049 557 3100 Ei
580 3049 688 3117 γὰρ
709 3050 862 3118 ,ἡμᾶς
896 3048 1001 3103 ἔδει
1034 3050 1203 3102 ταῦτα
1246 3051 1561 3117 προειδότας
1596 3048 1861 3118 ἐξ,ἀρχῆς

287 3140 603 3207 ἐξεπίτηδες
635 3139 775 3209 ὑπὲρ
810 3140 908 3208 τῆς
942 3140 1187 3202 Ἑλλάδος
1224 3141 1373 3210 ἡμᾶς
1408 3141 1607 3203 αὐτοὺς
1646 3139 1861 3192 ἐπιδοῦ-

288 3248 400 3291 ναι,
434 3230 533 3282 οὐκ
588 3230 656 3283 ἂν
707 3230 1067 3299 ὠκνήσαμεν,
1103 3232 1211 3284 οὐδ’
1250 3230 1563 3303 ἡττήθημεν
1612 3231 1707 3283 τοῦ
1758 3231 1867 3283 Κό-

1966 2788 2076 2844 sint
2123 2788 2537 2851 consideranda,
2584 2789 2815 2850 animus,
2864 2786 3297 2853 facta,fortuum,
3334 2786 3544 2841 duobus

1968 2879 2206 2942 Omissis,
2256 2881 2438 2947 arripe
2490 2878 2744 2943 tertium,
2778 2878 2929 2946 cujus
2978 2879 3105 2931 item
3143 2894 3267 2946 pars
3306 2879 3539 2931 maxima

1972 2972 2251 3022 uobiscum
2299 2969 2446 3023 facit.
2499 2970 2709 3023 Etenim
2744 2971 2787 3023 si
2842 2970 2925 3023 his
2967 2970 3120 3022 initio
3166 2969 3387 3031 relictis,
3446 2983 3546 3037 pro

1969 3059 2174 3115 Gra‘cia
2200 3075 2295 3113 nos
2325 3062 2590 3115 devovere
2619 3060 3014 3120 debuissemus,
3057 3075 3161 3113 non
3198 3074 3415 3112 eramus
3458 3073 3545 3113 reo

1972 3154 2232 3215 eusaturi,
2259 3166 2432 3219 neque
2465 3153 2643 3206 Codro
2689 3162 2891 3205 tantum
2925 3153 3131 3205 cessuri
3163 3172 3176 3207 :
3209 3161 3370 3219 atque
3393 3151 3459 3204 ad
3488 3150 3542 3204 id

1973 3254 2051 3305 tu,
2100 3246 2285 3306 credo,
2330 3243 2646 3296 adhortatus
2680 3257 2853 3297 esses.
2905 3245 3017 3313 Age
3052 3258 3179 3297 vero
3225 3251 3400 3296 utrum
3444 3242 3551 3297 hoc

287 3322 419 3387 δρου
448 3322 732 3374 τοσοῦτον·
774 3324 868 3375 καὶ
923 3322 987 3376 σύ
1018 3323 1066 3389 γ’
1111 3322 1177 3376 ἂν
1217 3319 1371 3391 οἶμαι
1400 3323 1573 3375 ταῦτα
1607 3322 1857 3375 συνεϐού-

1973 3334 2275 3397 maluisses,
2301 3342 2359 3385 ttt
2396 3333 2529 3386 nihil
2564 3349 2592 3385 a
2625 3334 2778 3386 nobis
2810 3344 3016 3401 gestum
3062 3348 3297 3400 unquam
3332 3333 3548 3397 fuisset,

288 3413 507 3475 λευσας.
536 3413 701 3484 [1500
736 3411 829 3481 IL]
878 3413 1051 3477 Ἐπεὶ,
1105 3412 1237 3481 φέρε
1266 3414 1402 3481 πρὸς
1448 3412 1644 3478 φιλίου.
1684 3413 1867 3481 πότερ’

291 3507 361 3559 ἂν
379 3508 425 3536 ⁷⁸
449 3506 647 3575 μᾶλλον
673 3503 994 3575 ἐϐουλήθης,
1022 3507 1158 3575 μήτε
1186 3506 1253 3558 τὰ
1284 3504 1595 3573 πραχθέντα
1628 3504 1694 3557 δι’
1716 3504 1873 3574 ἡμῶν

296 3597 613 3666 πεπρᾶχθαι
645 3600 709 3664 τῇ
753 3596 926 3656 πόλει,
961 3598 1096 3665 μήτε
1129 3598 1207 3656 είς
1238 3595 1384 3663 ἡμᾶς
1407 3594 1611 3663 μηδένα
1631 3594 1737 3647 τῶν
1773 3613 1872 3648 πο-

291 3686 463 3737 λιτῶν
485 3686 812 3757 ἐξαμαρτεῖν
834 3704 848 3751 ;
870 3686 1064 3738 οὐκοῦν
1088 3685 1265 3753 ἕτεροι
1296 3684 1390 3735 καὶ
1412 3686 1488 3745 εἰς
1509 3686 1653 3753 ἡμᾶς
1675 3686 1770 3737 καὶ
1794 3686 1874 3747 είς

297 3777 539 3839 ἐκείνους
557 3778 798 3847 ἔμελλον·
822 3778 855 3849 ἢ
880 3779 1101 3855 ἐκείνων
1120 3794 1183 3845 γε
1200 3777 1362 3831 ἕνεκα
1381 3777 1516 3830 ὥστε
1538 3776 1871 3847 πραχθῆναι,

299 3870 395 3921 καὶ
421 3868 604 3922 ταῦτα
627 3871 675 3921 εί
699 3870 805 3921 δέοι
841 3870 1149 3939 συμϐῆναι;
1199 3867 1343 3935 Ἐγὼ
1381 3867 1478 3936 μὲν
1504 3862 1656 3937 οἶμαι
1677 3867 1871 3921 ταῦτα.

296 3959 509 4013 Οὐκοῦν
538 3960 613 4012 ὅτ’
656 3961 916 4029 ἀμφότερ’
966 3961 1034 4013 ἂν
1063 3960 1107 3990 ⁷⁵
1138 3958 1306 4027 φαίης
1355 3956 1559 4009 ἐθέλειν
1593 3954 1792 4026 μᾶλλον
1838 3954 1873 4024 ἦ

304 4052 596 4121 μηδέτερα,
632 4052 914 4120 ὁμολογεῖς
952 4052 1046 4104 καὶ
1082 4052 1193 4113 τοῖς
1230 4051 1707 4117 πεπολιτευμένοις
1740 4049 1873 4116 ἡμῖν

299 4146 519 4197 ᾶπαντα
550 4145 584 4197 5.
608 4146 875 4213 προσήκει
903 4144 1203 4214 προσεῖναι,
1233 4142 1324 4193 καὶ
1354 4140 1610 4210 μειζόνως
1642 4139 1709 4192 τὰ
1737 4139 1874 4208 πρὸς

302 4237 545 4301 εὐδοξίαν
567 4237 612 4267 ⁷⁸
639 4238 703 4305 τῇ
747 4235 900 4286 πόλει
951 4234 1052 4301 τῆς
1093 4233 1271 4295 αἰτίας
1328 4228 1487 4285 εἶναι.
1526 4230 1647 4293 Πῶς
1685 4230 1779 4283 οὖν
1813 4231 1872 4282 οὐ

298 4327 506 4386 δίκαιος
537 4322 676 4396 ἦσθα
705 4324 901 4391 μᾶλλον
926 4325 1166 4376 ἐπαινεῖν
1192 4323 1223 4391 ἢ
1245 4322 1467 4390 ψέγειν;
1510 4322 1595 4383 Ὠς
1618 4321 1663 4374 δ’
1686 4320 1876 4383 ἁπλῶς

301 4420 476 4470 εἰπεῖν
500 4418 566 4481 ⁷⁷,
598 4416 697 4468 ποῦ
721 4415 927 4467 δίκαιον
963 4414 1155 4483 μόνους
1191 4415 1440 4465 ἀπαιτεῖν
1487 4412 1715 4474 εὐθύνας
1748 4412 1875 4473 τοὺς

300 4510 363 4561 οὐ
398 4509 591 4577 μόνους
639 4508 745 4557 τῶν
780 4507 1119 4575 πραγμάτων
1152 4505 1395 4570 αἰτίους;
1428 4502 1620 4555 οὔκουν
1637 4500 1779 4564 ’τούς
1811 4519 1875 4570 γε

304 4601 551 4668 ἡνιόχους
581 4596 882 4664 αἰτιώμεθα
906 4599 1031 4659 τοὺς
1054 4597 1098 4625 ⁷¹¹
1124 4595 1181 4660 ἐξ
1214 4594 1411 4663 ἀρχῆς,
1446 4593 1512 4645 ἂν
1536 4593 1724 4661 ἕτερος
1748 4592 1876 4654 τοὺς

1977 3440 2076 3479 ιιι-ο
2105 3425 2156 3478 in
2188 3439 2285 3478 nos
2334 3424 2529 3478 civium
2561 3424 2845 3490 quisquam
2882 3432 3158 3491 peccasset
3203 3424 3410 3493 (itaque
3430 3430 3548 3475 tam

1977 3517 2028 3569 in
2080 3534 2176 3571 uos
2214 3533 2375 3583 quam
2407 3518 2459 3569 in
2510 3517 2650 3581 illos,
2683 3526 2841 3569 erant
2892 3518 2980 3569 alii
3034 3515 3329 3585 peccaturi)
3381 3531 3445 3566 an
3493 3524 3551 3568 ut

1978 3613 2090 3664 lucc
2114 3625 2350 3679 quoque,
2382 3611 2425 3665 si
2465 3610 2641 3664 fuerat
2671 3624 2825 3678 Opus,
2858 3624 2965 3678 quo
3015 3610 3201 3663 ﬁerent
3237 3610 3348 3670 illa,
3380 3610 3553 3663 conti-

1976 3701 2201 3768 gissent.
2238 3701 2380 3765 llazc,
2416 3702 2670 3764 arbitror,
2704 3700 2911 3753 malles.
2940 3700 3078 3769 Ergo
3108 3715 3230 3751 cum
3268 3710 3555 3764 utrumque

1979 3802 2028 3842 te
2056 3806 2216 3859 quam
2247 3801 2495 3846 neutrum
2547 3791 2704 3844 malle
2735 3791 2895 3854 dicis,
2934 3807 3055 3845 cum
3094 3792 3273 3843 omnia
3304 3805 3424 3858 qum
3464 3807 3556 3845 re-

1976 3883 2329 3952 quirebautur
2364 3884 2416 3936 in
2457 3883 2983 3937 administrationem
3013 3893 3249 3936 nostram
3299 3882 3557 3938 incidisse

1975 3974 2276 4037 conﬁteris,
2295 3984 2405 4026 tum
2428 3974 2576 4042 plura
2604 3973 2746 4039 urbi,
2769 3973 2835 4027 de
2863 3975 3057 4041 quibus
3085 3974 3363 4041 glorietur,
3389 3987 3553 4040 quam

1975 4067 2043 4118 ob
2069 4079 2187 4133 qua:
2214 4064 2661 4132 reprehendatur,
2696 4074 3005 4131 suppetere.
3036 4065 3175 4128 Quin
3208 4078 3337 4132 ergo
3365 4063 3557 4117 laudas

1976 4156 2149 4223 potius
2172 4171 2332 4224 quam
2368 4158 2668 4223 vituperas.
2700 4155 2937 4223 Denique
2976 4171 3077 4209 cur
3107 4156 3173 4207 ab
3204 4156 3273 4208 iis
3320 4153 3559 4207 rationes

1980 4241 2272 4308 repetimus
2312 4242 2462 4305 solis,
2496 4242 2589 4309 qui
2631 4243 2732 4296 soli
2778 4258 2959 4296 rerum
2992 4252 3243 4297 auctores
3282 4256 3389 4295 non
3437 4241 3559 4297 fue-

1978 4339 2122 4386 runt.
2170 4331 2300 4384 Nam
2350 4347 2448 4387 nec
2487 4334 2690 4401 primos
2733 4334 3174 4402 reprehendimus
3214 4334 3451 4402 aurigas,
3502 4334 3551 4388 si

1975 4426 2098 4495 quis
2131 4427 2348 4479 eosdem
2391 4441 2559 4493 equos
2603 4426 2740 4481 alius
2775 4427 3068 4489 deteriores
3135 4424 3329 4497 εδει
3378 4426 3559 4481 reddi-

1977 4517 2133 4571 derit.
2185 4518 2380 4572 Verum
2439 4527 2494 4572 et
2542 4518 2742 4587 auriga:
2799 4534 3169 4587 equorumque
3236 4519 3558 4585 domitores,

1977 4607 2218 4675 magistri
2262 4606 2395 4661 fiunt
2440 4606 2631 4676 pluris,
2658 4622 2781 4661 cum
2817 4608 2905 4661 alii
2940 4608 3186 4661 eamdem
3232 4615 3557 4674 potestatem

302 4690 500 4749 αὐτοὺς
536 4688 733 4749 ἵππους
770 4684 1098 4755 παραλαϐὼν
1140 4685 1363 4744 κακίους
1398 4680 1687 4751 ἀποδείξῃ·
1740 4680 1857 4733 ἀλλέ

1983 4698 2146 4761 nacti,
2204 4713 2306 4752 non
2349 4700 2538 4752 eodem
2585 4698 2745 4752 modo
2788 4712 2848 4751 se
2895 4706 3108 4766 gerunt,
3166 4695 3326 4764 idque
3367 4694 3558 4747 eodem

304 4782 402 4833 καὶ
428 4778 629 4848 ἡνίοχοι
660 4779 750 4831 καὶ
782 4777 1130 4845 πωλοδάμναι
1164 4774 1260 4829 καὶ
1290 4773 1595 4826 διδάσκαλοι.
1620 4771 1880 4841 μειζόνως

305 4870 702 4940 εὐδοκιμοῦσιν,
722 4871 849 4921 ὅταν
874 4868 980 4920 τῶν
1007 4866 1184 4919 αὐτῶν
1208 4866 1384 4934 ἕτεροι
1403 4863 1581 4934 κύριοι
1610 4862 1881 4915 καθεστῶο

1979 4792 2245 4851 tempore.
2278 4786 2388 4853 Age
2415 4800 2566 4851 vero,
2603 4799 2725 4853 quae
2766 4785 2897 4837 viris
2926 4783 3011 4837 his
3042 4784 3360 4846 acciderint,
3392 4782 3558 4835 etiam

1978 4884 2373 4938 percurramus.
2410 4872 2595 4941 Neque
2638 4878 2780 4927 enim
2819 4887 3007 4926 omnes
3041 4876 3228 4925 eodem
3264 4872 3424 4924 modo
3462 4885 3563 4939 po-

304 4980 399 5022 τες
421 4964 493 5030 μὴ
515 4961 620 5012 τῶν
639 4962 771 5014 ίσων
790 4960 930 5024 ἄξιοι
955 4960 1239 5025 γένωνται,
1271 4958 1364 5009 καὶ
1378 4956 1441 5025 νὴ
1460 4955 1535 5007 Δί’
1556 4956 1621 5008 ἄν
1636 4955 1680 4985 ⁷⁸
1708 4971 1770 5019 γε
1787 4971 1857 5006 κα

1980 4962 2136 5031 polus
2178 4963 2583 5030 condemnavit,
2611 4978 2787 5031 neque
2816 4964 2867 5017 id
2913 4962 2986 5016 illi
3025 4960 3301 5015 communi
3340 4961 3480 5013 deer-
3503 4969 3565 5013 to

306 5054 451 5107 κατὰ
477 5054 602 5115 τοὺς
637 5051 831 5113 αὐτοὺς
858 5051 1102 5120 χρόνους.
1131 5049 1268 5117 Φέρε
1304 5048 1367 5115 δὴ
1390 5046 1433 5076 ⁸ο
1464 5045 1559 5097 καὶ
1602 5045 1730 5113 περὶ
1771 5044 1857 5095 τῶε

1977 5063 2105 5104 sunt
2152 5052 2318 5120 passi,
2366 5069 2539 5123 neque
2590 5053 2751 5107 etiam
2830 5067 3052 5119 prorsus
3096 5063 3304 5104 omnes.
3354 5047 3556 5102 Yet-nm

308 5144 733 5214 συμϐεϐηκότων
770 5141 947 5201 αὐτῶν
976 5143 1087 5202 τοῖς
1129 5137 1354 5208 ἀνδράσι
1400 5135 1729 5205 σκεψώμεθα
1787 5151 1856 5187 κα

1979 5139 2372 5197 Themistocles
2430 5144 2647 5213 quidem
2692 5153 2748 5197 et
2801 5141 2992 5197 Cimon
3040 5141 3367 5196 ostraeismo
3429 5146 3558 5190 sunt

1579 5247 1809 5303 VAllIA‘Z
1849 5251 2142 5310 LECTlON
2151 5256 2254 5313 ES.

382 5354 424 5383 "
454 5350 564 5403 ἀλλ’
603 5341 671 5417 ὦ]
703 5364 755 5412 p.
782 5347 907 5401 587.
986 5348 1029 5378 ⁸³
1056 5345 1271 5398 πάντων
1299 5359 1408 5417 om.
1432 5343 1508 5417 AA.
1587 5340 1760 5417 “‘xal‘.
1789 5344 1857 5417 τρῖ

1964 5348 2131 5417 χορῶν
2164 5363 2272 5403 om.
2299 5348 2364 5401 A.
2438 5347 2483 5379 “'
2525 5363 2582 5399 τε
2614 5360 2723 5417 ριη.
2756 5348 2822 5399 Α.
2870 5346 2942 5417 f‘
2966 5344 3163 5417 ἐγκαλέ

306 5423 376 5492 δἸ
420 5437 471 5489 p.
508 5419 629 5492 589.
792 5417 971 5492 τοίνυν
1005 5432 1127 5492 ot_u._
1155 5417 1217 5467 Α.
1295 5412 1339 5444 ⁶⁹
1362 5415 1455 5492 καὶ
1482 5426 1590 5464 om.
1611 5410 1694 5492 AA.
1736 5413 1893 5481 ἡμῶν
1926 5410 2127 5492 αρτῷν]
2162 5417 2324 5492 αὐτοῦ
2357 5417 2467 5492 A.__
2496 5418 2541 5447 ⁷ο
2573 5413 2647 5492 αὖ
2690 5432 2753 5483 γε
2784 5415 2907 5492 μηδ’
2928 5410 3041 5492 -ςί-
3078 5415 3119 5445 ⁷⁸
3148 5410 3554 5492 φείσεται-ριν..

307 5480 376 5547 Δί
421 5480 498 5523 ἠ
532 5487 618 5559 γε]
650 5487 701 5556 γ’
731 5488 795 5539 ἂν
829 5488 975 5559 A,v.
1009 5485 1129 5559 libri
1164 5482 1487 5559 post-toiyuv
1523 5494 1577 5559 _v.
1610 5480 1857 5559 {lponunt

1969 5486 2013 5517 "
2038 5480 2127 5556 ἂν]
2167 5486 2258 5559 καί
2288 5486 2353 5540 Α.
2516 5480 2757 5559 πότερον,
2928 5486 2973 5516 ⁷⁵
3004 5483 3082 5559 -ᾂν
3112 5486 3331 5559 ιιιΙιΙηΑ.
3404 5481 3455 5559 _"
3489 5481 3555 5532 τὰ

308 5561 448 5626 πρὸς
485 5548 723 5621 εὐδοξίαν
750 5573 858 5610 οιιι.
884 5548 949 5609 Α.
1013 5548 1174 5626 μ’μ’-ὠς
1202 5550 1461 5626 (ἲᾲᾴπλῶς
1490 5551 1660 5602 εἰπεῖν
1702 5550 1776 5619 (ρ.
1809 5552 1935 5623 594)
1960 5568 2070 5609 om.
2102 5548 2164 5610 Ᾱ.
2206 5554 2435 5626 δίκαιον]
2450 5555 2505 5608 δὲ
2529 5548 2735 5609 δίκαιον
2749 5548 2927 5610 καλλι.
3004 5554 3049 5585 ⁷⁸
3076 5554 3199 5616 τοὺς
3232 5556 3273 5606 Α
3317 5569 3330 5606 :
3372 5548 3463 5614 οὓς
3483 5565 3551 5612 ς.

308 5612 451 5684 ἀν’-ἀν
477 5612 586 5685 om.
620 5612 692 5681 Ἀ.
768 5626 815 5658 ⁸⁸
844 5626 976 5697 φέρε
1005 5621 1093 5694 δὴ]
1117 5612 1169 5693 ι).
1210 5622 1333 5678 598.

3172 5360 3269 5414 σης
3293 5345 3355 5396 Α.
3432 5342 3478 5373 "
3507 5343 3558 5395 εί

1823 5712 2046 5769 ΝΟΤΛΕ.

385 5813 607 5883 ιθδ-ίιὸ)
630 5811 947 5881 Quemdam,
976 5810 1432 5878 Agamemnonem
1463 5808 1617 5876 ,ἥσθε
1656 5803 1957 5873 Sophoclis.
