4216 6430
696 396 827 461 1567

1825 395 2085 457 ΡΗΟΤΠ
2116 393 2340 454 PATRI
2351 392 2615 454 ARCil/E
2656 394 2766 453 (ΣΡ.

3808 392 3949 459 1568

692 525 721 561 a
758 504 1125 573 vituperandis
1165 502 1293 565 rcis,
1336 502 1518 566 credo,
1581 502 1957 555 abstinuisset.
1990 501 2292 557 Caeterum.

2395 501 2737 569 ιατηγόρηκε,
2773 500 2870 570 τὴν
2902 500 3001 571 μὲν
3034 500 3205 570 τύχην
3238 500 3362 553 ἀντὶ
3392 500 3614 570 γνώμης
3648 500 3947 564 ἑξετάζων,

694 599 737 650 si
774 597 921 650 viros
976 606 1207 662 utroque
1252 593 1415 646 modo
1465 594 1599 646 volet
1641 594 1791 647 Plato
1846 594 2269 664 reprehendere,

693 688 845 755 quasi
884 698 1099 749 acutum
1154 685 1411 753 quiddam
1444 686 1752 754 arripuerit,
1786 686 1913 753 quid
1962 695 2107 738 vetat
2135 701 2273 753 quo-

697 780 877 833 minus
927 779 1122 846 aliquis
1172 793 1269 846 par
1307 776 1420 845 pari
1471 778 1720 842 reddens,
1768 786 1993 845 utroque
2060 793 2273 830 rursum

698 874 858 925 modo
894 872 973 925 sic
1028 870 1340 925 dissolvat?
1402 870 1459 923 Si
1529 883 1623 924 eos
1673 879 1823 923 recte
1865 878 1920 922 et
1974 866 2114 935 juste
2149 881 2279 920 con-

698 958 1017 1011 demnarnnt
1049 957 1427 1020 Athenienses,
1462 972 1566 1011 non
1591 965 1749 1011 erant
1768 956 1837 1010 ab
1859 955 1965 1011 illis
1994 957 2231 1025 corrupti
2261 972 2276 1010 :

701 1061 824 1097 nam
869 1062 991 1099 cum
1047 1054 1192 1100 recte
1221 1049 1478 1115 agebant,
1537 1060 1641 1101 non
1679 1059 1775 1099 eos
1806 1045 1882 1100 illi
1904 1052 2277 1112 corruperant.

700 1134 878 1197 Quare
919 1134 962 1187 si
1024 1135 1218 1187 merito
1253 1142 1378 1186 sunt
1408 1133 1775 1200 condemnati,
1810 1148 1919 1188 non
1946 1132 2035 1187 hic
2068 1132 2283 1203 pejores

701 1234 879 1288 erunt,
926 1223 1126 1293 535a
1190 1223 1275 1277 sin
1352 1238 1446 1277 eos
1522 1224 1726 1294 injuste
1807 1226 2279 1289 condemnarunt,

707 1314 953 1379 injuriam
979 1316 1120 1381 passi
1172 1324 1300 1367 sunt
1328 1315 1451 1377 viri,
1488 1331 1591 1368 non
1626 1315 1922 1369 intulerunt
1956 1334 1968 1368 :
2023 1316 2155 1369 tales
2184 1332 2284 1369 an-

705 1414 809 1453 It‘ln
870 1402 1159 1469 adjuvandi
1201 1412 1350 1463 sunt,
1401 1418 1507 1456 non
1537 1404 1831 1457 accusandi
1864 1445 1877 1467 ,
1910 1407 2067 1457 autsi
2093 1405 2280 1473 jnvari

706 1502 996 1561 nequeunt,
1061 1493 1250 1546 saltem
1303 1496 1547 1547 accusari
1592 1511 1697 1548 non
1757 1495 1970 1550 debent.
2003 1496 2127 1563 Ego}
2161 1510 2289 1549 vero

705 1583 1121 1649 i-legant‘oribns
1162 1584 1275 1637 haec
1306 1583 1569 1652 relinquo.
1598 1584 1716 1652 Ipse
1757 1596 1935 1639 autem
1966 1587 2091 1654 quid
2140 1585 2287 1640 amr-

708 1676 832 1726 nm?
884 1686 975 1728 aut
1020 1694 1179 1746 quam
1224 1680 1493 1731 rationem
1558 1681 1808 1749 sequor?
1882 1680 1995 1734 Non
2060 1689 2289 1750 possunt

710 1766 922 1832 utrique
996 1768 1153 1819 simul
1207 1770 1486 1832 accusari,
1540 1780 1594 1823 ct
1680 1772 1869 1838 vulgus
1926 1780 1981 1825 et
2026 1773 2149 1832 viri.
2186 1772 2289 1825 nisi

2369 590 2469 659 τὴν
2496 590 2541 643 δ’
2571 592 2775 659 ἑτέρων
2808 592 3084 661 ἁμαρτίαν
3122 591 3198 654 ὡς
3220 592 3446 643 ἑκείνων
3473 586 3640 644 οὖσαν
3665 590 3864 652 τιθείς.
3885 590 3950 643 ΕΙ

2372 683 2429 735 δὲ
2448 684 2572 743 τοὺς
2599 682 3147 752 καταψηφιζομένους
3167 682 3263 734 καὶ
3286 685 3398 744 τοῖς
3418 682 3606 743 ῖπποις
3630 681 3955 743 ἀπεικάζων

2375 777 2489 834 τοῖς
2522 773 2870 836 λακτίζουσιν
2916 774 3134 843 ἰσχυρόν
3157 790 3210 824 τι
3240 772 3417 838 λέγειν
3446 772 3565 825 καθ’
3592 765 3668 825 ὧν
3713 772 3748 841 ἡ
3774 771 3958 840 ψῆφος

2376 866 2569 927 οίεται,
2588 864 2725 933 ταχύ
2755 866 2810 932 γ’
2834 864 2899 918 ἀν
2929 866 2978 917 εί
3000 867 3112 927 τοῖς
3145 864 3354 916 δώδεκα
3376 863 3521 926 θεοῖς
3549 862 3707 931 ἔσχεν
3735 862 3959 915 είκάσαι

2378 956 2505 1018 τοὺς
2539 956 2934 1023 καταγνόντας,
2966 956 3225 1023 ἀπέσχετ’
3257 954 3325 1008 ἂν
3364 954 3475 1006 τῶν
3504 954 3745 1007 ἁλόντων
3796 952 3861 1004 τὺ
3886 950 3962 1020 μὴ

2379 1045 2440 1097 οὐ
2484 1046 2669 1106 κακῶς
2708 1047 2903 1100 εἰπεῖν.
2937 1046 3064 1098 Et?
3089 1047 3135 1077 "
3165 1046 3253 1098 ἑπ’
3297 1045 3584 1114 ἀμφότερα
3627 1043 3858 1097 Πλάτων
3878 1043 3964 1095 ai-

2381 1136 2629 1189 τιάσεται
2659 1137 2786 1197 τοὺς
2830 1136 3048 1205 ἄνδρας,
3072 1136 3265 1206 ὥσπερ
3296 1135 3458 1203 σοφοῦ
3507 1135 3653 1198 τινὸς
3694 1133 3966 1203 εἰλημμέ-

2384 1242 2473 1286 νος
2497 1225 2563 1289 ¹⁷,
2590 1224 2642 1277 τί
2671 1225 2871 1277 κωλύει
2906 1226 3028 1277 τινά
3063 1226 3163 1286 τὰς
3198 1226 3391 1295 ὁμοίας
3421 1224 3850 1277 ἀνταποδιδόντα
3879 1221 3967 1273 ἐπ’

2385 1315 2674 1384 ἀμφότερα
2703 1314 2770 1369 αὖ
2790 1315 2835 1347 ’⁸
2870 1316 3189 1382 φιλονείκως
3222 1314 3697 1383 ὑπολαμσάνοντα,
3729 1312 3970 1366 διαλύειν

2388 1407 2485 1457 ὡδὶ
2506 1408 2597 1459 τὸν
2626 1406 2802 1473 λόγον,
2819 1408 2900 1459 ὅτι
2925 1409 2973 1460 εί
2999 1407 3178 1468 καλῶς
3200 1408 3293 1459 καὶ
3314 1406 3381 1458 τά
3401 1407 3585 1459 δίκαια
3603 1405 3786 1459 αὐτῶν
3816 1403 3977 1472 Ἀθη·

2388 1500 2527 1549 ναῖοι
2558 1497 2930 1564 κατέγνωσαν,
2957 1498 3056 1550 οὐκ
3077 1491 3220 1566 ἦσαν
3248 1496 3339 1549 ὑπ’
3358 1496 3539 1549 αὐτῶν
3555 1494 3971 1564 διεφθαρμένοι·

2391 1589 2459 1640 τά
2494 1588 2601 1655 γὰρ
2635 1588 2817 1641 δίκαια
2852 1588 3091 1641 ἑποίουν.
3128 1587 3340 1640 Οὐκοῦν
3364 1587 3471 1639 οὐδ’
3495 1588 3693 1638 ἐκεῖνοι
3714 1585 3978 1654 διεφθάρ⁴

2396 1693 2589 1731 κεσαν·
2624 1677 2764 1731 ὥστε
2815 1680 2865 1730 εί
2913 1676 3137 1740 δικαίως
3188 1677 3460 1741 ἑάλωσαν,
3508 1676 3661 1729 οὐδὲν
3705 1675 3886 1743 ταύτῃ
3914 1690 3978 1741 γε

2400 1770 2618 1841 χείρους
2636 1766 2798 1841 ἦσαν.
2826 1771 2888 1823 Et
2918 1770 2976 1823 δὲ
3009 1770 3210 1832 ἀδίκως
3239 1769 3424 1823 αὐτῶν
3452 1771 3648 1822 ἑκεῖνοι
3677 1766 3981 1835 κατεψηφι-

712 1858 909 1908 :-.I'eros
968 1857 1251 1912 manifeste
1286 1859 1602 1913 calmnniari
1633 1862 1900 1916 volumus.
1958 1862 2167 1918 Etenim
2241 1865 2288 1920 si

2403 1832 2923 1925 σαντα-ἀδικεῖσθαι
2955 1864 3068 1925 τοῖς
3116 1861 3376 1929 ἀνδράσιν
3426 1859 3727 1929 περίεστιν,
3768 1832 3981 1909 ἀδικεῖν

711 1957 854 1997 recte
908 1946 1019 1997 sint
1078 1949 1447 2012 condemnati,
1509 1951 1606 2015 ipsi
1669 1952 1883 2019 quidem
1957 1954 2293 2008 fuerintim-

713 2035 897 2099 rrnbi;
934 2038 1160 2103 populus
1192 2038 1369 2093 oliicio
1394 2056 1491 2094 suo
1540 2041 1755 2097 functus
1784 2052 1886 2098 est.
1936 2044 2123 2112 Itaque
2182 2062 2286 2099 non

714 2127 959 2179 delmtob
1001 2128 1139 2181 hanc
1189 2145 1301 2182 rem
1348 2130 1565 2197 quidem
1617 2132 1859 2201 culpari,
1915 2149 1981 2187 an
2010 2151 2139 2203 ergo
2171 2152 2291 2189 cum

715 2231 837 2267 e-nm
880 2233 998 2268 cum
1042 2218 1429 2274 ferocientibus
1473 2223 1657 2277 bestiis
1708 2239 2116 2293 comparamus,
2151 2238 2296 2281 recte

717 2322 812 2357 nos
849 2306 1027 2362 facere
1103 2310 1382 2364 dicemus?
1441 2312 1535 2367 Sin
1587 2315 1841 2383 peccavit
1893 2317 2151 2384 populus,
2189 2334 2295 2370 una

718 2414 838 2450 cum
895 2400 1082 2466 ipsius,
1136 2414 1359 2469 peccato
1414 2405 1655 2458 virorum
1736 2408 1989 2474 probrum
2048 2410 2293 2464 diluitur.

721 2490 774 2540 In
810 2492 907 2543 hoc
939 2494 1080 2543 eitini
1118 2494 1233 2559 ipso
1271 2495 1627 2550 Athenienses
1674 2496 1974 2565 deliquisse
2025 2501 2285 2564 dicimus,

720 2577 856 2641 quod
883 2578 1000 2627 illos
1059 2580 1269 2641 exsilio.
1334 2584 1578 2647 pecunia,
1632 2584 1713 2635 vel
1750 2585 1852 2637 alia
1878 2601 1936 2638 re
1959 2601 2285 2655 quacunque

725 2667 1042 2721 multarunt.
1083 2670 1220 2734 Quid
1256 2682 1433 2724 autem
1470 2674 1585 2726 ltarc
1626 2674 1785 2728 ali‘ert
1830 2677 2011 2730 ratio?
2052 2678 2181 2730 nihil
2209 2692 2303 2731 eos

724 2760 911 2809 horum
951 2761 1173 2813 meritos
1208 2777 1348 2815 esse.
1385 2763 1547 2831 Atqui
1582 2765 1625 2817 si
1671 2765 1810 2817 male
1830 2765 2094 2828 fecerant,
2127 2769 2301 2821 meriti

721 2859 874 2900 erant
910 2866 923 2912 ;
972 2853 1228 2918 quoniam
1278 2864 1461 2907 autem
1518 2857 1699 2909 meriti
1742 2873 1846 2911 non
1879 2870 2055 2924 erant,
2100 2860 2304 2928 liquido

722 2940 993 3010 colligitur
1054 2946 1194 2999 male
1249 2949 1382 3000 rihil
1434 2949 1644 3005 fecisse.
1677 2950 1796 3005 Jam
1833 2953 1923 3020 qui
1968 2955 2151 3020 probis
2182 2971 2301 3010 ma-

2398 1953 2453 2005 δὲ
2482 1956 2525 1985 ’³
2562 1952 2813 2019 οὐδαμῶς
2832 1968 2844 1981 ο
2878 1956 2989 2015 τοῖς
3017 1952 3060 2004 δ’
3089 1951 3395 2020 ἀδικηθεῖσι
3422 1950 3656 2020 βοηθεῖν,
3680 1950 3782 2001 οὐκ
3813 1950 3985 2014 ἐγκα-

2400 2044 2513 2095 λεῖν
2541 2044 2686 2105 εἰκός
2719 2046 2886 2097 ἐστιν.
2924 2043 2987 2096 Ei
3038 2043 3094 2095 δέ
3139 2060 3223 2094 τοι
3254 2043 3347 2095 καὶ
3379 2041 3453 2111 μή
3488 2040 3715 2095 δυνατὸν
3742 2038 3983 2109 βοηθεῖν,

2401 2135 2515 2187 ἀλλ’
2547 2135 2667 2204 οὐχὶ
2701 2137 2818 2204 sui!
2836 2135 3042 2187 δίκαιον
3084 2133 3357 2200 ἐγκαλεῖν.
3407 2132 3548 2200 Ἐγὼ
3574 2132 3631 2185 δὲ
3671 2130 3856 2185 ταῦτα
3882 2130 3986 2199 μὲν

2402 2230 2514 2290 τοῖς
2543 2227 2904 2297 κομψοτέροις
2932 2225 3198 2295 παρίημι·
3225 2225 3390 2287 αὐτὸς
3416 2224 3470 2277 δὲ
3490 2224 3542 2276 τί
3567 2240 3711 2293 φημι
3741 2224 3840 2275 καὶ
3865 2221 3986 2283 πῶς

2403 2318 2632 2387 δέχομαι
2664 2316 2757 2369 τὸν
2804 2316 2999 2382 λόγον;
3031 2315 3143 2368 Οὐκ
3193 2314 3309 2366 ἐστι
3350 2314 3559 2366 δίκαιον
3614 2314 3733 2382 ἅμα
3780 2314 3989 2381 ἀμφοῖν

2405 2412 2754 2479 κατηγορεῖν,
2787 2410 2882 2461 καὶ
2915 2407 3009 2461 τοῦ
3039 2408 3214 2477 δήμου
3246 2406 3545 2461 κάκείνων*
3582 2406 3616 2474 ἠ
3642 2405 3832 2473 σαφῶς
3860 2404 3991 2465 τοὺς

2407 2503 2626 2571 ἑτέρους
2666 2501 3167 2569 συκοφαντήσομεν.
3204 2499 3266 2551 Εί
3317 2498 3413 2567 μὲν
3442 2498 3552 2567 γὰρ
3586 2496 3766 2566 ὀρθῶς
3801 2495 3990 2548 ἑκεῖνα

2407 2589 2783 2657 κατεγνώσθη,
2815 2590 3035 2657 ἠδίκουν
3088 2587 3190 2657 μὲν
3241 2587 3261 2658 (
3284 2587 3359 2649 ὡς
3391 2586 3601 2655 ἔοικεν)
3645 2586 3868 2646 ἑκεῖνοι,
3908 2584 3991 2651 τῷ

2406 2684 2562 2754 δήμῳ
2598 2682 2642 2735 δ’
2699 2682 2735 2735 ἀ
2783 2682 3050 2750 προσήκει
3084 2681 3423 2749 πέπρακται,
3453 2679 3594 2731 ὥστε
3621 2678 3745 2746 οὐχὶ
3783 2678 3848 2747 δή
3884 2693 3989 2728 που

2409 2774 2584 2827 ταῦτά
2630 2790 2693 2841 γε
2746 2773 2957 2825 δίκαιον
3019 2772 3351 2840 κατηγορεῖν
3402 2768 3590 2822 αὐτοῦ.
3630 2768 3752 2829 Πῶς
3798 2769 3848 2798 ³⁸
3892 2764 3990 2820 οὖν

2408 2869 2523 2929 τοῖς
2573 2866 2918 2934 ἀγριαίνουσι
2983 2863 3092 2915 τῶν
3149 2861 3306 2924 ζώων
3372 2860 3533 2913 αὐτὸν
3595 2858 3991 2921 ἀπεικάζοντες

2412 2956 2591 3028 ὀρθῶς
2644 2957 2892 3024 φήσομεν
2938 2953 3110 3005 ποιεῖν
3134 2952 3217 3013 ἰς
3272 2951 3321 3003 εί
3354 2951 3399 3005 δ’
3442 2951 3691 3019 ἥμαρτεν
3722 2950 3752 3000 ό
3796 2949 3994 3016 δῆμος,

727 3032 981 3094 lcdicunt.
1017 3045 1071 3087 et
1112 3038 1414 3093 calumnias
1480 3042 1749 3111 ingerunt,
1787 3059 1891 3097 non
1931 3046 2116 3113 utique
2139 3049 2292 3116 proht

2414 3052 2529 3119 ἅμα
2560 3066 2620 3100 τε
2654 3047 2847 3115 ἐκείνῳ
2877 3044 3191 3115 ἡμάρτηται
3232 3044 3325 3095 καὶ
3372 3045 3485 3105 τοῖς
3515 3042 3737 3112 ἀνδράσι
3782 3040 3998 3093 τοῦνει-

724 3123 949 3178 t'aciunt.
1002 3126 1108 3181 Nos
1164 3130 1329 3197 igitur
1400 3148 1495 3197 pro
1562 3137 1907 3191 accusatione
1958 3148 2292 3209 ntrornmqut

2413 3142 2500 3204 δος
2527 3142 2573 3172 ³⁸
2600 3138 2839 3191 λέλυται.
2874 3136 3014 3187 Αὐτὸ
3044 3136 3087 3166 ³³
3128 3134 3238 3203 γὰρ
3292 3132 3449 3184 τοῦτό
3497 3149 3677 3200 φαμεν
3723 3131 4000 3237 δήπουθεῖ

717 3214 916 3274 justam
980 3227 1338 3289 utrorumque
1410 3222 1776 3280 defensionen
1820 3228 2181 3296 proferemus,
2242 3247 2292 3287 at

2412 3231 2682 3300 ἁμαρτεῖν
2720 3226 3061 3294 Ἀθηναίους,
3094 3224 3437 3293 τιμήσαντας
3469 3222 3703 3282 ἑκείνοις
3746 3220 3930 3290 φυγῆς
3958 3220 3995 3289 ἢ

730 3320 828 3359 nec
893 3310 1073 3375 populi
1128 3312 1291 3365 totius
1346 3317 1485 3367 hanc
1539 3331 1659 3371 esse
1736 3320 1973 3386 culpam,
2021 3337 2118 3378 nec
2189 3324 2292 3380 illot

2408 3321 2734 3390 ὁτουδήποτε
2766 3319 3035 3385 ἐτίμησαν
3087 3314 3325 3381 ἑκάστῳ.
3378 3306 3547 3374 Οὗτος
3581 3310 3638 3362 δὲ
3684 3312 3712 3362 ὁ
3739 3310 3905 3377 λόγος
3936 3308 3999 3361 τί

723 3396 892 3449 sicubi
948 3399 1314 3465 oll‘cnderunt,
1345 3406 1557 3472 pejores
1589 3408 1773 3461 haberi
1811 3411 2011 3467 debere
2035 3414 2292 3470 dicemus.

2408 3413 2593 3480 λέγει;
2628 3408 2871 3477 Μηδενὸς
2900 3406 3107 3458 τούτων
3156 3404 3399 3464 ἐκείνους
3444 3400 3629 3465 ἀξίους
3679 3396 3847 3453 εῖναι.
3881 3398 3997 3452 Καὶ

726 3484 831 3538 Nec
897 3486 1039 3539 enim
1088 3501 1145 3544 ut
1192 3495 1421 3548 athletis
1477 3498 1636 3560 solet,
1690 3500 1769 3551 sic
1817 3512 1871 3554 et
1926 3506 2100 3570 poetis
2162 3522 2292 3575 pra:-

2411 3504 2520 3574 μὴν
2567 3501 2621 3554 εί
2655 3517 2719 3567 γε
2773 3499 3016 3568 ἠδίκουν,
3068 3495 3208 3558 asto:
3258 3493 3461 3546 τούτων
3502 3487 3680 3564 ἦσαν’
3707 3493 3799 3544 ἅτε
3837 3492 3900 3545 δι
3932 3492 3996 3545 οὐ

723 3579 1077 3633 ~~tantioribus
1150 3598 1365 3651 semper
1415 3587 1659 3641 defertur
1708 3592 1959 3657 victoria,
2007 3611 2192 3648 verum
2250 3609 2292 3651 el

2413 3595 2617 3647 τούτων
2644 3591 2807 3655 ἄξιοι,
2844 3587 3031 3655 σαφῶς
3063 3587 3165 3639 οὐκ
3192 3584 3431 3654 ἠδίκουν.
3456 3584 3598 3645 Τοὺς
3635 3582 3683 3635 δ’
3729 3583 3832 3634 οὐκ
3875 3581 3997 3635 ἀδι-

726 3667 810 3719 Itic
842 3668 1181 3725 Pindaricum
1220 3675 1349 3727 illud
1385 3677 1556 3730 locum
1608 3681 1786 3744 habet,
1836 3685 2116 3741 verissimo
2160 3688 2303 3740 enim

723 3759 918 3812 cecinit
945 3762 1029 3815 ille
1067 3780 1080 3815 :

2417 3686 2645 3744 κοῦντας
2678 3681 2864 3743 κακῶς
2889 3680 3068 3743 λέγειν
3120 3678 3215 3728 καὶ
3251 3676 3609 3742 συκοφαντεῖν
3651 3671 3776 3741 οὐχὶ
3811 3672 4000 3725 δίκαια

2417 3778 2590 3831 ποιεῖν
2618 3773 2662 3805 ³⁸
2698 3770 2865 3825 ἑςτίν.
2914 3768 3105 3837 Ἡμεῖς
3134 3766 3316 3819 τοίνυν
3352 3765 3474 3818 ἀντὶ
3511 3763 3610 3817 τοῦ
3667 3763 4000 3832 κατηγορεῖν

725 3849 1048 3922 ἀμφοτέρων
1079 3856 1219 3925 ὑπὲρ
1242 3859 1570 3929 ἀμφοτέρων
1599 3864 1668 3917 τὰ
1697 3868 1976 3935 πρέποντα
2008 3874 2445 3944 ἀπολογούμεθα,
2477 3870 2602 3924 οὔτε
2632 3866 2727 3920 τοῦ
2757 3866 2930 3935 δήμου
2954 3864 3070 3933 ετήν
3098 3863 3279 3916 αἰτίαν
3338 3859 3539 3923 παντὸς
3562 3860 3607 3892 ⁸³
3681 3853 3824 3911 εἷναι
3892 3857 4001 3927 φά-

732 3960 970 4009 εκοντες,
996 3948 1118 4001 οὔτε
1151 3952 1391 4015 ἐκείνους
1428 3958 1746 4027 προσήκειν,
1785 3963 1830 4011 εἰ

1886 3963 1966 4015 ὅτι
1997 3967 2427 4035 προσέπταισαν,
2486 3964 2703 4033 χείρους
2751 3957 3087 4027 νομίζεσθαι.
3165 3954 3273 4007 Καὶ
3342 3954 3443 4004 οὐκ
3483 3953 3527 3983 ⁸⁸
3597 3952 3690 4003 ἑπὶ
3742 3950 3845 4019 μὲν
3890 3949 4002 4007 τιῖν

728 4035 974 4106 ἀθλητῶν
1003 4040 1144 4093 οὕτω
1169 4044 1473 4110 συμδαίνειο
1503 4052 1570 4102 τὰ
1611 4051 1665 4101 δὲ
1699 4053 1794 4119 τῆς
1845 4058 2111 4127 μουσικῆς
2140 4060 2435 4128 ἑστηκυῖαν
2472 4058 2587 4125 ἔχει
2612 4054 2709 4123 τὴν
2741 4052 2898 4121 νίκην
2926 4053 3038 4112 τοῖς
3097 4048 3424 4118 κρείττοσιν,
3507 4044 3644 4099 ἀλλὰ
3704 4040 3995 4095 κάνταῦθα

729 4128 786 4178 τὸ
833 4129 926 4181 τοῦ
976 4132 1237 4200 Πινδάρου
1292 4140 1519 4203 κρατεῖο
1568 4141 1709 4192 πάνυ
1755 4142 1864 4213 γὰρ
1904 4147 2021 4214 μετ’
2054 4148 2313 4218 ἀληθείας
2350 4147 2495 4201 τοῦτ’
2523 4147 2729 4207 ἐκεῖνος
2760 4142 3022 4212 ὕμνησεν.

801 4241 891 4310 [In
948 4245 1085 4296 circo
1122 4255 1298 4297 autent
1329 4246 1565 4314 fortuna,
1601 4268 1702 4303 nou
1735 4253 1893 4305 robur
1919 4297 1933 4316 ,
1973 4258 2152 4311 vincit.

802 4352 984 4419 Itaque
1031 4354 1374 4421 conspicatus
1405 4354 1681 4410 Eumelutn
1725 4362 1977 4422 Achilles,
2030 4365 2307 4417 cadentem

732 4460 759 4492 υ
798 4457 958 4494 curru
1014 4446 1268 4499 misertus
1316 4448 1488 4503 dixit:

802 4556 1042 4622 Optimus
1093 4571 1325 4613 extremo
1360 4563 1438 4613 τὶν
1477 4579 1632 4631 equos
1680 4565 1785 4633 agit
1816 4568 1996 4621 ordine
2031 4569 2212 4635 fortes.

802 4666 960 4734 Atqui
993 4669 1285 4721 absurdum
1318 4682 1435 4723 erat
1465 4672 1576 4727 haec
1596 4675 1663 4726 ita
1691 4674 1946 4744 deinceps
1964 4679 2312 4748 conjungere,

733 4758 1156 4825 1lt|liectlllldtfll|
1185 4760 1443 4825 optimum
1475 4772 1527 4815 et
1555 4776 1852 4818 extremum
1872 4769 2066 4821 dicere.
2092 4768 2315 4824 Verum-

736 4857 912 4901 timen
934 4849 1129 4917 ἤδει-(ξς.
1145 4851 1338 4917 inqttit,
1361 4852 1607 4907 humana:
1626 4854 1822 4910 ferunt.
1840 4856 1949 4911 Hoc
1964 4862 2105 4913 enim
2128 4862 2310 4915 viden-

736 4948 821 4990 ttr
870 4938 997 4991 mihi
1034 4941 1194 4993 verba
1230 4941 1383 5004 velle,
1418 4946 1662 4998 eumdem
1700 4962 1818 5001 esse
1877 4958 1932 5001 et
1968 4952 2228 5017 optimum
2260 4962 2315 5007 et

734 5035 1069 5094 i-xlremunt,
1098 5030 1241 5097 quod
1296 5032 1420 5084 olim
1470 5033 1724 5087 Orontem
1768 5036 1984 5091 Persam
2035 5042 2101 5095 de
2149 5043 2314 5111 digito

734 5117 767 5167 il
798 5117 936 5172 \isse
960 5117 1155 5175 ferunt.
1188 5123 1439 5181 eumdem
1471 5124 1572 5177 sittt
1598 5127 1702 5177 alio
1739 5143 1881 5182 nunc
1915 5129 2098 5184 decem
2125 5131 2311 5197 millia,

738 5226 879 5262 num-
910 5229 1071 5265 unum
1108 5214 1371 5267 duntaxat
1412 5220 1714 5271 ostendere.
1735 5220 1939 5284 {Quare
1968 5223 2051 5291 ad:
2075 5223 2311 5279 Platoais

738 5302 1042 5370 esctiiplum
1063 5306 1191 5360 mihi
1223 5317 1373 5360 certe
1389 5308 1597 5361 videtur
1620 5310 1813 5379 4351)
1845 5313 2093 5368 Emnelus
2126 5316 2175 5368 in
2208 5330 2313 5370 ce-

2540 4257 2643 4309 Ἐν
2669 4254 2920 4321 ἔργμασι
2949 4246 3087 4313 νικᾷ
3114 4248 3264 4313 τύχα
3297 4246 3365 4309 ³⁷,
3389 4246 3460 4298 οὺ
3491 4244 3730 4308 σθένος.

2490 4368 2651 4418 Ὥστε
2675 4365 2718 4396 ⁸⁸
2755 4362 2878 4415 ίδὼν
2908 4362 2997 4412 τὸν
3024 4358 3273 4427 Εὔμηλον
3314 4357 3595 4424 Ἀχιλλεὺς
3618 4356 3714 4407 τοῦ
3744 4356 3999 4427 ἅρματος

2417 4456 2719 4509 ἐκπεσόντα
2749 4451 2977 4524 ᾤκτειρὲ
3022 4466 3082 4501 τε
3116 4449 3210 4501 καὶ
3232 4446 3379 4513 λέγει

2341 4604 2391 4664 D
2421 4569 2672 4633 Λοῑσθος
2692 4564 2847 4633 ἀνὴρ
2872 4564 3123 4632 ὤριστος
3155 4561 3400 4618 ἐλαύνει
3425 4562 3713 4631 μώνυχας
3742 4561 3998 4626 ἵππους.

2486 4676 2613 4750 'Ap’
2650 4678 2742 4731 οὖν
2762 4679 2822 4729 οὺ
2846 4677 3147 4748 παράδοξον
3178 4677 3304 4747 ἑξῆς
3325 4677 3522 4730 οὑτωσὶ
3566 4675 3739 4729 θεῖναι
3789 4674 4001 4744 mpn-

2417 4770 2574 4836 λη).α,
2628 4768 2723 4820 καὶ
2768 4767 2859 4819 τὸν
2901 4769 3063 4820 αὐτὸν
3116 4766 3329 4819 λοῖσθόν
3356 4785 3413 4819 τε
3447 4768 3543 4819 καὶ
3575 4766 3799 4836 ἄριστον
3834 4782 4002 4836 προσ·

2416 4863 2625 4925 ειπεῖνς
2686 4858 2827 4910 Ἀλλ’
2878 4858 3024 4927 ὅμως
3080 4858 3329 4922 τοιαῦτα,
3363 4858 3518 4929 φησὶ,
3580 4859 3649 4911 τὰ
3684 4856 4002 4926 ἀνθρώπεια

2419 4951 2595 5021 (τοῦτο
2626 4950 2733 5019 γάρ
2761 4967 2850 5019 μοι
2870 4950 3017 5003 δοκεῖ
3038 4950 3147 5001 τῶν
3172 4950 3433 5021 ῥημάτων
3457 4950 3516 5001 τὸ
3540 4947 3793 5019 βούλημα
3816 4943 4000 5015 εἷναι)-

2419 5044 2636 5105 ὀαὺτὸς
2705 5043 2843 5113 ἀνὴρ
2892 5042 3021 5113 [707
3066 5039 3155 5111 ΙΙ.]
3220 5041 3441 5111 ἄριστός
3481 5058 3541 5092 τε
3600 5039 3697 5093 καὶ
3750 5039 3999 5109 ἔσχατος.

2424 5135 2598 5203 Ὅπερ
2623 5135 2665 5166 ³⁸
2700 5134 2829 5203 περὶ
2856 5132 2951 5186 τοῦ
2989 5131 3251 5184 δακτύλου
3280 5133 3413 5198 φασί
3469 5130 3587 5184 ποτ’
3620 5132 3800 5185 εἰπεῖν
3820 5131 4001 5199 Ὀρόν-

2420 5240 2517 5291 την
2555 5224 2601 5255 δ⁰
2628 5222 2720 5275 τὸν
2774 5222 3009 5293 Πέρσην,
3058 5221 3133 5285 ὡς
3166 5222 3248 5274 6‘“
3284 5222 3448 5283 αὐτὸς
3476 5220 3554 5275 ὢν
3585 5224 3652 5292 τῇ
3684 5220 3837 5274 θέσει
3874 5221 4003 5272 ποτὲ

2424 5316 2521 5384 μὲν
2548 5315 2615 5367 τά
2638 5315 2808 5384 μυρία
2842 5312 3119 5384 σημαίνει,
3145 5314 3275 5365 ποτὲ
3307 5313 3353 5366 δ’
3390 5314 3450 5365 οὐ
3486 5315 3649 5367 πλέον
3681 5313 3716 5383 ἢ
3760 5313 4004 5367 ἑν.Ὠστ’

1995 5473 2226 5530 VARUE
2265 5476 2675 5535 LECTIUNES.

817 5629 860 5655 ’δ
906 5628 1050 5687 είδῚ
1112 5647 1163 5692 ν.
1208 5628 1304 5677 tu;
1404 5629 1445 5656 ιτ

753 5694 790 5723 ⁵⁷
817 5697 1080 5755 τοῦνειδος
1105 5700 1147 5749 Λ
1178 5716 1188 5749 :
1226 5697 1283 5747 τὸ
1303 5697 1497 5757 ὄνειδος
1520 5713 1577 5759 τ’.
1660 5694 1865 5752 ³³ἀὺτό

1480 5630 1877 5697 ἐπειλημμένος
1923 5634 1984 5688 Α.
2064 5636 2107 5664 ’⁸
2149 5633 2216 5690 αὖ
2263 5654 2371 5690 om.
2405 5643 2469 5692 A.

796 5704 1080 5775 ,τηῧνειδος
1105 5704 1147 5775 ιξ
1178 5716 1188 5749 ε
1226 5704 1283 5775 τίς
1303 5704 1497 5775 δνειρρζ
1520 5713 1577 5759 τ’·
1619 5769 1636 5775 _
1660 5704 1702 5730 ³³
1734 5704 1903 5775 αὑτό*
1963 5704 2005 5733 ³⁵
2028 5709 2201 5759 ποιεῖν
2235 5708 2349 5759 ἐστι
2376 5724 2482 5759 om.
2508 5712 2569 5762 Λ.
2649 5710 2692 5739 ³³
2716 5704 2929 5771 παντως
2957 5714 3019 5762 Λ.

753 5764 884 5833 τάχα
910 5768 974 5819 .-\.
1052 5764 1279 5838 "(In-:51
1315 5784 1363 5834 p.
1396 5766 1516 5820 423.
1596 5769 1637 5799 ”
1673 5768 1830 5839 ὅπερ]
1872 5770 2056 5841 ῶσπερ
2084 5777 2147 5828 Α.
2226 5776 2268 5807 to
2314 5778 2594 5849 ουρόντηνι
2631 5780 2699 5834 cl'.
2750 5764 2943 5833 Sttidns
2990 5797 3039 5831 v.
3088 5764 3462 5848 ’Λρὸαζάκιοξ.

2548 5642 2590 5673 ’³
2626 5640 2681 5691 δὲ
2728 5643 2766 5694 Α
2820 5659 2833 5693 :
2867 5658 2929 5707 γε
2961 5656 3017 5700 τ’.
3098 5641 3138 5670 ³ο
3171 5639 3286 5699 πῶς
3324 5635 3436 5691 οὖν.
3513 5638 3549 5668 ³¹
3589 5640 3908 5707 ποιεῖννοιιι.
3934 5638 4000 5707 ΑΖ

3096 5710 3139 5739 ³⁸
3162 5709 3255 5760 καὶ
3311 5707 3433 5778 οὐκ]
3461 5722 3513 5777 p.
3573 5708 3696 5761 4‘22.
3773 5706 3819 5737 ³⁷
3841 5702 4005 5778 τύχαι

3558 5778 3597 5809 δ’
3630 5780 3657 5828 ὁ
3685 5790 3796 5829 om.
3832 5777 3890 5831 Λ.
