4216 6430
256 404 389 469 1569

1299 406 1817 467 ΠΠΠᾸΗΤΠΕΟΛ.
1845 432 1900 444 -
1936 408 2102 470 COD.
2145 410 2496 473 CCXLVIII-

3388 410 3406 475 l
3420 411 3524 474 570

252 522 373 586 ἐμοὶ
402 522 499 589 μὲν
534 522 791 595 ἄντικρυς
823 523 901 573 είς
931 520 990 570 τὸ
1026 521 1069 550 δ’
1099 520 1386 581 Πλάτωνος
1424 519 1777 589 παράδειγμα
1803 519 1833 571 ὁ
1864 528 1882 583 Α

1941 524 2065 573 leris
2112 533 2380 590 spectare,
2427 539 2548 579 cum
2608 538 2716 578 non
2751 522 2977 578 victoria
3019 531 3228 577 tantum
3276 524 3520 591 privatus

254 607 504 677 Εὔμηλος
548 613 744 663 τείνειν
780 612 945 671 δοκεῖ,
982 608 1119 661 κατά
1165 626 1223 660 τε
1263 608 1417 670 ἀλλα,
1445 607 1539 660 καὶ
1567 607 1666 676 οὐχ
1701 607 1825 659 ὅσον
1930 622 2033 672 est,
2081 613 2175 667 sed

251 700 351 768 τῆς
379 700 537 770 νίκης
566 702 856 771 ἐστερήθη.

266 790 453 844 Ἀλλὰ
519 791 614 845 καὶ
661 791 937 861 ἀγκῶνάς
986 809 1049 846 τε
1080 790 1515 878 περιεδρύςρθη-
1533 791 1727 875 σιτόμα
1744 806 1835 930 1τε

1447 878 1624 928 ρινας
1655 878 1735 913 τε.

1447 878 1624 928 perac
1655 878 1735 913 τε.

256 950 363 1003 ὑπὸ
407 950 516 1004 τῶν
557 950 741 1003 ῑππων
780 950 890 1004 τῶν
942 951 1181 1022 ἀρίστων
1230 950 1324 1003 καὶ
1358 951 1448 1018 ὑφ’
1480 945 1554 1005 ὧν
1578 951 1698 1004 οὐδὲ
1726 952 1836 1003 πώς

254 1058 387 1095 ’ποτε
409 1043 455 1075 ⁵³
476 1043 706 1111 ἐσφάλη.

329 1154 494 1226 [1505
530 1154 625 1224 IL]
657 1154 942 1226 [Ὀρόντης
984 1156 1013 1209 ὁ
1068 1153 1284 1223 Πέρσης
1323 1153 1574 1207 ἐκπεσὼν
1610 1155 1707 1275 τὲς
1742 1155 1840 1223 άρ-

294 1226 358 1291 ῆς
382 1226 483 1278 Καὶ
515 1228 547 1277 ὁ
577 1224 901 1290 δάκτυλος,
922 1226 1046 1291 ἔφη,
1076 1224 1457 1291 ποτὲμὲνὲν,
1482 1226 1629 1277 ποτε
1688 1223 1844 1291 ἐμυ-

255 1224 358 1296 χῆς
382 1226 483 1278 Καὶ
515 1228 547 1277 ὁ
566 1224 905 1296 δάκτυλος,
922 1226 1046 1295 ἔφη,
1076 1224 1457 1292 ποτὲμὲνὲν,
1482 1240 1594 1277 ποτ

249 1295 357 1363 pla
378 1295 685 1362 σημαίνει.

328 1382 393 1435 El.
435 1383 610 1451 φίλοις
662 1382 709 1415 ’⁵⁸
756 1382 978 1452 ίσχύεις,
1000 1382 1049 1436 εί
1090 1384 1391 1454 χρήμασιν,
1436 1383 1490 1435 ει
1518 1381 1679 1445 δόξαν
1698 1381 1843 1451 εχεις

258 1477 318 1527 ἐν
350 1476 418 1544 τῇ
446 1474 620 1537 πόλει,
648 1473 837 1543 μηδενὶ
864 1474 1071 1526 τούτων
1122 1472 1371 1544 ἐπαρθῇς
1394 1473 1461 1540 ⁸⁸,
1491 1472 1627 1542 μηδὲ
1656 1472 1845 1543 μεῖζον

257 1564 549 1633 φρονήσεις
589 1562 687 1631 τῆς
756 1562 1005 1629 ἐξουσίας
1043 1563 1109 1616 ⁸⁸.
1145 1561 1208 1615 El.
1250 1562 1471 1615 πάντων
1519 1564 1837 1632 κρατήσεις,

2011 788 2077 843 Et
2104 792 2304 847 cubitos
2338 804 2492 862 atque
2516 806 2593 850 est
2635 814 2789 851 nares
2826 799 3087 855 laceratus
3130 812 3179 855 et
3206 820 3300 855 om

1939 946 2094 1014 cquis
2121 947 2341 1015 optimis
2380 958 2482 1004 eta
2510 950 2705 1020 quibus
2732 968 3003 1024 nunquam
3046 954 3224 1011 fuerat
3261 956 3520 1024 deiectus.

2015 1144 2273 1227 [Orontes
2322 1149 2485 1205 Persa
2542 1152 2798 1227 excideris
2846 1155 3076 1227 imperio
3110 1176 3135 1227 :g
3173 1156 3404 1226 Digitus,
3437 1159 3525 1213 in-

1938 1224 2079 1287 quit,
2116 1234 2254 1271 nunc
2279 1236 2463 1289 unum,
2495 1239 2633 1275 nunc
2662 1224 2831 1276 millia
2860 1225 3138 1298 ostendit]

2028 1372 2293 1440 Quocirca
2342 1376 2457 1431 sive
2525 1378 2738 1443 amicis,
2800 1382 2913 1435 sive
2959 1382 3152 1451 opibus
3196 1383 3366 1450 vales,
3415 1386 3531 1439 sive

1943 1467 2174 1535 gloriam
2220 1469 2362 1522 inter
2392 1471 2538 1524 cives
2566 1486 2625 1524 es
2650 1485 2999 1538 consecutus,
3035 1475 3141 1527 noli
3175 1488 3226 1530 te
3247 1476 3527 1536 extollere.

1953 1574 2050 1613 nec
2080 1559 2197 1626 plus
2228 1561 2322 1614 tibi
2354 1577 2518 1629 quam
2570 1564 2750 1626 liceat,
2794 1568 3053 1621 tribuere.
3092 1566 3165 1621 Ut
3194 1570 3377 1622 omnia
3423 1569 3525 1622 sibi

256 1656 472 1726 ἡττήσῃ
501 1655 600 1722 τῆς
631 1656 819 1725 τύχης.
852 1652 1018 1706 Ταῦτ’
1060 1654 1209 1705 ἐστὶν
1244 1654 1272 1707 ὀ
1301 1650 1450 1720 ἀγὼν
1470 1645 1647 1716 οὗτος,
1682 1650 1839 1704 ταῦθ’
1872 1655 1882 1708 l

1941 1662 2249 1718 suppetant,
2288 1667 2317 1704 a
2348 1652 2562 1708 fortuna
2597 1657 2857 1710 vinceris.
2906 1656 3031 1710 llaec
3062 1657 3165 1711 sibi
3196 1658 3310 1712 vult
3349 1670 3528 1712 certa-

260 1743 508 1812 Ὄμηρος
544 1744 714 1811 λέγει.
765 1742 929 1795 Οὐδὲν
975 1742 1083 1794 τῶν
1136 1740 1491 1810 ἀνθρωπείων
1522 1742 1567 1774 ⁸⁷
1600 1742 1840 1810 ἀσφαλὲς

256 1834 366 1886 οὐδ’
406 1835 608 1903 ὁμαλὸν
661 1834 772 1887 οὐδ’
813 1832 1106 1905 αὔταρκες,
1150 1833 1268 1886 ἀλλ’
1319 1834 1619 1904 ἡττήσεται
1667 1836 1765 1903 μὲν
1812 1836 1842 1888 δ

260 1925 481 1995 ἰσχυρὸς
510 1925 606 1979 τοῦ
656 1925 941 1991 ἀσθενοῦς,
1000 1926 1128 1979 ὅταν
1200 1925 1394 1995 καιρὸς
1455 1926 1501 1958 ⁸⁸
1624 1926 1838 1991 τούτου,

258 2016 529 2069 ἁλώσεται
567 2017 625 2070 δὲ
676 2016 936 2070 Βαϐυλὼν
979 2016 1164 2079 αὐτοῖς
1192 2016 1419 2086 τείχεσι,
1448 2017 1609 2071 πάλιν
1633 2018 1690 2071 δὲ
1716 2020 1841 2082 τοὺς

260 2106 476 2174 Πέρσας
495 2106 862 2177 πορθήσουσιν
920 2108 1134 2174 ἕτεροι·
1184 2108 1361 2161 πάντα
1398 2108 1569 2161 ταῦτα
1613 2110 1842 2173 ἐναλλὰξ

258 2199 632 2270 περιέρχεται.
665 2201 727 2252 Εἰ
750 2200 804 2253 δὲ
825 2201 869 2231 ⁸⁸
894 2198 1099 2263 ἔσωζον
1127 2200 1226 2269 μὲν
1251 2202 1300 2251 οἱ
1345 2199 1677 2269 κυϐερνῆται
1701 2201 1839 2253 πάν-

257 2307 349 2353 τες
373 2290 619 2353 ἅπαντας
671 2291 797 2353 τοὺς
839 2291 1195 2361 ἐμπλέοντας,
1254 2290 1459 2353 ἔσωζον
1490 2291 1534 2344 δ’
1573 2293 1622 2344 οί
1668 2293 1841 2362 ίατρεὶ

258 2383 464 2446 πάντες
523 2383 569 2415 ⁸⁸
614 2382 860 2444 ἅπαντας
904 2383 1038 2445 τοὺς
1090 2382 1422 2452 κάμνοντας,
1464 2384 1657 2436 ἐνίκων
1695 2384 1752 2436 δὲ
1791 2384 1841 2436 ot

263 2465 595 2541 κρείττονες,
621 2473 815 2525 ἐνίκων
842 2473 898 2525 δὲ
938 2473 987 2524 ot
1014 2472 1281 2540 μείζονες,
1310 2471 1371 2524 τὸ
1416 2472 1461 2523 δ’
1490 2473 1577 2526 ἀεὶ
1624 2472 1840 2536 τούτοις

258 2566 397 2621 πᾶσι
430 2565 657 2634 προσῆν,
694 2566 883 2635 μηδεὶς
936 2564 981 2617 δ’
1020 2564 1318 2633 ἐσφάλλετο
1365 2564 1473 2617 τῶν
1521 2564 1840 2635 ἀρξαμένων

260 2655 581 2725 κατορθοῦν,
608 2657 740 2722 εὐχὴ
774 2656 830 2708 δὲ
864 2657 956 2709 καὶ
1010 2657 1237 2724 δύναμις
1270 2658 1460 2725 μηδενὶ
1495 2658 1537 2688 ⁵¹
1568 2656 1837 2727 διέφερεν,

260 2746 510 2798 ἀθάνατα
541 2746 697 2797 πάντ’
740 2740 807 2815 ἦν
845 2746 911 2798 τὰ
948 2746 993 2777 ⁸¹
1035 2746 1143 2797 τῶν
1188 2743 1491 2814 ἀνθρώπων
1516 2746 1839 2817 πράγματα,

260 2839 355 2889 καὶ
378 2836 531 2888 οὐδὲν
559 2836 623 2889 ἂν
654 2837 783 2899 ἴσως
812 2837 975 2905 εὐχῆς
996 2836 1265 2907 προσέδει,
1291 2837 1397 2889 οὐδ’
1420 2837 1485 2890 ἂν
1509 2837 1839 2900 κατέκλυζεν

258 2927 410 2995 ἡμᾶς
440 2925 548 2978 τῶν
600 2925 775 2978 πίθων
829 2926 1026 2995 ἅτερος
1080 2926 1271 2995 ὥσπερ
1320 2925 1435 2978 νῦν.
1465 2926 1556 2995 Μὴ
1580 2926 1627 2957 ³³
1650 2928 1831 2978 τοίνυν

1945 1758 2067 1793 nicn
2107 1744 2277 1808 istud;
2318 1748 2431 1798 lucc
2465 1746 2729 1801 llomerus
2760 1748 2921 1802 dicit.
2963 1748 3104 1802 Nihil
3145 1762 3229 1804 est
3268 1751 3319 1803 in
3367 1752 3528 1805 rebus

1946 1832 2200 1887 humanis
2249 1850 2521 1899 sei-urunt,
2561 1837 2695 1889 nihil
2730 1839 3013 1907 aequabile,
3052 1841 3183 1892 nihil
3233 1840 3336 1895 sibi
3386 1841 3528 1896 Sulli-

1942 1922 2094 1975 cii-ns
2130 1939 2143 1974 ε
2182 1937 2403 1985 verum,
2450 1938 2571 1977 cum
2624 1935 2834 1995 tempus
2890 1927 3044 1987 feret.
3100 1928 3291 1982 fortem
3346 1929 3523 1982 vincet

1943 2013 2290 2075 imbecillior,
2329 2014 2567 2081 Babylon
2616 2032 2718 2069 una
2775 2034 2894 2071 cum
2941 2020 3210 2073 numnibus
3255 2021 3520 2088 capietur,

1944 2099 2135 2153 Persas
2168 2118 2383 2155 rursum
2416 2109 2815 2171 p0pnlalmntur
2851 2108 2961 2161 alii.
2998 2109 3123 2162 Haec
3158 2111 3302 2163 enim
3338 2115 3520 2164 omnia

1942 2192 1995 2245 in
2045 2194 2230 2246 orbem
2283 2194 2547 2248 feruntur.
2600 2195 2753 2262 Quod
2797 2199 2841 2252 si
2896 2200 3289 2267 gubernatores
3331 2217 3523 2258 omnes

1946 2295 2175 2339 animos
2239 2298 2486 2339 vecnm-s
2547 2290 2725 2342 salvos
2785 2301 3139 2358 praestarent,
3206 2308 3269 2348 ac
3327 2296 3519 2348 medici

1939 2390 2131 2429 omnes
2182 2390 2410 2431 CUIIClOS
2466 2388 2727 2432 sanarent
2781 2392 3029 2449 ἕὲΒΙὊΙΟΒ,
3077 2393 3130 2436 et
3183 2385 3415 2449 majores
3457 2401 3519 2437 ac

1942 2468 2182 2534 potiores
2223 2471 2521 2529 vincerent,
2559 2478 2722 2536 atque
2774 2469 2825 2523 bi
2875 2486 3063 2527 omnes
3104 2489 3318 2543 semper
3360 2474 3515 2530 flore-

1941 2568 2081 2623 rent,
2114 2573 2213 2611 nec
2239 2560 2526 2627 quisquam
2554 2574 2741 2613 eorum
2767 2562 2854 2627 qui
2882 2575 3022 2616 recte
3048 2567 3303 2631 coepisset
3328 2582 3511 2634 agerc.

1938 2661 2171 2714 erraret,
2214 2666 2387 2720 neque
2418 2664 2603 2704 votum
2637 2669 2665 2706 a
2699 2651 2952 2707 facultate
2990 2656 3283 2724 quidquam
3325 2657 3503 2710 dimsi-

1943 2755 2055 2804 ret,
2098 2742 2433 2796 immortales
2480 2742 2658 2797 forent
2708 2758 2795 2797 res
2845 2760 3034 2799 omnes
3087 2748 3365 2812 humana),
3422 2766 3518 2803 nec:

1940 2834 2195 2901 precibus
2242 2832 2490 2887 fortassis
2522 2848 2657 2899 opus
2689 2844 2854 2894 esset,
2895 2850 3067 2903 neque
3107 2852 3224 2902 nos,
3258 2848 3314 2890 ut
3354 2856 3514 2898 nnuc.

1942 2925 2142 2977 dolium
2184 2924 2411 2977 alterum
2453 2924 2802 2993 perfndissel.
2850 2924 2927 2979 Ne
2973 2930 3189 2981 miri-ris
3234 2929 3423 2997 igitur,
3470 2932 3512 2982 εἰ

260 3017 568 3088 θαυμάσῃς,
597 3019 646 3070 εί
682 3017 951 3089 Περικλῆς
981 3018 1122 3086 έχων
1162 3018 1472 3086 ἐπιστήμην
1511 3017 1605 3071 καὶ
1643 3017 1840 3087 τέχνην
1870 3000 1882 3050 ί

1944 3012 2205 3078 Pericles,
2237 3031 2357 3069 cum
2402 3017 2685 3070 scientiam
2738 3027 2792 3071 et
2836 3032 3006 3072 artem
3049 3021 3299 3085 habebat,
3335 3036 3365 3075 a
3409 3022 3519 3073 lico

256 3108 353 3161 τοῦ
376 3108 509 3161 Θεοῦ
534 3109 629 3162 καὶ
666 3107 765 3177 τῆς
793 3107 964 3178 τύχης
986 3110 1212 3178 ἡττᾶτοο
1248 3109 1372 3178 μηδ’
1411 3111 1714 3180 ἀμνημόνει
1734 3112 1839 3165 τῶν

258 3200 488 3267 καιρῶν,
517 3199 610 3262 οὓς
665 3199 827 3261 αὐτὸς
886 3201 991 3270 φῂς
1030 3201 1131 3252 ούκ
1162 3200 1342 3267 ὀλίγον
1365 3200 1642 3266 δύνασθαι,
1668 3197 1748 3265 οἷς
1778 3204 1837 3255 ού

259 3291 589 3361 πραοτάτοις
613 3292 819 3353 ἐκεῖνος
847 3292 967 3343 τότε
998 3292 1343 3361 χρησάμενος
1360 3293 1632 3360 φαίνεται.
1664 3296 1839 3349 Πολλὰ

258 3381 357 3435 καὶ
390 3381 669 3452 παράδοξα
696 3382 820 3435 κατ’
855 3382 951 3433 ἀνθ
965 3380 1177 3449 ρώπους
1221 3382 1314 3435 καὶ
1344 3383 1533 3450 γέγονε
1559 3385 1651 3438 καὶ
1675 3390 1838 3457 γενή-

260 3493 414 3527 σεται
441 3491 455 3504 ·
510 3469 585 3527 ὧν
634 3474 751 3526 ἐστὶ
801 3473 896 3526 καὶ
944 3475 1011 3526 τὰ
1042 3475 1253 3535 τούτοις
1294 3478 1405 3536 τοῖς
1442 3475 1668 3546 ἀνδράσι
1703 3494 1841 3547 συμ-

257 3562 452 3615 ϐάντα.
494 3563 590 3624 Τίς
626 3561 668 3612 δ’
696 3561 796 3613 ούκ
821 3562 886 3614 ἂν
909 3560 1079 3629 φαίη;
1128 3562 1268 3613 Ἀλλ’
1291 3561 1444 3615 οὔπω
1481 3564 1657 3617 ταῦτά
1694 3566 1841 3619 ἐστιν

259 3656 483 3723 δλεγχος
522 3654 642 3706 κατ’
671 3653 852 3707 αὐτῶν
878 3653 952 3714 ὡς
988 3652 1112 3705 οὕτε
1142 3652 1442 3722 ἠπίσταντο
1472 3656 1709 3725 χρηστὸν
1750 3660 1836 3710 οὺ-

255 3746 369 3811 δὲν,
425 3745 548 3797 οὔτε
601 3744 854 3796 ἐδύναντο
905 3743 1145 3813 βελτίους
1205 3746 1377 3797 ποιεῖν
1411 3746 1496 3778 ⁸⁸·
1552 3747 1666 3799 ἀλλ’
1710 3748 1839 3817 ἐξῆν

256 3839 442 3898 αὐτοῖς
457 3836 555 3904 τήν
575 3851 637 3901 γε
664 3835 859 3903 τέχνην
885 3833 1153 3902 δήπουθεν
1180 3832 1324 3901 ἔχειν
1357 3835 1452 3886 καὶ
1479 3834 1541 3886 τὸ
1568 3834 1839 3903 χρηστοὺς

256 3925 424 3990 εἶναι,
484 3928 534 3978 εί
591 3926 825 3977 καὶτῶν
878 3922 1140 3994 μειζόνων
1191 3922 1522 3994 ἐπικουριῶν
1564 3925 1623 3977 ἐν
1660 3941 1724 3993 γε
1761 3924 1839 3995 τῷ

254 4021 379 4073 τότε
408 4020 720 4089 ἐστέρηντο.
761 4019 960 4081 Ἡδέως
978 4021 1024 4051 ⁵⁸
1057 4018 1102 4071 δ’
1151 4020 1219 4073 ἂν
1242 4020 1491 4090 ἐροίμην,
1523 4022 1671 4084 ὅστις
1710 4021 1837 4091 βού-

256 4113 415 4163 λεται
456 4112 501 4141 ⁵⁸
523 4110 779 4175 δέξασθαι
825 4110 887 4163 τὸ
920 4110 1188 4179 ἐρώτημα
1232 4111 1372 4183 ὑπὲρ
1402 4112 1709 4176 Πλάτωνος,
1741 4114 1840 4166 αὺ-

254 4204 348 4262 τδς
379 4204 433 4253 δὲ
469 4204 511 4233 ⁵¹
538 4203 599 4269 δὶς
636 4202 689 4253 τί
710 4201 898 4270 μαθὼν
927 4203 1060 4271 ἡμῖν
1091 4204 1119 4253 ὁ
1146 4202 1373 4256 Πλάτων
1407 4204 1509 4256 οὐκ
1557 4203 1838 4257 ἐπολιτεύ-

1940 3113 1995 3159 et
2022 3104 2233 3159 fortuna
2268 3104 2598 3171 vincebatur,
2637 3121 2809 3174 neque
2846 3117 3145 3173 temporum
3173 3109 3514 3171 obliviscere,

1940 3195 2136 3264 quibus
2167 3196 2281 3261 ipse
2320 3211 2422 3250 non
2464 3212 2653 3264 parum
2692 3199 2901 3260 tribuis,
2932 3209 2984 3251 et
3024 3199 3111 3253 ille
3140 3215 3244 3253 non
3276 3203 3515 3268 optimis,

1939 3295 1999 3340 ut
2027 3297 2273 3355 apparet,
2319 3298 2448 3340 tunc
2498 3302 2628 3342 usus
2683 3290 2802 3342 fuit.
2855 3290 3015 3344 Multa
3070 3291 3209 3345 inter
3267 3294 3511 3348 hominvs

1941 3378 2083 3431 facta
2114 3386 2240 3431 sunt
2286 3387 2338 3432 et
2385 3377 2513 3430 ﬂent
2544 3379 2809 3441 miranda,
2858 3380 2999 3434 inter
3038 3396 3155 3450 qua:
3194 3393 3318 3436 sunt
3348 3385 3507 3437 etiam

1940 3484 2058 3537 quae
2094 3470 2178 3523 his
2214 3470 2345 3524 viris
2392 3471 2759 3538 contigerunt.
2795 3481 2852 3524 ut
2893 3487 3052 3527 nemo
3090 3484 3268 3543 negat.
3317 3473 3512 3529 Verum

1939 3577 2001 3614 ea
2036 3564 2271 3615 nondum
2320 3563 2668 3626 convincunt,
2724 3564 2841 3617 illos
2891 3580 2990 3618 nec
3045 3566 3167 3619 boni
3219 3567 3513 3637 quidquam

1940 3654 2202 3715 solvisse,
2258 3668 2358 3707 nec
2418 3655 2694 3707 meliorem
2757 3672 3082 3724 quemquam
3142 3659 3365 3713 reddere
3419 3677 3512 3731 po-

1942 3748 2129 3808 tuisse,
2191 3747 2459 3813 siquidem
2518 3755 2765 3815 poterant
2828 3758 2883 3801 et
2946 3759 3118 3802 artem
3203 3760 3387 3806 tenere
3462 3762 3515 3807 et

1941 3836 2091 3905 probi
2157 3850 2299 3899 esse,
2367 3853 2679 3906 quanquam
2739 3854 2802 3891 eo
2853 3840 3066 3906 quidem
3123 3848 3366 3910 tempore
3395 3858 3510 3895 ma-

1934 3924 2148 3993 joribus
2186 3928 2445 3980 carebant
2481 3926 2827 3992 adiumentis.
2867 3925 3123 3983 Libenter
3154 3942 3332 3985 autem
3364 3948 3511 4001 quae-

1938 4016 2123 4069 sierim
2170 4018 2216 4069 si
2242 4018 2361 4083 quis
2412 4033 2508 4087 pro
2555 4018 2776 4073 Platone
2825 4021 2955 4073 velit
3004 4024 3349 4089 respondere,
3390 4039 3511 4077 cum

1938 4107 2057 4178 ipse
2084 4107 2238 4161 Plato
2269 4109 2654 4173 rempublicam
2690 4125 2795 4164 non
2827 4112 3237 4177 administrarit,
3272 4118 3513 4184 nunquid

1938 4212 2118 4251 causa:
2149 4199 2293 4252 dii-et
2323 4200 2634 4268 quisquam,
2666 4214 2859 4269 praeter
2889 4203 2961 4266 id,
2990 4206 3133 4271 quod
3167 4204 3306 4274 apud
3338 4206 3509 4275 ipsum

256 4306 393 4345 σατο
419 4310 433 4358 ;
465 4288 554 4362 ἆρ’
586 4294 630 4324 ⁸⁸
660 4293 787 4347 ἄλλο
805 4310 859 4345 τι
879 4295 1101 4362 φήσειεν
1130 4294 1196 4345 ἂν
1213 4295 1257 4325 ⁵⁵
1283 4293 1530 4346 ὁστισοῦν
1564 4294 1595 4364 ἢ
1627 4294 1687 4346 τὸ
1703 4294 1833 4347 αὐτὸ
1859 4331 1882 4389 1

1941 4289 2070 4343 dicit
2104 4289 2398 4345 Socrates?
2436 4291 2572 4357 Quid
2619 4294 2765 4346 enim
2824 4293 3003 4347 aliud?
3054 4296 3193 4365 Ergo
3241 4297 3285 4351 si
3339 4298 3391 4351 in
3448 4314 3510 4351 ea

253 4386 435 4450 τὸῦτο,
466 4386 602 4456 ὅπερ
632 4386 724 4438 καὶ
773 4386 1068 4455 Σωκράτης
1117 4384 1291 4452 λέγων
1322 4384 1515 4454 ἐκείνῳ
1547 4384 1831 4453 φαίνεται;

255 4477 312 4530 τί
354 4477 459 4547 μὴν
501 4477 722 4546 ἓτερονς
765 4473 879 4529 Εἶθ’
930 4474 966 4529 ἃ
1022 4474 1279 4545 φοϐηθεὶς
1304 4476 1348 4506 ⁸ο
1389 4476 1462 4545 μὴ
1509 4476 1689 4549 πάθης
1734 4478 1835 4531 οὐκ

256 4569 641 4639 ἐδημηγόρεις,
674 4566 828 4621 ταῦτ’
857 4566 909 4619 ετ
961 4583 1046 4626 τις
1111 4567 1336 4619 ἐκείνων
1360 4568 1650 4632 πέπονθεν,
1677 4569 1751 4631 ὡς
1773 4571 1833 4621 οὐ

256 4665 328 4717 τά
353 4664 605 4732 βέλτιστα
628 4662 1010 4716 συνεϐούλευεν
1045 4659 1323 4732 ίσχυρίζῃς
1390 4662 1482 4713 καὶ
1515 4660 1622 4730 μὴν
1658 4661 1705 4712 εί
1738 4659 1835 4728 μὲν

254 4756 437 4818 οὐδεὶς
465 4755 602 4824 ἐπῆν
628 4754 890 4816 κίνδυνος,
914 4754 1005 4808 τοῦ
1041 4754 1199 4825 χάριν
1242 4751 1393 4805 οὐδὲν
1430 4750 1648 4822 ὤνησας
1666 4751 1767 4820 τὴν
1792 4751 1835 4782 ⁸⁸

258 4846 531 4917 πατρίδα;
563 4847 610 4897 εί
642 4846 683 4898 δ’
715 4845 929 4914 ἕτοιμον
964 4840 1032 4915 ἦν
1060 4845 1416 4907 ἀπολωλέναι,
1445 4843 1495 4895 τί
1535 4841 1835 4911 θαυμάζεις

257 4939 411 5000 εῐτις
441 4936 663 4989 ἐκείνων
696 4938 965 5005 ἐχρήσατο
1002 4936 1276 5004 συμφορᾷ,
1325 4934 1419 4986 καὶ
1442 4932 1519 5001 τῷ
1545 4932 1613 4985 τά
1654 4931 1833 5000 βέλτι·

257 5044 363 5081 στα
394 5026 572 5092 λέγειν
600 5025 768 5088 τιθεὶς
798 5026 956 5088 αὐτὸς
972 5024 1199 5078 ἔπεσθαι
1230 5026 1290 5077 τὸ
1318 5022 1668 5086 κινδυνεύειν,
1692 5022 1833 5075 ὲκεί-

257 5136 383 5180 νους
442 5118 501 5181 ἐξ
560 5110 633 5170 ὧν
687 5116 965 5187 ἠτύχησαν
996 5118 1318 5189 ἀποστερεῖς
1355 5115 1447 5169 τοῦ
1482 5116 1525 5146 ⁸⁸
1569 5112 1835 5181 λέγειντά

258 5209 551 5281 peluem;
605 5206 815 5261 υύκοῦν
864 5208 940 5259 ὅτ’
981 5208 1177 5259 ἐκ;ῖνοι
1221 5205 1498 5274 φαίνονται
1528 5203 1693 5276 μηδὲν
1727 5200 1835 5255 τῶν

1936 4396 2170 4451 quorum
2204 4391 2258 4436 tu
2298 4393 2439 4437 metu
2481 4384 2693 4453 publica
2730 4398 2835 4438 non
2878 4387 3131 4451 curabas,
3165 4387 3374 4441 Illorum
3410 4390 3510 4442 ali-

1932 4478 2054 4541 quis
2086 4474 2292 4537 incidit,
2326 4489 2449 4529 eum
2481 4490 2584 4528 non
2614 4476 2815 4542 optima
2843 4490 3071 4545 quicque
3112 4481 3352 4533 suasisse
3382 4495 3510 4533 con-

1934 4564 2151 4618 tendis?
2187 4564 2348 4633 Atqui
2377 4565 2422 4618 si
2453 4564 2583 4618 nihil
2612 4564 2808 4635 536a
2851 4576 2969 4619 erat
3006 4568 3252 4634 periculi,
3289 4584 3386 4622 cur
3418 4584 3514 4638 pa-

1932 4654 2089 4707 triam
2127 4655 2326 4707 nullam
2361 4654 2412 4707 in
2445 4655 2750 4721 rejuvisti?
2796 4654 2889 4709 Sin
2919 4667 3035 4709 erat
3073 4669 3294 4725 paratus
3320 4661 3513 4715 interi-

1936 4756 2045 4805 tus,
2069 4758 2169 4797 cur
2208 4744 2424 4799 miraris
2475 4744 2687 4798 illorum
2733 4760 3059 4814 quemquam
3102 4749 3153 4799 in
3191 4748 3395 4804 cladem
3430 4751 3512 4805 in-

1933 4836 2153 4900 cidisse,
2188 4847 2241 4891 et
2287 4852 2409 4889 cum
2458 4836 2659 4905 optima
2688 4837 2914 4891 consilia
2951 4839 3065 4906 ipse
3098 4855 3219 4893 cum
3256 4842 3511 4911 periculis

1932 4928 2250 4995 coniungas,
2279 4928 2398 4981 illos
2422 4939 2708 4997 postquam
2741 4928 3082 4984 ollendernnt
3111 4932 3300 4999 optimi
3346 4932 3512 4989 fuisse

1936 5017 2151 5071 consilii
2203 5032 2388 5087 negas.
2428 5016 2560 5071 Cum
2602 5020 2769 5085 igitur
2820 5020 2894 5074 llli
2949 5021 3150 5075 nullam
3202 5033 3507 5077 secuturam

1934 5109 2143 5162 cladem
2190 5108 2417 5176 justitim
2470 5118 2898 5178 praetexuerunt,
2936 5127 3118 5166 verum
3174 5113 3397 5184 largiter
3447 5132 3510 5171 sc

1935 5202 2257 5268 simpliciter
2300 5203 2570 5257 communi
2615 5203 2758 5257 bono
2804 5204 3220 5273 impenderunt;
3267 5206 3509 5263 Socratis

1534 5368 1766 5423 VARIAS
1803 5365 2207 5420 LECTIONEb.

339 5536 383 5565 ιι
413 5536 493 5594 εις
513 5533 572 5586 τδ
592 5534 876 5595 Πλάτωνος
902 5530 1249 5600 παράδειγμα
1266 5546 1377 5583 om.
1400 5530 1462 5581 Α.
1486 5598 1500 5600 _
1543 5526 1586 5600 3'
1607 5524 1834 5600 Δ’πώποτε
1854 5537 1961 5600 om.
1986 5522 2050 5574 Α.
2075 5522 2173 5600 .-δέ
2194 5524 2240 5573 εἰ
2266 5524 2439 5600 φίλοις
2471 5525 2670 5600 ίσχύεις
2700 5535 2773 5600 (p.
2934 5527 3067 5600 add.
3169 5598 3196 5600 _
3229 5529 3272 5559 “
3300 5528 3508 5600 τούτων

260 5606 450 5675 μεῖζον
492 5604 737 5675 ἐπαρθῇς
768 5606 831 5658 Δ.

254 5669 387 5744 τες]
427 5669 662 5744 ἅπαντες
678 5669 761 5725 Ἄ.
837 5674 880 5744 ⁸1
911 5669 1119 5744 μηδενὶ]

257 5748 305 5775 ⁸⁸
332 5726 534 5815 iisan
558 5759 609 5810 p.
854 5726 1267 5815 η’βούὶοίτο-Ᾱ.
1344 5737 1474 5815 "es
1507 5751 1613 5815 oin.
1790 5726 1983 5814 "ﬁcii
2018 5726 2107 5815 ἔφ’

696 5814 737 5842 ⁶¹
772 5799 986 5879 ὤνησάς
1019 5810 1111 5861 καὶ
1136 5809 1233 5876 τὴν
1262 5825 1317 5868 ς’.
1401 5810 1443 5839 ⁶¹
1473 5804 1591 5871 toﬁ]
1634 5804 1694 5854 τὸ
1724 5804 1786 5853 Λ.
1813 5800 2031 5869 οὐκοῦν]
2054 5817 2111 5865 ιιι.
2142 5799 2260 5851 130.

256 5813 520 5880 φοϐηθεὶς
547 5829 604 5873 ς.

912 5604 957 5633 δ’
983 5592 1048 5666 τῇ
1078 5592 1295 5666 ἐξουσίᾳ
1315 5600 1377 5651 Α.
1457 5598 1501 5628 δ’
1532 5593 1897 5666 ἀνθρωπίνων.
1929 5594 2021 5666 Δ.-
2073 5592 2269 5666 ⁸⁸ῌόταν
2310 5594 2337 5643 ὁ
2365 5592 2555 5665 καιρέξ
2586 5613 2642 5658 ς.

1025 5656 1135 5735 ε’νὶῘ
1174 5656 1325 5721 οὺδέν
1351 5668 1416 5720 Α.
1492 5668 1537 5696 ⁸⁸
1568 5656 1726 5718 πάντ’
1780 5658 1847 5735 ἦν
1875 5663 1914 5735 _A
1944 5656 2061 5735 ﬁt}
2095 5660 2335 5735 ﬂagitio
2378 5679 2435 5724 ς.
2464 5656 2475 5665 ’
2512 5666 2557 5695 ⁸³
2590 5656 2688 5735 μὴ]
2725 5683 2774 5730 ιι.
2806 5656 2948 5719 451]
3001 5656 3051 5697 ³⁵
3081 5669 3254 5719 ποιεῖν
3285 5656 3413 5720 ιιιιι.⁴
3437 5672 3502 5719 Α.

3296 5598 3339 5627 ⁸⁸
3371 5599 3507 5661 πάνυ

2724 5596 2767 5629 ιν
2792 5599 2839 5667 εί
2870 5595 2949 5667 δὲ]
2999 5612 3049 5661 ρ.
3092 5598 3215 5650 427.

2160 5726 2250 5782 οὖν
2283 5732 2343 5783 Λ.
2421 5736 2465 5763 ’θ
2494 5735 2557 5786 ἂν
2588 5726 2695 5787 inn.
2727 5726 2789 5785 λ.

2863 5736 2907 5764 ⁸⁸
2933 5735 3192 5803 φοϐηθεὶς
3224 5737 3297 5805 μὴ
3326 5738 3364 5787 Α
3389 5751 3403 5789 ε
3428 5737 3503 5804 μὴ
