4216 6430
236 420 372 484 157⁸1

1272 412 1797 475 BIBLIOTHECA.
1829 437 1898 451 -
1925 412 2088 475 COD.
2117 412 2472 475 CCXLVIII.

3345 409 3482 478 1578

236 526 444 598 βροτῶν
473 525 667 579 εἴδωλα
696 523 1002 595 καμόντων,
1048 519 1292 577 Ἠσιόδου
1318 524 1582 594 κηφῆνες,
1626 525 1813 594 ’Δρχι-
1841 568 1847 585 λ

1937 540 2059 595 psas
2096 524 2529 586 condemnarint,
2560 521 2654 578 sed
2682 522 2803 592 quia
2838 537 2958 579 cum
2984 523 3135 595 paria
3171 522 3351 580 facere
3377 542 3482 581 non

235 615 401 685 λόχου
466 613 714 684 πίθηκοι,
766 612 861 666 δύο
924 610 1138 682 μορφὰς
1195 610 1407 680 ἔχοντες
1464 612 1587 665 ἀντὶ
1636 611 1809 683 τριῶν

234 703 335 771 τῆς
351 702 622 773 τραγικῆς
647 701 791 770 βοός.
819 702 883 754 Οἳ
913 700 1008 752 τοῦ
1035 701 1134 769 μὲν
1176 699 1300 763 Διὸς
1333 698 1453 770 [711
1496 701 1565 752 Η.
1593 701 1609 771 ]
1658 700 1811 755 οὐδὲν

237 794 450 864 χείρους
478 793 640 863 φασὶν
669 788 833 857 εἶναι,
858 792 953 845 τοῦ
974 793 1031 845 δὲ
1064 790 1255 845 ὀϐολοῦ
1305 791 1559 844 τοσοῦτον
1598 792 1810 862 ἡττῶν-

237 902 328 938 ται
345 901 360 916 ο
389 884 713 947 ὀνειδίζουσι
735 884 793 937 δὲ
819 884 934 946 τοῖς
959 883 1141 946 ἀλλοις
1159 884 1227 947 ",
1245 882 1305 935 ού
1331 881 1440 936 τῶν
1466 884 1812 954 πραγμάτων

238 976 669 1043 κατεγνωκότες,
733 974 872 1027 ἀλλά
927 974 1248 1039 φθονοῦντες
1300 973 1384 1027 ὅτι
1434 974 1586 1028 αὐτοὶ
1640 975 1813 1029 ταῦτα

239 1066 502 1136 πράττειν
520 1064 567 1097 ³⁸
592 1065 653 1117 ού
681 1064 960 1117 δύνανται.
988 1065 1051 1116 El
1074 1064 1131 1117 δέ
1167 1080 1253 1126 τις
1300 1063 1481 1117 αὐτῶν
1530 1064 1662 1130 περὶ
1714 1067 1813 1135 τῆς

240 1155 573 1225 ἐγκρατείας
622 1154 1025 1223 διαλεγομένων
1089 1154 1400 1225 ἀπαντικρὺ
1452 1154 1615 1223 σταίη
1675 1155 1817 1225 ἔχων

240 1244 516 1314 ἔνθρυπτα
544 1246 638 1298 καὶ
673 1246 1001 1315 στρεπτοὺς,
1032 1244 1357 1298 ἐκϐάλλουσι
1412 1243 1513 1315 τὴν
1567 1244 1816 1313 γλῶτταν

241 1336 432 1406 ὥσπερ
460 1337 796 1399 όΜενέλεως
845 1336 908 1389 τὸ
957 1336 1131 1405 ξίφος.
1185 1335 1369 1406 Αὐτὴν
1432 1336 1533 1405 μὲν
1564 1336 1675 1406 γάρ
1719 1336 1818 1389 ὲάν

243 1428 398 1481 ἴδωσι
426 1429 528 1498 τὴν
557 1428 801 1497 Ἑλένην,
856 1426 1077 1497 Ἑλένην
1113 1428 1291 1496 λέγωι
1342 1416 1682 1499 θεράπαιναν
1720 1429 1819 1499 μὲν

242 1513 338 1573 οῦν
392 1518 583 1572 ὁποίαν
633 1518 859 1588 εποίησε
910 1517 1219 1588 Μένανδρος
1263 1517 1364 1589 τὴν
1420 1519 1683 1589 Φρυγίαν,
1743 1519 1822 1589 τῷ

243 1609 357 1662 όντι
376 1609 599 1662 παιδιὰν
629 1609 994 1677 ἀποφαίνουσι
1023 1610 1152 1671 τοὺς
1198 1609 1476 1678 Σατύρους
1508 1608 1605 1662 τοῦ
1652 1610 1823 1677 Σοφο-

245 1697 454 1760 κλέους.
502 1697 566 1750 Οἱ
584 1698 626 1730 ³⁸
677 1698 756 1767 τῷ
788 1698 888 1768 μὲν
939 1699 1268 1769 ἀποστερεῖν
1326 1701 1605 1753 κοινωνεῖν
1649 1698 1824 1769 ὄνομα

242 1788 507 1854 τίθενται,
546 1788 626 1860 τῷ
654 1790 713 1843 δὲ
760 1788 976 1858 φθονεῖν
1022 1789 1356 1858 φιλοσοφεῖν,
1393 1788 1473 1861 τῷ
1512 1789 1559 1842 δ’
1595 1790 1825 1860 ἀπορεῖν

246 1879 523 1950 ύπερορᾷν
548 1858 868 1950 χρημάτων.
903 1879 1396 1950 Ἐπαγγελλόμενοι
1514 1858 1821 1951 φιλανθτρω-
1852 1858 1896 1917 Β

247 1972 377 2024 πίαν
402 1971 618 2043 ὤνησαν
648 1973 747 2043 μὲν
768 1972 959 2026 οὐδένα
983 1971 1225 2037 πώποτε,
1246 1971 1615 2042 ἑπηρεάζουσι
1633 1972 1693 2025 δὲ
1708 1974 1820 2037 τοῖς

246 2065 575 2142 χρωμένοις.
635 2065 748 2120 Καὶ
780 2064 907 2127 τοὺς
947 2064 1045 2133 μὲν
1092 2062 1286 2126 ἀλλους
1320 2062 1429 2116 οὐδ’
1463 2062 1823 2125 ἀπαντῶντας

243 2161 438 2232 ὁρῶσι,
486 2157 673 2215 τῶνδὲ
703 2157 975 2229 πλουσίων
1029 2155 1191 2211 ἑνεκα
1247 2156 1327 2218 είς
1366 2154 1465 2225 τὴν
1522 2155 1823 2225 ύπεροριὰν

246 2251 597 2321 ἀπαίρουσιν,
625 2249 815 2320 ῶσπερ
848 2248 899 2301 οί
940 2247 1149 2316 Φρύγες
1205 2248 1254 2300 οί
1282 2242 1391 2299 τῶν
1429 2243 1626 2298 ἐλαιῶν
1662 2243 1824 2297 ἕνεκα

246 2340 347 2408 τῆς
373 2340 660 2411 συλλογῆς,
685 2340 734 2393 οἳ
756 2341 849 2394 καὶ
868 2340 913 2371 ⁸²
938 2336 1440 2408 προσιόντωνεύθὺς
1460 2334 1740 2403 ὤσφροντο
1757 2334 1822 2385 ³³.

248 2424 408 2483 librat
433 2431 475 2462 “
516 2430 623 2501 γάρ
638 2431 682 2462 ⁸⁸
717 2432 857 2483 εἰσιν
881 2430 930 2481 οἱ
965 2429 1065 2499 τὴν
1096 2429 1191 2497 μὲν
1243 2427 1626 2496 ἀναισχυντίαν
1671 2425 1825 2478 ἐλευ-

250 2520 440 2592 θερίαν
473 2520 805 2591 νομίζοντες,
858 2520 920 2573 τὸ
963 2518 1010 2572 δ’
1050 2518 1451 2587 ἀπεχθάνεσθαι
1509 2517 1824 2587 παρρησιά-

252 2612 460 2675 ζεσθαι,
507 2613 570 2664 τὸ
614 2612 671 2664 δὲ
723 2610 1025 2680 λαμσάνειν
1088 2607 1654 2677 φιλανθρωπεύεσθαι.
1734 2608 1825 2669 Είς

249 2702 398 2755 τοῦθ’
424 2702 469 2733 ³⁸
500 2702 694 2771 ἥκουσι
736 2702 837 2768 τῆς
862 2700 905 2731 ³¹
949 2698 1161 2767 σοφίας,
1208 2698 1347 2751 ὥστε
1374 2697 1635 2766 ἀργύριον
1664 2697 1765 2765 μὲν
1785 2698 1828 2729 ³⁸

250 2795 314 2845 03
374 2796 725 2863 πράττονται,
778 2792 1047 2862 ἀργυρίου
1070 2792 1112 2822 η
1160 2791 1206 2843 δ’
1234 2790 1278 2821 ⁵ο
1313 2788 1479 2853 ἀξίως
1528 2788 1827 2858 λαμὸἀνειν

253 2885 596 2939 ἐπίστανται.
634 2884 755 2937 Κᾶν
786 2885 963 2953 μένγε
994 2882 1132 2953 τύχῃ
1166 2899 1251 2945 τις
1302 2881 1522 2933 ἔλαττον
1584 2881 1826 2951 πέμψας,

254 2975 541 3044 ἐνέμειναν
569 2974 649 3043 τῷ
673 2974 941 3045 δόγματιι·
968 2974 1035 3027 ἂν
1056 2973 1111 3026 δὲ
1138 2972 1426 3045 ἁδρότερον
1450 2972 1511 3024 τὸ
1532 2972 1573 3002 δ’
1607 2971 1830 3025 σακκίον

252 3066 437 3128 αὐτοῖς
463 3067 507 3097 ⁵³
528 3069 694 3137 φανῇ,
718 3066 961 3136 Γοργόνα
989 3065 1233 3134 Περσεὺς
1261 3062 1611 3133 ἐχειρώσατο.
1642 3064 1767 3126 Τοῖς
1786 3064 1831 3095 ⁸³

254 3160 315 3211 ἐν
345 3157 677 3228 Παλαιστίνῃ
702 3156 989 3211 δυσσεϐἐσι
1026 3156 1385 3225 παραπλήσια
1413 3155 1537 3217 τοὺς
1569 3154 1825 3225 τρόπους.

256 3250 370 3301 Καὶ
397 3249 507 3319 γὰρ
542 3250 772 3311 ἐκείνοις
805 3247 951 3300 τοῦτ’
991 3246 1111 3300 ἐστι
1168 3246 1437 3317 σύμδολον
1490 3246 1588 3315 τῆς
1639 3246 1831 3298 δυσσε-

258 3338 433 3401 ϐείας,
465 3339 549 3391 ὅτι
601 3338 726 3398 τοὺς
776 3335 1058 3406 κρείττους
1093 3334 1153 3387 οὐ
1190 3334 1503 3403 νομίζουσι·
1542 3336 1638 3387 καὶ
1685 3327 1833 3388 οὗτοι

255 3429 459 3499 τρόπον
494 3428 616 3481 τινὰ
639 3428 909 3495 ἀφεστᾶσι
938 3427 1046 3479 τῶν
1092 3426 1382 3497 Ἑλλήνων,
1416 3424 1616 3495 μᾶλλον
1645 3425 1702 3479 δὲ
1742 3426 1836 3478 καὶ

258 3519 478 3572 πάντων
500 3518 607 3570 τῶν
641 3518 966 3588 κρειττόνων
983 3517 1047 3581 ⁸⁸,
1073 3516 1141 3569 τὰ
1177 3517 1275 3585 μὲν
1322 3516 1457 3569 ἀλλα
1504 3516 1835 3584 ἀφωνότεροι

258 3612 361 3680 τῆς
399 3613 557 3673 σκιᾶς
586 3612 684 3679 τῆς
738 3608 971 3673 ἑαυτῶν,
1004 3608 1225 3662 ἐπειδὰν
1278 3608 1336 3661 δέ
1393 3625 1545 3672 τινας
1602 3606 1836 3660 είπεῖνδ⁵

262 3699 448 3761 κακῶς
487 3700 583 3771 δέῃ
606 3698 1074 3764 κα“ιδια6αλεῖν⁵⁶,
1111 3697 1189 3767 τῷ
1238 3697 1535 3766 Δωδωναίῳ
1590 3697 1690 3766 μὲν
1739 3697 1840 3749 οὐκ

261 3792 329 3843 ἂν
352 3793 599 3853 εἰκάσαις
633 3791 830 3852 αὐτοὺς
863 3790 1100 3859 χαλκείῳ
1124 3807 1137 3818 ·
1177 3789 1253 3859 μὴ
1283 3788 1413 3858 γὰρ,
1448 3781 1494 3841 ὧ
1544 3787 1681 3841 Ζεῦί
1717 3790 1840 3849 ταῖς

258 3884 317 3936 δὲ
344 3883 535 3952 ἐμπίσι
562 3885 683 3945 ταῖς
711 3885 769 3935 ὲν
805 3881 886 3951 τῷ
937 3881 1115 3950 σκότῳ
1169 3878 1518 3949 βομΰούσαις.
1556 3878 1842 3946 Συγκατα-

266 3976 473 4046 πρᾶξαι
506 3976 605 4044 μέν
632 3993 685 4028 τι
743 3974 852 4027 τῶν
919 3973 1147 4026 δεόντων
1194 3972 1449 4025 ἁπάντων
1481 3971 1525 4001 ⁸⁷
1570 3970 1841 4040 ἀχρηστό-

260 4084 437 4129 τατοι,
464 4067 705 4138 διορύξαι
731 4066 787 4117 δὲ
809 4066 985 4117 οἰκίαν
1007 4064 1101 4117 καὶ
1113 4064 1366 4133 ταράξαι,
1393 4062 1485 4115 καὶ
1509 4060 1843 4133 συγκροῦσαι

263 4160 387 4220 τοὺς
414 4157 560 4209 ἔνδον
601 4155 736 4225 πρὸς
766 4154 1058 4223 ἀλλήλους,
1091 4153 1187 4205 καὶ
1222 4152 1395 4221 φῆσαι
1432 4151 1588 4204 πάντ’
1646 4149 1843 4211 αὐτοὺς

261 4250 582 4319 διοικήσειν,
620 4249 839 4302 πάντων
896 4245 1212 4297 δεινότατοι.
1279 4241 1623 4303 Καταδύντες
1678 4240 1732 4292 δὲ
1765 4242 1844 4301 είς

263 4342 389 4403 τοὺς
423 4341 709 4410 χηραμοὺς
737 4341 855 4391 ἐκεῖ
884 4338 953 4391 τὰ
984 4335 1271 4406 θαυμαστά
1329 4334 1660 4402 σοφίζονται,
1718 4334 1845 4402 σκιᾷ.

264 4451 374 4487 τινι
426 4432 605 4500 λόγοις
658 4430 1032 4490 ἀνασπῶντες,
1078 4428 1181 4496 ἐφη
1232 4426 1328 4481 ὁδ’
1387 4424 1684 4494 Σοφοκλῆς,
1754 4424 1845 4476 τὸν

1909 618 2155 687 possint,
2205 616 2470 672 invident.
2526 613 2680 683 Quod
2730 615 2775 670 si
2834 613 3033 686 me
3074 616 3198 685 quis
3243 616 3374 685 ipsis
3419 620 3487 674 de

1910 706 2248 763 continentia
2302 704 2701 774 disputantibus
2749 704 3027 775 oppositus
3078 704 3357 772 placentas
3408 706 3487 776 (5)

1910 796 2159 852 ostendat
2204 805 2259 852 et
2307 796 2558 861 monilia,
2615 794 2853 866 linguam
2912 794 3222 861 demittunt,
3274 804 3337 850 ut
3390 811 3489 851 en-

1911 902 2025 942 sem
2075 886 2350 942 Menelaus
2411 885 2514 958 (6).
2562 885 2698 941 Nam
2746 886 2793 941 si
2840 884 3097 941 Helenam
3143 886 3362 941 videant
3412 889 3492 956 ip-

1912 993 2060 1044 sam,
2121 978 2383 1033 Helenam
2439 978 2653 1032 autem!
2719 977 2765 1033 si
2828 975 2914 1031 vel
2970 977 3221 1032 ancillam
3275 977 3492 1047 qualem

1916 1070 2069 1124 tinxit
2116 1067 2411 1125 Menander
2446 1067 2759 1140 Phrygiam,
2816 1067 3099 1138 Sophoclis
3137 1076 3351 1137 satyros
3401 1083 3491 1121 re-

1915 1174 2041 1214 vera
2085 1174 2184 1229 pro
2226 1160 2432 1216 ludicro
2484 1168 2678 1215 curant
2724 1158 2934 1214 haberi.
2988 1158 3090 1226 Qui
3132 1160 3495 1228 privationem

1917 1258 2115 1305 vocant
2170 1249 2605 1306 communionem
2663 1249 2777 1319 (7);
2831 1248 3085 1303 invidiam
3142 1256 3328 1302 autem
3375 1247 3495 1315 phi-

1918 1340 2257 1411 losophiam,
2330 1348 2389 1396 et
2460 1340 2698 1409 inopiam
2776 1339 3015 1408 pecunia:
3099 1345 3492 1407 contemptum.

1917 1431 2053 1488 Cum
2133 1440 2315 1486 autem
2388 1430 2777 1486 humanitatem
2856 1430 3250 1499 profiteantur,
3320 1430 3499 1484 nemi-

1922 1535 2042 1575 nem
2085 1520 2338 1589 juverunt
2366 1534 2627 1591 unquam,
2670 1528 2728 1574 et
2772 1519 2862 1588 qui
2897 1517 3064 1574 voluit
3109 1518 3244 1588 ipsis
3275 1518 3374 1583 uti,
3403 1531 3498 1573 eos

1923 1608 2201 1665 infestant.
2253 1610 2321 1664 Et
2364 1610 2501 1664 alios
2542 1609 2763 1679 quidem
2815 1607 2907 1662 vix
2953 1616 3305 1663 occurrentes
3353 1606 3499 1676 aspi-

1923 1699 2091 1765 ciunt,
2126 1699 2351 1754 divitum
2400 1707 2575 1755 autem
2610 1699 2781 1769 gratia
2836 1698 2902 1752 ad
2939 1697 3075 1754 fines
3121 1700 3356 1770 regionis
3402 1713 3499 1754 oc-

1925 1799 2170 1855 currunt,
2202 1791 2655 1861 quemadmodum
2683 1790 2922 1861 Prbyges
2956 1798 3180 1860 propter
3207 1791 3375 1847 oleas.
3405 1791 3491 1844 Et-

1929 1879 2073 1933 enim
2105 1880 2159 1935 hi
2187 1890 2336 1948 sunt,
2368 1881 2463 1952 qui
2498 1879 2883 1951 impudentiam
2910 1890 2966 1934 et
3007 1879 3269 1935 offensam
3312 1890 3503 1949 putant

1929 1983 2050 2024 esse
2078 1969 2408 2036 libertatem,
2432 1968 2822 2024 humanitatem
2853 1967 2908 2021 in
2936 1966 3252 2030 accipiendo
3272 1975 3499 2033 ponunt.

1930 2059 2105 2127 Quid?
2130 2061 2272 2131 quod
2306 2060 2373 2115 ad
2410 2073 2529 2114 eam
2579 2057 2901 2129 sapientiam
2927 2062 3293 2127 pervenerunt
3318 2063 3376 2109 ut
3406 2068 3505 2123 pe-

1929 2152 2143 2207 cuniam
2192 2165 2301 2206 non
2343 2150 2582 2220 exigant,
2613 2148 2757 2218 quod
2798 2156 2979 2203 autem
3010 2147 3295 2216 pecuniam
3338 2146 3502 2212 valet,

1931 2242 2179 2311 accipere
2210 2239 2414 2305 norint,
2444 2239 2498 2293 in
2544 2237 2811 2294 sententia
2854 2245 3200 2308 perseverent
3230 2255 3242 2291 :
3275 2236 3359 2291 sin
3388 2243 3506 2290 tur-

1931 2330 2105 2401 gidior
2136 2331 2210 2386 sit
2251 2329 2472 2387 effectus
2508 2329 2757 2386 sacculus
2788 2328 3094 2399 Gorgonem
3128 2330 3332 2398 ceperit
3372 2326 3507 2384 Per-

1932 2435 2076 2477 seus.
2112 2419 2229 2477 Non
2261 2421 2423 2476 alieni
2469 2422 2536 2477 ab
2566 2410 2853 2489 impio'rum
2880 2419 3294 2475 Palazstinorum
3338 2418 3506 2472 mori-

1933 2511 2052 2565 bus.
2083 2509 2216 2565 Nam
2242 2521 2295 2566 et
2323 2510 2396 2565 illi
2429 2511 2530 2565 hoc
2559 2509 2760 2564 habent
2786 2508 3074 2579 impietatis
3100 2509 3335 2580 signum,
3362 2509 3508 2577 quod

1934 2604 2062 2656 deos
2087 2615 2208 2656 esse
2231 2617 2341 2656 non
2370 2610 2578 2670 putent,
2605 2610 2766 2668 atque
2791 2599 2844 2653 hi
2873 2615 2902 2653 a
2930 2598 3154 2666 Grzccis,
3185 2609 3349 2669 atque
3371 2599 3509 2654 adeo

1935 2694 2091 2748 bonis
2132 2693 2383 2747 omnibus
2432 2691 2827 2760 quodammodo
2875 2690 3230 2757 dissentiunt,
3272 2692 3323 2745 in
3380 2690 3511 2745 reli-

1935 2782 2055 2851 quis
2106 2781 2324 2849 quidem
2371 2780 2531 2835 rebus
2575 2780 2764 2834 umbra
2810 2792 2906 2833 sua
2954 2779 3130 2845 magis
3180 2777 3314 2832 muti
3343 2794 3358 2830 :
3387 2792 3510 2830 cum

1937 2882 2114 2925 autem
2146 2870 2341 2939 aliquis
2366 2869 2736 2924 criminandus
2780 2875 2835 2922 et
2859 2866 3267 2922 calumniandus
3289 2874 3393 2929 est,
3420 2866 3512 2919 vix

1936 2964 2028 3016 aeri
2061 2961 2360 3027 Dodonaeo,
2394 2976 2581 3017 verum
2628 2959 2888 3015 culicibus
2932 2960 3111 3029 potius
3169 2958 3223 3012 in
3271 2958 3513 3013 tenebris

1937 3053 2398 3124 perstrepentibus
2432 3052 2765 3116 conferendi,
2796 3052 2861 3106 ad
2905 3066 3017 3105 rem
3049 3051 3285 3105 maxime
3326 3064 3513 3106 neces-

1939 3152 2136 3205 sariam
2184 3151 2538 3220 peragendam
2572 3148 2807 3203 maxime
2846 3147 3081 3214 inutiles,
3116 3146 3185 3201 ad
3218 3146 3362 3201 aedes
3389 3159 3511 3216 per-

1938 3246 2211 3312 forandas,
2232 3257 2287 3303 et
2315 3247 2708 3318 perturbandos
2735 3255 2896 3317 atque
2925 3246 3063 3301 inter
3084 3260 3143 3301 se
3166 3245 3512 3301 committen-

1934 3339 2034 3393 dos
2085 3339 2435 3401 domesticos,
2470 3350 2791 3405 omnemque
2838 3334 3362 3390 administrationem
3405 3334 3513 3388 sibi

1937 3429 2322 3498 arrogandam,
2368 3428 2609 3482 omnium
2670 3426 2957 3497 aptissimi.
3019 3426 3127 3480 Sed
3176 3426 3228 3480 in
3289 3424 3514 3479 latibula

1938 3520 2201 3575 submersi
2266 3519 2509 3573 miranda
2560 3518 2805 3588 quadam
2867 3517 3386 3579 comminiscuntur,
3442 3517 3510 3569 ad

1942 3612 2188 3665 umbram
2220 3610 2408 3666 nescio
2438 3625 2598 3679 quam
2634 3611 2795 3663 verba
2830 3616 3159 3673 eructanles,
3193 3608 3367 3676 inquit
3410 3604 3512 3660 So-

1942 3703 2180 3773 phocles,
2219 3702 2555 3757 anthericum
2603 3709 2884 3763 metentes,
2916 3700 3206 3753 funiculum
3252 3700 3305 3753 in
3343 3712 3510 3751 arena

1944 3804 2247 3860 nectentes,
2279 3794 2435 3849 telam
2476 3793 2658 3847 nescio
2689 3806 2850 3861 quam
2882 3799 3204 3846 retexentes.
3238 3789 3511 3855 Quantum

1943 3888 2087 3941 enim
2114 3887 2165 3940 in
2187 3885 2451 3955 sapientia
2470 3884 3121 3955 proficiunt,tantumdem
3141 3881 3392 3935 amittunt
3410 3880 3510 3949 (8),

1946 3992 2271 4048 magnopere
2300 3978 2401 4033 sibi
2436 3977 2727 4046 placentes,
2756 3990 2876 4030 cum
2914 3972 3193 4028 rhetorica:
3222 3972 3514 4025 maledixe~

1946 4073 2073 4134 rint,
2118 4072 2273 4140 quasi
2315 4085 2421 4124 non
2450 4069 2612 4124 etiam
2649 4068 2830 4122 famuli
2863 4066 3057 4139 “ab
3087 4080 3248 4135 saepe,
3278 4081 3339 4119 ac
3373 4080 3514 4134 ρεςε-

1947 4163 2130 4217 sertim
2158 4163 2451 4231 magistre,
2482 4160 2730 4215 dominos
2766 4160 2902 4213 intra
2936 4161 3121 4213 dentes
3145 4161 3514 4213 exsecrentur.

1947 4252 2250 4317 Quinetiam
2274 4258 2488 4321 satyrus
2514 4248 2589 4319 (9)
2612 4248 2830 4317 quidam
2861 4247 3106 4302 scenicus
3130 4247 3257 4301 olim
3279 4258 3363 4301 est
3386 4246 3521 4301 Her-

1946 4341 2052 4395 culi
2082 4340 2432 4409 imprecatus,
2464 4339 2531 4390 ad
2566 4337 2720 4406 cuius
2759 4337 3049 4389 adventum
3085 4333 3367 4389 confestim
3401 4348 3523 4390 suc-

1947 4432 2149 4486 cubuit.
2178 4429 2287 4485 Nec
2312 4430 2583 4484 immerito
2613 4429 2865 4483 videntur
2892 4426 3025 4482 mihi
3062 4426 3270 4481 cunctis
3304 4426 3525 4479 maledi-

266 4524 532 4593 ἁνθὲρικα
570 4522 896 4588 θερίζοντες,
940 4519 1001 4572 τὸ
1020 4519 1063 4550 ⁸⁸
1116 4521 1180 4570 ἐκ
1226 4517 1324 4585 τῆς
1373 4516 1557 4585 ἄμμου
1610 4513 1842 4583 σχοινίον

1951 4538 2095 4590 cere,
2127 4522 2559 4593 quandoquidem
2609 4522 2707 4575 bac
2749 4535 2806 4572 re
2848 4520 3135 4588 plurumum
3185 4518 3385 4582 valent,
3432 4520 3527 4587 qui

270 4618 584 4678 πλέκοντες,
618 4614 720 4666 οὐκ
753 4610 848 4665 οἷδ’
876 4614 1059 4665 ὅντινα
1102 4610 1250 4661 ἱστὸν
1306 4606 1631 4668 ἀναλύοντες
1656 4622 1671 4635 ο
1720 4606 1845 4658 ὅσον

268 4708 376 4776 γὰρ
402 4705 467 4759 ἂν
506 4704 825 4775 προκόψωσι
854 4703 951 4771 τῆς
1011 4700 1223 4768 σοφίας,
1268 4696 1520 4750 τοσοῦτον
1575 4696 1845 4762 άνταφαι-

270 4797 445 4867 ροῦσι,
487 4794 756 4863 μεγάλα⁸⁹
788 4789 1132 4863 φρονοῦντες,
1167 4789 1261 4842 ὲάν
1293 4783 1588 4857 ῥητορικὴν
1648 4782 1844 4836 εἴπωσι

270 4884 475 4947 κακῶς,
509 4882 676 4954 [1515
705 4879 798 4951 R.)
828 4880 1017 4948 ὥσπερ
1040 4873 1132 4931 οὖν
1163 4876 1256 4929 καὶ
1302 4876 1429 4936 τοὺς
1475 4872 1696 4935 δούλους
1729 4873 1843 4934 τοῖς

267 4975 559 5035 δεσπόταις
614 4972 706 5025 ὑπ’
737 4971 947 5023 ’ὀδόντα
988 4969 1030 5001 ³¹
1065 4965 1327 5027 πολλάκις
1383 4962 1838 5033 καταρωμένους,

270 5070 362 5120 καὶ
399 5067 632 5137 μάλιστα
657 5065 786 5127 τοὺς
817 5062 1109 5131 μαστιγίας
1143 5058 1345 5112 αὐτῶν.
1380 5054 1518 5124 Ἤδη
1549 5054 1607 5107 δέ
1628 5070 1713 5116 τις
1750 5054 1846 5107 καὶ⁵

1950 4624 2007 4670 ιιι
2050 4614 2249 4669 nullius
2289 4612 2521 4668 hominis
2557 4610 2883 4666 mentionem
2927 4607 3147 4671 faciant,
3180 4606 3318 4661 male
3345 4614 3525 4659 tamen

1948 4704 2134 4759 dicunt
2156 4702 2359 4770 omnia,
2388 4702 2459 4757 ita
2484 4700 2624 4770 quod
2648 4699 2846 4753 habent
2869 4699 2919 4752 in
2944 4697 3175 4752 medium
3207 4694 3514 4751 conferunt.

1948 4796 2126 4865 Atque
2191 4793 2356 4849 etiam
2419 4791 2843 4863 pulcherrimum
2907 4788 3265 4860 philosophiae
3327 4802 3531 4842 nomen

1951 4888 2053 4943 sibi
2080 4889 2343 4951 tribuunt,
2369 4886 2523 4956 quasi
2551 4885 2728 4939 locum
2754 4883 2808 4937 in
2837 4884 3048 4938 theatro
3070 4889 3530 4952 praeoccupasent.

1954 4980 2131 5050 Atque
2179 4979 2453 5047 equidem,
2491 4986 2545 5031 et
2589 4974 2798 5029 Platoni
2844 4974 3082 5030 debitum
3122 4975 3381 5028 honorem
3434 4972 3535 5027 tri-

1962 5075 2072 5138 bui,
2104 5082 2160 5127 et
2208 5072 2449 5125 virorum
2483 5067 2732 5139 dignitati
2773 5080 2929 5135 opem
2962 5066 3058 5119 tuli
3103 5080 3208 5121 non
3241 5063 3532 5133 ignaviter.

1558 5166 1792 5223 VARUS
1832 5162 2237 5223 LECTIONES.

367 5274 387 5305 ’
423 5275 534 5335 τοῖς
561 5272 750 5332 κακοῖς
765 5269 943 5331 ἀλλοις
974 5285 1032 5331 ς.
1099 5266 1143 5296 ³⁸
1170 5264 1630 5335 ταῦταπράττειν
1659 5266 1719 5317 οὑ
1755 5268 1799 5317 Α
1827 5280 1845 5317 ;
1882 5264 2142 5335 πράττειν
2178 5258 2348 5335 ταῦτα
2376 5272 2439 5335 Ξ.
2498 5254 2539 5285 ³¹
2563 5251 2647 5335 οἳ]
2672 5244 2822 5333 ρῦτοι

3014 5252 3058 5282 ³⁸
3095 5251 3144 5304 οἳ
3172 5250 3284 5304 καὶ.
3352 5249 3396 5281 ³³
3426 5247 3539 5301 ὦσ-

272 5319 1029 5415 vpovr'Jb'niTX-ff’sine?!
1062 5349 1120 5415 ρο.
1150 5336 1273 5415 5.”.-
1343 5319 1509 5415 "idp
1547 5335 1789 5415 (δίη-δι-
1821 5336 1864 5367 ³·
1904 5319 2046 5415 τδδβὶ
2078 5334 2157 5415 es
2188 5329 2353 5415 τεῦτιῖ
2377 5326 2534 5415 515;.
2563 5319 2978 5415 'I.‘ﬁii‘.’_"_';_’_‘:.
3001 5321 3198 5415 ἷζμὲῖ·
3246 5319 3538 5415 .ἔέέῇτῖ-

317 5416 326 5429 Ι

636 5389 699 5440 ’δέ
724 5408 793 5480 δ’]
828 5389 936 5462 οῦδ
955 5389 1024 5459 ΑῘ
1062 5389 1122 5436 ’δῖ
1154 5406 1214 5457 τὸ
1242 5406 1319 5458 A:
1350 5389 1426 5474 τῷ
1562 5403 1606 5435 ⁸³
1635 5404 1817 5467 αὐτοῖς
1840 5419 1950 5458 om.
1980 5406 2042 5455 Αἰ
2089 5401 2133 5431 ⁵³
2166 5401 2276 5460 τοῖς
2306 5397 2381 5466 (p.
2413 5392 2535 5457 514)
2591 5391 2634 5422 ’⁵⁸
2654 5389 2979 5462 κρειττόνων
3004 5404 3110 5443 om.
3135 5392 3200 5443 A.
3246 5390 3291 5420 ⁸⁸
3319 5390 3439 5441 ἐπεὶ
3469 5389 3537 5445 Α,

301 5486 318 5513 s
347 5481 703 5514 κηκιιηυυλ
813 5480 858 5509 ιτ
889 5479 1148 5514 amamus.
1170 5490 1277 5514 nnL
1318 5476 1349 5514 Δ
1466 5475 1508 5504 ιε
1538 5477 1564 5514 Α
1589 5490 1695 5514 mn,
1729 5476 1787 5514 Α,
1870 5475 1913 5505 η
1950 5473 2063 5514 nm
2105 5470 2198 5514 armi.
2221 5470 2281 5514 τὸ
2327 5482 2386 5514 c.
2495 5463 2539 5494 "
2575 5461 2717 5514 μέγα
2750 5478 2809 5514 ς’.
2885 5462 2927 5494 ἰ
2960 5461 3050 5513 ὑπ’
3091 5460 3278 5512 ὀδόντα
3324 5473 3432 5513 om.
3464 5463 3533 5514 A.

301 5486 318 5513 ⁶
346 5481 733 5537 mamma.
776 5470 793 5480 ’
813 5480 858 5509 ⁸⁷
888 5479 1148 5531 ἀπάντων
1170 5490 1279 5529 om.
1312 5470 1409 5528 A.‘
1466 5475 1508 5504 ’⁵⁸
1538 5477 1564 5527 ό
1589 5490 1700 5530 out.
1723 5476 1790 5527 A.
1870 5475 1913 5505 ⁸⁵
1950 5473 2065 5541 θερ.
2105 5470 2198 5523 καὶ
2221 5470 2281 5520 τὸ
2327 5482 2386 5529 ς.

2495 5463 2539 5494 ⁵⁸
2574 5460 2717 5532 μέγὰ
2750 5478 2809 5524 ς’.
2885 5462 2927 5494 “
2960 5461 3050 5513 ὑπ’
3091 5460 3278 5512 ὀδόντα
3324 5473 3432 5513 om.
3464 5463 3533 5516 A.

1782 5562 2015 5620 NOTAE.

349 5670 427 5735 (5)
460 5665 773 5735 Utrumque
800 5664 1017 5735 species,
1046 5661 1324 5735 placentas.

454 5729 849 5807 Andromache.
880 5734 1018 5807 apud
1050 5729 1292 5807 Euripid.

350 5796 427 5876 (η
460 5805 572 5859 lloc
594 5796 1051 5871 reprehendendo
1093 5800 1367 5853 Platonem
1398 5796 1548 5852 dicit.

489 5899 761 5959 Psrnon.
800 5894 917 5955 (is.
951 5892 1103 5951 Cill.

2036 5653 2112 5722 (8)
2143 5652 2242 5722 Per
2271 5649 2465 5704 malam
2497 5647 2732 5722 ipsorum
2761 5644 3103 5722 sententiam.
3246 5713 3257 5722 .
3426 5710 3457 5722 __
3498 5709 3509 5720 ο

1963 5791 2002 5842 Β
2038 5710 2407 5843 (ἥβων-υς
2462 5710 2716 5787 qtiidam,
2778 5730 2881 5769 non
2934 5715 3076 5769 enim
3140 5713 3352 5783 genium
3408 5710 3538 5765 dicit

2008 5809 2099 5847 acc
2124 5808 2179 5844 ιι.

3102 5873 3175 5932 50
