4216 6430
262 394 396 462 1581
1331 398 1857 461 BIBLIOTHECA.
1919 422 1965 434 -·
2001 398 2166 462 COD.
2212 400 2505 462 CCXLlX.
3353 399 3493 464 1582

239 511 326 581 ,τῷ
352 504 413 566 εῦ
439 510 613 565 ποιεῖν
656 510 819 582 (Θεοῦ
845 513 956 586 γὰρ
988 514 1146 569 τοῦτο
1172 512 1269 568 καὶ
1301 512 1451 576 θείας
1482 515 1815 586 μιμήσεως),
1844 516 1894 576 Α

1844 514 2198 583 Apaululum
2251 531 2281 571 a
2337 526 2565 585 corpore
2639 520 2943 583 separatus,
3014 514 3195 587 seipse
3252 520 3494 573 reuditur

246 602 431 673 τρίτον
465 605 523 657 ὲν
556 602 634 673 τῷ
666 602 1034 674 ἀποθνήσκειν
1053 622 1066 636 ⁸
1095 606 1143 658 εί
1174 606 1283 675 γὰρ
1313 608 1457 659 κατά
1500 607 1666 659 ποσόν
1694 623 1750 659 τι
1785 606 1821 676 ἡ

1930 606 2161 662 melior:
2208 607 2476 676 siquidem
2510 606 2572 660 in
2613 605 2822 661 somnis
2870 621 2965 675 per
3008 606 3302 673 Insomnia,
3342 620 3398 664 et
3434 611 3489 663 iu

246 694 395 764 ψυχὴ
437 695 534 748 τοῦ
586 694 839 764 σώματος
880 700 937 752 εν
982 699 1060 768 τῷ
1091 700 1190 769 ζῇν
1213 700 1274 751 τὸ
1306 700 1471 763 ζῶον,
1523 698 1690 770 [1516
1726 696 1823 769 IL]

250 787 594 856 χωριζομένη
653 786 881 856 βελτίων
932 790 1137 857 γίνεται
1185 790 1425 858 ἑαυτῆς,
1481 790 1540 842 ἐν
1596 807 1659 843 τε
1711 790 1827 852 τοῖς

252 873 443 937 ὕπνοις
490 878 632 931 κατὰ
668 878 797 941 τοὺς
843 878 1086 942 ὀνείρους
1126 880 1221 933 καὶ
1270 881 1328 932 ἐν
1372 881 1491 939 ταῖς
1537 878 1828 932 ὲκστάσεσι

252 965 362 1018 τῶν
394 968 566 1020 νόσων
605 970 842 1038 μαντική
870 970 1102 1037 γίνεται,
1134 970 1315 1039 πολλῷ
1344 969 1474 1041 [715
1499 969 1593 1041 HJ
1627 971 1828 1040 μᾶλλον

259 1060 587 1127 βελτιοῦται,
616 1064 746 1115 ὅταν
775 1063 959 1115 τέλεον
988 1063 1233 1133 χωρισθῇ
1263 1064 1370 1118 ἀπὸ
1420 1063 1517 1115 τοῦ
1554 1061 1827 1131 σώματος.

256 1151 380 1203 Ὅτι
411 1152 511 1220 τὴν
547 1152 754 1221 μονάδα
780 1154 1000 1207 πάντων
1033 1154 1206 1225 ἀρχὴν
1236 1154 1421 1221 ἔλεγον
1446 1153 1830 1223 Πυθαγόρειοι,

255 1243 379 1295 ἐπεὶ
407 1243 469 1295 τὺ
504 1245 602 1311 μὲν
631 1248 858 1315 σημεῖον
888 1246 1066 1315 ἀρχὴν
1099 1247 1284 1314 ελεγον
1317 1244 1617 1314 γραμμῆς,
1650 1244 1750 1312 τὴν
1775 1242 1834 1295 δὲ

257 1332 536 1398 ἐπιπέδου,
574 1334 633 1387 τὸ
659 1336 714 1388 δὲ
745 1336 839 1389 τοῦ
871 1336 1035 1405 τριχῆ
1072 1336 1363 1389 διαστατοῦ
1394 1336 1515 1405 ἦτοι
1558 1332 1832 1403 σώματος.

260 1422 370 1475 Τοῦ
408 1424 465 1477 δὲ
495 1427 728 1492 σημεέου
758 1429 1163 1495 προεπινοεῖται
1185 1429 1217 1495 ή
1250 1426 1437 1494 μονὰς,
1473 1411 1615 1477 ὥστε
1632 1426 1677 1456 ⁸⁸
1694 1423 1836 1493 ἀρχὴ

257 1515 368 1568 τῶν
402 1517 672 1585 σωμάτων
705 1520 736 1586 ή
770 1519 936 1586 μονάς
957 1535 973 1551 ο
1009 1518 1151 1571 ὥστε
1180 1519 1249 1571 τά
1294 1516 1522 1586 σώματα
1563 1516 1744 1569 πάντα
1774 1518 1838 1567 ὲκ

258 1608 355 1670 τῆς
407 1608 634 1672 μονάδος
682 1608 996 1678 γεγένηται.
1051 1608 1171 1661 Ὀτι
1224 1609 1273 1659 oi
1321 1607 1682 1676 Πυθαγόρειοι
1732 1605 1839 1657 τῶν

260 1694 522 1764 ἐμψύχων
548 1698 867 1765 ἀπείχοντο,
890 1702 986 1768 τὴν
1024 1698 1447 1767 μετεμψύχωσιν
1473 1696 1729 1767 ἀφρόνως
1764 1694 1839 1756 ὠς

260 1784 439 1855 ἀληθῆ
495 1786 993 1856 ὑπολαμϐάνοντες,
1052 1790 1144 1841 καὶ
1199 1790 1282 1841 ὅτι
1333 1787 1401 1839 τὰ
1445 1786 1672 1840 τοιαῦτα
1731 1786 1841 1838 τῶν

1925 698 2236 753 exataaibus
2280 698 2609 763 morborum,
2663 695 2934 751 divinator
2991 696 3069 764 ﬁt,
3124 699 3301 753 multo
3361 714 3493 752 sane

1928 797 2057 842 tunc
2104 789 2450 858 praastantior
2491 791 2671 855 seipso
2716 787 2798 852 iit,
2849 802 2973 842 cum
3000 787 3114 856 jam
3155 799 3434 858 postremo
3464 806 3496 844 e

1928 894 2157 949 corpore
2209 880 2482 951 migravit.
2526 880 2680 951 Apud
2731 881 2949 937 eosdem
2976 880 3261 935 exordium
3314 896 3495 935 rerum

1930 972 2171 1025 omnium
2204 980 2288 1025 est
2314 971 2516 1036 unitas,
2552 972 2749 1027 deinde
2779 983 3033 1042 punctum
3068 972 3281 1027 initium
3319 972 3496 1035 lineae,

1932 1063 2068 1118 linea
2099 1062 2428 1131 superﬁciei,
2462 1074 2519 1117 et
2558 1063 2874 1133 superﬁcies
2920 1064 3150 1132 triplicis
3189 1064 3241 1118 in
3277 1065 3500 1132 quanti-

1932 1160 2046 1207 tate
2082 1151 2460 1215 dimensionis,
2488 1150 2595 1215 vel,
2638 1160 2698 1204 ut
2732 1159 2947 1216 vocant,
2992 1152 3263 1223 corporis.
3303 1151 3499 1207 Verum

1935 1252 2063 1296 ante
2092 1250 2347 1310 punctum
2395 1241 2773 1311 cognoscimus
2805 1242 3117 1297 monadem.
3168 1244 3348 1308 Quare
3378 1257 3505 1298 cor-

1936 1348 2126 1400 porum
2180 1333 2397 1389 initium
2438 1341 2524 1389 est
2574 1335 2779 1400 unitas,
2830 1335 2971 1391 sicut
2996 1337 3182 1390 omnia
3207 1350 3434 1405 corpora
3473 1350 3504 1391 e

1940 1424 2165 1476 monade
2190 1434 2605 1490 componuntur.
2634 1424 2854 1487 Adhac,
2904 1436 3124 1494 propter
3149 1424 3507 1493 transmigra—

1942 1514 2139 1567 tiouem
2174 1513 2494 1574 animarum,
2546 1528 2708 1582 quam
2761 1516 2929 1569 stulto
2973 1529 3103 1569 sane
3147 1515 3377 1569 consilio
3414 1530 3506 1568 ve-

1942 1618 2053 1655 ram
2112 1612 2322 1668 putant,
2363 1602 2430 1656 ab
2474 1604 2730 1658 animatis
2789 1606 3092 1669 abstinent;
3143 1604 3338 1659 deinde
3382 1606 3505 1673 quia

1943 1691 2212 1759 ingenium
2246 1701 2494 1760 gravant.
2528 1693 2599 1747 ob
2646 1693 2869 1749 nimium
2915 1695 3304 1750 nutrimentum
3349 1703 3403 1749 et
3428 1693 3510 1747 di-

1945 1782 2266 1849 gestioncm.
2322 1782 2463 1846 Quin
2494 1794 2548 1837 et
2594 1782 2749 1838 fabas
2778 1800 2885 1839 non
2921 1786 3116 1849 edunt,
3149 1785 3373 1838 nimium
3418 1798 3510 1837 se-

265 1849 576 1945 βρωμάτων
612 1849 845 1945 παχύνει
878 1849 989 1930 τὸν.
1008 1878 1153 1941 νοῦν,
1183 1876 1570 1947 τροφιμώτερα
1592 1876 1722 1928 ὅντα
1745 1875 1840 1927 καὶ
1873 1849 1913 1901 Β

1873 1849 1913 1901 Β
1946 1872 2181 1926 cundum
2225 1887 2322 1926 eos
2362 1872 2622 1927 inﬂationi
2668 1874 2956 1939 obnoxias,
2998 1888 3053 1929 et
3083 1875 3246 1930 nimis
3276 1876 3506 1937 alentes,

266 1967 467 2038 πολλὴν
492 1968 741 2022 ἀνάδοσιν
770 1969 1050 2023 ποιοῦντα.
1073 1970 1171 2022 Διὰ
1195 1966 1356 2021 τοῦτο
1386 1965 1595 2019 καὶτοῦ
1626 1966 1840 2034 κυάμου

267 2060 558 2128 ἀπείχοντο
581 2101 594 2123 ,
623 2062 705 2114 ὅτι
742 2059 993 2131 φυσώδης
1018 2059 1114 2113 καὶ
1138 2059 1570 2130 τροφιμώτατος.
1607 2056 1718 2109 Καὶ
1745 2056 1842 2109 ἀλ-

264 2147 365 2211 λας
399 2149 455 2201 δέ
482 2166 634 2211 τινας
668 2150 850 2211 αίτίας
885 2150 1103 2211 πλείους
1134 2147 1506 2209 ἀποδιδόασιν,
1550 2146 1609 2199 αἱ
1644 2146 1842 2203 αὐτοὺς

267 2241 462 2307 ὲνῆγον
490 2241 789 2309 ἀπέχεσθαι
818 2243 929 2294 τῶν
954 2246 1199 2311 κυάμων.
1235 2242 1357 2294 Ὀτι
1388 2240 1479 2293 τὸν
1510 2237 1840 2308 Πυθαγόραν

270 2329 440 2383 πολλά
486 2349 618 2398 φασι
635 2334 681 2365 ⁷⁸
729 2337 1033 2403 προειπεῖν,
1070 2334 1164 2386 καὶ
1208 2334 1387 2387 πάντα
1437 2331 1690 2401 ἐκϐῆναι.
1722 2331 1846 2384 Ὀτι

270 2422 370 2491 τὴν
421 2424 519 2491 μὲν
566 2424 908 2493 θεωρητικὴν
964 2426 1059 2478 καὶ
1100 2426 1337 2494 φυσικὴν
1389 2423 1659 2476 Πλάτωνά
1710 2438 1844 2489 φασι

274 2515 422 2580 παρά
454 2515 563 2567 τῶν
596 2517 653 2567 ἐν
694 2515 895 2587 Ἰταλίᾳ
921 2515 1306 2585 Πυθαγορείων
1338 2513 1627 2583 ἐκμαθεῖν,
1655 2514 1757 2584 τὴν
1785 2511 1845 2566 δὲ

1948 1961 2175 2028 aliisque
2236 1963 2302 2016 de
2353 1964 2552 2025 causis,
2618 1980 2740 2033 qua:
2793 1964 3039 2019 fabarum
3107 1979 3258 2020 esum
3327 1965 3513 2033 prohi-

1950 2054 2110 2104 beant
2138 2051 2271 2122 (ιο).
2304 2051 2540 2107 Plurima
2584 2054 2920 2126 Pythagoras
2960 2054 3277 2126 praedixisse
3316 2054 3509 2113 fertur.

1950 2155 2002 2200 et
2047 2148 2225 2200 omnia
2282 2148 2567 2203 accidisse.
2630 2149 2905 2206 Platonem
2965 2166 2994 2205 a
3050 2149 3405 2222 Pythagoreis
3456 2149 3509 2203 in

1951 2235 2096 2289 Italia
2128 2239 2519 2307 speculatiraut
2551 2251 2603 2294 et
2628 2242 2906 2310 physicam
2932 2243 3104 2306 aiunt,
3137 2253 3191 2296 et
3222 2256 3250 2295 a
3289 2241 3512 2296 Socrate

1949 2327 2179 2380 ethicam
2210 2329 2503 2396 didicisse;
2538 2331 2679 2400 apud
2718 2330 2989 2386 Zenonem
3022 2347 3172 2393 vero,
3206 2341 3262 2386 et
3290 2330 3513 2386 Parme-

1951 2418 2126 2471 nidem
2160 2418 2372 2476 Eleatas
2403 2421 2748 2475 fundamenta
2790 2422 2987 2491 logices
3010 2424 3229 2491 jecisse,
3278 2422 3370 2491 qui
3398 2437 3513 2476 ont-

1952 2523 2044 2562 nes
2074 2524 2105 2564 e
2134 2510 2447 2582 Pythagora:
2471 2514 2652 2569 schola
2680 2513 2906 2584 profecti
2936 2522 3085 2568 sunt.

273 2606 467 2675 ὴθικὴν
512 2610 743 2675 μάλιστα
793 2610 943 2679 παρὰ
992 2610 1336 2678 Σωκράτους.
1366 2608 1478 2676 Τῆς
1508 2607 1566 2659 δὲ
1614 2606 1841 2673 λογικῆς
1880 2602 2171 2673 σπέρματα
2216 2605 2544 2659 καταϐαλεῖν
2592 2607 2740 2676 αὐτῷ
2795 2607 3014 2674 Ζήνωνα
3083 2606 3175 2658 καὶ
3239 2605 3513 2674 Παρμενὶ-

275 2696 431 2765 δην⁷⁸
461 2700 587 2758 τοὺς
630 2700 914 2762 Ἐλεάταςο
948 2701 1045 2752 καὶ
1084 2695 1228 2753 οὗτοι
1252 2700 1309 2753 δὲ
1334 2701 1433 2768 τῆς
1476 2697 1845 2767 Πυθαγορείου
1880 2689 2022 2764 ἦσαν
2046 2694 2348 2764 διατριϐῆς.

351 2787 475 2838 ’Ὁτι
520 2790 551 2853 ἠ
600 2787 743 2855 ὄψις,
794 2787 938 2840 κατὰ
983 2788 1309 2858 Πυθαγόραν
1336 2788 1431 2840 καὶ
1468 2787 1731 2841 Πλάτωνα
1759 2785 1853 2838 καὶ

291 2876 691 2945 Ἀριστοτέλην,
722 2876 832 2929 τῶν
859 2876 1070 2930 δώδεκα
1103 2877 1409 2947 χρωμάτων
1456 2878 1574 2929 ἐστὶ
1608 2874 1847 2946 κριτικὴ,

279 2966 471 3018 λευκοῦ
503 2969 599 3020 καὶ
625 2968 855 3036 μέλανος
882 2971 977 3022 καὶ⁵
1008 2969 1119 3021 τῶν
1160 2968 1388 3037 μεταξὺ,
1415 2967 1634 3033 ξανθοῦ,
1666 2966 1849 3035 φαιοῦ,

279 3054 483 3123 ὠχροῦ,
502 3056 757 3124 ἐρυθροῦ,
788 3058 1013 3119 κυανοῦ,
1046 3055 1337 3127 ἁλουργοῦ,
1362 3055 1637 3126 λαμπροῦ,
1661 3056 1851 3125 ὀρφνίο

280 3148 455 3201 von".
497 3148 562 3200 Ἡ
599 3148 657 3200 δὲ
687 3149 827 3219 ἀκοὴ
879 3152 1099 3218 κριτική
1136 3150 1287 3201 ἐστιν
1318 3147 1464 3212 ὀξέος
1517 3148 1611 3200 καὶ⁵
1659 3146 1853 3216 βαρέος

283 3238 541 3305 φθόγγου.
574 3240 639 3291 Ἦ
672 3239 728 3291 δὲ
759 3240 1025 3309 ὄσφρησις
1054 3241 1275 3311 κριτικὴ
1329 3240 1544 3294 εὐωδῶν
1587 3240 1683 3293 καὶ
1725 3239 1853 3291 δυσ-

283 3329 435 3382 ωδῶν
456 3331 643 3398 ὀσμῶν
670 3333 765 3384 καὶ
787 3332 896 3384 τῶν
930 3333 1134 3402 μεταξὺ
1166 3334 1229 3385 ὲκ
1248 3333 1296 3364 ⁷³
1324 3333 1650 3401 σηπομένων
1678 3348 1738 3384 τε
1762 3335 1857 3383 καὶ

288 3419 704 3491 βρεχομένων,ἢ
741 3421 1062 3490 τηκομένων
1095 3422 1128 3491 ἢ
1165 3420 1665 3491 θυμιαζομένωντδ.
1712 3420 1777 3471 Ἦ
1802 3420 1858 3472 δὲ

281 3513 468 3580 γεῦσις
503 3516 721 3583 κριτική
751 3516 925 3566 tim"
950 3514 1195 3581 γλυκέων
1219 3530 1279 3565 τε
1310 3514 1403 3567 καὶ
1432 3512 1646 3581 πικρῶν
1669 3511 1858 3581 χυμῶν

283 3604 377 3656 καὶ
413 3604 520 3656 τῶν
559 3605 763 3674 μεταξὺ
808 3605 1001 3657 πέντε’
1036 3604 1176 3657 ἑπτὰ
1227 3604 1335 3673 γάρ
1388 3604 1527 3656 εἰσιν
1579 3602 1631 3655 οι
1696 3602 1860 3671 χυμοὶ

284 3696 507 3758 πάντες,
558 3696 783 3762 γλυκὺς,
833 3695 1050 3765 πικρὸς,
1100 3695 1247 3758 ὀξὺς,
1303 3694 1523 3764 δριμὺς,
1566 3693 1857 3763 σομφδς⁷⁶.

284 3785 503 3847 ἁλυκὸς,
532 3787 820 3854 στρυφνός.
857 3787 923 3840 Ἦ
952 3786 1008 3839 δὲ
1044 3787 1155 3855 ἁφὴ
1183 3785 1443 3839 πλειόνων
1474 3786 1591 3838 ἐστι
1613 3783 1857 3855 κριτική,

284 3871 397 3928 οἷον
439 3876 651 3946 βαρέων
680 3879 773 3929 καὶ
790 3878 833 3909 ⁷⁷
862 3876 1082 3945 κούφων
1128 3877 1221 3929 καὶ
1244 3876 1353 3929 τῶν
1386 3874 1611 3946 μεταξὺ,
1642 3875 1861 3944 θερμῶν

287 3984 345 4020 τε
374 3967 470 4019 καὶ
497 3965 723 4037 ψυχρῶν
754 3968 848 4021 καὶ
880 3968 989 4021 τῶν
1015 3968 1240 4037 μεταξὺ,
1261 3966 1569 4037 τραχέων⁷³
1583 3968 1678 4019 καὶ
1701 3966 1861 4019 λείων

292 4060 384 4109 καὶ
414 4056 524 4109 τῶν
560 4056 763 4125 μεταξὺ
782 4058 849 4119 τ’,
882 4058 1064 4129 ξηρῶν
1091 4060 1184 4111 καὶ
1215 4057 1400 4127 ὑγρῶν
1427 4059 1523 4111 καὶ
1552 4059 1663 4110 τῶν
1694 4064 1862 4128 μετα-

291 4147 374 4209 ξύ.
410 4148 520 4199 Καὶ
553 4148 607 4200 αί
646 4146 743 4215 μὲν
774 4144 821 4198 δ’
853 4147 1137 4215 αίσθήσεις
1168 4146 1225 4197 ἐν
1254 4146 1373 4198 τε⁸⁰
1405 4148 1471 4216 τῇ
1503 4147 1715 4215 κεφαλῇ
1758 4149 1863 4198 εἰσι

289 4239 387 4290 καὶ
435 4235 697 4301 ίδιάζουσι
744 4237 1207 4307 περικλεῖοντῖαιειι
1251 4236 1539 4305 όργάνοις’
1582 4238 1618 4305 ή
1659 4236 1718 4289 δὲ
1752 4235 1864 4305 ἁφὴ

293 4330 385 4380 καὶ
413 4328 501 4381 διὰ
531 4329 632 4397 τῆς
658 4331 909 4398 κεφαλῆς
938 4330 1034 4381 καὶ⁵
1061 4329 1128 4380 δι’
1152 4329 1277 4381 ὅλου
1296 4329 1341 4360 ⁸⁸
1369 4327 1465 4380 τοῦ
1489 4328 1743 4398 σώματος
1776 4344 1867 4381 κε-

292 4417 531 4487 χώρηκε,
579 4418 673 4471 καὶ
700 4418 815 4471 ἐστι
861 4417 1015 4487 κοινή
1058 4417 1241 4487 πάσης
1279 4416 1609 4487 αἰσθήσεως,
1662 4417 1863 4488 μᾶλλον

288 4510 346 4562 δὲ
396 4511 537 4563 κατά
595 4511 695 4571 τὰς
749 4512 936 4580 χεῖρας
988 4509 1282 4581 δηλοτιραν
1297 4509 1343 4541 ⁸³
1400 4510 1699 4579 παρέχεται
1765 4510 1863 4579 τὴν
1898 4539 1940 4593 ο

294 4600 495 4667 κρίσιν.

363 4690 487 4741 Ὅτι
524 4688 730 4743 δώδεκα
763 4689 942 4756 τάξεις
984 4692 1147 4761 φησιν
1188 4687 1328 4744 εἶναι
1362 4692 1418 4743 ὲν
1448 4691 1525 4760 τῷ
1570 4690 1866 4761 οὐρανῷθδ,

294 4779 520 4851 πρώτην
562 4784 655 4836 καὶ
702 4783 957 4847 ἐξωτάτω
972 4785 1020 4817 ⁸⁸
1047 4784 1145 4853 τὴν
1179 4784 1393 4853 ἀπλανῆ
1436 4785 1693 4854 σφαῖραν,
1744 4786 1800 4835 ὲν

294 4874 443 4925 ἐστιν
471 4874 499 4925 ὅ
525 4891 584 4926 τε
613 4874 830 4943 πρῶτος
860 4875 993 4938 Θεὸς
1020 4876 1115 4928 καὶ
1141 4877 1188 4927 ot
1221 4877 1401 4945 νοητοὶ
1432 4876 1566 4939 θεοὶ,
1593 4877 1671 4938 ὡς
1708 4875 1860 4945 Ἀρι-

295 4965 533 5017 στοτέλει
561 4966 728 5026 δοκεῖ,
764 4967 905 5019 κατά
935 4966 991 5019 δὲ
1023 4966 1280 5019 Πλάτωνα
1321 4967 1376 5017 αἱ
1410 4964 1544 5018 ίδέαι
1568 4981 1581 4995 ο
1618 4966 1758 5036 μετὰ
1800 4964 1856 5016 δὲ

2030 2782 2195 2839 Juxta
2225 2784 2565 2857 Pythagorae,
2608 2787 2870 2852 Platonis,
2902 2798 2955 2843 et
2979 2790 3281 2844 Aristotelis
3306 2790 3516 2860 opinio-

1959 2890 2099 2939 nem,
2147 2877 2429 2933 duodecim
2479 2880 2748 2936 coloribus
2781 2880 2975 2952 539i;
3032 2883 3221 2936 oculus
3283 2882 3514 2950 judicat,

1958 2965 2023 3015 de
2058 2965 2203 3029 albo,
2242 2975 2297 3020 et
2338 2967 2511 3037 nigro,
2548 2978 2602 3021 et
2630 2968 2698 3022 de
2732 2971 2944 3024 czeteris
2984 2969 3309 3035 interiectis,
3356 2968 3514 3027 ﬂavo.

1961 3054 2132 3120 fusco,
2182 3058 2400 3125 pallido,
2440 3060 2622 3123 rubro,
2677 3060 2927 3127 caruleo,
2976 3075 3274 3130 purpureo,
3329 3062 3513 3119 rutilo.

1958 3158 2011 3202 et
2043 3151 2202 3206 luteo.
2246 3151 2322 3207 De
2371 3164 2526 3207 acuta
2559 3164 2613 3209 et
2644 3154 2794 3223 gravi
2822 3168 2955 3209 voce
2988 3153 3250 3223 judicium
3289 3153 3392 3208 fert
3425 3168 3518 3207 au-

1959 3244 2052 3297 ris.
2088 3242 2356 3298 Odoratus
2383 3246 2554 3300 bonos
2587 3257 2641 3300 et
2666 3247 2835 3301 malos
2854 3246 3020 3302 sentit
3048 3246 3267 3311 odores,
3304 3257 3358 3301 et
3385 3248 3520 3300 alios

1958 3334 2221 3401 putridos,
2281 3335 2554 3399 bumidos,
2621 3337 2870 3406 liquidos,
2950 3345 3262 3408 vaporatos.
3328 3337 3518 3393 Guslui

1960 3422 2134 3476 dulcia
2182 3425 2400 3493 sapiunt
2450 3436 2505 3480 et
2543 3442 2755 3490 amara,
2806 3437 2860 3481 et
2904 3427 3007 3481 alia
3053 3427 3293 3497 quinque
3319 3428 3516 3483 media.

1959 3510 2014 3565 In
2047 3513 2359 3568 universum
2406 3526 2583 3570 autem
2625 3527 2828 3586 septem
2883 3525 3007 3570 sunt
3036 3530 3276 3585 sapores,
3326 3515 3521 3580 dulcis,

1962 3615 2199 3667 amarus,
2257 3616 2437 3672 asper,
2499 3604 2707 3669 acidus,
2764 3604 2941 3657 mollis
2995 3603 3191 3669 salsus,
3250 3612 3525 3658 austeras.

1962 3692 2327 3749 Plurimorum
2370 3710 2568 3750 censor
2595 3706 2679 3751 est
2710 3706 2905 3751 tactus.
2949 3695 3145 3767 Tangit
3170 3696 3311 3750 enim
3341 3694 3526 3765 gravia

1962 3796 2017 3840 et
2039 3786 2202 3851 levia,
2237 3795 2291 3841 et
2316 3803 2438 3857 qua:
2469 3791 2610 3843 inter
2648 3789 2760 3843 ham
2791 3798 2956 3852 sunt;
2990 3789 3159 3842 calida
3199 3789 3323 3841 item
3351 3796 3403 3839 et
3432 3785 3528 3838 fri-

1962 3878 2105 3945 gida,
2131 3886 2185 3933 et
2218 3893 2340 3947 quae
2365 3878 2721 3945 iuterjacent;
2768 3880 2899 3933 dura
2932 3890 2988 3933 et
3018 3880 3219 3940 mollia,
3257 3887 3310 3932 et
3338 3878 3526 3930 horum

1966 3968 2173 4035 media;
2214 3971 2379 4034 sicca,
2428 3980 2484 4025 et
2523 3971 2765 4037 humida,
2808 3981 2862 4025 et
2899 3986 3018 4040 quae
3049 3970 3338 4024 intersunt.
3388 3969 3532 4022 Reli-

1964 4061 2055 4128 qui
2105 4062 2322 4129 quidem
2368 4070 2602 4130 quatuor
2645 4074 2836 4115 sensus
2881 4062 2931 4113 itt
2981 4060 3097 4114 solo
3124 4061 3302 4128 capite
3338 4060 3531 4114 statio-

1966 4168 2086 4207 nem
2120 4152 2339 4217 habent,
2380 4160 2435 4205 et
2480 4151 2697 4220 propria
2754 4163 3023 4220 occupant
3051 4166 3277 4222 organa.
3304 4150 3410 4205 Sed
3438 4164 3534 4217 per

1966 4252 2149 4312 caput,
2200 4252 2254 4296 et
2300 4250 2470 4297 totum
2524 4256 2727 4311 corpus
2788 4242 2997 4295 habitat
3050 4250 3250 4306 tactus,
3304 4240 3533 4309 aliisque

1967 4335 2220 4390 sensibus
2247 4333 2553 4388 communis
2579 4341 2663 4387 est
2690 4349 2705 4384 :
2755 4333 2809 4387 in
2835 4332 3082 4387 manibus
3106 4340 3282 4386 autent
3310 4346 3535 4400 praeser-

1969 4431 2063 4485 tim
2104 4428 2187 4481 vis
2218 4425 2363 4479 illius
2390 4423 2611 4479 emicat.

2040 4694 2308 4747 Asserunt
2351 4692 2573 4760 insuper
2609 4688 2889 4744 duodecim
2932 4687 3095 4743 orbes
3128 4688 3180 4740 in
3230 4686 3366 4741 cmlo
3398 4700 3537 4747 esse,

1965 4792 2019 4838 et
2051 4783 2286 4853 primum
2324 4782 2539 4849 quidem
2566 4793 2622 4836 et
2655 4780 3077 4835 remotissimum
3108 4778 3532 4835 ﬁrmamentum.

1966 4875 2057 4929 ubi
2094 4884 2148 4929 et
2182 4888 2428 4927 summus
2471 4872 2627 4933 Deus,
2661 4871 2950 4938 ceterique
2998 4867 3353 4937 intelligentia
3402 4882 3541 4936 pra--

1965 4965 2063 5019 diti
2104 4966 2197 5029 dii,
2236 4975 2298 5018 ut
2339 4973 2492 5018 vocat
2534 4961 2869 5025 Aristoteles,
2906 4969 2997 5013 aut
3024 4961 3323 5015 secundum
3349 4958 3533 5013 Plato-

1538 5114 1765 5171 VARUS
1816 5113 2221 5169 LECTIONES.

363 5225 571 5299 ’ζῶα-τε
604 5226 771 5299 μονάς
799 5240 917 5299 _o_m.
952 5227 1013 5299 Β,
1055 5226 1131 5299 _"°
1160 5241 1295 5299 φησι
1325 5227 1390 5282 Δ.
1438 5227 1940 5299 η⁷¹ίπαραμενείδην
1969 5227 2050 5281 A-
2110 5228 2154 5258 ⁷³
2183 5226 2405 5299 ὀρφνίου
2465 5225 2659 5299 Suitias
2687 5241 2737 5281 ν.
2784 5226 2962 5299 Ὄφις.

3067 5229 3114 5260 ⁷³
3148 5228 3211 5279 ὲκ
3240 5227 3281 5279 Β
3302 5236 3353 5281 et
3387 5240 3537 5281 corr,

291 5298 371 5368 A_:
401 5295 459 5368 ag
484 5312 542 5358 ς.
574 5294 683 5349 om.
707 5295 933 5368 _Suidas.
977 5297 1023 5327 7‘
1049 5294 1407 5368 θυμιωμένων
1432 5294 1652 5368 διιίιίειέἐ
1693 5294 1704 5299 ⁷
1733 5298 1776 5329 ⁷⁵
1795 5294 1911 5349 ἐστι
1943 5308 1996 5349 et
2025 5299 2073 5350 οἱ
2106 5308 2167 5368 et
2191 5294 2391 5368 πάντες
2423 5311 2533 5368 om.
2569 5294 2783 5349 Suiilas.
2820 5366 2828 5368 Α
2860 5294 2905 5327 ⁷⁸
2930 5295 3158 5368 σομφὺς]
3187 5297 3390 5366 στυφὺς
3415 5314 3549 5364 σομ-

292 5366 392 5430 eo;
418 5364 629 5436 Suidas.
706 5365 874 5436 ῖτίκαὶ
902 5377 1025 5419 ante
1054 5361 1269 5433 κοῦφων
1310 5368 1509 5436 sumpsi
1547 5381 1578 5420 a
1619 5366 1831 5429 Suida.,
1856 5369 1945 5435 qui
1976 5382 2083 5421 om.
2112 5361 2311 5436 οἷονίει
2343 5365 2561 5436 θερμῶν
2593 5382 2650 5417 τε
2677 5361 3025 5436 καὶᾼψυχρῶν
3048 5361 3158 5436 καῖ
3177 5368 3285 5419 τῶν
3301 5361 3542 5436 μεταξύ.

292 5436 337 5465 ’⁸
358 5450 462 5504 τρα
501 5434 605 5487 έων
634 5434 729 5486 καὶ
755 5435 804 5487 λ.
828 5436 923 5486 καὶ
952 5436 1058 5487 τῶν
1086 5453 1145 5505 μ.
1180 5452 1289 5489 om.
1317 5435 1380 5489 A.
1438 5434 1499 5468 "”
1527 5437 1623 5489 καὶ
1654 5436 1763 5488 τῶν

292 5452 513 5556 πεοικξ.
574 5501 790 5556 Suidas.
866 5504 911 5534 δ’
945 5505 1065 5556 ὅλου
1114 5520 1222 5556 om.
1276 5505 1490 5556 Suidas.
1568 5506 1613 5537 ⁸³
1644 5504 1763 5556 δηλε

292 5520 460 5555 πεοικ

300 5570 396 5625 καὶ
444 5570 668 5644 πρώτην
698 5590 758 5637 ς.
829 5573 874 5608 ⁸⁸
910 5574 1185 5644 ἐξωτάτην
1208 5592 1276 5638 ς.

576 5451 605 5482 ν
634 5434 729 5486 καὶ
755 5435 804 5487 λ.
828 5436 923 5486 καὶ
952 5436 1058 5487 τῶν
1086 5453 1145 5505 μ.
1180 5452 1289 5489 om.
1317 5435 1380 5489 A.
1438 5434 1499 5468 "”
1527 5437 1623 5489 καὶ
1654 5436 1763 5488 τῶν
1790 5434 1990 5506 μεταξὺ
2013 5452 2119 5491 om.
2155 5435 2373 5489 Suidas.
2409 5434 2417 5436 ⁷
2451 5438 2495 5467 ⁸⁸⁵
2528 5452 2586 5487 τε
2610 5451 2720 5487 (illi.
2769 5434 2983 5489 Suidas.
3066 5435 3110 5468 "
3144 5434 3388 5508 περικλ.]
3452 5438 3546 5488 καὶ

574 5501 790 5555 Suidas.
866 5504 911 5534 δ’
945 5505 1065 5555 ὅλου
1114 5520 1222 5555 om.
1276 5505 1490 5555 Snidas.
1568 5506 1613 5537 ⁸³
1644 5504 1938 5555 δηλοτέοαν
1969 5509 2009 5555 Α
2038 5526 2049 5555 :
2076 5505 2464 5555 ὲπιδηλοτέοαν
2492 5523 2550 5555 c.
2627 5505 2671 5534 "
2708 5506 2766 5555 ὲν
2800 5504 2876 5555 τῶ
2924 5505 3137 5555 οῦοανῶ
3196 5522 3364 5555 canam
3403 5501 3545 5555 εἶναι.

617 5504 790 5559 uidas.
831 5504 919 5577 __°'r
945 5505 1075 5577 ὅλου,
1114 5520 1222 5557 om.
1276 5505 1490 5560 Suidas.
1568 5506 1613 5537 "
1644 5504 1938 5577 δηλοτέραν
1969 5509 2009 5559 Α
2038 5526 2049 5560 :
2076 5505 2464 5575 ὲπιδηλοτέραν
2492 5523 2550 5569 ς.

2627 5505 2671 5534 ⁸⁸
2708 5506 2766 5556 ὲν
2800 5504 2876 5574 τῷ
2924 5505 3137 5576 οὐρανῷ
3196 5501 3545 5574 ᾠησινέἷναο.

1806 5668 2031 5724 NOTAE.

369 5784 481 5853 (10)
507 5786 587 5841 Ab
612 5787 868 5843 animatis
891 5798 943 5844 et
976 5787 1227 5842 fabiscur
1248 5786 1573 5855 abstineant,
1606 5786 1730 5843 vide
1757 5786 2108 5854 Porphyrium
2150 5796 2201 5842 et
2231 5786 2493 5855 Agellium
2524 5784 2617 5839 lib.
2650 5800 2723 5849 tv,
2756 5798 2871 5853 cap.
2904 5783 2983 5836 ii.
