4216 6430
673 381 809 448 1583

1818 384 2072 443 ΡΠΟΤΙΙ
2116 384 2617 449 PATRIARCIL‘E
2655 391 2763 452 (ΖΡ.

3773 396 3921 465 1586

669 515 819 560 nem.
870 498 1023 553 ideae.
1079 496 1280 552 Deinde
1345 506 1550 565 septem
1620 499 1848 566 planetae
1906 498 2287 568 sequunturJ

2334 500 2431 571 τήν
2476 505 2688 575 ἀπλανῆ
2739 506 2769 557 6
2812 506 2905 559 τοῦ
2943 508 3150 577 Κρόνου
3195 508 3455 561 τέτακται
3501 508 3675 579 ἀστὴρ
3708 513 3806 563 καὶ
3856 513 3913 563 οι

672 592 913 655 Saturni,
966 588 1141 653 lovis,
1177 588 1361 644 Martis
1408 586 1659 644 Veneris.
1703 589 1975 657 Mercurii,
2024 594 2155 648 solis
2182 603 2239 650 et

672 688 840 747 lunae;
875 692 993 751 post
1024 682 1265 749 planetas
1293 682 1450 749 ignis,
1482 697 1603 735 mox
1646 696 1760 745 aer,
1798 698 1957 752 quem
1989 687 2236 753 sequitur

672 791 833 844 aqua,
867 775 1118 828 omnibus
1152 772 1339 826 ultima
1384 774 1570 827 subest
1600 773 1778 827 tellus.
1816 775 2107 829 Duodecim
2143 791 2233 831 or-

670 867 816 921 bium
868 865 1263 919 firmamentum
1309 879 1469 918 causa
1515 873 1599 917 est
1640 866 1808 933 prima
1849 884 1861 919 :
1923 876 1975 920 et
2029 877 2237 935 quanto

670 959 919 1027 quodque
985 956 1057 1009 illi
1124 956 1373 1018 vicinius,
1450 965 1597 1008 tanto
1657 956 1823 1009 etiam
1877 956 2088 1014 firmius
2182 967 2241 1014 et

670 1049 865 1103 melius
904 1062 1023 1101 esse
1072 1047 1223 1100 aiunt
1277 1055 1330 1100 et
1389 1061 1508 1113 qua:
1566 1046 1774 1117 longius
1837 1045 2065 1111 absunt,
2130 1062 2236 1103 non

672 1142 744 1194 ita
779 1139 928 1192 firma
969 1148 1131 1203 sunt;
1186 1147 1241 1191 et
1288 1152 1456 1205 usque
1514 1138 1579 1191 ad
1610 1136 1789 1191 lunam
1824 1138 1911 1192 hic
1962 1139 2094 1192 ordo
2124 1154 2241 1192 aer-

671 1242 861 1294 vatur,
919 1231 1062 1285 infra
1129 1230 1312 1283 lunam
1399 1230 1641 1286 minime.
1713 1227 2025 1283 Necessaria
2111 1245 2241 1283 vero

669 1324 849 1376 munia
882 1322 1018 1374 mala
1060 1333 1201 1375 terra
1250 1323 1508 1383 sustinet,
1564 1320 2001 1388 quandoquidem
2063 1320 2239 1373 instar

670 1411 816 1465 fundi
870 1422 1040 1466 totum
1088 1411 1343 1465 nnnninm
1367 1409 1602 1463 sustinet
1634 1419 1689 1462 et
1721 1408 2118 1475 receptaculum
2144 1425 2238 1463 ne-

670 1502 964 1556 cessarium
989 1512 1072 1556 est
1100 1515 1285 1555 eorum
1311 1514 1430 1569 qua:
1457 1502 1507 1551 in
1546 1500 1653 1551 imo
1677 1498 2003 1553 subsistunt.
2046 1500 2112 1553 Et
2142 1502 2239 1555 has

680 1610 869 1647 omnes
912 1604 1094 1661 partes
1142 1591 1511 1661 providentia,
1566 1592 1831 1657 firmaque
1876 1590 2238 1655 ordinatione,

676 1698 730 1741 et
769 1685 946 1738 divina
980 1683 1209 1753 quadam
1263 1682 1585 1737 necessitate
1642 1682 1749 1734 Deo
1807 1682 2043 1749 propria,
2092 1683 2244 1736 ainnt

667 1776 978 1846 gubernari.
1016 1775 1119 1829 Sed
1151 1790 1269 1843 qua
1318 1774 1451 1825 intra
1508 1771 1685 1824 lunam
1731 1781 1962 1840 quatuor
2009 1777 2236 1829 causis:

669 1869 795 1930 Deo,
834 1867 963 1928 fato,
989 1876 1172 1920 nostro
1205 1864 1447 1930 consilio,
1490 1874 1539 1917 et
1588 1864 1819 1917 fortuna.
1851 1862 2009 1916 Verbi
2040 1867 2233 1934 gratia,

667 1976 855 2015 navem
913 1961 1079 2028 ipsam
1125 1958 1507 2020 causcendere,
1544 1965 1598 2010 et
1652 1971 1777 2016 non,
1814 1956 1865 2008 iu
1928 1968 2105 2008 nostra
2154 1968 2239 2012 εει

667 2058 962 2121 potestate;
1002 2058 1238 2117 tempore
1265 2061 1455 2102 sereno
1492 2048 1751 2115 procellas
1778 2058 1831 2100 et
1854 2045 2051 2117 me
2104 2058 2238 2102 tem-

668 2154 928 2211 peStatem
970 2142 1148 2195 subito
1176 2140 1328 2205 oriri,
1377 2138 1602 2193 fortuna:
1628 2148 1742 2203 est;
1776 2155 1962 2192 navem
2002 2153 2235 2195 mersam

667 2243 863 2305 praeter
921 2248 1069 2304 spem
1125 2231 1464 2295 conservari,
1519 2232 1699 2285 divina
1760 2230 1818 2282 fit
1872 2229 2232 2286 Providentia.

668 2326 847 2381 multis
870 2337 1048 2379 autem
1098 2334 1151 2379 et
1181 2324 1409 2378 diversis
1432 2324 1602 2377 modis
1631 2321 1830 2377 accidit
1862 2321 2054 2388 fatum,
2082 2332 2136 2376 et
2159 2324 2236 2377 sic

665 2415 843 2470 differt
874 2430 903 2468 a
941 2414 1152 2468 fortuna
1184 2432 1197 2468 :
1232 2413 1485 2482 Quoniam
1518 2412 1658 2467 serie
1698 2411 1929 2483 quadam
1964 2415 2233 2478 ordinate,

665 2520 718 2558 et
772 2515 1163 2573 consequenter
1221 2502 1297 2568 ﬁt,
1343 2519 1464 2557 cum
1519 2503 1731 2559 fortuna
1788 2514 1977 2573 suapte
2031 2504 2140 2569 fiat,
2181 2515 2237 2560 et

664 2608 822 2668 prout
844 2598 1137 2666 contingat.
1173 2593 1242 2649 Ut
1278 2610 1307 2649 e
1337 2608 1500 2663 puero
1534 2594 1905 2662 juvenescere,
1940 2603 1993 2647 et
2015 2595 2080 2647 ad
2113 2595 2234 2649 reli-

664 2706 794 2756 quas
850 2704 1018 2756 usque
1066 2696 1251 2740 mtates
1300 2685 1580 2740 commode
1626 2685 1939 2747 ascendere,
1987 2701 2091 2738 uno
2141 2685 2233 2741 fati

666 2786 822 2837 modo
843 2782 1056 2835 accidit.
1092 2779 1379 2840 Zodiacus,
1409 2786 1465 2830 ut
1487 2776 1683 2844 placuit
1706 2776 1981 2831 Aristoteli
2007 2777 2235 2845 diligen-

665 2887 745 2929 ter
784 2870 1147 2939 investigauti,
1194 2878 1411 2936 propter
1453 2868 1851 2937 generationem
1887 2882 2071 2921 eorum
2113 2885 2233 2936 quae

664 2968 713 3018 in
779 2976 919 3017 terra
980 2965 1045 3017 ad
1107 2962 1343 3014 universi
1398 2960 1849 3028 complementum
1916 2962 2232 3029 gignuntur,

660 3055 877 3123 oblique
904 3064 1167 3107 movetur.
1191 3049 1324 3105 Nam
1353 3051 1543 3119 aequali
1568 3052 1610 3104 si
1635 3051 1884 3105 distantia
1912 3062 2232 3117 verteretur,

2338 592 2536 663 ἑφεξῆς
2555 594 2827 664 πλάνητες
2841 594 2887 629 ⁸⁸
2903 597 2983 663 ιε.
3001 599 3030 651 6
3056 598 3150 651 τοῦ
3176 598 3298 661 Διός
3317 616 3481 669 φημι,
3510 600 3539 652 6
3565 600 3660 653 τοῦ
3690 602 3914 670 Ἄρεος,

2337 685 2365 735 6
2390 684 2488 752 τῆς
2528 686 2867 757 Ἀφροδίτης,
2900 691 2929 740 6
2961 687 3057 741 τοῦ
3096 688 3319 760 Ἑρμοῦ,
3355 692 3384 742 6
3416 688 3511 743 τοῦ
3543 689 3725 760 ήλίου,
3755 691 3785 742 6
3812 693 3919 758 τῆς

2342 774 2593 845 σελήνης,
2641 772 2759 829 εἶτα
2804 780 2836 847 ή
2864 777 2958 831 τοῦ
2991 779 3160 847 πυρὸς
3190 782 3395 849 σφαῖρα
3417 819 3433 845 ,
3469 780 3595 850 ἑξῆς
3623 782 3657 850 ή
3685 780 3782 833 τοῦ
3814 782 3915 834 ἀέ-

2342 882 2453 932 ρος,
2484 868 2602 934 μετ’
2630 869 2793 920 αὑτὸν
2816 871 2847 938 ή
2874 869 2968 922 τοῦ
3004 870 3215 933 ὓδατος.
3247 872 3423 939 Λοιπὴ
3446 874 3540 925 καὶ
3566 872 3660 924 ἐπὶ
3687 873 3854 925 πᾶσιν
3876 876 3911 939 ὴ

2340 958 2432 1023 γῆ.
2482 956 2703 1011 Δώδεκα
2753 956 2810 1010 δὲ
2856 958 3062 1023 τάξεων
3109 960 3286 1013 οὐσῶν
3338 963 3397 1014 έν
3450 964 3517 1031 τῇ
3576 962 3809 1014 άπλανεί
3852 962 3917 1013 τὸ

2340 1047 2558 1115 πρῶτον
2592 1049 2763 1101 αίτιόν
2812 1050 2927 1102 ἐστι
2948 1066 2961 1079 θ
3008 1048 3136 1121 [714
3164 1049 3257 1122 ιι]
3304 1051 3397 1103 καὶ
3424 1053 3454 1104 ὃ
3479 1068 3533 1103 τι
3567 1050 3635 1104 ἂν
3744 1051 3913 1117 ἐγγὺς

2340 1138 2504 1190 αὑτοῦ
2530 1178 2545 1201 ,
2575 1138 2730 1192 τοῦτό
2746 1140 2789 1170 ⁸⁷
2825 1158 2955 1207 φασι
2987 1142 3240 1210 τετάχθαι
3272 1141 3505 1210 βεϐαίως
3533 1142 3626 1194 καὶ
3650 1141 3911 1209 άρίστως,

2340 1236 2408 1287 τὰ
2437 1235 2495 1288 6's
2529 1234 2811 1305 πόρρωθεν
2840 1230 3003 1303 ἦττον
3022 1250 3037 1265 υ
3084 1234 3184 1301 τὴν
3215 1232 3271 1285 δὲ
3303 1231 3455 1294 τάξιν
3488 1231 3649 1300 μέχρι
3679 1229 3914 1298 σελήνης

2343 1325 2635 1387 σώζεσθαι,
2690 1324 2761 1377 τὰ
2804 1324 2861 1377 δὲ
2910 1324 3016 1377 ὑπὸ
3064 1322 3294 1393 σελήνην
3335 1323 3518 1375 οὐκέτι
3562 1321 3783 1390 ὁμοίως.
3823 1319 3916 1384 Ἐξ

2341 1416 2586 1483 ἀνάγκης
2614 1415 2671 1468 δέ
2707 1417 2823 1467 ἐστι
2853 1416 2945 1467 καὶ
2974 1416 3007 1484 ή
3041 1415 3207 1467 κακία
3235 1415 3317 1476 είς
3332 1413 3426 1466 τὸν
3456 1412 3588 1482 περὶ
3615 1412 3719 1479 γῆν
3747 1412 3917 1463 τόπον

2342 1507 2437 1561 ἆτε
2485 1507 2549 1577 δὴ
2604 1506 2872 1574 πυθμένος
2917 1505 3075 1572 λόγον
3123 1504 3425 1573 ἐπεχούσης
3486 1507 3584 1571 τῆς
3628 1502 3733 1571 γῆς
3776 1501 3918 1569 πρὸς

2344 1595 2519 1647 πάντα
2547 1597 2638 1647 τὸν
2666 1594 2889 1661 κόσμον,
2934 1594 3028 1646 καὶ
3068 1594 3204 1661 πρὸς
3246 1594 3514 1662 ὑποδοχὴν
3560 1591 3918 1657 ὑποστάθμης

2342 1684 2507 1753 οὔσης
2559 1685 2889 1753 ἐπιτηδείας.
2939 1685 3046 1736 Καὶ
3095 1684 3273 1736 πάντα
3335 1684 3433 1751 μὲν
3474 1683 3545 1735 τά
3582 1684 3715 1736 ἄλλα
3771 1681 3917 1751 μέρη

2344 1776 2484 1828 κατὰ
2509 1775 2606 1844 τὴν
2637 1775 2913 1844 πρόνοιαν,
2941 1776 3034 1827 καὶ
3064 1776 3160 1842 τὴν
3192 1774 3417 1842 βεϐαίαν
3440 1774 3615 1839 τάξιν,
3638 1772 3799 1844 [1517
3820 1770 3917 1841 IL]

2268 1827 2314 1885 B
2343 1869 2435 1920 καὶ
2473 1827 2574 1935 τὴν
2615 1827 2954 1937 εἱμαρμένην
2984 1866 3078 1919 τοῦ
3113 1827 3249 1919 ὸεὸῦ
3285 1827 3561 1935 ἑπομένη-ν
3598 1827 3752 1933 αῦτῷ
3782 1827 3917 1931 φασί

2337 1960 2676 2021 διοικεῖσθαι,
2724 1960 2791 2011 τὰ
2835 1958 2891 2011 δὲ
2929 1961 3068 2027 μετὰ
3111 1960 3209 2027 τὴν
3241 1958 3530 2027 σελήνην⁶⁸
3561 1957 3855 2026 τέσσαρσιν
3871 1957 3915 1984 ⁸³

2339 2051 2564 2114 αἰτίαις,
2591 2050 2735 2103 κατὰ
2758 2050 2912 2112 Θεὸν,
2938 2050 3060 2102 καθ’
3092 2050 3452 2120 εἱμαρμένην,
3479 2049 3619 2102 κατὰ
3650 2048 3917 2118 προαίρε-

2340 2162 2425 2197 σιν
2483 2144 2781 2214 ἡμετέραν,
2841 2144 2984 2195 κατὰ
3029 2142 3233 2211 τύχην·
3270 2137 3381 2194 οἷον
3426 2140 3487 2192 τὸ
3520 2140 3619 2208 μὲν
3648 2138 3916 2191 εἰσελθεῖν

2338 2238 2416 2299 είς
2460 2234 2620 2305 τὴν⁹⁶
2667 2233 2799 2288 ναῦν
2854 2235 2885 2303 ἢ
2939 2233 3015 2303 μὴ
3062 2232 3323 2284 εἰσελθεῖν
3370 2232 3612 2299 ἐφ’ήμῖν
3657 2231 3797 2293 ἐστι,
3853 2228 3915 2279 τὸ

2340 2328 2520 2399 μέντοι
2560 2328 2619 2380 έν
2662 2325 2817 2395 εὐδία
2860 2324 3107 2395 χειμῶνα
3144 2324 3239 2377 καὶ
3270 2324 3459 2391 ζάλην,
3490 2323 3749 2391 ἐξαίφνης
3789 2322 3916 2374 επι-

2336 2419 2644 2488 γενέσθαι⁹¹
2681 2418 2746 2471 ὲκ
2788 2417 2982 2485 τύχης,
3028 2416 3091 2469 τὸ
3124 2415 3309 2486 μέντοι
3365 2414 3771 2484 βαπτιζομένην
3812 2413 3914 2480 τὴν

2337 2509 2468 2562 ναῦν
2491 2508 2622 2580 παρ’
2649 2506 2839 2561 ἐλπίδα
2869 2506 3114 2576 σωθῆναι
3149 2506 3407 2573 προνοίας
3439 2504 3594 2557 Θεοῦ.
3628 2504 3741 2573 Τῆς
3767 2502 3810 2555 6‘
3838 2504 3915 2554 εἰ-

2342 2600 2626 2670 μαρμένης
2657 2597 2841 2651 πολλοί
2873 2599 2979 2650 εἰσι
3009 2597 3201 2667 τρόποι
3229 2598 3324 2649 καὶ
3356 2594 3636 2663 διαφοραὶ,
3661 2593 3912 2661 διαφέρει

2336 2691 2394 2743 δὲ
2438 2691 2537 2759 τῆς
2576 2689 2771 2759 τύχης,
2800 2690 2883 2742 ὅτι
2916 2690 2949 2758 ή
2982 2688 3082 2757 μὲν
3127 2686 3320 2757 εἱρμὸν
3360 2686 3472 2755 ἔχει
3504 2687 3598 2738 καὶ
3630 2684 3787 2750 τάξιν
3817 2685 3912 2736 καὶ

2340 2779 2701 2844 ἀκολουθίαν,
2756 2781 2790 2849 ή
2834 2779 2890 2832 δὶ
2937 2779 3075 2847 τύχη
3127 2778 3187 2830 τὸ
3233 2778 3540 2845 αὐτόματον
3587 2776 3682 2828 καὶ
3726 2775 3791 2827 τὸ
3836 2774 3912 2835 ὡς

2339 2875 2530 2943 ἔτυχεν
2550 2890 2566 2905 ο
2589 2869 2702 2925 οἷον
2725 2870 2785 2924 τὸ
2808 2871 2875 2924 ἑκ
2902 2870 3092 2928 παιδὸς
3112 2870 3157 2900 ⁹¹
3182 2871 3261 2930 είς
3299 2869 3584 2937 μειράκιον
3608 2866 3787 2919 ἐλθεῖν
3818 2866 3913 2919 καὶ

2336 2967 2434 3030 τὰς
2463 2964 2584 3017 καθ’
2612 2962 2737 3030 ἑξῆς
2769 2962 2984 3031 ήλικίας
3012 2961 3227 3021 οἰκείως
3243 2962 3289 2992 ⁸³
3320 2960 3571 3022 διελθεῖν,
3601 2956 3761 3010 τοῦτο
3794 2958 3912 3015 ἑνὸς

2337 3060 2541 3129 τρόπου
2590 3056 2691 3123 τῆς
2730 3055 3093 3124 εἱμαρμένης.
3126 3052 3251 3105 Ὅτι
3284 3052 3313 3103 6
3342 3050 3607 3115 ζωδιακὸς
3631 3049 3801 3115 λοξῶς
3826 3066 3913 3099 κι-

662 3161 825 3199 uuum
861 3159 1077 3213 semper
1105 3145 1229 3198 anni
1264 3141 1513 3211 idemque
1538 3152 1747 3209 tempus
1766 3153 1928 3205 esset,
1964 3144 2043 3197 vel
2072 3155 2287 3238 testa-1

2338 3156 2547 3215 νεῖται,
2596 3149 2670 3212 ὼς
2724 3149 2965 3217 ζητήσας
3013 3146 3194 3215 εὑρεῖν
3249 3144 3427 3208 ἔδοξεν
3494 3143 3913 3213 Ἀριστοτέλης,

663 3241 751 3303 Iis,
792 3238 875 3293 vel
924 3238 1138 3302 hiemis,
1189 3247 1282 3292 aut
1322 3236 1562 3306 cujn5vis
1613 3236 1853 3290 alterius.
1914 3235 2065 3290 Nunc
2108 3250 2234 3289 vero
2276 3235 2287 3238 ”

2333 3252 2522 3303 ἕνεκεν
2554 3243 2655 3312 τῆς
2684 3240 2950 3309 γενέσεως
2979 3239 3089 3291 τῶν
3117 3238 3248 3307 περὶ
3263 3236 3368 3305 γῆν
3399 3236 3580 3289 τόπων
3609 3235 3748 3303 πρὸς
3786 3237 3917 3286 ἀναο

660 3329 914 3398 quoniam
932 3330 1011 3384 sol
1046 3328 1244 3396 aliique
1276 3328 1502 3398 planetae
1526 3342 1557 3380 e
1581 3328 1737 3395 signo
1757 3329 1809 3381 iu
1848 3327 1990 3380 aliud
2021 3328 2232 3397 signum

663 3426 1029 3492 egrediuntur.
1053 3431 1284 3492 quatuor
1320 3420 1373 3473 in
1398 3435 1538 3472 anno
1573 3427 1921 3487 tempestates
1952 3428 2100 3483 sunt,
2128 3434 2235 3487 quo

666 3516 722 3566 Iit
749 3524 806 3567 ut
826 3520 1042 3582 propter
1060 3511 1199 3564 hanc
1215 3509 1267 3562 in
1290 3508 1392 3562 alia
1416 3508 1565 3577 signa
1587 3511 1935 3562 mutationem
1955 3519 2007 3561 et
2034 3508 2238 3565 fructus

665 3605 1004 3673 prowniant,
1043 3604 1270 3671 alimque
1299 3600 1609 3654 animalium
1648 3600 2020 3667 generationes
2048 3600 2235 3654 orian-

669 3709 775 3749 tur.
812 3695 902 3749 Sui
934 3694 1174 3762 quidem,
1211 3702 1269 3746 ut
1303 3692 1553 3761 privatim
1580 3691 1694 3760 ipse
1715 3699 1770 3744 et
1816 3704 1960 3752 vere,
1992 3700 2045 3743 ut
2089 3703 2236 3759 puto,

663 3788 855 3852 sensit,
885 3787 1091 3841 centies
1113 3783 1477 3854 magnitudine
1506 3792 1706 3836 terram
1737 3781 1967 3842 excedit,
1996 3783 2239 3847 quamvis

664 3880 751 3932 alii
799 3888 1003 3931 tantum
1045 3876 1227 3930 tricies
1261 3884 1531 3927 asseram.
1568 3872 1704 3925 Sunt
1735 3871 1825 3940 qui
1860 3886 2111 3941 magnum
2143 3888 2238 3926 an-

670 3989 792 4022 nnttt
842 3969 1058 4022 Saturni
1102 3966 1363 4021 ambitum
1397 3979 1517 4019 esse
1565 3965 1793 4017 doceant
1838 3981 1850 4016 :
1888 3964 2010 4030 quia
2057 3964 2237 4017 caueri

669 4072 759 4109 sex
792 4066 1035 4108 errantes
1061 4052 1291 4107 breviori
1326 4060 1567 4119 tempore
1603 4065 1822 4103 cursum
1869 4065 2024 4103 suum
2068 4051 2238 4101 couli-
2276 4082 2287 4107 ,

667 4149 837 4199 ciant.
873 4144 1141 4200 Saturnus
1166 4145 1311 4197 enim
1339 4142 1553 4210 triginta
1583 4140 1762 4200 annis,
1796 4136 2010 4207 Jupiter
2042 4140 2145 4190 duo
2172 4150 2241 4192 ἐ-

667 4240 793 4301 cim,
842 4236 1048 4291 duobus
1084 4234 1249 4299 Mars,
1296 4234 1372 4286 sol
1410 4246 1536 4289 uno.
1567 4240 1623 4283 ut
1650 4240 1704 4284 et
1736 4230 2032 4284 Mercurius
2054 4242 2105 4283 et
2135 4228 2241 4286 Ve-

668 4345 786 4393 nus,
817 4328 1079 4383 circulum
1107 4325 1359 4381 absolvit.
1404 4323 1471 4376 At
1522 4327 1645 4376 luna
1677 4324 1802 4390 quia
1836 4323 2018 4376 intima
2055 4335 2158 4390 est,
2189 4334 2242 4379 et

667 4421 945 4473 minimum
976 4419 1166 4471 sortita
1207 4415 1415 4476 orbem,
1469 4430 1576 4467 uno
1619 4429 1823 4469 mense.
1872 4413 2085 4467 Primus
2138 4414 2237 4484 Py-

2339 3341 2618 3411 πλήρωσιν
2677 3332 2770 3385 τοῦ
2822 3331 3041 3391 παντός.
3100 3328 3163 3381 Εἰ
3228 3329 3338 3399 γὰρ
3408 3325 3917 3396 καταπαραλλήλως

2338 3432 2588 3489 ἐκινεῖτο,
2618 3426 2705 3478 ἀεὶ
2743 3422 2809 3476 ἂν
2842 3423 2939 3491 μία
2968 3420 3086 3491 ὥρα
3114 3415 3184 3489 ἦν
3214 3420 3308 3472 τοῦ
3340 3418 3510 3482 ἔτους,
3541 3419 3661 3487 ἢτοι
3691 3417 3851 3486 θέρος
3883 3418 3917 3484 ἢ

2339 3517 2549 3590 χειμὼν
2578 3516 2611 3583 ἦ
2642 3513 2773 3582 άλλη
2805 3527 2912 3572 τις.
2946 3509 3060 3561 Νῦν
3083 3509 3141 3562 δὲ
3168 3511 3233 3560 εκ
3259 3506 3350 3559 τοῦ
3374 3508 3467 3559 τὸν
3496 3507 3645 3575 ήλιον
3670 3505 3769 3557 καὶ
3791 3506 3920 3565 τοὺς

2340 3613 2534 3673 ἄλλους
2556 3607 2833 3675 πλάνητας
2866 3602 3215 3672 μεταδαίνειν
3238 3601 3346 3653 άπὸ
3375 3600 3567 3664 ζωδίου
3601 3600 3695 3650 ἐπὶ
3725 3596 3921 3661 ζὼδιον

2342 3704 2585 3771 γίνονται
2619 3700 2675 3751 αἰ
2710 3692 3006 3765 μεταϐολαὶ
3033 3692 3140 3743 τῶν
3169 3691 3329 3761 ὼρῶν
3379 3691 3667 3759 τέσσαρες,
3715 3690 3812 3739 καὶ
3855 3692 3919 3740 ὲκ

2340 3794 2440 3861 τῆς
2489 3789 2697 3842 τούτων
2742 3786 2819 3847 εἰς
2863 3782 3126 3852 άλληλα⁹δ
3161 3780 3463 3850 μεταϐολῆς
3506 3780 3562 3833 οἱ
3606 3797 3665 3831 τε
3712 3780 3919 3846 καρποὶ

2341 3883 2567 3947 φύονται
2600 3877 2691 3929 καὶ
2717 3876 2773 3927 αἰ
2795 3876 2840 3905 ⁸⁸
2873 3872 3029 3926 άλλαι
3060 3870 3305 3938 γενέσεις
3334 3870 3440 3921 τῶν
3470 3868 3622 3933 {dum
3651 3870 3913 3934 γίνονται.

2343 3971 2464 4023 Ὅτι
2505 3971 2532 4021 6
2585 3968 2681 4035 μὲν
2707 3966 2880 4036 ἥλιος,
2910 3964 2986 4025 ὼς
3015 3956 3170 4024 οὗτος
3203 3961 3408 4014 οἰκείαν
3440 3963 3804 4026 ἀποφαίνεται
3828 3962 3918 4011 δό-

2344 4062 2459 4124 ξαν,
2492 4060 2559 4127 ἣν
2595 4058 2687 4109 καὶ
2710 4054 2881 4123 ἀληθῆ
2913 4054 3082 4120 λέγει,
3126 4050 3637 4105 ἑκατονταπλασίων
3664 4050 3782 4101 ἐστὶ
3814 4050 3919 4116 τῆς

2342 4153 2465 4218 γῆς.
2496 4150 2559 4201 Oi
2590 4149 2649 4200 δὲ
2678 4147 2863 4198 πολλοὶ
2892 4147 2990 4197 οὑκ
3020 4145 3278 4198 ἐλάττονα
3345 4139 3440 4195 τοῦ
3482 4141 3923 4209 τριακονταπλαι

2344 4240 2492 4291 σίονα
2518 4238 2688 4305 αὐτῆς
2720 4252 2909 4303 φασιν.
2938 4236 3061 4289 Ὅτι
3099 4234 3273 4303 μέγαν
3306 4232 3551 4284 ἐνιαυτὸν
3574 4233 3669 4283 καὶ
3699 4231 3801 4299 τὴν
3823 4232 3919 4283 τοῦ

2344 4330 2551 4399 Κρόνου
2599 4326 2844 4396 περίοδόν
2891 4342 3077 4393 φασιν,
3114 4324 3257 4375 ὃτι⁹⁶
3301 4322 3409 4373 τῶν
3440 4321 3644 4373 λοιπῶν
3692 4322 3752 4386 ξε
3784 4321 3922 4373 πλα-

2343 4421 2600 4489 νωμένων
2618 4420 2661 4451 "
2694 4420 2752 4471 ἐν
2780 4417 3024 4470 ἐλάττονι
3054 4416 3231 4485 χρόνῳ
3260 4408 3414 4477 οὗτος
3444 4416 3503 4466 έν
3529 4414 3576 4445 ⁸⁸
3621 4414 3921 4482 τριάκοντα.

669 4514 921 4578 tliagoras
950 4508 1147 4562 caelum
1180 4521 1300 4561 esse
1328 4506 1582 4558 mundum
1607 4505 1760 4568 dixit,
1786 4504 1910 4571 quia
1940 4504 2233 4570 perfectum
2273 4520 2287 4573 ι

2339 4508 2430 4560 τὸν
2461 4510 2660 4561 οἰκεῖον
2692 4508 2892 4576 δρόμον
2944 4505 3262 4576 ἀπαρτίζει.
3295 4506 3402 4557 Καὶ
3427 4505 3534 4574 γάρ
3549 4504 3595 4535 ⁹⁹
3626 4506 3655 4556 6
3693 4504 3792 4572 μὲν
3822 4503 3920 4555 τοῦ

666 4611 770 4660 est.
835 4599 1194 4665 omnibusque
1235 4596 1605 4648 animantibus
1646 4608 1708 4647 ac
1781 4592 1949 4659 signis
2004 4593 2239 4659 pulchris

2344 4600 2465 4660 Διὸς
2509 4600 2566 4649 ἐν
2612 4599 2676 4667 ιβ’
2704 4597 2847 4649 ἔτεσι
2890 4597 2983 4648 τὸν
3030 4596 3160 4649 ἴδιον
3205 4594 3544 4663 διαπεραίνει
3590 4593 3815 4656 κύκλον,
3859 4594 3921 4643 ὲν

666 4698 972 4749 decoratur.
1005 4690 1158 4744 Plato
1191 4697 1246 4743 et
1300 4686 1615 4740 Aristoteles
1659 4697 1765 4736 uno
1812 4697 2078 4736 consensu
2133 4683 2236 4734 im-

2341 4688 2459 4741 δυσὶ
2487 4688 2545 4740 δὲ
2572 4691 2599 4742 6
2628 4690 2821 4759 Ἄρης,
2851 4689 2879 4740 6
2903 4687 2960 4739 δὲ
2992 4686 3145 4756 ἥλιος
3183 4684 3417 4755 ένιαυτῷ
3437 4699 3453 4715 ·
3499 4684 3707 4753 Ἑρμῆς
3737 4683 3797 4735 δὲ
3826 4685 3921 4736 καὶ

670 4784 949 4838 mortalem
976 4783 1161 4836 dicunt
1196 4779 1457 4838 animum,
1491 4776 1738 4845 quamvis
1769 4773 1857 4826 alii
1883 4771 2045 4825 altam
2082 4787 2225 4826 meu-

2355 4779 2676 4849 ’Λφροδίτη¹
2732 4779 3037 4848 ίσοταχεῖς²
3069 4777 3149 4848 τῷ
3193 4777 3367 4845 ήλίῳ’
3412 4774 3613 4846 σελήνη
3659 4774 3718 4827 δὲ
3749 4791 3922 4844 προσ-

670 4891 775 4929 ιιοιιι
818 4872 1125 4928 Aristotelis
1176 4884 1282 4923 non
1332 4864 1723 4930 intelligentes,
1782 4862 2062 4915 mortalem
2117 4876 2237 4915 esse

2348 4871 2599 4941 γειοτάτη
2649 4871 2741 4923 καί¹
2787 4870 3067 4939 ἐλάχιστον
3115 4869 3315 4921 κύκλον
3346 4865 3638 4937 περιιοῦσα
3670 4866 3729 4917 ἂν
3761 4865 3917 4935 μηνί.

668 4968 903 5019 animant
924 4980 1044 5017 eum
1064 4962 1243 5016 dicere
1268 4958 1597 5010 existiment.
1631 4953 1837 5007 Dicitur
1866 4955 2024 5005 bomo
2048 4952 2240 5019 μικρὸ-

2350 4963 2476 5014 "On
2520 4961 2737 5031 πρῶτος
2772 4960 3097 5030 Πυθαγόρας
3121 4959 3212 5012 τὸν
3236 4958 3465 5028 οὐρανὸν
3505 4958 3711 5026 κόσμον
3739 4973 3917 5027 προσ-

668 5072 871 5126 κοσμος
903 5056 977 5122 (id
1011 5062 1094 5108 est
1137 5051 1320 5105 mundi
1364 5046 1768 5113 cmnpendinm)
1804 5058 1905 5094 non
1945 5042 2068 5109 quia
2107 5058 2238 5111 qua-

2346 5053 2611 5121 ηγόρευσε
2655 5052 2743 5104 διὰ
2791 5052 2853 5103 τὸ
2884 5052 3088 5104 τέλειον
3138 5045 3277 5103 εἶναι
3321 5054 3415 5103 καὶ
3458 5051 3593 5101 πᾶσι
3642 5052 3921 5116 κεκοσμῆ-

670 5159 790 5201 ιιιοι·
844 5154 902 5197 ut
953 5143 1159 5211 reliqua
1210 5138 1462 5193 animalia
1520 5136 1679 5188 t'tisttn
1747 5134 1965 5185 minima
2029 5140 2238 5185 constet

2348 5143 2508 5194 σθαι³
2552 5146 2663 5205 τοῖς
2717 5160 2775 5195 τε
2825 5143 2985 5207 ζώοις
3031 5145 3124 5196 καὶ
3170 5144 3320 5205 τοῖςδ
3369 5142 3574 5205 καλοῖς.
3609 5141 3731 5193 Ὅτι
3782 5143 3920 5192 καί⁸

666 5237 990 5291 elementis:
1028 5246 1212 5288 verum
1245 5232 1368 5299 quia
1403 5241 1589 5281 nnuies
1624 5225 1807 5278 mutuli
1856 5224 2077 5280 virtutes
2115 5241 2244 5279 con-

2349 5234 2593 5299 ΙΙλάτων,
2644 5234 2799 5304 φησὶ,
2848 5236 2940 5288 καὶ
2978 5234 3354 5304 Ἀριστοτέλης
3400 5233 3672 5288 ἀθάνατον
3713 5234 3919 5303 ὁμοίως

1950 5361 2178 5417 VARI/lt]
2223 5365 2622 5422 LECTIONES.

734 5466 780 5496 ⁸⁵
808 5462 1074 5531 πλανῆται
1110 5477 1169 5526 ς.
1248 5456 1481 5531 ’[τούτυ
1511 5455 1569 5508 Β.
1721 5454 1773 5505 δὲ
1802 5463 1915 5531 post
1948 5454 2331 5531 «inponite.
2353 5527 2365 5531 Α
2404 5459 2450 5490 ⁸⁹
2470 5461 2771 5531 τέσσαρσιν
2814 5462 2881 5516 Α.
2906 5476 3028 5516 cum
3055 5460 3225 5515 Suida
3254 5476 3303 5514 v.
3334 5460 3754 5531 Εἰμαρμένητὰ
3791 5478 3807 5514 :
3834 5462 3893 5513 τέ

666 5551 859 5602 ταρσιν
887 5548 947 5594 ς.
972 5524 1176 5602 Suidas
1208 5526 1349 5602 v.63
1374 5526 1575 5602 legisse
1611 5524 1821 5602 videtur
1844 5525 2167 5602 διακεῖσθαι.
2244 5528 2289 5559 ⁸⁸
2321 5527 2399 5602 εἰς
2430 5528 2527 5602 τὴν
2557 5533 2596 5582 Λ
2625 5524 2678 5584 et
2708 5532 2903 5587 Snidas
2938 5550 2949 5584 :
2984 5533 3147 5583 αὑτὸν
3190 5549 3247 5595 ς.
3325 5534 3367 5562 ⁹¹
3400 5524 3739 5597 ἐπιγίνεσθαι
3776 5536 3919 5581 κατὰ

665 5593 837 5671 τύχην
897 5593 1113 5653 Suidas.
1136 5669 1170 5671 γ’
1204 5599 1263 5671 γ⁹²
1290 5593 1703 5671 ⁵ὲκῂτοίιὶτιαιδὸς
1736 5610 1817 5671 ς..
1890 5593 2182 5671 “ueneﬁci;
2214 5614 2319 5671 nui.
2353 5598 2411 5671 ll.
2486 5593 2549 5629 ’⁸³
2584 5604 2661 5662 εἰς
2692 5600 2894 5671 ἄλληλα
2926 5616 3032 5671 (nn.
3080 5605 3139 5653 Α.
3178 5593 3916 5671 utiquelegasig6116141;-

668 5672 713 5704 ’⁸⁵
738 5663 802 5726 ’ἀῖ
834 5671 957 5724 add.
990 5672 1054 5722 Δ.
1128 5669 1173 5699 ⁹⁶
1198 5666 1305 5740 ᾇτιί
1328 5666 1421 5740 ’ᾡς
1533 5678 1759 5740 ωιτη-ι’.
1794 5663 1854 5740 A.
2010 5665 2358 5740 πλανωμένου
2388 5670 2443 5719 ὲν
2476 5670 2679 5721 πλείονι
2715 5671 2770 5722 Β.
2812 5663 2822 5671 ’
2855 5673 2899 5703 ’⁸
2926 5663 3077 5732 οὗτος
3110 5670 3189 5740 ἐν]
3231 5663 3420 5739 ἐν’γὰρ
3448 5663 3517 5723 λ.
3598 5670 3641 5699 ⁹⁹
3674 5663 3919 5735 καὶ’γάρ

670 5744 789 5827 add.
934 5744 973 5864 A‘
1027 5732 1338 5806 Ἀφροδίτη]
1367 5738 1447 5786 ὅτι
1471 5736 1531 5786 Α.
1604 5735 1621 5761 ²
1649 5733 1894 5799 ἰσοταχὴς
1930 5732 1984 5782 Β.
2050 5733 2069 5762 ³
2100 5732 2604 5807 γιτακεκοτμῆσοαι
2644 5742 2701 5793 lt.
2780 5743 2797 5769 ⁸
2828 5745 2932 5804 τοῖς
2958 5754 3082 5792 ante
3112 5732 3295 5801 καλοῖς
3324 5732 3435 5793 om.
3480 5741 3543 5793 Α.
3623 5739 3641 5769 ⁸
3674 5740 3766 5788 καὶ
3798 5732 3918 5803 post

670 5831 750 5865 οτι
784 5832 811 5864 a
854 5832 907 5864 t.
986 5849 998 5861 .

668 5831 750 5866 οτι
784 5831 907 5865 ιιιιιι.
934 5831 998 5864 Α.
