4216 6430
299 424 433 488 1585

1331 409 1852 472 BIBLIOTHECA.
1882 431 1947 441 —
1976 408 2137 467 COD.
2168 407 2459 469 CCXLIX.

3384 412 3523 479 1586

292 538 510 603 λέγουσι
540 535 639 604 τὴν
667 532 863 602 ψυχὴν,
900 531 1001 585 κᾶν
1031 547 1175 591 τινες
1222 528 1301 590 είς
1328 528 1419 581 τὸν
1455 525 1855 596 Ἀριστοτέλους

1961 524 2110 577 tinet.
2153 521 2289 577 Nam
2338 525 2548 579 suntin
2585 526 2783 582 mundo
2824 526 2920 594 dii,
2960 537 3193 599 quatuor
3225 531 3517 596 elementa.

291 633 416 681 νοῦν
446 629 544 681 οὐκ
577 620 1008 694 ἐμὸιίθύνοναιιες⁸
1056 620 1256 691 θνητὴν
1299 617 1503 687 αύτὴντ
1544 614 1856 686 νομίζουσιν

292 719 453 771 αὑτὸν
483 716 680 782 λέγειν.
718 715 838 765 Ὅτι
868 714 896 763 ό
924 711 1205 779 ἄνθρωπος
1238 708 1432 777 μικρὸς
1464 706 1666 776 κόσμος
1699 706 1855 773 λέγι-

291 826 381 861 ται
418 808 517 875 οὐχ
556 805 671 858 ὄτι⁸
706 805 770 856 ἐκ
799 803 907 853 τῶν
946 801 1221 869 τεσσάρων
1257 796 1535 866 στοιχείων
1578 796 1856 863 σύγκειται

295 898 473 967 (τοῦτο
496 896 604 964 γάρ
628 894 721 946 καὶ
752 894 982 946 ἕκαστον
1009 890 1117 942 τῶν
1151 888 1303 951 ζώων
1347 889 1440 939 καὶ
1475 886 1616 939 τῶν⁹
1647 885 1858 938 εὐτελε-

296 989 550 1052 στάτων),
580 984 693 1038 ἀλλ’
717 984 799 1035 ὅτι
828 981 954 1054 [715
994 979 1082 1051 IL]
1119 980 1298 1041 πάσας
1331 978 1445 1047 ἔχει
1470 978 1569 1040 τὰς
1617 976 1713 1030 τοῦ
1762 976 1857 1029 κό-

298 1094 435 1145 σμου
466 1074 720 1142 δυνάμεις
783 1073 871 1124 Ἐν
915 1072 1021 1140 γὰρ
1066 1070 1142 1135 τῷ
1188 1068 1377 1136 κόσμῳ
1408 1067 1513 1119 είσὶ
1563 1066 1708 1129 θεοὶ,
1744 1065 1859 1118 ἐστι

297 1169 389 1219 καὶ
412 1166 480 1219 τά
513 1165 753 1234 τέσσαρα
798 1166 1057 1232 στοιχεῖα,
1088 1162 1201 1213 ἐστι
1232 1161 1325 1212 καὶ
1350 1160 1417 1211 τὰ
1439 1160 1484 1190 ¹⁰
1527 1158 1695 1226 ἄλογα
1724 1158 1856 1222 ζῶα,

297 1260 413 1309 ἐστι
447 1258 541 1309 καὶ
570 1257 711 1323 φυτά
732 1270 746 1285 ·
789 1254 965 1313 πάσας
993 1252 1047 1303 δὲ
1074 1252 1279 1313 ταύτας
1308 1250 1405 1311 τάς
1448 1249 1703 1318 δυνάμεις
1747 1249 1859 1317 ἔχει

298 1349 327 1398 ό
354 1347 663 1416 ἄνθρωπος.
694 1343 844 1412 Ἔχει
874 1344 980 1410 γὰρ
1019 1342 1169 1394 Θείαν
1202 1341 1298 1411 μέν
1322 1340 1547 1409 δύναμιν
1581 1339 1677 1409 τὴν
1716 1338 1861 1405 λογι-

300 1436 423 1504 κὴν,
457 1434 569 1503 ἔχει
598 1432 694 1500 τὴν
722 1432 830 1483 τῶν
869 1431 1145 1498 στοιχείων
1173 1429 1356 1496 φύσιν,
1378 1429 1475 1497 τὴν
1500 1422 1797 1498 θρεπτικὴν
1816 1427 1857 1458 ¹¹

301 1529 392 1579 καὶ
419 1526 717 1593 αὐξητικὴν
740 1525 830 1576 καὶ
859 1522 951 1575 τοῦ
976 1523 1159 1592 ὁμοίου
1184 1522 1528 1590 γεννητικήν.
1547 1521 1633 1573 Ἐν
1657 1521 1861 1590 ἑκάστῃ

382 1612 587 1666 τούτων
618 1612 880 1675 λείπεται,
916 1614 1007 1663 καὶ
1051 1610 1239 1680 ὥσπερ
1288 1612 1317 1661 ό
1358 1610 1653 1671 πένταθλος
1684 1611 1862 1672 πάσας

301 1708 438 1773 ἔχων
466 1705 564 1765 τὰς
608 1704 863 1771 δυνάμεις
895 1704 1002 1754 τῶν
1033 1701 1360 1771 ἀθλημάτων
1379 1702 1421 1733 “
1448 1702 1507 1754 ἐν
1532 1702 1735 1771 ἑκάστῃ
1765 1702 1862 1771 ἦτ-

300 1814 407 1845 των
435 1794 550 1845 ἐστὶ
575 1792 668 1845 τοῦ
713 1793 771 1845 ἐν
803 1809 855 1844 τι
901 1792 1342 1861 ἐπιτηδεύοντος,
1374 1791 1515 1843 οὕτω
1557 1793 1649 1843 καὶ
1699 1792 1726 1842 ό
1769 1791 1859 1842 ἀν-

301 1886 515 1953 Θρωπος
562 1884 740 1944 πάσας
773 1883 911 1952 ἔχων
946 1883 1043 1945 τὰς
1066 1881 1322 1951 δυνάμεις
1355 1883 1412 1933 ἐν
1443 1882 1644 1949 ἑκάστῃ
1678 1880 1857 1931 λείπε-

299 1994 409 2028 ται.
443 1966 708 2028 1Ἧττον¹³
736 1975 834 2043 μὲν
872 1975 980 2043 γὰρ
1009 1973 1200 2042 ἔχομεν
1243 1972 1341 2042 τὴν
1383 1972 1606 2041 λογικὴν
1634 1972 1861 2039 δύναμιν

302 2070 443 2136 ἢπερ
473 2069 521 2119 οί
550 2066 680 2130 θεοὶ,
731 2067 824 2117 καὶ
850 2067 917 2117 τά
945 2065 1052 2116 τῶν
1080 2064 1356 2133 στοιχείων
1404 2063 1602 2131 ὁμοίως
1633 2058 1793 2133 ἦττον
1828 2064 1859 2132 ἢ

301 2162 500 2220 ἐκεῖνα,
532 2159 625 2210 καὶ
652 2159 743 2209 τὸν
765 2157 934 2225 θυμὸν
962 2157 1055 2208 καὶ
1086 2155 1379 2224 ἐπιθυμίαν
1412 2154 1725 2223 ἐνδεέστερα
1756 2154 1862 2206 τῶν

301 2251 356 2298 ἐν
383 2249 492 2308 τοῖς
523 2245 759 2311 ἀλόγοις,
810 2246 902 2297 καὶ
944 2244 1041 2313 τὴν
1089 2243 1387 2313 θρεπτικὴν
1435 2245 1528 2294 καὶ
1560 2243 1861 2312 αὐξητικὴν

299 2338 527 2405 δύναμιν
548 2335 945 2404 ἐλαττουμένας
978 2334 1085 2387 τῶν
1129 2335 1185 2387 ἐν
1210 2337 1321 2396 τοῖς
1354 2337 1558 2401 φυτοῖς.
1606 2334 1767 2384 Ὅθεν
1798 2336 1860 2385 ἐκ

303 2430 559 2479 ποικίλων
590 2426 867 2494 δυνάμεων
898 2425 1228 2486 συνεστῶτες
1260 2424 1593 2493 δύσχρηστον
1623 2424 1713 2475 τὸν
1748 2422 1860 2492 βίον

301 2521 517 2588 ἔχομεν.
550 2518 818 2569 Ἔκαστον
848 2516 956 2587 γάρ
986 2515 1095 2567 τῶν
1127 2515 1301 2567 ἄλλων
1348 2515 1451 2566 ὑπὸ
1485 2516 1614 2584 μιᾶς
1650 2515 1861 2583 φύσεως

302 2612 623 2673 οίακίζεται,
674 2610 833 2676 ἡμεῖς
879 2608 935 2659 δὲ
983 2608 1084 2659 ὑπὸ
1127 2607 1233 2658 τῶν
1276 2607 1545 2674 διαφόρων
1581 2607 1861 2674 δυνάμεων

306 2699 569 2770 ιε520;ιι.]
595 2697 995 2765 ἀντισπώμεθα,
1026 2690 1135 2747 οἷον
1159 2696 1285 2746 ποτέ
1321 2695 1417 2763 μὲν
1450 2696 1552 2745 ὑπὸ
1581 2696 1673 2747 τοῦ
1702 2696 1860 2747 Θείου

303 2791 615 2858 ἀναγόμεθα
648 2790 737 2839 ἐπὶ
767 2790 833 2840 τά
855 2788 896 2816 *⁵
917 2787 1170 2858 κρείττω,
1202 2786 1328 2838 ποτέ
1358 2786 1411 2837 δὲ
1442 2785 1534 2837 τοῦ
1564 2786 1860 2855 θηριώδους

302 2880 762 2949 ἐπικρατήσαντος
814 2878 905 2929 ἐπὶ
938 2878 1005 2928 τὰ
1040 2878 1234 2944 χείρω·
1288 2877 1488 2943 ὁμοίιος
1538 2877 1595 2929 δέ
1631 2878 1725 2929 καὶ
1771 2880 1861 2930 ἐπὶ

302 2968 409 3019 τῶν
437 2966 607 3017 ἄλλων
632 2966 933 3033 δυνάμεων.
976 2964 1100 3016 Ἐὰν
1126 2960 1218 3016 οὖν
1249 2982 1330 3025 τις
1370 2965 1679 3035 θεραπεύσῃ
1710 2966 1772 3017 τὸ
1805 2968 1863 3019 ἐν

304 3063 433 3128 ἡμῖν
464 3059 637 3120 Θεῖον,
670 3057 855 3127 ὥσπερ
896 3057 1107 3125 ἡνίοχον
1137 3058 1479 3125 ἐγρηγορότα
1512 3058 1602 3107 καὶ
1636 3058 1861 3126 ἐπιστή-

1956 613 2133 679 bruta,
2159 616 2376 682 plantae.
2419 613 2527 669 Has
2554 629 2740 671 omnes
2770 618 3036 685 potentias
3075 621 3311 689 possidet
3339 621 3523 688 homo,

1954 705 2114 760 habet
2139 708 2397 761 rationem
2430 723 2525 776 pro
2560 708 2736 761 divina
2763 712 2981 777 virtute,
3010 711 3172 766 habet
3203 728 3303 782 pro
3334 727 3526 770 natura

1954 795 2339 852 elementorum
2364 799 2607 852 movendi
2632 800 2759 867 vim,
2777 799 2941 872 uo
2959 803 2987 854 ὁ
3014 805 3313 867 crescendi.
3335 806 3553 874 suique,

1957 887 2186 941 similem
2220 888 2615 957 productricem
2653 907 2668 944 :
2698 891 2923 957 singulis
2954 893 3037 948 his
3064 893 3288 949 inferior
3314 906 3417 949 est.
3448 897 3526 949 Ac

1957 978 2405 1046 quemadmodum
2449 981 2756 1045 pentathlns
2785 997 2971 1036 omnes
3026 984 3231 1039 habens
3270 985 3522 1049 virtutes,

1960 1070 2013 1120 In
2045 1067 2268 1129 singulis
2303 1078 2481 1122 tamen
2520 1070 2693 1122 minor
2722 1079 2805 1124 est
2844 1084 2928 1133 eo,
2963 1072 3056 1140 qui
3096 1088 3262 1126 unum
3299 1073 3514 1139 aliquod

1960 1167 2232 1210 certamen
2264 1156 2425 1209 callet
2455 1174 2467 1209 :
2495 1157 2565 1209 ita
2598 1167 2649 1209 et
2682 1157 2841 1212 homo
2883 1175 3071 1214 omnes
3104 1161 3307 1215 habens
3352 1163 3526 1214 virtu-

1962 1254 2062 1312 tes,
2100 1248 2151 1300 in
2176 1248 2399 1315 singulis
2443 1248 2710 1317 sigillatim
2742 1260 3045 1317 superatur.
3090 1250 3345 1304 Minorem
3379 1254 3523 1305 enim

1962 1337 2184 1390 rationis
2218 1352 2368 1391 usum
2404 1339 2659 1393 habemus
2686 1356 2842 1407 quam
2878 1340 2976 1409 ipsi
3024 1341 3120 1404 dii,
3151 1352 3206 1395 et
3254 1343 3429 1396 minus
3458 1344 3528 1398 de

1960 1427 2240 1481 elementis
2262 1442 2419 1495 quam
2451 1429 2558 1494 ipsa
2590 1429 2873 1483 elementa.
2907 1429 3183 1498 Cupiditas
3214 1441 3267 1484 et
3305 1432 3525 1485 iracun-

1962 1519 2045 1570 dia
2096 1526 2275 1570 nostra
2329 1520 2501 1571 minor
2553 1534 2711 1585 quam
2764 1520 3142 1572 brutoruin:a
3194 1521 3393 1588 plantis
3419 1538 3521 1573 nn-

1966 1609 2158 1662 triendi
2197 1619 2251 1661 et
2277 1608 2619 1663 accresceudi
2651 1610 2909 1676 qualitate
2938 1612 3225 1663 vincimur.
3255 1610 3433 1676 Quare
3467 1620 3525 1663 ut

1961 1716 1990 1754 e
2016 1702 2178 1755 variis
2213 1701 2490 1767 compositi
2528 1700 2709 1762 rebus,
2741 1702 2899 1753 vitam
2941 1714 3061 1769 quae
3091 1717 3230 1768 aegre
3265 1704 3527 1765 traducu-

1966 1802 2052 1845 tur
2095 1792 2372 1846 habemus.
2434 1792 2550 1844 Alia
2612 1792 2754 1843 enim
2811 1794 2990 1844 omnia
3046 1792 3113 1845 ab
3162 1807 3263 1844 una
3316 1802 3523 1845 tantum

1965 1892 2152 1935 natura
2187 1893 2463 1951 reguntur,
2496 1896 2592 1935 nos
2628 1896 2751 1935 vero
2784 1883 3026 1935 homines
3062 1884 3225 1935 variis
3252 1883 3525 1949 qualitati-

1962 1973 2105 2025 tibus
2128 1972 2496 2036 distraliimur,
2537 1980 2614 2034 ut,
2644 1987 2787 2024 nunc
2819 1986 2845 2022 a
2886 1973 2983 2024 deo
3014 1972 3278 2024 trahimur
3308 1973 3373 2025 ad
3412 1988 3524 2024 me-

1964 2063 2116 2126 liora,
2154 2078 2293 2115 nunc
2342 2064 2587 2115 vincente
2618 2062 2663 2115 vi
2721 2061 2939 2115 animali
2973 2063 3039 2114 ad
3092 2062 3401 2127 deteriora;
3446 2064 3524 2115 sic

1960 2166 2013 2209 et
2046 2157 2096 2208 iu
2122 2157 2328 2209 caeteris
2363 2156 2636 2224 potentiis.
2675 2154 2731 2209 Si
2773 2156 2891 2222 quis
2932 2156 3092 2222 igitur
3125 2155 3351 2209 coluerit
3383 2156 3525 2224 quod

1962 2251 2013 2302 iu
2043 2248 2343 2314 uobisipsis
2372 2247 2607 2301 divinum
2637 2256 2738 2308 est,
2789 2247 2959 2299 instar
3003 2248 3201 2315 aurigze
3249 2246 3426 2313 vigilis
3461 2260 3525 2297 ac

1963 2342 2138 2410 periti,
2182 2342 2376 2409 poterit
2414 2338 2640 2407 singulis
2676 2339 2984 2402 virtutibus,
3033 2339 3406 2406 permistione,
3446 2339 3525 2391 in-

1961 2446 2143 2499 quam,
2172 2432 2578 2491 elementorum,
2616 2432 2715 2491 ira,
2756 2431 3071 2498 cupiditate,
3104 2430 3399 2497 habituque
3441 2444 3526 2481 ra-

1962 2522 2125 2575 tionis
2158 2534 2394 2589 esperte,
2428 2522 2599 2589 quoad
2646 2536 2740 2589 par
2780 2529 2857 2573 est
2897 2522 2992 2572 Illi.
3031 2520 3403 2572 llitlicillimum
3443 2529 3529 2573 es:

1962 2620 2196 2683 scipsum
2235 2632 2408 2679 nosse,
2446 2617 2689 2683 quamvis
2728 2613 2886 2667 lzicile
2928 2614 3208 2667 videatur:
3241 2615 3380 2682 quod
3427 2614 3528 2683 l’y-

1965 2707 2059 2759 thii
2088 2706 2346 2773 Apollinis
2375 2721 2494 2758 esse
2522 2706 2723 2765 dicunt,
2773 2703 2896 2757 licet
2932 2704 2995 2754 ad
3027 2702 3307 2756 Chilonem
3358 2717 3523 2755 unum

1962 2811 1993 2849 e
2017 2806 2218 2862 septem
2251 2794 2584 2863 sapientibus
2614 2794 2870 2846 referant.
2906 2791 3012 2845 Nos
3049 2800 3228 2845 autem
3258 2791 3524 2848 hortatur,

1965 2898 2023 2941 ut
2061 2890 2309 2955 quisque,
2350 2888 2477 2955 quid
2518 2886 2708 2953 possit,
2769 2893 3078 2951 cognoscat.
3126 2881 3229 2935 Sed
3272 2880 3400 2933 nihil
3444 2886 3527 2932 est

1965 2980 2127 3042 aliud,
2160 2996 2307 3032 nosse
2342 2995 2394 3030 se
2424 2979 2611 3044 ipsum,
2653 2992 2811 3044 quam
2849 2976 3010 3027 totius
3036 2974 3236 3026 mundi
3275 2982 3518 3025 naturam

1967 3084 2145 3128 nosse.
2178 3070 2315 3137 quod
2346 3070 2461 3121 sine
2487 3067 2817 3136 philosophia
2852 3066 2963 3119 ﬁeri
2998 3081 3100 3117 non
3137 3074 3329 3132 potesu,
3356 3064 3526 3130 quotl-

305 3168 442 3219 μονα
472 3152 809 3218 ἐπιστήσας,
846 3150 1131 3217 δυνήσεται
1180 3147 1385 3215 ἑκάστῃ
1421 3146 1528 3197 τῶν
1563 3147 1736 3200 ἄλλων
1776 3148 1858 3200 δυ-

1968 3175 2072 3229 que
2103 3161 2242 3211 Deus
2265 3175 2365 3211 nos
2400 3167 2599 3210 tnOnct.
2628 3158 2957 3223 Cognitionis
2988 3164 3110 3208 octo
3132 3163 3251 3207 sunt
3281 3168 3475 3217 organa
3508 3171 3520 3205 :

302 3244 517 3314 νάμεων
548 3242 627 3301 είς
670 3240 789 3292 δέον
816 3237 1141 3308 χρήσασθαι,
1172 3240 1236 3304 τῇ
1263 3253 1318 3287 τε
1347 3237 1539 3305 κράσει
1573 3239 1716 3306 φημὶ
1754 3238 1861 3289 τῶν

305 3332 581 3400 στοιχείων
604 3333 700 3382 καὶ
723 3329 801 3397 τῷ
824 3328 978 3399 θυμῷ
1008 3329 1102 3379 καὶ
1127 3330 1191 3396 τῇ
1227 3326 1492 3395 ἐπιθυμίᾳ
1526 3330 1617 3380 καὶ
1639 3331 1705 3397 τῇ
1738 3328 1860 3398 ὀρέ-

305 3424 403 3488 ξει.
447 3424 518 3475 Τὸ
564 3420 692 3489 γοῦν
722 3420 897 3490 γνῶθι
926 3422 1172 3481 σαυτὸν,
1221 3420 1408 3471 δοκοῦν
1455 3423 1651 3489 ῥᾷστον
1702 3416 1859 3483 εἶναι,

304 3514 519 3565 πάντων
546 3511 662 3563 ἐστὶ
693 3509 1107 3578 χαλεπώτατον·
1153 3509 1180 3560 ὃ
1229 3508 1319 3559 καί
1352 3526 1483 3576 φασι
1528 3510 1620 3560 τοῦ
1661 3509 1859 3562 Πυθίου

304 3600 441 3657 εἶναι
458 3602 806 3663 Ἀπόλλωνος,
832 3601 882 3651 εί
914 3601 1006 3669 καὶ
1033 3600 1111 3662 είς
1138 3600 1351 3653 Χίλωνα
1382 3601 1487 3651 τῶν
1513 3602 1651 3653 ἐπτά
1681 3601 1863 3669 σοφῶν

302 3697 396 3746 ἕνα
428 3694 488 3746 τὸ
528 3692 856 3758 ἀπόφθεγμα
901 3692 1251 3760 ἀναφέρουσι.
1318 3692 1579 3760 Παραινεῖ
1632 3693 1677 3744 δ’
1728 3696 1861 3759 ἡμῖν

301 3786 503 3851 γνῶναι
543 3783 641 3852 τὴν
684 3781 891 3835 ἑαυτῶν
918 3780 1165 3850 δύναμιν.
1202 3781 1272 3833 Τὸ
1300 3781 1357 3834 δὲ
1392 3780 1613 3849 γνῶναι
1645 3783 1862 3836 ἑαυτὸν

299 3877 451 3930 οὐδὲν
480 3876 607 3928 ἄλλο
635 3874 834 3942 ἐστὶνῆ
865 3874 961 3943 τὴν
981 3874 1022 3903 ⁸⁸
1053 3872 1145 3925 τοῦ
1175 3872 1487 3941 σύμπαντος
1515 3875 1719 3942 κόσμου
1753 3875 1855 3942 φύ-

303 3985 386 4020 σιν
412 3966 635 4035 γνῶναι.
665 3964 834 4015 Τοῦτο
864 3963 921 4016 δέ
950 3963 1206 4015 ἀδύνατον
1238 3962 1366 4015 ἄνευ
1399 3964 1491 4014 τοῦ
1525 3964 1854 4032 φιλοσοφεῖνο

297 4062 436 4127 ὅπερ
467 4060 600 4127 ἡμῖν
624 4058 651 4108 ὁ
674 4056 805 4118 Θεὸς
842 4057 1112 4123 παραινεῖ.
1146 4055 1267 4105 Ὅτι
1298 4052 1547 4121 γνώσεως
1581 4055 1725 4107 ὀκτώ
1759 4073 1862 4121 φα-

196 4148 197 4155 “
300 4171 383 4206 σιν
429 4154 653 4220 ὖργανα,
706 4149 980 4218 αἴσθησιν,
1032 4148 1346 4217 φαντασίαν,
1394 4148 1608 4216 τέχνην,
1678 4149 1858 4214 δόξαν.

299 4245 580 4313 φρόνησιν,
625 4243 957 4310 ἐπιστήμην,
1013 4241 1223 4308 σοφίαν,
1258 4239 1400 4291 νοῦν.
1446 4239 1661 4291 Τούτων
1707 4239 1862 4292 κοινά

300 4336 400 4401 μέν
428 4336 573 4385 ἐστιν
606 4335 739 4401 ἡμῖν
770 4333 906 4400 πρὸς
930 4332 998 4383 τὰ
1023 4330 1141 4383 θεῖα
1166 4332 1329 4398 τέχνη
1364 4329 1455 4381 καὶ
1476 4330 1741 4400 φρόνησις
1763 4330 1859 4384 καὶ

298 4423 572 4492 ἐπιστήμη
603 4423 694 4474 καὶ
723 4423 864 4485 νοῦς,
916 4422 1052 4491 πρὸς
1084 4420 1139 4473 δέ
1169 4422 1237 4473 τά
1269 4420 1436 4485 ἄλογα
1469 4420 1719 4489 αἴσθησις
1759 4422 1853 4475 καὶ

1964 3264 2177 3309 sensus,
2206 3248 2535 3316 imaginatio,
2567 3262 2676 3309 ars,
2705 3246 2908 3313 opinio,
2946 3246 3246 3313 prudentia,
3274 3244 3522 3301 scientia,

1966 3340 2247 3404 sapientia,
2304 3354 2472 3391 tuens.
2530 3339 2737 3397 Artem,
2794 3336 3155 3403 prudentiam,
3218 3334 3521 3399 scientiam,

1967 3437 2220 3490 mentem,
2255 3444 2591 3480 communem
2624 3444 2743 3480 cum
2778 3426 2876 3480 diis
2910 3425 3185 3479 habemus.
3220 3425 3443 3478 Sensum
3470 3437 3525 3475 et

1968 3520 2401 3585 imaginatimiem
2442 3534 2557 3569 cum
2612 3518 2815 3569 bestiis.
2871 3516 3033 3568 Nobis
3093 3525 3270 3567 autem
3320 3515 3523 3567 solum-

1967 3612 2124 3661 “IOlIO
2156 3609 2366 3675 propria
2389 3620 2466 3660 est
2495 3609 2695 3673 opinio.
2740 3606 2941 3659 Sensus
2976 3618 3058 3660 est
3092 3605 3252 3658 fallax
3290 3607 3524 3674 cognitio

1966 3716 2059 3768 per
2082 3716 2294 3764 corpus.
2327 3698 2641 3767 luiaginatio
2667 3708 2841 3750 motus
2865 3699 3079 3765 quidam
3111 3700 3162 3749 in
3196 3701 3393 3752 animo.
3420 3698 3522 3749 Ars

1964 3802 2046 3845 est
2072 3791 2281 3844 habitus
2310 3805 2430 3843 cum
2466 3789 2673 3841 ratione
2698 3789 2943 3842 laborans
2971 3806 2983 3851 ;
3010 3788 3228 3841 additur
3256 3789 3378 3851 hoc,
3402 3805 3523 3841 cum

1964 3882 2180 3941 ratione,
2213 3882 2335 3948 quia
2388 3880 2547 3933 etiam
2592 3894 2787 3933 aranea
2825 3891 3103 3948 operatur,
3158 3890 3522 3934 verumtamen

1962 3972 2080 4025 sine
2128 3973 2353 4024 ratione.
2396 3970 2683 4024 Prudentia
2724 3980 2805 4025 est
2850 3973 3084 4034 babitus,
3131 3973 3221 4039 qui
3274 3973 3323 4024 in
3366 3972 3525 4024 rebus

1965 4077 2110 4116 reete
2157 4064 2472 4131 peragendis
2520 4064 2848 4115 cootinetur.
2903 4061 3137 4115 Scientia
3190 4071 3271 4115 est
3312 4063 3524 4114 habitus

1960 4170 2145 4208 eorum
2174 4170 2291 4222 quae
2319 4170 2531 4221 semper
2560 4164 2614 4207 et
2646 4154 2896 4208 similiter
2928 4155 3113 4207 eadem
3146 4153 3377 4208 fuerunt.
3426 4151 3525 4205 Sa-

1959 4248 2157 4316 pientia
2193 4247 2538 4315 plurimarum
2588 4260 2875 4299 causarum
2923 4245 3180 4314 cognitio.
3224 4244 3371 4298 Mens
3425 4246 3525 4297 ini-

1963 4340 2096 4390 tium
2120 4348 2173 4388 et
2202 4338 2319 4391 fons
2345 4338 2520 4391 omnis
2551 4336 2696 4390 boui.
2729 4335 2862 4390 Tres
2905 4348 3029 4391 sunt
3066 4336 3356 4389 docilitatis
3404 4351 3527 4403 par-

1964 4437 2090 4480 tes:
2128 4426 2368 4491 solertia,
2433 4426 2683 4481 memoria
2741 4437 2795 4480 et
2865 4427 3063 4495 ingenii
3120 4428 3220 4483 vis.
3273 4426 3523 4478 Memoria

299 4514 602 4583 φαντασία’
630 4513 757 4565 ἴδιον
784 4513 839 4563 δέ
877 4511 1033 4581 ἡμῶν
1062 4512 1222 4581 μόνον
1245 4513 1279 4581 ὴ
1310 4510 1457 4576 δόξα.
1492 4513 1644 4565 Ιἰξὶστι
1679 4513 1736 4566 δέ
1769 4513 1854 4564 αῖ-

1958 4516 2154 4588 Μια
2200 4518 2430 4570 custodit
2461 4530 2522 4568 ea
2563 4531 2681 4584 qua:
2732 4516 3000 4582 quondam
3024 4516 3148 4588 quis
3193 4515 3397 4565 didicit.
3436 4510 3525 4564 Vs

300 4609 485 4674 σθησις
520 4607 618 4677 μέν
646 4604 845 4671 γνῶσις
869 4603 1068 4673 ψευδὴς
1090 4602 1178 4655 διὰ
1208 4602 1480 4669 σώματος,
1509 4605 1778 4670 φαντασία
1801 4604 1857 4657 δέ

298 4700 507 4764 κίνησις
528 4699 584 4748 ἐν
605 4697 751 4764 ψυχῇ
774 4735 789 4758 ,
831 4695 995 4762 τέχνη
1021 4693 1079 4745 δὲ
1104 4693 1217 4757 ἕξις
1246 4692 1504 4762 ποιητικὴ
1531 4693 1671 4761 μετά
1700 4694 1859 4761 λόγου

298 4792 380 4859 (τὸ
404 4790 459 4841 δέ
484 4788 632 4855 μετὰ
653 4789 837 4853 λόγου
857 4787 901 4815 ¹⁶
931 4786 1251 4853 πρόσκειται
1274 4826 1289 4849 ,
1323 4786 1403 4836 ὅτι
1435 4785 1525 4835 καὶ
1557 4786 1585 4836 ό
1613 4784 1859 4854 ἀράχνης

296 4883 461 4942 ποιεῖ,
495 4881 609 4933 ἀλλ’
640 4878 699 4930 ού
740 4878 876 4947 μετά
906 4876 1122 4947 λόγου),
1155 4876 1412 4946 φρόνησις
1439 4876 1495 4927 δέ
1521 4875 1632 4940 ἕξις
1665 4892 1857 4943 προαι-

298 4973 486 5042 ρετικὴ
516 4972 612 5041 τῆς
640 4972 700 5022 ἐν
728 4972 838 5032 τοῖς
868 4972 1132 5040 πρακτοῖς
1162 4969 1476 5039 ὀρθότητος,
1502 4969 1778 5035 ἐπιστήμη
1803 4967 1858 5018 δέ

293 5061 404 5125 ἕξις
448 5061 558 5114 τῶν
586 5061 673 5114 ἀεὶ
718 5061 859 5112 κατά
903 5061 969 5112 τὰ
1004 5062 1142 5113 αὐτὰ
1174 5062 1268 5113 καὶ
1310 5058 1570 5119 ὡσαύτως
1603 5058 1855 5125 ἐχόντων,

297 5154 458 5220 σοφία
510 5154 565 5204 δέ
610 5154 887 5222 ἐπιστήμη
934 5152 1044 5203 τῶν
1088 5152 1319 5221 πρώτων
1370 5150 1578 5210 αἰτίων,
1633 5148 1759 5211 νοῦς
1799 5147 1855 5199 δὲ

293 5244 435 5313 αρχη
463 5244 556 5295 καὶ
586 5242 735 5312 πηγὴ
781 5244 997 5295 πάντων
1026 5241 1135 5294 τῶν
1165 5240 1365 5295 καλῶν.
1398 5241 1519 5292 Ὅτι
1548 5240 1677 5308 τρία
1712 5240 1852 5308 μέρη

294 5337 577 5405 εύμαθίας.
611 5336 883 5405 ἀγχίνοια,
916 5338 1127 5404 μνήμη,
1161 5334 1596 5403 ὀξύτης.Μνήμη
1623 5333 1725 5401 μὲν
1758 5329 1850 5385 οὖν

1965 4610 2161 4678 ingenii
2187 4620 2269 4661 est
2300 4608 2624 4676 intelligendi
2651 4607 2925 4660 velocitas.
2965 4606 3195 4659 Solertia
3228 4614 3311 4657 est
3342 4619 3405 4657 ex
3438 4605 3524 4664 iis,

1961 4717 2081 4769 quae
2104 4701 2227 4768 quis
2258 4700 2467 4761 didicit,
2517 4714 2578 4751 ea
2620 4699 2943 4766 investigare
2992 4711 3111 4764 quae
3164 4710 3266 4748 non
3320 4695 3525 4747 didicit.

1963 4788 2088 4841 Tria
2136 4796 2260 4841 sunt
2293 4803 2413 4855 qua
2454 4786 2574 4839 caeli
2628 4786 2843 4839 nomine
2885 4786 3137 4839 dicuntur
3177 4802 3191 4838 :
3230 4783 3403 4852 primo
3436 4784 3529 4835 lir-

1963 4886 2329 4939 mamentum;
2366 4875 2605 4929 secundo
2634 4875 2885 4928 distantia
2916 4876 3002 4927 illa
3029 4888 3147 4942 quae
3180 4884 3263 4927 est
3283 4888 3312 4925 a
3346 4872 3529 4924 lirma-

1963 4977 2142 5021 inento
2192 4981 2361 5034 usque
2382 4966 2447 5019 ad
2496 4964 2707 5029 lunam;
2760 4967 2920 5018 tertio
2951 4966 3234 5019 universus
3273 4966 3522 5025 mundus,

1959 5060 2181 5122 malum,
2213 5060 2454 5129 inquam,
2501 5068 2557 5114 et
2587 5070 2747 5111 terra.
2792 5057 3004 5125 Optima
3043 5068 3097 5110 et
3135 5056 3367 5124 pessima
3402 5065 3528 5106 nata

1958 5163 2104 5213 sunt,
2145 5151 2339 5219 inquit,
2390 5152 2455 5204 ad
2498 5166 2710 5219 semper
2738 5143 3092 5217 operantium,
3137 5150 3275 5203 Deus
3316 5148 3531 5201 scilicet

1959 5250 2015 5295 et
2068 5242 2278 5309 plantze.
2324 5241 2464 5297 Deus
2510 5243 2675 5306 enim,
2714 5256 2769 5296 et
2801 5258 2919 5311 quae
2970 5243 3054 5294 illa
3107 5242 3346 5309 proxima
3379 5252 3526 5300 sum,

1960 5346 2139 5391 mente
2173 5347 2226 5391 et
2253 5337 2461 5390 ratione
2507 5351 2717 5405 semper
2760 5347 3091 5406 operantur;
3138 5337 3376 5403 itemque
3409 5350 3525 5403 ger-

1535 5520 1616 5573 VA
1631 5520 1761 5574 lihE
1803 5519 2198 5575 LECTIONES.

363 5657 383 5686 ⁸
411 5650 633 5724 ἐμϐαθ.]
654 5652 1003 5724 ἐμϐαίνοντες
1034 5656 1099 5709 Α.
1175 5657 1195 5687 ⁷
1224 5656 1391 5725 αὐτὴν
1422 5659 1546 5709 add.
1573 5660 1634 5709 A.

294 5730 312 5754 ν
341 5725 445 5776 τῶν
501 5725 623 5777 add.
657 5727 720 5777 Α.
800 5726 844 5755 ¹⁶
878 5726 945 5776 τὰ
968 5736 1090 5776 ante
1121 5725 1288 5790 ἄλογα
1315 5733 1458 5777 deest
1496 5729 1789 5780 Holsleuio.

1727 5659 1745 5687 "
1768 5659 1865 5728 οὐχ
1892 5659 1973 5712 ὅτι
2006 5660 2045 5713 Α
2086 5678 2097 5713 :
2127 5660 2226 5711 οὐκ
2262 5660 2370 5729 ἄρα

1872 5731 1908 5758 “
1945 5730 2241 5798 τρεπτικὴν
2266 5747 2323 5793 ς.

2420 5677 2479 5722 ς.
2520 5661 2687 5731 Ῠερυιί
2739 5660 3069 5715 Holstenium
3104 5664 3205 5715 οὐκ
3258 5662 3364 5731 ἄρα
3420 5660 3513 5713 ὅτι.

2406 5731 2447 5802 ξ’
2468 5730 2581 5802 τῶν
2609 5730 2934 5802 ἀθλημάτων
2967 5742 3087 5799 post
3119 5730 3524 5802 ἐπιτηδεύοντας

295 5796 440 5863 punit
472 5809 530 5856 ς’.
611 5793 651 5825 ³⁸
679 5794 824 5862 ἥττω
850 5811 906 5857 ς.
990 5796 1028 5824 ³⁵
1057 5794 1123 5847 τὰ
1167 5807 1219 5847 et
1254 5810 1371 5846 nios
1409 5796 1499 5846 ἐπὶ
1538 5798 1636 5848 add
1670 5800 1735 5848 Α.
1812 5798 1852 5829 ⁸³
1881 5793 1993 5867 τῆν’
2014 5813 2119 5850 om.
2150 5793 2210 5850 A.
2292 5801 2333 5831 ¹⁶
2371 5799 2431 5851 τὸ
2461 5799 2516 5853 δέ
2552 5801 2686 5868 μετά
2716 5793 2868 5852 λόγου
2920 5793 3027 5856 om.
3064 5802 3128 5857 Α.
