3980 6234
431 326 2429 341 “mm
2451 334 2910 342 ._____—_—-..~_—‘_.
2937 334 3282 343 .-___.--‘._.-_
3305 333 3530 344 ._.'__‘_>__._‘

2822 390 2829 397 .

655 778 1786 915 ΜΥΡΙΟΒΙΒΛΟΝ
1909 780 2033 908 Η
2127 773 3228 915 ΒΙΒΛΙΟΘΗΚΗ.

1308 1356 1316 1362 ,
1376 1228 1381 1233 ’
1615 1195 2279 1355 PHOTII

517 1487 1618 1616 MYRIOBIBLON
1760 1486 2126 1621 SIVE
2263 1484 3372 1615 BIBLIOTHECA.

1368 1890 1746 1954 NOBILISS.
1779 1894 1876 1955 ET
1916 1896 2260 1957 AMPLISS.
2298 1897 2510 1958 VIRIS

1111 2003 1432 2075 OUIRINO
1483 2005 2051 2081 RECHLINGERO,
2106 2008 2364 2068 MARCO
2414 2008 2781 2080 VELSERO,

978 2131 1356 2193 AUGUSTIE
1381 2133 1971 2197 VINDELICORUM
2014 2137 2450 2198 DUUMVIRIS
2479 2138 2912 2199 PRIEFECTIS

1371 2253 2085 2329 SEPTEMVIRUMQUE
2116 2256 2511 2350 CULLEGIQ,

853 2370 1180 2431 DOMINIS
1238 2371 1328 2431 AC
1393 2370 1774 2431 PATRONIS
1825 2372 2241 2433 PLURIMUM
2292 2372 2821 2434 OBSERVANDIS
2901 2374 2963 2434 8.
2997 2374 3062 2434 P.

384 2484 615 2540 Photius
665 2484 779 2548 ille,
815 2486 1059 2540 omnium
1090 2486 1423 2542 eruditorum
1454 2497 1598 2541 tanta
1627 2488 1823 2556 petitus
1854 2487 2075 2554 ambitu,
2105 2497 2256 2541 tanta
2279 2487 2441 2541 datus
2475 2486 2574 2558 (a),
2613 2488 2829 2541 tandem
2859 2502 2890 2542 e
2930 2488 3172 2542 tenebris
3211 2497 3398 2543 emtas
3443 2488 3577 2544 exit.

323 2574 433 2629 Etsi
463 2574 612 2628 enim
646 2587 713 2627 ea
745 2583 869 2628 sunt
903 2583 1091 2629 nostra
1140 2585 1406 2643 tempora,
1439 2576 1638 2645 quibus
1673 2591 1782 2630 non
1834 2576 2033 2643 injuria
2095 2573 2334 2639 dubites,
2371 2573 2563 2644 plusne
2608 2573 2877 2628 commodi
2912 2587 2979 2627 an
3018 2573 3344 2628 incommodi
3388 2589 3575 2646 respu-

320 2662 452 2715 blica
487 2661 760 2715 litteraria
792 2661 893 2715 sibi
926 2661 1123 2716 habeat
1148 2662 1433 2732 polliceri;
1465 2673 1753 2735 propterea
1788 2666 1930 2733 quod
1966 2661 2090 2716 alibi
2132 2660 2295 2725 bella,
2323 2660 2454 2715 alibi
2488 2660 2717 2715 eruditae
2751 2661 3010 2715 doctrina:
3041 2671 3385 2733 contemptus
3415 2672 3579 2732 atque

318 2752 527 2813 odium,
561 2747 778 2803 ruinam
812 2748 1049 2820 aliquam
1084 2750 1280 2805 minari
1313 2751 1608 2806 videantur
1629 2770 1647 2807 :
1684 2762 1864 2807 tamen
1892 2767 2015 2808 cum
2047 2749 2117 2805 ab
2145 2750 2304 2805 annis
2339 2749 2483 2804 haud
2521 2749 2595 2803 ita
2627 2748 2834 2814 multis,
2861 2760 3056 2820 praeter
3088 2750 3578 2820 exspectationem,

320 2837 554 2892 diversis
584 2852 616 2891 e
652 2837 812 2904 locis,
843 2846 898 2893 et
946 2840 1166 2907 quidem
1217 2839 1491 2894 nonnullis
1535 2855 1726 2910 parum
1773 2842 1982 2910 pacatis
2021 2848 2075 2893 et
2125 2836 2461 2907 tranquillis,
2506 2836 2837 2905 complures,
2873 2845 3014 2890 notae
3047 2835 3285 2905 optimae,
3334 2845 3577 2892 veterum

319 2934 610 2977 auctorum
641 2922 764 2978 libri
797 2923 852 2978 in
883 2923 1060 2978 lucent
1093 2926 1419 2994 prodierint,
1447 2935 1612 2993 atque
1641 2926 1807 2980 etiam
1834 2942 1977 2981 nunc
2009 2924 2252 2997 quotidie
2286 2922 2668 2997 proferantur;
2702 2925 2942 2979 animum
2974 2938 3316 2994 nequaquam
3345 2924 3578 2995 despon-

315 3011 560 3065 dcndum
598 3010 881 3065 duxerim.
915 3010 1115 3067 Verum
1152 3012 1203 3067 id
1238 3012 1459 3083 quidem
1495 3009 1600 3078 est,
1630 3014 1891 3070 steculum
1923 3014 2052 3070 illud
2083 3029 2332 3082 aureum,
2356 3012 2500 3084 quod
2520 3013 2694 3081 aiunt,
2726 3012 2892 3068 fuisse
2926 3012 3252 3084 ἡγεμονικόν
3277 3054 3293 3078 ,
3324 3013 3574 3080 alterum,

313 3097 553 3169 θυμικόν
578 3114 596 3130 ο
623 3099 821 3166 quibus
848 3111 908 3155 et
948 3101 1234 3172 sapientiae
1270 3110 1323 3156 et
1362 3101 1702 3159 fortitudinis
1738 3103 1897 3157 laude
1928 3103 2174 3158 homines
2207 3102 2260 3156 in
2293 3101 2485 3172 primis
2515 3099 2928 3155 excelluerunt:
2966 3104 3058 3156 sed
3089 3115 3264 3172 neque
3292 3100 3396 3157 hoc
3440 3113 3578 3158 tem—

316 3199 475 3254 pore,
520 3187 669 3254 quod
717 3185 1118 3257 ἐπιθυμητικὸν
1164 3188 1478 3259 indigitaut,
1530 3193 1833 3260 sapientum
1885 3207 1888 3214 '

2005 3204 2129 3244 rum
2173 3189 2443 3259 exempla,
2477 3188 2786 3257 virtuteque
2834 3187 3051 3243 heroica
3092 3189 3439 3258 praeditorum
3484 3190 3577 3246 de-

317 3285 439 3328 sunt
464 3292 478 3329 :
521 3274 776 3346 Ἀρχαῐαι
806 3276 852 3328 δ’
883 3277 1081 3347 ἀρεταὶ
1112 3275 1195 3348 (ut
1218 3276 1397 3349 Lyrici
1428 3278 1609 3342 verbis
1645 3277 1788 3351 utar)
1813 3279 1889 3349 ἀμ

2004 3294 2175 3342 ονται,
2210 3275 2614 3347 ἀλλασσόμεναι
2639 3276 2856 3344 γενεαῖς
2887 3273 3124 3347 ἀνδρῶν,
3164 3274 3371 3340 σθένος.
3403 3274 3576 3331 Nimi-

318 3377 432 3416 rum
472 3366 736 3419 ontnibus
780 3365 1002 3421 smcuiis
1043 3365 1211 3436 aliqui
1254 3366 1517 3421 divinitus
1557 3367 1888 3432 excitantur,
1927 3366 2021 3437 qui
2054 3364 2370 3435 disciplinas
2408 3362 2661 3418 liberales
2698 3371 3055 3433 propagatum
3095 3369 3247 3428 eunt,
3290 3377 3411 3431 qua:
3450 3364 3579 3419 solae

314 3466 488 3518 genus
528 3450 811 3504 hominum
858 3453 1068 3507 salvum
1116 3465 1281 3522 atque
1325 3454 1599 3510 incolume
1647 3465 1995 3510 conservant.
2030 3453 2149 3521 Quo
2193 3452 2491 3509 feliciorem
2532 3455 2671 3507 hanc
2704 3459 2918 3506 aetatem
2955 3461 3197 3505 nostram
3231 3451 3439 3521 judico,
3471 3468 3576 3523 qua

315 3553 436 3591 cum
468 3538 566 3591 alii
611 3539 911 3607 scriptores
941 3542 1147 3610 antiqui
1180 3541 1517 3610 revixerunt,
1552 3551 1663 3596 tttttt
1700 3543 1845 3597 inter
1869 3553 2099 3599 caeteros
2130 3543 2219 3598 ille
2255 3541 2371 3612 ipse
2396 3540 2582 3611 (quem
2619 3537 2753 3608 dixi)
2785 3538 2841 3592 in
2876 3540 3022 3591 omni
3063 3552 3264 3609 genere
3300 3539 3577 3596 doctrina-

318 3640 435 3677 rum
468 3625 965 3693 praestantissimus
994 3628 1232 3698 scriptor
1251 3628 1497 3683 Photius.
1527 3627 1625 3683 Cui
1660 3618 1719 3683 ut
1746 3643 1774 3682 a
1804 3630 2015 3684 lumine
2035 3643 2250 3691 nomen,
2286 3629 2359 3681 ita
2388 3626 2509 3681 luce
2540 3625 2725 3680 tandiu
2745 3624 3048 3681 carendum
3081 3623 3272 3692 fuisse,
3300 3626 3574 3696 demiror;

326 3712 570 3775 auctori,
614 3712 1167 3785 cujuselllyriobiblo
1207 3716 1463 3786 theologi,
1506 3717 1723 3781 medici,
1763 3716 2036 3782 historici,
2074 3724 2344 3782 oratores,
2391 3713 2648 3786 philologi
2687 3714 2926 3784 denique
2965 3713 3300 3770 uberrimum
3339 3704 3575 3770 fructum

315 3805 369 3851 t-t
390 3799 859 3868 iucundissimum
888 3817 1089 3872 capere
1119 3814 1368 3874 possunt.
1413 3804 1468 3861 Id
1501 3805 1643 3874 quod
1683 3805 1897 3876 eulogia
1938 3805 2158 3869 docent,
2195 3817 2317 3872 qua:
2354 3802 2480 3856 huic
2519 3800 2675 3871 operi
2720 3816 2867 3855 nunc
2895 3801 3132 3872 primum
3166 3818 3196 3856 a
3234 3802 3393 3859 nobis
3430 3804 3576 3859 edito

311 3888 680 3956 praponenda
723 3889 1065 3945 curavimus.
1106 3889 1242 3946 Nam
1290 3890 1543 3964 Eclogas,
1581 3909 1703 3948 cum
1745 3893 2017 3959 censuris,
2048 3905 2153 3944 non
2193 3904 2259 3944 ex
2303 3888 2369 3944 iis
2408 3888 2675 3943 duntaxat
2710 3887 2890 3953 libris,
2924 3888 3019 3957 qui
3063 3899 3186 3943 sunt
3227 3889 3279 3944 in
3326 3891 3576 3947 manibus

311 3970 429 4027 iere
456 3973 739 4040 omnium,
770 3973 1000 4032 Photius
1020 3979 1203 4033 attulit
1236 3997 1251 4034 :
1277 3981 1373 4036 sed
1404 3980 1565 4052 longe
1591 3981 1749 4052 plura
1790 3994 1857 4035 ex
1889 3980 2105 4035 illorum
2140 3979 2509 4034 monumentis
2537 3976 2994 4047 ἀποσπασμάτια,
3027 3978 3117 4046 qui
3157 3978 3239 4033 vel
3270 3988 3573 4049 temporum

315 4059 515 4128 injuria
551 4076 781 4130 prorsus
803 4065 1016 4132 amissi,
1044 4068 1131 4123 vel
1158 4071 1517 4139 quorumdam
1551 4069 1914 4141 βιωιπὰφων
1948 4065 2152 4121 invidia
2185 4065 2397 4120 nonnisi
2432 4063 2617 4119 blattis
2643 4064 2876 4135 expositi
2910 4072 3058 4119 sunt.
3085 4065 3277 4135 Neque
3303 4082 3368 4120 ex
3400 4066 3575 4122 sacris

314 4158 558 4214 tantum,
609 4153 704 4205 sed
748 4162 804 4206 et
839 4157 1046 4210 exteris
1090 4157 1477 4227 scriptoribus.
1525 4155 1660 4213 Tam
1706 4159 1851 4212 enim
1891 4156 2086 4211 horum
2134 4156 2359 4226 prodest
2406 4153 2588 4219 lectio,
2624 4151 2891 4223 judicium
2931 4153 2979 4208 si
3027 4153 3371 4220 adhibeatur,
3407 4170 3571 4226 quam

314 4235 480 4308 lloysi
536 4253 648 4291 non
702 4239 876 4296 obfuit
928 4241 1344 4313 Egyptiornm,
1407 4244 1614 4300 Danieli
1670 4244 2086 4309 Chaldaeorum,
2145 4241 2208 4299 Ι).
2257 4241 2427 4298 Paulo
2482 4240 2799 4297 Graecorum
2856 4239 3172 4310 disciplinas
3229 4242 3570 4312 cognovisse.

310 4321 582 4377 Israelilis
610 4324 849 4397 denique
880 4344 1010 4385 vasa
1039 4347 1106 4386 ex
1128 4329 1367 4403 Egypto
1396 4333 1448 4387 in
1478 4332 1823 4388 Palasliuam
1868 4345 2051 4387 secum
2094 4329 2458 4386 transtulisse.
2491 4327 2619 4383 ldco
2661 4342 2871 4383 summa
2913 4328 3004 4382 hic
3040 4327 3166 4393 lide,
3201 4329 3291 4398 qui
3331 4328 3573 4385 delectus

311 4411 521 4477 haberi,
561 4413 705 4467 unde
737 4415 857 4483 plus
900 4417 1147 4471 minusve
1178 4422 1490 4488 exspectari
1527 4419 1721 4490 possit,
1750 4418 1978 4479 Photius
2015 4419 2278 4473 ostendit.
2323 4416 2440 4473 Hoc
2482 4431 2619 4487 opus
2647 4415 2795 4471 varia
2826 4424 2883 4471 et
2919 4415 3203 4486 multiplici
3242 4426 3351 4471 tam
3390 4433 3568 4472 rerum

307 4512 471 4565 quam
506 4500 803 4556 verborum
832 4501 1095 4559 refertum
1124 4507 1483 4578 supellectile,
1511 4510 1612 4562 viri
1641 4506 1993 4573 nobilissimi,
2021 4522 2119 4563 cur
2146 4506 2211 4560 Α.
2248 4503 2313 4562 ν.
2349 4514 2729 4561 consecratum
2770 4504 2953 4570 velim,
2995 4505 3180 4559 multae
3216 4519 3392 4580 causa:
3420 4512 3567 4558 sunt.

307 4582 364 4637 in
390 4587 501 4643 hae
536 4589 684 4642 enim
720 4590 855 4645 urbe
889 4591 965 4645 illi
1004 4597 1238 4662 renasci,
1273 4596 1611 4651 cltaracleris
1656 4595 1926 4666 elegantia
1967 4592 2248 4660 exornari,
2270 4607 2303 4648 e
2336 4604 2515 4647 vestra
2550 4592 2750 4647 illustri
2787 4590 3123 4647 Bibliotheca
3162 4589 3382 4651 vulnera
3418 4606 3568 4661 qua:-

305 4673 430 4727 dam
462 4675 681 4743 satiari,
722 4680 1072 4737 accessiones
1118 4683 1351 4752 denique
1405 4683 1545 4750 ﬁeri,
1593 4682 1843 4753 contigit.
1892 4681 1949 4736 In
1997 4682 2103 4738 hac
2146 4695 2316 4737 musa
2348 4690 2403 4734 et
2437 4681 2628 4751 gratiae
2664 4678 2997 4733 domicilium
3039 4686 3211 4731 nacta
3247 4677 3567 4744 creduntur,

302 4762 452 4829 quod
485 4761 525 4815 ii
561 4763 931 4830 gubernacula
976 4768 1290 4839 reipublicae
1317 4779 1560 4838 teneant,
1586 4770 1678 4840 qui
1709 4772 1777 4826 ab
1813 4772 2039 4826 ineunte
2069 4780 2231 4825 attate
2258 4768 2457 4823 litteris
2485 4768 2738 4824 omnibus
2773 4763 2941 4820 dediti
2984 4763 3087 4820 hoc
3114 4779 3285 4834 genus
3321 4765 3565 4822 laborum

303 4859 358 4902 et
389 4851 659 4920 probant,
681 4859 738 4906 et
770 4869 865 4909 eos
899 4857 1158 4928 adjuvare
1189 4861 1450 4928 gestiunt,
1483 4862 1575 4929 qui
1616 4877 1835 4916 omnem
1872 4861 1927 4915 in
1969 4859 2158 4913 eodem
2198 4870 2422 4927 operam
2457 4864 2688 4924 ponunt.
2725 4853 2779 4906 ltt
2816 4856 2939 4918 hac,
2975 4863 3156 4909 vestro
3187 4856 3451 4924 auspicio,
3482 4871 3568 4911 re-

305 4937 563 4992 centibus
600 4939 777 5008 iisque
816 4945 1162 5011 pervenustis
1207 4948 1349 5018 typis
1387 4947 1490 5002 alia
1523 4958 1687 5018 atque
1716 4948 1820 5002 alia
1857 4949 2140 5016 utriusque
2170 4944 2367 5012 linguae
2394 4942 2729 5012 πονημάτια,
2761 4940 2911 4996 brevi
2952 4941 3211 5010 temporis
3244 4944 3438 5011 spatio,
3470 4956 3565 4998 ex-

303 5037 438 5080 cusa
488 5035 642 5081 sunt.
689 5029 745 5082 in
800 5030 902 5085 hac
950 5032 1190 5103 denique
1235 5050 1514 5107 nunquam
1562 5033 1852 5089 defuerunt.
1895 5035 2019 5101 viri,
2046 5048 2279 5104 quorum
2344 5032 2668 5086 auctoritate
2702 5029 2862 5084 codd.
2908 5046 3039 5086 mss.
3084 5038 3139 5085 et
3178 5028 3565 5100 impressorum

306 5112 612 5167 thesaurus
659 5130 952 5186 augeretur
997 5131 1164 5190 atque
1224 5130 1537 5177 ornaretur.
1586 5121 1734 5177 Inter
1774 5139 1912 5192 quos
1952 5122 2081 5177 huic
2119 5136 2334 5191 quoque
2367 5119 2634 5174 Pbotiano
2676 5118 2827 5188 operi
2867 5118 3045 5174 locum
3077 5117 3373 5175 decernere
3403 5120 3466 5174 Α.
3500 5118 3562 5175 ν.

306 5214 510 5271 meque
546 5206 873 5272 patrocinio,
900 5223 1011 5277 quo
1040 5209 1323 5275 hactenus,
1354 5206 1653 5266 clementer
1695 5211 1980 5278 complecti
2028 5221 2086 5264 ut
2125 5208 2405 5279 dignetur,
2442 5222 2541 5263 oro
2573 5208 2738 5263 etiam
2775 5210 2937 5276 atque
2966 5206 3150 5263 etiam.
3192 5204 3336 5262 Bene
3371 5208 3566 5276 valete,

306 5286 408 5342 viri
441 5291 800 5360 amplissimi,
833 5294 1046 5364 publice
1074 5305 1128 5350 et
1158 5298 1410 5366 privatim
1444 5298 1762 5363 incolumes,
1795 5312 1860 5351 ac
1888 5309 2153 5368 perpetuo
2184 5296 2463 5351 ﬂorentes.

667 5380 922 5451 Augusta:
963 5381 1119 5439 Vind.
1151 5400 1227 5440 xu
1268 5384 1394 5439 Kal.
1431 5386 1599 5455 April.
1642 5387 1778 5441 Ann.
1821 5384 2027 5441 MDC].

1448 5484 1509 5539 Α·
1567 5482 1623 5539 γ’
1669 5484 1735 5540 θ’
2080 5551 2315 5608 ωνη)
2357 5550 2900 5619 uosscrmuus,
2934 5553 3015 5606 Au

1722 5524 1735 5540 '
2080 5551 2315 5608 navm
2357 5550 2900 5619 uosscrmuus,
2934 5553 3294 5626 Augustanus.

382 5682 465 5752 (α)
505 5683 640 5737 Seu.
672 5680 816 5737 Med.
846 5684 973 5741 399.
1722 5724 1737 5732 -

642 5783 904 5848 Ρυνιω..
947 5788 1062 5846 Cm.
1102 5784 1266 5846 ειη.
1952 5838 1957 5841 ,

1952 5838 1957 5841 ,
3222 5790 3248 5848 1

1588 6014 1664 6069 α’)
1688 6024 1756 6075 r-r‘
1785 6014 2125 6115 tre’w‘g

1588 6073 1700 6115 ως
1732 6057 2033 6115 imi-QG

1586 6057 2033 6125 ώῧῦώῡ
