  <div class='ocr_page' id='page_1' title='image "/cluster/home/n/w/nwhite01/storage/ocr_20150623/103 pt.3/mdp.39015061933738/013.png"; bbox 0 0 3980 6234; ppageno 0'>
   <div class='ocr_carea' id='block_1_1' title="bbox 387 234 3648 339">
    <p class='ocr_par' dir='ltr' id='par_1_1' title="bbox 387 234 3648 339">
     <span class='ocr_line' id='line_1_1' title="bbox 387 234 3648 339; baseline -0.003 -27"><span class='ocrx_word' id='word_1_1' title='bbox 387 248 443 315; x_wconf 75' lang='lat' dir='ltr'><strong>li</strong></span> <span class='ocrx_word' id='word_1_2' title='bbox 1512 248 1609 307; x_wconf 86' lang='lat' dir='ltr'><strong>AD</strong></span> <span class='ocrx_word' id='word_1_3' title='bbox 1644 245 1907 306; x_wconf 78' lang='lat' dir='ltr'><strong>PHOTI-I</strong></span> <span class='ocrx_word' id='word_1_4' title='bbox 1947 243 2510 339; x_wconf 20' lang='lat' dir='ltr'><strong>BI‘BLIOTHECAM</strong></span> <span class='ocrx_word' id='word_1_5' title='bbox 3580 234 3648 301; x_wconf 83' lang='grc'>12</span> 
     </span>
    </p>
   </div>
   <div class='ocr_carea' id='block_1_2' title="bbox 976 475 3090 554">
    <p class='ocr_par' dir='ltr' id='par_1_2' title="bbox 976 475 3090 554">
     <span class='ocr_line' id='line_1_2' title="bbox 976 475 3090 554; baseline -0.004 -11"><span class='ocrx_word' id='word_1_6' title='bbox 976 481 1451 544; x_wconf 82' lang='lat' dir='ltr'><strong>NOBILISSIMO</strong></span> <span class='ocrx_word' id='word_1_7' title='bbox 1492 479 1755 540; x_wconf 83' lang='lat' dir='ltr'><strong>MARCO</strong></span> <span class='ocrx_word' id='word_1_8' title='bbox 1799 480 2162 554; x_wconf 80' lang='lat' dir='ltr'><strong>VELSERO,</strong></span> <span class='ocrx_word' id='word_1_9' title='bbox 2208 477 2548 539; x_wconf 61' lang='lat' dir='ltr'><strong>CAESARIS</strong></span> <span class='ocrx_word' id='word_1_10' title='bbox 2591 475 3090 548; x_wconf 75' lang='lat' dir='ltr'><strong>CONSILIARIO,</strong></span> 
     </span>
    </p>
   </div>
   <div class='ocr_carea' id='block_1_3' title="bbox 1295 618 2708 673">
    <p class='ocr_par' dir='ltr' id='par_1_3' title="bbox 1295 618 2708 673">
     <span class='ocr_line' id='line_1_3' title="bbox 1295 618 2708 673; baseline -0.003 -8"><span class='ocrx_word' id='word_1_11' title='bbox 1295 623 1552 666; x_wconf 82' lang='lat' dir='ltr'><strong>REIPUB.</strong></span> <span class='ocrx_word' id='word_1_12' title='bbox 1599 621 1991 666; x_wconf 71' lang='lat' dir='ltr'><strong>AUGUSTANE</strong></span> <span class='ocrx_word' id='word_1_13' title='bbox 2027 621 2315 664; x_wconf 82' lang='lat' dir='ltr'><strong>DUMVIRO</strong></span> <span class='ocrx_word' id='word_1_14' title='bbox 2346 618 2708 673; x_wconf 61' lang='lat' dir='ltr'><strong>PREFECTO,</strong></span> 
     </span>
    </p>
   </div>
   <div class='ocr_carea' id='block_1_4' title="bbox 1126 748 2900 800">
    <p class='ocr_par' dir='ltr' id='par_1_4' title="bbox 1126 748 2900 800">
     <span class='ocr_line' id='line_1_4' title="bbox 1126 748 2900 800; baseline -0.002 -9"><span class='ocrx_word' id='word_1_15' title='bbox 1126 754 1242 791; x_wconf 73' lang='lat' dir='ltr'><strong>ANB.</strong></span> <span class='ocrx_word' id='word_1_16' title='bbox 1285 751 1548 792; x_wconf 76' lang='lat' dir='ltr'><strong>SCHOTTUS</strong></span> <span class='ocrx_word' id='word_1_17' title='bbox 1586 752 1841 792; x_wconf 74' lang='lat' dir='ltr'><strong>ANTUERP.</strong></span> <span class='ocrx_word' id='word_1_18' title='bbox 1882 753 1949 791; x_wconf 79' lang='lat' dir='ltr'><strong>DE</strong></span> <span class='ocrx_word' id='word_1_19' title='bbox 1988 751 2275 791; x_wconf 73' lang='lat' dir='ltr'><strong>SOCIETATE</strong></span> <span class='ocrx_word' id='word_1_20' title='bbox 2313 751 2457 800; x_wconf 78' lang='lat' dir='ltr'><strong>JESU,</strong></span> <span class='ocrx_word' id='word_1_21' title='bbox 2498 751 2603 790; x_wconf 86' lang='lat' dir='ltr'><strong>LIB.</strong></span> <span class='ocrx_word' id='word_1_22' title='bbox 2645 750 2769 787; x_wconf 70' lang='grc' dir='ltr'><strong>ΗΕΒ.</strong></span> <span class='ocrx_word' id='word_1_23' title='bbox 2810 748 2900 787; x_wconf 79' lang='grc' dir='ltr'><strong>ω).</strong></span> 
     </span>
    </p>
   </div>
   <div class='ocr_carea' id='block_1_5' title="bbox 458 846 3652 924">
    <p class='ocr_par' dir='ltr' id='par_1_5' title="bbox 458 846 3652 924">
     <span class='ocr_line' id='line_1_5' title="bbox 458 846 3652 924; baseline -0.004 -14"><span class='ocrx_word' id='word_1_24' title='bbox 458 854 516 910; x_wconf 92' lang='lat' dir='ltr'><strong>Si</strong></span> <span class='ocrx_word' id='word_1_25' title='bbox 570 864 825 924; x_wconf 88' lang='lat' dir='ltr'><strong>magnum</strong></span> <span class='ocrx_word' id='word_1_26' title='bbox 879 850 1344 905; x_wconf 90' lang='lat' dir='ltr'><strong>illud-militantis</strong></span> <span class='ocrx_word' id='word_1_27' title='bbox 1387 852 1441 903; x_wconf 92' lang='lat' dir='ltr'><strong>in</strong></span> <span class='ocrx_word' id='word_1_28' title='bbox 1490 850 1656 904; x_wconf 88' lang='lat' dir='ltr'><strong>terris</strong></span> <span class='ocrx_word' id='word_1_29' title='bbox 1700 848 1963 904; x_wconf 78' lang='lat' dir='ltr'><strong>Ecclesiae</strong></span> <span class='ocrx_word' id='word_1_30' title='bbox 2012 848 2262 904; x_wconf 86' lang='lat' dir='ltr'><strong>columen</strong></span> <span class='ocrx_word' id='word_1_31' title='bbox 2320 846 2379 905; x_wconf 85' lang='grc' dir='ltr'><strong>Β.</strong></span> <span class='ocrx_word' id='word_1_32' title='bbox 2433 847 2817 920; x_wconf 80' lang='lat' dir='ltr'><strong>Hieronymum</strong></span> <span class='ocrx_word' id='word_1_33' title='bbox 2866 846 3241 919; x_wconf 89' lang='lat' dir='ltr'><strong>presbyterum</strong></span> <span class='ocrx_word' id='word_1_34' title='bbox 3300 861 3403 901; x_wconf 90' lang='lat' dir='ltr'><strong>non</strong></span> <span class='ocrx_word' id='word_1_35' title='bbox 3456 846 3652 917; x_wconf 90' lang='lat' dir='ltr'><strong>piguit,</strong></span> 
     </span>
    </p>
   </div>
   <div class='ocr_carea' id='block_1_6' title="bbox 387 932 3655 1011">
    <p class='ocr_par' dir='ltr' id='par_1_6' title="bbox 387 932 3655 1011">
     <span class='ocr_line' id='line_1_6' title="bbox 387 932 3655 1011; baseline -0.005 -9"><span class='ocrx_word' id='word_1_36' title='bbox 387 947 566 1002; x_wconf 76' lang='lat' dir='ltr'><strong>Marce</strong></span> <span class='ocrx_word' id='word_1_37' title='bbox 598 946 876 1008; x_wconf 83' lang='lat' dir='ltr'><strong>duumvir,</strong></span> <span class='ocrx_word' id='word_1_38' title='bbox 903 943 1207 1011; x_wconf 87' lang='lat' dir='ltr'><strong>catalogum</strong></span> <span class='ocrx_word' id='word_1_39' title='bbox 1241 942 1745 997; x_wconf 84' lang='lat' dir='ltr'><strong>ecclesiasticorum</strong></span> <span class='ocrx_word' id='word_1_40' title='bbox 1777 951 1964 995; x_wconf 79' lang='lat' dir='ltr'><strong>texere</strong></span> <span class='ocrx_word' id='word_1_41' title='bbox 1990 937 2348 1006; x_wconf 91' lang='lat' dir='ltr'><strong>scriptorum,</strong></span> <span class='ocrx_word' id='word_1_42' title='bbox 2379 951 2444 990; x_wconf 80' lang='lat' dir='ltr'><strong>ex</strong></span> <span class='ocrx_word' id='word_1_43' title='bbox 2483 936 2717 991; x_wconf 89' lang='lat' dir='ltr'><strong>Eusebio</strong></span> <span class='ocrx_word' id='word_1_44' title='bbox 2758 934 3104 997; x_wconf 37' lang='lat' dir='ltr'><strong>Caesariensi,</strong></span> <span class='ocrx_word' id='word_1_45' title='bbox 3144 950 3207 989; x_wconf 89' lang='lat' dir='ltr'><strong>ac</strong></span> <span class='ocrx_word' id='word_1_46' title='bbox 3234 932 3449 1004; x_wconf 74' lang='lat' dir='ltr'><strong>scriptis</strong></span> <span class='ocrx_word' id='word_1_47' title='bbox 3474 938 3655 999; x_wconf 87' lang='lat' dir='ltr'><strong>cujus-</strong></span> 
     </span>
    </p>
   </div>
   <div class='ocr_carea' id='block_1_7' title="bbox 385 1021 3655 1105">
    <p class='ocr_par' dir='ltr' id='par_1_7' title="bbox 385 1021 3655 1105">
     <span class='ocr_line' id='line_1_7' title="bbox 385 1021 3655 1105; baseline -0.004 -17"><span class='ocrx_word' id='word_1_48' title='bbox 385 1050 511 1105; x_wconf 89' lang='lat' dir='ltr'><strong>que,</strong></span> <span class='ocrx_word' id='word_1_49' title='bbox 551 1048 648 1088; x_wconf 91' lang='lat' dir='ltr'><strong>cur</strong></span> <span class='ocrx_word' id='word_1_50' title='bbox 689 1032 893 1100; x_wconf 87' lang='lat' dir='ltr'><strong>pudere</strong></span> <span class='ocrx_word' id='word_1_51' title='bbox 934 1044 1021 1084; x_wconf 89' lang='lat' dir='ltr'><strong>me</strong></span> <span class='ocrx_word' id='word_1_52' title='bbox 1056 1030 1274 1096; x_wconf 89' lang='lat' dir='ltr'><strong>debeat,</strong></span> <span class='ocrx_word' id='word_1_53' title='bbox 1321 1039 1413 1083; x_wconf 90' lang='lat' dir='ltr'><strong>aut</strong></span> <span class='ocrx_word' id='word_1_54' title='bbox 1465 1029 1736 1100; x_wconf 66' lang='lat' dir='ltr'><strong>paenitere</strong></span> <span class='ocrx_word' id='word_1_55' title='bbox 1785 1028 1989 1084; x_wconf 88' lang='lat' dir='ltr'><strong>laboris</strong></span> <span class='ocrx_word' id='word_1_56' title='bbox 2037 1025 2312 1091; x_wconf 85' lang='lat' dir='ltr'><strong>immensi,</strong></span> <span class='ocrx_word' id='word_1_57' title='bbox 2358 1023 2615 1096; x_wconf 86' lang='lat' dir='ltr'><strong>taediique</strong></span> <span class='ocrx_word' id='word_1_58' title='bbox 2653 1033 2965 1081; x_wconf 77' lang='lat' dir='ltr'><strong>constanter</strong></span> <span class='ocrx_word' id='word_1_59' title='bbox 3003 1024 3240 1093; x_wconf 80' lang='lat' dir='ltr'><strong>absorpti</strong></span> <span class='ocrx_word' id='word_1_60' title='bbox 3285 1024 3338 1077; x_wconf 93' lang='lat' dir='ltr'><strong>in</strong></span> <span class='ocrx_word' id='word_1_61' title='bbox 3371 1021 3655 1077; x_wconf 73' lang='lat' dir='ltr'><strong>Photianze</strong></span> 
     </span>
    </p>
   </div>
   <div class='ocr_carea' id='block_1_8' title="bbox 385 1110 3653 1188">
    <p class='ocr_par' dir='ltr' id='par_1_8' title="bbox 385 1110 3653 1188">
     <span class='ocr_line' id='line_1_8' title="bbox 385 1110 3653 1188; baseline -0.004 -14"><span class='ocrx_word' id='word_1_62' title='bbox 385 1119 727 1179; x_wconf 76' lang='lat' dir='ltr'><strong>Bibliotheca:</strong></span> <span class='ocrx_word' id='word_1_63' title='bbox 785 1118 1264 1188; x_wconf 90' lang='lat' dir='ltr'><strong>interpretatione,</strong></span> <span class='ocrx_word' id='word_1_64' title='bbox 1311 1132 1473 1185; x_wconf 88' lang='lat' dir='ltr'><strong>quam</strong></span> <span class='ocrx_word' id='word_1_65' title='bbox 1536 1117 1632 1172; x_wconf 86' lang='lat' dir='ltr'><strong>tibi</strong></span> <span class='ocrx_word' id='word_1_66' title='bbox 1686 1116 1874 1171; x_wconf 84' lang='lat' dir='ltr'><strong>volens</strong></span> <span class='ocrx_word' id='word_1_67' title='bbox 1924 1115 2115 1169; x_wconf 90' lang='lat' dir='ltr'><strong>dedico</strong></span> <span class='ocrx_word' id='word_1_68' title='bbox 2164 1126 2557 1182; x_wconf 89' lang='lat' dir='ltr'><strong>consecroque,</strong></span> <span class='ocrx_word' id='word_1_69' title='bbox 2612 1112 2850 1167; x_wconf 82' lang='lat' dir='ltr'><strong>nomium</strong></span> <span class='ocrx_word' id='word_1_70' title='bbox 2913 1113 3161 1180; x_wconf 90' lang='lat' dir='ltr'><strong>equidem</strong></span> <span class='ocrx_word' id='word_1_71' title='bbox 3219 1110 3653 1165; x_wconf 87' lang='lat' dir='ltr'><strong>animadvertere</strong></span> 
     </span>
    </p>
   </div>
   <div class='ocr_carea' id='block_1_9' title="bbox 385 1200 3652 1279">
    <p class='ocr_par' dir='ltr' id='par_1_9' title="bbox 385 1200 3652 1279">
     <span class='ocr_line' id='line_1_9' title="bbox 385 1200 3652 1279; baseline -0.003 -16"><span class='ocrx_word' id='word_1_72' title='bbox 385 1223 628 1279; x_wconf 83' lang='lat' dir='ltr'><strong>possunt.</strong></span> <span class='ocrx_word' id='word_1_73' title='bbox 664 1205 761 1259; x_wconf 85' lang='lat' dir='ltr'><strong>Ille</strong></span> <span class='ocrx_word' id='word_1_74' title='bbox 797 1206 908 1273; x_wconf 89' lang='lat' dir='ltr'><strong>jam</strong></span> <span class='ocrx_word' id='word_1_75' title='bbox 948 1206 1073 1259; x_wconf 91' lang='lat' dir='ltr'><strong>inde</strong></span> <span class='ocrx_word' id='word_1_76' title='bbox 1111 1206 1179 1258; x_wconf 91' lang='lat' dir='ltr'><strong>ab</strong></span> <span class='ocrx_word' id='word_1_77' title='bbox 1228 1205 1385 1259; x_wconf 89' lang='lat' dir='ltr'><strong>initio</strong></span> <span class='ocrx_word' id='word_1_78' title='bbox 1425 1206 1700 1261; x_wconf 89' lang='lat' dir='ltr'><strong>nascentis</strong></span> <span class='ocrx_word' id='word_1_79' title='bbox 1738 1202 1999 1260; x_wconf 76' lang='lat' dir='ltr'><strong>Ecclesiae</strong></span> <span class='ocrx_word' id='word_1_80' title='bbox 2040 1200 2203 1257; x_wconf 86' lang='lat' dir='ltr'><strong>telam</strong></span> <span class='ocrx_word' id='word_1_81' title='bbox 2239 1216 2423 1266; x_wconf 83' lang='lat' dir='ltr'><strong>orsus,</strong></span> <span class='ocrx_word' id='word_1_82' title='bbox 2461 1202 2731 1271; x_wconf 80' lang='lat' dir='ltr'><strong>altiusque</strong></span> <span class='ocrx_word' id='word_1_83' title='bbox 2765 1216 2795 1255; x_wconf 89' lang='lat' dir='ltr'><strong>a</strong></span> <span class='ocrx_word' id='word_1_84' title='bbox 2829 1202 3004 1271; x_wconf 82' lang='lat' dir='ltr'><strong>capite</strong></span> <span class='ocrx_word' id='word_1_85' title='bbox 3037 1215 3341 1267; x_wconf 79' lang='lat' dir='ltr'><strong>arcessens,</strong></span> <span class='ocrx_word' id='word_1_86' title='bbox 3372 1214 3652 1255; x_wconf 89' lang='lat' dir='ltr'><strong>sacrormn</strong></span> 
     </span>
    </p>
   </div>
   <div class='ocr_carea' id='block_1_10' title="bbox 386 1288 3651 1363">
    <p class='ocr_par' dir='ltr' id='par_1_10' title="bbox 386 1288 3651 1363">
     <span class='ocr_line' id='line_1_10' title="bbox 386 1288 3651 1363; baseline -0.002 -14"><span class='ocrx_word' id='word_1_87' title='bbox 386 1295 644 1350; x_wconf 68' lang='lat' dir='ltr'><strong>Ecclesiae</strong></span> <span class='ocrx_word' id='word_1_88' title='bbox 678 1293 1009 1363; x_wconf 85' lang='lat' dir='ltr'><strong>scriptorum</strong></span> <span class='ocrx_word' id='word_1_89' title='bbox 1043 1293 1242 1346; x_wconf 87' lang='lat' dir='ltr'><strong>seriem</strong></span> <span class='ocrx_word' id='word_1_90' title='bbox 1285 1293 1352 1347; x_wconf 92' lang='lat' dir='ltr'><strong>ad</strong></span> <span class='ocrx_word' id='word_1_91' title='bbox 1386 1308 1484 1347; x_wconf 91' lang='lat' dir='ltr'><strong>sua</strong></span> <span class='ocrx_word' id='word_1_92' title='bbox 1524 1306 1698 1363; x_wconf 88' lang='lat' dir='ltr'><strong>usque</strong></span> <span class='ocrx_word' id='word_1_93' title='bbox 1745 1301 1992 1361; x_wconf 91' lang='lat' dir='ltr'><strong>tempora</strong></span> <span class='ocrx_word' id='word_1_94' title='bbox 2031 1290 2310 1360; x_wconf 83' lang='lat' dir='ltr'><strong>produxit,</strong></span> <span class='ocrx_word' id='word_1_95' title='bbox 2347 1299 2412 1344; x_wconf 90' lang='lat' dir='ltr'><strong>ut</strong></span> <span class='ocrx_word' id='word_1_96' title='bbox 2452 1289 2690 1360; x_wconf 89' lang='lat' dir='ltr'><strong>legitima</strong></span> <span class='ocrx_word' id='word_1_97' title='bbox 2734 1298 2788 1343; x_wconf 89' lang='lat' dir='ltr'><strong>et</strong></span> <span class='ocrx_word' id='word_1_98' title='bbox 2830 1303 2964 1359; x_wconf 90' lang='lat' dir='ltr'><strong>pura</strong></span> <span class='ocrx_word' id='word_1_99' title='bbox 3009 1304 3038 1342; x_wconf 89' lang='lat' dir='ltr'><strong>a</strong></span> <span class='ocrx_word' id='word_1_100' title='bbox 3078 1289 3297 1358; x_wconf 89' lang='lat' dir='ltr'><strong>spuriis,</strong></span> <span class='ocrx_word' id='word_1_101' title='bbox 3333 1298 3387 1343; x_wconf 90' lang='lat' dir='ltr'><strong>et</strong></span> <span class='ocrx_word' id='word_1_102' title='bbox 3426 1303 3455 1341; x_wconf 91' lang='lat' dir='ltr'><strong>a</strong></span> <span class='ocrx_word' id='word_1_103' title='bbox 3498 1288 3651 1357; x_wconf 83' lang='lat' dir='ltr'><strong>palea</strong></span> 
     </span>
    </p>
   </div>
   <div class='ocr_carea' id='block_1_11' title="bbox 388 1377 3652 1451">
    <p class='ocr_par' dir='ltr' id='par_1_11' title="bbox 388 1377 3652 1451">
     <span class='ocr_line' id='line_1_11' title="bbox 388 1377 3652 1451; baseline -0.003 -14"><span class='ocrx_word' id='word_1_104' title='bbox 388 1383 627 1438; x_wconf 86' lang='lat' dir='ltr'><strong>triticum</strong></span> <span class='ocrx_word' id='word_1_105' title='bbox 682 1380 887 1451; x_wconf 90' lang='lat' dir='ltr'><strong>posteri</strong></span> <span class='ocrx_word' id='word_1_106' title='bbox 941 1390 1315 1450; x_wconf 83' lang='lat' dir='ltr'><strong>segregarem.</strong></span> <span class='ocrx_word' id='word_1_107' title='bbox 1375 1379 1529 1435; x_wconf 87' lang='lat' dir='ltr'><strong>llunc</strong></span> <span class='ocrx_word' id='word_1_108' title='bbox 1581 1380 1705 1435; x_wconf 89' lang='lat' dir='ltr'><strong>dein</strong></span> <span class='ocrx_word' id='word_1_109' title='bbox 1761 1379 2096 1450; x_wconf 89' lang='lat' dir='ltr'><strong>gloriosum,</strong></span> <span class='ocrx_word' id='word_1_110' title='bbox 2153 1378 2479 1448; x_wconf 85' lang='lat' dir='ltr'><strong>publiceque</strong></span> <span class='ocrx_word' id='word_1_111' title='bbox 2526 1378 2711 1431; x_wconf 85' lang='lat' dir='ltr'><strong>utilem</strong></span> <span class='ocrx_word' id='word_1_112' title='bbox 2762 1377 3039 1440; x_wconf 82' lang='lat' dir='ltr'><strong>laborem,</strong></span> <span class='ocrx_word' id='word_1_113' title='bbox 3089 1377 3363 1430; x_wconf 88' lang='lat' dir='ltr'><strong>variarum</strong></span> <span class='ocrx_word' id='word_1_114' title='bbox 3409 1378 3652 1446; x_wconf 87' lang='lat' dir='ltr'><strong>gentium</strong></span> 
     </span>
    </p>
   </div>
   <div class='ocr_carea' id='block_1_12' title="bbox 391 1463 3652 1536">
    <p class='ocr_par' dir='ltr' id='par_1_12' title="bbox 391 1463 3652 1536">
     <span class='ocr_line' id='line_1_12' title="bbox 391 1463 3652 1536; baseline -0.002 -13"><span class='ocrx_word' id='word_1_115' title='bbox 391 1480 649 1524; x_wconf 85' lang='lat' dir='ltr'><strong>auctores</strong></span> <span class='ocrx_word' id='word_1_116' title='bbox 689 1467 1042 1523; x_wconf 74' lang='lat' dir='ltr'><strong>co‘ntioenter</strong></span> <span class='ocrx_word' id='word_1_117' title='bbox 1094 1467 1488 1536; x_wconf 65' lang='lat' dir='ltr'><strong>perterrendam</strong></span> <span class='ocrx_word' id='word_1_118' title='bbox 1535 1466 1664 1531; x_wconf 90' lang='lat' dir='ltr'><strong>rati,</strong></span> <span class='ocrx_word' id='word_1_119' title='bbox 1699 1465 1766 1520; x_wconf 90' lang='lat' dir='ltr'><strong>de</strong></span> <span class='ocrx_word' id='word_1_120' title='bbox 1806 1481 1918 1520; x_wconf 88' lang='lat' dir='ltr'><strong>suae</strong></span> <span class='ocrx_word' id='word_1_121' title='bbox 1964 1466 2199 1536; x_wconf 90' lang='lat' dir='ltr'><strong>quisque</strong></span> <span class='ocrx_word' id='word_1_122' title='bbox 2246 1466 2427 1534; x_wconf 90' lang='lat' dir='ltr'><strong>gentis</strong></span> <span class='ocrx_word' id='word_1_123' title='bbox 2480 1464 2848 1533; x_wconf 82' lang='lat' dir='ltr'><strong>scriptoribus</strong></span> <span class='ocrx_word' id='word_1_124' title='bbox 2891 1466 3168 1533; x_wconf 82' lang='lat' dir='ltr'><strong>catalogos</strong></span> <span class='ocrx_word' id='word_1_125' title='bbox 3212 1464 3556 1533; x_wconf 88' lang='lat' dir='ltr'><strong>conscripsit.</strong></span> <span class='ocrx_word' id='word_1_126' title='bbox 3597 1463 3652 1517; x_wconf 91' lang='lat' dir='ltr'><strong>In</strong></span> 
     </span>
    </p>
   </div>
   <div class='ocr_carea' id='block_1_13' title="bbox 384 1551 3654 1625">
    <p class='ocr_par' dir='ltr' id='par_1_13' title="bbox 384 1551 3654 1625">
     <span class='ocr_line' id='line_1_13' title="bbox 384 1551 3654 1625; baseline -0.002 -13"><span class='ocrx_word' id='word_1_127' title='bbox 384 1556 561 1612; x_wconf 89' lang='lat' dir='ltr'><strong>Iberia</strong></span> <span class='ocrx_word' id='word_1_128' title='bbox 593 1554 815 1625; x_wconf 89' lang='lat' dir='ltr'><strong>quidem</strong></span> <span class='ocrx_word' id='word_1_129' title='bbox 854 1553 1094 1609; x_wconf 84' lang='lat' dir='ltr'><strong>Isidorus</strong></span> <span class='ocrx_word' id='word_1_130' title='bbox 1128 1565 1293 1623; x_wconf 88' lang='lat' dir='ltr'><strong>atque</strong></span> <span class='ocrx_word' id='word_1_131' title='bbox 1324 1552 1628 1608; x_wconf 83' lang='lat' dir='ltr'><strong>ildefoosus</strong></span> <span class='ocrx_word' id='word_1_132' title='bbox 1666 1553 1997 1607; x_wconf 86' lang='lat' dir='ltr'><strong>sanctissimi</strong></span> <span class='ocrx_word' id='word_1_133' title='bbox 2029 1554 2170 1620; x_wconf 90' lang='lat' dir='ltr'><strong>virt;</strong></span> <span class='ocrx_word' id='word_1_134' title='bbox 2220 1553 2271 1606; x_wconf 93' lang='lat' dir='ltr'><strong>in</strong></span> <span class='ocrx_word' id='word_1_135' title='bbox 2313 1553 2490 1610; x_wconf 83' lang='lat' dir='ltr'><strong>Gallia</strong></span> <span class='ocrx_word' id='word_1_136' title='bbox 2526 1553 2841 1608; x_wconf 80' lang='lat' dir='ltr'><strong>Gennadius</strong></span> <span class='ocrx_word' id='word_1_137' title='bbox 2877 1552 3250 1618; x_wconf 79' lang='lat' dir='ltr'><strong>Massiliensis,</strong></span> <span class='ocrx_word' id='word_1_138' title='bbox 3290 1562 3343 1607; x_wconf 85' lang='lat' dir='ltr'><strong>et</strong></span> <span class='ocrx_word' id='word_1_139' title='bbox 3381 1551 3654 1607; x_wconf 86' lang='lat' dir='ltr'><strong>Honorius</strong></span> 
     </span>
    </p>
   </div>
   <div class='ocr_carea' id='block_1_14' title="bbox 383 1638 3654 1713">
    <p class='ocr_par' dir='ltr' id='par_1_14' title="bbox 383 1638 3654 1713">
     <span class='ocr_line' id='line_1_14' title="bbox 383 1638 3654 1713; baseline -0.001 -15"><span class='ocrx_word' id='word_1_140' title='bbox 383 1641 934 1713; x_wconf 82' lang='lat' dir='ltr'><strong>Augustodunensis;</strong></span> <span class='ocrx_word' id='word_1_141' title='bbox 980 1642 1033 1696; x_wconf 93' lang='lat' dir='ltr'><strong>in</strong></span> <span class='ocrx_word' id='word_1_142' title='bbox 1065 1641 1252 1712; x_wconf 80' lang='lat' dir='ltr'><strong>Belgio</strong></span> <span class='ocrx_word' id='word_1_143' title='bbox 1290 1652 1476 1696; x_wconf 89' lang='lat' dir='ltr'><strong>nostro</strong></span> <span class='ocrx_word' id='word_1_144' title='bbox 1502 1638 1813 1709; x_wconf 87' lang='lat' dir='ltr'><strong>Sigebertns</strong></span> <span class='ocrx_word' id='word_1_145' title='bbox 1846 1639 2296 1706; x_wconf 86' lang='lat' dir='ltr'><strong>Gemhlacensis;</strong></span> <span class='ocrx_word' id='word_1_146' title='bbox 2350 1641 2399 1694; x_wconf 91' lang='lat' dir='ltr'><strong>in</strong></span> <span class='ocrx_word' id='word_1_147' title='bbox 2445 1640 2845 1709; x_wconf 84' lang='lat' dir='ltr'><strong>Germaniaque</strong></span> <span class='ocrx_word' id='word_1_148' title='bbox 2894 1640 3419 1708; x_wconf 86' lang='lat' dir='ltr'><strong>mtper&#39;l‘rtthemius</strong></span> <span class='ocrx_word' id='word_1_149' title='bbox 3465 1639 3654 1696; x_wconf 81' lang='lat' dir='ltr'><strong>abbas.</strong></span> 
     </span>
    </p>
   </div>
   <div class='ocr_carea' id='block_1_15' title="bbox 384 1726 3653 1798">
    <p class='ocr_par' dir='ltr' id='par_1_15' title="bbox 384 1726 3653 1798">
     <span class='ocr_line' id='line_1_15' title="bbox 384 1726 3653 1798; baseline -0.002 -14"><span class='ocrx_word' id='word_1_150' title='bbox 384 1730 631 1785; x_wconf 82' lang='lat' dir='ltr'><strong>excussis</strong></span> <span class='ocrx_word' id='word_1_151' title='bbox 660 1729 916 1783; x_wconf 91' lang='lat' dir='ltr'><strong>omnibus</strong></span> <span class='ocrx_word' id='word_1_152' title='bbox 953 1728 1196 1783; x_wconf 91' lang='lat' dir='ltr'><strong>omnium</strong></span> <span class='ocrx_word' id='word_1_153' title='bbox 1234 1728 1687 1782; x_wconf 81' lang='lat' dir='ltr'><strong>bibliothecarum</strong></span> <span class='ocrx_word' id='word_1_154' title='bbox 1730 1728 1967 1798; x_wconf 90' lang='lat' dir='ltr'><strong>angulis,</strong></span> <span class='ocrx_word' id='word_1_155' title='bbox 1999 1728 2050 1780; x_wconf 93' lang='lat' dir='ltr'><strong>id</strong></span> <span class='ocrx_word' id='word_1_156' title='bbox 2081 1729 2473 1796; x_wconf 57' lang='lat' dir='ltr'><strong>praestiterunt.</strong></span> <span class='ocrx_word' id='word_1_157' title='bbox 2515 1728 2570 1781; x_wconf 94' lang='lat' dir='ltr'><strong>In</strong></span> <span class='ocrx_word' id='word_1_158' title='bbox 2602 1726 2808 1781; x_wconf 70' lang='lat' dir='ltr'><strong>Graecia</strong></span> <span class='ocrx_word' id='word_1_159' title='bbox 2844 1743 2971 1780; x_wconf 90' lang='lat' dir='ltr'><strong>vero</strong></span> <span class='ocrx_word' id='word_1_160' title='bbox 3002 1727 3193 1795; x_wconf 81' lang='lat' dir='ltr'><strong>primis</strong></span> <span class='ocrx_word' id='word_1_161' title='bbox 3227 1727 3353 1788; x_wconf 88' lang='lat' dir='ltr'><strong>illis,</strong></span> <span class='ocrx_word' id='word_1_162' title='bbox 3388 1736 3442 1779; x_wconf 93' lang='lat' dir='ltr'><strong>ut</strong></span> <span class='ocrx_word' id='word_1_163' title='bbox 3471 1736 3653 1792; x_wconf 66' lang='lat' dir='ltr'><strong>aetate,</strong></span> 
     </span>
    </p>
   </div>
   <div class='ocr_carea' id='block_1_16' title="bbox 385 1814 3620 1886">
    <p class='ocr_par' dir='ltr' id='par_1_16' title="bbox 385 1814 3620 1886">
     <span class='ocr_line' id='line_1_16' title="bbox 385 1814 3620 1886; baseline -0.001 -16"><span class='ocrx_word' id='word_1_164' title='bbox 385 1818 465 1871; x_wconf 87' lang='lat' dir='ltr'><strong>sic</strong></span> <span class='ocrx_word' id='word_1_165' title='bbox 496 1826 551 1870; x_wconf 91' lang='lat' dir='ltr'><strong>et</strong></span> <span class='ocrx_word' id='word_1_166' title='bbox 584 1817 891 1873; x_wconf 86' lang='lat' dir='ltr'><strong>eruditione</strong></span> <span class='ocrx_word' id='word_1_167' title='bbox 938 1814 1173 1870; x_wconf 81' lang='lat' dir='ltr'><strong>fortasse</strong></span> <span class='ocrx_word' id='word_1_168' title='bbox 1215 1815 1443 1886; x_wconf 63' lang='lat' dir='ltr'><strong>aequalis</strong></span> <span class='ocrx_word' id='word_1_169' title='bbox 1490 1815 1735 1880; x_wconf 83' lang='lat' dir='ltr'><strong>Photins,</strong></span> <span class='ocrx_word' id='word_1_170' title='bbox 1771 1816 1910 1868; x_wconf 89' lang='lat' dir='ltr'><strong>hanc</strong></span> <span class='ocrx_word' id='word_1_171' title='bbox 1946 1829 2069 1868; x_wconf 90' lang='lat' dir='ltr'><strong>cum</strong></span> <span class='ocrx_word' id='word_1_172' title='bbox 2105 1828 2412 1879; x_wconf 84' lang='lat' dir='ltr'><strong>sacrorum,</strong></span> <span class='ocrx_word' id='word_1_173' title='bbox 2449 1824 2559 1867; x_wconf 92' lang='lat' dir='ltr'><strong>tum</strong></span> <span class='ocrx_word' id='word_1_174' title='bbox 2601 1826 2954 1869; x_wconf 81' lang='lat' dir='ltr'><strong>externorum</strong></span> <span class='ocrx_word' id='word_1_175' title='bbox 2999 1814 3380 1867; x_wconf 73' lang='lat' dir='ltr'><strong>flibtiotltrcam</strong></span> <span class='ocrx_word' id='word_1_176' title='bbox 3426 1816 3620 1868; x_wconf 89' lang='lat' dir='ltr'><strong>concin</strong></span> 
     </span>
    </p>
   </div>
   <div class='ocr_carea' id='block_1_17' title="bbox 388 1901 3653 1975">
    <p class='ocr_par' dir='ltr' id='par_1_17' title="bbox 388 1901 3653 1975">
     <span class='ocr_line' id='line_1_17' title="bbox 388 1901 3653 1975; baseline -0 -18"><span class='ocrx_word' id='word_1_177' title='bbox 388 1904 538 1958; x_wconf 88' lang='lat' dir='ltr'><strong>navit</strong></span> <span class='ocrx_word' id='word_1_178' title='bbox 572 1904 863 1969; x_wconf 89' lang='lat' dir='ltr'><strong>librorum,</strong></span> <span class='ocrx_word' id='word_1_179' title='bbox 911 1918 1052 1973; x_wconf 91' lang='lat' dir='ltr'><strong>quos</strong></span> <span class='ocrx_word' id='word_1_180' title='bbox 1098 1918 1127 1956; x_wconf 90' lang='lat' dir='ltr'><strong>a</strong></span> <span class='ocrx_word' id='word_1_181' title='bbox 1177 1918 1236 1957; x_wconf 90' lang='lat' dir='ltr'><strong>se</strong></span> <span class='ocrx_word' id='word_1_182' title='bbox 1280 1905 1472 1966; x_wconf 90' lang='lat' dir='ltr'><strong>lectos,</strong></span> <span class='ocrx_word' id='word_1_183' title='bbox 1522 1902 1737 1957; x_wconf 88' lang='lat' dir='ltr'><strong>Tarasii</strong></span> <span class='ocrx_word' id='word_1_184' title='bbox 1777 1901 1957 1956; x_wconf 79' lang='lat' dir='ltr'><strong>fratris</strong></span> <span class='ocrx_word' id='word_1_185' title='bbox 2002 1915 2190 1973; x_wconf 84' lang='lat' dir='ltr'><strong>rogatu</strong></span> <span class='ocrx_word' id='word_1_186' title='bbox 2241 1905 2539 1968; x_wconf 89' lang='lat' dir='ltr'><strong>recensuit,</strong></span> <span class='ocrx_word' id='word_1_187' title='bbox 2575 1906 2700 1958; x_wconf 89' lang='lat' dir='ltr'><strong>dum</strong></span> <span class='ocrx_word' id='word_1_188' title='bbox 2756 1906 2806 1958; x_wconf 91' lang='lat' dir='ltr'><strong>in</strong></span> <span class='ocrx_word' id='word_1_189' title='bbox 2861 1902 3016 1975; x_wconf 86' lang='lat' dir='ltr'><strong>Syria</strong></span> <span class='ocrx_word' id='word_1_190' title='bbox 3066 1903 3653 1974; x_wconf 76' lang='lat' dir='ltr'><strong>ConstantinOpolitani</strong></span> 
     </span>
    </p>
   </div>
   <div class='ocr_carea' id='block_1_18' title="bbox 388 1991 3657 2063">
    <p class='ocr_par' dir='ltr' id='par_1_18' title="bbox 388 1991 3657 2063">
     <span class='ocr_line' id='line_1_18' title="bbox 388 1991 3657 2063; baseline -0.001 -16"><span class='ocrx_word' id='word_1_191' title='bbox 388 1992 736 2063; x_wconf 86' lang='lat' dir='ltr'><strong>imperatoris</strong></span> <span class='ocrx_word' id='word_1_192' title='bbox 767 2003 956 2049; x_wconf 84' lang='lat' dir='ltr'><strong>orator</strong></span> <span class='ocrx_word' id='word_1_193' title='bbox 987 2003 1323 2057; x_wconf 82' lang='lat' dir='ltr'><strong>versaretur,</strong></span> <span class='ocrx_word' id='word_1_194' title='bbox 1356 1994 1516 2061; x_wconf 85' lang='lat' dir='ltr'><strong>idque</strong></span> <span class='ocrx_word' id='word_1_195' title='bbox 1554 1994 1706 2062; x_wconf 88' lang='lat' dir='ltr'><strong>prius</strong></span> <span class='ocrx_word' id='word_1_196' title='bbox 1735 1991 1818 2063; x_wconf 91' lang='lat' dir='ltr'><strong>(ut</strong></span> <span class='ocrx_word' id='word_1_197' title='bbox 1851 2008 1914 2046; x_wconf 82' lang='lat' dir='ltr'><strong>ex</strong></span> <span class='ocrx_word' id='word_1_198' title='bbox 1962 2007 2127 2062; x_wconf 80' lang='lat' dir='ltr'><strong>apere</strong></span> <span class='ocrx_word' id='word_1_199' title='bbox 2170 1992 2404 2062; x_wconf 85' lang='lat' dir='ltr'><strong>quisque</strong></span> <span class='ocrx_word' id='word_1_200' title='bbox 2450 2008 2659 2048; x_wconf 89' lang='lat' dir='ltr'><strong>mecum</strong></span> <span class='ocrx_word' id='word_1_201' title='bbox 2708 1992 3019 2062; x_wconf 83' lang='lat' dir='ltr'><strong>judicabit),</strong></span> <span class='ocrx_word' id='word_1_202' title='bbox 3053 2008 3213 2061; x_wconf 85' lang='lat' dir='ltr'><strong>quam</strong></span> <span class='ocrx_word' id='word_1_203' title='bbox 3261 1992 3434 2046; x_wconf 89' lang='lat' dir='ltr'><strong>aulica</strong></span> <span class='ocrx_word' id='word_1_204' title='bbox 3483 1995 3657 2045; x_wconf 84' lang='lat' dir='ltr'><strong>ambi-</strong></span> 
     </span>
    </p>
   </div>
   <div class='ocr_carea' id='block_1_19' title="bbox 390 2078 3650 2152">
    <p class='ocr_par' dir='ltr' id='par_1_19' title="bbox 390 2078 3650 2152">
     <span class='ocr_line' id='line_1_19' title="bbox 390 2078 3650 2152; baseline -0.001 -17"><span class='ocrx_word' id='word_1_205' title='bbox 390 2083 537 2137; x_wconf 88' lang='lat' dir='ltr'><strong>tione</strong></span> <span class='ocrx_word' id='word_1_206' title='bbox 567 2090 880 2148; x_wconf 90' lang='lat' dir='ltr'><strong>corruptns,</strong></span> <span class='ocrx_word' id='word_1_207' title='bbox 918 2080 1296 2150; x_wconf 70' lang='lat' dir='ltr'><strong>prmcipitavit.</strong></span> <span class='ocrx_word' id='word_1_208' title='bbox 1328 2078 1529 2134; x_wconf 86' lang='lat' dir='ltr'><strong>Verum</strong></span> <span class='ocrx_word' id='word_1_209' title='bbox 1569 2081 1672 2135; x_wconf 90' lang='lat' dir='ltr'><strong>hoc</strong></span> <span class='ocrx_word' id='word_1_210' title='bbox 1702 2079 1886 2134; x_wconf 89' lang='lat' dir='ltr'><strong>utilior</strong></span> <span class='ocrx_word' id='word_1_211' title='bbox 1921 2094 2083 2148; x_wconf 88' lang='lat' dir='ltr'><strong>quam</strong></span> <span class='ocrx_word' id='word_1_212' title='bbox 2118 2079 2452 2150; x_wconf 86' lang='lat' dir='ltr'><strong>reliquorum</strong></span> <span class='ocrx_word' id='word_1_213' title='bbox 2486 2081 2537 2135; x_wconf 91' lang='lat' dir='ltr'><strong>in</strong></span> <span class='ocrx_word' id='word_1_214' title='bbox 2568 2080 2867 2136; x_wconf 88' lang='lat' dir='ltr'><strong>Occidente</strong></span> <span class='ocrx_word' id='word_1_215' title='bbox 2897 2089 3018 2150; x_wconf 89' lang='lat' dir='ltr'><strong>post</strong></span> <span class='ocrx_word' id='word_1_216' title='bbox 3053 2079 3434 2152; x_wconf 86' lang='lat' dir='ltr'><strong>Hieronymum</strong></span> <span class='ocrx_word' id='word_1_217' title='bbox 3471 2079 3650 2134; x_wconf 85' lang='lat' dir='ltr'><strong>thii</strong></span> 
     </span>
    </p>
   </div>
   <div class='ocr_carea' id='block_1_20' title="bbox 389 2164 3657 2239">
    <p class='ocr_par' dir='ltr' id='par_1_20' title="bbox 389 2164 3657 2239">
     <span class='ocr_line' id='line_1_20' title="bbox 389 2164 3657 2239; baseline -0.001 -15"><span class='ocrx_word' id='word_1_218' title='bbox 389 2170 478 2224; x_wconf 87' lang='lat' dir='ltr'><strong>hic</strong></span> <span class='ocrx_word' id='word_1_219' title='bbox 509 2168 661 2223; x_wconf 85' lang='lat' dir='ltr'><strong>labor</strong></span> <span class='ocrx_word' id='word_1_220' title='bbox 692 2169 924 2233; x_wconf 81' lang='lat' dir='ltr'><strong>exstitit,</strong></span> <span class='ocrx_word' id='word_1_221' title='bbox 960 2176 1021 2222; x_wconf 93' lang='lat' dir='ltr'><strong>ut</strong></span> <span class='ocrx_word' id='word_1_222' title='bbox 1064 2167 1237 2234; x_wconf 85' lang='lat' dir='ltr'><strong>majus</strong></span> <span class='ocrx_word' id='word_1_223' title='bbox 1282 2166 1444 2220; x_wconf 86' lang='lat' dir='ltr'><strong>etiam</strong></span> <span class='ocrx_word' id='word_1_224' title='bbox 1498 2165 1654 2236; x_wconf 88' lang='lat' dir='ltr'><strong>longe</strong></span> <span class='ocrx_word' id='word_1_225' title='bbox 1694 2182 1855 2236; x_wconf 84' lang='lat' dir='ltr'><strong>quam</strong></span> <span class='ocrx_word' id='word_1_226' title='bbox 1902 2164 2223 2225; x_wconf 70' lang='lat' dir='ltr'><strong>czeterorutn</strong></span> <span class='ocrx_word' id='word_1_227' title='bbox 2273 2171 2435 2225; x_wconf 90' lang='lat' dir='ltr'><strong>simul</strong></span> <span class='ocrx_word' id='word_1_228' title='bbox 2474 2172 2717 2225; x_wconf 88' lang='lat' dir='ltr'><strong>omnium</strong></span> <span class='ocrx_word' id='word_1_229' title='bbox 2755 2169 3007 2224; x_wconf 87' lang='lat' dir='ltr'><strong>volumen</strong></span> <span class='ocrx_word' id='word_1_230' title='bbox 3054 2172 3320 2233; x_wconf 77' lang='lat' dir='ltr'><strong>excrevit,</strong></span> <span class='ocrx_word' id='word_1_231' title='bbox 3361 2170 3501 2239; x_wconf 91' lang='lat' dir='ltr'><strong>quod</strong></span> <span class='ocrx_word' id='word_1_232' title='bbox 3552 2186 3657 2222; x_wconf 86' lang='lat' dir='ltr'><strong>non</strong></span> 
     </span>
    </p>
   </div>
   <div class='ocr_carea' id='block_1_21' title="bbox 391 2254 3657 2328">
    <p class='ocr_par' dir='ltr' id='par_1_21' title="bbox 391 2254 3657 2328">
     <span class='ocr_line' id='line_1_21' title="bbox 391 2254 3657 2328; baseline 0 -20"><span class='ocrx_word' id='word_1_233' title='bbox 391 2263 673 2311; x_wconf 87' lang='lat' dir='ltr'><strong>recenseat</strong></span> <span class='ocrx_word' id='word_1_234' title='bbox 705 2257 870 2309; x_wconf 90' lang='lat' dir='ltr'><strong>modo</strong></span> <span class='ocrx_word' id='word_1_235' title='bbox 904 2264 1174 2321; x_wconf 84' lang='lat' dir='ltr'><strong>veterum,</strong></span> <span class='ocrx_word' id='word_1_236' title='bbox 1204 2254 1294 2324; x_wconf 89' lang='lat' dir='ltr'><strong>qui</strong></span> <span class='ocrx_word' id='word_1_237' title='bbox 1329 2255 1382 2308; x_wconf 90' lang='lat' dir='ltr'><strong>in</strong></span> <span class='ocrx_word' id='word_1_238' title='bbox 1416 2269 1609 2308; x_wconf 79' lang='lat' dir='ltr'><strong>manus</strong></span> <span class='ocrx_word' id='word_1_239' title='bbox 1638 2255 1949 2309; x_wconf 90' lang='lat' dir='ltr'><strong>inciderunt</strong></span> <span class='ocrx_word' id='word_1_240' title='bbox 1993 2258 2222 2328; x_wconf 89' lang='lat' dir='ltr'><strong>scripta,</strong></span> <span class='ocrx_word' id='word_1_241' title='bbox 2259 2261 2355 2313; x_wconf 90' lang='lat' dir='ltr'><strong>sed</strong></span> <span class='ocrx_word' id='word_1_242' title='bbox 2390 2268 2443 2313; x_wconf 92' lang='lat' dir='ltr'><strong>et</strong></span> <span class='ocrx_word' id='word_1_243' title='bbox 2477 2259 2696 2328; x_wconf 89' lang='lat' dir='ltr'><strong>eclogas</strong></span> <span class='ocrx_word' id='word_1_244' title='bbox 2727 2257 2852 2312; x_wconf 88' lang='lat' dir='ltr'><strong>inde</strong></span> <span class='ocrx_word' id='word_1_245' title='bbox 2884 2257 3203 2328; x_wconf 89' lang='lat' dir='ltr'><strong>permultas,</strong></span> <span class='ocrx_word' id='word_1_246' title='bbox 3246 2274 3341 2312; x_wconf 86' lang='lat' dir='ltr'><strong>seu</strong></span> <span class='ocrx_word' id='word_1_247' title='bbox 3375 2267 3657 2326; x_wconf 74' lang='lat' dir='ltr'><strong>excerpta,</strong></span> 
     </span>
    </p>
   </div>
   <div class='ocr_carea' id='block_1_22' title="bbox 388 2342 3657 2415">
    <p class='ocr_par' dir='ltr' id='par_1_22' title="bbox 388 2342 3657 2415">
     <span class='ocr_line' id='line_1_22' title="bbox 388 2342 3657 2415; baseline 0.001 -20"><span class='ocrx_word' id='word_1_248' title='bbox 388 2344 611 2398; x_wconf 88' lang='lat' dir='ltr'><strong>totidem</strong></span> <span class='ocrx_word' id='word_1_249' title='bbox 662 2342 867 2406; x_wconf 87' lang='lat' dir='ltr'><strong>verbis,</strong></span> <span class='ocrx_word' id='word_1_250' title='bbox 919 2344 1337 2397; x_wconf 88' lang='lat' dir='ltr'><strong>enumeratione</strong></span> <span class='ocrx_word' id='word_1_251' title='bbox 1379 2342 1492 2397; x_wconf 86' lang='lat' dir='ltr'><strong>sola</strong></span> <span class='ocrx_word' id='word_1_252' title='bbox 1546 2342 1774 2395; x_wconf 89' lang='lat' dir='ltr'><strong>minime</strong></span> <span class='ocrx_word' id='word_1_253' title='bbox 1824 2352 2136 2408; x_wconf 89' lang='lat' dir='ltr'><strong>contentus,</strong></span> <span class='ocrx_word' id='word_1_254' title='bbox 2195 2345 2605 2415; x_wconf 69' lang='lat' dir='ltr'><strong>transcripst&#39;rit</strong></span> <span class='ocrx_word' id='word_1_255' title='bbox 2641 2362 2653 2398; x_wconf 90' lang='lat'><strong>:</strong></span> <span class='ocrx_word' id='word_1_256' title='bbox 2690 2344 2831 2401; x_wconf 90' lang='lat' dir='ltr'><strong>forte</strong></span> <span class='ocrx_word' id='word_1_257' title='bbox 2889 2345 3030 2414; x_wconf 86' lang='lat' dir='ltr'><strong>quod</strong></span> <span class='ocrx_word' id='word_1_258' title='bbox 3088 2345 3272 2397; x_wconf 89' lang='lat' dir='ltr'><strong>animo</strong></span> <span class='ocrx_word' id='word_1_259' title='bbox 3325 2346 3657 2413; x_wconf 78' lang='lat' dir='ltr'><strong>provideret,</strong></span> 
     </span>
    </p>
   </div>
   <div class='ocr_carea' id='block_1_23' title="bbox 391 2428 3657 2502">
    <p class='ocr_par' dir='ltr' id='par_1_23' title="bbox 391 2428 3657 2502">
     <span class='ocr_line' id='line_1_23' title="bbox 391 2428 3657 2502; baseline 0.001 -20"><span class='ocrx_word' id='word_1_260' title='bbox 391 2442 679 2499; x_wconf 84' lang='lat' dir='ltr'><strong>menteque</strong></span> <span class='ocrx_word' id='word_1_261' title='bbox 719 2430 1056 2500; x_wconf 81' lang='lat' dir='ltr'><strong>praesagiret,</strong></span> <span class='ocrx_word' id='word_1_262' title='bbox 1092 2428 1210 2483; x_wconf 87' lang='lat' dir='ltr'><strong>fore</strong></span> <span class='ocrx_word' id='word_1_263' title='bbox 1253 2438 1311 2482; x_wconf 91' lang='lat' dir='ltr'><strong>ut</strong></span> <span class='ocrx_word' id='word_1_264' title='bbox 1352 2440 1657 2498; x_wconf 88' lang='lat' dir='ltr'><strong>temporum</strong></span> <span class='ocrx_word' id='word_1_265' title='bbox 1702 2429 1900 2500; x_wconf 89' lang='lat' dir='ltr'><strong>injuria</strong></span> <span class='ocrx_word' id='word_1_266' title='bbox 1941 2431 2208 2502; x_wconf 85' lang='lat' dir='ltr'><strong>plerique.</strong></span> <span class='ocrx_word' id='word_1_267' title='bbox 2237 2440 2295 2486; x_wconf 90' lang='lat' dir='ltr'><strong>ut</strong></span> <span class='ocrx_word' id='word_1_268' title='bbox 2324 2432 2544 2495; x_wconf 87' lang='lat' dir='ltr'><strong>accidit,</strong></span> <span class='ocrx_word' id='word_1_269' title='bbox 2585 2432 2980 2486; x_wconf 86' lang='lat' dir='ltr'><strong>interciderent</strong></span> <span class='ocrx_word' id='word_1_270' title='bbox 3012 2429 3362 2500; x_wconf 87' lang='lat' dir='ltr'><strong>funditusque</strong></span> <span class='ocrx_word' id='word_1_271' title='bbox 3391 2431 3657 2502; x_wconf 85' lang='lat' dir='ltr'><strong>perirent,</strong></span> 
     </span>
    </p>
   </div>
   <div class='ocr_carea' id='block_1_24' title="bbox 386 2517 3663 2591">
    <p class='ocr_par' dir='ltr' id='par_1_24' title="bbox 386 2517 3663 2591">
     <span class='ocr_line' id='line_1_24' title="bbox 386 2517 3663 2591; baseline 0.001 -23"><span class='ocrx_word' id='word_1_272' title='bbox 386 2534 616 2590; x_wconf 87' lang='lat' dir='ltr'><strong>quorum</strong></span> <span class='ocrx_word' id='word_1_273' title='bbox 642 2528 789 2574; x_wconf 89' lang='lat' dir='ltr'><strong>certe</strong></span> <span class='ocrx_word' id='word_1_274' title='bbox 820 2534 885 2570; x_wconf 88' lang='lat' dir='ltr'><strong>ne</strong></span> <span class='ocrx_word' id='word_1_275' title='bbox 924 2519 1140 2571; x_wconf 87' lang='lat' dir='ltr'><strong>nomina</strong></span> <span class='ocrx_word' id='word_1_276' title='bbox 1170 2518 1413 2587; x_wconf 89' lang='lat' dir='ltr'><strong>quidem,</strong></span> <span class='ocrx_word' id='word_1_277' title='bbox 1442 2518 1641 2573; x_wconf 89' lang='lat' dir='ltr'><strong>nedum</strong></span> <span class='ocrx_word' id='word_1_278' title='bbox 1670 2518 1869 2591; x_wconf 78' lang='lat' dir='ltr'><strong>ingenii</strong></span> <span class='ocrx_word' id='word_1_279' title='bbox 1900 2529 2275 2583; x_wconf 88' lang='lat' dir='ltr'><strong>monumenta,</strong></span> <span class='ocrx_word' id='word_1_280' title='bbox 2300 2519 2501 2588; x_wconf 82' lang='lat' dir='ltr'><strong>absque</strong></span> <span class='ocrx_word' id='word_1_281' title='bbox 2526 2517 2717 2573; x_wconf 89' lang='lat' dir='ltr'><strong>Photio</strong></span> <span class='ocrx_word' id='word_1_282' title='bbox 2746 2527 2911 2586; x_wconf 89' lang='lat' dir='ltr'><strong>esset,</strong></span> <span class='ocrx_word' id='word_1_283' title='bbox 2940 2527 3180 2573; x_wconf 86' lang='lat' dir='ltr'><strong>nostram</strong></span> <span class='ocrx_word' id='word_1_284' title='bbox 3212 2518 3277 2573; x_wconf 91' lang='lat' dir='ltr'><strong>ad</strong></span> <span class='ocrx_word' id='word_1_285' title='bbox 3306 2527 3520 2573; x_wconf 75' lang='lat' dir='ltr'><strong>aetatem</strong></span> <span class='ocrx_word' id='word_1_286' title='bbox 3539 2531 3663 2588; x_wconf 78' lang='lat' dir='ltr'><strong>per-</strong></span> 
     </span>
    </p>
   </div>
   <div class='ocr_carea' id='block_1_25' title="bbox 390 2603 3657 2677">
    <p class='ocr_par' dir='ltr' id='par_1_25' title="bbox 390 2603 3657 2677">
     <span class='ocr_line' id='line_1_25' title="bbox 390 2603 3657 2677; baseline 0 -19"><span class='ocrx_word' id='word_1_287' title='bbox 390 2606 687 2661; x_wconf 88' lang='lat' dir='ltr'><strong>venissent.</strong></span> <span class='ocrx_word' id='word_1_288' title='bbox 721 2603 876 2672; x_wconf 84' lang='lat' dir='ltr'><strong>Quod</strong></span> <span class='ocrx_word' id='word_1_289' title='bbox 908 2620 1042 2673; x_wconf 91' lang='lat' dir='ltr'><strong>opus</strong></span> <span class='ocrx_word' id='word_1_290' title='bbox 1072 2620 1165 2658; x_wconf 90' lang='lat' dir='ltr'><strong>seu</strong></span> <span class='ocrx_word' id='word_1_291' title='bbox 1200 2605 1512 2658; x_wconf 85' lang='lat' dir='ltr'><strong>thesaurum</strong></span> <span class='ocrx_word' id='word_1_292' title='bbox 1558 2606 1760 2670; x_wconf 86' lang='lat' dir='ltr'><strong>verius,</strong></span> <span class='ocrx_word' id='word_1_293' title='bbox 1798 2607 2007 2675; x_wconf 88' lang='lat' dir='ltr'><strong>pridem</strong></span> <span class='ocrx_word' id='word_1_294' title='bbox 2040 2617 2379 2676; x_wconf 75' lang='lat' dir='ltr'><strong>exoptatum,</strong></span> <span class='ocrx_word' id='word_1_295' title='bbox 2413 2622 2477 2661; x_wconf 93' lang='lat' dir='ltr'><strong>ac</strong></span> <span class='ocrx_word' id='word_1_296' title='bbox 2510 2607 2599 2661; x_wconf 89' lang='lat' dir='ltr'><strong>diu</strong></span> <span class='ocrx_word' id='word_1_297' title='bbox 2636 2606 2971 2676; x_wconf 89' lang='lat' dir='ltr'><strong>multumque</strong></span> <span class='ocrx_word' id='word_1_298' title='bbox 3002 2605 3210 2661; x_wconf 83' lang='lat' dir='ltr'><strong>frustra</strong></span> <span class='ocrx_word' id='word_1_299' title='bbox 3250 2607 3657 2677; x_wconf 87' lang='lat' dir='ltr'><strong>investigatum,</strong></span> 
     </span>
    </p>
   </div>
   <div class='ocr_carea' id='block_1_26' title="bbox 389 2690 3659 2764">
    <p class='ocr_par' dir='ltr' id='par_1_26' title="bbox 389 2690 3659 2764">
     <span class='ocr_line' id='line_1_26' title="bbox 389 2690 3659 2764; baseline 0.001 -19"><span class='ocrx_word' id='word_1_300' title='bbox 389 2707 510 2746; x_wconf 89' lang='lat' dir='ltr'><strong>cum</strong></span> <span class='ocrx_word' id='word_1_301' title='bbox 553 2692 865 2747; x_wconf 83' lang='lat' dir='ltr'><strong>Tarracone</strong></span> <span class='ocrx_word' id='word_1_302' title='bbox 912 2691 1088 2747; x_wconf 85' lang='lat' dir='ltr'><strong>Procli</strong></span> <span class='ocrx_word' id='word_1_303' title='bbox 1130 2690 1563 2745; x_wconf 85' lang='lat' dir='ltr'><strong>Chrestomatbia</strong></span> <span class='ocrx_word' id='word_1_304' title='bbox 1600 2690 1792 2746; x_wconf 77' lang='lat' dir='ltr'><strong>Latine</strong></span> <span class='ocrx_word' id='word_1_305' title='bbox 1827 2708 1855 2746; x_wconf 89' lang='lat' dir='ltr'><strong>a</strong></span> <span class='ocrx_word' id='word_1_306' title='bbox 1884 2710 1968 2747; x_wconf 89' lang='lat' dir='ltr'><strong>me</strong></span> <span class='ocrx_word' id='word_1_307' title='bbox 2002 2694 2230 2758; x_wconf 87' lang='lat' dir='ltr'><strong>reddita,</strong></span> <span class='ocrx_word' id='word_1_308' title='bbox 2262 2694 2409 2747; x_wconf 83' lang='lat' dir='ltr'><strong>velut</strong></span> <span class='ocrx_word' id='word_1_309' title='bbox 2445 2709 2506 2746; x_wconf 76' lang='lat' dir='ltr'><strong>ex</strong></span> <span class='ocrx_word' id='word_1_310' title='bbox 2556 2708 2735 2763; x_wconf 90' lang='lat' dir='ltr'><strong>ungue</strong></span> <span class='ocrx_word' id='word_1_311' title='bbox 2767 2692 2998 2758; x_wconf 81' lang='lat' dir='ltr'><strong>leonem,</strong></span> <span class='ocrx_word' id='word_1_312' title='bbox 3030 2694 3304 2748; x_wconf 68' lang='lat' dir='ltr'><strong>mstimare</strong></span> <span class='ocrx_word' id='word_1_313' title='bbox 3346 2694 3659 2764; x_wconf 68' lang='lat' dir='ltr'><strong>coepissent,</strong></span> 
     </span>
    </p>
   </div>
   <div class='ocr_carea' id='block_1_27' title="bbox 372 2779 3660 2850">
    <p class='ocr_par' dir='ltr' id='par_1_27' title="bbox 372 2779 3660 2850">
     <span class='ocr_line' id='line_1_27' title="bbox 372 2779 3660 2850; baseline 0 -16"><span class='ocrx_word' id='word_1_314' title='bbox 372 2786 583 2835; x_wconf 81' lang='lat' dir='ltr'><strong>&#39;nactus</strong></span> <span class='ocrx_word' id='word_1_315' title='bbox 614 2781 830 2833; x_wconf 87' lang='lat' dir='ltr'><strong>tandem</strong></span> <span class='ocrx_word' id='word_1_316' title='bbox 855 2779 1041 2835; x_wconf 73' lang='lat' dir='ltr'><strong>Romae</strong></span> <span class='ocrx_word' id='word_1_317' title='bbox 1071 2795 1212 2834; x_wconf 90' lang='lat' dir='ltr'><strong>sum.</strong></span> <span class='ocrx_word' id='word_1_318' title='bbox 1244 2779 1668 2833; x_wconf 85' lang='lat' dir='ltr'><strong>Describendum</strong></span> <span class='ocrx_word' id='word_1_319' title='bbox 1710 2782 1852 2835; x_wconf 91' lang='lat' dir='ltr'><strong>enim</strong></span> <span class='ocrx_word' id='word_1_320' title='bbox 1901 2782 2164 2835; x_wconf 88' lang='lat' dir='ltr'><strong>arbitratu</strong></span> <span class='ocrx_word' id='word_1_321' title='bbox 2200 2796 2320 2834; x_wconf 90' lang='lat' dir='ltr'><strong>meo</strong></span> <span class='ocrx_word' id='word_1_322' title='bbox 2353 2780 2621 2850; x_wconf 83' lang='lat' dir='ltr'><strong>permisit,</strong></span> <span class='ocrx_word' id='word_1_323' title='bbox 2656 2795 2819 2849; x_wconf 88' lang='lat' dir='ltr'><strong>quem</strong></span> <span class='ocrx_word' id='word_1_324' title='bbox 2856 2782 3078 2835; x_wconf 89' lang='lat' dir='ltr'><strong>honoris</strong></span> <span class='ocrx_word' id='word_1_325' title='bbox 3105 2795 3265 2834; x_wconf 87' lang='lat' dir='ltr'><strong>causa</strong></span> <span class='ocrx_word' id='word_1_326' title='bbox 3295 2779 3526 2836; x_wconf 86' lang='lat' dir='ltr'><strong>libenter</strong></span> <span class='ocrx_word' id='word_1_327' title='bbox 3555 2796 3660 2835; x_wconf 84' lang='lat' dir='ltr'><strong>no-</strong></span> 
     </span>
    </p>
   </div>
   <div class='ocr_carea' id='block_1_28' title="bbox 391 2866 3660 2939">
    <p class='ocr_par' dir='ltr' id='par_1_28' title="bbox 391 2866 3660 2939">
     <span class='ocr_line' id='line_1_28' title="bbox 391 2866 3660 2939; baseline -0 -16"><span class='ocrx_word' id='word_1_328' title='bbox 391 2872 557 2936; x_wconf 85' lang='lat' dir='ltr'><strong>mino,</strong></span> <span class='ocrx_word' id='word_1_329' title='bbox 600 2869 1003 2925; x_wconf 90' lang='lat' dir='ltr'><strong>illustrissimus</strong></span> <span class='ocrx_word' id='word_1_330' title='bbox 1053 2868 1322 2923; x_wconf 81' lang='lat' dir='ltr'><strong>Ascanius</strong></span> <span class='ocrx_word' id='word_1_331' title='bbox 1350 2868 1636 2931; x_wconf 89' lang='lat' dir='ltr'><strong>Columna,</strong></span> <span class='ocrx_word' id='word_1_332' title='bbox 1667 2881 2084 2938; x_wconf 89' lang='lat' dir='ltr'><strong>purpuratorum</strong></span> <span class='ocrx_word' id='word_1_333' title='bbox 2116 2881 2329 2938; x_wconf 89' lang='lat' dir='ltr'><strong>patrum</strong></span> <span class='ocrx_word' id='word_1_334' title='bbox 2368 2881 2771 2924; x_wconf 86' lang='lat' dir='ltr'><strong>ornamentum.</strong></span> <span class='ocrx_word' id='word_1_335' title='bbox 2802 2866 2942 2924; x_wconf 73' lang='lat' dir='ltr'><strong>Post</strong></span> <span class='ocrx_word' id='word_1_336' title='bbox 2974 2883 3102 2922; x_wconf 88' lang='lat' dir='ltr'><strong>vero</strong></span> <span class='ocrx_word' id='word_1_337' title='bbox 3132 2884 3255 2923; x_wconf 83' lang='lat' dir='ltr'><strong>cum</strong></span> <span class='ocrx_word' id='word_1_338' title='bbox 3286 2868 3339 2922; x_wconf 88' lang='lat' dir='ltr'><strong>id</strong></span> <span class='ocrx_word' id='word_1_339' title='bbox 3364 2868 3660 2939; x_wconf 88' lang='lat' dir='ltr'><strong>diligenter</strong></span> 
     </span>
    </p>
   </div>
   <div class='ocr_carea' id='block_1_29' title="bbox 389 2955 3661 3030">
    <p class='ocr_par' dir='ltr' id='par_1_29' title="bbox 389 2955 3661 3030">
     <span class='ocr_line' id='line_1_29' title="bbox 389 2955 3661 3030; baseline -0.001 -17"><span class='ocrx_word' id='word_1_340' title='bbox 389 2960 461 3014; x_wconf 83' lang='lat' dir='ltr'><strong>ad</strong></span> <span class='ocrx_word' id='word_1_341' title='bbox 483 2959 758 3014; x_wconf 85' lang='lat' dir='ltr'><strong>variorum</strong></span> <span class='ocrx_word' id='word_1_342' title='bbox 790 2957 1186 3028; x_wconf 74' lang='lat' dir='ltr'><strong>exemplarium</strong></span> <span class='ocrx_word' id='word_1_343' title='bbox 1235 2956 1392 3011; x_wconf 86' lang='lat' dir='ltr'><strong>fidem</strong></span> <span class='ocrx_word' id='word_1_344' title='bbox 1440 2969 1834 3027; x_wconf 87' lang='lat' dir='ltr'><strong>comparatum,</strong></span> <span class='ocrx_word' id='word_1_345' title='bbox 1874 2957 2242 3030; x_wconf 78' lang='lat' dir='ltr'><strong>typograpbus</strong></span> <span class='ocrx_word' id='word_1_346' title='bbox 2284 2957 2634 3026; x_wconf 76' lang='lat' dir='ltr'><strong>Augusmnus</strong></span> <span class='ocrx_word' id='word_1_347' title='bbox 2671 2955 3012 3026; x_wconf 79' lang='lat' dir='ltr'><strong>elegantibus</strong></span> <span class='ocrx_word' id='word_1_348' title='bbox 3043 2955 3181 3027; x_wconf 80' lang='lat' dir='ltr'><strong>typis</strong></span> <span class='ocrx_word' id='word_1_349' title='bbox 3211 2955 3540 3025; x_wconf 85' lang='lat' dir='ltr'><strong>evulgasset,</strong></span> <span class='ocrx_word' id='word_1_350' title='bbox 3577 2955 3661 3009; x_wconf 85' lang='lat' dir='ltr'><strong>ef-</strong></span> 
     </span>
    </p>
   </div>
   <div class='ocr_carea' id='block_1_30' title="bbox 391 3040 3661 3118">
    <p class='ocr_par' dir='ltr' id='par_1_30' title="bbox 391 3040 3661 3118">
     <span class='ocr_line' id='line_1_30' title="bbox 391 3040 3661 3118; baseline -0.002 -18"><span class='ocrx_word' id='word_1_351' title='bbox 391 3047 701 3118; x_wconf 74' lang='lat' dir='ltr'><strong>ﬂagitarunt</strong></span> <span class='ocrx_word' id='word_1_352' title='bbox 740 3062 879 3117; x_wconf 86' lang='lat' dir='ltr'><strong>pene</strong></span> <span class='ocrx_word' id='word_1_353' title='bbox 922 3045 1174 3101; x_wconf 90' lang='lat' dir='ltr'><strong>convicio</strong></span> <span class='ocrx_word' id='word_1_354' title='bbox 1230 3044 1553 3111; x_wconf 77' lang='lat' dir='ltr'><strong>familiares,</strong></span> <span class='ocrx_word' id='word_1_355' title='bbox 1601 3046 1798 3117; x_wconf 89' lang='lat' dir='ltr'><strong>quibus</strong></span> <span class='ocrx_word' id='word_1_356' title='bbox 1847 3047 2070 3099; x_wconf 89' lang='lat' dir='ltr'><strong>multutn</strong></span> <span class='ocrx_word' id='word_1_357' title='bbox 2122 3056 2177 3097; x_wconf 90' lang='lat' dir='ltr'><strong>et</strong></span> <span class='ocrx_word' id='word_1_358' title='bbox 2214 3044 2409 3099; x_wconf 88' lang='lat' dir='ltr'><strong>velletn</strong></span> <span class='ocrx_word' id='word_1_359' title='bbox 2442 3052 2497 3097; x_wconf 91' lang='lat' dir='ltr'><strong>et</strong></span> <span class='ocrx_word' id='word_1_360' title='bbox 2543 3044 2820 3108; x_wconf 85' lang='lat' dir='ltr'><strong>deberem,</strong></span> <span class='ocrx_word' id='word_1_361' title='bbox 2856 3054 2911 3095; x_wconf 91' lang='lat' dir='ltr'><strong>ut</strong></span> <span class='ocrx_word' id='word_1_362' title='bbox 2940 3040 3133 3095; x_wconf 85' lang='lat' dir='ltr'><strong>Latina</strong></span> <span class='ocrx_word' id='word_1_363' title='bbox 3171 3042 3377 3096; x_wconf 82' lang='lat' dir='ltr'><strong>dunare</strong></span> <span class='ocrx_word' id='word_1_364' title='bbox 3432 3043 3661 3097; x_wconf 87' lang='lat' dir='ltr'><strong>civitate</strong></span> 
     </span>
    </p>
   </div>
   <div class='ocr_carea' id='block_1_31' title="bbox 390 3129 3658 3204">
    <p class='ocr_par' dir='ltr' id='par_1_31' title="bbox 390 3129 3658 3204">
     <span class='ocr_line' id='line_1_31' title="bbox 390 3129 3658 3204; baseline -0.001 -18"><span class='ocrx_word' id='word_1_365' title='bbox 390 3133 823 3204; x_wconf 84' lang='lat' dir='ltr'><strong>promptuarium</strong></span> <span class='ocrx_word' id='word_1_366' title='bbox 856 3133 1199 3198; x_wconf 89' lang='lat' dir='ltr'><strong>eruditionis,</strong></span> <span class='ocrx_word' id='word_1_367' title='bbox 1234 3149 1341 3203; x_wconf 90' lang='lat' dir='ltr'><strong>quo</strong></span> <span class='ocrx_word' id='word_1_368' title='bbox 1366 3135 1433 3187; x_wconf 90' lang='lat' dir='ltr'><strong>ad</strong></span> <span class='ocrx_word' id='word_1_369' title='bbox 1464 3134 1644 3203; x_wconf 88' lang='lat' dir='ltr'><strong>plures</strong></span> <span class='ocrx_word' id='word_1_370' title='bbox 1672 3143 1952 3187; x_wconf 84' lang='lat' dir='ltr'><strong>emanaret</strong></span> <span class='ocrx_word' id='word_1_371' title='bbox 1996 3132 2221 3197; x_wconf 85' lang='lat' dir='ltr'><strong>utilitas,</strong></span> <span class='ocrx_word' id='word_1_372' title='bbox 2260 3147 2357 3201; x_wconf 86' lang='lat' dir='ltr'><strong>pro</strong></span> <span class='ocrx_word' id='word_1_373' title='bbox 2398 3131 2542 3184; x_wconf 79' lang='lat' dir='ltr'><strong>virili</strong></span> <span class='ocrx_word' id='word_1_374' title='bbox 2572 3132 2980 3185; x_wconf 90' lang='lat' dir='ltr'><strong>contenderem.</strong></span> <span class='ocrx_word' id='word_1_375' title='bbox 3009 3129 3161 3184; x_wconf 85' lang='lat' dir='ltr'><strong>Cessi</strong></span> <span class='ocrx_word' id='word_1_376' title='bbox 3199 3147 3327 3199; x_wconf 84' lang='lat' dir='ltr'><strong>ergo</strong></span> <span class='ocrx_word' id='word_1_377' title='bbox 3357 3131 3658 3186; x_wconf 89' lang='lat' dir='ltr'><strong>amicorum</strong></span> 
     </span>
    </p>
   </div>
   <div class='ocr_carea' id='block_1_32' title="bbox 391 3220 3663 3293">
    <p class='ocr_par' dir='ltr' id='par_1_32' title="bbox 391 3220 3663 3293">
     <span class='ocr_line' id='line_1_32' title="bbox 391 3220 3663 3293; baseline -0.001 -18"><span class='ocrx_word' id='word_1_378' title='bbox 391 3225 644 3290; x_wconf 90' lang='lat' dir='ltr'><strong>precibus</strong></span> <span class='ocrx_word' id='word_1_379' title='bbox 672 3223 868 3286; x_wconf 88' lang='lat' dir='ltr'><strong>victus,</strong></span> <span class='ocrx_word' id='word_1_380' title='bbox 916 3231 972 3278; x_wconf 92' lang='lat' dir='ltr'><strong>et</strong></span> <span class='ocrx_word' id='word_1_381' title='bbox 997 3222 1314 3292; x_wconf 72' lang='lat' dir='ltr'><strong>periculosa:</strong></span> <span class='ocrx_word' id='word_1_382' title='bbox 1359 3221 1572 3290; x_wconf 89' lang='lat' dir='ltr'><strong>plenum</strong></span> <span class='ocrx_word' id='word_1_383' title='bbox 1629 3238 1766 3293; x_wconf 78' lang='lat' dir='ltr'><strong>Opus</strong></span> <span class='ocrx_word' id='word_1_384' title='bbox 1822 3223 1953 3275; x_wconf 71' lang='lat' dir='ltr'><strong>alea:</strong></span> <span class='ocrx_word' id='word_1_385' title='bbox 1987 3237 2296 3292; x_wconf 86' lang='lat' dir='ltr'><strong>aggressus,</strong></span> <span class='ocrx_word' id='word_1_386' title='bbox 2330 3222 2398 3274; x_wconf 89' lang='lat' dir='ltr'><strong>ad</strong></span> <span class='ocrx_word' id='word_1_387' title='bbox 2429 3221 2634 3274; x_wconf 76' lang='lat' dir='ltr'><strong>exitum</strong></span> <span class='ocrx_word' id='word_1_388' title='bbox 2690 3222 2932 3282; x_wconf 85' lang='lat' dir='ltr'><strong>tandem,</strong></span> <span class='ocrx_word' id='word_1_389' title='bbox 2993 3221 3100 3273; x_wconf 81' lang='lat' dir='ltr'><strong>Deo</strong></span> <span class='ocrx_word' id='word_1_390' title='bbox 3135 3221 3278 3275; x_wconf 90' lang='lat' dir='ltr'><strong>vires</strong></span> <span class='ocrx_word' id='word_1_391' title='bbox 3310 3220 3663 3292; x_wconf 89' lang='lat' dir='ltr'><strong>animumque</strong></span> 
     </span>
    </p>
   </div>
   <div class='ocr_carea' id='block_1_33' title="bbox 338 3307 3662 3381">
    <p class='ocr_par' dir='ltr' id='par_1_33' title="bbox 338 3307 3662 3381">
     <span class='ocr_line' id='line_1_33' title="bbox 338 3307 3662 3381; baseline -0.001 -16"><span class='ocrx_word' id='word_1_392' title='bbox 338 3328 343 3333; x_wconf 85' lang='lat'>&#39;</span> <span class='ocrx_word' id='word_1_393' title='bbox 389 3311 787 3381; x_wconf 84' lang='lat' dir='ltr'><strong>suppeditante,</strong></span> <span class='ocrx_word' id='word_1_394' title='bbox 826 3319 1145 3365; x_wconf 84' lang='lat' dir='ltr'><strong>constanter</strong></span> <span class='ocrx_word' id='word_1_395' title='bbox 1206 3310 1431 3364; x_wconf 81' lang='lat' dir='ltr'><strong>adduxi.</strong></span> <span class='ocrx_word' id='word_1_396' title='bbox 1467 3309 1606 3377; x_wconf 84' lang='lat' dir='ltr'><strong>Quid</strong></span> <span class='ocrx_word' id='word_1_397' title='bbox 1643 3312 1746 3364; x_wconf 90' lang='lat' dir='ltr'><strong>sim</strong></span> <span class='ocrx_word' id='word_1_398' title='bbox 1788 3320 2097 3376; x_wconf 86' lang='lat' dir='ltr'><strong>assecutus,</strong></span> <span class='ocrx_word' id='word_1_399' title='bbox 2151 3320 2376 3364; x_wconf 72' lang='lat' dir='ltr'><strong>secutus</strong></span> <span class='ocrx_word' id='word_1_400' title='bbox 2419 3319 2587 3371; x_wconf 90' lang='lat' dir='ltr'><strong>certe,</strong></span> <span class='ocrx_word' id='word_1_401' title='bbox 2626 3317 2801 3372; x_wconf 92' lang='lat' dir='ltr'><strong>tuum,</strong></span> <span class='ocrx_word' id='word_1_402' title='bbox 2850 3309 2934 3360; x_wconf 90' lang='lat' dir='ltr'><strong>vir</strong></span> <span class='ocrx_word' id='word_1_403' title='bbox 2960 3308 3300 3371; x_wconf 81' lang='lat' dir='ltr'><strong>doctissime,</strong></span> <span class='ocrx_word' id='word_1_404' title='bbox 3331 3307 3662 3378; x_wconf 87' lang='lat' dir='ltr'><strong>lectorisque</strong></span> 
     </span>
    </p>
   </div>
   <div class='ocr_carea' id='block_1_34' title="bbox 390 3394 3662 3469">
    <p class='ocr_par' dir='ltr' id='par_1_34' title="bbox 390 3394 3662 3469">
     <span class='ocr_line' id='line_1_34' title="bbox 390 3394 3662 3469; baseline -0 -18"><span class='ocrx_word' id='word_1_405' title='bbox 390 3413 494 3453; x_wconf 92' lang='lat' dir='ltr'><strong>non</strong></span> <span class='ocrx_word' id='word_1_406' title='bbox 526 3397 758 3468; x_wconf 92' lang='lat' dir='ltr'><strong>imperiti</strong></span> <span class='ocrx_word' id='word_1_407' title='bbox 784 3396 1052 3469; x_wconf 89' lang='lat' dir='ltr'><strong>judicium</strong></span> <span class='ocrx_word' id='word_1_408' title='bbox 1090 3406 1228 3453; x_wconf 87' lang='lat' dir='ltr'><strong>esto.</strong></span> <span class='ocrx_word' id='word_1_409' title='bbox 1256 3396 1395 3452; x_wconf 87' lang='lat' dir='ltr'><strong>Num</strong></span> <span class='ocrx_word' id='word_1_410' title='bbox 1433 3399 1557 3468; x_wconf 88' lang='lat' dir='ltr'><strong>quid</strong></span> <span class='ocrx_word' id='word_1_411' title='bbox 1585 3397 1862 3468; x_wconf 85' lang='lat' dir='ltr'><strong>amplius?</strong></span> <span class='ocrx_word' id='word_1_412' title='bbox 1894 3396 2092 3451; x_wconf 84' lang='lat' dir='ltr'><strong>Etiam.</strong></span> <span class='ocrx_word' id='word_1_413' title='bbox 2136 3394 2509 3451; x_wconf 87' lang='lat' dir='ltr'><strong>Patrocinium</strong></span> <span class='ocrx_word' id='word_1_414' title='bbox 2549 3396 2738 3450; x_wconf 74' lang='lat' dir='ltr'><strong>adlucc</strong></span> <span class='ocrx_word' id='word_1_415' title='bbox 2784 3395 2987 3449; x_wconf 88' lang='lat' dir='ltr'><strong>laboris</strong></span> <span class='ocrx_word' id='word_1_416' title='bbox 3015 3394 3173 3463; x_wconf 70' lang='lat' dir='ltr'><strong>plane</strong></span> <span class='ocrx_word' id='word_1_417' title='bbox 3202 3394 3477 3462; x_wconf 84' lang='lat' dir='ltr'><strong>Herculei,</strong></span> <span class='ocrx_word' id='word_1_418' title='bbox 3508 3411 3662 3451; x_wconf 88' lang='lat' dir='ltr'><strong>more</strong></span> 
     </span>
    </p>
   </div>
   <div class='ocr_carea' id='block_1_35' title="bbox 388 3482 3666 3555">
    <p class='ocr_par' dir='ltr' id='par_1_35' title="bbox 388 3482 3666 3555">
     <span class='ocr_line' id='line_1_35' title="bbox 388 3482 3666 3555; baseline -0.001 -16"><span class='ocrx_word' id='word_1_419' title='bbox 388 3487 746 3555; x_wconf 89' lang='lat' dir='ltr'><strong>institutoque</strong></span> <span class='ocrx_word' id='word_1_420' title='bbox 786 3486 1073 3554; x_wconf 89' lang='lat' dir='ltr'><strong>majorum,</strong></span> <span class='ocrx_word' id='word_1_421' title='bbox 1113 3487 1213 3542; x_wconf 89' lang='lat' dir='ltr'><strong>abs</strong></span> <span class='ocrx_word' id='word_1_422' title='bbox 1244 3494 1296 3540; x_wconf 83' lang='lat' dir='ltr'><strong>te</strong></span> <span class='ocrx_word' id='word_1_423' title='bbox 1334 3486 1679 3555; x_wconf 81' lang='lat' dir='ltr'><strong>potissimum</strong></span> <span class='ocrx_word' id='word_1_424' title='bbox 1719 3484 1885 3555; x_wconf 88' lang='lat' dir='ltr'><strong>justis</strong></span> <span class='ocrx_word' id='word_1_425' title='bbox 1915 3487 1982 3540; x_wconf 88' lang='lat' dir='ltr'><strong>de</strong></span> <span class='ocrx_word' id='word_1_426' title='bbox 2030 3484 2213 3541; x_wconf 86' lang='lat' dir='ltr'><strong>causis</strong></span> <span class='ocrx_word' id='word_1_427' title='bbox 2262 3484 2515 3554; x_wconf 89' lang='lat' dir='ltr'><strong>imploro.</strong></span> <span class='ocrx_word' id='word_1_428' title='bbox 2556 3484 2710 3549; x_wconf 82' lang='lat' dir='ltr'><strong>Quod</strong></span> <span class='ocrx_word' id='word_1_429' title='bbox 2738 3484 2885 3539; x_wconf 89' lang='lat' dir='ltr'><strong>enim</strong></span> <span class='ocrx_word' id='word_1_430' title='bbox 2925 3482 3114 3538; x_wconf 63' lang='lat' dir='ltr'><strong>Graece</strong></span> <span class='ocrx_word' id='word_1_431' title='bbox 3146 3482 3289 3552; x_wconf 91' lang='lat' dir='ltr'><strong>apud</strong></span> <span class='ocrx_word' id='word_1_432' title='bbox 3318 3498 3414 3539; x_wconf 91' lang='lat' dir='ltr'><strong>vos</strong></span> <span class='ocrx_word' id='word_1_433' title='bbox 3437 3483 3666 3540; x_wconf 90' lang='lat' dir='ltr'><strong>Photins</strong></span> 
     </span>
    </p>
   </div>
   <div class='ocr_carea' id='block_1_36' title="bbox 389 3570 3656 3645">
    <p class='ocr_par' dir='ltr' id='par_1_36' title="bbox 389 3570 3656 3645">
     <span class='ocr_line' id='line_1_36' title="bbox 389 3570 3656 3645; baseline -0.001 -18"><span class='ocrx_word' id='word_1_434' title='bbox 389 3572 571 3627; x_wconf 88' lang='lat' dir='ltr'><strong>lumen</strong></span> <span class='ocrx_word' id='word_1_435' title='bbox 612 3574 846 3641; x_wconf 90' lang='lat' dir='ltr'><strong>primum</strong></span> <span class='ocrx_word' id='word_1_436' title='bbox 897 3574 1192 3643; x_wconf 79' lang='lat' dir='ltr'><strong>aspexerit,</strong></span> <span class='ocrx_word' id='word_1_437' title='bbox 1229 3570 1482 3627; x_wconf 89' lang='lat' dir='ltr'><strong>Latinam</strong></span> <span class='ocrx_word' id='word_1_438' title='bbox 1529 3590 1746 3644; x_wconf 83' lang='lat' dir='ltr'><strong>quoque</strong></span> <span class='ocrx_word' id='word_1_439' title='bbox 1778 3573 2286 3645; x_wconf 85' lang='lat' dir='ltr'><strong>interpretationem</strong></span> <span class='ocrx_word' id='word_1_440' title='bbox 2322 3571 2752 3642; x_wconf 88' lang='lat' dir='ltr'><strong>subjungendam</strong></span> <span class='ocrx_word' id='word_1_441' title='bbox 2778 3571 2868 3639; x_wconf 89' lang='lat' dir='ltr'><strong>jus</strong></span> <span class='ocrx_word' id='word_1_442' title='bbox 2901 3570 3091 3641; x_wconf 78' lang='lat' dir='ltr'><strong>fasque</strong></span> <span class='ocrx_word' id='word_1_443' title='bbox 3117 3571 3330 3636; x_wconf 88' lang='lat' dir='ltr'><strong>censui,</strong></span> <span class='ocrx_word' id='word_1_444' title='bbox 3359 3582 3471 3625; x_wconf 90' lang='lat' dir='ltr'><strong>tum</strong></span> <span class='ocrx_word' id='word_1_445' title='bbox 3511 3571 3656 3641; x_wconf 90' lang='lat' dir='ltr'><strong>quod</strong></span> 
     </span>
    </p>
   </div>
   <div class='ocr_carea' id='block_1_37' title="bbox 390 3658 3660 3734">
    <p class='ocr_par' dir='ltr' id='par_1_37' title="bbox 390 3658 3660 3734">
     <span class='ocr_line' id='line_1_37' title="bbox 390 3658 3660 3734; baseline 0 -19"><span class='ocrx_word' id='word_1_446' title='bbox 390 3662 719 3732; x_wconf 65' lang='lat' dir='ltr'><strong>Angustaua:</strong></span> <span class='ocrx_word' id='word_1_447' title='bbox 769 3661 1112 3717; x_wconf 72' lang='lat' dir='ltr'><strong>bibliotheca:</strong></span> <span class='ocrx_word' id='word_1_448' title='bbox 1157 3678 1353 3717; x_wconf 90' lang='lat' dir='ltr'><strong>nomen</strong></span> <span class='ocrx_word' id='word_1_449' title='bbox 1412 3679 1699 3719; x_wconf 89' lang='lat' dir='ltr'><strong>connnnne</strong></span> <span class='ocrx_word' id='word_1_450' title='bbox 1757 3664 2039 3721; x_wconf 86' lang='lat' dir='ltr'><strong>invitarit:</strong></span> <span class='ocrx_word' id='word_1_451' title='bbox 2083 3678 2204 3734; x_wconf 75' lang='lat' dir='ltr'><strong>quae</strong></span> <span class='ocrx_word' id='word_1_452' title='bbox 2239 3661 2569 3717; x_wconf 85' lang='lat' dir='ltr'><strong>bibliotheca</strong></span> <span class='ocrx_word' id='word_1_453' title='bbox 2606 3659 3039 3725; x_wconf 85' lang='lat' dir='ltr'><strong>Viudelicorum,</strong></span> <span class='ocrx_word' id='word_1_454' title='bbox 3080 3660 3319 3715; x_wconf 85' lang='lat' dir='ltr'><strong>civitatis</strong></span> <span class='ocrx_word' id='word_1_455' title='bbox 3348 3658 3660 3716; x_wconf 64' lang='lat' dir='ltr'><strong>Germaniae</strong></span> 
     </span>
    </p>
   </div>
   <div class='ocr_carea' id='block_1_38' title="bbox 390 3746 3663 3822">
    <p class='ocr_par' dir='ltr' id='par_1_38' title="bbox 390 3746 3663 3822">
     <span class='ocr_line' id='line_1_38' title="bbox 390 3746 3663 3822; baseline 0 -19"><span class='ocrx_word' id='word_1_456' title='bbox 390 3764 517 3804; x_wconf 89' lang='lat' dir='ltr'><strong>vere</strong></span> <span class='ocrx_word' id='word_1_457' title='bbox 554 3749 831 3820; x_wconf 62' lang='lat' dir='ltr'><strong>Augustae,</strong></span> <span class='ocrx_word' id='word_1_458' title='bbox 865 3764 990 3805; x_wconf 91' lang='lat' dir='ltr'><strong>cum</strong></span> <span class='ocrx_word' id='word_1_459' title='bbox 1038 3750 1176 3804; x_wconf 85' lang='lat' dir='ltr'><strong>alios</strong></span> <span class='ocrx_word' id='word_1_460' title='bbox 1226 3750 1330 3804; x_wconf 87' lang='lat' dir='ltr'><strong>alia</strong></span> <span class='ocrx_word' id='word_1_461' title='bbox 1367 3752 1432 3803; x_wconf 90' lang='lat' dir='ltr'><strong>ad</strong></span> <span class='ocrx_word' id='word_1_462' title='bbox 1462 3753 1815 3821; x_wconf 87' lang='lat' dir='ltr'><strong>spectandam</strong></span> <span class='ocrx_word' id='word_1_463' title='bbox 1869 3752 2017 3807; x_wconf 90' lang='lat' dir='ltr'><strong>urbis</strong></span> <span class='ocrx_word' id='word_1_464' title='bbox 2059 3746 2370 3822; x_wconf 81' lang='lat' dir='ltr'><strong>civiumque</strong></span> <span class='ocrx_word' id='word_1_465' title='bbox 2420 3751 2746 3822; x_wconf 75' lang='lat' dir='ltr'><strong>elegantiam</strong></span> <span class='ocrx_word' id='word_1_466' title='bbox 2778 3757 3053 3815; x_wconf 75' lang='lat' dir='ltr'><strong>moveant,</strong></span> <span class='ocrx_word' id='word_1_467' title='bbox 3087 3765 3173 3804; x_wconf 86' lang='lat' dir='ltr'><strong>me</strong></span> <span class='ocrx_word' id='word_1_468' title='bbox 3196 3750 3559 3819; x_wconf 84' lang='lat' dir='ltr'><strong>potissimum,</strong></span> <span class='ocrx_word' id='word_1_469' title='bbox 3592 3751 3663 3804; x_wconf 93' lang='lat' dir='ltr'><strong>ob</strong></span> 
     </span>
    </p>
   </div>
   <div class='ocr_carea' id='block_1_39' title="bbox 390 3836 3662 3910">
    <p class='ocr_par' dir='ltr' id='par_1_39' title="bbox 390 3836 3662 3910">
     <span class='ocr_line' id='line_1_39' title="bbox 390 3836 3662 3910; baseline 0.001 -19"><span class='ocrx_word' id='word_1_470' title='bbox 390 3837 656 3892; x_wconf 88' lang='lat' dir='ltr'><strong>librorum</strong></span> <span class='ocrx_word' id='word_1_471' title='bbox 704 3836 915 3892; x_wconf 86' lang='lat' dir='ltr'><strong>calamo</strong></span> <span class='ocrx_word' id='word_1_472' title='bbox 942 3837 995 3892; x_wconf 90' lang='lat' dir='ltr'><strong>in</strong></span> <span class='ocrx_word' id='word_1_473' title='bbox 1034 3839 1369 3892; x_wconf 87' lang='lat' dir='ltr'><strong>membranis</strong></span> <span class='ocrx_word' id='word_1_474' title='bbox 1397 3850 1743 3894; x_wconf 85' lang='lat' dir='ltr'><strong>exaratorum</strong></span> <span class='ocrx_word' id='word_1_475' title='bbox 1770 3849 1825 3895; x_wconf 88' lang='lat' dir='ltr'><strong>et</strong></span> <span class='ocrx_word' id='word_1_476' title='bbox 1866 3843 2098 3906; x_wconf 79' lang='lat' dir='ltr'><strong>couiam,</strong></span> <span class='ocrx_word' id='word_1_477' title='bbox 2128 3852 2185 3897; x_wconf 90' lang='lat' dir='ltr'><strong>et</strong></span> <span class='ocrx_word' id='word_1_478' title='bbox 2235 3849 2587 3908; x_wconf 81' lang='lat' dir='ltr'><strong>vetustatem,</strong></span> <span class='ocrx_word' id='word_1_479' title='bbox 2620 3843 2672 3895; x_wconf 91' lang='lat' dir='ltr'><strong>in</strong></span> <span class='ocrx_word' id='word_1_480' title='bbox 2710 3841 2792 3896; x_wconf 91' lang='lat' dir='ltr'><strong>sui</strong></span> <span class='ocrx_word' id='word_1_481' title='bbox 2843 3839 3262 3896; x_wconf 87' lang='lat' dir='ltr'><strong>admirationem</strong></span> <span class='ocrx_word' id='word_1_482' title='bbox 3307 3840 3485 3910; x_wconf 85' lang='lat' dir='ltr'><strong>rapuit</strong></span> <span class='ocrx_word' id='word_1_483' title='bbox 3518 3839 3662 3893; x_wconf 80' lang='lat' dir='ltr'><strong>deti—</strong></span> 
     </span>
    </p>
   </div>
   <div class='ocr_carea' id='block_1_40' title="bbox 390 3923 3664 4001">
    <p class='ocr_par' dir='ltr' id='par_1_40' title="bbox 390 3923 3664 4001">
     <span class='ocr_line' id='line_1_40' title="bbox 390 3923 3664 4001; baseline 0.001 -22"><span class='ocrx_word' id='word_1_484' title='bbox 390 3925 637 3994; x_wconf 87' lang='lat' dir='ltr'><strong>nuitque.</strong></span> <span class='ocrx_word' id='word_1_485' title='bbox 672 3923 754 3977; x_wconf 85' lang='lat' dir='ltr'><strong>Ad</strong></span> <span class='ocrx_word' id='word_1_486' title='bbox 790 3938 955 3994; x_wconf 90' lang='lat' dir='ltr'><strong>quam</strong></span> <span class='ocrx_word' id='word_1_487' title='bbox 989 3925 1205 3995; x_wconf 88' lang='lat' dir='ltr'><strong>quidem</strong></span> <span class='ocrx_word' id='word_1_488' title='bbox 1238 3926 1538 3980; x_wconf 86' lang='lat' dir='ltr'><strong>ornandam</strong></span> <span class='ocrx_word' id='word_1_489' title='bbox 1577 3927 1881 3995; x_wconf 83' lang='lat' dir='ltr'><strong>respublica</strong></span> <span class='ocrx_word' id='word_1_490' title='bbox 1934 3940 2109 3985; x_wconf 87' lang='lat' dir='ltr'><strong>vestra</strong></span> <span class='ocrx_word' id='word_1_491' title='bbox 2144 3930 2448 4000; x_wconf 87' lang='lat' dir='ltr'><strong>catalogum</strong></span> <span class='ocrx_word' id='word_1_492' title='bbox 2498 3930 2890 4001; x_wconf 79' lang='lat' dir='ltr'><strong>exemplarium</strong></span> <span class='ocrx_word' id='word_1_493' title='bbox 2914 3944 3035 3999; x_wconf 64' lang='lat' dir='ltr'><strong>qua:</strong></span> <span class='ocrx_word' id='word_1_494' title='bbox 3071 3929 3398 3998; x_wconf 85' lang='lat' dir='ltr'><strong>possideret,</strong></span> <span class='ocrx_word' id='word_1_495' title='bbox 3427 3943 3525 3999; x_wconf 88' lang='lat' dir='ltr'><strong>per</strong></span> <span class='ocrx_word' id='word_1_496' title='bbox 3553 3929 3664 3982; x_wconf 78' lang='lat' dir='ltr'><strong>Eu-</strong></span> 
     </span>
    </p>
   </div>
   <div class='ocr_carea' id='block_1_41' title="bbox 391 4011 3663 4087">
    <p class='ocr_par' dir='ltr' id='par_1_41' title="bbox 391 4011 3663 4087">
     <span class='ocr_line' id='line_1_41' title="bbox 391 4011 3663 4087; baseline 0.001 -22"><span class='ocrx_word' id='word_1_497' title='bbox 391 4026 578 4080; x_wconf 89' lang='lat' dir='ltr'><strong>ropam</strong></span> <span class='ocrx_word' id='word_1_498' title='bbox 617 4011 1004 4068; x_wconf 86' lang='lat' dir='ltr'><strong>dissetninasse</strong></span> <span class='ocrx_word' id='word_1_499' title='bbox 1035 4029 1138 4066; x_wconf 88' lang='lat' dir='ltr'><strong>non</strong></span> <span class='ocrx_word' id='word_1_500' title='bbox 1167 4024 1443 4077; x_wconf 86' lang='lat' dir='ltr'><strong>contenta,</strong></span> <span class='ocrx_word' id='word_1_501' title='bbox 1477 4014 1668 4069; x_wconf 90' lang='lat' dir='ltr'><strong>doctos</strong></span> <span class='ocrx_word' id='word_1_502' title='bbox 1694 4015 1859 4069; x_wconf 89' lang='lat' dir='ltr'><strong>etiam</strong></span> <span class='ocrx_word' id='word_1_503' title='bbox 1889 4016 2140 4072; x_wconf 88' lang='lat' dir='ltr'><strong>homines</strong></span> <span class='ocrx_word' id='word_1_504' title='bbox 2170 4018 2425 4071; x_wconf 86' lang='lat' dir='ltr'><strong>inusitata</strong></span> <span class='ocrx_word' id='word_1_505' title='bbox 2451 4027 2505 4073; x_wconf 92' lang='lat' dir='ltr'><strong>et</strong></span> <span class='ocrx_word' id='word_1_506' title='bbox 2536 4033 2761 4087; x_wconf 86' lang='lat' dir='ltr'><strong>prorsus</strong></span> <span class='ocrx_word' id='word_1_507' title='bbox 2792 4016 3057 4084; x_wconf 82' lang='lat' dir='ltr'><strong>singulari</strong></span> <span class='ocrx_word' id='word_1_508' title='bbox 3095 4016 3433 4072; x_wconf 88' lang='lat' dir='ltr'><strong>humanitate</strong></span> <span class='ocrx_word' id='word_1_509' title='bbox 3464 4016 3663 4072; x_wconf 88' lang='lat' dir='ltr'><strong>invitat</strong></span> 
     </span>
    </p>
   </div>
   <div class='ocr_carea' id='block_1_42' title="bbox 390 4095 3662 4175">
    <p class='ocr_par' dir='ltr' id='par_1_42' title="bbox 390 4095 3662 4175">
     <span class='ocr_line' id='line_1_42' title="bbox 390 4095 3662 4175; baseline 0.002 -24"><span class='ocrx_word' id='word_1_510' title='bbox 390 4112 499 4169; x_wconf 92' lang='lat' dir='ltr'><strong>quo</strong></span> <span class='ocrx_word' id='word_1_511' title='bbox 528 4112 623 4154; x_wconf 87' lang='lat' dir='ltr'><strong>eos</strong></span> <span class='ocrx_word' id='word_1_512' title='bbox 672 4097 818 4168; x_wconf 85' lang='lat' dir='ltr'><strong>ipsos</strong></span> <span class='ocrx_word' id='word_1_513' title='bbox 848 4095 1017 4153; x_wconf 88' lang='lat' dir='ltr'><strong>libros</strong></span> <span class='ocrx_word' id='word_1_514' title='bbox 1072 4098 1301 4152; x_wconf 89' lang='lat' dir='ltr'><strong>invicem</strong></span> <span class='ocrx_word' id='word_1_515' title='bbox 1335 4101 1692 4167; x_wconf 89' lang='lat' dir='ltr'><strong>conferendo,</strong></span> <span class='ocrx_word' id='word_1_516' title='bbox 1730 4116 1795 4157; x_wconf 90' lang='lat' dir='ltr'><strong>ac</strong></span> <span class='ocrx_word' id='word_1_517' title='bbox 1848 4103 2010 4157; x_wconf 90' lang='lat' dir='ltr'><strong>veluti</strong></span> <span class='ocrx_word' id='word_1_518' title='bbox 2042 4104 2404 4173; x_wconf 79' lang='lat' dir='ltr'><strong>gladiatorum</strong></span> <span class='ocrx_word' id='word_1_519' title='bbox 2436 4106 2587 4175; x_wconf 91' lang='lat' dir='ltr'><strong>paria</strong></span> <span class='ocrx_word' id='word_1_520' title='bbox 2620 4105 3033 4170; x_wconf 78' lang='lat' dir='ltr'><strong>committenda,</strong></span> <span class='ocrx_word' id='word_1_521' title='bbox 3073 4106 3126 4160; x_wconf 93' lang='lat' dir='ltr'><strong>in</strong></span> <span class='ocrx_word' id='word_1_522' title='bbox 3161 4104 3438 4159; x_wconf 88' lang='lat' dir='ltr'><strong>hominum</strong></span> <span class='ocrx_word' id='word_1_523' title='bbox 3487 4103 3662 4159; x_wconf 88' lang='lat' dir='ltr'><strong>lucem</strong></span> 
     </span>
    </p>
   </div>
   <div class='ocr_carea' id='block_1_43' title="bbox 390 4184 3659 4266">
    <p class='ocr_par' dir='ltr' id='par_1_43' title="bbox 390 4184 3659 4266">
     <span class='ocr_line' id='line_1_43' title="bbox 390 4184 3659 4266; baseline 0.003 -28"><span class='ocrx_word' id='word_1_524' title='bbox 390 4195 778 4255; x_wconf 88' lang='lat' dir='ltr'><strong>aspcctumque</strong></span> <span class='ocrx_word' id='word_1_525' title='bbox 828 4187 1115 4239; x_wconf 88' lang='lat' dir='ltr'><strong>commodo</strong></span> <span class='ocrx_word' id='word_1_526' title='bbox 1167 4184 1383 4256; x_wconf 91' lang='lat' dir='ltr'><strong>publico</strong></span> <span class='ocrx_word' id='word_1_527' title='bbox 1416 4188 1747 4254; x_wconf 88' lang='lat' dir='ltr'><strong>producant.</strong></span> <span class='ocrx_word' id='word_1_528' title='bbox 1779 4188 1932 4255; x_wconf 86' lang='lat' dir='ltr'><strong>Quod</strong></span> <span class='ocrx_word' id='word_1_529' title='bbox 1985 4193 2191 4248; x_wconf 89' lang='lat' dir='ltr'><strong>utinam</strong></span> <span class='ocrx_word' id='word_1_530' title='bbox 2228 4194 2534 4264; x_wconf 80' lang='lat' dir='ltr'><strong>exemplum</strong></span> <span class='ocrx_word' id='word_1_531' title='bbox 2568 4195 2813 4266; x_wconf 81' lang='lat' dir='ltr'><strong>dynastze</strong></span> <span class='ocrx_word' id='word_1_532' title='bbox 2846 4209 2911 4248; x_wconf 92' lang='lat' dir='ltr'><strong>ac</strong></span> <span class='ocrx_word' id='word_1_533' title='bbox 2950 4206 3103 4263; x_wconf 85' lang='lat' dir='ltr'><strong>reges</strong></span> <span class='ocrx_word' id='word_1_534' title='bbox 3133 4193 3330 4257; x_wconf 84' lang='lat' dir='ltr'><strong>secuti,</strong></span> <span class='ocrx_word' id='word_1_535' title='bbox 3374 4192 3424 4246; x_wconf 92' lang='lat' dir='ltr'><strong>in</strong></span> <span class='ocrx_word' id='word_1_536' title='bbox 3467 4192 3659 4247; x_wconf 80' lang='lat' dir='ltr'><strong>iisdem</strong></span> 
     </span>
    </p>
   </div>
   <div class='ocr_carea' id='block_1_44' title="bbox 391 4273 3658 4357">
    <p class='ocr_par' dir='ltr' id='par_1_44' title="bbox 391 4273 3658 4357">
     <span class='ocr_line' id='line_1_44' title="bbox 391 4273 3658 4357; baseline 0.002 -30"><span class='ocrx_word' id='word_1_537' title='bbox 391 4275 583 4357; x_wconf 83' lang='lat' dir='ltr'><strong>pedem</strong></span> <span class='ocrx_word' id='word_1_538' title='bbox 634 4273 883 4344; x_wconf 75' lang='lat' dir='ltr'><strong>vestigiis</strong></span> <span class='ocrx_word' id='word_1_539' title='bbox 909 4284 1193 4343; x_wconf 91' lang='lat' dir='ltr'><strong>ponerent,</strong></span> <span class='ocrx_word' id='word_1_540' title='bbox 1249 4290 1313 4329; x_wconf 89' lang='lat' dir='ltr'><strong>ac</strong></span> <span class='ocrx_word' id='word_1_541' title='bbox 1376 4275 1543 4331; x_wconf 89' lang='lat' dir='ltr'><strong>libros</strong></span> <span class='ocrx_word' id='word_1_542' title='bbox 1570 4288 1886 4334; x_wconf 89' lang='lat' dir='ltr'><strong>sanctorum</strong></span> <span class='ocrx_word' id='word_1_543' title='bbox 1914 4278 2136 4333; x_wconf 87' lang='lat' dir='ltr'><strong>Patrum</strong></span> <span class='ocrx_word' id='word_1_544' title='bbox 2176 4280 2413 4336; x_wconf 90' lang='lat' dir='ltr'><strong>ineditos</strong></span> <span class='ocrx_word' id='word_1_545' title='bbox 2444 4281 2699 4349; x_wconf 82' lang='lat' dir='ltr'><strong>cognosci</strong></span> <span class='ocrx_word' id='word_1_546' title='bbox 2729 4289 2893 4351; x_wconf 90' lang='lat' dir='ltr'><strong>atque</strong></span> <span class='ocrx_word' id='word_1_547' title='bbox 2944 4279 3186 4349; x_wconf 85' lang='lat' dir='ltr'><strong>evulgari</strong></span> <span class='ocrx_word' id='word_1_548' title='bbox 3239 4280 3524 4345; x_wconf 78' lang='lat' dir='ltr'><strong>sinerent;</strong></span> <span class='ocrx_word' id='word_1_549' title='bbox 3576 4296 3658 4334; x_wconf 76' lang='lat' dir='ltr'><strong>na:</strong></span> 
     </span>
    </p>
   </div>
   <div class='ocr_carea' id='block_1_45' title="bbox 399 4358 3664 4440">
    <p class='ocr_par' dir='ltr' id='par_1_45' title="bbox 399 4358 3664 4440">
     <span class='ocr_line' id='line_1_45' title="bbox 399 4358 3664 4440; baseline 0.002 -25"><span class='ocrx_word' id='word_1_550' title='bbox 399 4362 583 4433; x_wconf 88' lang='lat' dir='ltr'><strong>plures</strong></span> <span class='ocrx_word' id='word_1_551' title='bbox 651 4360 808 4433; x_wconf 91' lang='lat' dir='ltr'><strong>longe</strong></span> <span class='ocrx_word' id='word_1_552' title='bbox 841 4358 1151 4415; x_wconf 77' lang='lat' dir='ltr'><strong>Graecarum</strong></span> <span class='ocrx_word' id='word_1_553' title='bbox 1182 4360 1481 4417; x_wconf 88' lang='lat' dir='ltr'><strong>litterarum</strong></span> <span class='ocrx_word' id='word_1_554' title='bbox 1549 4380 1702 4418; x_wconf 89' lang='lat' dir='ltr'><strong>nsmn</strong></span> <span class='ocrx_word' id='word_1_555' title='bbox 1747 4365 2154 4435; x_wconf 89' lang='lat' dir='ltr'><strong>interpretando</strong></span> <span class='ocrx_word' id='word_1_556' title='bbox 2218 4380 2559 4435; x_wconf 90' lang='lat' dir='ltr'><strong>revocarent,</strong></span> <span class='ocrx_word' id='word_1_557' title='bbox 2603 4385 2706 4425; x_wconf 91' lang='lat' dir='ltr'><strong>nec</strong></span> <span class='ocrx_word' id='word_1_558' title='bbox 2752 4369 2984 4440; x_wconf 89' lang='lat' dir='ltr'><strong>amplius</strong></span> <span class='ocrx_word' id='word_1_559' title='bbox 3012 4370 3175 4425; x_wconf 90' lang='lat' dir='ltr'><strong>veluti</strong></span> <span class='ocrx_word' id='word_1_560' title='bbox 3215 4378 3360 4424; x_wconf 89' lang='lat' dir='ltr'><strong>mnta</strong></span> <span class='ocrx_word' id='word_1_561' title='bbox 3397 4378 3664 4434; x_wconf 87' lang='lat' dir='ltr'><strong>tacerent,</strong></span> 
     </span>
    </p>
   </div>
   <div class='ocr_carea' id='block_1_46' title="bbox 391 4446 3659 4527">
    <p class='ocr_par' dir='ltr' id='par_1_46' title="bbox 391 4446 3659 4527">
     <span class='ocr_line' id='line_1_46' title="bbox 391 4446 3659 4527; baseline 0.002 -26"><span class='ocrx_word' id='word_1_562' title='bbox 391 4462 510 4519; x_wconf 72' lang='lat' dir='ltr'><strong>qua:</strong></span> <span class='ocrx_word' id='word_1_563' title='bbox 568 4448 621 4502; x_wconf 92' lang='lat' dir='ltr'><strong>in</strong></span> <span class='ocrx_word' id='word_1_564' title='bbox 675 4446 859 4502; x_wconf 86' lang='lat' dir='ltr'><strong>densis</strong></span> <span class='ocrx_word' id='word_1_565' title='bbox 891 4447 1050 4502; x_wconf 87' lang='lat' dir='ltr'><strong>hodie</strong></span> <span class='ocrx_word' id='word_1_566' title='bbox 1084 4448 1338 4513; x_wconf 88' lang='lat' dir='ltr'><strong>tenebris,</strong></span> <span class='ocrx_word' id='word_1_567' title='bbox 1377 4452 1547 4506; x_wconf 88' lang='lat' dir='ltr'><strong>tineas</strong></span> <span class='ocrx_word' id='word_1_568' title='bbox 1582 4452 1873 4521; x_wconf 86' lang='lat' dir='ltr'><strong>pascendo,</strong></span> <span class='ocrx_word' id='word_1_569' title='bbox 1920 4455 2265 4511; x_wconf 88' lang='lat' dir='ltr'><strong>delitescunt.</strong></span> <span class='ocrx_word' id='word_1_570' title='bbox 2303 4455 2407 4511; x_wconf 91' lang='lat' dir='ltr'><strong>Sed</strong></span> <span class='ocrx_word' id='word_1_571' title='bbox 2458 4458 2507 4511; x_wconf 91' lang='lat' dir='ltr'><strong>id</strong></span> <span class='ocrx_word' id='word_1_572' title='bbox 2540 4466 2729 4527; x_wconf 92' lang='lat' dir='ltr'><strong>optare</strong></span> <span class='ocrx_word' id='word_1_573' title='bbox 2767 4458 2933 4511; x_wconf 88' lang='lat' dir='ltr'><strong>citius</strong></span> <span class='ocrx_word' id='word_1_574' title='bbox 2974 4472 3137 4526; x_wconf 89' lang='lat' dir='ltr'><strong>quam</strong></span> <span class='ocrx_word' id='word_1_575' title='bbox 3186 4470 3412 4526; x_wconf 88' lang='lat' dir='ltr'><strong>sperare</strong></span> <span class='ocrx_word' id='word_1_576' title='bbox 3462 4454 3659 4521; x_wconf 86' lang='lat' dir='ltr'><strong>liceat;</strong></span> 
     </span>
    </p>
   </div>
   <div class='ocr_carea' id='block_1_47' title="bbox 393 4533 3652 4617">
    <p class='ocr_par' dir='ltr' id='par_1_47' title="bbox 393 4533 3652 4617">
     <span class='ocr_line' id='line_1_47' title="bbox 393 4533 3652 4617; baseline 0.002 -27"><span class='ocrx_word' id='word_1_577' title='bbox 393 4537 494 4593; x_wconf 89' lang='lat' dir='ltr'><strong>nisi</strong></span> <span class='ocrx_word' id='word_1_578' title='bbox 540 4537 584 4593; x_wconf 82' lang='lat' dir='ltr'><strong>si</strong></span> <span class='ocrx_word' id='word_1_579' title='bbox 617 4533 967 4592; x_wconf 71' lang='lat' dir='ltr'><strong>Velserorum</strong></span> <span class='ocrx_word' id='word_1_580' title='bbox 1012 4535 1219 4592; x_wconf 87' lang='lat' dir='ltr'><strong>similes</strong></span> <span class='ocrx_word' id='word_1_581' title='bbox 1248 4540 1586 4605; x_wconf 73' lang='lat' dir='ltr'><strong>exorientur,</strong></span> <span class='ocrx_word' id='word_1_582' title='bbox 1614 4543 1703 4611; x_wconf 88' lang='lat' dir='ltr'><strong>qui</strong></span> <span class='ocrx_word' id='word_1_583' title='bbox 1740 4545 2153 4601; x_wconf 89' lang='lat' dir='ltr'><strong>concordissimi</strong></span> <span class='ocrx_word' id='word_1_584' title='bbox 2207 4545 2406 4601; x_wconf 90' lang='lat' dir='ltr'><strong>fratres</strong></span> <span class='ocrx_word' id='word_1_585' title='bbox 2450 4547 2571 4617; x_wconf 85' lang='lat' dir='ltr'><strong>(vos</strong></span> <span class='ocrx_word' id='word_1_586' title='bbox 2596 4547 2740 4601; x_wconf 90' lang='lat' dir='ltr'><strong>enim</strong></span> <span class='ocrx_word' id='word_1_587' title='bbox 2773 4546 2911 4600; x_wconf 88' lang='lat' dir='ltr'><strong>bona</strong></span> <span class='ocrx_word' id='word_1_588' title='bbox 2945 4547 3103 4600; x_wconf 78' lang='lat' dir='ltr'><strong>venia</strong></span> <span class='ocrx_word' id='word_1_589' title='bbox 3163 4545 3373 4615; x_wconf 86' lang='lat' dir='ltr'><strong>appello</strong></span> <span class='ocrx_word' id='word_1_590' title='bbox 3425 4546 3652 4609; x_wconf 73' lang='lat' dir='ltr'><strong>Antoni,</strong></span> 
     </span>
    </p>
   </div>
   <div class='ocr_carea' id='block_1_48' title="bbox 393 4623 3651 4704">
    <p class='ocr_par' dir='ltr' id='par_1_48' title="bbox 393 4623 3651 4704">
     <span class='ocr_line' id='line_1_48' title="bbox 393 4623 3651 4704; baseline 0.002 -25"><span class='ocrx_word' id='word_1_591' title='bbox 393 4625 663 4687; x_wconf 79' lang='lat' dir='ltr'><strong>Mattbaee,</strong></span> <span class='ocrx_word' id='word_1_592' title='bbox 698 4640 761 4679; x_wconf 89' lang='lat' dir='ltr'><strong>ac</strong></span> <span class='ocrx_word' id='word_1_593' title='bbox 786 4623 971 4696; x_wconf 88' lang='lat' dir='ltr'><strong>Paule)</strong></span> <span class='ocrx_word' id='word_1_594' title='bbox 1004 4640 1116 4679; x_wconf 90' lang='lat' dir='ltr'><strong>rem</strong></span> <span class='ocrx_word' id='word_1_595' title='bbox 1146 4624 1465 4682; x_wconf 87' lang='lat' dir='ltr'><strong>litterariam</strong></span> <span class='ocrx_word' id='word_1_596' title='bbox 1497 4627 1655 4699; x_wconf 83' lang='lat' dir='ltr'><strong>longe</strong></span> <span class='ocrx_word' id='word_1_597' title='bbox 1698 4630 1913 4700; x_wconf 88' lang='lat' dir='ltr'><strong>lateque</strong></span> <span class='ocrx_word' id='word_1_598' title='bbox 1944 4634 2267 4700; x_wconf 86' lang='lat' dir='ltr'><strong>provehitis,</strong></span> <span class='ocrx_word' id='word_1_599' title='bbox 2301 4634 2711 4703; x_wconf 84' lang='lat' dir='ltr'><strong>disciplinarum</strong></span> <span class='ocrx_word' id='word_1_600' title='bbox 2754 4638 3017 4704; x_wconf 58' lang='lat' dir='ltr'><strong>pomoeria</strong></span> <span class='ocrx_word' id='word_1_601' title='bbox 3054 4633 3335 4704; x_wconf 86' lang='lat' dir='ltr'><strong>profertis,</strong></span> <span class='ocrx_word' id='word_1_602' title='bbox 3361 4633 3651 4702; x_wconf 81' lang='lat' dir='ltr'><strong>doctisque</strong></span> 
     </span>
    </p>
   </div>
   <div class='ocr_carea' id='block_1_49' title="bbox 391 4711 3655 4791">
    <p class='ocr_par' dir='ltr' id='par_1_49' title="bbox 391 4711 3655 4791">
     <span class='ocr_line' id='line_1_49' title="bbox 391 4711 3655 4791; baseline 0.002 -23"><span class='ocrx_word' id='word_1_603' title='bbox 391 4712 703 4768; x_wconf 89' lang='lat' dir='ltr'><strong>hominibus</strong></span> <span class='ocrx_word' id='word_1_604' title='bbox 735 4711 1036 4768; x_wconf 87' lang='lat' dir='ltr'><strong>doctissimi</strong></span> <span class='ocrx_word' id='word_1_605' title='bbox 1071 4712 1169 4783; x_wconf 87' lang='lat' dir='ltr'><strong>ipsi</strong></span> <span class='ocrx_word' id='word_1_606' title='bbox 1198 4728 1352 4785; x_wconf 82' lang='lat' dir='ltr'><strong>Opem</strong></span> <span class='ocrx_word' id='word_1_607' title='bbox 1387 4729 1444 4772; x_wconf 84' lang='lat' dir='ltr'><strong>re</strong></span> <span class='ocrx_word' id='word_1_608' title='bbox 1476 4717 1810 4787; x_wconf 85' lang='lat' dir='ltr'><strong>consilioque</strong></span> <span class='ocrx_word' id='word_1_609' title='bbox 1838 4717 1982 4775; x_wconf 90' lang='lat' dir='ltr'><strong>ferre</strong></span> <span class='ocrx_word' id='word_1_610' title='bbox 2019 4735 2124 4775; x_wconf 90' lang='lat' dir='ltr'><strong>non</strong></span> <span class='ocrx_word' id='word_1_611' title='bbox 2158 4721 2391 4775; x_wconf 88' lang='lat' dir='ltr'><strong>cessatis</strong></span> <span class='ocrx_word' id='word_1_612' title='bbox 2421 4739 2435 4774; x_wconf 88' lang='lat'><strong>:</strong></span> <span class='ocrx_word' id='word_1_613' title='bbox 2469 4731 2527 4775; x_wconf 93' lang='lat' dir='ltr'><strong>ut</strong></span> <span class='ocrx_word' id='word_1_614' title='bbox 2555 4720 2665 4790; x_wconf 88' lang='lat' dir='ltr'><strong>jatn</strong></span> <span class='ocrx_word' id='word_1_615' title='bbox 2696 4721 2898 4791; x_wconf 91' lang='lat' dir='ltr'><strong>ubique</strong></span> <span class='ocrx_word' id='word_1_616' title='bbox 2930 4722 3173 4791; x_wconf 85' lang='lat' dir='ltr'><strong>gentium</strong></span> <span class='ocrx_word' id='word_1_617' title='bbox 3213 4736 3317 4774; x_wconf 91' lang='lat' dir='ltr'><strong>non</strong></span> <span class='ocrx_word' id='word_1_618' title='bbox 3348 4723 3421 4775; x_wconf 71' lang='lat' dir='ltr'><strong>sit</strong></span> <span class='ocrx_word' id='word_1_619' title='bbox 3448 4721 3655 4775; x_wconf 78' lang='lat' dir='ltr'><strong>Pbmbo</strong></span> 
     </span>
    </p>
   </div>
   <div class='ocr_carea' id='block_1_50' title="bbox 391 4799 759 4871">
    <p class='ocr_par' dir='ltr' id='par_1_50' title="bbox 391 4799 759 4871">
     <span class='ocr_line' id='line_1_50' title="bbox 391 4799 759 4871; baseline -0.005 -18"><span class='ocrx_word' id='word_1_620' title='bbox 391 4801 598 4871; x_wconf 78' lang='lat' dir='ltr'><strong>gratior</strong></span> <span class='ocrx_word' id='word_1_621' title='bbox 630 4799 759 4864; x_wconf 85' lang='lat' dir='ltr'><strong>ulla,</strong></span> 
     </span>
    </p>
   </div>
   <div class='ocr_carea' id='block_1_51' title="bbox 1319 4889 2718 4964">
    <p class='ocr_par' dir='ltr' id='par_1_51' title="bbox 1319 4889 2718 4964">
     <span class='ocr_line' id='line_1_51' title="bbox 1319 4889 2718 4964; baseline 0.006 -24"><span class='ocrx_word' id='word_1_622' title='bbox 1319 4889 1493 4955; x_wconf 84' lang='lat' dir='ltr'><strong>Quam</strong></span> <span class='ocrx_word' id='word_1_623' title='bbox 1532 4908 1652 4959; x_wconf 77' lang='lat' dir='ltr'><strong>quw</strong></span> <span class='ocrx_word' id='word_1_624' title='bbox 1686 4889 1893 4946; x_wconf 81' lang='lat' dir='ltr'><strong>Velseri</strong></span> <span class='ocrx_word' id='word_1_625' title='bbox 1923 4894 2244 4963; x_wconf 52' lang='lat' dir='ltr'><strong>pawscrt&#39;psit</strong></span> <span class='ocrx_word' id='word_1_626' title='bbox 2274 4896 2470 4964; x_wconf 82' lang='lat' dir='ltr'><strong>pagina</strong></span> <span class='ocrx_word' id='word_1_627' title='bbox 2507 4911 2718 4949; x_wconf 83' lang='lat' dir='ltr'><strong>nomen.</strong></span> 
     </span>
    </p>
   </div>
   <div class='ocr_carea' id='block_1_52' title="bbox 469 4973 3663 5052">
    <p class='ocr_par' dir='ltr' id='par_1_52' title="bbox 469 4973 3663 5052">
     <span class='ocr_line' id='line_1_52' title="bbox 469 4973 3663 5052; baseline 0.002 -23"><span class='ocrx_word' id='word_1_628' title='bbox 469 4973 567 5039; x_wconf 87' lang='lat' dir='ltr'><strong>Te,</strong></span> <span class='ocrx_word' id='word_1_629' title='bbox 598 4984 651 5030; x_wconf 88' lang='lat' dir='ltr'><strong>te</strong></span> <span class='ocrx_word' id='word_1_630' title='bbox 686 4976 868 5047; x_wconf 84' lang='lat' dir='ltr'><strong>igitur,</strong></span> <span class='ocrx_word' id='word_1_631' title='bbox 908 4975 1109 5044; x_wconf 79' lang='lat' dir='ltr'><strong>Marce,</strong></span> <span class='ocrx_word' id='word_1_632' title='bbox 1142 4992 1327 5046; x_wconf 70' lang='lat' dir='ltr'><strong>quaeso</strong></span> <span class='ocrx_word' id='word_1_633' title='bbox 1357 4982 1728 5048; x_wconf 78' lang='lat' dir='ltr'><strong>obtestorque,</strong></span> <span class='ocrx_word' id='word_1_634' title='bbox 1768 4992 1825 5035; x_wconf 91' lang='lat' dir='ltr'><strong>ut</strong></span> <span class='ocrx_word' id='word_1_635' title='bbox 1873 4996 1976 5050; x_wconf 90' lang='lat' dir='ltr'><strong>qua</strong></span> <span class='ocrx_word' id='word_1_636' title='bbox 2010 4983 2227 5051; x_wconf 65' lang='lat' dir='ltr'><strong>caapisti</strong></span> <span class='ocrx_word' id='word_1_637' title='bbox 2265 4983 2667 5049; x_wconf 86' lang='lat' dir='ltr'><strong>benevolentia,</strong></span> <span class='ocrx_word' id='word_1_638' title='bbox 2720 4994 2903 5039; x_wconf 89' lang='lat' dir='ltr'><strong>nostra</strong></span> <span class='ocrx_word' id='word_1_639' title='bbox 2954 4981 3239 5051; x_wconf 88' lang='lat' dir='ltr'><strong>complecti</strong></span> <span class='ocrx_word' id='word_1_640' title='bbox 3267 4996 3332 5035; x_wconf 93' lang='lat' dir='ltr'><strong>ne</strong></span> <span class='ocrx_word' id='word_1_641' title='bbox 3380 4983 3663 5052; x_wconf 86' lang='lat' dir='ltr'><strong>graveris;</strong></span> 
     </span>
    </p>
   </div>
   <div class='ocr_carea' id='block_1_53' title="bbox 393 5066 3665 5146">
    <p class='ocr_par' dir='ltr' id='par_1_53' title="bbox 393 5066 3665 5146">
     <span class='ocr_line' id='line_1_53' title="bbox 393 5066 3665 5146; baseline 0.002 -30"><span class='ocrx_word' id='word_1_642' title='bbox 393 5071 681 5132; x_wconf 81' lang='lat' dir='ltr'><strong>exstetque</strong></span> <span class='ocrx_word' id='word_1_643' title='bbox 715 5066 855 5134; x_wconf 91' lang='lat' dir='ltr'><strong>apud</strong></span> <span class='ocrx_word' id='word_1_644' title='bbox 885 5075 1133 5133; x_wconf 87' lang='lat' dir='ltr'><strong>posteros</strong></span> <span class='ocrx_word' id='word_1_645' title='bbox 1176 5078 1311 5133; x_wconf 91' lang='lat' dir='ltr'><strong>pace</strong></span> <span class='ocrx_word' id='word_1_646' title='bbox 1343 5075 1455 5129; x_wconf 89' lang='lat' dir='ltr'><strong>tua,</strong></span> <span class='ocrx_word' id='word_1_647' title='bbox 1486 5080 1619 5119; x_wconf 84' lang='lat' dir='ltr'><strong>meae</strong></span> <span class='ocrx_word' id='word_1_648' title='bbox 1649 5066 1701 5119; x_wconf 91' lang='lat' dir='ltr'><strong>in</strong></span> <span class='ocrx_word' id='word_1_649' title='bbox 1738 5077 1791 5121; x_wconf 91' lang='lat' dir='ltr'><strong>te</strong></span> <span class='ocrx_word' id='word_1_650' title='bbox 1829 5069 2191 5123; x_wconf 66' lang='lat' dir='ltr'><strong>observantiae</strong></span> <span class='ocrx_word' id='word_1_651' title='bbox 2239 5071 2609 5140; x_wconf 88' lang='lat' dir='ltr'><strong>ntentorisque</strong></span> <span class='ocrx_word' id='word_1_652' title='bbox 2662 5071 2829 5124; x_wconf 90' lang='lat' dir='ltr'><strong>animi</strong></span> <span class='ocrx_word' id='word_1_653' title='bbox 2887 5071 2990 5146; x_wconf 88' lang='lat' dir='ltr'><strong>hoc</strong></span> <span class='ocrx_word' id='word_1_654' title='bbox 3045 5070 3447 5139; x_wconf 62' lang='lat' dir='ltr'><strong>qualecunque,</strong></span> <span class='ocrx_word' id='word_1_655' title='bbox 3473 5085 3665 5125; x_wconf 84' lang='lat' dir='ltr'><strong>monu-</strong></span> 
     </span>
    </p>
   </div>
   <div class='ocr_carea' id='block_1_54' title="bbox 394 5150 3664 5229">
    <p class='ocr_par' dir='ltr' id='par_1_54' title="bbox 394 5150 3664 5229">
     <span class='ocr_line' id='line_1_54' title="bbox 394 5150 3664 5229; baseline 0.002 -25"><span class='ocrx_word' id='word_1_656' title='bbox 394 5159 674 5218; x_wconf 86' lang='lat' dir='ltr'><strong>mentum;</strong></span> <span class='ocrx_word' id='word_1_657' title='bbox 710 5151 851 5221; x_wconf 90' lang='lat' dir='ltr'><strong>quod</strong></span> <span class='ocrx_word' id='word_1_658' title='bbox 892 5150 1094 5217; x_wconf 86' lang='lat' dir='ltr'><strong>locum,</strong></span> <span class='ocrx_word' id='word_1_659' title='bbox 1152 5153 1196 5207; x_wconf 88' lang='lat' dir='ltr'><strong>si</strong></span> <span class='ocrx_word' id='word_1_660' title='bbox 1235 5151 1526 5217; x_wconf 84' lang='lat' dir='ltr'><strong>videbitur,</strong></span> <span class='ocrx_word' id='word_1_661' title='bbox 1564 5153 1615 5206; x_wconf 91' lang='lat' dir='ltr'><strong>in</strong></span> <span class='ocrx_word' id='word_1_662' title='bbox 1671 5154 2018 5212; x_wconf 87' lang='lat' dir='ltr'><strong>Bibliotheca</strong></span> <span class='ocrx_word' id='word_1_663' title='bbox 2068 5170 2279 5221; x_wconf 85' lang='lat' dir='ltr'><strong>vestra,</strong></span> <span class='ocrx_word' id='word_1_664' title='bbox 2330 5176 2393 5213; x_wconf 80' lang='lat' dir='ltr'><strong>ex</strong></span> <span class='ocrx_word' id='word_1_665' title='bbox 2429 5175 2534 5229; x_wconf 90' lang='lat' dir='ltr'><strong>qua</strong></span> <span class='ocrx_word' id='word_1_666' title='bbox 2583 5174 2708 5212; x_wconf 90' lang='lat' dir='ltr'><strong>cum</strong></span> <span class='ocrx_word' id='word_1_667' title='bbox 2748 5169 2825 5212; x_wconf 92' lang='lat' dir='ltr'><strong>tot</strong></span> <span class='ocrx_word' id='word_1_668' title='bbox 2858 5158 2978 5213; x_wconf 87' lang='lat' dir='ltr'><strong>aliis</strong></span> <span class='ocrx_word' id='word_1_669' title='bbox 3022 5158 3211 5213; x_wconf 73' lang='lat' dir='ltr'><strong>Cra-ce</strong></span> <span class='ocrx_word' id='word_1_670' title='bbox 3249 5159 3388 5229; x_wconf 76' lang='lat' dir='ltr'><strong>typis</strong></span> <span class='ocrx_word' id='word_1_671' title='bbox 3443 5160 3664 5228; x_wconf 88' lang='lat' dir='ltr'><strong>prodiit,</strong></span> 
     </span>
    </p>
   </div>
   <div class='ocr_carea' id='block_1_55' title="bbox 395 5232 3665 5316">
    <p class='ocr_par' dir='ltr' id='par_1_55' title="bbox 395 5232 3665 5316">
     <span class='ocr_line' id='line_1_55' title="bbox 395 5232 3665 5316; baseline 0.002 -24"><span class='ocrx_word' id='word_1_672' title='bbox 395 5232 586 5294; x_wconf 87' lang='lat' dir='ltr'><strong>Latine</strong></span> <span class='ocrx_word' id='word_1_673' title='bbox 651 5254 869 5310; x_wconf 89' lang='lat' dir='ltr'><strong>quoque</strong></span> <span class='ocrx_word' id='word_1_674' title='bbox 914 5242 1169 5309; x_wconf 87' lang='lat' dir='ltr'><strong>reperiat.</strong></span> <span class='ocrx_word' id='word_1_675' title='bbox 1215 5239 1271 5295; x_wconf 91' lang='lat' dir='ltr'><strong>Si</strong></span> <span class='ocrx_word' id='word_1_676' title='bbox 1310 5242 1432 5310; x_wconf 90' lang='lat' dir='ltr'><strong>quis</strong></span> <span class='ocrx_word' id='word_1_677' title='bbox 1480 5250 1660 5297; x_wconf 89' lang='lat' dir='ltr'><strong>autem</strong></span> <span class='ocrx_word' id='word_1_678' title='bbox 1702 5259 1767 5298; x_wconf 82' lang='lat' dir='ltr'><strong>ex</strong></span> <span class='ocrx_word' id='word_1_679' title='bbox 1809 5246 1893 5301; x_wconf 85' lang='lat' dir='ltr'><strong>his</strong></span> <span class='ocrx_word' id='word_1_680' title='bbox 1944 5247 2142 5316; x_wconf 81' lang='lat' dir='ltr'><strong>vigiliis</strong></span> <span class='ocrx_word' id='word_1_681' title='bbox 2185 5246 2394 5300; x_wconf 84' lang='lat' dir='ltr'><strong>fructus</strong></span> <span class='ocrx_word' id='word_1_682' title='bbox 2447 5248 2513 5299; x_wconf 90' lang='lat' dir='ltr'><strong>ad</strong></span> <span class='ocrx_word' id='word_1_683' title='bbox 2551 5246 2687 5299; x_wconf 89' lang='lat' dir='ltr'><strong>alios</strong></span> <span class='ocrx_word' id='word_1_684' title='bbox 2727 5246 2957 5316; x_wconf 84' lang='lat' dir='ltr'><strong>legendo</strong></span> <span class='ocrx_word' id='word_1_685' title='bbox 3019 5245 3321 5315; x_wconf 81' lang='lat' dir='ltr'><strong>perveniet,</strong></span> <span class='ocrx_word' id='word_1_686' title='bbox 3358 5248 3503 5315; x_wconf 87' lang='lat' dir='ltr'><strong>quod</strong></span> <span class='ocrx_word' id='word_1_687' title='bbox 3550 5257 3665 5302; x_wconf 86' lang='lat' dir='ltr'><strong>stu-</strong></span> 
     </span>
    </p>
   </div>
   <div class='ocr_carea' id='block_1_56' title="bbox 396 5327 3662 5407">
    <p class='ocr_par' dir='ltr' id='par_1_56' title="bbox 396 5327 3662 5407">
     <span class='ocr_line' id='line_1_56' title="bbox 396 5327 3662 5407; baseline 0.002 -28"><span class='ocrx_word' id='word_1_688' title='bbox 396 5327 542 5380; x_wconf 84' lang='lat' dir='ltr'><strong>dium</strong></span> <span class='ocrx_word' id='word_1_689' title='bbox 578 5328 795 5397; x_wconf 88' lang='lat' dir='ltr'><strong>quidem</strong></span> <span class='ocrx_word' id='word_1_690' title='bbox 827 5339 996 5392; x_wconf 86' lang='lat' dir='ltr'><strong>certe,</strong></span> <span class='ocrx_word' id='word_1_691' title='bbox 1036 5328 1105 5381; x_wconf 89' lang='lat' dir='ltr'><strong>ad</strong></span> <span class='ocrx_word' id='word_1_692' title='bbox 1132 5329 1643 5407; x_wconf 84' lang='lat' dir='ltr'><strong>interpretationem</strong></span> <span class='ocrx_word' id='word_1_693' title='bbox 1685 5333 1815 5386; x_wconf 77' lang='lat' dir='ltr'><strong>locis</strong></span> <span class='ocrx_word' id='word_1_694' title='bbox 1841 5334 2090 5389; x_wconf 87' lang='lat' dir='ltr'><strong>obscuris</strong></span> <span class='ocrx_word' id='word_1_695' title='bbox 2122 5334 2294 5387; x_wconf 85' lang='lat' dir='ltr'><strong>facem</strong></span> <span class='ocrx_word' id='word_1_696' title='bbox 2329 5334 2552 5388; x_wconf 85' lang='lat' dir='ltr'><strong>scholiis</strong></span> <span class='ocrx_word' id='word_1_697' title='bbox 2601 5334 2912 5398; x_wconf 87' lang='lat' dir='ltr'><strong>alluccndo,</strong></span> <span class='ocrx_word' id='word_1_698' title='bbox 2946 5335 3038 5387; x_wconf 88' lang='lat' dir='ltr'><strong>tibi</strong></span> <span class='ocrx_word' id='word_1_699' title='bbox 3064 5334 3239 5389; x_wconf 84' lang='lat' dir='ltr'><strong>amice</strong></span> <span class='ocrx_word' id='word_1_700' title='bbox 3272 5349 3480 5404; x_wconf 79' lang='lat' dir='ltr'><strong>magne,</strong></span> <span class='ocrx_word' id='word_1_701' title='bbox 3507 5349 3662 5403; x_wconf 87' lang='lat' dir='ltr'><strong>grata</strong></span> 
     </span>
    </p>
   </div>
   <div class='ocr_carea' id='block_1_57' title="bbox 399 5414 1971 5493">
    <p class='ocr_par' dir='ltr' id='par_1_57' title="bbox 399 5414 1971 5485">
     <span class='ocr_line' id='line_1_57' title="bbox 399 5414 1971 5485; baseline 0.003 -17"><span class='ocrx_word' id='word_1_702' title='bbox 399 5414 688 5485; x_wconf 73' lang='lat' dir='ltr'><strong>poSIeritas</strong></span> <span class='ocrx_word' id='word_1_703' title='bbox 721 5426 1002 5484; x_wconf 85' lang='lat' dir='ltr'><strong>acceptum</strong></span> <span class='ocrx_word' id='word_1_704' title='bbox 1036 5414 1257 5469; x_wconf 89' lang='lat' dir='ltr'><strong>referat.</strong></span> <span class='ocrx_word' id='word_1_705' title='bbox 1292 5416 1447 5470; x_wconf 84' lang='lat' dir='ltr'><strong>Soles</strong></span> <span class='ocrx_word' id='word_1_706' title='bbox 1491 5419 1635 5471; x_wconf 89' lang='lat' dir='ltr'><strong>enim</strong></span> <span class='ocrx_word' id='word_1_707' title='bbox 1669 5420 1971 5483; x_wconf 66' lang='grc' dir='ltr'>ἀκλείστους</span> 
     </span>
    </p>
   </div>
   <div class='ocr_carea' id='block_1_58' title="bbox 2093 5414 3665 5493">
    <p class='ocr_par' dir='ltr' id='par_1_58' title="bbox 2093 5420 3665 5492">
     <span class='ocr_line' id='line_1_58' title="bbox 2093 5420 3665 5492; baseline -0.002 -18"><span class='ocrx_word' id='word_1_708' title='bbox 2093 5438 2186 5492; x_wconf 66' lang='grc' dir='ltr'><strong>ραις</strong></span> <span class='ocrx_word' id='word_1_709' title='bbox 2218 5420 2482 5492; x_wconf 73' lang='grc' dir='ltr'><strong>παρέχειν</strong></span> <span class='ocrx_word' id='word_1_710' title='bbox 2508 5423 2692 5489; x_wconf 73' lang='grc' dir='ltr'><strong>σοφοῖς</strong></span> <span class='ocrx_word' id='word_1_711' title='bbox 2718 5420 2976 5492; x_wconf 79' lang='grc' dir='ltr'><strong>ἀνδράσι,</strong></span> <span class='ocrx_word' id='word_1_712' title='bbox 3014 5421 3154 5489; x_wconf 92' lang='lat' dir='ltr'><strong>quod</strong></span> <span class='ocrx_word' id='word_1_713' title='bbox 3187 5421 3252 5474; x_wconf 87' lang='lat' dir='ltr'><strong>de</strong></span> <span class='ocrx_word' id='word_1_714' title='bbox 3277 5435 3335 5474; x_wconf 84' lang='lat' dir='ltr'><strong>se</strong></span> <span class='ocrx_word' id='word_1_715' title='bbox 3368 5432 3508 5489; x_wconf 88' lang='lat' dir='ltr'><strong>apmt</strong></span> <span class='ocrx_word' id='word_1_716' title='bbox 3542 5420 3665 5474; x_wconf 61' lang='lat' dir='ltr'><strong>Plu-</strong></span> 
     </span>
    </p>
   </div>
   <div class='ocr_carea' id='block_1_59' title="bbox 400 5501 3665 5578">
    <p class='ocr_par' dir='ltr' id='par_1_59' title="bbox 400 5501 3665 5578">
     <span class='ocr_line' id='line_1_59' title="bbox 400 5501 3665 5578; baseline 0.002 -25"><span class='ocrx_word' id='word_1_717' title='bbox 400 5501 680 5557; x_wconf 85' lang='lat' dir='ltr'><strong>lustratum</strong></span> <span class='ocrx_word' id='word_1_718' title='bbox 721 5504 1088 5571; x_wconf 83' lang='lat' dir='ltr'><strong>Vespasianus</strong></span> <span class='ocrx_word' id='word_1_719' title='bbox 1126 5504 1260 5573; x_wconf 82' lang='lat' dir='ltr'><strong>Aug.</strong></span> <span class='ocrx_word' id='word_1_720' title='bbox 1301 5505 1609 5573; x_wconf 78' lang='lat' dir='ltr'><strong>profitetur,</strong></span> <span class='ocrx_word' id='word_1_721' title='bbox 1643 5521 1764 5560; x_wconf 88' lang='lat' dir='ltr'><strong>cum</strong></span> <span class='ocrx_word' id='word_1_722' title='bbox 1798 5510 1873 5563; x_wconf 86' lang='lat' dir='ltr'><strong>sis</strong></span> <span class='ocrx_word' id='word_1_723' title='bbox 1921 5511 2036 5578; x_wconf 88' lang='lat' dir='ltr'><strong>ipse</strong></span> <span class='ocrx_word' id='word_1_724' title='bbox 2060 5511 2277 5577; x_wconf 82' lang='lat' dir='ltr'><strong>spirans</strong></span> <span class='ocrx_word' id='word_1_725' title='bbox 2309 5511 2554 5578; x_wconf 66' lang='lat' dir='ltr'><strong>quaedam</strong></span> <span class='ocrx_word' id='word_1_726' title='bbox 2601 5510 2958 5563; x_wconf 83' lang='lat' dir='ltr'><strong>Bibliotheca.</strong></span> <span class='ocrx_word' id='word_1_727' title='bbox 2997 5508 3225 5577; x_wconf 87' lang='lat' dir='ltr'><strong>Suscipe</strong></span> <span class='ocrx_word' id='word_1_728' title='bbox 3260 5507 3443 5577; x_wconf 84' lang='lat' dir='ltr'><strong>itaque</strong></span> <span class='ocrx_word' id='word_1_729' title='bbox 3471 5511 3665 5561; x_wconf 64' lang='lat' dir='ltr'><strong>adver-</strong></span> 
     </span>
    </p>
   </div>
   <div class='ocr_carea' id='block_1_60' title="bbox 400 5589 3642 5667">
    <p class='ocr_par' dir='ltr' id='par_1_60' title="bbox 400 5589 3642 5667">
     <span class='ocr_line' id='line_1_60' title="bbox 400 5589 3642 5667; baseline 0.002 -24"><span class='ocrx_word' id='word_1_730' title='bbox 400 5605 493 5644; x_wconf 87' lang='lat' dir='ltr'><strong>sus</strong></span> <span class='ocrx_word' id='word_1_731' title='bbox 520 5592 946 5645; x_wconf 79' lang='lat' dir='ltr'><strong>obtrectatorum</strong></span> <span class='ocrx_word' id='word_1_732' title='bbox 1001 5589 1323 5656; x_wconf 87' lang='lat' dir='ltr'><strong>calumnias,</strong></span> <span class='ocrx_word' id='word_1_733' title='bbox 1358 5594 1538 5662; x_wconf 88' lang='lat' dir='ltr'><strong>operis</strong></span> <span class='ocrx_word' id='word_1_734' title='bbox 1584 5594 1994 5666; x_wconf 74' lang='lat' dir='ltr'><strong>vigiliarumque</strong></span> <span class='ocrx_word' id='word_1_735' title='bbox 2046 5611 2351 5653; x_wconf 73' lang='lat' dir='ltr'><strong>nostraruur</strong></span> <span class='ocrx_word' id='word_1_736' title='bbox 2385 5599 2557 5653; x_wconf 87' lang='lat' dir='ltr'><strong>libens</strong></span> <span class='ocrx_word' id='word_1_737' title='bbox 2589 5599 2882 5667; x_wconf 81' lang='lat' dir='ltr'><strong>volensque</strong></span> <span class='ocrx_word' id='word_1_738' title='bbox 2923 5598 3165 5652; x_wconf 72' lang='lat' dir='ltr'><strong>tutelazu.</strong></span> <span class='ocrx_word' id='word_1_739' title='bbox 3204 5596 3294 5651; x_wconf 70' lang='grc' dir='ltr'><strong>δῖε</strong></span> <span class='ocrx_word' id='word_1_740' title='bbox 3323 5598 3420 5650; x_wconf 73' lang='lat' dir='ltr'><strong>tibi</strong></span> <span class='ocrx_word' id='word_1_741' title='bbox 3463 5597 3642 5651; x_wconf 87' lang='lat' dir='ltr'><strong>illuce-</strong></span> 
     </span>
    </p>
   </div>
   <div class='ocr_carea' id='block_1_61' title="bbox 400 5676 2953 5755">
    <p class='ocr_par' dir='ltr' id='par_1_61' title="bbox 400 5676 2953 5755">
     <span class='ocr_line' id='line_1_61' title="bbox 400 5676 2953 5755; baseline 0.004 -23"><span class='ocrx_word' id='word_1_742' title='bbox 400 5689 576 5744; x_wconf 83' lang='lat' dir='ltr'><strong>scant,</strong></span> <span class='ocrx_word' id='word_1_743' title='bbox 619 5676 786 5732; x_wconf 87' lang='lat' dir='ltr'><strong>Deum</strong></span> <span class='ocrx_word' id='word_1_744' title='bbox 818 5693 1080 5733; x_wconf 86' lang='lat' dir='ltr'><strong>venerans</strong></span> <span class='ocrx_word' id='word_1_745' title='bbox 1107 5693 1324 5748; x_wconf 89' lang='lat' dir='ltr'><strong>precor,</strong></span> <span class='ocrx_word' id='word_1_746' title='bbox 1361 5681 1598 5738; x_wconf 88' lang='lat' dir='ltr'><strong>ineuntis</strong></span> <span class='ocrx_word' id='word_1_747' title='bbox 1649 5684 1773 5739; x_wconf 88' lang='lat' dir='ltr'><strong>anni</strong></span> <span class='ocrx_word' id='word_1_748' title='bbox 1808 5684 2016 5740; x_wconf 74' lang='lat' dir='ltr'><strong>MDGVI</strong></span> <span class='ocrx_word' id='word_1_749' title='bbox 2048 5685 2301 5742; x_wconf 63' lang='lat' dir='ltr'><strong>Kalendte</strong></span> <span class='ocrx_word' id='word_1_750' title='bbox 2335 5686 2582 5743; x_wconf 87' lang='lat' dir='ltr'><strong>feliciter.</strong></span> <span class='ocrx_word' id='word_1_751' title='bbox 2624 5687 2953 5755; x_wconf 63' lang='lat' dir='ltr'><strong>Autuerpiae.</strong></span> 
     </span>
    </p>
   </div>
  </div>
