3980 6234
444 283 504 354 ῙΞ
1568 281 1668 340 ΑΙ)
1707 273 1973 339 ΡΗΟΤΙΙ
2015 276 2016 282 “

2127 274 2584 338 iLIOTHECAM
3636 269 3699 331 16

437 401 684 458 cernitet
720 409 895 464 notat,
930 409 991 456 ut
1029 402 1119 470 qui
1157 409 1405 455 summas
1454 391 1578 446 illas
1620 391 1786 460 legat,
1827 396 1968 443 totos
2002 386 2169 441 libros
2214 395 2269 441 et
2314 387 2533 458 ingenia
2587 395 2871 442 auctorum
2906 399 3071 440 nosse
3118 384 3219 439 sibi
3260 385 3526 438 videatur.
3567 381 3700 449 Quis

439 491 604 561 igitur
648 500 848 544 nostra:
898 489 1077 545 {etatis
1103 503 1162 544 se
1193 501 1315 543 cmn
1345 483 1542 538 Photio
1569 479 1824 536 conferre
1866 477 2094 542 audeat,
2126 476 2242 532 sive
2271 475 2550 547 ingenium
2600 475 2719 545 ejus
2765 483 3092 545 spectemus,
3129 474 3242 528 sive
3271 470 3617 542 πολυμαθίαν
3648 481 3704 526 et

434 578 788 650 πολυπειρίαν
807 595 823 644 ;

1486 701 1489 705 .
1537 655 1836 712 Exlitteris
1858 653 2090 709 Joannis
2115 651 2341 706 Livineii
2371 651 2440 705 ad
2468 651 2537 705 D.
2571 650 2645 704 11.
3703 724 3708 729 η

505 752 682 808 Photii
708 752 972 824 scriptum
998 749 1200 821 urgeri,
1233 755 1366 819 puto
1394 745 1749 800 vehementer
1778 757 1808 797 e
1837 759 1896 797 re
1927 740 2192 796 litteraria
2223 754 2364 795 esse.
2404 740 2498 794 Est
2528 739 2673 794 enim
2710 741 2941 803 varium,
2979 747 3033 792 et
3080 737 3335 824 onmibus
3375 735 3606 824 ingeniis
3639 749 3705 788 ac

434 842 631 897 studiis
659 823 1104 894 valdeiserviens.
1132 835 1345 892 Deinde
1378 832 1570 903 quanti
1612 832 1875 895 aestimas,
1901 829 2046 884 scire
2087 842 2186 882 nos
2231 827 2424 882 saltem
2457 838 2591 896 quot
2633 827 2904 881 bonorum
2951 825 3278 894 scriptorum
3320 823 3372 878 in
3421 823 3570 879 omni
3605 837 3704 892 ge-

436 943 566 984 nere
592 927 879 994 doctrinae,
916 926 1005 996 qui
1033 925 1149 980 viro
1173 923 1251 978 illi
1285 919 1706 993 φιλολογωτάτῳ
1733 917 1836 972 visi
1869 916 2125 985 lectique,
2161 914 2504 984 naufragium
2540 913 2857 971 fecerimus.

1502 1006 1588 1062 Ea:
1632 1007 1828 1061 litteris
1859 1002 1977 1058 Jos.
2011 1001 2279 1071 Scaligeri
2301 1001 2371 1054 ad
2404 1003 2668 1056 eumdem.

511 1101 728 1158 Utinam
755 1142 770 1164 .
814 1100 886 1156 mi
937 1098 1236 1164 iltescheli,
1263 1098 1316 1152 in
1354 1095 1536 1153 Photii
1565 1094 1802 1150 editione
1825 1089 2144 1146 exornanda
2171 1097 2222 1142 te
2244 1088 2436 1158 juvare
2462 1103 2696 1159 possem.
2738 1088 2960 1144 Librum
2997 1088 3214 1158 quidem
3263 1097 3435 1142 totum
3470 1087 3524 1141 iu
3566 1085 3706 1140 duos

440 1197 620 1246 tomos
647 1189 985 1254 distinctum,
1021 1202 1184 1242 manu
1219 1185 1443 1240 Henrici
1473 1182 1735 1253 Stephani
1764 1181 2027 1250 scriptum
2055 1175 2190 1231 olim
2228 1175 2354 1247 legi,
2397 1191 2533 1247 Opus
2565 1177 2795 1242 varium,
2835 1194 2901 1233 ex
2945 1178 3097 1246 cujus
3127 1176 3367 1231 editione
3409 1175 3702 1236 inceptum,

441 1278 693 1347 majorne
727 1278 1095 1333 redundatura
1121 1277 1193 1331 sit
1220 1276 1273 1330 iu
1323 1283 1377 1329 te
1409 1273 1604 1344 gloria,
1644 1286 1716 1325 an
1749 1271 1803 1324 in
1837 1269 1975 1324 alios
2001 1265 2234 1321 utilitas.
2259 1267 2424 1322 Certe
2462 1278 2570 1322 tam
2606 1267 2883 1338 egregium
2921 1268 3180 1336 scriptum
3210 1265 3319 1320 bon
3357 1265 3463 1318 alio
3493 1263 3706 1356 editore

437 1367 658 1433 dignum
682 1374 821 1431 erat,
850 1379 1012 1435 quam
1049 1373 1123 1428 te,
1148 1363 1238 1432 qui
1271 1370 1349 1415 tot
1385 1361 1651 1416 bonorum
1691 1365 1978 1412 auctorum
2015 1355 2256 1410 editione
2291 1364 2347 1410 et
2370 1355 2736 1411 eruditionem
2785 1366 2931 1410 tuam
2965 1365 3019 1410 ct
3050 1369 3379 1426 propensum
3409 1353 3461 1406 iu
3497 1351 3708 1404 litteras

435 1454 674 1508 animum
711 1452 898 1507 testari
929 1451 1187 1505 volneris.
1218 1447 1407 1516 Neque
1439 1463 1562 1515 ego,
1595 1459 1772 1515 neque
1799 1442 2097 1499 Vulcanius
2138 1451 2329 1498 noster
2369 1451 2422 1496 te
2445 1439 2639 1510 juvare
2669 1443 2720 1496 in
2755 1443 2858 1496 hoc
2884 1457 3192 1512 possumus,
3223 1442 3314 1510 qui
3348 1439 3492 1493 nulla
3525 1453 3710 1494 exem-

437 1540 609 1610 plaria
647 1540 765 1610 ejus
794 1538 918 1594 libri
952 1539 1239 1594 habemus.
1275 1535 1382 1590 Sed
1410 1535 1456 1590 si
1495 1535 1683 1599 habes,
1714 1543 1772 1588 ut
1800 1531 1960 1597 dicis,
1991 1529 2126 1596 duo,
2157 1540 2287 1599 puto
2324 1538 2374 1585 te
2399 1530 2651 1585 omnibus
2680 1530 2801 1586 aliis
2822 1545 2982 1599 aequo
3011 1532 3192 1585 animo
3231 1544 3423 1584 carere
3449 1542 3627 1597 posse.

1199 1615 1203 1620 ’
1468 1621 1553 1678 Ea:
1574 1621 1772 1676 litteris
1803 1618 1986 1673 Isaaci
2014 1617 2314 1674 Casauboni
2336 1619 2405 1672 ad
2433 1621 2698 1674 eumdem.

509 1712 634 1769 Ain’
671 1725 724 1769 tu
755 1714 977 1770 autem?
1009 1728 1130 1770 esse
1163 1723 1213 1768 te
1246 1714 1299 1768 in
1338 1727 1401 1767 eo
1436 1721 1495 1765 ut
1535 1709 1714 1765 Photii
1745 1707 2131 1762 Bibliothecam
2166 1707 2339 1761 edas?
2371 1723 2404 1762 υ
2433 1723 2629 1762 munus
2667 1722 2793 1762 rere
2840 1708 3159 1762 muniﬁcum
3186 1707 3200 1762 ι
3232 1722 3264 1761 o
3293 1717 3344 1762 te
3397 1703 3707 1758 liberalem!

442 1802 600 1859 facile
634 1813 719 1858 est
748 1817 816 1858 ex
846 1803 913 1858 iis
943 1817 1062 1871 qua:
1085 1812 1212 1856 sunt
1243 1802 1389 1856 edita
1421 1801 1486 1854 de
1521 1799 1666 1853 illius
1697 1795 1851 1852 libris
1878 1805 2134 1864 tanquam
2166 1810 2231 1849 ex
2267 1795 2540 1865 unguibus
2570 1795 2784 1850 leonem
2814 1797 3110 1850 mstimaro.

1072 2049 1380 2110 ISAACUS
1414 2046 1906 2110 CASAUBONUS
1965 2045 2222 2105 DAVIDI
2280 2044 2732 2105 HCESCHELIO
2768 2045 2832 2105 S.
2878 2045 2946 2104 P.
2984 2045 3054 2104 D.

513 2203 763 2259 Photium
799 2211 946 2258 tuum
990 2207 1191 2269 quanta
1238 2209 1486 2268 poteram
1530 2197 1808 2268 diligentia
1862 2199 2004 2250 inter
2042 2195 2250 2249 aulicos
2296 2195 2582 2263 strepitus,
2609 2194 2930 2249 avidissime
2989 2203 3134 2248 certe
3179 2195 3444 2262 percurri.
3485 2194 3712 2250 Ostendi

445 2293 606 2348 etiam
639 2305 835 2346 munus
871 2298 1016 2344 tuum
1055 2288 1231 2342 doctis
1274 2287 1597 2355 magnisque
1633 2285 1807 2338 viris:
1845 2299 2074 2353 quorum
2134 2282 2187 2336 in
2233 2282 2335 2337 hac
2376 2284 2518 2351 regia
2573 2284 2711 2338 urbe
2759 2297 3015 2336 ntunerus
3059 2283 3475 2352 haudquaquam
3543 2287 3716 2353 paeni—

447 2381 664 2434 tendus.
699 2376 900 2432 Omnes
931 2375 1026 2431 tibi
1053 2385 1109 2430 et
1146 2373 1600 2443 praestantissimo
1639 2370 1869 2425 Velsero
1901 2369 2106 2438 gratias
2132 2384 2296 2438 agere
2339 2371 2698 2433 immortales,
2741 2385 2972 2438 quorum
3005 2372 3330 2424 auctoritate
3361 2380 3415 2424 et
3449 2372 3714 2424 industria

448 2467 795 2523 utilissimum
831 2463 1152 2534 scriptorem
1195 2462 1445 2532 proximo
1474 2469 1739 2516 autumno
1786 2475 1845 2514 se
1893 2457 2179 2514 habituros
2206 2467 2451 2526 sperant.
2490 2457 2794 2527 Principem
2828 2459 2967 2512 inter
2999 2456 3160 2525 hujus
3191 2460 3400 2514 ordinis
3435 2460 3581 2514 viros
3621 2459 3699 2512 lo-

446 2577 570 2618 cum
603 2561 813 2616 obtinet
845 2573 1045 2631 prmses
1071 2556 1334 2612 Tbuanus
1367 2574 1382 2610 :
1420 2571 1581 2626 quem
1614 2570 1716 2625 ego
1745 2555 1922 2608 virum
1953 2555 2218 2610 divinitus
2255 2555 2438 2608 datum
2465 2568 2662 2608 censeo
2697 2553 2900 2608 smculo
2932 2553 3018 2609 isti
3053 2553 3106 2606 in
3133 2553 3440 2623 exemplum
3475 2553 3714 2622 pietatis,

451 2648 802 2718 integritatis,
830 2647 1138 2718 probitatis,
1176 2653 1230 2700 et
1257 2654 1314 2698 ut
1349 2659 1455 2701 uno
1499 2645 1663 2698 verbo
1719 2645 1894 2698 dicam
1942 2643 2020 2698 πά

2167 2644 2366 2715 ἀρετῆς
2393 2643 2486 2697 καὶ
2513 2643 2778 2714 καλλονῆς
2815 2643 3013 2715 ψυχῆς.
3059 2642 3195 2697 Sunt
3221 2653 3276 2696 et
3321 2644 3470 2697 multi
3496 2644 3586 2698 alii
3609 2661 3714 2713 qua

451 2737 505 2791 in
540 2737 687 2800 aula,
725 2751 828 2804 qua
851 2735 904 2790 in
939 2744 1132 2788 senatu
1159 2731 1459 2787 Parisiensi
1487 2731 1802 2802 λάμποντες
1832 2732 2066 2802 ἀστέρες
2089 2731 2168 2797 ὡς
2196 2733 2361 2788 veStri
2388 2733 2795 2796 studiosissimi,
2831 2738 2885 2787 et
2919 2734 3155 2803 purioris
3185 2733 3505 2788 litteratura:
3527 2750 3718 2786 aman-

453 2824 671 2881 tissimi.
711 2822 916 2877 Omnes
945 2822 1000 2877 bi
1046 2819 1298 2874 Pbotium
1338 2829 1574 2873 vestrum
1622 2819 1974 2888 cupidissime
2001 2829 2346 2890 exspectant,
2378 2820 2582 2875 eximie
2614 2831 2791 2875 atttem
2823 2821 3152 2876 Frauciscus
3195 2821 3458 2880 Pithoeus.
3508 2823 3716 2888 dequo

454 2926 629 2980 nuper
687 2911 1037 2980 scripseram,
1068 2923 1188 2962 esse
1223 2907 1276 2961 in
1325 2906 1442 2976 ejus
1474 2907 1722 2960 manibus
1753 2905 1933 2961 Photii
1958 2908 2258 2978 exemplar,
2283 2908 2609 2964 collaturum
2641 2924 2727 2963 me
2757 2920 2904 2962 tuum
2937 2911 3181 2964 codicem
3221 2926 3341 2964 cum
3377 2911 3468 2965 illo
3503 2933 3514 2966 :
3543 2922 3601 2964 et
3627 2926 3721 2966 ex-

453 3007 668 3067 cerptas
705 2999 829 3052 inde
854 2996 1073 3070 γραφὰς
1102 2995 1390 3068 διαφόρους
1438 2995 1616 3049 istbuc
1645 2995 1960 3052 missurum.
1995 2995 2180 3065 Neque
2206 2999 2274 3051 ab
2306 2998 2398 3051 illo
2425 3012 2602 3066 neque
2630 3013 2658 3050 a
2701 3012 2786 3052 me
2837 2999 3060 3069 insuper
3104 2999 3288 3054 habita
3317 3016 3378 3053 ea
3417 3014 3575 3065 cura,
3624 3001 3719 3054 sed

454 3101 752 3156 paucorum
783 3084 1035 3141 foliorum
1063 3085 1473 3153 comparatione
1504 3082 1812 3146 didicimus,
1843 3083 1976 3138 nihil
1997 3095 2090 3138 aut
2112 3100 2299 3154 parum
2329 3086 2551 3140 omnino
2577 3087 2765 3140 auxilii
2798 3088 2863 3140 ad
2899 3088 3200 3141 ornandam
3233 3095 3376 3141 tuam
3424 3088 3720 3142 editionem

455 3188 484 3225 a
522 3171 720 3228 Pithoei
749 3170 884 3226 libro
910 3185 1032 3225 esse
1057 3168 1507 3237 exspectandum.
1539 3167 1722 3233 Quare
1753 3167 1897 3222 aliud
1923 3182 2121 3223 censeo
2157 3186 2400 3242 agamus.
2441 3172 2704 3242 Equidem
2744 3174 2788 3228 si
2814 3176 2958 3228 domi
2993 3175 3048 3229 in
3078 3173 3265 3229 Museo
3297 3191 3418 3229 meo
3451 3190 3572 3244 quae
3591 3185 3722 3230 sunt

465 3275 494 3313 a
521 3270 574 3316 te
599 3260 762 3314 missa
791 3258 1061 3329 legissem,
1099 3267 1193 3311 aut
1222 3257 1318 3311 otii
1355 3256 1659 3326 plusculum
1689 3253 2005 3312 habuissem
2053 3257 2121 3312 ad
2160 3259 2213 3312 id
2255 3261 2555 3329 negotium,
2590 3262 2742 3331 plura
2770 3273 2824 3316 et
2860 3261 3080 3315 meliora
3120 3263 3170 3316 in
3215 3277 3282 3317 eo
3317 3263 3595 3331 Scriptore
3625 3263 3725 3316 ob-

457 3362 761 3403 servassem
801 3355 854 3401 et
885 3355 1060 3401 tecum
1105 3345 1624 3400 communicassem.
1675 3343 1782 3399 Sed
1812 3345 1975 3399 crede
2022 3346 2157 3400 mihi
2182 3348 2324 3402 serio
2355 3348 2671 3414 aﬂirmanti,
2725 3349 2859 3403 nihil
2886 3350 3228 3418 occupatins,
3277 3349 3413 3403 nihil
3458 3364 3487 3402 a
3525 3351 3726 3404 studiis

457 3435 687 3490 alienius
714 3449 777 3489 ea
808 3433 942 3498 vita,
968 3448 1128 3502 quam
1161 3433 1212 3486 iu
1251 3433 1352 3487 hac
1378 3433 1501 3486 aula
1528 3433 1794 3487 hactenus
1810 3431 2069 3488 viximus.
2103 3431 2173 3488 Ut
2196 3435 2364 3490 scires
2394 3444 2570 3489 tamen
2599 3437 2768 3491 etiam
2802 3438 2853 3490 in
2909 3437 3139 3491 summis
3167 3436 3313 3491 hisce
3344 3437 3724 3506 occupationi-

460 3528 559 3578 bus
593 3522 843 3578 Photiurn
881 3531 1030 3576 tuum
1061 3521 1218 3577 nobis
1245 3536 1369 3577 esse
1396 3521 1619 3586 lectum,
1649 3521 1879 3591 paucula
1910 3521 2158 3591 quaedam
2190 3521 2461 3578 illevimus
2499 3524 2624 3578 huic
2654 3525 2880 3588 chartae,
2911 3541 3029 3594 qua:
3065 3535 3175 3580 tum
3223 3526 3380 3580 nobis
3403 3525 3453 3579 in
3486 3536 3724 3579 mentem

459 3619 743 3664 venerunt.
775 3608 910 3664 Nam
947 3610 1168 3680 gravius
1193 3610 1398 3681 aliquid
1431 3609 1630 3665 frustra
1671 3626 1813 3665 nunc
1842 3625 1871 3664 a
1917 3623 2006 3664 me
2042 3611 2467 3679 exspectaveris.
2495 3611 2646 3678 Vale,
2677 3613 2763 3667 vir
2800 3613 3134 3679 doctissime,
3175 3623 3230 3668 ct
3281 3629 3366 3668 me
3408 3623 3728 3669 constanter

459 3712 603 3752 ama.
639 3697 866 3753 Lutetiae
885 3695 1222 3753 Parisiorum
1256 3698 1291 3753 5
1323 3697 1550 3752 Kalend.
1575 3697 1762 3752 iunias
1787 3713 1910 3752 nnc.
2973 3718 2976 3722 ’

1504 3965 1609 4023 EX
1692 3966 1912 4025 NOTIS
1957 3968 2286 4028 ANDRE/E
2351 3971 2684 4044 SCHOTTI,

1609 4105 1693 4148 AD
1734 4105 2302 4154 CHRESTOMATHIAM
2323 4110 2568 4155 PROCLI.

547 4237 912 4308 ‘Avsyvdioﬂq,
941 4238 1137 4292 lectum
1176 4249 1283 4302 eSt,
1323 4238 1405 4292 vel
1457 4237 1928 4311 Ἀνεγνώσθησαν,
1963 4240 2102 4296 lecta

2157 4250 2280 4297 ηιιιιι.
2332 4243 2425 4299 Sic
2453 4245 2520 4300 de
2551 4244 2777 4316 singulis
2817 4259 2846 4298 a
2876 4261 2935 4300 se
2963 4260 3086 4300 cum
3119 4244 3324 4314 judicio
3369 4248 3527 4302 lectis
3575 4249 3729 4307 libris

465 4328 691 4384 Phatius
744 4326 1053 4396 patriarcha
1083 4324 1714 4394 Constantinopolitanus
1749 4328 1808 4381 ὲν
1841 4331 1909 4399 τῇ
1949 4329 2037 4381 Bia

2158 4335 2274 4403 ~st
2315 4333 2426 4385 τῶν
2471 4334 2901 4403 ἀνεγνωσμένων
2939 4335 3090 4405 αὐτῳ
3114 4335 3334 4405 βιϐλίων
3378 4337 3637 4406 loquitur,
3674 4351 3730 4394 ιιι

469 4415 684 4472 oculato
715 4413 836 4469 testi
863 4413 994 4469 ﬁdes
1027 4414 1315 4468 habeatur.
1345 4412 1455 4469 Nec
1481 4415 1626 4468 enim
1655 4431 1722 4470 ex
1752 4415 1981 4470 aliorum
2023 4431 2294 4485 sermone,
2335 4422 2418 4475 vel
2461 4421 2659 4487 obiter,
2695 4432 2750 4477 et
2793 4432 3052 4491 tanquam
3093 4439 3188 4493 per
3247 4433 3600 4480 transennam
3650 4430 3730 4482 in-

470 4513 657 4576 specto
684 4517 871 4573 opere,
903 4509 960 4555 ut
994 4501 1108 4556 fere
1136 4501 1237 4555 hoc
1270 4501 1490 4566 saeculo,
1531 4501 1598 4556 de
1626 4511 1738 4557 toto
1767 4518 1931 4572 opere
1959 4503 2221 4570 judicium
2272 4509 2372 4563 sibi
2408 4508 2693 4564 ferendum
2717 4511 3087 4575 existimabat,
3115 4514 3209 4566 sed
3243 4528 3269 4565 a
3302 4513 3480 4581 capite
3518 4516 3586 4568 ad
3622 4520 3734 4568 cal-

469 4609 586 4648 cem
625 4592 886 4664 perlecto,
922 4590 1092 4645 libere
1126 4589 1336 4658 judieat
1369 4605 1566 4644 censor
1596 4603 1652 4644 et
1694 4591 1918 4646 criticus
1953 4594 2327 4660 gravissimus,
2365 4596 2560 4650 summi
2597 4605 2651 4650 et
2682 4599 2881 4666 ingenii
2925 4607 2978 4652 et
3018 4600 3230 4667 judicii,
3264 4601 3328 4654 de
3370 4603 3732 4671 scriptoribus

478 4682 727 4736 ducentis
754 4677 988 4748 amplius
1030 4677 1478 4748 etseptuaginta,
1521 4679 1838 4748 philologis,
1867 4680 2063 4747 poetis,
2099 4681 2394 4750 historicis,
2435 4685 2768 4749 oratoribus,
2812 4686 3145 4754 philosophis
3201 4699 3255 4740 et
3285 4689 3552 4759 theologis
3591 4708 3606 4744 :
3639 4691 3732 4758 qui

471 4771 760 4824 maximam
792 4779 1024 4838 partem,
1053 4776 1426 4836 temporumne
1460 4768 1677 4836 injuria,
1708 4783 1776 4822 an
1838 4769 2102 4836 majorum
2137 4770 2368 4835 incuria,
2403 4771 2700 4840 perierunt.
2759 4772 2822 4826 Et
2850 4774 3071 4842 quidem
3109 4774 3176 4826 de
3211 4774 3337 4844 styli
3383 4775 3726 4839 charactere,

444 4861 790 4928 scriptorum
825 4871 1072 4916 numero,
1111 4866 1166 4911 et
1215 4857 1407 4918 titulis,
1447 4871 1567 4928 quas
1597 4858 1820 4925 γνήσια,
1872 4871 1992 4924 qua:

2162 4855 2474 4926 ῖεπίγραφα,
2518 4860 2647 4928 quid
2685 4859 2862 4926 laude,
2893 4869 2948 4914 et
3000 4859 3324 4927 imitatione,
3368 4864 3496 4930 quid
3541 4871 3734 4917 contra

472 4944 872 5016 vituperatione
901 4945 1121 5014 dignum
1151 4943 1203 4996 in
1229 4943 1458 5012 singulis
1491 4943 1964 5013 deprehendisset,
2001 4943 2122 4998 sine
2158 4943 2281 4998 fuco
2307 4955 2368 5000 et
2407 4946 2555 5010 odio,
2596 4962 2744 5000 more
2775 4946 3067 5014 majorum,
3111 4949 3449 5016 pronuntiat.
3491 4949 3736 5021 Denique

474 5051 578 5105 qua
606 5033 837 5105 quisque
868 5041 1191 5103 tempestate
1221 5033 1490 5098 ﬂoruerit,
1534 5044 1860 5098 caeteraque,
1893 5032 2110 5102 longum
2146 5042 2290 5087 esset
2316 5033 2460 5087 enim
2490 5035 2568 5088 ire
2600 5050 2695 5105 per
2724 5036 2958 5105 singula,
2989 5036 3252 5091 audacter
3274 5038 3566 5107 dijudieat.

1424 5291 1481 5349 J.
1513 5288 1801 5348 LlPSlUS
1833 5289 2089 5348 MARCO
2128 5287 2471 5350 VELSEHO
2510 5289 2570 5348 S.
2598 5289 2675 5348 M.
2710 5288 2779 5348 D.

551 5419 813 5474 Senecam
856 5430 1102 5473 nostrum
1133 5433 1161 5470 a
1203 5427 1254 5472 te
1284 5425 1592 5483 arccptum,
1623 5425 1679 5470 et
1703 5429 1830 5471 vere
1859 5425 2160 5486 acceptum,
2195 5417 2244 5468 id
2283 5427 2387 5480 est,
2419 5426 2628 5486 gratum
2657 5414 2843 5477 fuisse,
2879 5415 3106 5483 gaudeo.
3138 5415 3330 5470 Annon
3365 5429 3535 5482 esset,
3589 5425 3732 5476 scri-

479 5519 597 5578 ptor
622 5508 858 5576 optimus
890 5507 1004 5560 viro
1035 5505 1280 5574 optimo?
1307 5503 1461 5567 Quod
1497 5503 1578 5557 ais
1607 5503 1916 5557 desiderare
1961 5504 2219 5572 quosdam
2263 5502 2467 5568 reliqua
2493 5519 2506 5555 :
2547 5516 2716 5568 pauca
2742 5511 2889 5563 sunt,
2924 5511 2974 5553 et
3006 5501 3165 5555 hodie
3195 5518 3312 5556 mos
3336 5505 3548 5558 obtinet
3598 5508 3732 5562 reli-

477 5603 734 5666 qoatores
774 5611 916 5657 esse,
966 5598 1075 5648 imo
1100 5593 1545 5648 conturbatores.
1586 5592 1749 5645 Detur
1787 5591 1963 5654 venia,
1990 5599 2085 5642 aut
2127 5599 2277 5642 certe
2324 5602 2473 5641 mora
2523 5587 2724 5654 aliqua,
2780 5586 3114 5639 valetudini:
3154 5597 3208 5641 et
3254 5587 3494 5645 fortasse
3546 5593 3725 5650 altera

478 5686 641 5740 editio
673 5685 841 5740 dabit.
876 5683 1014 5737 Sunt
1042 5689 1096 5736 et
1142 5682 1195 5733 in
1225 5676 1330 5732 illis
1363 5678 1535 5745 libris,
1570 5692 1689 5746 qua:
1723 5677 1924 5732 volenti
1971 5674 2114 5731 haud
2158 5674 2430 5743 peribunt.
2468 5675 2537 5726 At
2563 5685 2617 5726 tu
2655 5676 2720 5728 de
2759 5672 2934 5740 elogio
2969 5672 3166 5726 debere
3200 5675 3504 5742 proliteris.
3550 5678 3616 5730 Et
3652 5682 3733 5735 si;
