3980 6234
310 257 375 322 17
1653 265 2242 330 PROLEGOMENA.
3513 279 3577 343 18

308 365 849 438 loqueris?judicio,
889 368 1072 425 dicere
1113 370 1392 426 debebas:
1433 380 1487 427 ct
1537 372 1661 428 ideo
1708 374 1844 428 nihil
1894 378 2115 434 debere.
2157 379 2287 434 Mihi
2314 380 2501 447 crede,
2544 381 2674 436 utsi
2704 381 2922 451 juratus
2949 384 3003 438 ln
3030 394 3219 441 senatu
3244 393 3571 449 sententiam

309 456 575 547 dicerem,
622 457 703 512 sic
730 457 862 547 dixi.
890 457 1030 513 Amo
1063 467 1115 512 te
1141 459 1484 528 jamdudum,
1520 461 1592 515 mi
1635 460 1881 530 Velsere,
1923 466 2017 521 sed
2061 466 2288 522 allectus
2323 468 2467 522 illam
2498 468 2666 523 animi
2703 472 2879 525 lucem
2906 487 3011 526 non
3042 474 3387 533 obtenebrat.
3442 478 3573 547 Sed,

311 546 467 609 heus,
500 546 755 633 estquod
780 548 1053 633 communi
1086 547 1455 602 litteratorum
1497 551 1716 606 nomine
1743 554 2211 618 commendemus,
2241 555 2325 610 vel
2358 566 2632 625 petamus.
2658 556 2889 612 Δηὼ-θέε
2920 559 3157 625 Schotti,
3192 565 3376 633 magni
3404 546 3566 623 amici

310 633 517 696 nostri,
545 631 798 695 Photius,
833 632 1056 688 Latinus
1097 634 1309 704 jamdiu
1362 637 1502 705 apud
1537 653 1635 692 vos
1680 647 1785 703 est,
1833 647 1888 692 et
1925 641 2145 709 quando
2194 639 2311 711 ipse
2350 640 2549 708 lucem,
2582 657 2682 698 nos
2710 659 2832 699 eum
2865 644 3209 703 videbimus?
3241 631 3405 706 certe
3435 652 3574 708 inter

312 736 515 787 paucos
566 722 656 777 ille
689 723 929 791 scriptor
972 732 1255 777 meretur:
1287 724 1379 794 qui
1413 724 1560 779 solus
1596 736 1671 779 tot
1721 726 2149 782 clarissimorum
2188 729 2528 800 ingeniorum
2574 740 2928 787 monumenta
2962 750 2991 789 a
3018 733 3132 790 fato
3174 736 3377 807 eripuit
3414 755 3428 793 :
3461 747 3573 795 toto

311 808 432 864 dico
462 808 598 874 fato,
630 819 687 864 et
713 810 910 865 saltem
948 811 1169 866 nomina
1197 823 1250 867 et
1282 812 1612 879 scriptorum
1645 813 1790 868 velut
1813 815 2056 869 membra
2083 817 2341 871 servavit.
2374 817 2548 883 Quam
2578 818 2776 873 multos
2799 819 2887 875 ille
2914 820 3062 892 legit,
3091 837 3157 878 ex
3186 823 3253 879 iis
3275 824 3458 894 elegit,
3488 836 3566 893 et,
3630 834 3633 835 '

311 904 369 948 ut
399 896 483 951 sic
513 896 732 967 loquar,
765 898 1072 965 deﬂoravit,
1103 915 1240 969 quos
1278 914 1442 956 nosse
1476 901 1632 957 nobis
1664 901 1827 956 aliter
1874 917 1978 956 non
2020 903 2199 957 esset?
2226 902 2268 956 E
2310 905 2500 971 sacris,
2536 906 2801 975 profanis,
2827 910 3238 974 tractatoribus.
3270 912 3569 978 historicis,

309 986 644 1050 oratoribus,
678 987 872 1054 poetis,
907 997 961 1042 et
996 988 1132 1042 nihil
1174 988 1335 1042 estin
1362 988 1547 1043 Graeca
1576 990 1721 1043 omni
1748 989 2080 1055 litteratura,
2106 1001 2199 1044 aut
2230 999 2288 1044 ut
2319 993 2503 1071 verius
2535 993 2735 1061 dicam,
2771 994 3013 1062 libraria,
3046 1001 3190 1066 quod
3221 999 3311 1055 ille
3337 1000 3422 1055 vir
3460 1017 3568 1055 non

311 1072 517 1132 libarit.
547 1072 953 1129 Pulcherrimus
985 1090 1105 1131 mos
1130 1076 1183 1129 in
1216 1091 1398 1131 mensa
1428 1075 1662 1147 legendi,
1694 1076 1781 1132 vel
1825 1078 2077 1133 audiendi
2106 1095 2121 1133 :
2154 1079 2249 1134 scd
2279 1078 2381 1133 iste
2421 1080 2704 1149 pulchrior
2730 1082 3044 1153 utiliorque,
3074 1088 3403 1153 annotandi,
3437 1104 3571 1144 cen-

311 1162 487 1228 sendi,
515 1163 868 1232 exeerpendi.
892 1162 1132 1239 .Photius
1161 1162 1311 1230 fecit,
1343 1174 1398 1219 et
1431 1164 1522 1235 qui
1565 1165 1633 1219 ad
1681 1178 1782 1221 nos
1830 1179 2217 1237 pervenerunt,
2264 1169 2434 1227 solus.
2475 1169 2648 1225 David
2679 1170 3022 1242 lltesclielius
3058 1187 3258 1243 vester,
3292 1186 3347 1233 et
3372 1180 3572 1234 vestris

310 1252 471 1307 etiam
500 1252 784 1321 auspiciis,
826 1250 1074 1307 Graecum
1106 1253 1381 1321 primitus,
1418 1266 1473 1307 et
1508 1256 1658 1309 varie
1701 1264 1866 1327 atque
1895 1255 2162 1312 industrie
2190 1258 2540 1327 castigatum,
2572 1259 2721 1314 dedit
2748 1277 2760 1314 :
2814 1262 2907 1316 sed
2934 1263 3078 1317 nosti
3110 1279 3220 1334 quo
3247 1274 3467 1320 ventum
3501 1269 3573 1321 sit

312 1341 522 1410 ignavia
571 1341 696 1406 aevi,
746 1341 906 1411 pauci
944 1340 1059 1395 htec
1113 1340 1299 1409 legunt
1338 1350 1433 1396 aut
1466 1343 1707 1410 capiunt,
1738 1352 1793 1398 et
1829 1343 1931 1397 nisi
1976 1344 2169 1399 Latina
2224 1348 2519 1413 addantur,
2551 1363 2689 1418 pene
2738 1350 2914 1405 dicam
2970 1366 3078 1405 non
3132 1353 3371 1409 dedisse.
3431 1353 3573 1425 Ergo

313 1430 376 1485 Α.
402 1429 688 1499 Sebottus,
720 1431 807 1486 vir
838 1431 983 1486 bono
1008 1431 1227 1500 publico
1267 1442 1449 1497 natus,
1475 1432 1821 1495 allaboravit,
1852 1442 1909 1487 et
1949 1432 2201 1487 Latinum
2243 1444 2415 1490 totqu
2444 1437 2615 1502 dedit,
2646 1446 2702 1491 et
2734 1438 2828 1493 tibi
2856 1439 3150 1494 commisit.
3183 1438 3324 1496 Ecce
3348 1441 3477 1512 jure
3514 1451 3565 1497 te

309 1519 634 1589 ﬂagitamus.
679 1517 789 1574 Fac
813 1519 956 1588 quod
982 1518 1127 1575 soles
1156 1527 1212 1574 et
1245 1529 1410 1575 natus
1442 1534 1521 1584 es,
1553 1535 1666 1575 rem
1708 1520 1978 1591 publicam
2017 1524 2101 1578 vel
2145 1524 2371 1594 privatae
2401 1534 2509 1580 ture
2543 1527 2743 1582 damno
2768 1526 2917 1595 juva.
2948 1526 3017 1582 Mi
3050 1527 3291 1595 Velsere,
3326 1531 3390 1583 da
3431 1529 3572 1584 hanc

308 1619 549 1744 :iperam,
581 1605 685 1744 etii
713 1621 890 1744 lquam
920 1605 1145 1673 trepidis
1177 1616 1234 1662 et
1256 1621 1394 1677 pene
1417 1606 1717 1678 desperatis
1743 1607 1987 1679 Europa!
2015 1612 2207 1666 rebus!
2242 1612 2544 1683 Pannonia,
2584 1624 2639 1670 et
2665 1614 2776 1685 jam
2802 1614 3075 1686 lllyricum
3114 1614 3428 1685 ﬁnitimum,
3454 1615 3569 1674 sol-

330 1692 475 1744 icitos
507 1708 608 1744 nos
680 1708 708 1744 a
750 1703 883 1744 ent:

330 1692 475 1747 icitos
507 1708 608 1749 nos
641 1693 843 1748 habent
866 1709 883 1747 :

1290 1782 1410 1848 Quo
1433 1784 1640 1852 pondus
1675 1784 1818 1837 istud
1851 1786 2064 1855 verget?
2103 1786 2192 1839 ubi
2235 1798 2390 1855 ponet
2420 1788 2635 1843 minas?

308 1866 635 1939 Ubicunque,
667 1880 905 1935 stemus,
932 1879 986 1925 et
1015 1871 1068 1925 in
1103 1871 1335 1926 honesto
1364 1872 1529 1934 lirmi,
1561 1887 1777 1926 omnem
1812 1872 1905 1926 l’ati
1937 1874 2043 1926 vim
2076 1874 2431 1941 excipiamus,
2463 1876 2573 1932 imo
2601 1877 2908 1947 vincamus,
2937 1876 2990 1933 id
3017 1888 3120 1947 est,
3160 1877 3422 1936 feramus.

381 1955 528 2012 Vale.
560 1957 811 2025 Lovanii,
850 1958 1113 2030 postridie
1144 1957 1349 2014 Natalis
1373 1960 1663 2025 Dominici,
1696 1978 1839 2016 anno
1868 1960 2105 2015 MDCVI.

1891 2100 1959 2112 ...-

940 2189 1015 2250 lN
1070 2190 1479 2251 PHOTIAN/E
1536 2190 2062 2253 BIBLIOTHECIE
2115 2191 2932 2267 INTERPRETATIONEM,

832 2334 868 2376 A
905 2333 970 2377 R.
1009 2332 1069 2377 P.
1114 2332 1366 2378 ANDREA
1424 2334 1701 2377 SCHOTTO
1760 2333 1842 2376 DE
1903 2333 2241 2378 SOCIETATE
2279 2334 2429 2381 JESU
2480 2334 2709 2379 LATINE
2766 2334 3022 2379 EDITAM.

1599 2441 1790 2497 Feder.
1821 2439 2111 2505 lamotius,
2148 2439 2292 2495 Med.

300 2582 542 2648 Σκόττος
565 2581 679 2635 ἀπὸ
702 2579 941 2634 σκοτίοιο
968 2578 1287 2651 φερώνυμός
1307 2580 1455 2633 ἐστιν
1472 2581 1702 2652 ὁμίχλης

366 2674 578 2739 Φώτιος
599 2672 676 2736 ὡς
703 2671 964 2743 λαμπροῦ
999 2671 1230 2740 κληδόνα
1261 2671 1437 2739 φωτὸς
1461 2672 1594 2742 ἔχει.

301 2766 449 2819 Τένδ*
474 2765 635 2835 ἐπειὴ
663 2765 760 2817 καὶ
792 2765 1054 2829 Σκόττος
1076 2764 1364 2833 ἀπήγαγεν
1390 2764 1587 2835 ἀχλύος
1616 2766 1773 2836 αἰνῆς

360 2858 585 2912 Φωτικὰ
602 2856 949 2927 λαμπρύνων
969 2856 1273 2928 γράμματα
1302 2874 1443 2925 φωτι
1462 2858 1590 2928 νέῳ.

300 2950 463 3021 (Τοῖσι
487 2948 869 3018 παλαιγενέων
889 2950 1262 3020 σφραγὶσσατο
1292 2948 1512 3017 Φώτιος
1534 2950 1742 3023 ἀνδρῶν

366 3045 662 3114 Mannum,
689 3044 930 3114 τιμήσας
963 3043 1257 3112 στίγμασιν
1282 3043 1596 3113 ἀμφαδίοις)

302 3136 362 3189 El
388 3136 544 3205 Θέμις
582 3137 910 3208 ἀτρεκέεσσι
941 3134 1280 3207 πανατρεκὲς
1310 3135 1517 3207 οὔνομα
1544 3136 1737 3202 θεῖναι,

366 3225 463 3291 ’ος
486 3246 619 3283 ποτε
643 3230 902 3295 Σκᾰτος
921 3226 1035 3298 ἔην,
1064 3225 1284 3292 Φὼτιος
1308 3226 1465 3289 ἄλλος
1499 3226 1598 3279 ἔοι.

306 3382 501 3441 Franc.
546 3386 797 3443 Schottns
820 3388 952 3445 Jure
981 3390 1253 3445 consultus
1295 3406 1357 3443 ac
1382 3398 1593 3445 senator
1622 3389 1876 3453 Autuerp.

306 3498 459 3555 Plauti
487 3503 714 3572 scripta,
746 3504 896 3573 prius
926 3504 1016 3574 qui
1061 3519 1204 3559 casco
1238 3519 1463 3558 carcere
1495 3502 1737 3567 clausus,

372 3592 658 3660 llorridus,
693 3595 923 3661 invisus,
959 3607 1119 3650 nocte
1152 3596 1356 3650 latebat
1387 3596 1557 3659 iners,

304 3683 495 3740 Eduxit
532 3687 787 3755 quoniam
817 3687 935 3740 dias
971 3687 1024 3740 in
1061 3686 1281 3741 luminis
1310 3701 1455 3752 oras,

372 3776 561 3831 Frater
589 3778 840 3844 amande,
874 3779 1038 3832 animi
1081 3778 1477 3847 dimidiumque
1511 3776 1638 3838 mei,

305 3866 558 3923 Gratulor
580 3878 636 3924 et
660 3869 833 3933 lzetor,
876 3870 1059 3938 prisco
1092 3871 1289 3925 dehinc
1328 3884 1479 3925 more
1521 3880 1806 3939 parentum

370 3960 563 4017 Grates
590 3973 741 4030 grata
774 3963 901 4018 velit
930 3964 1143 4019 solvere
1170 3965 1484 4031 posteritas.

305 4054 413 4109 Lux
446 4056 684 4109 tenebrae
716 4055 801 4109 hic
827 4054 1006 4109 fausto
1038 4055 1360 4124 conspirant
1391 4055 1591 4119 omine,
1622 4054 1807 4110 lucens

369 4146 613 4216 Namque
648 4146 881 4202 obscura
906 4147 1055 4216 prius
1082 4145 1414 4200 Bibliotheca
1448 4157 1618 4214 patet.

314 4240 413 4294 Lux
442 4240 610 4294 micat
646 4258 675 4294 e
724 4241 964 4295 tenebris
1010 4254 1075 4295 en
1120 4250 1304 4293 mutua
1338 4256 1352 4293 :
1385 4255 1601 4308 noxque
1634 4239 1875 4294 vicissim

371 4332 599 4395 Lumen,
632 4340 684 4387 et
711 4344 830 4387 atra
865 4333 982 4387 dies
1019 4332 1263 4401 ajubare
1295 4332 1593 4401 accipiunt.

303 4422 477 4477 Fallor
501 4440 570 4477 an
607 4424 873 4493 aspicient
904 4424 1055 4494 pulsa
1090 4424 1322 4493 caligine
1353 4424 1512 4478 ocelli

368 4515 592 4581 Lucem,
627 4523 807 4569 mente
831 4513 998 4570 Deum
1024 4517 1358 4586 iustitiaeque
1384 4513 1595 4583 jubar?

304 4607 459 4662 Photi
493 4624 690 4663 munus
718 4611 825 4663 erit
851 4618 929 4663 tot
950 4609 1088 4664 lecta
1121 4609 1393 4663 volumina
1426 4605 1675 4669 Graium,

369 4699 575 4755 Schotti
604 4700 712 4755 erit
740 4700 853 4755 haec
879 4700 1035 4755 Latio
1066 4701 1271 4755 reddita
1305 4714 1467 4768 posse
1500 4698 1626 4769 legi.

300 4831 525 4887 Joannes
575 4831 809 4887 Bochius
834 4831 892 4888 S.
930 4832 993 4888 P.
1041 4832 1109 4899 ρ.
1135 4833 1511 4903 Antuerpiemi
1552 4850 1582 4885 a
1618 4830 1869 4886 Sec'retis.

302 4963 381 5017 Nil
414 4965 513 5019 nisi
554 4979 754 5021 nomen
784 4966 990 5021 habens
1039 4982 1071 5020 a
1099 4967 1323 5033 lumine,
1358 4966 1579 5020 luminis
1612 4981 1807 5035 expers

373 5055 618 5123 leius,
650 5066 706 5111 et
738 5058 983 5113 tenebris
1007 5058 1237 5113 obrutus
1270 5068 1431 5128 atque
1463 5060 1592 5121 situ,

304 5146 635 5218 Squallebat,
668 5151 954 5219 tineasque
991 5150 1082 5205 diu
1130 5153 1385 5221 pascebat
1416 5154 1618 5205 inertes

371 5242 618 5308 Abditus,
639 5251 693 5298 et
721 5242 915 5313 patriis
945 5242 1164 5298 sedibus
1192 5242 1348 5299 exsul
1375 5254 1517 5298 erat.

303 5333 646 5404 Aspectuque
693 5350 888 5389 carens
932 5336 1234 5400 hominum,
1287 5334 1476 5406 procul
1511 5335 1644 5389 orbe
1676 5335 1876 5390 latebat

371 5420 656 5491 Hesperio,
685 5423 905 5478 clausus
932 5437 1180 5489 carcere,
1212 5424 1350 5480 lucis
1380 5426 1555 5493 inops.

303 5513 368 5563 At
407 5511 632 5568 Schotus
661 5514 914 5571 obscuris
948 5528 1142 5574 nomen
1177 5517 1268 5587 qui
1302 5517 1449 5570 ducit
1478 5517 1544 5571 ab
1568 5517 1776 5571 umbris

370 5603 522 5672 (Mira
555 5621 694 5662 cano
726 5608 872 5662 tenui
910 5610 1177 5672 carmine,
1210 5625 1335 5662 vera
1386 5610 1591 5677 tamen)

303 5696 453 5753 Eruit
479 5701 530 5755 in
564 5703 732 5757 densa
766 5702 997 5771 positam
1032 5703 1261 5771 caligine
1294 5702 1464 5757 lucent
1501 5720 1513 5756 :

1990 2582 2240 2637 Schottus
2272 2582 2340 2635 ab
2365 2581 2599 2635 obscura
2624 2577 2771 2633 ducit
2800 2574 3031 2645 caligine
3059 2586 3254 2630 nomen

2060 2673 2282 2729 Phenus
2310 2682 2367 2728 ut
2399 2671 2531 2726 clari
2560 2670 2782 2725 luminis
2815 2683 2975 2723 omen
3012 2667 3191 2722 habet.

1987 2767 2119 2823 Cum
2144 2776 2322 2820 tamen
2349 2766 2492 2819 hunc
2509 2762 2759 2819 Scholtus
2784 2760 3083 2817 tenebrosis
3100 2759 3304 2817 eximat
3326 2753 3557 2820 umbris,

2060 2857 2288 2912 Lumine
2317 2871 2438 2912 cum
2468 2855 2665 2910 lustret
2696 2853 2921 2908 Pliotica
2959 2853 3159 2921 scripta
3196 2864 3336 2906 novo
3362 2865 3380 2908 :

1988 2950 2224 3021 (Scripta
2238 2949 2435 3019 quibus
2455 2962 2652 3004 censor
2669 2955 2913 3002 veterum
2938 2952 3288 2999 monumenta
3319 2942 3562 2999 virorum

2066 3040 2286 3096 Photius
2316 3041 2569 3113 obsignat
2595 3039 2856 3096 liberiore
2888 3036 3035 3106 nota)

1992 3134 2128 3188 Vera
2162 3132 2288 3187 licet
2316 3130 2458 3185 veris
2489 3129 2535 3185 si
2574 3143 2780 3199 ponere
2802 3127 3021 3184 nomina
3053 3125 3215 3180 rebus

2061 3224 2163 3292 Qui
2189 3225 2348 3278 modo
2378 3220 2626 3276 Scltottus
2649 3231 2791 3286 erat,
2818 3218 3041 3273 Plautius
3071 3217 3207 3272 alter
3229 3217 3352 3273 erit.

2056 3384 2149 3439 Sic
2182 3390 2439 3453 reparant
2472 3378 2708 3437 tenebras
2734 3376 2961 3443 lumina,
2994 3392 3212 3446 noxque
3249 3377 3416 3433 diem.

1983 3475 2391 3545 (Edipodionite
2426 3474 2655 3529 redeunt
2692 3470 2980 3542 aenigmata
3012 3470 3291 3542 Sphingis,

2057 3566 2164 3621 Nec
2195 3580 2292 3621 sua
2331 3572 2514 3620 nostra
2549 3562 2728 3617 minus
2751 3560 2951 3621 secula
2984 3570 3226 3617 monstra
3250 3559 3452 3615 ferunt.

1985 3656 2243 3725 Quisquis
2273 3663 2330 3711 at
2359 3654 2675 3709 umbrarum
2711 3651 2813 3707 sub
2864 3651 3085 3706 nomine
3115 3650 3259 3706 clara
3293 3659 3491 3718 tuetur,

2054 3746 2188 3813 Quae
2214 3745 2444 3802 Schotus
2476 3742 2671 3799 illustri
2708 3741 2912 3797 lumina
2944 3751 3128 3797 mente
3159 3743 3315 3813 tegit,

1984 3834 2322 3905 lnsiguisque
2354 3833 2457 3889 viri
2482 3847 2634 3888 raras
2669 3832 2948 3887 examinat
2975 3840 3144 3898 artes,

2054 3928 2201 3994 Quas
2228 3936 2411 3994 stupet
2437 3934 2493 3982 et
2518 3925 2759 3991 Latium,
2788 3925 3001 3981 Graecia
3034 3934 3143 3980 tota
3174 3933 3354 3996 stupet
3381 3948 3395 3981 :

1982 4018 2099 4074 Non
2127 4020 2326 4074 mirum
2353 4027 2436 4073 est
2469 4019 2613 4073 illam
2642 4018 2824 4074 radios
2851 4018 3126 4087 emittere,
3157 4018 3324 4084 dicet,

2056 4112 2351 4182 Lampada,
2380 4112 2562 4168 lumen
2592 4111 2755 4167 habet
2785 4111 3011 4166 Photius
3044 4111 3190 4167 unde
3221 4126 3402 4167 suum.

1981 4202 2093 4259 Nec
2132 4204 2324 4258 rutilas
2354 4200 2612 4274 praeferre
2644 4201 2792 4258 faces
2829 4201 3117 4257 mirabitur
3145 4205 3416 4267 umbram,

2053 4297 2185 4365 Quae
2218 4298 2392 4353 lucem
2420 4298 2562 4353 hanc
2593 4297 2715 4353 aliis
2748 4296 2995 4366 pluribus
3020 4308 3148 4351 ante
3180 4297 3322 4352 tulit.

1986 4389 2224 4456 Salvete,
2261 4405 2295 4446 o
2325 4390 2585 4455 tenebrae,
2609 4388 2835 4460 fulgenti
2870 4389 2992 4444 luce
3030 4402 3297 4454 coruscae,

2057 4482 2140 4537 Sit
2164 4482 2299 4536 satis
2332 4482 2434 4536 hoc
2470 4481 2666 4536 vestris
2694 4480 2943 4536 muneris
2981 4495 3104 4536 esse
3132 4482 3303 4536 decus
3338 4498 3353 4536 :

1985 4573 2208 4628 Photius
2249 4572 2303 4627 in
2340 4571 2578 4628 medium
2611 4574 2756 4642 quod
2785 4572 2974 4642 purior
2994 4581 3153 4628 exeat
3175 4572 3389 4637 orbem,

2053 4665 2171 4720 Lux
2207 4680 2237 4721 e
2270 4665 2435 4728 nube,
2472 4663 2641 4719 redux
2676 4678 2917 4730 carcere,
2960 4672 3119 4719 nocte
3143 4665 3327 4733 jubar.

1987 4777 2394 4834 llaximiliamts
2471 4775 2755 4832 Vriendt'us
2826 4778 3033 4833 senatui
3120 4774 3461 4834 Gandaumi
3526 4794 3559 4834 α

2639 4846 2888 4902 Sacratis.

1983 4965 2090 5020 Res
2117 4964 2275 5028 mira,
2310 4972 2366 5016 at
2397 4976 2523 5016 vers
2565 4969 2670 5026 est,
2707 4975 2813 5016 non
2857 4961 3010 5017 claro
3036 4961 3242 5017 lumine
3269 4959 3560 5019 Senonum

2054 5056 2334 5111 Clarorem
2363 5069 2392 5107 ει
2424 5053 2639 5110 nebulis
2665 5067 2923 5124 spargere
2954 5067 3114 5123 posse
3144 5047 3299 5109 suis.'
3400 5050 3401 5053 “

1987 5148 2150 5203 Ducis
2180 5157 2236 5202 et
2269 5156 2551 5217 expertem
2583 5147 2751 5202 decus
2774 5154 2830 5201 et
2863 5144 3025 5214 jubar
3055 5145 3257 5201 addere
3286 5144 3418 5203 luci.

2060 5238 2384 5308 Scriptaque
2416 5247 2496 5293 tot
2526 5246 2770 5292 veterum
2803 5236 3165 5291 detenebrare
3193 5242 3429 5305 patrum.

1988 5331 2245 5396 Mentior,
2278 5340 2334 5384 at
2360 5338 2513 5385 vetus
2544 5329 2632 5384 ille
2666 5342 2838 5383 novus
2880 5328 3043 5381 modo
3083 5325 3329 5391 Photius,
3360 5326 3490 5383 olim

2057 5422 2270 5488 Clarus,
2305 5431 2362 5475 at
2389 5421 2515 5474 inde
2542 5434 2657 5475 aevo
2688 5417 2905 5474 nubilus
2936 5428 3100 5486 atque
3128 5417 3261 5472 situ.

1985 5515 2087 5581 Qui
2125 5515 2297 5584 patria
2328 5515 2393 5566 de
2421 5521 2580 5566 nocte
2614 5524 2781 5564 novas
2820 5510 2980 5563 modo
3012 5509 3146 5562 lucis
3178 5508 3231 5562 in
3261 5524 3389 5565 oras

2058 5606 2263 5671 Emica,
2298 5604 2553 5658 Ausonia:
2589 5600 2815 5656 illustris
2846 5601 3054 5655 honore
3087 5609 3225 5668 togae
3257 5617 3272 5654 :

1982 5699 2075 5755 Ille
2106 5715 2205 5754 suo
2240 5698 2388 5753 solus
2420 5696 2637 5765 dignam
2684 5710 2781 5765 pro
2810 5691 3027 5748 vindice
3058 5706 3281 5748 causam
