3980 6234
426 274 494 338 19
1527 290 1626 350 ΑΒ
1683 293 1946 353 ΡΗΟΤΙΙ

2086 299 2553 362 BLIOTHECAM
3592 308 3663 372 20

493 386 662 454 Dicet,
700 396 754 444 et
782 394 988 461 accepti
1027 393 1245 450 luminis
1272 412 1442 466 usque
1479 414 1705 467 memor,

425 479 528 549 Uni
555 479 674 551 plus
712 483 933 540 Schotto
967 488 1164 543 debere
1197 489 1474 557 fatebitur,
1507 493 1606 561 ipsi

490 571 663 638 Quam
700 573 824 640 sibi,
857 591 1016 642 quam
1051 579 1170 644 soli,
1200 597 1360 650 quam
1392 584 1676 653 patrioque
1704 586 1847 641 solo.

627 664 887 720 Ieremia:
921 666 1274 723 Pierssenwus
1293 672 1748 741 jure-consultus.

423 751 555 817 Quis
583 758 770 810 credat
801 774 966 814 cwras
999 763 1316 830 progignere
1343 780 1501 833 posse
1528 769 1766 823 tenebras

490 839 738 908 Lumina,
775 845 1029 902 Pltmbeis
1057 850 1320 906 lucidiora
1351 857 1562 912 oculis?

417 932 533 987 Non
567 949 686 1003 ego,
722 953 824 992 non
863 942 1077 1010 physica
1110 945 1394 1014 quisquam
1427 949 1493 1002 de
1521 963 1678 1020 gente
1711 959 1982 1024 sacerdos,

493 1025 719 1095 Ullaque
755 1045 858 1085 non
886 1029 1098 1101 Sophia:
1135 1037 1292 1092 docta
1330 1043 1666 1110 magisteria.

417 1115 527 1170 lloe
554 1119 659 1172 nisi
683 1119 794 1188 jam
831 1122 1254 1192 nobisjussisset
1284 1133 1507 1187 credere
1535 1133 1806 1202 Schotttt's,

493 1209 716 1266 Photiu:
753 1222 802 1266 et
841 1217 994 1270 caecis
1023 1219 1230 1290 lucidus
1261 1239 1292 1275 a
1321 1224 1566 1292 tenebris,

417 1304 516 1370 Qui
549 1319 690 1360 nunc
707 1304 906 1360 Scitotti
925 1323 1084 1378 opera
1107 1313 1255 1379 (ante
1285 1315 1506 1368 nitentia
1540 1319 1754 1374 nubilus
1775 1338 1893 1390 ora,
1919 1335 1973 1378 et

399 1391 402 1394 ’
485 1393 667 1451 Multis
696 1397 855 1452 dente
887 1401 984 1454 aevi
1011 1404 1196 1457 saucia
1230 1405 1562 1476 vulneribus)

413 1486 682 1555 lnlegrior
705 1493 880 1560 patrio
903 1495 1080 1562 prodit
1106 1497 1385 1553 redimitus
1409 1502 1630 1558 amictu.

486 1580 596 1637 Nec
627 1583 803 1639 minus
828 1586 1065 1642 Ausonia
1101 1589 1299 1643 clarior
1324 1591 1373 1643 in
1403 1593 1606 1648 tunica.

411 1669 530 1726 Non
554 1687 713 1730 secus
739 1691 802 1731 ac
839 1679 1010 1734 noctis
1038 1681 1190 1750 nigra
1222 1698 1340 1737 cum
1369 1695 1519 1739 veste
1548 1686 1794 1742 videmus

483 1761 796 1834 Obuuptum
822 1765 1025 1834 Solem,
1053 1770 1139 1824 vel
1176 1771 1372 1840 pluviis
1403 1775 1635 1837 nebulis,

416 1850 578 1909 Veste
605 1855 946 1913 tenebrarum
974 1860 1162 1926 scissa,
1205 1874 1257 1917 et
1295 1867 1430 1919 sudo
1463 1865 1682 1932 aethere,
1714 1867 1816 1922 tela

489 1945 698 2014 Ejieere
732 1949 986 2005 hesterna
1025 1943 1285 2008 lucidior'a
1314 1956 1420 2011 die.

413 2039 591 2102 Quare
616 2040 740 2095 dum
779 2059 934 2099 roseo
973 2045 1193 2116 fulgebit
1227 2048 1416 2102 lucifer
1445 2065 1561 2112 ore,

488 2129 554 2184 Et
586 2133 766 2184 veniet
797 2132 1008 2190 fuscum
1049 2153 1154 2191 nox
1186 2141 1442 2209 adoperta
1469 2153 1650 2211 caput,

419 2221 580 2277 Pt‘toti
605 2225 672 2276 ab
701 2225 895 2281 illustri
927 2229 1158 2284 ratliabit
1191 2231 1388 2286 lumine
1421 2232 1691 2300 Schotttts,

489 2314 551 2369 Et
587 2316 958 2374 Scitottica'cis
995 2321 1215 2377 Pltotius
1245 2342 1275 2377 a
1297 2325 1545 2380 tenebris.

1075 2411 1339 2480 Αδηλον.

416 2497 491 2549 lte
519 2498 587 2566 pii
618 2514 826 2566 manes,
862 2511 916 2556 et
947 2502 1102 2556 Photi
1131 2505 1307 2560 nobile
1344 2507 1521 2562 lumen

479 2587 694 2650 Jndicii,
733 2607 836 2658 qua
875 2594 954 2647 sol
988 2598 1160 2665 porgit
1193 2608 1474 2667 utramque
1513 2601 1702 2654 facem.

417 2677 666 2735 S;ltottus
709 2694 758 2737 te
790 2685 1083 2753 Hesperiis,
1119 2687 1366 2743 Scitottus
1398 2701 1447 2743 te
1477 2703 1656 2745 sacrat
1694 2693 1840 2755 Eois,

481 2771 729 2831 Schottus
756 2789 807 2832 et
835 2777 958 2833 Eois
988 2791 1178 2849 gratus
1205 2791 1258 2835 et
1285 2783 1583 2850 Hesperiis.

413 2866 624 2920 Cuncta
651 2870 837 2925 videns
864 2871 1118 2926 nimirum
1143 2874 1256 2927 haec
1281 2877 1480 2928 mundo
1507 2876 1638 2929 scita
1665 2877 1983 2930 dabatmens

487 2957 647 3015 Stare
679 2959 796 3015 loco
827 2965 1008 3017 mundi
1044 2967 1212 3034 prima
1244 2967 1508 3020 elementa
1536 2966 1766 3035 jubcns,

417 3048 485 3104 Ut
516 3066 660 3104 caeco
690 3051 777 3106 lux
817 3053 957 3107 alma
989 3059 1124 3109 chao
1165 3058 1378 3111 viduata
1415 3069 1628 3112 serenet

2163 407 2378 476 Omnia,
2414 424 2522 467 tum
2555 414 2726 469 lucem
2751 431 2854 470 nox
2889 415 3102 473 inimica
3132 427 3339 488 premat
3367 437 3382 474 :

2091 500 2255 570 inque
2290 506 2460 558 vicem
2495 507 2666 561 noctis
2701 523 2840 561 nova
2867 507 2954 561 lux
2984 520 3331 579 superenatet
3357 527 3561 580 wtlttor,

2164 594 2228 649 Et
2253 598 2423 650 niteat
2454 599 2622 652 veteri
2659 610 2807 668 grata
2836 612 3057 669 parente
3087 603 3276 672 magis.

2090 685 2146 740 In
2181 698 2419 742 veterum
2447 690 2639 743 molem
2673 692 3000 760 scriptorum
3032 691 3255 747 Photius
3283 694 3410 748 olim

2164 779 2438 833 lndiderat
2467 780 2665 844 lucem,
2691 783 2884 849 judicii
2921 783 3072 837 radio
3114 802 3128 838 :

2092 871 2162 923 At
2195 872 2400 924 radium
2442 873 2718 940 excipiens
2753 875 2888 928 texit
2923 874 3218 945 longinqua
3245 871 3492 933 vetustas
3520 898 3535 934 :

2159 959 2401 1014 Schottus
2431 963 2497 1014 ah
2532 963 2748 1032 ingenio
2779 963 2986 1016 rettulit
3007 979 3133 1018 ecce
3169 966 3332 1020 diem.

2087 1049 2241 1105 Nunc
2273 1053 2693 1122 tandem-portis
2720 1055 2900 1108 mundi
2939 1055 3308 1124 bipatentibus
3335 1058 3498 1124 infer,

2163 1145 2484 1198 Damnatum
2511 1147 2748 1200 tenebris
2779 1146 2955 1201 nobile
2983 1145 3164 1200 Pltotii
3186 1163 3336 1216 opus.

2095 1235 2312 1290 Photius
2343 1237 2544 1306 ingenti
2580 1238 2752 1305 potuit
2781 1237 2994 1291 clarere
3029 1239 3191 1291 nitela
3227 1257 3240 1292 :

2162 1328 2268 1382 Sed
2303 1345 2458 1398 mage
2487 1329 2722 1398 praesidii
2754 1330 2954 1384 lumine
2983 1330 3195 1384 Scltotte
3225 1332 3322 1384 tui.

2091 1419 2166 1475 Ite
2196 1421 2266 1490 pii
2297 1436 2484 1476 manes
2512 1422 2730 1476 Sclzotto
2761 1425 2917 1489 duce,
2945 1434 2997 1478 et
3028 1425 3244 1492 auSpice
3275 1424 3520 1492 Stheno,

2089 1511 2500 1582 Semiadaperta
2540 1513 2714 1584 prius,
2743 1529 2886 1568 nunc
2915 1515 3166 1584 adaperta
3195 1517 3278 1570 via
3310 1525 3415 1574 est.

2731 1629 3007 1697 Ἄδηλον.

2089 1739 2292 1794 Nomen
2328 1739 2518 1802 habes,
2551 1738 2723 1805 Scote,
2753 1755 2782 1793 a
2821 1741 3080 1805 tenebris,
3107 1757 3133 1792 a
3158 1740 3361 1795 lumine
3393 1755 3588 1794 nomen

2161 1828 2384 1883 Pltotius
2415 1845 2434 1883 :
2473 1830 2801 1896 illelibrum,
2836 1832 3059 1886 conficis
3088 1833 3200 1898 ipse
3235 1843 3412 1884 notas.

2090 1919 2294 1976 Umbra
2322 1923 2379 1973 tit
2408 1920 2677 1989 interpres
2709 1920 2868 1983 lueis,
2894 1921 3016 1990 quis
3038 1922 3284 1974 crederet
3319 1915 3596 1988 unquam?

2158 2009 2272 2064 lloc
2306 2009 2478 2064 lucem
2505 2021 2590 2064 est
2631 2011 2872 2064 tenebris
2903 2012 3148 2080 gignere,
3177 2023 3340 2065 nocte
3371 2009 3536 2064 diem.

2087 2100 2232 2168 Quas
2273 2116 2378 2154 non
2407 2102 2663 2156 diseutiet
2694 2111 2782 2156 tua
2815 2103 2931 2167 lux,
2959 2119 2992 2158 o
3019 2101 3194 2167 Scote,
3229 2103 3506 2158 tenebras~

2159 2191 2216 2247 Si
2241 2192 2414 2248 lucem
2445 2192 2683 2248 illustrat
2716 2193 2951 2248 nominis
2978 2194 3167 2248 umbra
3198 2195 3308 2249 Iuil

2735 2303 3008 2372 Ἄδηλον.

2090 2417 2222 2470 Dum
2259 2427 2345 2472 ttta
2378 2419 2666 2488 praeclaros
2687 2433 2938 2474 auctores
2973 2423 3174 2490 scripta
3215 2430 3522 2486 recensent,

2159 2510 2270 2564 llos
2291 2511 2432 2563 inter
2454 2510 2635 2564 Scotto
2664 2513 2846 2564 debuit
2875 2527 2996 2565 esse
3025 2512 3194 2565 locus.

2088 2601 2224 2667 Quid
2269 2601 2458 2666 facias,
2492 2603 2646 2665 docte
2679 2618 2711 2655 o
2745 2601 2926 2668 Photi,
2956 2618 3080 2658 cum
3119 2614 3364 2672 tempora
3399 2613 3585 2658 nostra

2162 2693 2281 2746 Sint
2317 2694 2501 2760 proettl
2530 2709 2558 2746 a
2593 2695 2786 2747 vestris
2818 2694 3003 2747 dissita
3037 2694 3412 2762 temporibus?

2089 2782 2165 2836 Ne
2198 2784 2380 2838 dubita
2413 2803 2428 2838 :
2465 2783 2695 2848 Scottus,
2721 2801 2828 2853 quo
2863 2801 3001 2838 nunc
3026 2787 3324 2853 interprete
3355 2785 3560 2854 prodis,

2160 2874 2302 2940 Quot
2327 2875 2569 2929 celebras
2594 2876 2864 2939 homines,
2901 2885 2979 2930 tot
3003 2877 3149 2930 subit
3178 2879 3292 2946 ipse
3323 2877 3492 2932 locos.

2090 2969 2144 3020 Si
2190 2981 2258 3030 te,
2295 2967 2489 3032 Scotte,
2525 2979 2682 3037 potes
2711 2979 2978 3022 transacta
3011 2969 3062 3022 in
3095 2969 3290 3023 sarcula
3318 2969 3481 3035 ferre,

2157 3061 2236 3114 An
2269 3073 2484 3114 taceant
2521 3077 2717 3114 nomen
2744 3061 2887 3116 secla
2920 3061 3098 3115 futura
3132 3061 3326 3115 tuum?

449 3185 3624 3217 *ΨΜ-ΨΜ

1045 3338 1220 3399 AND.
1254 3339 1568 3402 SCHOTTI
1616 3343 1770 3403 SOC.
1803 3345 1999 3404 JESU.
2049 3345 2126 3405 IN
2178 3345 2435 3406 PI'IOTlI
2465 3345 3021 3407 BIBLIOTIIECAM

1570 3516 2420 3604 ΠΡΟΛΕΓΟΜΕΝΑ.

484 3779 589 3848 Qui
619 3779 718 3836 sibi
755 3781 1053 3850 scriptores
1076 3782 1324 3851 antiquos
1362 3784 1749 3854 interpretandi
1801 3794 1979 3854 partes

409 3871 538 3926 olim
565 3883 933 3940 sumpserunt,
963 3873 1137 3944 utqui
1186 3873 1463 3930 Platonem
1515 3886 1676 3944 atque
1718 3877 1983 3930 Aristote-

411 3961 514 4016 lem
575 3964 1018 4033 philosophorum
1086 3967 1358 4036 principes
1411 3969 1764 4022 illustrandos
1811 3967 1981 4022 Grteci

408 4066 758 4118 censuerunt,
794 4055 1099 4110 Alexander
1134 4058 1523 4126 Aphrodisieus
1549 4099 1562 4121 ,
1619 4058 1974 4122 Themistius,

413 4145 746 4213 Simplicius,
785 4146 1026 4213 Proclus,
1079 4147 1516 4218 Olympiodorus,
1559 4150 1896 4215 Ammonius,
1929 4158 1983 4203 et

409 4233 762 4303 Philoponus,
826 4239 860 4292 ii
923 4238 1037 4294 fere
1091 4239 1306 4307 praefari
1375 4240 1553 4295 solent
1606 4242 1861 4310 copiose,
1917 4240 1983 4293 de

409 4338 653 4395 auctore,
689 4330 914 4398 scripto,
948 4341 1284 4396 argumento,
1331 4332 1488 4386 modo
1518 4348 1579 4386 ac
1606 4333 1984 4398 methodo,or-

406 4419 532 4474 diue
557 4430 610 4473 et
660 4430 932 4491 tempore;
972 4431 1083 4474 tum
1114 4423 1179 4476 de
1215 4423 1430 4491 seipsis,
1473 4438 1676 4491 suaque
1703 4438 1887 4491 opera,
1929 4431 1983 4476 et

405 4512 478 4566 ita
507 4528 564 4566 re
589 4511 887 4582 ﬂagitante,
915 4513 1181 4568 interdum
1208 4515 1272 4568 de
1296 4516 1476 4569 causis
1522 4513 1757 4582 suscepti
1803 4513 1982 4579 operis

407 4603 706 4657 disserunt.
747 4604 889 4658 Idem
921 4605 1050 4658 mihi
1112 4619 1262 4659 more
1306 4604 1662 4670 institutoque
1720 4601 1980 4668 majorum

413 4694 466 4745 in
523 4710 778 4760 prmsens,
812 4696 914 4750 etsi
957 4695 1316 4766 μετάφρασιν,
1375 4709 1480 4748 non
1544 4701 1600 4746 ιιι
1666 4692 1741 4744 illi
1798 4691 1978 4762 παρά-

405 4801 607 4855 φρασιν
633 4784 882 4850 aﬂ'eram,
913 4788 1087 4841 visum
1113 4784 1562 4840 est-faciundum.
1591 4783 1850 4852 Equidem
1877 4799 1980 4838 non

405 4878 751 4943 ignorabam,
779 4879 939 4932 simul
977 4888 1140 4947 atque
1168 4877 1394 4931 arduam
1426 4876 1563 4929 hanc
1581 4873 1860 4929 Photiano:
1889 4875 1981 4928 Bi-

404 4967 676 5022 bliotheca.-
726 4967 917 5024 Latine
948 4967 1362 5036 interpretanda:
1405 4967 1737 5035 provinciam
1775 4965 1948 5036 eﬂlagi

407 5058 657 5114 tantibus
687 5059 878 5114 amicis
909 5059 1143 5126 suscepi,
1181 5055 1297 5110 fore
1322 5055 1606 5124 plerosque
1637 5056 1726 5125 qui
1759 5057 1808 5111 id
1848 5055 1978 5109 mihi

404 5149 538 5203 vitio
565 5161 862 5214 verterent,
886 5163 1184 5218 parumque
1215 5163 1300 5200 me
1325 5146 1539 5214 dignum
1583 5147 1978 5215 existimarent,

405 5257 542 5296 caesa
577 5242 718 5296 inter
748 5253 803 5296 et
833 5252 1108 5312 porrecta,
1152 5238 1291 5306 quod
1323 5237 1496 5301 aiunt,
1519 5237 1709 5292 alienis
1742 5239 1794 5292 in
1817 5240 1976 5293 vesu-

409 5335 513 5405 giis
540 5339 732 5402 pedem
767 5349 987 5404 ponere.
1020 5330 1260 5396 Quorum
1293 5337 1469 5382 autem
1507 5329 1558 5381 in
1605 5332 1978 5395 reprehensioo

415 5441 538 5480 nem
565 5439 747 5482 noster
774 5428 861 5480 hic
883 5424 1034 5477 labor
1057 5423 1319 5482 incurret,
1355 5420 1390 5471 ii
1423 5419 1533 5472 fere
1559 5423 1784 5473 duorum
1822 5434 1982 5487 gene-

405 5533 524 5571 rum
556 5529 704 5573 sunt.
735 5516 842 5571 Alii
871 5515 1016 5568 enim
1051 5526 1138 5565 me
1169 5509 1596 5577 reprehendent;
1628 5510 1807 5578 plures
1843 5511 1982 5564 Pho-

407 5611 539 5664 tium
597 5610 776 5666 infesti
834 5608 1162 5660 damnabunt
1206 5619 1219 5654 :
1255 5603 1520 5669 utrisque,
1559 5603 1602 5654 si
1656 5612 1861 5669 potero,
1897 5604 1979 5654 fa-

409 5704 548 5756 ciam
589 5705 756 5767 satis;
791 5708 941 5754 certe
976 5698 1016 5751 si
1070 5695 1120 5750 id
1175 5711 1279 5748 non
1334 5709 1655 5763 consequar,
1691 5695 1827 5750 dabo
1880 5712 1975 5763 pro

2085 3787 2228 3841 virili
2259 3801 2500 3854 operam,
2545 3796 2605 3841 ut
2650 3803 2678 3840 a
2709 3786 2934 3855 legendo
2976 3788 3197 3844 minime
3244 3789 3654 3848 deterreantur.

2086 3877 2358 3944 Principio
2386 3880 2567 3945 itaque
2615 3877 2681 3930 de
2713 3893 2816 3942 me,
2843 3879 3028 3946 paucis
3071 3887 3275 3946 tamen,
3309 3891 3362 3934 et
3381 3883 3499 3935 sine
3529 3883 3658 3937 fuco

2083 3982 2146 4020 ac
2172 3968 2409 4021 modeste
2443 3983 2456 4019 :
2491 3982 2611 4020 mox
2645 3969 2708 4020 de
2743 3967 2930 4021 Pltotio
2953 3969 3270 4023 videbimus.
3313 3969 3653 4024 lnaudieram

2084 4059 2312 4125 pridetn,
2352 4074 2514 4112 unum
2539 4069 2591 4111 et
2641 4059 2766 4111 item
2808 4059 3110 4113 alterumiu
3141 4061 3310 4114 Iberia
3335 4060 3654 4116 Grmcarum

2083 4150 2386 4203 litterarum
2469 4149 2894 4217 peritissimum,
2951 4149 3129 4206 Pltotii
3187 4153 3567 4207 Bibliotheca»:
3625 4171 3659 4208 θ

2083 4240 2272 4296 Graeco
2329 4243 2380 4293 in
2429 4239 2680 4293 Latinum
2741 4256 3044 4296 sermonem
3102 4246 3385 4298 commodo
3439 4247 3660 4312 publico

2082 4343 2398 4386 convertere
2461 4333 2717 4398 coepisse,
2770 4333 2862 4386 sed
2919 4335 3146 4399 cmpisse
3200 4345 3430 4402 tantmn,
3467 4353 3528 4390 ac
3567 4339 3657 4392 vix

2085 4422 2307 4474 dimidia
2340 4424 2520 4491 operis
2579 4434 2730 4490 parte
2766 4425 3160 4491 Supersedisse,
3197 4426 3312 4478 sive
3359 4426 3529 4481 Graeci
3561 4443 3659 4480 ex-

2083 4514 2341 4582 emplaris
2370 4515 2577 4568 mendis
2607 4515 2916 4579 deterritos,
2937 4530 3029 4570 seu
3047 4515 3246 4570 laboris
3265 4517 3388 4586 fuga
3423 4518 3475 4570 in
3507 4527 3658 4572 tanta

2084 4603 2397 4667 voluminis,
2445 4618 2573 4657 cum
2614 4603 2777 4666 mole,
2815 4612 2925 4656 tum
2977 4604 3260 4668 varietate,
3292 4619 3386 4657 seu
3421 4605 3662 4672 denique

2085 4703 2312 4762 utraque
2339 4695 2405 4748 de
2459 4709 2621 4748 causa
2681 4695 2933 4749 cessisse.
2969 4693 3153 4747 Romae
3187 4709 3403 4763 quoque
3437 4696 3660 4748 tertium

2083 4783 2379 4854 perfecisse
2429 4786 2652 4854 quidem
2711 4789 3028 4852 narrabant,
3057 4787 3148 4838 sed
3174 4786 3238 4837 ad
3267 4787 3533 4838 edendum
3561 4788 3661 4838 ad-

2090 4878 2210 4930 duci
2239 4893 2341 4930 non
2374 4879 2632 4946 potuisse.
2669 4874 2913 4931 Graecum
2949 4877 3129 4942 itaque
3187 4877 3430 4929 codicem
3465 4891 3664 4946 magno

2083 4984 2192 5021 tere
2233 4981 2446 5031 nactus,
2475 4971 2836 5021 constantiam
2861 4981 2890 5018 a
2917 4967 3022 5019 [leo
3053 4975 3325 5032 precatus,
3357 4967 3658 5034 urgendum

2089 5075 2223 5126 opus
2255 5061 2470 5113 assidue
2503 5059 2568 5111 ad
2595 5069 2921 5122 extremum,
2945 5057 2988 5110 si
3015 5074 3117 5125 qua
3150 5057 3275 5110 hinc
3301 5059 3366 5109 ad
3395 5058 3528 5111 alios
3553 5061 3662 5111 uti-

2088 5151 2211 5204 litas
2271 5151 2491 5211 rediret,
2545 5147 2867 5202 existimavi.
2912 5145 3098 5216 Neque
3151 5161 3236 5201 me
3283 5148 3546 5215 fugiebat,
3593 5165 3660 5204 ex

2087 5256 2193 5308 quo
2220 5239 2504 5292 interiores
2551 5239 2720 5291 hasce
2783 5236 2986 5289 litteras
3032 5238 3280 5300 tractavi,
3327 5253 3488 5304 quant
3519 5239 3664 5290 dilli-

2087 5331 2189 5384 cile
2215 5332 2286 5384 sit
2311 5331 2507 5384 bonum
2541 5345 2700 5398 agere
2729 5329 3104 5397 interpretem,
3137 5329 3407 5396 alienique
3463 5346 3662 5387 sensus

2091 5424 2513 5490 tnetaphrastcn,
2540 5434 2621 5487 ut,
2645 5422 2743 5475 nisi
2767 5436 2862 5487 par
2885 5421 2958 5474 sis
2991 5421 3040 5473 itt
3075 5421 3355 5489 utriusque
3389 5423 3664 5478 orationis

2091 5512 2379 5576 facultate,
2429 5511 2630 5578 justam
2690 5510 3165 5579 reprehensionem
3227 5525 3334 5563 non
3377 5510 3661 5580 effugias:

2087 5619 2299 5671 quoque
2323 5604 2494 5671 major
2522 5602 2623 5654 hac
2649 5603 2699 5654 in
2722 5618 2776 5654 re
2803 5604 2868 5655 de
2888 5602 3043 5656 bonis
3069 5601 3272 5656 Graecis
3296 5600 3492 5654 Latina
3519 5602 3664 5657 bona

2088 5693 2429 5749 cllirirutium
2485 5696 2695 5754 raritas,
2755 5707 2818 5746 eu
2859 5691 3124 5748 dillicilior
3165 5692 3446 5758 provincia
3476 5694 3666 5753 doctis
