3980 6234
302 283 359 347 at
1450 298 1459 311 ι
1628 289 2217 352 PRULEGOMENA.
2250 358 2261 369 _

298 396 625 463 hominibus,
657 396 748 466 qui
785 412 903 452 cam
936 397 1035 465 ipsi
1052 397 1383 467 ‘plerutnque
1414 399 1710 470 refugiunt,
1747 418 1875 456 ceu-

300 501 499 554 seatur,
533 500 595 544 ut
620 492 686 544 ad
718 491 861 544 hanc
911 490 1053 544 diem
1091 506 1476 561 usquequaque
1517 494 1608 563 qui
1659 494 1879 549 satisfe—

300 583 491 647 cerint,
516 582 607 637 vix
644 582 889 654 singulos
907 583 1130 651 singula:
1152 592 1341 639 mtates
1369 586 1556 641 tulisse
1573 587 1877 642 vidcantur:

302 688 416 726 cum
447 673 631 728 decem
668 673 900 741 amplius
929 672 1243 729 Aristotelis
1290 675 1480 730 Ethica
1509 674 1883 741 Nicomacltia,

307 764 638 836 totidemque
663 765 977 830 Rhetorica,
1010 776 1193 822 nostra
1228 778 1628 838 parentumque
1673 784 1884 824 memo-

304 859 379 913 ria
410 858 761 929 interpretari
816 859 925 916 sint
970 861 1177 925 conati,
1210 860 1354 930 quod
1408 861 1460 914 iu
1524 861 1751 931 singulis
1793 862 1884 932 qui

304 955 766 1020 antecessissent,
815 954 1149 1022 posteriores
1214 952 1417 1022 aliquid
1485 953 1883 1009 desiderarent.

307 1040 501 1107 Quidni
553 1042 717 1112 igitur
747 1054 1094 1112 posterorum
1125 1044 1192 1098 de
1237 1059 1323 1099 me
1339 1043 1603 1114 judicium
1637 1044 1889 1100 reformi-

307 1136 461 1191 dem?
497 1136 783 1193 Elaboravi
831 1138 1107 1207 equidem,
1148 1137 1327 1207 quoad
1377 1137 1494 1207 ejus
1540 1136 1658 1193 fieri
1686 1139 1889 1208 potuit,

308 1238 365 1283 ut
394 1244 499 1284 non
534 1245 695 1285 sensa
759 1230 918 1283 modo
965 1230 1146 1284 verbis
1185 1229 1583 1299 comprehensa
1632 1246 1892 1300 sequerer

311 1321 708 1387 (assecutusne
773 1322 875 1375 sim
949 1320 1040 1374 alii
1103 1319 1423 1391 statuent),
1490 1329 1546 1376 et
1610 1336 1718 1376 non
1780 1332 1889 1376 tam

311 1414 470 1468 verba
504 1428 871 1478 numerarem,
902 1417 1064 1481 qu'am
1103 1428 1322 1468 sensum
1363 1427 1427 1466 ex
1478 1414 1583 1468 fide
1633 1415 1774 1469 bona
1804 1429 1897 1483 ap-

310 1505 623 1575 penderem,
652 1505 747 1561 sed
779 1506 965 1569 etiam,
988 1516 1045 1561 ut
1080 1522 1170 1562 res
1191 1508 1358 1576 ipsas,
1400 1509 1683 1576 fontesque
1702 1517 1893 1560 aucto-

317 1616 430 1653 rqu
466 1614 496 1651 a
525 1599 716 1652 Photio
768 1599 1030 1653 lectorum
1072 1601 1315 1656 studiose
1361 1601 1775 1669 investigarem.
1805 1598 1901 1655 Ve-

316 1706 431 1742 rum
468 1705 591 1744 cum
621 1704 811 1744 eorum
842 1691 1090 1759 plerique
1131 1700 1434 1761 temporum
1497 1692 1693 1760 injuria
1728 1691 1900 1746 inter-

316 1781 574 1845 cideriut,
635 1796 701 1836 eo
768 1783 1052 1837 molestior
1108 1783 1380 1838 interdum
1435 1783 1593 1837 labor
1627 1782 1897 1852 interpre-

316 1874 463 1927 tandi
495 1874 728 1940 exstitit,
759 1881 818 1928 ut
845 1875 1223 1930 hariolandum
1257 1891 1650 1945 nonnunquam
1710 1875 1896 1942 fuerit,

317 1970 462 2031 dum,
500 1968 591 2036 qui
623 1967 802 2022 adhuc
852 1967 1022 2022 latent
1075 1970 1391 2039 scriptores,
1417 1968 1595 2023 Photii
1648 1982 1818 2038 Opera
1846 1970 1900 2023 in

321 2067 564 2128 apertum
594 2060 965 2128 proferantur,
1016 2061 1159 2131 quod
1204 2070 1261 2115 ut
1305 2069 1545 2130 coeptum
1601 2075 1793 2129 nuper,
1830 2061 1902 2115 ita

323 2152 557 2205 futurum
581 2151 813 2220 amplius
849 2152 1129 2206 doctorum
1163 2152 1442 2207 hominum
1476 2153 1907 2224 investigatione

322 2244 652 2300 neudillido.
686 2244 1033 2300 Diversorutn
1081 2246 1212 2300 item
1250 2247 1579 2314 scriptorum
1632 2254 1783 2300 tanta
1816 2262 1908 2299 va-

327 2335 510 2398 rietas,
566 2344 767 2402 quanta
810 2344 894 2388 est
943 2333 995 2387 in
1046 2334 1193 2387 omni
1249 2334 1581 2405 philologia,
1632 2336 1907 2400 oratoria,

327 2425 555 2479 historia
587 2441 710 2480 cum
771 2441 952 2492 sacra,
1003 2436 1114 2480 ttun
1162 2427 1414 2494 profana,
1448 2428 1500 2482 in
1542 2428 1908 2498 philosOphia,

328 2530 445 2576 arte
476 2521 712 2588 medica,
746 2537 810 2578 ac
827 2522 1059 2591 denique
1085 2524 1444 2579 scientiarum
1489 2526 1674 2595 regina
1707 2526 1914 2580 theolo-

329 2617 437 2681 gis,
472 2615 752 2685 negotium
804 2630 1019 2684 quoque
1079 2615 1382 2683 lacessivit,
1422 2622 1563 2687 quod
1612 2619 1720 2674 Deo
1780 2622 1916 2671 bene

326 2712 549 2781 juvante
577 2715 795 2769 tandem
830 2712 1229 2784 superavimus.
1280 2712 1448 2766 Auxit
1493 2721 1548 2765 et
1578 2712 1654 2765 rei
1688 2708 1915 2763 diliicul-

333 2810 496 2856 tatem
524 2803 578 2857 in
605 2802 835 2873 singulis
891 2803 1209 2857 auctoribus
1261 2802 1445 2872 κρίσις
1477 2801 1638 2870 idque
1688 2798 1919 2854 llermo—

333 2895 483 2961 genis
508 2896 853 2964 potissimum
884 2895 951 2950 de
1011 2895 1147 2951 ideis
1198 2897 1491 2950 methodo:
1523 2909 1645 2963 quae
1699 2902 1758 2946 ut
1805 2892 1921 2945 Ari-

333 2986 559 3042 stotelea
583 3003 647 3042 ac
671 2986 913 3041 Tulliana
933 2987 1091 3057 longe
1116 2987 1371 3042 subtilior
1404 2994 1508 3050 est,
1524 2986 1597 3039 ita
1619 2983 1917 3038 admirato-

338 3095 425 3132 res
442 3079 660 3149 quidem
687 3079 956 3148 plurimos
1015 3081 1107 3134 sed
1141 3081 1447 3135 imitatores
1512 3092 1711 3145 paucos
1754 3076 1919 3130 hodie

337 3174 557 3241 reperit.
612 3172 814 3228 Praeter
883 3172 1199 3244 Dionysium
1249 3172 1394 3225 enim
1450 3170 1921 3225 llalicaruasseuut

339 3266 389 3318 in
428 3263 761 3331 Rhetoricis,
802 3273 858 3320 et
910 3263 1199 3332 Ulpianum
1247 3263 1495 3319 Graacu'tu
1541 3263 1926 3318 Demosthenis

338 3354 793 3424 explanatorem,
854 3367 1053 3426 quotus
1111 3338 1232 3411 eam
1288 3357 1517 3424 quisque
1559 3356 1661 3409 hoc
1727 3353 1927 3408 sarculo

341 3447 570 3502 tractat?
603 3447 958 3517 Trapeznutii
1011 3447 1140 3501 olim
1199 3446 1359 3501 talem
1416 3444 1754 3499 Rhetoricam
1806 3460 1928 3500 cum

339 3550 567 3607 stupore
592 3539 733 3593 vidit
773 3538 962 3605 Italia;
998 3539 1135 3594 duos
1188 3538 1417 3592 fortasse
1476 3536 1767 3591 Germania
1826 3552 1921 3611 nu-

342 3630 588 3693 merarii,
618 3614 922 3682 Sturmium
979 3636 1035 3682 et
1100 3625 1483 3697 Erythraeam;
1530 3624 1703 3681 Gallia
1726 3622 1929 3679 Julium

344 3717 683 3790 Sealigerum
731 3719 887 3774 libris
927 3717 1002 3772 De
1045 3719 1284 3787 poetica;
1319 3715 1570 3788 lliSpania
1615 3731 1783 3771 unum
1849 3715 1936 3768 Iit-

349 3811 480 3866 teris
508 3811 784 3883 cognitum
810 3812 1032 3866 laudare
1090 3818 1267 3880 potest
1313 3806 1730 3864 Pet.'Joanuem
1780 3804 1932 3861 Nun.

349 3904 561 3958 uesiqu
594 3909 872 3957 rhetorem
904 3918 967 3957 ac
1002 3900 1404 3972 philosophum,
1431 3901 1592 3955 editis
1620 3898 1934 3953 Rhetorica-

350 4011 469 4047 rum
497 3995 591 4049 lib.
632 3993 722 4061 ιν,
758 3994 1112 4064 Hermogenis
1132 3993 1348 4062 quidem
1372 3992 1850 4062 prrecepttonibus,
1884 3999 1939 4044 et

350 4086 652 4154 Aphtbouii
682 4101 749 4142 ac
779 4085 1038 4153 Theonis,
1070 4085 1163 4141 sed
1185 4084 1450 4140 Tulliauis
1480 4085 1764 4153 exemplis.
1799 4084 1942 4140 Sunt

353 4187 536 4233 autem
569 4178 922 4249 Hermogenis
945 4181 1062 4234 idea
1073 4196 1187 4232 rum
1207 4194 1402 4250 genera
1417 4188 1620 4247 septem
1639 4179 1933 4250 Σαφήνεια,

350 4271 626 4341 Μέγεθος,
657 4272 894 4338 Κάλλος,
936 4271 1231 4342 Γοργὸτης,
1269 4267 1464 4337 Ἧοος,
1510 4269 1785 4338 ’Δλήθεια.
1821 4272 1941 4322 Δει-

286 4381 295 4388 ’
353 4363 534 4433 γὸτης.
592 4364 796 4417 Deinde
835 4364 1143 4434 Σχφήνειαν
1197 4361 1396 4416 dividit
1451 4361 1505 4415 itt
1537 4359 1939 4431 Καθαρότητα,

356 4456 454 4506 καὶ
481 4454 850 4523 Εὑκρίνειαν;
884 4453 1100 4509 tandem
1119 4453 1180 4506 τὸ
1212 4451 1439 4524 μέγεθος
1466 4452 1516 4506 in
1539 4466 1639 4507 se:
1671 4452 1807 4505 alias
1836 4450 1943 4504 for-

355 4560 473 4600 tnas
501 4545 739 4614 partitur
766 4562 778 4597 :
809 4545 861 4598 in
914 4544 1249 4621 Σεμνρτητα,
1297 4541 1648 4612 Τραχύτητα,
1681 4542 1945 4612 Λαμπρο-

353 4649 515 4705 mea,
558 4624 1155 4704 Σφοδρότητα,ᾊκμῆν
1178 4632 1273 4686 καὶ
1299 4631 1635 4703 περιϐολήν;
1667 4642 1788 4700 post
1818 4647 1946 4684 mo-

358 4735 535 4778 ratam
565 4728 859 4779 orationem
885 4738 1117 4794 quatuor
1139 4725 1358 4780 metitur
1376 4725 1587 4780 dicendi
1614 4722 1803 4778 formis
1834 4743 1847 4778 :
1878 4726 1945 4796 τῇ

371 4816 651 4889 Ἀφελείᾳ,
708 4817 1041 4887 Γλυκύτητι,
1095 4817 1397 4888 Δριμύτητι
1461 4818 1556 4871 καὶ
1619 4816 1944 4889 Ἐπιεικείᾳ.

359 4910 477 4965 Dici
503 4913 668 4965 etiam
708 4912 794 4964 vix
825 4919 1005 4981 poteSt
1049 4919 1309 4980 quantum
1351 4909 1441 4964 hic
1471 4909 1616 4965 ιωόῆ
1647 4909 1949 4965 absorben-

360 5005 510 5066 dum,
556 5018 685 5058 cum
721 5013 855 5072 quot
918 5003 1247 5073 quantisque
1300 5001 1622 5058 mendorum
1689 5004 1951 5056 monstris

362 5093 787 5150 conﬂictandum
819 5094 1010 5163 fuerit,
1045 5095 1134 5148 vix
1184 5104 1244 5148 ut
1285 5094 1518 5163 amplius
1555 5093 1846 5148 Herculem
1874 5093 1955 5147 fa-

361 5184 614 5240 bulosum
652 5184 803 5239 illum
834 5185 1003 5240 heroa
1032 5185 1086 5238 itt
1109 5184 1296 5256 Augiae
1322 5185 1537 5241 stabulo
1572 5183 1954 5254 perpurgando

362 5276 643 5333 laborasse
669 5277 1004 5333 existimem.

438 5371 516 5426 Ad
551 5370 753 5441 stylum
807 5370 949 5440 quod
1006 5370 1221 5435 attinet,
1270 5370 1360 5440 qui
1400 5370 1451 5423 in
1506 5369 1701 5424 Photio
1748 5383 1848 5438 pro
1895 5384 1956 5423 re

367 5473 497 5515 nata
525 5453 713 5515 varius
739 5461 974 5525 exsistit,
1006 5460 1260 5530 equidem
1295 5461 1375 5516 sic
1415 5460 1735 5531 temperari,
1760 5469 1819 5514 ttt
1847 5468 1957 5514 ter-

368 5565 434 5605 so
488 5563 742 5621 castoque
794 5566 1051 5608 sermone
1079 5550 1294 5620 Latino,
1348 5554 1449 5609 hoc
1478 5564 1563 5610 cst
1604 5552 1868 5619 Romane,
1914 5554 1958 5609 si

370 5654 609 5713 possem,
657 5646 919 5709 dicerem,
957 5661 1234 5713 sensuque
1296 5648 1492 5703 mentis
1538 5647 1825 5718 perspicue
1875 5662 1959 5701 re-

373 5750 781 5803 ;mseutarent.
831 5737 970 5795 Nam
1001 5738 1083 5797 vel
1112 5738 1272 5797 Tullii
1319 5739 1593 5805 umbram,
1636 5739 1707 5794 ob
1736 5739 1945 5795 dicendi

3480 288 3602 352 22

1989 405 2435 476 perspicuitatem
2466 404 2618 473 juxta
2658 418 2723 458 ac
2767 402 3114 469 suavitatem,
3147 402 3320 460 libens
3350 406 3558 477 amplc-

1980 504 2115 559 ctor,
2159 510 2268 564 pra:
2309 493 2530 550 horrido
2568 494 2681 558 illo,
2735 494 2897 561 hujus
2941 494 3040 548 aevi
3086 505 3250 561 atque
3298 496 3556 558 obscuro,

1980 587 2142 656 quale
2189 586 2448 642 Heracliti
2505 586 2786 641 σκοτεινοῦ
2844 587 2968 654 fuit,
3024 587 3288 643 orationis
3337 602 3556 656 genere.

1982 677 2198 734 Scholia
2245 678 2323 732 rei
2362 677 2695 733 illustrandae
2750 679 2817 733 ad
2852 692 3004 733 oram
3067 678 3163 732 xui.
3206 677 3564 749 ταυτολογοῦ-

1985 786 2124 840 μενα
2151 767 2448 823 identidem
2470 769 2717 838 apposui,
2742 779 2955 838 sumpto
2976 769 3220 825 subsidio
3248 785 3279 825 a
3298 772 3561 825 memoria

1984 860 2326 930 lectioneque
2359 861 2688 928 scriptorum
2714 870 2994 916 veterum:
3030 870 3086 917 et
3131 863 3186 916 in
3235 862 3429 918 critico
3461 861 3564 916 hoc

1986 967 2185 1021 genere
2241 950 2439 1007 similia
2491 953 2728 1008 invicem
2787 952 3185 1022 componendo,
3241 953 3468 1023 digitum
3497 953 3566 1006 ad

1987 1046 2214 1109 fontem,
2245 1041 2388 1114 quod
2418 1040 2588 1109 aiunt,
2622 1043 2905 1099 intendere
2935 1041 3132 1111 potius,
3188 1058 3348 1114 quam
3414 1052 3569 1100 tran—

1988 1138 2229 1194 scribere
2255 1138 2495 1207 pretium
2540 1149 2720 1205 operae
2751 1136 2900 1191 duxi.
2931 1135 3208 1192 interdum
3244 1147 3420 1191 tamen
3450 1135 3569 1190 lon-

1988 1233 2139 1302 giora
2170 1230 2331 1300 paulo
2376 1228 2581 1284 scholia
2611 1228 2856 1295 adhibui,
2882 1244 3005 1285 cum
3034 1239 3128 1284 aut
3161 1229 3408 1286 antidoto
3433 1242 3572 1299 opus

1992 1323 2114 1389 fuit,
2148 1323 2294 1392 iique
2333 1329 2489 1375 erant
2534 1319 2845 1386 refellendi,
2885 1320 2977 1391 qui
3014 1321 3066 1375 in
3100 1322 3206 1377 alia
3244 1322 3427 1376 omnia
3463 1322 3576 1378 dis-

1991 1415 2213 1478 cedunt,
2264 1421 2359 1469 aut
2392 1412 2544 1483 plura
2586 1412 2825 1481 ejusdem
2875 1413 3114 1467 auctoris
3163 1414 3467 1479 attulimus,
3515 1421 3578 1467 ut

1994 1523 2182 1564 eorum
2208 1523 2273 1562 ex
2322 1515 2475 1576 parte
2505 1506 2751 1562 laborem
2787 1504 3123 1570 minuerem,
3168 1505 3261 1575 qui
3294 1506 3376 1561 vel
3404 1505 3578 1562 eccle-

1995 1601 2247 1657 siasticos
2275 1600 2500 1656 annales
2523 1614 2722 1670 magno
2752 1597 3006 1656 Ecclesiae
3029 1600 3315 1654 commodo
3344 1598 3579 1653 moliun-

2001 1703 2110 1759 tur,
2134 1692 2218 1747 vel
2245 1701 2495 1746 auctores
2529 1693 2678 1756 ipsos
2720 1690 2881 1761 longe
2912 1704 3076 1759 quam
3110 1698 3271 1745 antea
3308 1689 3580 1745 auctiores

2001 1785 2365 1853 melioresque
2418 1784 2650 1839 dabunt.
2701 1783 2836 1839 Cum
2894 1792 3074 1839 autem
3127 1781 3466 1838 enumeratio
3518 1797 3584 1837 ac

1999 1892 2230 1935 censura
2262 1877 2461 1933 Photio
2488 1885 2633 1932 esset
2673 1876 2943 1947 principio
2967 1877 3233 1931 duntaxat
3283 1874 3581 1945 preposita,

2000 1982 2145 2043 post,
2174 1972 2327 2045 quasi
2360 1982 2632 2028 metantes
2664 1971 2881 2035 ductus,
2912 1969 3087 2025 eidem
3134 1967 3340 2039 placuit
3380 1968 3585 2023 Excer-

2003 2080 2090 2136 pta
2122 2076 2283 2136 atque
2326 2065 2462 2120 adeo
2499 2062 2757 2134 opuscula
2801 2062 3137 2125 describere,
3168 2070 3224 2116 et
3266 2060 3322 2116 in
3379 2069 3586 2114 tomum

2003 2156 2233 2210 alterum
2288 2154 2581 2223 conjicere,
2623 2153 2822 2211 utentis
2861 2153 3106 2223 augurio,
3153 2163 3416 2222 quantum
3460 2165 3591 2205 con-

1999 2248 2153 2318 jicio,
2188 2245 2308 2301 fere
2341 2256 2399 2301 ut
2434 2245 2695 2315 pleraque
2721 2245 2926 2315 scripta
2955 2253 3257 2313 temporqu
3288 2238 3591 2310 longinqui-

2008 2350 2120 2395 tate
2146 2338 2483 2404 fatiscerent,
2516 2345 2610 2391 aut
2643 2335 2883 2390 funditus
2944 2334 3207 2405 perirent.
3248 2331 3358 2388 Nec
3397 2329 3593 2386 fefellit

2009 2432 2319 2501 augurium.
2369 2428 2622 2499 Plerique
2674 2429 2818 2482 enim
2854 2436 3105 2482 auctores
3153 2440 3258 2495 qua
3309 2422 3591 2478 hominum

2012 2524 2247 2587 incuria,
2279 2537 2386 2592 qua
2424 2519 2717 2576 vetustatis
2742 2521 2926 2573 omnia
2958 2517 3225 2572 vastantis
3256 2513 3475 2580 injuria,
3511 2511 3597 2565 iu-

2016 2616 2373 2672 tereiderunt.
2409 2612 2777 2680 Quamobrem
2819 2612 2871 2665 in
2913 2610 3184 2680 Excerpta
3225 2607 3314 2661 illa
3353 2604 3596 2675 longiora

2013 2709 2303 2779 pauciores
2338 2714 2496 2760 notas
2523 2706 2575 2759 in
2627 2712 2882 2760 extremo
2915 2717 3078 2771 Opere
3109 2699 3456 2770 apponendas
3504 2712 3598 2751 cu-

2015 2802 2151 2872 ravi,
2185 2800 2319 2854 utin
2351 2796 2656 2863 Plutarchi,
2689 2795 2968 2859 Aristidis,
3006 2792 3329 2857 Memnonis,
3361 2800 3417 2846 et
3461 2788 3601 2860 Aga-

2018 2894 2317 2950 tharchidae
2344 2891 2810 2962 ἁποσπασμάτιαε
2842 2903 3075 2959 quorum
3108 2888 3435 2957 interpretes
3470 2900 3600 2940 eru-

2018 2987 2184 3051 ditos,
2213 2993 2400 3040 utnon
2422 2982 2748 3052 contempsi,
2772 2981 2852 3037 sic
2874 2990 2924 3035 et
2948 2979 3167 3033 illorum
3194 2975 3607 3061 observationes

2024 3080 2240 3134 admisi.
2273 3078 2326 3133 lll
2361 3077 2556 3134 Ctesias
2577 3075 2813 3131 Persicis
2842 3086 3005 3145 atque
3032 3072 3254 3136 Iudicis,
3283 3085 3350 3125 ne
3379 3068 3456 3124 sis
3482 3082 3611 3121 nes-

2020 3173 2157 3235 cius,
2201 3173 2471 3227 diversam
2530 3168 3030 3238 interpretationem
3096 3163 3317 3219 adhibui
3377 3171 3431 3217 et
3460 3159 3611 3215 illus-

2026 3264 2163 3319 travi
2197 3264 2266 3318 ab
2289 3277 2376 3329 ea,
2411 3276 2535 3332 quae
2574 3262 2626 3315 in
2658 3268 2903 3315 extremo
2933 3254 3208 3311 Herodoto
3246 3249 3611 3324 typographo-

2024 3373 2146 3413 rum
2180 3356 2457 3426 Στεφάνου
2505 3368 2672 3424 opera
2725 3351 3131 3408 circumfertur.
3184 3346 3252 3400 Et
3295 3358 3424 3399 vero
3466 3343 3615 3398 curis

2026 3449 2302 3515 secundis,
2332 3457 2781 3518 posterorumque
2826 3440 3107 3498 industriae
3139 3438 3341 3509 aliquid
3394 3435 3484 3491 hic
3513 3433 3617 3488 fuit

2029 3541 2461 3611 relinquendum.
2514 3536 2647 3591 Nam
2701 3536 2845 3605 quod
2885 3549 3012 3590 vere
3052 3539 3354 3603 togatorum
3393 3528 3470 3582 ait
3510 3525 3613 3580 do-

2029 3633 2307 3689 ctissimus
2365 3630 2434 3684 M.
2490 3628 2663 3684 Varro
2702 3630 2752 3682 in
2784 3629 2900 3698 lege
2943 3624 3143 3680 Moenia
3179 3642 3192 3679 :
3226 3640 3245 3674 ι
3283 3622 3356 3678 Ut
3389 3621 3441 3675 in
3476 3621 3616 3674 bona

2032 3734 2214 3793 segete
2248 3738 2420 3792 neque
2449 3722 2654 3777 nullum
2680 3730 2763 3777 est
2803 3720 3010 3790 Spicum
3048 3732 3304 3787 nequam,
3358 3727 3533 3782 neque
3563 3713 3615 3767 in

2035 3818 2176 3871 mala
2205 3832 2309 3872 non
2342 3815 2558 3883 aliquod
2578 3815 2815 3875 bonum;
2854 3815 2925 3868 ita
2958 3827 3116 3866 nemo
3137 3821 3221 3865 est
3251 3806 3615 3878 reprehensus

2035 3907 2253 3979 (inquit,
2297 3923 2350 3961 Vl
2414 3907 2487 3961 De
2535 3906 2717 3975 lingua
2759 3903 3002 3975 Latina),
3048 3903 3139 3974 qui
3212 3917 3243 3957 e
3315 3907 3499 3970 segete
3553 3896 3621 3950 ad

2036 4002 2374 4072 spicilegium
2433 3999 2654 4069 reliquit
2684 3998 2960 4068 Slipnlam.
2995 4017 3012 4051 ι
3050 3996 3105 4051 Si
3137 3996 3263 4065 quid
3306 4004 3486 4049 autem
3534 3991 3624 4045 hic

2038 4103 2339 4166 peccatum,
2371 4093 2531 4147 homo
2556 4092 2700 4145 enim
2732 4105 2871 4151 sum,
2908 4103 2974 4143 ne
3008 4088 3231 4142 modica:
3264 4095 3318 4140 te

2087 4286 2097 4293 ,
2185 4228 2472 4300 ΟΙΪεηάαηι
2504 4226 2749 4290 macula,
2779 4241 2914 4294 quas
2949 4233 3042 4277 aut
3077 4223 3284 4276 incuria
3312 4221 3478 4292 fudit,

2255 4320 2361 4372 Aut
2381 4317 2616 4370 humana
2641 4330 2830 4382 parum
2859 4314 2995 4367 cavit
3025 4322 3242 4366 natura.

2044 4434 2239 4500 Qnteso
2290 4445 2508 4502 quoque
2537 4445 2777 4500 rogoque
2805 4428 3103 4491 doctiores,
3137 4426 3333 4497 quibus
3360 4424 3479 4479 hzrc
3517 4438 3625 4476 non

2043 4524 2341 4589 elaboravi,
2411 4532 2469 4577 ut
2533 4516 2777 4575 meliora'
2824 4518 3153 4589 proferant:
3216 4513 3358 4583 quod
3419 4522 3624 4567 tantum

2046 4618 2200 4673 abest
2228 4624 2287 4669 ut
2312 4616 2519 4670 laturus
2549 4613 2651 4668 sim
2693 4611 2942 4673 moleste,
2977 4619 3035 4663 ut
3065 4608 3294 4676 gratiam
3325 4606 3426 4659 sim
3462 4603 3625 4659 etiam

2048 4710 2334 4764 habiturus
2387 4706 2714 4772 maximam;
2773 4716 2975 4771 nosque
3024 4702 3275 4762 doceant,
3328 4695 3630 4750 maledictis

2050 4800 2208 4851 modo
2247 4807 2302 4852 et
2350 4795 2638 4852 calumniis
2687 4794 3020 4855 abstineant,
3082 4788 3278 4843 studiis
3329 4781 3635 4855 φιλανθρω-

2049 4889 2181 4952 πίας
2232 4889 2428 4942 nedum
2478 4884 2794 4941 Christiano
2836 4882 3056 4935 homine
3086 4877 3369 4949 indignis.
3403 4874 3635 4928 Valeant

2050 4995 2180 5035 vero
2200 4981 2289 5048 qui
2316 4987 2522 5032 tantum
2555 4976 2655 5030 sibi
2686 4974 2835 5029 falsa:
2855 4971 3032 5027 laudis
3062 4975 3343 5039 arrogant,
3371 4974 3632 5037 quantum

2053 5072 2119 5127 de
2144 5071 2262 5126 aliis
2302 5084 2398 5140 per
2437 5068 2588 5123 nefas
2630 5067 2963 5122 detrahunt:
3005 5062 3114 5118 lllis
3163 5077 3264 5131 ego
3312 5071 3468 5114 vetus
3504 5054 3633 5110 illud

2052 5165 2296 5220 accinaut
2328 5162 2490 5217 εἸδοὺ
2510 5160 2686 5223 Ῥόδος
2716 5160 2846 5224 ἰδοὺ,
2881 5157 3057 5212 καὶτὸ
3090 5155 3343 5226 πηδημα.

2125 5276 2304 5333 Habes
2366 5277 2431 5329 de
2495 5273 2983 5345 interpretatione;
3048 5269 3204 5325 venio
3249 5267 3313 5320 ad
3382 5264 3636 5330 alterum,

2055 5372 2276 5442 gravius
2315 5380 2494 5424 tamen
2530 5382 2594 5422 ac
2639 5364 2908 5421 dilIicilius
2955 5363 3022 5417 ad
3055 5358 3451 5431 profligandam
3491 5373 3640 5428 qua:-

2058 5465 2251 5521 stionis
2332 5470 2515 5532 caput,
2618 5461 2684 5514 de
2756 5457 2950 5513 Photio
3030 5450 3639 5522 Constantinopolitano

2059 5554 2286 5622 ejusque
2349 5550 2594 5619 scriptis,
2653 5557 2712 5602 ut
2798 5547 2941 5601 hanc
2993 5542 3381 5598 Bibliothecam
3435 5540 3641 5596 erroris
3694 5542 3703 5551 ‘

2062 5645 2183 5700 labe
2233 5658 2429 5698 vacare
2482 5641 2868 5696 demonstrem.
2927 5636 3005 5691 Ac
3033 5636 3267 5706 pritntun
3297 5635 3365 5689 de
3398 5630 3641 5687 moribus

2069 5739 2367 5800 videamus,
2397 5734 2523 5789 hinc
2556 5734 2622 5788 dc
2653 5729 2850 5801 ingenii
2890 5727 3276 5790 monumentis,
3297 5738 3434 5796 quae,
3455 5720 3651 5791 paucis
