3980 6234
369 255 440 319 23
1481 263 1584 322 AD
1624 262 1889 323 PI—IOTII
1925 263 2493 328 BIBLIOTHECAM
3544 278 3614 342 24

369 374 621 446 demptis,
687 377 752 431 ad
799 377 943 433 hanc
983 378 1123 434 diem
1150 380 1202 435 in
1243 380 1477 435 tenebris
1516 381 1674 435 nimis
1705 382 1792 435 ditt
1841 382 1938 434 de-

369 465 654 532 lituerant,
708 485 852 525 nunc
900 471 1127 526 illustris
1165 472 1320 542 juxta
1363 487 1426 526 ac
1479 474 1620 526 docti
1669 474 1934 527 duumviri

372 556 539 613 Marci
573 558 776 614 Velseri
817 563 1075 632 auspiciis
1105 574 1331 632 utraque
1373 563 1549 632 lingua
1581 576 1795 629 exeunt,
1833 583 1934 620 non

369 647 472 703 levi
508 663 770 719 proventu
805 653 1108 723 fructuque,
1132 665 1187 708 ut
1227 669 1384 722 spero
1412 665 1463 708 et
1493 662 1641 724 opto,
1676 657 1935 710 bonarum

366 742 562 797 artium
593 759 656 798 ac
683 745 1105 815 disciplinarum,
1140 762 1246 815 quo
1275 748 1552 815 pauciores
1589 750 1688 803 hoc
1714 747 1934 815 siccato,

370 842 563 888 caetera
610 836 847 890 felicium
887 837 1223 907 ingeniorum
1267 838 1455 903 feraci,
1505 841 1788 897 interiores
1845 841 1934 894 lit-

370 937 536 990 teras,
563 927 778 981 Graacas
807 929 1124 998 praesertim,
1154 941 1504 999 pertractant.
1533 935 1799 989 Auctores
1822 934 1936 1004 ejus

365 1016 492 1071 vita:
519 1021 859 1073 recensendas
893 1019 1194 1085 laudamus,
1225 1037 1293 1076 ne
1330 1024 1457 1093 quid
1485 1023 1620 1078 falso
1645 1026 1935 1079 commenti

365 1107 665 1174 rideamur,
711 1110 777 1162 de
823 1109 1024 1166 Cra-cis
1075 1113 1335 1183 antiquis,
1362 1130 1425 1168 ac
1455 1129 1589 1184 pene
1615 1117 1933 1185 atqualibus,

367 1199 651 1266 Zonaram,
679 1201 920 1271 Glycam,
964 1203 1289 1269 Manassem,
1324 1205 1594 1271 Nicetam,
1641 1208 1936 1278 Curopala-

367 1300 496 1352 tam,
525 1292 723 1360 quique
755 1292 897 1346 hunc
929 1310 1175 1363 magnam
1220 1307 1426 1365 partem
1453 1300 1792 1368 transcripsit
1831 1298 1934 1354 Ce-

365 1382 614 1449 drenum,
668 1383 1034 1454 Metrophanis
1079 1388 1206 1442 item
1257 1400 1311 1443 et
1366 1389 1594 1460 Styliani
1649 1393 1931 1462 epistolam,

362 1477 482 1523 aeta
560 1470 791 1542 denique
833 1475 1020 1544 synodi
1082 1486 1286 1532 octava:
1357 1478 1626 1549 legititute.
1685 1482 1936 1536 Exstaret

360 1558 650 1630 Nicephori
696 1562 905 1618 Callisti
964 1566 1103 1620 liber
1130 1568 1416 1622 Annalium
1458 1571 1933 1627 ecclesiasticarum

359 1653 555 1708 tertius
606 1666 659 1708 et
707 1659 1014 1725 vicesimus,
1058 1676 1162 1729 quo
1211 1664 1276 1716 de
1313 1663 1522 1730 Photio,
1560 1665 1798 1735 ejusdem
1833 1667 1930 1721 arvi

362 1745 526 1799 rebus
576 1749 743 1816 geStis
801 1752 1004 1804 diserte
1052 1762 1438 1821 pertractarat,
1489 1772 1593 1810 non
1642 1759 1929 1813 admodum

359 1834 748 1906 laboraremus,
780 1841 873 1895 sed
913 1845 1140 1898 extremi
1187 1844 1258 1899 illi
1295 1845 1414 1900 libri
1464 1857 1760 1916 temporum
1789 1848 1933 1903 cala-

361 1926 624 1994 mitatem,
660 1932 870 1984 caneris
908 1932 1092 1998 salvis,
1149 1936 1370 1990 minime
1427 1935 1766 2005 cll'ugerunt:
1827 1939 1929 1992 nisi

361 2018 499 2074 forte
545 2021 597 2074 in
657 2021 900 2088 Graeciaa,
965 2040 1083 2093 quae
1139 2025 1442 2081 libertatent
1494 2045 1668 2094 suain,
1721 2031 1928 2084 studio-

358 2125 586 2180 rumque
633 2114 879 2168 ardorem
934 2116 1140 2185 pridem
1191 2118 1426 2182 decoxit,
1487 2122 1684 2190 angulo
1731 2123 1928 2190 aliquo,

357 2203 598 2269 pulvere,
639 2206 768 2271 situ,
821 2222 884 2261 ac
931 2207 1182 2275 squalore
1225 2210 1410 2274 obsiti,
1446 2221 1502 2263 ut
1545 2212 1646 2264 alia
1702 2214 1929 2281 plurima

358 2304 599 2350 veterum
635 2299 858 2366 scripta,
896 2300 1234 2353 delitescant.
1285 2303 1365 2354 Ab
1407 2302 1613 2371 lgnatio
1641 2305 1806 2374 igitur
1831 2322 1928 2373 pa-

354 2387 591 2442 triarcha
623 2391 950 2445 narrationis
979 2391 1193 2445 initium
1219 2394 1377 2462 paulo
1409 2394 1570 2450 altius
1597 2391 1926 2465 repetamus.

423 2479 714 2550 Nicephori
785 2483 1040 2553 Augusti,
1073 2485 1188 2553 ejus
1231 2487 1319 2554 qui
1370 2487 1579 2541 Irenem
1629 2490 1925 2558 Augustam

354 2573 581 2642 imperio
615 2575 841 2644 expulit,
893 2591 958 2630 ex
1017 2577 1124 2630 ﬁlia
1171 2577 1428 2648 EutrOpia
1469 2589 1629 2649 atque
1667 2580 1927 2637 Michaele

354 2661 682 2731 imperatore
706 2677 1066 2734 cognomento
1107 2667 1384 2738 Bangabe,
1427 2683 1593 2738 nepos
1629 2667 1727 2723 fuit
1774 2668 1928 2738 lgna-

355 2754 481 2809 tius.
517 2752 669 2810 Hunc
696 2755 752 2808 iu
795 2757 986 2812 ntiuori
1015 2767 1196 2825 :etate,
1227 2769 1282 2814 et
1323 2759 1787 2832 Theophylactum
1819 2763 1927 2815 fra-

359 2854 496 2900 trem
532 2845 790 2916 majorem
823 2859 975 2917 natu,
1009 2849 1260 2907 virilibus
1286 2851 1528 2906 exsecuit
1556 2868 1573 2917 ;
1607 2866 1712 2919 quo
1756 2850 1922 2918 facto,

353 2941 631 3008 repetendi
700 2940 932 3012 imperii,
999 2942 1249 3012 quamvis
1293 2942 1502 3012 paterni
1558 2953 1721 3014 atque
1771 2946 1923 3011 aviti,

352 3045 446 3101 spe
485 3031 701 3101 penitus
747 3033 1118 3089 arcebantur:
1178 3045 1440 3105 praeterea
1480 3035 1744 3106 lgnatium
1807 3025 1923 3092 mo?-

353 3123 510 3178 nachi
560 3123 665 3179 ritu
728 3125 1057 3181 tondendum
1115 3125 1346 3181 curavit.
1394 3123 1608 3180 Timeat
1651 3127 1794 3181 enim
1844 3137 1924 3197 ty-

352 3213 594 3269 rannidis
640 3215 720 3270 vis
769 3230 872 3270 non
929 3215 1105 3270 minus
1165 3231 1325 3286 quam
1383 3225 1655 3272 metuatur
1703 3229 1924 3272 necesse

350 3311 451 3370 est,
505 3319 604 3360 nec
651 3307 830 3360 minus
886 3307 961 3360 sit
1015 3307 1127 3377 ipsa
1187 3307 1415 3362 sollicita
1485 3324 1647 3378 quam
1699 3310 1918 3365 subditi.

349 3394 584 3448 Omnino
614 3395 775 3450 rebus
805 3398 1174 3462 commutatis,
1207 3397 1542 3469 imperioque
1565 3401 1630 3454 ad
1659 3400 1925 3470 TlteOphi-

349 3485 459 3539 lum
513 3485 790 3544 Michaelis
845 3489 1028 3544 Trauli
1093 3490 1256 3545 lilium
1303 3491 1580 3557 devoluto,
1633 3493 1921 3548 Theodora

349 3576 631 3646 Theophili
683 3597 844 3646 uxor,
876 3596 996 3636 cum
1034 3584 1151 3638 viro
1199 3583 1455 3638 defuncto
1504 3585 1786 3655 imperium
1825 3603 1922 3656 pro

349 3666 612 3723 Michaele
664 3669 773 3724 lilio
842 3673 1312 3743 Porphyrogeneta
1363 3684 1706 3744 procuraret,
1779 3676 1919 3730 fama

348 3774 469 3830 quae
515 3761 580 3815 de
614 3761 805 3830 Iguatii
850 3763 1137 3816 virtutibus
1189 3763 1418 3819 celebris
1468 3776 1608 3830 erat,
1655 3780 1920 3836 permota,

349 3861 406 3906 et
450 3850 655 3921 alioqui
702 3868 801 3924 pro
854 3854 1101 3908 muliebri
1155 3854 1370 3926 ingenio
1428 3859 1750 3913 nobilissimi
1819 3862 1920 3916 viri

348 3943 714 3999 calamitatem
777 3947 1056 4012 miserata,
1099 3948 1242 4002 nulla
1297 3949 1466 4017 ipsius
1501 3951 1677 4018 culpa,
1747 3953 1919 4008 aliena

350 4043 558 4090 tantum
617 4035 884 4106 pravitate
932 4049 1292 4104 contractam,
1335 4039 1608 4097 Methodio
1658 4042 1923 4100 Constan-

350 4126 703 4196 tinopolitano
732 4130 1062 4198 epatriarcha
1120 4131 1228 4184 vita
1286 4131 1490 4196 functo,
1533 4133 1800 4204 lgnatium
1833 4153 1922 4191 sa-

348 4217 478 4274 lutis
509 4236 652 4275 anno
685 4221 1069 4289 DCCCXLVII,
1119 4240 1312 4292 magna
1364 4228 1625 4282 bonorum
1678 4230 1918 4290 omnium

347 4311 735 4379 gratulatione,
780 4314 1216 4369 substituendum
1250 4318 1481 4372 curarit.
1513 4318 1670 4374 Initia
1711 4336 1776 4374 ac.
1806 4337 1920 4376 me-

347 4403 434 4457 dia
469 4404 586 4459 laeta
625 4406 862 4471 luerunt,
903 4423 998 4476 par
1033 4409 1144 4478 spei
1179 4406 1406 4464 fructus.
1445 4411 1641 4466 Secuta
1677 4422 1764 4469 est
1806 4431 1920 4466 ina-

342 4494 432 4565 jor
472 4498 958 4570 Porphyrogenetze
1004 4511 1154 4566 artas,
1210 4517 1317 4570 qua
1371 4506 1453 4558 sui
1489 4520 1732 4575 compos,
1774 4507 1920 4563 vitiis

347 4591 704 4659 mancipatus,
761 4599 943 4645 matre
984 4589 1264 4648 Theodora
1320 4609 1499 4649 rerqu
1541 4599 1920 4664 procuratione

343 4691 548 4746 amota,
581 4681 770 4736 Bardze
824 4698 990 4752 seque
1031 4692 1086 4738 et
1129 4684 1416 4753 lmperhuu
1468 4689 1759 4755 regendum
1797 4704 1919 4755 per-

346 4769 514 4832 misit,
579 4771 722 4825 nulla
773 4773 928 4826 famae
979 4789 1132 4839 cura,
1186 4790 1354 4843 pravo
1413 4777 1616 4830 homini
1673 4779 1916 4846 perditus

339 4864 594 4934 juvenis:
648 4863 743 4918 sed
779 4865 830 4917 in
871 4865 1076 4934 reliqua
1113 4867 1350 4936 nequitia
1397 4883 1514 4921 eam
1561 4877 1738 4922 tamen
1799 4869 1914 4922 lau-

343 4960 462 5010 dem
505 4957 720 5019 meruit,
780 4958 921 5025 quod
972 4957 1271 5012 litterarum
1321 4958 1662 5027 professores
1705 4963 1914 5032 stipen-

343 5051 432 5105 dio
490 5049 557 5105 de
603 5050 814 5119 publico
889 5051 1194 5120 designato,
1271 5052 1735 5120 Constantinopoli
1785 5071 1913 5111 eru-

341 5141 550 5194 dienda:
579 5140 850 5208 juventuti
878 5142 1180 5204 constituit,
1205 5140 1384 5195 Leone
1407 5142 1606 5196 scholis
1630 5143 1910 5214 praefecto,

341 5233 523 5299 magni
565 5233 800 5286 nominis
844 5249 908 5288 ea
957 5241 1279 5301 tempestate
1353 5234 1686 5302 phil050pho.
1737 5237 1912 5292 Crete-

345 5336 460 5373 rum
509 5323 738 5376 Bardam
782 5324 1049 5378 Caesarem
1094 5335 1359 5386 creatum,
1389 5335 1443 5378 et
1492 5337 1769 5395 acceptam
1820 5345 1911 5398 po-

343 5423 591 5466 testatem
625 5433 727 5470 non
761 5416 972 5486 publica
1010 5415 1206 5480 salute,
1257 5417 1347 5468 sed
1396 5418 1657 5470 scelerum
1697 5419 1909 5476 licentia

341 5505 709 5575 delinientem,
770 5527 940 5579 usque
975 5527 1058 5569 eo.
1125 5520 1181 5560 ttt
1236 5523 1403 5562 uxore
1459 5511 1731 5577 repudiata
1787 5530 1906 5568 cum

338 5609 478 5649 nuru
529 5611 625 5651 sua
670 5603 840 5667 stupri
898 5600 1338 5661 consuetut'linem
1385 5599 1627 5665 haberet,
1697 5603 1906 5668 piorum

340 5694 480 5740 metu
528 5688 763 5759 lguatius
795 5690 1152 5745 anathematis
1188 5691 1480 5759 ignominia
1513 5702 1751 5747 notatum
1811 5713 1902 5750 ex-

2042 383 2196 450 pulit,
2230 401 2292 440 ac
2314 386 2475 440 veluti
2509 386 2773 452 Baptistes
2813 386 2951 442 alter
2980 386 3248 444 Herodem
3287 387 3605 459 increpavit.

2039 472 2261 544 Magnus
2293 493 2423 532 sane
2475 479 2574 541 vir,
2608 481 2702 531 sed
2737 480 2957 533 meliore
3002 481 3197 534 sreculo
3231 482 3444 551 dignus.
3476 481 3606 535 Per-

2038 567 2167 620 culit
2202 584 2260 622 ea
2295 571 2555 624 severitas
2611 572 2952 640 impotentem
2980 574 3212 627 hominis
3236 574 3496 640 animum,
3548 584 3607 628 ut

2038 666 2195 727 quem
2234 663 2488 726 revereri,
2538 672 2697 731 atque
2724 673 2780 716 ut
2813 666 3076 718 medicum
3109 680 3295 721 aiuatc
3323 667 3606 728 debuerat,

2037 754 2243 821 synodo
2272 752 2410 807 facta
2447 757 2756 824 episeopatu
2791 756 3074 825 spoliatutn
3108 757 3160 811 in
3190 757 3494 827 Mytilenem
3523 759 3606 811 in-

2038 841 2208 895 sulam
2237 843 2510 914 relegavit.
2531 843 2885 900 Substituitur
2902 861 2997 916 per
3020 845 3168 902 nefas
3220 847 3440 902 Photius
3454 865 3607 918 πρω-

2035 932 2398 1002 τοασηκρῆτις
2445 931 2686 996 Zonarre,
2723 937 2915 989 usitata
2943 937 3174 1004 sequiori
3212 937 3408 991 saeculo
3443 951 3600 1000 voce,

2037 1035 2066 1073 a
2124 1020 2538 1079 Commentariis
2589 1037 2642 1079 et
2685 1026 2919 1081 Senator
2963 1029 3201 1083 urbanus
3251 1044 3397 1082 anno
3447 1028 3598 1081 Chri‘

2035 1111 2103 1164 sti
2140 1111 2450 1176 DCCCLIX,
2503 1115 2604 1170 hoc
2659 1127 2766 1181 est,
2815 1126 2935 1185 post
2977 1117 3318 1172 undecimmn
3369 1119 3604 1186 patriar-

2035 1205 2227 1260 chatus
2274 1206 2482 1276 lguatii,
2528 1209 2595 1262 de
2637 1207 2754 1262 foro
2812 1218 3029 1278 repente
3076 1208 3127 1263 in
3188 1207 3442 1262 Ecclesia:
3471 1221 3608 1276 prae-

2037 1301 2303 1356 tecturam
2344 1303 2660 1358 translatus.
2708 1305 2918 1372 Raptim
2968 1305 3148 1358 omnia
3193 1315 3248 1358 et
3295 1301 3608 1372 perturbate

2035 1407 2162 1452 sunt
2193 1395 2356 1457 facta,
2393 1413 2566 1465 neque
2607 1397 2734 1462 quid
2784 1398 2989 1467 legibus
3032 1407 3276 1451 sanctum
3305 1405 3389 1450 est
3424 1396 3607 1450 consi-

2036 1494 2246 1554 derant,
2302 1491 2381 1545 ira
2435 1501 2487 1544 et
2535 1489 2824 1544 ambitione
2902 1489 3148 1560 pessimis
3198 1489 3607 1543 consultoribus

2036 1584 2247 1655 agitati.
2299 1583 2547 1638 Nicolaus
2608 1583 2886 1638 Rotttanus
2951 1582 3197 1637 Pontifex
3261 1597 3326 1635 eo
3386 1582 3606 1635 nomine

2035 1674 2264 1743 primus,
2296 1676 2370 1729 rei
2400 1683 2566 1744 gesta:
2591 1675 2778 1728 ntmtio
2810 1685 3137 1739 commotus,
3163 1675 3444 1742 episcopos
3471 1673 3608 1726 duos

2033 1767 2367 1822 Rodoaldum
2410 1777 2464 1820 et
2493 1767 2810 1821 Zachariam
2857 1764 3378 1830 Constantinopolim
3417 1763 3604 1829 mittit,

2033 1872 2156 1910 cum
2215 1865 2482 1924 potestate
2534 1870 2810 1909 sacrarum
2859 1855 3153 1922 imaginum
3205 1853 3388 1907 hostes
3442 1853 3605 1920 (qua:

2031 1947 2197 2017 pestis
2243 1946 2347 2002 late
2397 1946 2448 2000 in
2503 1945 2721 2000 Oriente
2761 1943 3140 2014 grassabatur)
3195 1943 3352 1998 novis
3409 1941 3607 1996 edictis

2033 2037 2340 2100 coercendi,
2396 2046 2559 2105 atque
2611 2037 2661 2089 in
2710 2035 2902 2104 lgnatii
2952 2049 3111 2088 causa
3161 2034 3278 2099 ejus
3319 2032 3505 2101 legati,
3543 2042 3605 2085 ut.

2033 2130 2337 2198 cognitione
2396 2129 2664 2189 instituta,
2711 2128 2822 2182 visa
2875 2128 3034 2180 modo
3085 2128 3489 2193 explorataque,
3549 2123 3603 2176 in

2032 2236 2091 2275 re
2115 2221 2361 2290 praesenti
2393 2220 2780 2273 renuntiarent.
2806 2217 3062 2286 Adjungit
3085 2217 3290 2270 litteras
3328 2216 3392 2269 ad
3421 2216 3604 2286 Augu-

2031 2321 2170 2366 stum
2230 2311 2526 2381 sigillatim,
2559 2327 2679 2380 qua:
2727 2320 2958 2372 exstant,
3009 2310 3059 2362 in
3098 2308 3346 2362 Photium
3396 2307 3604 2375 gravis-

2030 2404 2194 2458 simas
2229 2422 2241 2457 :
2284 2415 2472 2456 contra
2525 2405 2603 2456 fas
2637 2417 2978 2472 aequumque,
3027 2412 3189 2469 atque
3215 2400 3395 2454 omnia
3443 2407 3600 2452 vetu-

2029 2494 2186 2546 Slttlis
2221 2493 2465 2562 exempla
2503 2494 2555 2546 in
2605 2493 2857 2546 Ecclesiae
2894 2491 3268 2562 pnefecturam
3312 2489 3600 2556 irrupisse,

2030 2601 2092 2637 ex
2123 2585 2348 2653 profano
2401 2597 2618 2654 repente
2669 2585 2870 2640 Christi
2930 2595 3202 2652 pastorem
3235 2580 3414 2650 gregis
3463 2595 3600 2647 pro-

2029 2679 2213 2740 diissc,
2246 2691 2377 2732 vero
2422 2677 2721 2746 praesertim
2776 2684 2991 2745 pastore
3044 2673 3363 2744 superstite.
3410 2669 3599 2737 Legati

2029 2769 2214 2824 fraude
2271 2769 2494 2834 inducti,
2551 2769 2798 2822 studlove
2851 2765 3186 2836 principibus
3239 2762 3597 2833 gratificandi,

2028 2862 2291 2930 lgnatium
2316 2861 2440 2931 jure
2467 2862 2777 2914 damnatum
2812 2858 2977 2913 videri
3020 2858 3421 2928 praevaricando
3459 2871 3600 2924 pra:-

2027 2955 2301 3008 nuntiaut.
2349 2952 2598 3006 Nicolaus
2635 2953 2850 3021 quidem
2901 2950 3071 3004 atroci
3128 2948 3316 3002 nuntio
3351 2946 3599 3016 famaque

2027 3063 2314 3115 percussus
2380 3044 2838 3115 prazvaricationis
2887 3042 3084 3096 factum
3139 3041 3437 3109 legatorum
3502 3051 3622 3100 ac-,

2025 3140 2256 3192 cusavit.
2303 3137 2537 3192 Omnino
2581 3149 2644 3189 ea
2710 3134 3014 3188 temeritate
3062 3129 3438 3200 pronuntiandi
3486 3145 3602 3181 nta-

2025 3231 2107 3300 gis
2141 3229 2328 3298 lgnatii
2378 3245 2542 3284 causa
2596 3227 2906 3281 confirmari
2955 3228 3069 3279 visa
3117 3233 3222 3290 est,
3289 3238 3510 3292 prorsus
3542 3233 3599 3274 ut

2024 3322 2198 3376 Barda
2242 3323 2456 3377 Caesare
2505 3321 2778 3387 deinceps,
2821 3329 2875 3373 et
2903 3317 3160 3372 Michaele
3184 3320 3424 3385 Augusto
3466 3313 3599 3367 insi-

2024 3418 2129 3472 diis
2164 3415 2346 3470 Basilii
2405 3411 2716 3467 Macedonis
2774 3410 3023 3471 sublatis,
3074 3408 3343 3464 Adrianus
3377 3406 3418 3460 ll
3465 3421 3601 3475 pou-

2025 3507 2152 3562 tifex
2207 3504 2481 3560 Romanus
2526 3501 2730 3555 Nicolai
2765 3499 3000 3569 defuncti
3036 3498 3276 3568 vestigiis
3317 3497 3597 3554 incedens,

2025 3597 2230 3668 synodo
2275 3590 2741 3660 Constantitmpoli
2802 3591 2979 3644 habita
3047 3604 3122 3644 cn
3194 3589 3596 3656 episcoporum,

2025 3708 2169 3748 anno
2215 3691 2405 3746 salutis
2453 3685 2957 3750 DCCCLXXXVIII,
2987 3686 3143 3754 (quae
3197 3685 3338 3737 inter
3367 3697 3599 3752 genera-

2024 3784 2102 3837 les
2131 3793 2320 3836 octava
2350 3795 2602 3851 germana
2631 3789 2733 3844 est,
2764 3777 3062 3846 Graeceque
3106 3790 3169 3827 ac
3198 3773 3384 3827 Latine
3419 3772 3598 3825 studio

2022 3872 2258 3926 Matthzei
2318 3870 2513 3924 Raderi
2563 3879 2761 3923 nostra:
2807 3867 3083 3922 societatis
3121 3864 3449 3935 presbyteri,
3475 3873 3598 3932 post

2021 3963 2295 4018 Anastasii
2346 3961 2746 4015 Bibliothecarii
2801 3961 3128 4025 versionem,
3195 3957 3366 4013 lucem
3426 3970 3596 4022 nuper

2021 4056 2291 4126 aspexit),
2345 4054 2538 4109 Photio
2587 4060 2789 4117 amoto,
2844 4051 3082 4121 lgnatius
3135 4061 3191 4103 ut
3222 4049 3597 4103 restitueretur

2021 4148 2330 4219 perfecerit.
2354 4145 2599 4201 Pontifex
2629 4160 2762 4200 sane
2784 4143 2962 4212 magni
2992 4142 3156 4196 anitni
3182 4138 3596 4208 nequeminoris

2022 4239 2256 4304 consilii,
2297 4239 2388 4308 qui
2429 4246 2620 4292 exacta
2664 4250 2848 4290 senem
2896 4246 3078 4295 aetate,
3129 4233 3288 4286 rebus
3330 4231 3580 4300 quamvis

2022 4330 2273 4401 gerendis
2327 4328 2596 4390 inutilem,
2648 4325 2838 4379 maluit
2899 4324 3161 4378 Ecclesia:
3213 4318 3594 4392 gubernaculis

2027 4419 2280 4483 restitui,
2325 4431 2487 4485 quam
2538 4416 2868 4479 concedere,
2919 4422 2978 4467 ut
3019 4428 3158 4466 novo
3226 4425 3290 4465 ac
3333 4410 3592 4462 damnato

2019 4509 2268 4577 exemplo
2313 4506 2612 4573 disciplina:
2663 4503 3049 4558 labefactandze
3090 4503 3269 4556 aditus
3320 4499 3594 4567 relinque-

2022 4615 2190 4657 retur.
2239 4599 2355 4654 Etsi
2413 4597 2718 4661 Nectarius,
2801 4596 3060 4650 Tarasius
3095 4593 3273 4647 Photii
3323 4601 3590 4662 patruus,

2017 4693 2242 4760 ejusque
2272 4703 2558 4746 successor
2583 4685 2942 4756 Nicephorus,
2969 4697 3024 4740 et
3059 4687 3110 4740 in
3135 4685 3430 4741 Occidente
3460 4686 3593 4738 Am-

2019 4783 2232 4848 brosius
2265 4797 2295 4834 c
2340 4780 2492 4834 laicis
2531 4788 2752 4848 repente
2796 4778 3034 4846 episcopi
3078 4779 3190 4832 sint
3223 4777 3415 4830 creati.
3465 4773 3592 4829 llaec

2019 4874 2107 4928 ille
2159 4873 2431 4944 pt-aastitit.
2482 4871 2668 4942 Ignatii
2714 4886 2842 4924 vero
2885 4870 3174 4922 subsecuta
3209 4877 3407 4930 ttnorte,
3453 4882 3588 4919 nova

2016 4965 2483 5034 Constantitmpoli
2513 4964 2752 5034 synodus
2775 4962 3041 5035 λῃστρικὴ
3066 4961 3317 5015 Phntium
3354 4962 3590 5014 restituit

2017 5079 2156 5119 anno
2218 5056 2654 5118 DCCCLXXVII,
2704 5057 3075 5127 episcoporum
3134 5068 3480 5116 cccsxxxttt,
3533 5053 3587 5106 in

2017 5157 2299 5224 pristinum
2334 5153 2532 5213 locum,
2566 5149 2720 5202 initio
2750 5163 3017 5202 consensu
3065 5145 3221 5199 Rom.
3245 5145 3590 5200 PontJoau-

2016 5247 2098 5296 nis
2125 5240 2257 5304 \‘lll,
2292 5241 2363 5292 uti
2412 5240 2529 5308 ejus
2554 5240 2745 5311 synodi
2780 5239 2950 5291 sessio
2978 5238 3150 5304 pritna
3188 5236 3452 5297 declarat,
3503 5236 3591 5290 his

2015 5335 2228 5388 verbis:
2277 5334 2429 5399 Quod
2465 5333 2719 5386 Dominus
2767 5341 2942 5384 noster
2983 5329 3315 5395 Apostolicus
3354 5326 3586 5380 admittit

2011 5429 2276 5479 dominum
2323 5426 2565 5479 P/totittm
2622 5427 2677 5479 in
2709 5423 3088 5491 patriam/tum,
3115 5430 3337 5473 testatur
3361 5419 3587 5487 Ponti/i-

2011 5516 2140 5570 calis
2182 5518 2314 5567 stola
2338 5533 2369 5567 a
2405 5533 2608 5569 suntme
2638 5515 2794 5567 Pout.
2831 5514 3041 5565 domino
3088 5522 3264 5564 nostro
3287 5505 3496 5563 Joanne
3518 5509 3589 5562 ad

2009 5625 2128 5660 eum
2168 5608 2324 5659 missa
2352 5624 2370 5659 :
2403 5624 2557 5676 quam
2603 5616 2876 5672 propterea
2951 5603 3166 5663 direxit,
3205 5612 3260 5653 ut
3284 5617 3463 5654 omnes
3497 5603 3588 5653 in-

2013 5700 2269 5769 telligant,
2301 5709 2350 5751 et
2378 5708 2518 5751 certo
2552 5703 2745 5760 scLaut,
2771 5697 3040 5750 dominum
3089 5694 3344 5750 Pltotium
3369 5695 3528 5763 recjpt’
3555 5713 3588 5749 α
