3980 6234
325 312 395 375 25
542 329 557 343 ~
1316 275 1320 278 ’
1659 305 1895 364 PROLE

2000 303 2223 361 lMEN.\
2237 350 2253 367 .
3510 308 3582 370 9.6

321 438 518 478 summo
562 422 812 490 pontiﬁce
854 420 907 474 in
940 421 1313 488 patriurcltmn.
1348 418 1580 486 Cumque
1611 418 1707 470 hoc
1731 416 1905 469 dixis-

324 524 417 577 set,
442 513 585 566 dedit
629 512 820 566 Photio
864 511 1217 581 pontiﬁcalem
1258 510 1470 573 stulam,
1515 508 1785 560 huuterale
1823 509 1908 560 in.

332 607 663 669 damentum,
702 605 972 673 penulam,
1016 614 1062 657 et
1114 603 1377 656 sandalio.
1442 600 1567 654 ΙΙωο
1616 601 1900 671 synodus:

328 709 651 767 argumento
695 698 998 750 conciliata)
1043 696 1197 748 initio
1240 710 1361 747 cum
1407 691 1616 747 Joanne
1650 694 1906 760 pontilice

328 793 512 857 gratia:
546 790 678 859 :qui
720 804 841 842 cum
872 804 937 842 eo
977 788 1218 854 nomine,
1255 797 1313 841 ut
1348 803 1535 855 parum
1567 786 1760 849 virilis,
1808 801 1903 837 au-

329 885 464 935 dirrt
497 882 661 943 male,
710 895 767 934 re
794 891 1007 933 mature
1038 881 1281 947 cognita,
1317 879 1370 931 in
1407 878 1691 930 ambonem
1724 877 1902 945 publi-

327 988 448 1025 cum
490 987 833 1042 progressus,
862 971 1133 1034 Photium,
1166 971 1334 1025 veteri
1363 971 1711 1024 anathemate
1741 984 1902 1035 repe-

328 1064 458 1128 tito,
513 1062 650 1116 diris
693 1063 886 1117 iterum
950 1062 1189 1117 devovit.
1238 1061 1417 1127 Quare
1462 1060 1761 1114 Ecclesium
1813 1060 1901 1113 ille

327 1166 677 1225 praepostere,
705 1156 937 1223 primum
968 1155 1187 1223 quidem
1217 1162 1561 1223 occupatam,
1596 1152 1686 1206 diu
1717 1162 1901 1207 tenere

328 1263 433 1299 non
463 1248 658 1314 potuit.
692 1248 733 1300 A
768 1244 947 1299 Leone
973 1247 1235 1316 Augusto,
1272 1254 1630 1320 cognomento
1652 1245 1901 1300 Philoso-

327 1339 449 1405 pho,
488 1340 577 1406 qui
622 1339 761 1407 patri
796 1336 1001 1391 Basilio
1027 1338 1291 1392 successit
1332 1339 1453 1392 loco
1487 1347 1684 1402 motus,
1717 1339 1770 1392 in
1802 1342 1902 1392 Ar-

328 1428 626 1481 meniarum
670 1426 1056 1480 monasterium
1116 1439 1259 1479 anno
1335 1424 1778 1479 DCCCLXXXVI
1836 1426 1899 1479 ad

326 1521 452 1572 vitae
485 1518 691 1571 exitum
726 1518 827 1587 (sic
846 1517 1104 1587 arbitror)
1135 1517 1247 1570 sive
1267 1532 1295 1571 a
1327 1515 1629 1571 Catholicis
1652 1525 1897 1579 coactus,

328 1624 417 1663 seu
451 1620 668 1677 sponte,
702 1610 992 1673 incertum,
1027 1607 1278 1663 secessit.
1316 1606 1679 1663 Santabareni
1708 1609 1899 1662 amici-

330 1700 475 1753 tiain
502 1700 694 1767 primis
736 1699 911 1753 fraudi
958 1700 1031 1751 illi
1064 1700 1368 1768 damnaque
1399 1698 1519 1763 fuit,
1563 1700 1788 1754 venefici
1831 1716 1895 1754 ac

330 1790 760 1860 prtBSIigiatoris,
807 1792 1082 1857 multaque
1114 1790 1315 1844 scelera
1353 1790 1453 1843 alia
1504 1790 1555 1845 in
1591 1792 1710 1844 ficta
1778 1805 1903 1843 san-

326 1882 528 1935 ctitatis
554 1882 735 1948 specie
779 1882 1025 1947 tegentis.
1059 1880 1151 1934 Sic
1186 1881 1455 1947 Angustus
1488 1882 1705 1950 putabat
1732 1900 1747 1948 ;
1778 1883 1894 1945 alii,

327 1973 379 2025 itt
424 1973 506 2025 his
530 1973 646 2037 ipse
675 1971 900 2040 Augusti
932 1982 1104 2040 pater,
1128 1970 1179 2024 in
1212 1972 1576 2026 sanctissimis
1620 1973 1900 2027 monachis

328 2078 613 2117 numerare
654 2063 796 2117 soliti
850 2074 1027 2117 erant.
1078 2063 1167 2118 Sic
1213 2072 1339 2119 Sunt
1372 2064 1647 2118 hominum
1694 2067 1895 2135 judicia

325 2173 445 2210 cum
475 2158 814 2225 temporibus
883 2157 1226 2211 alternantia.
1258 2158 1495 2212 Tametsi
1546 2159 1664 2214 aliae
1720 2175 1899 2215 causa:

328 2247 511 2303 aﬂictae
536 2261 683 2310 sunt,
724 2258 781 2300 ιιι
810 2250 930 2316 jure
958 2249 1079 2317 pelli
1111 2250 1404 2316 videretur,
1449 2252 1535 2307 illa
1562 2252 1769 2306 exstitit
1807 2271 1896 2307 ve-

329 2341 538 2392 rissima
570 2358 583 2393 :
625 2341 800 2407 pmnis
831 2341 1095 2395 scelermn
1128 2343 1416 2412 agentibus
1438 2345 1618 2397 divina
1637 2344 1893 2409 vindicta,

326 2438 484 2494 atque
534 2428 674 2480 male
738 2429 988 2493 occupati
1035 2428 1260 2483 honoris
1312 2432 1644 2485 conscientia
1704 2433 1898 2487 dedere

328 2518 682 2587 praecipitem,
709 2517 984 2588 Stephano
1016 2522 1243 2589 Augusti
1278 2521 1443 2577 fratre
1476 2524 1527 2577 in
1568 2524 1682 2595 ejus
1716 2526 1894 2579 locum

327 2609 636 2677 subrogatt).
667 2609 712 2662 Is
747 2612 1133 2664 controversiae
1164 2613 1306 2666 inter
1340 2612 1612 2669 Rmnanos
1634 2614 1695 2669 et
1739 2616 1889 2669 Con—

328 2702 840 2773 stantinOpolitanos
869 2703 1174 2772 pontifices,
1200 2706 1395 2761 nobilis
1426 2722 1548 2761 cum
1580 2708 1772 2775 primis
1816 2719 1897 2764 at-

326 2811 430 2865 que
460 2798 752 2859 diuturnae,
800 2798 978 2851 exitus
1017 2795 1139 2852 fuit.
1162 2796 1211 2852 ls
1242 2797 1418 2851 Photii
1449 2798 1895 2866 pseudopatriar-

328 2891 440 2945 cita:
464 2905 649 2946 Casus.
693 2889 905 2953 Adhuc,
935 2889 1085 2943 brevi
1114 2899 1292 2944 tamen
1318 2891 1441 2945 vitae
1477 2889 1753 2946 Photianae
1777 2905 1896 2947 sce-

326 2998 447 3036 nam
476 2998 573 3037 seu
612 2983 931 3052 tragtediam
984 2983 1164 3037 verius
1207 2992 1480 3053 utcunque
1521 2985 1763 3051 exhibui,
1805 2986 1896 3055 qui

325 3073 407 3127 bis
431 3075 863 3144 patriarchatum
882 3075 1158 3143 pernefas,
1182 3088 1515 3147 repugnante
1540 3087 1691 3146 pont.
1714 3092 1883 3144 max.,

326 3168 477 3232 pulso
507 3166 735 3235 lgnatio.
762 3167 985 3231 invasit,
1013 3167 1097 3222 bis
1125 3183 1339 3238 quoque
1363 3168 1614 3224 abdicare
1635 3179 1891 3225 coactus:

329 3261 577 3325 privatus
615 3262 831 3317 tandem
863 3273 917 3315 et
958 3261 1218 3329 inglorius
1252 3262 1511 3316 secedens
1539 3263 1716 3330 periit.
1744 3261 1897 3320 Nunc

326 3353 561 3421 elogium
618 3354 759 3422 ejus,
800 3355 1077 3421 permistis
1103 3367 1281 3407 tamen
1319 3355 1505 3408 virtuti
1540 3356 1704 3420 vitiis,
1736 3372 1765 3410 e
1804 3356 1897 3410 Ni-

326 3454 445 3496 ceta
488 3442 835 3513 Paphlagone
866 3446 915 3496 in
955 3443 1071 3497 Vita
1110 3444 1167 3497 Β.
1202 3444 1392 3514 Ignatii
1434 3445 1761 3513 patriarcha:
1804 3462 1896 3515 ap-

324 3549 516 3602 ponam
554 3529 706 3587 ςἮν
752 3533 809 3586 δὲ
853 3526 1006 3595 οὗτος
1046 3536 1073 3585 ό
1108 3534 1310 3597 Φώτιος
1336 3535 1398 3587 οὐ
1442 3534 1549 3587 τῶν
1587 3534 1795 3602 ἀγενῶν
1834 3553 1895 3588 τε

325 3626 418 3679 καὶ
445 3626 745 3690 ἀνωνύμων
765 3666 779 3688 ,
810 3625 947 3680 ἀλλὰ
987 3626 1080 3678 καὶ
1117 3626 1223 3679 τῶν
1264 3626 1501 3694 εὐγενῶν
1549 3626 1689 3679 κατὰ
1717 3627 1896 3698 σάρκα

323 3719 417 3772 καὶ
455 3719 794 3787 περιφανῶν,
839 3719 1000 3790 σοφίᾳ
1022 3736 1081 3771 τε
1119 3723 1379 3789 κοσμικῇ,
1412 3721 1503 3772 καὶ
1536 3720 1748 3773 συνέσει
1788 3720 1896 3773 τῶν

323 3812 380 3863 ιν
404 3814 471 3882 τῇ
504 3811 753 3882 πολιτείᾳ
785 3813 1165 3881 στρεφομένων
1205 3810 1638 3882 εὐδοκιμώτατος
1678 3814 1897 3865 πάντων

321 3902 624 3972 ἐνομίζετο.
660 3902 699 3953 Γ
706 3906 1055 3972 ραμματικῆς
1092 3904 1190 3974 μὲν
1218 3904 1325 3973 γὰρ
1351 3904 1443 3957 καὶ
1472 3907 1760 3974 ποιήσεως,
1800 3906 1897 3975 ρη-

322 3995 547 4065 τορικῆς
574 4012 635 4047 τε
664 3996 757 4048 καὶ
793 3996 1132 4064 φιλοσοφίας,
1165 3998 1255 4050 ναὶ
1283 3997 1347 4066 δὴ
1375 3998 1470 4050 καὶ
1502 3998 1773 4067 ἰατρικῆς,
1802 3998 1896 4051 καὶ

322 4089 523 4155 πάσης,
558 4086 736 4154 ὀλίγον
758 4086 866 4138 δεῖν
886 4127 900 4149 ,
938 4088 1247 4158 ἐπιστήμης
1274 4088 1381 4142 τῶν
1411 4087 1662 4158 Θύραοεν.
1698 4087 1896 4141 Τοσοῦ-

318 4200 409 4236 τον
433 4184 566 4236 αὐτὸ
591 4182 651 4235 τὸ
684 4183 892 4253 περιὸν,
934 4183 1009 4245 ὡς
1042 4184 1116 4252 μὴ
1162 4183 1322 4252 μόνον
1373 4184 1559 4253 σχεδὸν
1594 4186 1759 4253 φάναι
1785 4184 1895 4238 τῶν

320 4275 463 4327 κατὰ
481 4274 581 4344 τὴν
602 4274 769 4327 αὑτοῦ
794 4278 985 4343 γενεὰν
1005 4277 1222 4327 πάντων
1246 4275 1563 4344 διενεγκεῖν,
1593 4277 1694 4346 ἠδη
1721 4278 1778 4330 δὲ
1802 4279 1895 4330 καὶ

320 4369 456 4439 πρὸς
483 4370 611 4431 τοὺς
643 4368 905 4429 παλαιοὺς
931 4367 1093 4421 αὐτὸν
1118 4368 1523 4438 διαμιλλᾶσθαι.
1562 4370 1746 4423 Πάντα
1786 4370 1894 4441 γὰρ

320 4460 646 4528 συνέτρεχεν
679 4457 768 4509 ἐπ’
809 4457 956 4527 αὐτῷ
989 4460 1022 4528 ἡ
1055 4460 1428 4529 ἐπιτηδειότης
1463 4461 1561 4530 τῆς
1588 4461 1820 4527 φύσεως.
1858 4465 1890 4532 ή

319 4550 544 4620 σπουδὴ.
576 4551 605 4602 ὁ
633 4547 880 4613 πλοῦτος,
921 4549 987 4603 δι’
1012 4550 1069 4603 ὃν
1098 4551 1193 4603 καὶ
1223 4549 1399 4620 βίϐλος
1431 4552 1519 4604 ἐπ’
1551 4554 1714 4605 αὐτὸν
1741 4552 1892 4623 ερῤει

317 4645 487 4699 πᾶσα.
519 4642 690 4696 Πλέον
717 4643 775 4696 δὲ
806 4642 1045 4706 πάντων,
1078 4647 1106 4698 ὁ
1124 4645 1225 4714 τῆς
1253 4645 1411 4715 δόξης
1439 4644 1577 4715 ἔρως
1616 4645 1683 4698 δι’
1712 4645 1770 4699 όν
1798 4647 1894 4699 αὑ-

314 4733 397 4804 τῷ
425 4734 518 4786 καὶ
542 4732 737 4795 νύκτες
780 4733 983 4786 ἄϋπνον
1018 4734 1147 4803 περὶ
1178 4733 1276 4803 τὴν
1300 4734 1606 4801 ἀνάγνωσιν
1631 4735 1893 4805 ἐμμελῶς

317 4820 677 4889 πεφυλακότι.
726 4819 862 4873 Erat
915 4821 1141 4875 Photius
1185 4825 1339 4875 homo
1383 4825 1596 4879 minime
1638 4828 1891 4880 obscurus

316 4924 413 4966 aut
438 4914 708 4983 ignobilis,
738 4913 829 4967 sed
862 4914 1019 4969 claris
1044 4926 1093 4967 et
1121 4916 1420 4971 illustribus
1451 4919 1709 4974 Oriundus
1732 4932 1888 4975 nata-

317 5002 475 5066 libus,
501 5020 781 5074 rerumque
810 5005 1043 5058 ciuilium
1067 5014 1119 5059 et
1147 5006 1489 5072 politicarum
1524 5024 1624 5061 usu
1664 5013 1891 5079 pruden—

319 5095 493 5161 tiaque
513 5104 561 5147 et
594 5096 856 5161 sapientia
886 5094 1249 5160 clarissimus;
1282 5100 1646 5164 grammatica:
1686 5119 1889 5171 quoque

316 5184 633 5237 litteratum'
661 5193 710 5237 et
737 5185 987 5238 carminis
1031 5188 1315 5253 pangendi,
1355 5189 1663 5259 dicendique
1709 5192 1885 5255 laude,

316 5278 441 5344 quin
488 5289 538 5331 et
588 5278 934 5345 philosophice
979 5289 1025 5329 et
1067 5279 1377 5344 medicinw,
1442 5291 1598 5351 atque
1655 5287 1891 5339 omnium

316 5382 470 5430 prope
516 5365 816 5423 liberalium
875 5364 1279 5430 disciplinarum
1314 5379 1652 5423 externarum
1690 5374 1889 5433 studio,

317 5458 707 5524 cognitioneque
762 5467 1029 5521 tantopere
1069 5457 1283 5523 ﬂoruit,
1350 5468 1405 5509 ut
1444 5461 1539 5512 αὐὶ
1598 5462 1682 5513 sui
1736 5463 1891 5530 facile

316 5546 548 5611 princeps
575 5546 858 5597 traheretur
889 5560 903 5594 :
937 5545 1042 5596 imo
1066 5556 1111 5597 et
1146 5563 1263 5597 cunt
1302 5550 1683 5618 veteribusjam
1714 5564 1888 5619 posset

315 5637 569 5701 componi.
610 5633 806 5688 Omnia
835 5634 1021 5701 quippe
1042 5636 1405 5701 conﬂuxerant
1439 5638 1490 5690 in
1517 5639 1704 5693 illum:
1748 5645 1887 5710 apti-

319 5724 442 5792 (udo
472 5724 737 5796 qua'dam,
762 5735 807 5775 et
840 5733 1042 5777 natura‘
1075 5725 1147 5777 vis
1175 5735 1223 5778 et
1251 5726 1502 5795 felicitas,
1536 5748 1677 5802 opes,
1696 5735 1882 5803 quibus

2012 412 2111 465 sibi
2143 414 2393 465 librorum
2416 415 2645 465 omnium
2681 414 2966 466 maximam
3005 418 3204 483 copiam
3224 420 3584 485 comparabat;

2008 517 2052 558 et
2081 506 2218 575 quod
2254 522 2361 572 pra:
2401 508 2623 572 cunctis,
2664 506 2848 575 gloria:
2898 510 3172 578 laudisque
3224 513 3436 579 cupido,
3480 528 3587 581 qua

2007 600 2264 667 ﬂagrans,
2295 610 2429 652 totas
2459 598 2652 662 noctes,
2681 609 2733 651 ut
2761 600 2974 653 lectioni
2994 600 3207 655 assidue
3241 614 3472 667 vacaret,
3500 606 3581 654 in-

2006 707 2212 744 somnes
2246 692 2489 745 ducebat.
2518 690 2774 763 Idemque
2810 692 3026 748 Nicctas
3052 694 3313 762 graphice
3342 708 3464 747 eum
3506 698 3585 745 vi-

2008 785 2199 852 visque
2226 784 2503 838 colorilms
2527 786 2785 855 depingit.
2826 786 2901 839 Ex
2932 801 3061 855 quo,
3096 787 3421 854 scriptisque
3436 784 3587 838 Grae—

2007 890 2199 930 corum
2244 878 2517 937 omnium,
2560 878 2801 944 ampliss.
2842 880 3025 932 Ctesar
3077 880 3225 932 card.
3278 879 3581 941 Baronius,

2007 981 2177 1021 sacrae
2208 976 2362 1036 pater
2402 968 2641 1021 historiae
2680 979 2824 1022 torno
2858 969 3141 1022 Annalium
3166 967 3472 1022 Ecclesiast.
3512 966 3580 1031 Χ,

2006 1075 2103 1113 sua
2133 1072 2217 1113 est
2250 1070 2544 1113 mutuatus.
2570 1058 2832 1126 Equidem
2867 1079 2971 1115 non
3005 1077 3122 1115 sum
3162 1061 3296 1115 adeo
3331 1060 3579 1125 demens,

2010 1153 2316 1221 mentisque
2361 1152 2552 1219 inops,
2606 1163 2662 1205 ut
2706 1152 2882 1207 Photii
2932 1154 3059 1205 vitia
3105 1154 3438 1207 defendenda
3489 1162 3584 1206 aut

2006 1242 2205 1311 flagitia
2252 1248 2559 1298 excusanda
2599 1244 2917 1313 suscipiam.
2960 1244 3076 1298 Jam
3118 1245 3261 1298 enim
3302 1244 3583 1313 judicatus

2004 1346 2109 1389 est.
2154 1335 2352 1390 Gravis
2396 1344 2544 1389 certe
2577 1335 2655 1387 ira
2690 1337 2986 1403 odiumque
3011 1346 3175 1402 atque
3205 1337 3452 1398 ambitio,
3484 1337 3580 1390 lto-

2005 1429 2202 1481 minem
2234 1438 2429 1481 caetera
2460 1428 2639 1483 saeculi
2665 1429 2747 1481 sui
2781 1428 3183 1489 doctissimum,
3214 1439 3443 1498 egerunt
3470 1439 3583 1481 tan-

2004 1520 2125 1574 dem
2160 1521 2517 1591 praecipitem.
2541 1518 2678 1574 Hinc
2715 1520 2818 1573 illte
2842 1519 3113 1591 lacrynue.
3156 1520 3292 1572 Aula
3328 1521 3579 1573 nimirum

2003 1626 2123 1680 qua:
2176 1611 2359 1666 multis
2399 1612 2666 1680 hodieque
2707 1620 2942 1666 mentem
2988 1611 3173 1681 eripit,
3222 1621 3285 1666 et
3322 1611 3578 1677 infatuat,

2003 1703 2255 1757 Photium
2298 1718 2513 1772 quoque
2557 1705 2873 1767 excaecavit,
2929 1713 2987 1755 ut
3027 1717 3135 1759 non
3175 1703 3375 1773 injuria
3424 1713 3577 1756 vetus

2003 1804 2183 1865 poeta,
2210 1796 2396 1850 nescio
2434 1798 2578 1865 quis,
2614 1796 2736 1849 aula
2780 1797 2953 1860 exire,
2992 1797 3082 1865 qui
3114 1796 3233 1863 pius
3265 1808 3384 1849 esse
3416 1795 3577 1856 volet,

2003 1890 2251 1942 suadeat.

2074 1979 2205 2035 illud
2244 1981 2371 2034 mihi
2418 1983 2468 2033 in
2519 1982 2804 2048 prmsentia
2857 1984 2922 2034 de
2972 1979 3318 2043 Bibliotheca,
3365 1995 3487 2048 quae
3525 1981 3576 2033 in

2002 2072 2253 2127 manibus
2274 2083 2381 2135 est,
2415 2087 2547 2139 pace
2576 2072 2786 2143 piorum
2812 2073 3023 2141 prtefari
3056 2074 3359 2141 testarique
3397 2073 3576 2134 liceat,

2000 2164 2259 2233 scriptam
2310 2179 2341 2219 ο
2383 2163 2578 2219 ΡΙιοιὶο
2606 2165 2797 2231 videri,
2833 2166 2940 2219 imo
2984 2164 3141 2225 cfiici,
3192 2166 3315 2217 dum
3351 2164 3581 2217 Cresaris

2000 2256 2234 2327 legatum
2285 2261 2337 2313 in
2386 2260 2612 2330 Assyria
2655 2273 2821 2327 agens
2847 2297 2862 2321 ,
2900 2259 3139 2311 nondum
3179 2257 3580 2325 patriarchatns

2000 2352 2310 2421 dignitatem
2347 2368 2440 2421 per
2468 2350 2618 2405 nefas
2642 2351 2847 2404 ambiit.
2884 2351 3221 2416 Argumenta
3258 2357 3389 2400 sunt
3421 2349 3575 2415 prin-

1998 2444 2142 2508 cipio
2164 2442 2231 2497 de
2258 2458 2535 2496 sacrarum
2572 2442 2863 2510 imaginum
2895 2442 3043 2495 cultu
3078 2440 3279 2508 passim
3307 2440 3457 2492 illum
3481 2455 3575 2491 ca—

2001 2534 2202 2589 tholico
2243 2535 2348 2587 ritu
2382 2546 2435 2588 et
2468 2535 2672 2587 sentire
2711 2542 2767 2587 et
2803 2513 3120 2602 przeulicare.
3166 2540 3223 2584 ut
3251 2533 3308 2584 in
3346 2531 3575 2600 Evagrio

1999 2626 2185 2680 codice
2221 2626 2319 2693 Q9;
2371 2627 2422 2679 in
2461 2628 2667 2697 synodo
2720 2627 3001 2689 Sidetana,
3038 2626 3160 2679 cod.
3213 2626 3324 2691 52;
3376 2627 3428 2678 in
3457 2624 3580 2678 Cle-

2000 2727 2179 2769 mente
2216 2716 2606 2779 Alexandrino,
2655 2716 2778 2770 cod.
2832 2714 2967 2780 HO;
3012 2717 3066 2767 in
3106 2710 3271 2768 Lucio
3315 2713 3575 2775 Charino,

1998 2806 2119 2860 cod.
2154 2806 2293 2871 H4;
2338 2806 2389 2859 in
2430 2806 2623 2871 Pierio,
2655 2806 2777 2860 cod.
2805 2806 2943 2872 “9;
2980 2805 3032 2859 in
3064 2803 3328 2873 Procopio
3356 2802 3574 2869 Gazzeo,

1998 2899 2119 2953 cod.
2171 2898 2315 2953 160.
2364 2898 2590 2964 Deinde,
2640 2899 2781 2966 quod
2830 2912 3074 2953 summos
3112 2896 3268 2950 Rern.
3319 2896 3577 2950 Ecclesiae

1998 2991 2301 3061 pontifices,
2332 3002 2659 3060 sanctosque
2680 2991 2989 3047 Occidentis
3013 2989 3203 3044 Patres
3228 2990 3287 3043 Β.
3317 2989 3573 3049 Leonem,

1996 3081 2278 3149 lrenmum,
2326 3083 2694 3147 Ambrosium,
2746 3083 3134 3151 Augustinum,
3170 3093 3435 3150 caeteros,
3479 3081 3579 3135 hoc

2002 3175 2052 3228 in
2086 3190 2251 3242 opere
2298 3175 2593 3229 honorifice
2634 3190 2851 3243 semper
2900 3174 3154 3244 appellet.
3200 3174 3384 3227 Tertio
3433 3174 3575 3242 quod

1999 3267 2154 3323 initio
2199 3278 2403 3335 septem
2444 3276 2729 3321 enumeret
2768 3266 3005 3336 synodos
3029 3266 3397 3335 singularique
3464 3276 3574 3319 tra-

1996 3368 2167 3421 ctatu,
2213 3369 2340 3412 tom.
2394 3358 2412 3412 1
2444 3358 2827 3423 Conciliorum,
2865 3370 3112 3414 octavam
3153 3368 3334 3412 autem
3370 3372 3572 3419 veram,

1998 3466 2100 3518 qua
2148 3452 2430 3504 restitutus
2461 3452 2512 3503 in
2547 3451 2936 3519 patriarchinm
2965 3450 3200 3519 Ignatius
3225 3492 3239 3515 ,
3278 3449 3498 3503 Adriani
3529 3448 3572 3501 I!

1999 3541 2344 3605 auctoritate,
2379 3554 2440 3592 ac
2479 3554 2545 3592 ne
2576 3539 2801 3593 alteram
2855 3541 3068 3606 quidem
3108 3539 3448 3610 λῃστρικὴν,
3483 3540 3571 3592 cui

1998 3630 2111 3698 ipse
2138 3628 2403 3696 flagitiose
2433 3626 2668 3697 praefuit,
2697 3629 3082 3695 damnataque,
3111 3637 3167 3680 ut
3198 3628 3457 3692 diximus,
3488 3638 3574 3682 est

1999 3730 2053 3774 et
2099 3721 2339 3789 explosa,
2377 3734 2640 3787 nusquam
2690 3720 2775 3773 hic
2806 3720 3045 3772 nominet
3096 3721 3317 3789 (citatur
3366 3728 3575 3781 tamen,

1997 3815 2097 3869 etsi
2165 3822 2493 3883 praepostere
2525 3830 2552 3864 a
2603 3812 2812 3867 Joanne
2857 3812 3089 3878 Zonara,
3134 3811 3421 3865 Theodoro
3455 3810 3574 3861 Bal-

1998 3920 2241 3969 smuone,
2276 3915 2332 3958 ct
2363 3904 2621 3959 Gratiano
2654 3907 2703 3957 in
2759 3904 3010 3965 Decretis,
3053 3919 3101 3957 c.
3129 3903 3183 3968 ‘7,
3222 3921 3276 3970 q.
3313 3918 3351 3966 ι,
3376 3918 3425 3957 c.
3458 3901 3572 3954 Hoc

1996 4013 2325 4067 nequaquam
2346 3996 2460 4065 45);
2477 3996 2708 4062 jactaret
2731 3998 2869 4049 hami
2900 3996 3082 4059 dubie,
3124 3996 3568 4064 praedicaretque,

1998 4102 2052 4143 nt
2080 4106 2177 4143 suo
2210 4090 2525 4159 plerumque
2554 4089 2731 4156 perire
2762 4104 2918 4143 sorex
2949 4088 3146 4142 indicio
3176 4086 3482 4152 consuerit,
3506 4102 3570 4139 ac

1998 4191 2175 4251 tegere
2195 4172 2597 4235 odiiflammam
2624 4180 2933 4249 praecordiis
2968 4182 3259 4233 ha-rentem
3290 4181 3417 4247 quin
3443 4194 3572 4231 evo-

1998 4282 2164 4327 meret
2214 4272 2508 4341 nequisset.
2548 4273 2775 4337 Quidam
2824 4282 3000 4326 tamen
3047 4273 3296 4324 homines
3344 4272 3566 4334 eruditi,

1998 4364 2191 4433 quibus
2220 4373 2278 4415 nt
2309 4364 2612 4417 assentirer
2648 4363 2880 4416 nondum
2931 4364 3058 4416 mihi
3094 4364 3360 4431 imperare
3398 4365 3564 4431 potui,

1995 4468 2245 4509 secessus
2294 4453 2729 4522 opportunitate,
2766 4468 2890 4507 cum
2936 4453 3131 4506 iterum
3174 4452 3427 4505 abdicare
3475 4467 3568 4519 pa-

1996 4546 2293 4599 triarchatu
2325 4555 2549 4600 coactus
2578 4554 2742 4607 esset,
2777 4545 3084 4611 invitatum,
3120 4545 3185 4597 ad
3216 4544 3561 4597 scribendum

1995 4640 2297 4691 accessisse
2340 4636 2701 4700 arbitrantur,
2741 4645 2849 4703 quo
2880 4637 3075 4689 solatio
3106 4636 3408 4689 litterarum
3445 4636 3565 4686 ani-

1994 4744 2139 4783 nmm
2164 4728 2311 4783 curis
2340 4743 2558 4795 gravem
2592 4738 2947 4790 sustentaret,
2975 4727 3358 4794 molestiasque
3375 4741 3566 4782 omnes

1993 4822 2046 4875 in
2078 4820 2336 4874 librorum
2383 4819 2614 4872 lectione
2658 4829 2714 4873 et
2746 4820 3018 4872 suavitate
3073 4820 3391 4887 deponeret.
3435 4818 3562 4872 Mihi

1992 4927 2146 4977 vero,
2181 4910 2327 4964 salva
2377 4910 2641 4972 amicitia,
2681 4910 2860 4963 verior
2896 4910 3163 4963 sententia
3201 4912 3353 4979 prior
3384 4912 3567 4964 videa-

1994 5015 2101 5060 tur.
2143 5002 2374 5058 Tantum
2419 5004 2485 5055 de
2529 5002 2841 5071 scriptionis
2880 5010 3160 5072 tempore,
3229 5002 3356 5055 illud
3404 5002 3565 5055 modo

1993 5100 2050 5150 ὲν
2090 5096 2313 5166 παρόδῳ
2357 5093 2633 5161 adjiciam,
2678 5095 2980 5147 centesimo
3006 5093 3238 5163 amplius
3279 5109 3422 5146 anno
3445 5103 3566 5161 post

1992 5189 2181 5258 lgnatii
2223 5187 2509 5255 Photiiqne
2548 5198 2741 5249 mvum,
2792 5188 2846 5237 in
2881 5184 3066 5237 eadem
3108 5182 3401 5252 Byzantina
3436 5184 3562 5236 sede

1992 5282 2257 5335 resedisse
2279 5276 2542 5332 Joannem
2580 5276 3376 5346 XiphilinumTrapezuntium,
3409 5291 3562 5328 mon-

1994 5375 2060 5429 tis
2094 5373 2305 5444 Olympi
2358 5373 2703 5433 monachum,
2753 5370 2909 5422 annis
2949 5384 3023 5431 ιιι,
3062 5384 3230 5421 mens.
3276 5383 3373 5444 vlt,
3409 5369 3562 5434 cuius

1991 5476 2203 5519 exstent
2230 5466 2594 5533 Augustorum
2623 5462 2758 5515 Viue
2791 5476 2821 5514 e
2850 5463 3016 5514 Dione
3044 5460 3267 5527 Cassio;
3303 5464 3390 5529 qui
3420 5462 3556 5515 Dion

1989 5559 2129 5613 eain
2181 5566 2335 5626 parte
2389 5557 2652 5623 epitomes
2712 5569 2872 5622 opera
2931 5553 3209 5608 mutilatos
3262 5555 3555 5617 intercidit,

1990 5649 2446 5727 quemadmodum
2469 5659 2521 5701 ct
2552 5648 2615 5700 Τ.
2654 5646 2835 5699 Livius
2854 5646 3019 5700 multo
3043 5648 3329 5699 maximam
3348 5658 3553 5713 partem

1994 5741 2384 5799 abbreviatoris
2401 5740 2577 5807 culpa,
2606 5748 2661 5790 ιιι
2682 5736 2875 5791 Justini
2897 5737 3211 5807 compendio
3243 5734 3553 5803 Pompeium
