3980 6234
360 275 433 341 ΥΊ
1464 268 1564 327 AD
1604 266 1866 326 ΡῘΙΟΤΙΙ
1914 265 1966 323 ΒῘ

2073 266 2411 326 .IOTIIECA
2422 267 2471 329 Μ
3368 320 3381 331 .
3569 272 3641 335 28

366 388 606 458 Trogum
637 401 667 440 a
697 387 869 457 stirpe
911 382 1219 440 amisimus.
1249 382 1381 437 Post
1409 383 1576 439 etiam
1620 380 1950 446 Theodosio,

366 481 452 535 cui
483 479 698 534 Maximi
734 487 1152 547 cognomentum
1200 476 1417 531 Nicetes
1460 475 1672 537 tribuit,
1714 473 1950 541 patriar-

356 572 584 639 ‘cheittm
628 579 869 634 tenente,
936 569 1251 624 Eustathius
1287 566 1794 623 Thessalonicensis
1840 564 1955 634 epi-

368 678 611 734 Scopus,
660 677 780 717 cum
846 660 1093 715 Manuale
1147 659 1570 727 ConstantinOp.
1618 658 1955 728 imperatore

369 754 774 811 contentionem
808 768 971 822 super
1005 754 1112 807 Deo
1137 750 1428 806 Mabometi
1458 752 1685 818 habuit;
1715 749 1872 819 cujus
1901 758 1957 803 et

370 849 425 903 iu
481 848 769 902 Homerum
807 856 1086 916 poetarum
1132 860 1301 915 prope
1343 844 1533 910 Deum,
1606 856 1661 898 et
1715 843 1951 913 Dionysii

369 943 485 997 Afri
518 941 849 1012 περιήγησιν
883 938 1280 1006 explicationes
1321 940 1539 1002 uberes,
1582 947 1637 992 et
1666 936 1954 1005 multiplici

370 1039 617 1094 doctrina
648 1035 878 1091 refertas
905 1035 1173 1105 hodieque
1204 1034 1454 1104 legimus,
1477 1050 1583 1088 non
1601 1043 1781 1086 autem
1813 1031 1956 1087 Pho-

375 1130 501 1190 tius,
542 1137 775 1182 utaetate
805 1126 974 1197 prior.
1006 1124 1203 1181 Poetas
1234 1127 1588 1195 czeteroquin,
1636 1140 1774 1195 quos
1854 1127 1956 1178 hoc

374 1224 427 1274 in
462 1233 626 1288 apere
665 1233 773 1274 non
828 1219 1010 1289 attigit
1055 1218 1199 1273 haud
1246 1218 1621 1289 praeteriisset,
1654 1218 1765 1274 nisi
1812 1218 1956 1288 quod

373 1312 645 1368 labulosas
683 1312 1058 1378 narrationes,
1090 1327 1211 1381 qua:
1238 1313 1304 1366 ad
1347 1312 1630 1366 historiam
1681 1312 1958 1382 pertinere

373 1402 683 1468 videantur,
729 1400 1009 1456 delibavit.
1047 1399 1232 1455 Redeo
1267 1416 1298 1454 a
1350 1399 1671 1456 diverticulo
1710 1402 1953 1456 domum.

374 1497 573 1552 Demus
592 1496 1036 1551 scelestissimum
1052 1494 1363 1549 mortaliqu
1383 1495 1634 1551 Photium
1652 1496 1953 1559 exstitisse,

376 1588 627 1641 turbasse
656 1585 893 1641 Orientis
929 1584 1252 1652 Ecclesiam,
1284 1588 1359 1651 ,ad
1395 1586 1868 1656 defectionemque
1902 1588 1955 1642 in

375 1678 665 1753 προεδρίας
721 1678 1123 1733 contentionem
1177 1676 1397 1732 Graecos
1454 1672 1688 1748 primum
1755 1677 1959 1733 sollici-

379 1783 558 1835 tasse,
600 1768 1037 1841 quandoquidem
1080 1783 1211 1824 vero
1270 1769 1476 1823 nullum
1531 1769 1584 1821 in
1632 1768 1735 1824 hoc
1791 1782 1958 1838 opere

376 1864 494 1933 ejus
528 1862 775 1918 criminis
819 1863 1108 1935 vestigium
1158 1870 1438 1931 appareat,
1485 1870 1673 1915 contra
1724 1859 1955 1930 plurima

378 1962 692 2018 occurrant,
725 1969 844 2023 qua:
874 1954 1204 2024 scriptorum
1224 1966 1383 2006 nemo
1416 1967 1483 2006 ne
1512 1952 1692 2020 attigit
1712 1952 1955 2021 quidem,

382 2046 576 2098 nedum
626 2046 1006 2114 pertractavit,
1051 2059 1192 2114 quae,
1241 2044 1490 2108 obsecro,
1536 2042 1737 2096 invidia
1763 2043 1836 2097 sit
1868 2058 1959 2096 re-

382 2136 605 2204 pudiare
646 2136 891 2204 omnino,
940 2151 1004 2191 ac
1043 2135 1290 2203 rejieere,
1332 2143 1385 2188 et
1428 2147 1497 2188 ne
1534 2133 1703 2203 digito
1740 2132 1959 2202 quidem

380 2239 601 2299 turgere
632 2228 793 2293 velle,
835 2228 955 2284 cum
981 2229 1281 2305 acerrimos
1318 2227 1442 2282 ﬁdei
1468 2227 1800 2282 ChriStianae
1834 2242 1957 2296 per-

381 2322 591 2377 duelles
635 2322 1020 2394 Porphyrium,
1064 2322 1387 2385 Lucianum,
1418 2321 1745 2391 Eunapium,
1771 2332 1826 2376 et
1855 2320 1961 2375 Zo-

380 2412 576 2468 simum
605 2412 866 2482 legamus.
903 2412 1000 2467 Hic
1027 2427 1158 2466 vero
1181 2411 1439 2467 Ecclesiae
1464 2413 1781 2467 orthodoxa).
1808 2407 1963 2481 capi-

381 2512 492 2557 tum
524 2501 682 2558 Rom.
717 2505 1030 2573 pontilicum
1075 2505 1320 2558 encomia
1361 2504 1601 2573 reperies
1627 2544 1641 2567 ,
1683 2506 1961 2558 beatorum

378 2595 688 2660 Coalestini,
738 2596 957 2664 Leonis,
997 2612 1062 2652 ac
1112 2596 1358 2667 Gregorii
1393 2614 1409 2651 :
1441 2605 1499 2651 ut
1539 2609 1595 2653 et
1642 2595 1962 2651 Latinorum

380 2685 570 2741 Patres
598 2687 937 2755 Ambrosios,
981 2689 1340 2757 Augustines,
1376 2688 1535 2753 alios,
1572 2686 1779 2741 laudari
1824 2687 1966 2741 dixi-

382 2793 523 2832 mus.
552 2776 820 2845 Hzereses,
839 2780 1212 2848 sectariosque
1243 2780 1467 2847 passim,
1496 2788 1556 2832 ut
1584 2778 1719 2834 diris
1742 2778 1965 2832 devotos

381 2871 875 2940 exsecrandosque,
913 2869 1202 2941 fugiendos
1234 2870 1467 2927 Photius
1517 2881 1702 2926 monet
1738 2871 1966 2928 :Euno-

380 2960 803 3032 mios,inquam,
836 2961 1192 3027 Novatianos,
1223 2963 1482 3018 Basilinm
1515 2963 1763 3028 Cilicem,
1784 2962 1971 3019 Philo-

382 3054 642 3125 elorgium
661 3055 942 3123 Arianum,
968 3058 1250 3126 ipsumque
1263 3058 1397 3112 adeo
1417 3056 1627 3111 scelesti
1661 3056 1769 3110 Arii
1783 3069 1967 3126 caput.

454 3144 760 3201 Oﬂcuditur
801 3161 1015 3217 quoque
1049 3163 1154 3202 non
1193 3162 1351 3202 nemo
1394 3148 1549 3202 titqu
1607 3148 1965 3216 Bibliotheca,

385 3240 439 3293 in
504 3239 1199 3310 speciemsarrogantiore.
1272 3238 1458 3311 Neque
1514 3244 1659 3296 enim
1718 3243 1968 3297 volumen

386 3349 551 3387 nnttm
610 3332 1030 3398 bibliothecam,
1089 3343 1149 3387 ut
1212 3348 1311 3389 nec
1378 3335 1687 3389 mortalium
1756 3353 1968 3404 unum,

385 3425 670 3495 collegium
701 3425 914 3480 eilicere
942 3426 1010 3481 de
1027 3425 1189 3497 plano
1226 3428 1561 3495 prouttntiat.
1583 3426 1971 3499 Reprehendat

385 3517 529 3572 alius
575 3516 972 3589 Μυριόὸιϐλον,
1022 3517 1294 3584 inscribi,
1357 3533 1423 3573 ac
1470 3518 1634 3573 veluti
1682 3520 1732 3573 in
1785 3519 1972 3574 limine

386 3608 530 3674 quod
572 3608 723 3661 aiunt
762 3609 1045 3679 impingat.
1084 3607 1155 3663 At
1223 3610 1557 3672 meminerit,
1619 3600 1972 3665 utosexcentos

389 3695 655 3761 Romane,
685 3697 765 3751 sic
790 3709 842 3750 et
867 3696 1051 3751 Graece
1075 3696 1227 3752 mille
1256 3700 1603 3768 proinlinitis
1633 3701 1772 3754 dicis
1798 3701 1971 3769 gratia

389 3788 662 3845 adhiberi.
694 3787 870 3843 Priori
912 3803 1041 3842 vero
1083 3790 1403 3857 respondeo,
1432 3790 1474 3844 si
1513 3801 1759 3846 veterum
1790 3809 1970 3847 exem-

390 3879 475 3948 pla
515 3880 761 3949 requirat
788 3878 1117 3951 (recentium
1149 3881 1293 3938 enim
1337 3882 1792 3937 bibliothecarum
1830 3884 1972 3953 pleni

390 3980 519 4025 sunt
558 3986 746 4027 omnes
774 3972 1014 4027 omnium
1052 3972 1237 4042 plutei,
1266 3974 1417 4043 plena
1456 3974 1708 4044 pulpita),
1747 3974 1963 4042 Apollo-

392 4064 506 4116 dori
539 4065 888 4120 Atheniensis
930 4080 989 4120 se
1018 4064 1245 4119 Photius
1285 4082 1349 4120 ac
1379 4066 1594 4120 Diodori
1645 4067 1813 4120 Siculi
1875 4084 1976 4123 au-

391 4156 673 4220 ctoritate,
715 4158 807 4226 qui
856 4166 912 4212 et
952 4158 1032 4212 sic
1079 4156 1410 4224 inscribunt,
1441 4167 1675 4213 tueatur.
1705 4159 1972 4214 Caeterum

387 4248 588 4315 justius
620 4249 829 4303 titulum
869 4250 1011 4304 hunc
1051 4248 1262 4303 foribus
1306 4251 1564 4320 appendit
1598 4268 1611 4305 :
1659 4252 1822 4318 quod,
1852 4267 1973 4306 cum

395 4341 668 4398 l'abulosas
708 4344 934 4398 deorum
972 4343 1363 4412 hominumque
1399 4344 1744 4399 narrationes
1778 4346 1975 4398 vendi-

397 4442 529 4500 teut,
563 4434 649 4489 hic
676 4450 862 4489 sacros
891 4434 1045 4502 juxta
1093 4450 1159 4490 ac
1186 4433 1443 4504 profanos
1479 4436 1776 4504 scriptores
1810 4436 1974 4491 homo

394 4529 753 4594 Christianus;
784 4530 1023 4597 jucunda
1071 4531 1304 4598 quadam
1349 4527 1729 4584 vicissitudine
1758 4529 1975 4583 [mdium

394 4637 555 4675 tmtne
573 4622 808 4687 levante,
839 4622 1038 4691 partim
1061 4629 1344 4675 recenseat
1369 4619 1978 4689 sigillatim,judicium-

394 4728 501 4779 que
532 4712 690 4778 ierat,
734 4715 929 4783 partim
954 4714 1219 4778 Excerpta
1250 4723 1505 4768 accurate
1529 4713 1785 4768 exhibeat
1810 4713 1979 4767 libro-

401 4818 544 4869 rum,
605 4807 694 4872 qui
744 4807 1078 4875 temporibus
1121 4806 1561 4861 interciderunt:
1612 4805 1977 4875 Βιϐλιοθήκην

391 4894 513 4963 jure
542 4895 889 4963 indigitandu,
907 4896 1048 4962 quod
1068 4895 1281 4967 Aigypti
1308 4899 1728 4967 regeslihrornm
1751 4899 1980 4966 optimo-

399 5000 517 5038 rum
561 4986 833 5040 cumulum
883 4985 1094 5055 Ψυχῆς
1133 4985 1409 5053 ἰατρεῖον,
1445 4988 1619 5040 Animi
1665 4986 1976 5053 medicinas,

402 5092 539 5135 teste
570 5079 825 5143 Diodoro,
860 5079 1226 5144 'nominarinl,
1264 5088 1319 5133 et
1366 5080 1587 5137 Asinius
1632 5078 1805 5133 Pollio
1835 5080 1976 5147 apud

401 5171 632 5225 Plinium
686 5169 872 5225 Romae
924 5169 1312 5225 bibliothecam
1372 5170 1708 5237 dedicando,
1766 5170 1977 5239 iugentia

399 5265 673 5318 hominum
696 5279 806 5318 rem
827 5263 1094 5334 publicam
1129 5263 1341 5319 fecerit.
1367 5263 1481 5318 Hoc
1497 5274 1679 5318 autem
1705 5263 1760 5316 in
1780 5278 1980 5329 genere

399 5354 681 5425 titulorum
730 5357 981 5410 sudatum
1010 5354 1336 5425 antiquitus,
1372 5363 1453 5421 ut,
1502 5353 1645 5422 quod
1686 5354 1738 5406 in
1784 5353 1981 5406 merci-

400 5448 500 5501 bus
522 5448 754 5516 vinoque
782 5448 940 5513 solet,
974 5449 1135 5502 edera
1173 5461 1410 5518 appensa
1450 5446 1603 5502 labor
1631 5446 1980 5501 commenda-

400 5551 572 5594 retur.
617 5538 833 5595 Tironis
869 5540 1032 5595 Tullii
1073 5541 1284 5610 vigiliae,
1321 5553 1549 5609 quaeque
1592 5547 1812 5593 exstant
1854 5552 1983 5606 pru-

402 5637 621 5687 dentum
647 5633 698 5688 in
732 5632 854 5701 jure
883 5651 1165 5704 responsa,
1199 5635 1499 5703 pandeCIae,
1540 5631 1807 5702 inscripti.
1836 5627 1970 5692 Om—

403 5729 651 5796 nigcnam
710 5731 1007 5793 htstoriam,
1087 5728 1364 5796 copiaeque
1409 5740 1577 5781 cornu
1620 5723 1977 5791 Phavorinus,

2061 382 2364 453 Hesychius
2400 382 2629 438 illustris
2666 392 2828 452 atque
2866 384 3118 440 .lElianus
3162 402 3258 440 sua
3297 399 3636 458 nuncupant.

2058 472 2279 528 Ccstum
2316 490 2411 527 seu
2460 490 2488 527 a
2537 476 2653 528 dea:
2691 475 2893 540 balteo,
2931 480 3047 532 sive
3079 496 3107 532 a
3152 480 3393 549 pugilum
3443 484 3635 548 annis,

2060 564 2235 621 Julius
2269 566 2554 620 Africanus
2598 578 2653 622 et
2705 567 2917 635 Celsus,
2958 570 3009 623 iu
3046 586 3206 639 quem
3250 573 3371 642 styli
3407 588 3638 629 acumen

2060 657 2323 724 Origenes
2362 659 2602 723 strinxit,
2648 660 2850 729 scripta
2883 662 3258 727 nominarunt,
3290 664 3380 732 qui
3430 676 3483 718 et
3515 665 3640 720 Ori-

2061 765 2227 821 genes
2267 749 2535 805 Stromata
2572 754 2894 822 scripserat,
2931 764 2991 808 ut
3043 756 3348 810 Stromatea
3382 756 3638 813 Clemens

2062 843 2466 900 Alexandrinus
2520 847 2588 900 ab
2627 858 2949 914 argumento
3006 849 3156 903 varie
3211 850 3381 919 picto,
3424 862 3640 919 Stragu-

2062 935 2237 998 lisque
2286 936 2507 991 belluati
2554 939 2757 1006 operis,
2793 941 2993 1010 quibus
3032 940 3429 998 Themistocles
3458 943 3637 998 homi-

2062 1029 2147 1083 nis
2172 1044 2480 1084 sermonem
2500 1045 2819 1099 comparare
2837 1032 3053 1087 solitus.
3075 1032 3138 1085 Β.
3154 1032 3391 1105 Cyrillus
3405 1036 3639 1090 Alexan-

2059 1120 2274 1186 drinns,
2299 1132 2355 1178 et
2376 1123 2489 1192 ipse
2528 1122 2805 1195 Glaphyra
2835 1140 2992 1181 suum
3027 1126 3079 1181 in
3105 1125 3558 1193 Pentateuchum,
3585 1140 3642 1184 et

2062 1212 2291 1269 alterum
2354 1218 2486 1287 περὶ
2525 1217 2814 1286 ὁμοουσίου
2864 1217 3327 1274 Commentarium
3376 1220 3638 1275 librorum

2043 1308 2472 1379 .quatuordecim
2503 1309 2827 1364 Tltesaurum
2853 1311 3154 1366 nominavit
3187 1311 3403 1383 (quales
3421 1329 3545 1369 esse
3573 1308 3642 1366 li-

2058 1396 2187 1454 bros
2233 1412 2426 1454 omnes
2471 1398 2739 1455 Domitius
2770 1398 2897 1456 Piso
2934 1411 3063 1457 ante
3091 1406 3419 1473 emptarat).
3446 1402 3519 1459 Ut
3583 1415 3643 1459 et

2061 1504 2252 1545 novem
2271 1491 2551 1546 Musarum
2582 1492 2892 1547 nominibus
2918 1493 3222 1551 Herodotus
3257 1505 3314 1551 et
3338 1495 3638 1566 Cephaliou

2061 1582 2206 1650 apud
2251 1584 2396 1639 hunc
2439 1584 2617 1653 ipsum
2675 1585 2927 1640 Photium
2973 1588 3181 1657 scripta
3247 1589 3638 1644 distinxerunt.

2060 1674 2260 1739 Taceo,
2300 1675 2566 1745 prudens;
2610 1686 2739 1733 sunt
2785 1679 2931 1731 enim
2974 1693 3144 1747 prope
3210 1680 3641 1735 innumerabiles

2063 1766 2319 1835 reliquos,
2344 1767 2434 1836 qui
2457 1766 2630 1824 titulis
2669 1769 2825 1837 operi
2853 1770 3052 1826 additis
3081 1771 3214 1825 mira
3251 1772 3515 1827 varietate
3553 1772 3640 1827 lu-

2061 1867 2271 1921 serunt,
2308 1866 2627 1928 tantumque
2649 1859 2759 1916 sibi
2789 1859 3175 1931 indulgendum
3213 1864 3340 1925 rati,
3371 1874 3637 1934 quantum

2064 1966 2160 2005 sua
2190 1952 2424 2021 quisque
2464 1954 2758 2008 miraretur
2791 1971 2856 2010 ac
2885 1956 3230 2023 praedicat-et.
3264 1956 3451 2026 Neque
3486 1958 3643 2015 libris

2064 2045 2228 2099 modo
2267 2043 2613 2100 Bibliotheca
2648 2046 2838 2101 titulus
2870 2049 3053 2111 datus,
3093 2049 3186 2102 sed
3237 2050 3340 2103 hoc
3383 2050 3638 2118 amplius,

2063 2146 2119 2190 et
2165 2138 2495 2205 hominibus,
2547 2148 2604 2193 ut
2659 2138 2974 2211 Dionysium
3022 2140 3321 2209 Longinum
3364 2144 3641 2197 rhetorem

2067 2227 2343 2299 Eunapius
2375 2230 2674 2287 Sardianus
2702 2231 2945 2302 ἔμψυχον
2963 2231 3336 2305 βιϐλιοθήκην,
3357 2235 3644 2302 spirantem

2064 2319 2440 2378 Bibliotheca":
2478 2326 2751 2393 vivumque
2781 2326 2913 2380 adeo
2949 2325 3210 2382 Mutantur
3245 2328 3518 2400 appellare
3535 2343 3643 2384 non

2065 2413 2300 2469 dubHaL

2144 2501 2337 2554 Verum
2382 2500 2448 2555 de
2506 2512 2746 2555 veterum
2802 2500 3115 2556 Graecorum
3173 2502 3647 2573 Romanorumque

2066 2591 2411 2647 bibliothecis
2443 2607 2547 2647 non
2584 2592 2861 2655 describo,
2890 2594 3088 2648 scrinia
3118 2595 3441 2663 compilaus,
3502 2596 3645 2651 otio-

2066 2698 2175 2754 que
2201 2683 2451 2749 abutens,
2486 2700 2608 2752 quae
2639 2701 2813 2754 nuper
2851 2684 3018 2756 Belgii
3053 2688 3257 2742 ocellus
3282 2686 3495 2756 Lipsius
3547 2706 3647 2743 no-

2068 2785 2186 2830 ster
2218 2776 2422 2830 diserte
2450 2777 2515 2829 ad
2552 2777 2800 2833 nobiliss.
2853 2779 3030 2833 virum
3096 2779 3353 2835 Carolutn
3419 2781 3645 2836 Croiutn

2069 2873 2368 2938 disseruit;
2409 2872 2672 2928 Analecta
2722 2874 2993 2929 duntaxat
3052 2874 3327 2930 corollarii
3379 2876 3497 2931 vice
3550 2877 3651 2931 da-

2070 2984 2210 3024 mus.

2133 3061 2313 3117 Missis
2349 3063 2529 3130 itaque
2553 3059 2717 3115 Paulo
2746 3058 2991 3123 IEmilio,
3024 3062 3083 3114 L.
3130 3059 3296 3116 Corn.
3333 3059 3477 3115 Sulla
3499 3069 3554 3114 et
3583 3057 3649 3117 L.

2072 3149 2297 3205 Lucullo
2331 3150 2595 3205 librorum
2634 3151 3026 3204 servandorum
3062 3152 3157 3222 (ut
3215 3166 3511 3222 generosos
3536 3164 3653 3203 ma—

2074 3245 2218 3297 xime
2268 3243 2516 3297 homines
2562 3243 2765 3306 decuit,
2798 3257 3122 3312 semperque
3148 3242 3394 3312 ,derebit)
3445 3241 3654 3298 studio-

2075 3333 2174 3395 sis,
2204 3334 2267 3386 'l‘.
2309 3332 2640 3403 Pomponius
2668 3333 2880 3388 Attii-us
2910 3333 3129 3401 elegans
3154 3345 3207 3388 et
3238 3333 3353 3400 ipse
3379 3332 3653 3387 Romanos

2077 3427 2222 3479 inter
2251 3432 2306 3478 et
2339 3424 2660 3493 splendidus
2693 3423 3076 3478 bibliothecam
3109 3423 3385 3477 instruens
3415 3422 3645 3478 Herma-

2078 3517 2277 3581 thenis,
2312 3516 2548 3586 aliisque
2574 3516 2777 3571 statuis
2829 3526 2991 3585 atque
3027 3516 3356 3586 imaginibus
3411 3516 3651 3570 ornavit.

2076 3608 2216 3675 Quin
2265 3620 2323 3664 et
2369 3609 2822 3677 de-imaginihus
2874 3608 2927 3662 in
2994 3607 3338 3663 bibliothecis
3400 3607 3655 3663 collocari

2076 3698 2274 3761 solitis,
2307 3698 2493 3765 paucis
2518 3708 2601 3751 est
2637 3696 2880 3752 versibus
2917 3706 3338 3752 commentatus.
3375 3696 3456 3751 Ad
3485 3713 3647 3767 quem

2076 3801 2133 3847 et
2170 3794 2354 3846 animo
2388 3792 2580 3847 fratris
2611 3791 2733 3846 loco
2763 3791 3247 3859 coniunctissimus
3283 3791 3354 3847 Μ.
3389 3792 3596 3847 Tullius
3626 3809 3644 3848 :

2082 3903 2101 3934 ι
2146 3883 2364 3949 Libros,
2421 3885 2623 3953 inquit,
2659 3894 2779 3939 tuos
2809 3899 3094 3950 conserva,
3131 3893 3185 3939 et
3219 3885 3329 3938 noli
3368 3887 3657 3953 desperare

2077 3991 2171 4031 eos
2204 3990 2356 4031 meos
2407 3975 2593 4031 facere
2630 3991 2791 4044 posse
2826 3994 2840 4029 :
2873 3976 3016 4044 quod
3042 3976 3087 4030 si
3133 3992 3417 4044 assequar,
3457 3991 3658 4045 supero

2075 4068 2332 4125 Crassum
2367 4069 2589 4133 divitiis,
2617 4079 2780 4137 atque
2812 4069 3056 4122 omnium
3091 4070 3240 4123 vicos
3268 4077 3322 4124 et
3346 4079 3496 4136 prata
3518 4084 3654 4124 cou-

2078 4171 2280 4215 tctnno.
2326 4182 2344 4213 ι
2380 4161 2556 4228 Quid?
2587 4172 2851 4228 praetereo
2898 4159 3071 4215 Asinii
3117 4160 3379 4216 Pollionis
3436 4160 3584 4215 illam
3625 4176 3659 4216 e

2079 4253 2446 4307 Dalmatarum
2496 4252 2770 4307 manubiis
2799 4251 3128 4322 publicatam
3157 4252 3343 4309 Romae
3371 4252 3659 4308 bibliothe-

2080 4361 2220 4409 cam,
2253 4343 2529 4398 Ctesarum
2560 4357 2777 4412 quoque
2815 4358 2845 4396 a
2869 4342 2932 4398 C.
2965 4341 3110 4398 Julio
3143 4344 3479 4410 inchoatam,
3537 4360 3660 4413 per-

2079 4434 2383 4505 fectamque
2407 4436 2473 4489 ab
2494 4435 2755 4504 Angusto,
2780 4433 3063 4490 Octaviam
3087 4450 3149 4489 ac
3179 4433 3475 4488 Palatinam
3502 4434 3657 4499 sileo,

2081 4527 2306 4594 Trajani
2373 4536 2645 4597 praeterea
2710 4525 2951 4595 Ulpiam.
3003 4526 3278 4581 Adrianus
3319 4527 3466 4580 enim
3524 4526 3658 4596 imp.

2080 4617 2411 4686 Pompeiano
2438 4628 2493 4671 et
2516 4614 2812 4670 Commodo
2842 4626 2987 4671 cess.
3023 4632 3145 4671 cum
3203 4617 3444 4686 insignes
3464 4624 3520 4672 et
3547 4616 3664 4687 plu-

2083 4711 2249 4765 rimas
2290 4710 2436 4765 a-des
2490 4709 2719 4765 Athenis
2776 4710 2975 4786 Atticis
3028 4708 3266 4776 fecisset,
3320 4719 3377 4764 et
3431 4723 3661 4779 agonem

2083 4802 2424 4867 instituisset,
2462 4803 2506 4856 si
2544 4801 2699 4857 fastis
2727 4801 3038 4857 Cassiodori
3092 4800 3245 4868 fides,
3275 4801 3661 4857 bibliothecam

2082 4895 2208 4950 miri
2241 4896 2423 4963 operis
2466 4896 2756 4951 exstruxit.
2810 4893 3006 4949 Juliani
3031 4894 3236 4960 adhaac,
3268 4893 3364 4948 τοῦ
3407 4890 3664 4964 παραϐά-

2080 5005 2199 5053 του,
2231 4997 2426 5043 caetera
2453 4989 2676 5052 eruditi,
2711 4990 2764 5041 in
2828 4986 2982 5042 libris
3038 4986 3359 5055 colligendis
3422 4984 3664 5039 studium

2080 5081 2308 5136 exstitit.
2343 5079 2521 5135 Testis
2584 5080 2700 5149 ipse
2754 5079 2994 5148 locuples
3040 5076 3215 5148 Epist.
3261 5081 3328 5132 ad
3385 5076 3664 5131 Ecdicium

2080 5171 2300 5244 A'Igypti
2347 5172 2657 5241 praefectum
2694 5189 2707 5226 :
2748 5170 2934 5224 Ἀλλοι
2977 5168 3077 5240 μὲν
3136 5169 3340 5234 ἵππων,
3377 5167 3530 5222 ἄλλοι
3582 5166 3643 5221 δὲ

2080 5264 2303 5335 ὀρνέων,
2347 5264 2497 5319 ἄλλοι
2557 5264 2761 5335 θηρίων
2832 5262 3036 5334 ὲρῶσιν
3095 5278 3110 5292 ·
3166 5262 3293 5332 ἐμοὶ
3345 5260 3403 5313 δὲ
3434 5259 3661 5331 βιϐλίων

2082 5356 2327 5426 κτήσεως
2357 5357 2422 5409 ὲκ
2441 5356 2726 5426 παιδαρίου
2750 5356 2922 5418 δεινὸς
2944 5354 3204 5422 ἐντέτηκε
3224 5353 3408 5416 πόθος.
3438 5350 3671 5417 Quidam

2078 5449 2245 5518 equis,
2278 5449 2371 5501 alii
2402 5447 2605 5512 avibus,
2627 5446 2867 5501 nonnulli
2899 5446 3025 5515 feris
3058 5446 3376 5514 voluptatem
3409 5445 3663 5509 capiunt;

2080 5557 2169 5612 ego
2184 5544 2294 5611 jam
2315 5542 2438 5594 inde
2466 5558 2497 5592 α
2523 5539 2949 5608 pueralibrorum
2977 5538 3262 5607 cupiditate
3289 5535 3529 5606 ﬂagraoi.
3562 5533 3674 5588 Hu-

2078 5635 2179 5704 jusv
2200 5633 2423 5694 Augusti
2456 5632 2845 5686 Bibliothecam
2869 5627 3392 5693 vicissimJovianus,
3419 5627 3674 5680 hortante

2085 5727 2333 5798 conjuge,
2375 5735 2429 5780 et
2461 5725 2742 5794 adjutaute
2775 5722 3077 5793 Theophila
3104 5720 3381 5785 eunucho,
3408 5717 3673 5788 ringenti-
