3980 6234
347 287 414 353 29
529 279 534 282 ’
1685 303 2279 365 PROLEGOMENA.
3547 309 3619 371 ao

346 408 447 464 bus
499 407 722 463 interim
777 409 1152 479 Antiocltenis,
1197 423 1258 469 ut
1320 425 1512 471 auctor
1567 429 1647 474 est
1710 420 1926 484 Suidas,

347 498 629 554 cremavit.
672 497 917 555 Externa
946 504 1074 571 quid
1110 520 1558 573 commemorem,
1616 509 1924 581 IEgyptios,

348 596 400 642 et
430 587 697 644 Attalicas
723 604 880 661 reges
903 594 1224 662 colligendis
1258 595 1411 652 libris
1436 601 1793 669 magnificus?
1819 620 1919 657 no-

351 688 457 732 tum
538 678 892 737 Ptolemaeum
967 685 1378 758 Philadelphum
1453 693 1921 762 septingentorum

349 768 568 824 millium
603 770 869 828 librorum
924 778 1199 832 cumulum
1234 782 1550 850 contulisse,
1605 785 1695 853 qui
1731 801 1925 840 cumu-

348 862 430 916 lus
456 863 848 933 Alexandrino,
876 871 1010 940 proh
1033 871 1216 928 dolor!
1253 874 1484 929 tumultu
1542 877 1920 949 conﬂagravit.

344 951 543 1022 Ecquis
576 956 714 1010 adeo
743 958 793 1010 in
820 957 1019 1016 litteris
1050 963 1266 1032 hospes,
1297 966 1389 1034 qui
1436 965 1575 1021 LXX
1649 969 1920 1040 interpre-

346 1058 457 1098 ttttn
485 1060 676 1104 sacras
705 1049 944 1107 Litteras
970 1070 1033 1106 ex
1067 1054 1290 1110 Hebraeo
1318 1058 1558 1125 ejusdem
1595 1059 1746 1128 jussu
1802 1079 1924 1118 rer-

346 1139 572 1194 tentium
632 1141 921 1197 historiam
992 1146 1249 1216 ignoret?
1301 1148 1526 1208 Tacitus
1571 1165 1747 1209 tamen
1801 1156 1922 1211 sine

341 1229 543 1299 ﬂagitio
588 1236 872 1301 praeterire
901 1253 1006 1292 non
1046 1254 1290 1309 possunt,
1345 1254 1608 1313 quantum
1656 1248 1820 1301 studii
1867 1249 1918 1302 in

341 1324 723 1390 conquirendis
748 1326 901 1383 libris
923 1332 1070 1399 regio
1098 1341 1260 1402 atque
1292 1334 1512 1389 heroico
1542 1339 1726 1393 animo
1773 1340 1915 1394 idem

341 1409 665 1472 Ptolemaeus
712 1424 971 1489 posuerit,
1025 1435 1083 1478 ιιι
1151 1436 1231 1480 est
1268 1443 1298 1481 a
1336 1429 1543 1484 Galeno
1588 1433 1918 1488 medicorum

341 1507 585 1577 principe
610 1509 705 1565 lib.
736 1527 751 1565 t
787 1511 865 1567 De
914 1524 1106 1570 natura
1135 1518 1383 1582 hominis,
1419 1537 1742 1591 rursumque
1821 1514 1916 1580 lib.

341 1610 401 1648 nt
437 1593 687 1663 Epidem.
724 1600 1072 1674 Hippocratis
1096 1610 1370 1665 memoriae
1421 1613 1720 1682 proditum,
1755 1616 1919 1671 Athe.

340 1683 619 1742 niensihus
679 1691 962 1761 nimirum,
1026 1694 1286 1752 frumenti
1346 1700 1522 1769 inopia
1582 1718 1916 1773 annonaeque

339 1773 604 1833 rharitate
632 1778 1025 1847 laborantibus.
1057 1802 1164 1841 non
1195 1791 1345 1860 prius
1393 1789 1728 1849 frumentum
1781 1810 1913 1850 con-

336 1867 565 1923 cessisse
605 1871 784 1942 (quod
829 1885 977 1931 esset
1004 1875 1274 1949 Egyptus
1330 1878 1580 1950 Graeciae,
1636 1895 1697 1938 ut
1728 1884 1913 1940 Sicilia

333 1957 503 2014 Italiae
551 1963 838 2022 fertilitate
894 1980 994 2022 sua
1044 1969 1332 2042 horreum)
1387 1987 1547 2043 quam
1584 1974 1914 2044 tragicorum

334 2051 641 2121 principum
708 2055 982 2132 Eschyli,
1042 2060 1328 2130 Sophorlis
1424 2075 1587 2135 atque
1639 2068 1917 2140 Euripidis

341 2143 829 2204 describendornm
869 2152 1082 2222 copiam
1109 2151 1394 2213 fecissent.
1450 2155 1506 2211 In
1543 2173 1648 2228 qua
1699 2161 1914 2229 quidem

334 2248 392 2288 re
418 2250 481 2289 ea
515 2237 622 2292 fide
652 2248 946 2305 versatum,
980 2252 1038 2297 ut
1071 2257 1271 2313 praeter
1315 2249 1665 2320 vectigalium
1717 2250 1909 2307 immu-

334 2326 580 2393 nitatem,
614 2343 684 2382 ιν
722 2330 924 2385 talenta
956 2332 1146 2388 iisdem
1192 2337 1402 2407 pignori
1452 2341 1686 2403 dederit,
1749 2357 1913 2411 quam

338 2418 553 2483 uiridem
586 2424 873 2489 pecuniam
914 2438 1037 2495 post
1074 2427 1247 2483 libens
1286 2432 1579 2501 volensque
1608 2432 1755 2488 dono
1812 2436 1914 2489 tui-

333 2511 425 2575 sit,
470 2521 527 2566 et
555 2514 802 2582 exempla
835 2516 1106 2587 descripta
1152 2522 1381 2577 remisit.
1424 2522 1561 2576 Nam
1593 2524 1658 2578 de
1708 2526 1917 2579 Aristo-

335 2596 456 2651 telis
486 2598 860 2682 Peripateticae
882 2606 1085 2660 scholre
1123 2610 1383 2680 principis
1432 2626 1495 2666 ac
1549 2612 1915 2682 Theophrasti

334 2688 662 2747 bibliotheca
694 2709 724 2747 ιι
747 2693 915 2751 Neleo
942 2697 1146 2754 Corisci
1180 2698 1242 2755 F.
1292 2711 1576 2772 coempta,
1607 2714 1660 2758 et
1698 2706 1919 2759 haeredi-

334 2781 454 2849 bus,
478 2797 547 2838 ne
571 2784 643 2839 ab
672 2787 923 2846 Attalicis
960 2792 1178 2861 regibus
1198 2793 1530 2862 auferretur,
1559 2798 1707 2851 humi
1740 2797 1915 2853 defos-

336 2887 416 2937 sa,
447 2875 575 2946 quia
628 2894 803 2949 nuper
834 2881 890 2936 in
925 2881 1211 2941 Parallelis
1258 2887 1641 2958 disseruimus,
1693 2894 1913 2946 verbum

336 2980 442 3020 non
495 2968 717 3025 addam.
779 2970 1027 3029 Clearchi
1086 2990 1304 3047 quoque
1356 2978 1630 3037 Heracleae
1676 2982 1917 3039 Ponticae

334 3058 488 3127 primi
521 3062 759 3130 tyranni,
784 3064 902 3134 ejus
933 3068 1022 3136 qui
1048 3067 1286 3126 Platonis
1314 3082 1370 3128 et
1410 3072 1666 3131 Isocratis
1701 3078 1917 3133 auditor

331 3148 556 3213 exstitit,
594 3152 919 3212 bibliotheca
966 3174 995 3212 a
1044 3159 1332 3219 Memnone
1375 3166 1517 3234 apud
1560 3168 1706 3223 hunc
1738 3172 1912 3237 ipsum

334 3237 583 3296 Photinm
647 3248 784 3301 mire
847 3250 1206 3318 praedicatur,
1266 3258 1421 3323 cujus
1482 3258 1656 3315 laudis
1719 3263 1917 3315 adorea

333 3344 554 3388 caeteros
605 3353 801 3394 oriines
847 3350 1107 3412 tyrannos
1148 3348 1308 3415 longo
1360 3357 1479 3417 post
1529 3364 1588 3407 se
1637 3353 1918 3421 reliquerit

335 3424 640 3481 intervallo.
686 3429 795 3484 Sed
843 3434 982 3487 unde
1027 3435 1255 3505 digressi
1302 3438 1597 3507 paululum,
1629 3457 1693 3496 eo
1727 3446 1918 3499 redea-

339 3533 477 3574 mus.
519 3518 956 3580 Tumultuarium
995 3530 1212 3598 quidem
1245 3546 1403 3599 opus,
1438 3549 1503 3588 ne
1530 3535 1659 3604 quid
1696 3540 1919 3592 tacitur-

336 3612 499 3667 nitate
538 3616 883 3682 praevaricari
921 3620 1128 3687 videar,
1169 3621 1492 3680 Phatiauam
1534 3628 1673 3683 hanc
1708 3629 1917 3684 Biblio-

266 3726 273 3734 -
333 3702 528 3758 thecam
575 3708 858 3765 exstitisse
908 3712 1022 3766 haec
1070 3713 1309 3770 indicant
1355 3735 1369 3784 ;
1415 3720 1602 3771 eadem
1649 3735 1790 3790 sazpe
1836 3737 1921 3777 re-

333 3796 515 3861 petita,
551 3791 732 3854 hiatus
780 3801 1076 3871 interdum,
1118 3818 1283 3877 atque
1334 3808 1515 3865 hiulca
1559 3812 1697 3877 loca,
1733 3814 1918 3883 negle-

334 3897 446 3943 ctus
477 3891 678 3959 stylus,
710 3892 906 3961 rejecta
948 3896 1182 3967 denique
1215 3899 1267 3952 in
1299 3900 1526 3956 alteram
1572 3906 1752 3972 operis
1794 3921 1920 3974 par-

335 3984 436 4034 tem
491 3980 796 4048 librorum,
857 4001 995 4056 quos
1042 3989 1155 4055 jam
1215 4002 1604 4061 recensuerat,
1661 4007 1916 4066 excerpta

332 4071 590 4142 longiora.
630 4076 712 4130 Ad
756 4092 908 4132 oram
936 4096 1168 4150 quoque
1210 4084 1464 4138 nonnulla
1501 4086 1798 4155 collocata;
1835 4098 1914 4154 et,

331 4166 467 4233 quod
520 4168 759 4236 mireris,
815 4172 1033 4255 eosdem
1084 4175 1484 4231 libellos-atati:
1534 4179 1726 4244 πόδας,
1778 4195 1915 4249 pene

332 4258 607 4326 repetitos,
641 4270 700 4314 ut
746 4260 982 4335 Dionysii
1028 4264 1186 4338 ΑΞμί
1232 4268 1512 4338 Dictyaca,
1556 4270 1822 4326 Hieroclis
1854 4280 1908 4326 et

331 4344 549 4407 llimeril
587 4351 933 4423 aliorumque
966 4371 1069 4411 non
1105 4373 1299 4427 pauca,
1334 4374 1557 4428 prorsus
1598 4369 1656 4414 ut
1687 4362 1903 4417 credam

327 4435 576 4499 Photium
630 4447 890 4503 memoria
952 4463 1049 4505 sua
1100 4449 1337 4521 juvanda
1386 4453 1566 4524 potius
1628 4468 1791 4524 quam
1847 4464 1907 4509 ut

2030 426 2247 478 caeteris
2298 424 2603 493 promiscue
2653 424 2956 495 prodesset,
3007 423 3110 478 hoc
3152 437 3289 493 opus
3337 426 3621 480 eunsarci-

2031 532 2210 584 nasse,
2246 528 2338 570 aut
2375 527 2523 572 certe
2566 527 2898 585 postremam
2934 531 3151 570 manum
3182 530 3288 569 non
3327 515 3616 583 adiecisse,

2028 609 2154 661 lima
2214 609 2456 663 nitidiori
2507 626 2671 679 opere
2717 609 2921 664 futuro.
2971 607 3177 663 Aulicis
3223 608 3477 662 nimirum
3525 625 3621 662 ne-

2028 703 2211 772 gotiis,
2249 713 2411 771 atque
2448 702 2744 757 ambitione
2793 701 3146 756 transversim
3193 710 3429 771 raptum,
3466 715 3618 754 men-

2031 801 2134 846 tem
2170 793 2296 856 alio,
2332 792 2439 846 alio
2471 807 2631 846 aures
2664 792 2935 846 divisisse.

2096 882 2370 938 Hactenus
2406 885 2471 937 de
2510 882 2686 937 Photii
2733 886 2863 946 vita,
2897 893 2950 937 et
2990 882 3318 937 Bibliotheca
3346 884 3612 940 lectorum

2024 979 2283 1032 librorum
2321 996 2334 1031 :
2370 986 2539 1031 restat
2598 988 2656 1031 ut
2699 987 2894 1032 caetera
2944 976 3064 1045 ejus
3099 978 3298 1047 scripta
3335 978 3386 1031 in
3422 977 3616 1047 vulgus

2024 1073 2191 1136 edita,
2232 1087 2340 1140 quo
2384 1070 2467 1126 vel
2519 1070 2572 1123 in
2614 1070 2773 1125 hoste
2806 1073 3056 1124 virtutem
3106 1070 3388 1137 miremur,
3421 1086 3612 1124 recen-

2024 1181 2195 1219 seam.
2243 1164 2477 1232 Scripsit
2528 1164 2581 1217 in
2637 1161 2697 1216 Β.
2744 1161 2894 1215 Pauli
2947 1161 3220 1230 Epistolas
3262 1163 3613 1216 Commenta-

2025 1258 2163 1311 rium
2215 1273 2230 1313 :
2281 1257 2425 1310 unde
2475 1253 2737 1325 pleraque
2790 1254 2981 1308 hausta
3035 1257 3086 1309 in
3135 1253 3398 1308 Catenam
3453 1268 3608 1308 suam

2022 1347 2388 1402 (llicumenius
2479 1345 2791 1408 transtulit,
2855 1353 2913 1399 ut
2980 1360 3086 1399 non
3150 1345 3608 1399 contemnendum

2024 1439 2329 1505 theologum
2351 1452 2619 1507 agnoscas
2657 1456 2670 1493 :
2700 1436 2843 1505 quod
2885 1450 2952 1491 eo
2991 1436 3197 1503 gratior
3229 1438 3403 1491 doctis
3436 1436 3613 1490 homi-

2021 1532 2182 1586 nibus
2215 1529 2327 1602 (qui
2374 1545 2440 1585 eo
2480 1544 2539 1584 se
2579 1529 2794 1600 adiutos
2835 1528 2889 1583 in
2930 1526 3104 1582 Paulo
3148 1528 3489 1597 explananda
3530 1526 3615 1581 fa-

2022 1633 2240 1678 teantur
2268 1624 2527 1693 ingenue)
2561 1621 2717 1677 labor
2746 1621 2836 1675 hic
2870 1621 3119 1687 exsistat,
3145 1635 3253 1689 quo
3280 1619 3612 1675 diliiciliores

2020 1717 2072 1771 in
2121 1716 2186 1771 iis
2223 1714 2468 1787 epistolis
2516 1715 2686 1769 nodos
2727 1728 3021 1769 occurrere
3051 1712 3111 1768 Β.
3153 1712 3348 1767 Petrus
3388 1721 3611 1782 aposto-

2020 1810 2163 1864 latus
2200 1808 2407 1881 collega
2458 1808 2854 1878 pronuntiavit.
2882 1807 3109 1861 Exstant
3135 1814 3191 1860 et
3221 1804 3403 1859 Photii
3443 1819 3609 1874 opera

2019 1898 2261 1953 Canones
2301 1897 2678 1969 apostolorum,
2719 1896 3164 1964 consiliorumque
3197 1905 3431 1950 veterum
3472 1896 3613 1964 leges

2019 2001 2376 2046 sacrosanctae
2422 1991 2473 2044 in
2513 1991 2764 2044 volumen
2813 2003 2980 2043 unum
3013 2002 3319 2056 corpusque
3351 1986 3610 2052 collecta,

2021 2070 2392 2152 distinetaqne
2421 2082 2714 2147 capitibus,
2741 2079 2885 2151 quod
2932 2087 2985 2136 et
3019 2078 3404 2133 Nomocanona
3437 2078 3614 2132 nomi-

2019 2177 2190 2239 navit,
2223 2190 2360 2243 Opus
2393 2177 2625 2245 Spissum
2647 2182 2704 2229 et
2739 2172 2974 2239 varium,
3012 2170 3305 2240 multaeque
3337 2168 3610 2235 lectionis,

2018 2266 2321 2335 visiturque
2400 2266 2591 2321 Graece
2657 2265 2711 2319 in
2789 2263 3096 2319 Germaniae
3191 2261 3600 2327 bibliothecis;

2019 2358 2162 2428 quod
2230 2356 2547 2412 Theodorus
2602 2355 2889 2410 Balsamon
2943 2352 3318 2407 illnsmtudum
3374 2350 3608 2415 censuit,

2019 2460 2411 2519 verteruntque
2478 2448 2669 2503 Latine
2734 2446 3036 2501 Gentianus
3109 2445 3397 2506 llervetus,
3446 2443 3613 2496 homo

2020 2541 2229 2603 Gallus,
2262 2541 2501 2609 itemque
2546 2539 2711 2607 Belga
2756 2536 3024 2591 Henricus
3068 2535 3340 2605 Agylaeus.
3377 2532 3607 2598 Qualem

2021 2635 2161 2688 inter
2190 2632 2414 2687 Latinos
2447 2631 2780 2699 diligentiam
2803 2627 3152 2683 Burehardus
3187 2623 3607 2689 Vormatiensis,

2019 2723 2111 2778 lro
2159 2722 2535 2784 Carnotensis,
2588 2736 2651 2776 ac
2702 2720 2999 2775 Gratianus
3056 2716 3354 2770 monachus
3407 2713 3608 2768 imitati

2020 2826 2148 2871 sunt
2190 2818 2350 2883 longo
2403 2814 2712 2878 intervallo,
2746 2813 2887 2867 haud
2937 2810 3151 2865 minore
3190 2821 3370 2875 operae
3409 2806 3606 2875 pretio.

2019 2906 2199 2960 Edidit
2231 2917 2288 2960 et
2312 2914 2519 2979 septem
2564 2902 3031 2960 meumeuicorum
3062 2897 3419 2953 conciliorum
3462 2906 3607 2962 acta,

2019 3001 2379 3066 visunturque
2429 2995 2699 3067 principio
2756 2993 3110 3049 conciliorum
3163 2989 3323 3044 tomis
3372 2989 3608 3060 digesto-

2020 3102 2162 3150 rum,
2207 3102 2328 3155 quae
2376 3085 2565 3141 Graece
2620 3087 2672 3140 in
2728 3083 2954 3155 Belgicis
3005 3070 3352 3137 bibliothecis
3396 3080 3609 3138 calamo

2020 3189 2243 3233 exarata
2293 3189 2664 3232 asservantur.
2714 3176 2968 3245 Epistolas
3025 3179 3140 3244 ejus
3195 3179 3247 3230 in
3291 3174 3606 3243 Augustana

2022 3270 2353 3326 bibliotheca
2387 3270 2678 3324 habentur.
2726 3269 3071 3340 Enryelicam
3113 3271 3178 3324 ad
3215 3268 3607 3339 patriarchales

2020 3362 2259 3418 Orientis
2295 3362 2472 3427 sedes,
2506 3362 2621 3415 sive
2662 3362 2780 3426 ejus
2819 3371 2925 3425 est,
2965 3377 3057 3416 seu
3101 3361 3348 3425 Sisinnii,
3383 3374 3440 3414 ut
3478 3359 3603 3429 qui-

2020 3458 2143 3511 dam
2194 3463 2406 3524 putant,
2453 3456 2749 3525 apostolica
2801 3455 2978 3517 sedes,
3015 3465 3072 3509 ut
3115 3466 3171 3510 et
3220 3455 3602 3524 prmdatoriam

2019 3548 2134 3616 ejus
2162 3549 2452 3617 synodum,
2488 3547 2680 3600 merito
2710 3546 2950 3601 damnat.
2982 3547 3176 3601 Exstat
3218 3548 3346 3601 item
3377 3545 3602 3614 epistola

2020 3642 2087 3694 ad
2140 3639 2458 3695 Michaelcm
2512 3623 2866 3706 Bulgarorum
2926 3640 3268 3709 principem,
3318 3654 3347 3692 a
3401 3637 3600 3692 Franc.

2022 3729 2290 3785 Turriano
2334 3728 2626 3785 Societatis
2672 3739 2871 3784 nostra!
2916 3738 3095 3793 eruta,
3136 3728 3437 3797 Latineque
3481 3728 3604 3782 red-

2020 3822 2152 3887 dita,
2184 3833 2242 3876 ut
2269 3833 2321 3878 et
2349 3839 2440 3876 sea:
2480 3822 2877 3877 dissertationes
2905 3810 3271 3877 de'divinitate
3329 3829 3378 3874 et
3418 3820 3599 3873 incar-

2021 3915 2274 3980 natione,
2342 3915 2701 3984 legunturque
2754 3924 2902 3970 tonio
2952 3912 2996 3967 ν
3043 3911 3346 3966 Lectionum
3416 3911 3599 3981 Antiq.

2021 4002 2237 4057 llenrici
2275 4004 2478 4059 Canisii
2527 4003 2886 4074 jureconsulti
2921 4003 3129 4056 clariss.
3176 4000 3294 4056 Huc
3335 3999 3599 4054 accedunt

2018 4104 2073 4148 et
2127 4092 2370 4167 ejnSdem
2423 4093 2604 4149 Photii
2674 4094 2953 4148 Tractatas
3012 4094 3079 4147 de
3137 4090 3487 4147 voluntatibus
3542 4090 3601 4144 in

2020 4180 2255 4246 Christo,
2297 4199 2416 4252 quae
2468 4184 2722 4237 dicuntur
2771 4184 3026 4253 γνωμικὰ
3075 4181 3362 4254 θελήματα
3405 4180 3597 4234 eodem

2016 4273 2286 4329 Turriano
2316 4275 2635 4342 interprete.
2667 4274 2775 4330 Sed
2800 4276 2914 4343 jam
2946 4275 3062 4329 vela
3097 4273 3504 4336 contrahamus,
3540 4278 3598 4325 et

2018 4365 2269 4421 Photium
2320 4367 2614 4436 scriptores
2665 4368 2812 4423 varie
2863 4377 3234 4422 recensentem
3282 4364 3592 4429 audiamus;

2011 4458 2212 4531 linguis
2241 4459 2547 4529 animisque
2582 4459 2777 4515 favete.

863 4786 1119 4846 Facultas
1156 4790 1216 4846 Β.
1250 4790 1316 4849 P.
1354 4793 1709 4851 Provincialis
1743 4795 2024 4853 Societatis
2056 4795 2204 4861 Jesu,
2232 4809 2326 4863 per
2354 4793 2674 4863 superiorem
2704 4786 3060 4846 Germaniam.

398 4920 550 4979 Hane
605 4922 886 4980 Photianm
937 4924 1289 4985 Bibliotheca:
1332 4946 1398 4987 ex
1448 4931 1640 4989 Graeco
1692 4932 2021 4998 versionem,
2069 4932 2368 5000 interprete
2417 4928 2478 4984 P.
2515 4929 2734 4982 Andrea
2768 4925 3014 4990 Schotto,
3063 4921 3350 4976 Societatis
3388 4927 3591 4973 nostra:

322 5014 625 5079 sacerdote,
656 5013 725 5066 ab
763 5012 972 5083 aliquot
1007 5014 1258 5074 Patribns
1285 5018 1596 5074 Grascarum
1645 5020 1947 5075 litterarum
2002 5016 2193 5089 peritis
2237 5017 2408 5072 visam
2444 5028 2498 5071 et
2533 5015 2833 5085 probatam,
2867 5027 2965 5082 ego
2998 5010 3261 5077 Georgius
3297 5005 3585 5071 Roseliins,

324 5098 602 5155 Societatis
646 5098 777 5155 Jesu
824 5117 924 5172 per
963 5101 1309 5159 Germaniam
1364 5108 1701 5176 superiorem
1746 5106 2113 5176 provincialis,
2156 5112 2418 5172 potestate
2452 5103 2579 5157 mihi
2621 5107 2687 5157 ab
2716 5101 3006 5155 admodum
3050 5098 3114 5153 ιι.
3140 5095 3202 5151 Ρ.
3247 5095 3311 5149 Ν.
3340 5093 3582 5164 generali

322 5183 544 5243 Claudio
566 5187 847 5256 Aqnaviva
875 5203 1154 5255 concessa,
1185 5192 1323 5262 typis
1353 5194 1596 5248 mandari
1626 5194 1882 5264 permitto
1908 5212 1921 5249 :
1948 5192 2035 5249 cui
2065 5193 2141 5248 rei
2172 5193 2275 5247 hoc
2305 5192 2617 5247 testimonio
2646 5205 2807 5245 manu
2840 5202 2958 5242 mea
2981 5184 3379 5253 subscripto,et
3411 5179 3589 5251 sigillo

330 5272 551 5339 munito,
585 5273 749 5331 (idem
781 5273 966 5332 facere
998 5276 1161 5333 volui.
1202 5277 1474 5350 Augusta,
1504 5278 1762 5337 Kalendis
1795 5280 2148 5351 Septembris.
2185 5280 2344 5335 Anno
2372 5277 2580 5335 MDL‘V.

2588 5386 2865 5444 Gaoactus
2905 5382 3225 5438 Βοῖειτιυε.
