3980 6234
351 286 414 349 31
1442 291 1541 350 AD
1579 289 1843 350 PHOTII
1885 287 2449 351 BIBLIOTHECAM
3062 380 3066 384 Δ

3266 450 3583 475 ——-‘

1142 575 1378 635 INDEX
1407 574 1824 635 AUCTORUM
1861 575 2387 636 BlBLlOTHECfE
2423 573 2834 634 PHOTIANIE

1167 737 1516 781 ALl’HABETI
1540 737 1718 781 SERIE
1744 739 1825 782 ET
1853 740 2137 784 CODICUM
2174 740 2438 784 NUMERO
2472 737 2795 783 ASCRIPTO.

1107 883 1153 936 A

421 974 660 1030 Achilles
685 972 898 1030 Tatius.
922 974 999 1029 De
1025 976 1186 1030 rebus
1203 976 1506 1045 Leucippes
1533 983 1590 1029 et
1613 974 1933 1046 Clitophon-

354 1066 427 1122 tis
457 1067 579 1121 libri
615 1083 732 1133 VIII,
766 1069 889 1122 cod.
921 1066 1232 1125 LXXXVII.

425 1158 557 1213 Acta
596 1159 977 1229 disputationis
1022 1160 1439 1227 hmreticornm,
1482 1178 1665 1217 coram
1722 1160 1932 1217 Joanne

354 1247 662 1316 patriarcha
688 1247 1310 1319 ConstantinOpolitano,
1340 1250 1462 1307 cod.
1490 1250 1682 1306 XXIV.

421 1339 648 1393 Adriani
678 1339 903 1412 lsagoge
938 1341 997 1398 S.
1038 1343 1353 1412 Scripturae,
1389 1346 1511 1401 cod.
1540 1343 1603 1403 ll.

421 1430 640 1484 Adriani
671 1431 1114 1501 declamationes,
1138 1435 1257 1493 cod.
1280 1436 1347 1493 C.

418 1519 749 1578 Encsidemi
780 1521 936 1595 Egei
968 1524 1036 1581 de
1065 1526 1383 1598 Pyrrhoniis
1437 1528 1559 1583 libri
1624 1543 1745 1595 vm,
1801 1528 1923 1583 cod.

347 1608 554 1664 CCXII.

418 1696 697 1757 .Eschinis
736 1703 1017 1761 orationes
1049 1720 1110 1760 ιιι
1140 1716 1196 1762 et
1244 1707 1491 1778 epistolae
1525 1725 1602 1775 xi,
1637 1710 1758 1766 cod.
1803 1708 1926 1766 LXI

344 1800 399 1840 et
429 1789 702 1845 CCLXIV.

414 1883 556 1938 Aetii
625 1886 873 1944 Amideni
936 1890 1118 1959 operis
1162 1894 1356 1949 medici
1413 1895 1540 1950 libri
1574 1913 1659 1951 xvi
1690 1936 1706 1962 ,
1768 1898 1869 1952 cod
1904 1935 1922 1952 .

342 1973 574 2030 CCXXI.

411 2067 824 2135 Agatharehidze
852 2071 1077 2139 llistor.,
1098 2078 1220 2132 cod.
1242 2077 1467 2135 CCXIII.
1486 2078 1614 2136 Inde
1641 2093 1918 2152 excerpta,

340 2157 463 2210 cod.
486 2157 639 2215 CCL.

405 2247 1122 2321 AlexaudrigAdmirahilium
1136 2258 1576 2326 collectio,mil.C
1586 2263 1917 2324 LXXXVIII.

405 2339 769 2411 Amyntianns
788 2346 843 2400 in
859 2348 1222 2405 Alexandrum
1244 2347 1312 2406 II.
1331 2367 1379 2407 et
1401 2357 1526 2419 alia,
1547 2358 1666 2413 cod.
1683 2357 1919 2413 CXXXI.

404 2431 697 2487 Andocides
726 2438 1023 2502 orationes,
1051 2442 1171 2495 cod.
1205 2442 1432 2501 CCLXI.

406 2522 837 2583 Andronicianns
851 2539 1041 2585 contra
1073 2530 1467 2600 Eunomianos,
1494 2539 1616 2594 cod.
1651 2540 1810 2598 XLV.

406 2610 724 2684 Anonymus
769 2629 960 2674 contra
992 2618 1211 2679 Iudaeos
1262 2636 1317 2680 et
1370 2628 1917 2698 Quartadecimanos,

335 2701 460 2756 cod.
483 2701 643 2761 CXV.

406 2796 678 2866 Anonymi
730 2800 1169 2860 testimoniorum
1202 2807 1268 2861 de
1319 2807 1536 2864 Christo
1591 2826 1623 2867 e
1674 2814 1916 2881 gentium

334 2888 554 2958 scriptis
598 2888 718 2944 libri
761 2907 849 2961 xv,
896 2895 1018 2951 cod.
1062 2896 1286 2954 CLXX.
1322 2931 1395 2942 --
1432 2900 1752 2974 Pythagora:
1798 2889 1918 2961 Vita

333 2977 455 3032 cod.
500 2979 774 3038 CCXLIX.
800 3013 875 3028 —
901 2986 961 3041 S.
990 2986 1238 3058 Gregorii
1290 2992 1433 3058 Vita,
1465 2980 1593 3049 'cod.
1624 2995 1820 3055 CCLII.
1848 3026 1920 3037 --

334 3069 654 3143 Martyrium
702 3091 775 3131 vn
820 3093 1106 3146 puerorum
1163 3084 1266 3139 sub
1311 3086 1491 3153 Decio,
1518 3089 1641 3147 cod.
1680 3090 1913 3146 CCLlll.

332 3161 720 3235 —Martyrium
770 3166 1041 3225 Timothei
1101 3175 1354 3241 aposmli,
1385 3178 1523 3230 cod.
1574 3176 1803 3235 CCLIV.
1849 3209 1919 3220 ~—

333 3253 652 3325 Mariyrinm
678 3256 735 3313 S.
760 3258 1036 3326 Demetrii,
1059 3265 1176 3318 cod.
1198 3264 1394 3321 CCLV.
1420 3296 1491 3307 —
1508 3270 1639 3323 Acta
1666 3268 1767 3325 SS.
1805 3271 1917 3325 Me-

334 3349 614 3415 trophanis
659 3360 712 3403 et
758 3351 1075 3419 Alexandri,
1120 3357 1243 3411 rod.
1305 3356 1529 3413 CCLVI.
1586 3392 1656 3402 —
1686 3361 1807 3417 Vita
1857 3375 1912 3418 et

335 3439 655 3508 martyrium
682 3440 830 3496 Pauli
858 3444 1024 3513 episc.
1049 3446 1484 3517 Constantinop.,
1521 3453 1643 3506 cod.
1665 3451 1910 3511 CCLVII.

330 3525 526 3581 -\'ita
560 3540 614 3583 et
642 3544 914 3588 certamen
945 3539 1124 3608 magni
1152 3538 1458 3607 Athanasii,
1487 3543 1607 3596 cod.
1645 3544 1912 3601 CCLVIII.

404 3618 749 3688 Antiphontis
786 3626 1139 3684 Atheniensis
1175 3631 1414 3686 rhetoris
1445 3634 1743 3700 orationes,
1782 3639 1905 3692 cod.

333 3706 559 3764 CCLlX.

403 3802 625 3857 Antonii
666 3802 919 3876 Diogenis
947 3806 1347 3866 lncredibilium
1389 3813 1457 3869 de
1486 3813 1661 3868 Thule
1723 3790 1899 3872 insula

333 3890 460 3946 libri
492 3909 643 3960 xxVI,
675 3897 798 3952 cod.
833 3898 1065 3954 CLXVI.

400 3983 696 4054 Aplnhonii
727 3988 994 4058 Sophista:
1007 3992 1456 4062 declamationes,
1480 3997 1604 4053 cod.
1622 3997 1906 4058 CXXXIII.

398 4076 677 4223 ἓωὲἓίῧῖιῗ
712 4082 779 4135 de
816 4083 1045 4154 Origene
1080 4095 1138 4141 et
1174 4087 1294 4157 ejus
1333 4088 1677 4161 dogmatibus
1705 4093 1827 4150 libri
1856 4112 1908 4163 ν,

327 4181 453 4222 (που.
490 4181 696 4225 CXVII.

398 4259 768 4329 Aptillittaritts
816 4263 1147 4338 Hierapolita
1197 4269 1275 4328 De
1331 4272 1533 4343 pietate
1565 4285 1622 4332 et
1679 4279 1908 4337 veritate

327 4351 590 4407 adversus
621 4364 842 4423 gentes,
876 4358 998 4413 cod.
1033 4357 1172 4416 XIV.
1788 4348 1797 4361 ’

378 4445 689 4514 Apollodori
709 4452 1050 4517 grammatici
1065 4451 1412 4519 Bibliotheca,
1432 4457 1551 4513 cod.
1572 4457 1902 4516 CLXXXVI.

396 4536 626 4606 Appiani
652 4539 1001 4595 Alexandrini
1024 4539 1276 4599 Historia
1301 4542 1561 4603 Romanas
1595 4548 1720 4606 libri
1747 4568 1895 4618 xxiv,

326 4628 448 4679 col.
476 4625 645 4683 LVII.

402 4717 654 4774 Aristidis
709 4722 885 4777 oratio
930 4721 1360 4791 Panathenaica,
1409 4726 1532 4783 cod.
1580 4728 1803 4786 CCLVI.
1835 4762 1905 4775 -

327 4807 576 4876 Ejusdem
635 4815 912 4870 orationes
961 4824 1196 4885 quatuor
1248 4832 1347 4886 pro
1412 4819 1707 4888 rhetorica,
1776 4824 1899 4877 cod.

325 4900 616 4956 CCXLV".
646 4932 716 4944 --
735 4903 986 4974 Ejusdem
1015 4907 1194 4963 oratio
1217 4923 1317 4978 pro
1343 4907 1745 4979 Quatuorviris,
1774 4916 1898 4970 cod.

326 4991 649 5047 CCXLVIII.

403 5084 619 5139 Arriani
651 5082 904 5141 Parthica
929 5098 984 5143 et
1021 5089 1073 5143 in
1105 5088 1408 5159 Epictetum
1444 5102 1746 5159 sermones,
1776 5096 1895 5153 cod.

325 5173 504 5229 LVIII.
538 5175 890 5245 —Ejusdem
944 5178 1012 5234 de
1063 5180 1356 5236 Alexandri
1404 5181 1475 5237 Μ.
1529 5184 1690 5239 rebus
1736 5187 1906 5254 gestis

322 5266 445 5319 labri
476 5282 573 5332 vn,
604 5279 657 5322 et
684 5266 890 5334 Indica,
919 5272 1041 5326 cod.
1075 5271 1208 5327 XCI.
1235 5302 1305 5312 —
1340 5273 1411 5328 De
1440 5278 1599 5329 rebus
1631 5285 1751 5342 post
1775 5276 1897 5331 Ale-

321 5358 586 5410 xandrnm
635 5361 801 5427 gestis
858 5360 979 5416 libri
1035 5379 1089 5430 x,
1124 5365 1246 5417 cod.
1310 5362 1473 5420 XCII.
1532 5395 1602 5405 —
1654 5364 1904 5432 Ejusdem

321 5442 629 5516 Bithynice,
686 5450 809 5503 cod.
846 5449 956 5503 Vill
1006 5459 1060 5506 et
1091 5452 1274 5509 XCIII.
1325 5484 1393 5495 —
1436 5453 1686 5521 Ejusdem
1732 5452 1897 5509 Gesta

323 5536 507 5592 Dionis
532 5556 595 5592 ac
622 5538 977 5600 Timoleontis
1017 5546 1072 5600 in
1107 5545 1315 5611 Sicilia,
1339 5547 1464 5600 cod.
1501 5543 1682 5598 XCIII.

395 5628 594 5683 Asterii
621 5632 853 5688 Amasiaa
882 5637 1053 5706 episc.
1101 5637 1336 5691 humilia:
1369 5637 1532 5691 varia:
1560 5653 1574 5691 :
1622 5637 1669 5689 Ι.
1704 5635 1896 5691 Sermo

323 5718 392 5774 de
427 5721 743 5790 pmnitentia
774 5744 787 5787 :
827 5729 880 5782 2.
926 5731 983 5785 In
1039 5729 1371 5799 Stephanum
1404 5735 1889 5797 protomartyrem;

2038 882 2092 938 5.
2128 883 2201 936 De
2254 896 2319 938 eo
2347 881 2437 951 qui
2484 881 2536 934 in
2587 879 2825 935 latrones
2873 878 3064 933 incidit
3096 895 3113 945 ;
3142 876 3197 931 4.
3230 874 3300 931 de
3330 874 3605 930 Pharisaeo

2035 986 2091 1030 et
2121 974 2414 1029 Publicano
2444 988 2462 1040 ;
2487 973 2541 1029 5.
2569 972 2643 1028 De
2680 971 2941 1027 Zacchzeo
2965 987 2981 1034 ;
3007 969 3060 1026 6.
3094 969 3168 1023 De
3203 969 3314 1022 lilio
3337 968 3563 1037 prodigo
3592 984 3609 1028 ;

2036 1066 2089 1122 7.
2122 1069 2196 1121 lle
2234 1066 2571 1122 centurionis
2604 1079 2764 1119 servo
2793 1064 2887 1131 ;8.
2934 1062 3010 1116 De
3036 1062 3281 1131 jejunio;
3317 1061 3390 1115 De
3410 1076 3552 1115 caeco
3580 1078 3608 1111 a

2035 1158 2342 1222 nativitate;
2383 1155 2471 1210 I0.
2511 1155 2584 1209 De
2608 1153 2777 1215 .lairo.
2815 1164 2871 1208 et
2909 1151 3131 1206 muliere
3176 1150 3457 1219 sanguinis
3482 1166 3611 1219 pro-

2033 1250 2198 1305 lluvio
2231 1247 2539 1308 laborante.
2570 1245 2697 1300 cod.
2739 1243 3022 1301 CCLXXI.
3220 1313 3223 1316 ἠ

2105 1338 2394 1396 Athanasii
2435 1335 2544 1406 (S.)
2581 1336 2975 1407 epistolacod.
3010 1333 3222 1390 XXXII.
3260 1364 3333 1377 —-
3359 1334 3608 1401 Ejusdem

2033 1432 2092 1487 in
2122 1431 2510 1491 Ecclrsiasten,
2538 1440 2586 1483 et
2623 1429 2844 1484 Cantica
2899 1427 3234 1483 canticorum
3272 1435 3602 1480 commenta-

2029 1524 2163 1588 rius,
2195 1526 2317 1578 cod.
2351 1521 2636 1578 CXXXIX.
2674 1521 2925 1589 Ejusdem
2956 1530 3144 1575 contra
3185 1520 3372 1573 Arium
3405 1518 3527 1573 libri
3557 1532 3609 1586 ι’,

2027 1620 2150 1673 cod.
2177 1613 2340 1671 CXL.

2097 1707 2345 1761 Auctoris
2370 1705 2563 1761 incerti
2585 1705 2650 1758 de
2671 1719 2827 1760 sacro
2852 1703 3077 1760 Pascha:
3111 1703 3251 1757 Iosto
3284 1702 3487 1757 velum.
3521 1717 3606 1765 ιιι,

2026 1799 2149 1852 Coti.
2178 1795 2366 1853 CXVI.

2784 1886 2824 1940 Β

2095 1979 2281 2036 Basilii
2307 1980 2491 2036 Cilicis
2514 1979 2993 2037 EcclesJIistoria:
3022 1980 3145 2035 libri
3175 1995 3258 2047 ιιι,
3289 1980 3411 2036 cod.
3446 1979 3604 2034 XLII.

2024 2072 2345 2143 —Ejusdem
2374 2082 2564 2128 contra
2585 2071 2847 2127 Joannem
2875 2072 3300 2144 Seythopolitam
3337 2072 3460 2127 l'bri
3488 2088 3604 2138 ιιι,

2026 2166 2149 2219 cod.
2185 2162 2344 2218 CVII.

2096 2255 2278 2311 Basilii
2306 2256 2479 2325 Magni
2513 2257 2900 2316 confutationis
2927 2259 3173 2313 Eunomii
3202 2258 3439 2313 hmretici
3475 2258 3598 2311 libri

2024 2361 2106 2407 ιιι,
2134 2345 2254 2400 cod.
2294 2344 2529 2404 CXXIX.
2554 2374 2622 2389 -ν
2646 2348 2897 2413 Ejusdem
2937 2348 3210 2409 Ast-cuca,
3244 2350 3364 2402 cod.
3395 2347 3605 2403 CXLIV

2024 2446 2078 2492 et
2101 2435 2279 2492 CXCI.
2314 2436 2566 2507 Ejusdem
2588 2438 2983 2505 Hexaemeron,
3017 2440 3139 2495 cod.
3169 2439 3348 2493 CXLI.
3374 2472 3443 2481 —
3472 2439 3603 2494 Item

2022 2530 2300 2585 orationes
2357 2531 2572 2596 ethicat,
2621 2534 2742 2587 cod.
2779 2531 2987 2589 CXLII.
3038 2561 3111 2574 —-
3143 2532 3419 2602 Epistolar,
3472 2535 3595 2586 cod.

2022 2620 2250 2676 CXLIII.

2091 2713 2275 2771 Basilii
2303 2717 2562 2774 Seleucia;
2593 2719 2763 2789 episc.
2795 2718 3072 2773 orationes
3107 2733 3195 2772 xv.
3237 2717 3302 2772 Et
3332 2717 3450 2771 Vita
3482 2717 3603 2787 pri-

2023 2821 2123 2861 mae
2147 2811 2399 2881 martyris
2424 2810 2660 2876 Thecla},
2677 2810 2800 2866 cod.
2825 2809 3099 2866 CLXVIII.

2094 2899 2281 2957 Boethi
2351 2918 2542 2958 vocum
2593 2901 2992 2959 Platonicarum
3053 2902 3412 2969 Collectanea,
3471 2904 3604 2958 rod.

2020 2991 2204 3049 CLIV.
2237 3024 2307 3035 —
2349 2993 2601 3064 Ejusdem
2654 2997 2722 3051 de
2760 2995 2943 3050 dubiis
2974 2996 3114 3065 apud
3172 2995 3452 3050 l’latoncm
3503 3010 3601 3050 vo-

2020 3085 2174 3142 cibus
2194 3087 2534 3156 opusculum,
2566 3088 2686 3144 cod.
2715 3085 2868 3142 CLV.

2091 3268 2252 3325 Caius
2275 3272 2559 3352 presbyter
2587 3269 2663 3325 De
2690 3270 2972 3338 universo,
3005 3272 3127 3327 cod.
3158 3270 3386 3325 XLVIII.

2090 3362 2313 3415 Caesarii
2332 3363 2526 3432 “capita
2563 3363 2953 3431 ecclesiastica,
2984 3363 3103 3419 cod.
3130 3362 3339 3426 CCXX,
3368 3362 3528 3418 CCX.

2089 3449 2314 3505 Candidi
2344 3448 2705 3506 Historiarum
2737 3450 2858 3505 libri
2887 3466 2970 3517 ιιι,
2997 3451 3120 3507 cod.
3151 3449 3369 3506 LXXIX

2089 3542 2332 3597 Cassiani
2382 3543 2633 3598 monachi
2665 3543 2883 3611 Regula!
2941 3544 3330 3598 monachorum
3359 3541 3603 3614 Egypti,

2021 3632 2094 3686 De
2119 3643 2241 3687 octo
2268 3633 2521 3706 (vitiosis)
2546 3634 2986 3705 cogitationibus,
3018 3633 3232 3691 libellus
3255 3634 3415 3688 trium
3439 3634 3604 3687 colla.

2022 3723 2251 3784 tionum,
2282 3721 2406 3776 cod.
2443 3720 2699 3777 CXCVII.

2086 3812 2455 3882 Cephalmonis
2472 3812 2661 3881 Musae,
2689 3813 2804 3870 sive
2825 3811 3066 3868 historia:
3081 3811 3347 3882 epitomes
3377 3811 3500 3866 libri
3521 3826 3597 3874 ix,

2018 3904 2139 3961 cod.
2171 3902 2406 3960 LXVIII.

2083 3994 2304 4050 Charini
2333 3995 2443 4067 (L.)
2500 3993 2712 4051 Periodi
2743 3995 3131 4065 apostolorum,
3157 3995 3277 4049 cod.
3311 3992 3498 4050 CXIV.

2084 4087 2321 4143 Choricii
2351 4087 2622 4157 Sophiste:
2635 4088 3055 4144 declamationes
3082 4089 3265 4150 variae,
3288 4087 3412 4142 cod.
3433 4084 3592 4141 CLX.

2086 4178 2520 4236 Christianorum
2577 4180 2738 4247 liber,
2805 4179 3123 4236 ()ctateuchi
3187 4178 3457 4250 expositio
3526 4178 3598 4233 li-

2015 4272 2128 4329 bris
2158 4290 2255 4338 χιι,
2290 4275 2415 4331 cod.
2459 4273 2698 4329 XXXVI.
3050 4256 3064 4267 ’
3280 4272 3291 4283 ’

2082 4365 2370 4438 Chrysippi
2444 4364 2942 4437 Hierosolymorum
3006 4364 3191 4435 presb.
3249 4362 3475 4424 historia
3528 4363 3600 4418 de

2015 4455 2310 4511 Cainaliele
2338 4467 2393 4512 et
2419 4455 2739 4523 Nicodemo,
2775 4457 2899 4512 cod.
2929 4455 3167 4512 CLXXI.

2081 4546 2470 4618 Chrysostomi.
2511 4544 2641 4601 Vide
2666 4544 2911 4602 Joannis.

2083 4632 2380 4689 Clementis
2416 4634 2767 4689 Alexandrini
2807 4636 2986 4706 presb.
3033 4635 3277 4706 scripta,
3317 4646 3370 4690 et
3405 4635 3589 4705 llypo-

1990 4735 2275 4796 'Iyposeon
2314 4725 2430 4781 sive
2467 4724 2891 4795 disputationum
2923 4726 3188 4799 Iibrivm,
3219 4729 3342 4781 cod.
3363 4725 3502 4781 CIX.
3526 4757 3597 4766 —

2014 4816 2267 4886 Ejusdem
2298 4809 2435 4873 liber
2484 4827 2675 4873 contra
2724 4824 2932 4887 gentes,
2961 4828 3017 4873 et
3044 4814 3319 4889 Paedagogi
3355 4819 3474 4872 libri
3509 4835 3594 4884 ιιι,

2011 4908 2133 4961 cod.
2199 4905 2313 4964 CX.
2368 4938 2441 4950 —
2502 4906 2759 4977 Ejusdem
2802 4907 3099 4965 Stromatei
3130 4909 3251 4964 libri
3301 4925 3420 4975 vin,
3467 4913 3593 4965 cod.

2010 4997 2150 5055 CXI.

2077 5090 2371 5147 Clementis
2413 5091 2573 5147 Rom.
2607 5091 2878 5164 pontiﬁcis
2922 5092 3355 5148 Constitutiones
3379 5104 3598 5160 aposto-

2002 5180 2205 5245 lorum,
2233 5181 2647 5251 llecognitiones
2665 5191 2721 5237 et
2765 5182 2893 5246 alia,
2929 5185 3052 5239 cod.
3086 5182 3225 5238 CXII
3246 5192 3302 5239 et
3328 5182 3615 5237 CXlll.—-'

2010 5271 2262 5342 Ejusdem
2290 5271 2543 5341 Epistolze
2573 5275 2640 5328 ad
2674 5272 2989 5331 Corinthios
3010 5291 3070 5341 ιι,
3105 5276 3230 5329 cod.
3262 5273 3526 5330 CXXVII.

2077 5363 2316 5419 Cononis
2350 5366 2402 5418 in
2434 5363 2792 5436 Phil0ponuin
2835 5366 3125 5431 invectiva,
3154 5369 3276 5422 cod.
3311 5367 3503 5424 XXIII.

2081 5455 2321 5510 Cononis
2349 5457 2691 5511 narrationes
2712 5473 2763 5521 1.,
2785 5459 2906 5510 cod.
2931 5455 3261 5513 CLXXXVI.
3297 5485 3305 5493 -
3432 5512 3443 5521 ,

2075 5546 2270 5601 Ctesizc
2323 5546 2499 5603 Cnidii
2556 5546 2895 5605 Persicarum
2931 5562 3110 5603 rerum
3163 5547 3285 5603 libri
3314 5564 3472 5605 xxm.
3519 5559 3593 5597 4-—

2005 5637 2258 5706 L’jusdem
2315 5640 2618 5711 fragmenta
2651 5667 2719 5679 —
2760 5638 3013 5708 Ejusdem
3069 5640 3371 5696 lndicorum
3430 5642 3590 5713 liber,

2002 5732 2133 5787 l‘OtI.
2170 5730 2382 5788 LXXII.
