3980 6234
349 200 421 264 35

422 314 608 371 lsidori
644 312 765 370 Vita
847 313 974 372 Vide
1005 316 1342 375 Damascius.

421 401 680 480 Isocratis
770 407 1050 463 orationes
1128 424 1222 464 xxi
1304 409 1537 479 indeque
1628 420 1926 478 excerpta,

345 499 471 554 cod.
503 496 707 553 CCLX.
740 528 813 540 —-
846 498 914 554 Et
960 501 1206 571 epistolae
1246 518 1326 567 ix,
1373 503 1497 556 cod.
1536 501 1718 557 CLIX.
1764 505 1924 574 Ejus-

349 590 471 643 dem
513 591 578 644 ad
609 590 999 647 Archidamum
1030 594 1259 663 epismla
1297 608 1443 649 nunc
1491 595 1723 665 primum
1755 598 1925 665 edita,

347 680 484 733 ibid.

1139 798 1167 853 J

416 906 706 965 Jamblichi
730 910 797 966 de
814 913 976 968 rebus
995 912 1274 969 Rhodanis
1300 926 1357 971 et
1371 914 1648 972 Sinonidis
1663 918 1786 973 libri
1813 931 1926 985 ιη,

344 1000 468 1053 cod.
502 997 689 1054 XCIV.

417 1089 649 1146 Joannis
676 1091 953 1160 Carpathii
1000 1096 1400 1153 consolatorius
1425 1098 1490 1152 ad
1536 1098 1701 1155 Indiae
1735 1115 1926 1156 monav

345 1183 481 1237 chos
511 1194 724 1237 centum
753 1184 1013 1250 capitum,
1038 1187 1158 1241 cod.
1192 1186 1318 1242 CCI.

416 1271 639 1328 Joannis
663 1274 773 1346 (8.)
810 1275 1189 1346 Chrysostomi
1228 1279 1281 1334 in
1309 1288 1535 1336 mortem
1570 1290 1625 1338 et
1653 1285 1931 1341 ascensio-

343 1375 468 1415 nem
497 1362 724 1427 Christi,
759 1364 995 1433 itemque
1021 1366 1074 1419 in
1092 1366 1448 1424 Pentecosten
1496 1372 1772 1428 orationes
1798 1389 1926 1428 xxv.

342 1454 694 1520 —°Ejusdem
748 1456 995 1523 epistola:
1038 1459 1103 1511 ad
1138 1456 1507 1530 Olympiadem
1539 1472 1592 1517 et
1614 1463 1770 1530 alios,
1803 1464 1926 1520 cod.

343 1542 631 1600 LXXXVI.
667 1543 920 1614 Ejusdem
960 1547 1304 1602 homiliarnm
1341 1552 1391 1604 in
1421 1552 1656 1606 Cenesin
1704 1555 1931 1609 volumi-

342 1650 409 1689 na
445 1639 570 1699 tria,
602 1638 721 1689 cod.
751 1636 1028 1704 CLXXIII,
1055 1639 1332 1705 CLXXIII,
1361 1644 1636 1721 CLXXIV.
1672 1647 1926 1717 Ejusdem

338 1728 518 1780 oratio
584 1729 637 1783 in
693 1728 751 1785 S.
790 1731 1037 1795 Paulum,
1097 1736 1217 1789 cod.
1246 1736 1687 1793 CCLXX.——Et
1747 1741 1797 1793 in
1856 1757 1921 1795 XL

344 1828 636 1888 martyres,
693 1820 815 1873 cod.
858 1820 1203 1878 CCLXXIV.
1261 1825 1537 1893 llomiliae,
1586 1828 1651 1882 de
1713 1828 1921 1898 Spiritu

340 1921 582 1973 sancto;
639 1911 690 1963 in
750 1911 993 1966 Natalem
1040 1913 1287 1984 Christi;
1345 1917 1397 1970 in
1444 1919 1669 1983 dictum,
1719 1919 1921 1992 Sttﬁicit

340 1999 435 2050 tibi
486 2003 662 2066 gratia
726 2018 870 2067 mea,
936 2016 1009 2071 et,
1054 2006 1118 2060 Si
1159 2024 1259 2075 qua
1292 2024 1414 2078 ergo
1453 2011 1505 2061 in
1536 2009 1745 2066 Christo
1792 2029 1922 2066 nova

336 2104 628 2157 creatura;
659 2093 729 2147 De
764 2096 1103 2164 poenitentia,
1128 2099 1248 2152 cod.
1281 2099 1635 2156 CCLXXVlI.

407 2181 631 2237 Joannis
696 2186 894 2240 Moschi
930 2187 1176 2252 Pratum,
1231 2191 1345 2246 sive
1399 2191 1657 2247 Hortulus
1725 2208 1915 2260 novus,

333 2289 401 2328 co
423 2279 460 2328 ι.
489 2274 721 2330 CXCIX.

407 2366 650 2422 Joannes
683 2368 1008 2437 Philoponus
1034 2372 1100 2426 de
1145 2376 1577 2441 resurrectione,
1616 2376 1737 2431 cod.
1770 2376 1913 2444 XXI,

332 2456 570 2510 --ldem
633 2459 687 2511 in
757 2458 1149 2527 Hexaemeron,
1190 2466 1310 2517 cod.
1362 2464 1545 2521 XLIII.
1589 2496 1659 2509 —-
1687 2467 1919 2537 Indeque

336 2559 613 2615 excerpta,
657 2552 780 2605 cod.
806 2550 1007 2605 CCXL.
1059 2583 1120 2593 —
1144 2554 1210 2609 Et
1247 2567 1431 2611 contra
1479 2569 1725 2626 quartam
1757 2575 1918 2630 syno-

336 2642 487 2705 dum,
515 2639 600 2695 LV
631 2671 701 2681 —-
726 2642 978 2712 Ejusdem
1006 2644 1217 2702 libellus
1247 2660 1432 2703 contra
1460 2648 1720 2705 Joannem
1748 2653 1916 2721 patri-

333 2733 554 2784 archam
611 2734 758 2796 CP.,
852 2751 1213 2806 cognomento
1297 2741 1688 2796 Scholasticum
1723 2783 1738 2810 ,
1789 2744 1912 2800 cod.

331 2819 545 2878 LXXV.
636 2825 780 2879 Idem
856 2839 1044 2882 contra
1107 2829 1392 2887 Jamblichi
1438 2847 1573 2902 opus
1622 2835 1690 2890 de
1730 2834 1914 2890 simu-

332 2915 517 2981 lacris,
550 2919 672 2972 cod.
719 2917 923 2974 CCXV.

400 3005 627 3064 Joannis
646 3012 943 3083 presbyteri
967 3011 1210 3082 Egestae
1228 3014 1433 3072 Eccles.
1455 3018 1696 3075 historia:
1711 3019 1831 3075 libri
1853 3035 1908 3086 v,

333 3100 460 3153 cod.
484 3098 621 3154 XLI.
668 3131 739 3142 —
779 3101 926 3156 Idem
955 3114 1145 3160 contra
1173 3117 1423 3176 quartam
1469 3114 1760 3181 synodum,
1782 3114 1905 3168 cod.

327 3186 438 3243 LV.

395 3279 622 3337 Joannis
652 3284 1033 3356 Scythopolitae
1050 3296 1239 3344 contra
1271 3288 1636 3360 Eutychianos
1655 3291 1781 3348 libri
1801 3308 1904 3361 xu,

323 3376 446 3428 cod.
477 3372 639 3431 XCV.

393 3464 625 3524 Joannis
646 3470 847 3526 Stobtei
893 3473 1232 3543 Eclogarum,
1266 3477 1825 3549 Apophthegmatum,
1851 3488 1908 3536 et

324 3557 450 3612 vitae
479 3562 906 3632 praeceptionem
943 3565 1063 3621 libri
1099 3583 1173 3635 tv,
1209 3569 1332 3626 cod.
1362 3568 1621 3629 CLXVII.

396 3644 537 3703 Jobii
580 3651 831 3707 monachi
879 3652 1273 3711 Commentarii
1317 3659 1383 3714 de
1416 3659 1592 3716 Verbo
1617 3660 1904 3719 inearnato

323 3734 449 3792 libri
480 3754 554 3802 Ix,
588 3742 768 3810 capita
800 3757 925 3810 ιιν,
967 3748 1087 3800 cod.
1111 3744 1368 3804 CCXXII.

393 3828 663 3901 Josephus
695 3844 753 3891 et
789 3834 952 3893 Caius
1006 3840 1293 3910 presbyter
1345 3841 1427 3897 De
1467 3843 1743 3912 universo,
1775 3845 1896 3902 cod.

322 3919 555 3983 XLVIII.

390 4014 611 4088 Josephi
666 4018 833 4076 Judaei
891 4022 968 4077 De
1025 4023 1165 4079 bello
1193 4023 1420 4082 Judaico
1467 4027 1590 4082 libri
1635 4044 1735 4095 vn,
1768 4029 1894 4085 cod.

320 4105 530 4164 XLVII.
566 4139 637 4150 —
663 4111 917 4180 Ejusdem
950 4115 1347 4184 Antiquitatum
1398 4116 1742 4173 Judaicarum
1772 4119 1895 4174 libri

321 4215 388 4253 xx
410 4244 422 4263 ,
475 4201 597 4256 cod.
643 4201 878 4258 LXXVI.
899 4207 1040 4260 —Et
1076 4218 1325 4279 excerpta
1359 4210 1480 4265 cod.
1511 4210 1891 4270 CCXXXVIII.

384 4289 584 4349 Juliani
612 4294 845 4350 Lexicon
874 4312 904 4351 e
953 4298 1139 4354 decem
1172 4301 1506 4366 oratoribus,
1551 4303 1673 4359 cod.
1706 4303 1816 4358 CL.

385 4383 514 4441 Julii
556 4387 797 4442 Africani
831 4391 1058 4446 historia
1094 4402 1149 4448 et
1177 4394 1302 4460 alia,
1347 4397 1468 4451 cod.
1503 4396 1744 4454 XXXIV.

384 4477 525 4532 Justi
560 4478 896 4537 Tiberiensis
949 4481 1257 4541 Judaeorum
1316 4503 1504 4559 regum
1554 4489 1889 4560 Cbronicon,

313 4570 437 4622 cod.
467 4569 708 4627 XXXIII.

384 4659 579 4715 Justini
613 4668 872 4737 martyris
905 4668 1163 4738 Apologia
1212 4688 1311 4741 pro
1348 4672 1704 4745 Christianis,
1736 4697 1888 4751 quae-

311 4751 538 4819 sti0nes,
578 4765 633 4810 et
671 4759 798 4822 alia,
838 4763 959 4816 cod.
999 4761 1213 4821 CXXV.

1063 4875 1102 4930 L

388 4975 596 5033 Leontii
636 4982 804 5050 episc.
854 4986 1101 5042 Arabissi
1158 5006 1338 5047 sermo
1387 4994 1455 5050 de
1504 4997 1784 5055 creatione
1830 5010 1886 5056 et

317 5068 529 5127 Lazaro
572 5075 832 5142 redivivo,
873 5078 993 5133 cod.
1037 5078 1332 5138 CCLXXII.

396 5159 750 5218 Lesbonactis
788 5167 1063 5223 orationes
1097 5172 1352 5240 politicae,
1384 5177 1504 5233 cod.
1534 5178 1649 5233 XVI
1677 5196 1691 5247 ;
1737 5183 1879 5253 apud

308 5251 689 5320 Themistinm,
723 5258 844 5311 cod.
880 5257 1115 5317 LXXVI.

378 5343 616 5399 Lexiron
650 5364 795 5415 pura:
830 5349 984 5417 ldeac,
1020 5357 1199 5421 gravis
1243 5359 1391 5429 styli,
1444 5367 1716 5423 sermonis
1747 5369 1879 5438 poli-

306 5434 422 5490 tici.
464 5437 582 5489 cutl.
624 5437 853 5500 CXLVI,
886 5441 1134 5507 CXLVII,
1178 5447 1453 5507 CXLVIII.

376 5521 572 5579 chica
610 5529 753 5581 Varia
803 5532 854 5582 in
904 5534 1089 5588 decem
1122 5536 1295 5591 Graec.
1347 5553 1615 5611 oratores,
1672 5562 1700 5599 a
1752 5551 1872 5603 cod.

301 5613 481 5669 CXLV
507 5635 674 5690 usque
703 5621 884 5680 CLIX.

1499 210 1599 269 AD
1627 208 1860 269 PHOTI
1866 210 1894 271 Ι
1936 211 2507 275 BIBLIOTHECAM

3560 216 3632 281 36

2121 325 2336 383 Libanii
2381 329 2642 400 sophistae
2698 330 2975 389 orationes
3069 340 3126 387 et
3177 330 3441 403 epistolae,
3505 335 3628 390 cod.

2047 415 2158 472 XC.

2117 509 2267 564 Lucii
2307 508 2592 565 Patrensis
2658 510 3149 583 Metamorphoses,
3205 515 3331 574 cod.
3384 516 3627 574 CXXIX.

2111 598 2335 656 Luciani
2369 615 2532 671 opera
2565 604 2737 668 varia,
2776 605 2899 658 cod.
2926 601 3169 660 CXXIX.

2106 694 2334 767 Lycurgi
2375 696 2674 752 orationes.
2712 699 2838 751 cod.
2867 695 3170 753 CCLXVIII

2104 785 2280 857 Lysiae
2314 788 2614 856 orationes,
2640 788 2765 843 cod.
2808 788 3059 845 CCLXII.

2101 970 2301 1024 Malchi
2333 970 2604 1039 Sophiste
2648 971 2968 1043 Byzantina:
3023 971 3269 1029 historia
3314 971 3441 1029 libri
3503 987 3617 1041 vn,

2032 1062 2152 1116 cod.
2182 1061 2273 1116 LX
2285 1062 2465 1118 XVIII.

2109 1152 2277 1208 Marci
2321 1154 2569 1209 monachi
2611 1154 2986 1209 Asccticorum
3024 1154 3150 1211 libri
3176 1170 3309 1224 vm;
3345 1166 3402 1212 et
3430 1157 3623 1212 adver-

2031 1258 2125 1298 sus
2155 1244 2622 1301 Melchisedecitas
2653 1247 2750 1302 lib.
2786 1262 2822 1312 ι,
2855 1248 2976 1301 cod.
3006 1246 3113 1302 CC.

2110 1336 2454 1408 Martyrium.
2497 1338 2625 1394 Vide
2662 1339 2957 1409 Anonymi.

2103 1431 2333 1486 Maximi
2362 1432 2812 1498 declamationes,
2846 1434 2970 1489 cod.
2998 1432 3264 1489 CXXXV.

2105 1520 2323 1576 Maximi
2384 1522 2495 1593 (Β.)
2555 1525 2803 1580 monachi
2851 1533 2907 1580 et
2956 1525 3289 1581 confessoris
3354 1526 3616 1594 quaestio-

2032 1629 2159 1666 nunt
2233 1628 2264 1666 e
2335 1629 2491 1669 sacra
2552 1615 2831 1685 Scriptura
2882 1632 3039 1671 CLXIV
3099 1617 3436 1681 solutiones,
3489 1619 3611 1672 cod.

2029 1701 2235 1758 CXCII.
2269 1733 2339 1744 —
2369 1704 2621 1774 Ejusdem
2679 1707 2926 1777 epistolae
2975 1724 3150 1772 xxvtt,
3202 1710 3324 1764 cod.
3375 1708 3604 1764 CXCIII.

2029 1825 2101 1834 —
2131 1794 2389 1862 Ejusdem
2452 1796 2590 1851 liber
2628 1799 2922 1865 asceticus,
2982 1808 3037 1853 et
3079 1801 3340 1854 centuriae
3389 1801 3454 1854 de
3486 1802 3618 1855 dile-

2031 1884 2231 1950 ctione,
2274 1885 2397 1939 cod.
2432 1884 2661 1941 CXCIII.
2698 1916 2768 1926 -—
2798 1887 3050 1956 Ejusdem
3090 1890 3315 1957 epistola
3346 1890 3413 1944 ad
3451 1888 3617 1945 Geor-

2030 1977 2174 2047 gium
2214 1977 2519 2047 Eparchum
2547 1997 2562 2033 :
2596 1978 3046 2049 ’l‘heologicorum
3107 1981 3497 2054 Moraliumque
3523 1999 3615 2037 ca-

2029 2070 2196 2136 pitum
2228 2071 2488 2125 centuriae
2535 2072 2649 2126 sive
2694 2073 2817 2127 libri
2869 2088 2939 2136 ll,
2991 2082 3043 2126 et
3095 2074 3335 2142 epistolae
3370 2089 3419 2135 ν,
3483 2073 3608 2129 cod.

2028 2158 2258 2216 CXCIV.
2298 2191 2368 2201 —
2398 2161 2649 2229 Ejusdem
2691 2163 2851 2233 epist.
2883 2164 2950 2219 ad
2987 2163 3285 2218 Marianum
3314 2174 3369 2219 et
3423 2165 3610 2220 Dialo-

2027 2266 2126 2320 gus
2154 2266 2274 2303 cum
2308 2250 2517 2320 Pyrrho
2546 2252 2611 2308 de
2634 2253 2843 2309 duabus
2885 2254 2937 2307 in
2969 2254 3185 2309 Christo
3211 2255 3606 2323 voluntatibus,

2026 2343 2149 2397 cod.
2193 2341 2397 2397 CXCV.

2097 2413 2399 2491 Memnonis
2435 2436 2695 2492 historica
2736 2446 2993 2509 excerpta
3037 2439 3105 2495 de
3150 2440 3423 2497 Heraclea:
3458 2439 3609 2497 Pon-

2025 2528 2144 2582 tica:
2185 2530 2450 2605 tyrannis,
2495 2531 2617 2585 cod.
2652 2528 2929 2586 CCXXIV.

2095 2615 2349 2671 Methodii
2371 2618 2476 2689 (8.)
2498 2620 2665 2689 episc.
2687 2630 2740 2672 et
2758 2629 2916 2675 mart.
2945 2622 3081 2676 liber
3096 2622 3161 2677 de
3181 2624 3599 2689 resurrectiOne,

2023 2712 2140 2765 cod.
2162 2710 2818 2783 CCXXXIV.-—-Ejnsdem
2838 2715 2903 2769 de
2924 2716 3142 2783 creatis,
3157 2719 3277 2772 cod.
3291 2716 3597 2774 CCXXXV.

2020 2830 2092 2842 -—
2128 2802 2260 2856 Item
2294 2803 2553 2859 delibero
2581 2805 2832 2871 arbitrio,
2863 2807 2988 2863 cod.
3040 2807 3371 2864 CCXXXVI.
3410 2838 3484 2850 —
3522 2808 3600 2866 De

2020 2895 2292 2960 castitate,
2331 2897 2451 2951 cod.
2495 2896 2856 2953 CCXXXVII.

2091 2983 2386 3041 Metrodori
2424 2988 2667 3043 calculus
2698 2990 2995 3059 paschalis,
3033 2995 3153 3046 cod.
3179 2991 3341 3048 CXV.

2090 3076 2368 3134 Modestus
2410 3082 2740 3151 archiepisc.
2784 3082 3145 3155 Hierosolym.
3188 3086 3239 3139 in
3272 3085 3464 3142 Marias
3492 3104 3596 3144 un-

2016 3180 2211 3238 guenta
2247 3170 2482 3229 ferentes
2517 3183 2573 3229 et
2606 3173 2985 3246 Hypapanlen,
3030 3179 3152 3232 cod.
3186 3176 3482 3236 CCLXXV.

2082 3259 2325 3320 Mceridis
2368 3265 2646 3336 Atticista,
2697 3269 2818 3323 cod.
2850 3267 3058 3325 CLVII.

2079 3448 2368 3522 Nicephori
2410 3454 2520 3528 (S.)
2575 3457 2900 3527 patriarchae
2960 3460 3248 3519 Constant.
3315 3461 3585 3523 Historica

2006 3539 2262 3609 epitome,
2290 3545 2412 3599 cod.
2444 3543 2627 3601 LXVI.

2072 3628 2263 3690 Nicias
2302 3639 2598 3696 monachus
2624 3651 2816 3698 contra
2870 3642 3253 3717 Philoponum.
3297 3647 3583 3720 Severum,

2001 3732 2059 3778 et
2106 3736 2300 3783 contra
2331 3739 2545 3798 gentes,
2580 3734 2699 3791 cod.
2742 3733 2807 3788 L.

2080 3817 2399 3875 Nicomachi
2424 3820 2676 3880 Gerasini
2692 3826 2979 3898 theologia!
2994 3829 3351 3889 arithmeticae
3372 3833 3491 3890 libri
3519 3852 3580 3904 ιι,

1999 3908 2123 3963 cod.
2159 3907 2343 3964 CLXX
2354 3910 2519 3967 XVII.

2069 3998 2173 4055 Nili
2207 4004 2460 4058 monachi
2489 4005 2557 4060 de
2585 4016 2837 4062 oratione
2877 4010 3053 4080 capita
3083 4027 3210 4068 cun
3237 4055 3253 4081 ,
3287 4017 3408 4071 cod.
3442 4016 3576 4072 CCI.

1996 4119 2065 4130 —
2093 4090 2345 4160 Ejusdem
2380 4096 2655 4153 orationes
2698 4097 2751 4152 in
2808 4107 3265 4161 resurrectionem
3300 4117 3355 4163 et
3388 4125 3581 4165 ascen-

1999 4182 2208 4238 sionem
2251 4185 2482 4253 Domini,
2512 4190 2635 4245 cod.
2681 4189 3007 4250 CCLXXVI.

2067 4272 2303 4332 Nonnosi
2338 4278 2575 4335 Historia
2606 4281 2962 4352 legationum,
2999 4287 3121 4343 cod.
3163 4288 3254 4344 Ill.

2066 4458 2435 4532 Olympiodori
2469 4464 2826 4520 Historiarum
2881 4468 3003 4523 libri
3031 4486 3167 4538 xxn,
3201 4473 3320 4528 cod.
3353 4473 3567 4531 LXXX.

2063 4548 2324 4607 Oratores
2355 4555 2453 4624 (in)
2485 4557 2668 4610 decem
2707 4556 2930 4615 Graeciaa
2953 4559 3149 4619 Lexica
3182 4566 3353 4633 varia,
3384 4585 3412 4623 a
3442 4572 3567 4625 cod.

1992 4640 2176 4696 CXLV
2213 4660 2384 4713 usque
2422 4648 2487 4699 ad
2532 4648 2714 4704 CLIX.

2060 4732 2295 4790 Oribasii
2333 4739 2524 4794 medici
2559 4739 2751 4797 Galeni
2778 4749 3156 4815 compendium
3188 4755 3253 4807 ad
3287 4752 3563 4812 Julianum

1991 4824 2146 4894 imp.,
2187 4827 2307 4882 cod.
2347 4828 2576 4885 CCXVI.
2619 4862 2691 4873 --
2715 4816 2966 4905 Ejusdem
3006 4843 3404 4902 medicinalium
3454 4852 3568 4903 col-

1988 4915 2248 4974 lectorum
2287 4921 2354 4976 ad
2387 4921 2658 4981 Julianum
2690 4928 2821 4998 imp.
2858 4931 2980 4985 libri
3008 4949 3132 5003 cxx,
3155 4939 3275 4992 cod.
3311 4939 3562 5011 CCXVII,

1983 5036 2056 5049 —
2110 5007 2363 5078 Ejusdem
2415 5019 2793 5084 compendium
2857 5021 2924 5076 ad
2983 5021 3325 5083 Eustathium
3390 5007 3555 5087 lilium

1984 5100 2106 5154 libri
2122 5107 2320 5167 tv,cod.
2339 5105 2918 5181 CCXVll.—Ejusdem
2938 5117 3006 5172 ad
3026 5117 3328 5190 Eunapium
3345 5124 3468 5179 libri
3484 5141 3558 5192 tv,

1986 5193 2109 5247 cod.
2139 5194 2371 5251 CCXIX.

2051 5283 2306 5356 Origenis
2338 5288 2414 5346 De
2443 5291 2728 5365 principiis
2760 5296 2883 5353 libri
2919 5316 2996 5367 tv,
3027 5303 3147 5357 cod.
3177 5302 3304 5361 VIII.

2722 5386 2764 5441 P

1944 5516 1949 5519 .
2050 5467 2746 5544 Palladii“declamationes,
2781 5481 2904 5535 cod.
2934 5481 3198 5539 CXXXII.

2050 5557 2316 5627 Pamphili
2345 5568 2604 5636 martyris
2629 5568 2900 5642 Apologia:
2932 5589 3031 5643 pro
3069 5570 3305 5645 Origene
3330 5577 3451 5634 libri
3492 5596 3546 5653 ν,

1979 5650 2101 5703 cod.
2138 5650 2365 5708 CXVIII.
