3980 6234
300 226 360 288 37
684 272 687 273 ν
1631 218 1891 279 ΡΒΟΕΕ⁴

2038 215 2227 275 [ΕΝΑ.
2822 246 2832 253 -
3482 218 3555 279 38

370 331 661 404 Pamphilm
676 331 928 389 Historia:
944 333 1195 389 miscellzc
1210 331 1333 386 libri
1352 347 1467 400 vni,
1486 330 1606 387 cod.
1625 328 1879 385 CLXXV.

379 427 667 482 Pausania:
693 426 951 490 Lexicon,
989 426 1114 480 cod.
1145 423 1322 479 CLIII.

375 519 600 589 Philippi
659 517 855 571 Sidetas
910 517 1238 573 Christiana:
1282 517 1521 574 historia;
1570 516 1691 572 libri
1732 530 1876 578 xxrv,

305 615 421 671 cod.
456 613 683 667 XXXV.

369 706 613 762 Philonis
673 703 842 759 Judaei
892 703 1069 774 legum
1118 717 1404 758 sacrarum
1481 701 1750 770 Alli-goria
1824 708 1880 753 et

306 796 401 849 viri
436 794 612 849 civilis
645 795 775 859 vita,
821 793 922 848 hoc
956 805 1060 859 est,
1098 792 1164 846 de
1207 790 1455 861 Joseph.,
1492 791 1614 845 cod.
1649 789 1776 844 CIII.
1812 820 1883 829 —

305 887 555 954 Ejusdem
588 874 911 939 Essenorum
966 894 1022 940 et
1052 884 1520 953 Therapeutarum
1549 884 1761 937 vivendi
1794 898 1881 935 ra-

307 980 399 1044 tio,
439 978 565 1033 cod.
597 976 731 1031 CIV.
774 1006 845 1017 —
872 976 1124 1044 Ejusdem
1164 975 1326 1030 Caius
1354 975 1480 1043 imp.
1520 972 1886 1041 reprehensus

306 1078 359 1124 et
381 1068 611 1123 Flaccus
644 1067 1027 1135 reprehensus,
1079 1066 1298 1133 aliaque
1353 1068 1577 1133 scripta,
1617 1066 1741 1119 cod.
1769 1064 1880 1119 CV.

378 1161 696 1215 Philostrati
718 1159 867 1230 Tyrii
892 1161 957 1213 de
978 1160 1086 1212 vita
1108 1159 1376 1229 Apollonii
1400 1157 1599 1229 Tyanei
1629 1157 1752 1209 libri
1784 1172 1880 1220 ru,

309 1257 422 1311 cod.
489 1252 676 1308 XLIV.
737 1281 809 1292 —
857 1250 1092 1321 Indeque
1150 1260 1428 1321 excerpta,
1496 1251 1615 1305 cod.
1676 1247 1881 1304 CCXII.

309 1346 559 1416 Ejusdem
603 1343 837 1397 chicon
884 1357 915 1396 e
952 1343 1135 1396 decem
1164 1341 1494 1408 oratoribus,
1541 1342 1663 1396 cod.
1691 1341 1775 1395 CI.

374 1434 727 1504 Pitilostorgii
808 1430 1208 1487 Ecclesiasticte
1278 1430 1533 1485 Historiae
1574 1430 1698 1485 libri
1762 1446 1880 1495 xu,

317 1533 429 1583 CIIII.
473 1527 563 1581 IX.

384 1619 701 1689 Phlegontis
718 1618 977 1673 Tralliani
995 1615 1057 1671 01
1065 1616 1398 1688 ympicornm
1418 1623 1474 1668 et
1492 1615 1883 1669 Chronicorum

313 1713 579 1777 collectio,
611 1714 737 1766 eod.
765 1710 974 1765 XCVII.

372 1802 869 1873 PhrynichiArabii
898 1806 1190 1870 apparatus
1236 1798 1462 1852 oratorii
1499 1797 1623 1851 libri
1692 1813 1876 1863 xxxvi,

312 1894 429 1948 cod.
457 1889 684 1946 CLVIII.

376 1984 546 2038 Pieri‘r
570 1983 749 2050 presb.
779 1979 1103 2049 scriptorum
1138 1979 1259 2034 libri
1296 1993 1398 2043 xit,
1434 1978 1555 2032 cod.
1594 1977 1801 2049 CXIX.,

379 2072 651 2128 Plutarchi
689 2074 807 2126 vita:
832 2069 1126 2135 Parallelae,
1149 2070 1269 2124 cod.
1287 2068 1611 2124 CCXLV.-—
1636 2069 1886 2136 Ejusdem

314 2169 432 2220 vita:
465 2167 651 2219 decem
712 2163 934 2218 Graecia:
978 2172 1263 2218 oratorum
1295 2176 1327 2216 a
1372 2161 1495 2216 cod.
1559 2157 1762 2214 CCLIX
1821 2163 1887 2210 ad

313 2255 583 2312 CCLXIX.

284 2346 305 2381 ‘
383 2349 643 2403 Pollionis
668 2349 931 2412 Lexicon,
960 2350 1082 2403 cod.
1118 2345 1350 2403 CXLIX.

383 2441 663 2510 Polycarpi
724 2451 882 2494 mari.
938 2437 1177 2507 Epistula
1209 2441 1276 2491 ad
1326 2436 1715 2505 Philippenses,
1765 2436 1886 2488 coJ.
1942 2450 1947 2453 ·

317 2533 548 2585 CXXVI.

388 2626 709 2693 Praxagorae
725 2622 1075 2676 Atheniensis
1100 2622 1164 2675 de
1194 2624 1358 2676 rebus
1391 2621 1746 2675 Constantini
1781 2619 1889 2673 Mu-

324 2719 407 2786 gui
464 2718 589 2769 libri
653 2717 764 2769 duo
826 2714 1005 2768 Ionica
1037 2714 1286 2779 dialecto,
1313 2715 1434 2766 cod.
1468 2711 1626 2765 LXII.

387 2807 562 2862 Procli
592 2808 1033 2862 Chrestomatbia
1065 2809 1129 2861 de
1150 2806 1388 2871 Poetica,
1407 2805 1528 2860 cod.
1559 2802 1887 2859 CCXXXIX.

388 2899 633 2967 Procopii
688 2896 1046 2951 Casariensis
1102 2895 1336 2950 rhetoris
1365 2892 1727 2949 Historiarum
1768 2893 1890 2946 litui

319 3005 432 3056 vni,
450 2993 570 3046 eod.
606 2988 792 3043 LXIII.

387 3083 831 3153 l’rocopiiGazaei
861 3081 1269 3137 Homericorum
1293 3095 1545 3135 versuum
1578 3079 1894 3146 t’netaphra-
1932 3130 1945 3135 ,

320 3190 425 3237 aes.
459 3183 585 3231 cod.
618 3173 751 3229 CLX
763 3215 777 3229 .

388 3266 929 3336 ProcopiiSophista:
983 3265 1195 3320 Schola:
1264 3264 1781 3318 commentariorum
1842 3263 1896 3317 in

321 3359 735 3425 Octateuchum,
763 3368 818 3414 et
845 3359 898 3413 in
938 3359 1105 3415 libros
1129 3360 1336 3426 Regum
1369 3372 1434 3411 ac
1460 3356 1895 3425 Paralipomena,

322 3451 875 3510 cod.CCVI.—ldem
894 3451 948 3505 in
969 3451 1167 3505 Isaiam
1195 3453 1538 3519 prophetam,
1558 3453 1677 3502 cod.
1694 3446 1894 3503 CCVII.

389 3546 804 3601 Provinciarum
853 3544 1067 3612 imperii
1106 3554 1229 3611 post
1257 3541 1548 3596 Alexandri
1570 3541 1749 3610 Magni
1779 3542 1899 3594 obi-

323 3648 429 3691 tum
486 3636 685 3692 divisio
720 3652 749 3690 a
787 3638 955 3691 variis
1007 3634 1170 3701 facta,
1224 3650 1288 3688 ex
1345 3634 1600 3699 Arriano,
1634 3632 1898 3701 Dexippo,

322 3729 531 3783 Iustino
556 3738 611 3783 et
648 3729 714 3795 Q.
747 3727 934 3782 Curtio
977 3730 1100 3781 cod.
1141 3707 1351 3780 1.xx'xn.

396 3819 674 3874 Ptolemaei
745 3817 1146 3888 Hephaestionis
1200 3815 1478 3872 Norarmn
1548 3816 1898 3871 historiarum

325 3912 445 3970 libri
471 3928 549 3978 γι,
572 3913 697 3968 cod.
723 3910 837 3966 CX.

697 4004 721 4029 ‘
1093 4000 1142 4054 R

390 4101 465 4158 De
479 4100 691 4172 republ.
715 4097 836 4154 libri
863 4112 938 4162 vi,
968 4096 1092 4151 cod.
1138 4090 1399 4151 XXXVII.

874 4222 893 4237 κ
1090 4187 1128 4241 S

391 4286 567 4358 εει-811
595 4284 926 4342 confessoris
966 4281 1217 4344 historia,
1262 4279 1384 4333 cod.
1421 4274 1627 4340 LXVII,
1660 4272 1844 4330 CLXI.

396 4381 638 4436 Socratis
666 4380 876 4434 Eccles.
912 4373 1169 4432 Historiae
1199 4372 1321 4427 libri
1356 4388 1451 4438 vn,
1481 4372 1604 4427 cod.
1626 4365 1865 4424 XXVIII.

391 4475 609 4545 Sopatri
630 4481 1006 4542 excerptorum
1022 4471 1290 4524 variorum
1318 4468 1441 4521 libri
1462 4482 1558 4529 xu,
1581 4464 1891 4519 cod.CLXl.

394 4567 682 4638 Sophronii
730 4578 829 4632 pro
889 4573 1077 4619 sancto
1129 4560 1334 4615 Basilio
1412 4558 1673 4615 adversus
1715 4559 1898 4611 Euno-

330 4664 517 4727 tnium,
549 4662 671 4718 cod.
705 4658 771 4714 V.

402 4754 692 4827 Suphronii
718 4750 1041 4824 patriarchae
1066 4749 1424 4820 Hierosolym.
1447 4745 1706 4817 synodica
1732 4744 1893 4812 epist.

332 4853 450 4909 cod.
475 4847 755 4905 CCXXXI.

402 4963 588 5019 Sotion
614 4963 686 5018 De
710 4960 1042 5025 ﬂuminibus,
1063 4969 1169 5013 etc.
1198 4957 1319 5013 cod.
1355 4953 1687 5011 CLXXXIX.

404 5058 689 5116 Sozomeni
718 5056 926 5114 Ilistor.
958 5055 1166 5110 Eccles.
1213 5053 1334 5107 libri
1372 5068 1450 5119 ix,
1476 5053 1598 5106 cod.
1630 5048 1798 5105 XXX.

406 5152 680 5225 Stephanii
709 5150 913 5207 Gobari
950 5147 1233 5203 'l'ritbeitaa
1260 5145 1498 5201 lueretici
1519 5146 1902 5218 Oppositarnm

340 5243 690 5312 quaestionum
719 5242 879 5309 liber,
915 5239 1035 5296 cod.
1070 5234 1377 5293 CCXXXII.

413 5329 621 5405 Synesii
645 5329 893 5405 Cyrenaei
923 5331 1147 5403 scripta,
1171 5331 1289 5386 cod.
1329 5325 1523 5384 XXVI.

2063 326 2311 394 Synodus
2346 342 2425 389 III,
2480 341 2550 392 iv,
2596 342 2646 393 ν,
2695 342 2766 391 Vl,
2811 342 2882 381 \‘Il
2931 343 2949 393 ;
2996 328 3153 383 codd.
3210 327 3351 397 XVI,
3396 330 3559 398 XVII,

1987 417 2178 479 XVIII.
2202 418 2349 483 XIX,
2374 419 2497 474 XX.

2059 511 2316 582 Synodus
2364 510 2640 577 Sidetana,
2678 510 3124 582 aliaque-contra
3177 511 3551 576 Messalianos,

1984 604 2107 658 cod.
2136 601 2249 656 LII.

2061 695 2314 766 Synodns
2337 696 2401 748 ad
2430 694 2699 760 Quercum
2756 695 3031 765 illegitima
3075 705 3262 750 contra
3319 695 3362 749 Β
3404 697 3481 752 .lo.
3506 716 3560 751 ιι.

1986 785 2467 857 Chrysostomum,
2510 787 2633 841 cod.
2669 784 2807 840 LIX.

2765 900 2808 953 T

2059 1011 2345 1068 Themistii
2374 1014 2426 1068 in
2456 1013 2816 1082 Philoponiun
2849 1013 3142 1077 invectiva,
3178 1014 3299 1067 cod.
3327 1012 3559 1068 LXXIII.

1980 1103 2310 1173 ——Ejusdem
2350 1105 2626 1158 orationes
2659 1104 2845 1157 civiles
2883 1119 3068 1165 xxxvi,
3092 1103 3214 1157 cod.
3234 1102 3467 1157 LXXIV.
3495 1132 3565 1142 —

1984 1194 2241 1265 Ejusdem
2274 1196 2530 1266 Apologia
2561 1209 2655 1264 pro
2691 1194 2748 1248 Β.
2782 1194 3157 1263 Theophobio,
3197 1186 3316 1250 cod.
3349 1196 3524 1252 C't'lII.

2054 1284 2373 1340 Theodorus
2396 1284 2703 1339 Tarsensis.
2740 1282 2869 1337 Vide
2905 1284 3184 1339 Diodorus.

2056 1370 2375 1426 Theodorus
2428 1372 2610 1441 presb.
2647 1374 2712 1425 de
2748 1372 2967 1439 scriptis
3001 1373 3059 1425 S.
3120 1372 3361 1444 Dionysii
3386 1375 3560 1429 Areo-

1986 1467 2204 1536 pagitae,
2228 1468 2352 1522 cod.
2378 1465 2418 1520 I.

2058 1556 2329 1611 Theodori
2360 1556 2685 1611 Antioehcni
2719 1574 2819 1628 pro
2847 1558 2905 1613 S.
2937 1559 3151 1614 Basilio
3176 1560 3434 1617 adversus
3458 1561 3567 1615 Eu-

1989 1648 2228 1701 nomium
2265 1648 2390 1703 libri
2425 1665 2551 1715 xxv,
2572 1651 2694 1704 cod.
2725 1648 2892 1705 lV.—
2918 1650 3166 1719 Ejusdem
3198 1653 3568 1723 interpretatio

1987 1740 2278 1804 Ceneseos,
2312 1742 2430 1795 cod.
2462 1740 2724 1796 XXXVII.

2067 1828 2339 1885 Theodori
2378 1833 2626 1886 monachi
2677 1833 3030 1886 Alexandrini
3057 1833 3316 1887 adversus
3350 1833 3570 1891 Themi-

1988 1922 2150 1976 stium
2184 1922 2305 1976 libri
2342 1939 2424 1989 III,
2463 1926 2588 1980 cod.
2623 1923 2803 1979 CVIII.

2061 2011 2331 2068 Theodori
2356 2012 2699 2083 Mopsuestia!
2720 2016 2784 2069 de
2818 2014 3100 2070 Persarum
3127 2019 3299 2089 magia
3323 2016 3446 2072 Iitri
3481 2032 3564 2080 Ill,

1991 2108 2112 2159 cod.
2154 2104 2391 2159 LXXXI.

2067 2197 2395 2252 Theodoreti
2457 2198 2656 2252 Ilistor.
2706 2198 2912 2254 Eccles.
2945 2199 3064 2254 libri
3102 2217 3154 2267 ν,
3196 2205 3318 2258 eod.
3377 2203 3568 2259 XXXI.

1992 2318 2052 2328 —
2078 2290 2330 2359 Ejusdem
2365 2301 2554 2343 contra
2583 2293 2869 2347 luereticos
2901 2293 3207 2356 librisxvn,
3235 2297 3353 2349 rod.
3381 2295 3567 2352 XLVI.

1991 2375 2409 2445 —Ruisutnqne
2456 2380 2716 2446 quinque,
2762 2380 2885 2433 COII.
2934 2379 3156 2434 LVI.-——
3185 2384 3252 2436 EI.
3304 2383 3573 2439 Eranista!

1992 2465 2113 2520 libri
2153 2483 2236 2527 III,
2262 2470 2382 2521 cod.
2425 2467 2607 2522 XLVI.
2638 2499 2708 2507 -—
2738 2454 2992 2537 Ejusdem
3024 2471 3403 2537 interpretatio
3452 2475 3546 2527 Da-

1997 2557 2176 2623 nielis,
2214 2556 2537 2612 Octateuchi
2577 2562 2865 2628 expositio,
2917 2570 2970 2615 et
3028 2561 3079 2614 iu
3134 2562 3301 2617 libros
3362 2565 3567 2634 Regum

1993 2665 2058 2703 ac
2087 2648 2564 2719 Paralipomenon,
2589 2653 2711 2706 cod.
2741 2652 2940 2707 CCLV.
2974 2680 3040 2693 ~—
3068 2652 3124 2707 In
3180 2670 3256 2709 xit
3284 2661 3575 2727 prophetas

1994 2743 2391 2807 ininoros,eod.
2428 2742 2588 2799 CCV.
2632 2743 2852 2799 -—Itetn
2893 2748 2943 2799 in
2984 2743 3041 2800 S.
3069 2745 3217 2800 Joan.
3250 2748 3576 2821 Chrysosto-

1999 2849 2144 2886 nium
2173 2833 2293 2887 libri
2321 2849 2375 2899 ν,
2407 2836 2529 2888 cod.
2563 2835 2859 2891 CCLXXII.
3168 2828 3176 2833 ’
3262 2840 3271 2847 ’

2073 2924 2411 2979 Theodosius
2464 2928 2759 2981 monachus
2791 2938 2976 2982 contra
3000 2929 3157 2986 Joan.
3194 2931 3575 3002 Philoponuin,

1999 3013 2123 3071 cod.
2154 3013 2317 3068 XXII.

2065 3105 2393 3177 Tlieognusﬁ
2438 3107 2730 3165 Alexandr.
2766 3121 2820 3166 et
2859 3127 3138 3169 sacrorum
3188 3114 3445 3170 librorum
3493 3117 3579 3171 in-

2000 3199 2275 3267 terpretis,
2311 3198 2726 3272 Ilypotyposeon
2755 3203 2873 3257 libri
2907 3219 3006 3271 vn,
3031 3206 3151 3260 cod.
3186 3205 3321 3260 CVI.

2069 3288 2310 3345 Theonis
2341 3292 2600 3347 archiatri
2630 3295 2976 3349 Alexandrini
3003 3295 3197 3364 Homo,
3219 3301 3339 3356 cod.
3364 3297 3574 3355 CCXX.

2073 3379 2421 3450 Theophanis
2436 3380 2679 3453 Byzantii
2700 3382 3061 3440 Historiarum
3081 3387 3175 3440 lib.
3195 3393 3385 3453 x,cod.
3400 3390 3577 3445 CCIII.

2071 3469 2482 3537 Theophrastus
2520 3474 2587 3527 de
2647 3475 2975 3530 animalibus
3025 3491 3144 3545 quae
3192 3479 3404 3533 colores
3457 3497 3578 3534 niu-

2002 3572 2142 3616 tant.
2187 3591 2254 3601 —-
2281 3560 2355 3616 De
2387 3568 2674 3617 nervorum
2708 3566 3061 3623 resolutione.
3085 3598 3156 3608 —
3189 3569 3262 3624 De
3298 3572 3461 3626 animi
3490 3575 3584 3626 dc-

1998 3652 2258 3707 fvctiune.
2282 3682 2353 3692 --
2384 3656 2457 3708 De
2496 3657 2865 3726 vertigine.—
2889 3658 3068 3724 Quare
3107 3663 3274 3715 cruda
3309 3678 3409 3716 ova
3446 3679 3582 3719 con-

2000 3747 2142 3799 νυΙΊῘ
2178 3763 2282 3800 non
2314 3749 2540 3817 possint.
2569 3779 2638 3789 —
2666 3751 2739 3805 De
2762 3755 3104 3810 lassitudine.
3134 3784 3208 3795 -
3237 3757 3313 3813 De
3336 3761 3584 3815 animan-

2002 3836 2149 3889 tilms
2208 3852 2329 3905 qua:
2363 3853 2486 3891 cum
2520 3840 2673 3909 copia
2703 3843 3070 3897 visnntur.—-
3098 3846 3172 3901 De
3216 3849 3583 3903 animantibus

1999 3942 2118 3997 qua:
2144 3926 2340 3980 invidia
2380 3928 2625 3984 laborare
2654 3931 2787 3985 l‘also
2811 3935 3154 3990 tlicnutur.—
3169 3937 3244 3994 De
3271 3941 3581 3999 sudoribus.

2000 4048 2069 4058 —
2096 4017 2169 4071 De
2199 4019 2414 4086 apibus,
2447 4023 2566 4076 eod.
2600 4023 2978 4084 CCLXXVIII.

2082 4110 2471 4184 Theopbylacti
2513 4112 2831 4170 Simoeattaa
2887 4118 3248 4177 Historiarum
3282 4123 3403 4179 libri
3464 4141 3581 4193 vin,

2002 4202 2122 4256 cod.
2156 4200 2315 4257 LXV.

2075 4294 2410 4367 Tlu-opompi
2444 4296 2804 4355 Historiarum
2833 4303 2953 4358 libri
2983 4320 3102 4368 LIII,
3134 4308 3260 4362 cod.
3290 4307 3519 4362 CLXXI:
3540 4309 3579 4365 1.

2075 4386 2263 4444 Τ1ιιιειι1
2286 4389 2525 4447 Lexicon
2554 4408 2743 4448 vocum
2775 4396 3204 4466 Platonicorum,
3235 4402 3359 4456 eod.
3380 4400 3508 4455 CLI.

2786 4502 2830 4558 V

2084 4614 2350 4671 Victorini
2418 4618 2697 4688 Lampadii
2763 4618 2835 4673 F.
2895 4622 3170 4677 orationes
3251 4623 3586 4694 consulares,

2007 4708 2129 4762 cod.
2179 4708 2264 4763 CI.

2090 4799 2342 4852 Viudanii
2372 4800 2611 4855 Anatolii
2650 4801 2829 4872 Beryti
2852 4802 3324 4861 Culleclaneorum
3350 4809 3415 4863 de
3440 4812 3590 4877 agri-

2020 4892 2248 4945 culturae
2285 4891 2571 4960 disciplina
2601 4892 2720 4945 libri
2750 4908 2845 4957 xu,
2879 4895 2997 4949 cod.
3020 4894 3222 4951 CLXII.

2094 4979 2226 5033 Vita:
2248 4978 2352 5033 SS.
2385 4980 2603 5034 Patrum
2646 4982 2737 5050 qui
2770 4985 2947 5054 magni
2985 4987 3201 5043 Antonii
3232 4997 3472 5059 tempore
3497 4989 3593 5047 Ilo-

2013 5081 2261 5138 ruerunt,
2292 5073 2412 5126 cod.
2442 5071 2728 5131 CXCVIII.

2797 5188 2837 5242 Ζ

2086 5298 2285 5353 Zosimi
2311 5299 2529 5354 comitis
2561 5299 2922 5360 Historiarum
2969 5306 3087 5362 libri
3116 5308 3326 5372 vr,cod.
3362 5305 3590 5364 XCVIII.
