3980 6234
335 208 408 274 43
1451 213 1714 275 ΡΗΟΤΙΙ
1745 215 1920 274 ΡΑΤΙ

2023 214 2256 292 uch
2296 215 2405 276 CP.
3543 216 3616 281 tt

337 323 518 378 leviter
546 322 732 376 saltem
769 323 984 394 eﬂictam
1024 341 1085 379 ac
1112 326 1410 396 generalem
1446 331 1792 399 cognitionem
1831 348 1915 384 eo-

2023 332 2417 400 παραμύθιον,
2437 331 2558 401 ἅμα
2585 330 2654 385 δὲ
2680 330 2777 385 και
2806 326 2894 387 ὧν
2922 331 3088 386 οῦπω
3113 334 3200 399 εἰς
3229 331 3417 399 ἀκοὰς
3443 332 3610 403 ἡμῶν

333 431 452 468 sum
501 416 845 481 voluminum,
879 433 998 487 qua:
1042 420 1275 472 nondum
1323 420 1464 489 apud
1500 438 1593 475 nos
1630 433 1915 490 praesentes

335 504 711 574 audientesque
731 504 967 575 legisses.
994 507 1074 561 Ea
1105 518 1222 561 sunt
1244 510 1296 560 in
1316 509 1638 576 universum,
1660 527 1765 564 uno
1781 510 1917 564 dun-

335 604 486 648 taxat
516 613 681 662 supra
721 596 978 650 decimam
1021 601 1259 668 quintam
1295 609 1500 669 partem
1543 601 1780 665 dempto,
1811 611 1917 654 tre-

334 695 484 738 centa
518 686 621 756 (οὶ),
653 695 726 740 tot
755 688 914 751 enim,
946 689 1048 741 nisi
1083 690 1264 756 fallor,
1300 699 1348 743 te
1385 691 1594 744 absente
1619 690 1718 761 legi
1751 692 1917 744 conti-

333 775 429 842 git.
456 772 762 830 Librarium
801 779 965 847 igitur
1000 781 1160 843 nacti,
1205 789 1398 849 tuoque
1421 794 1540 835 voto
1565 799 1626 834 ac
1657 783 1916 836 desiderio

332 867 488 934 quasi
533 867 762 921 debitum
821 870 1098 936 solventes,
1146 869 1352 926 edimus
1408 874 1717 943 aliquando,
1759 885 1917 945 quot-

333 967 458 1024 quot
492 959 678 1009 horum
729 969 1162 1028 argumentorum
1191 966 1446 1018 memoria
1479 961 1664 1020 nostra
1698 983 1916 1022 conser-

332 1057 480 1101 varat
510 1064 523 1101 :
551 1050 718 1102 serius
760 1049 814 1103 id
845 1052 1056 1121 quidem
1089 1053 1340 1122 forsitan,
1371 1073 1528 1127 quam
1558 1059 1748 1114 ardens
1782 1059 1918 1112 illud

336 1147 484 1191 tuum
524 1140 840 1194 desiderium
880 1143 1222 1212 ﬂagransque
1267 1147 1529 1216 cupiditas
1566 1149 1918 1217 postulabat:

336 1241 572 1283 attamen
605 1232 764 1286 citius
803 1249 963 1303 quam
1008 1235 1233 1290 aliorum
1254 1239 1512 1308 quispiam
1539 1257 1750 1311 sperare
1769 1253 1918 1310 pote-

335 1333 441 1376 rat.
477 1323 594 1376 Hoc
613 1337 788 1379 autent
820 1328 1005 1383 ordine
1041 1330 1250 1399 singula
1269 1331 1374 1385 sibi
1395 1344 1703 1403 argumenta
1738 1351 1920 1390 succe-

333 1417 480 1482 dent,
510 1434 612 1486 quo
643 1421 823 1473 eadem
875 1421 984 1476 Ιιιεσ
1018 1424 1275 1477 memoria
1314 1428 1717 1495 prceoccuparit.
1768 1427 1921 1484 Prae-

333 1509 534 1572 sertim,
595 1525 714 1561 cum
759 1509 972 1580 diﬂicile
1004 1510 1417 1584 haudquaquam
1467 1517 1536 1570 sit
1577 1519 1646 1587 (si
1678 1519 1799 1586 quis
1843 1523 1922 1574 ita

2018 424 2286 493 ἀνέγνως
2321 426 2378 476 εὶ
2412 424 2509 478 καὶ
2541 422 2989 490 διατυπωτικήν
3033 441 3167 478 τινα
3209 424 3309 478 καὶ
3353 423 3615 478 κοινοτέ-

2013 533 2132 584 ραν
2147 515 2263 584 τὴν
2286 515 2617 586 ἐπίγνωσιν
2637 515 2844 586 (ταῦτα
2859 515 2925 568 δέ
2944 515 3076 570 ἐστι
3101 515 3614 581 πεντεκαιδεκάτῳ

2014 609 2182 679 μέρει
2204 608 2326 662 τῶν
2355 609 2715 676 τριακοσίων
2737 608 2832 677 ἐφ’
2855 608 2944 662 ἐνὶ
2969 608 3068 662 καὶ
3099 610 3172 662 οὐ
3206 609 3398 663 πλέον
3417 611 3432 642 ¹
3465 610 3615 663 ἀπο-

2019 702 2339 754 λείποντα·
2374 699 2645 754 τοσαῦτα
2675 699 2806 770 γὰρ,
2854 698 3034 769 οἶμαι,
3065 700 3177 769 τῆς
3227 701 3350 771 σῆς
3393 703 3466 756 οὺ
3505 719 3616 755 τυ-

2019 796 2207 862 χόντα
2233 790 2571 859 παρουσίας
2594 789 3055 859 ἀναγνωσθῆναι
3084 789 3473 859 συνέπεσεν),
3496 788 3616 858 ὀψὲ

2013 886 2132 956 μὲν
2161 885 2307 951 ἴσως
2342 884 2452 938 τοῦ
2495 883 2612 938 σοῦ
2647 883 2942 952 διαπύρου
2968 883 3158 937 πόθου
3191 882 3292 936 καὶ
3333 881 3444 950 τῆς
3483 884 3613 952 θερ·

2015 976 2140 1046 μῆς
2167 973 2482 1042 αἰτήσεως,
2512 971 2730 1028 θᾶττον
2758 971 2825 1024 δέ
2854 971 2891 1041 ἢ
2918 971 3036 1025 ὅσα
3059 969 3137 1024 ἀν
3155 987 3247 1036 τις
3279 970 3471 1035 ἀλλος
3507 969 3613 1022 ἐλ-

2021 1069 2240 1132 πίσειε,
2296 1067 2588 1134 τυχόντες
2639 1063 3069 1133 ὑποπραφέως,
3120 1063 3273 1128 ὅσας
3323 1059 3525 1116 αὐτῶν
3568 1059 3610 1128 ἡ

2015 1159 2224 1232 μνήμη
2247 1154 2508 1222 διέσωζε,
2538 1153 2649 1209 τὸν
2670 1157 2789 1211 σὸν
2809 1154 3013 1225 ὥσπερ
3041 1155 3472 1224 ἀφοσιούμενοι
3498 1155 3611 1207 πό-

2021 1259 2131 1310 θον
2159 1253 2258 1308 καὶ
2293 1252 2410 1320 τὴν
2447 1252 2722 1317 ἀξίωσιν,
2757 1246 3189 1317 ἐκδεδώκαμεν.
3217 1246 3381 1300 Οὕτω
3417 1245 3486 1297 δὲ
3513 1243 3615 1299 τά-

2023 1347 2174 1413 ξεως
2197 1348 2259 1399 αὶ
2290 1344 2612 1410 ὑποθέσεις
2649 1341 3074 1409 ἐπιλήψονται,
3110 1339 3191 1405 ὡς
3231 1338 3309 1392 ἂν
3344 1337 3616 1406 ἑκάστην

2020 1439 2221 1494 αὐτῶν
2257 1440 2296 1508 ἡ
2321 1437 2527 1509 μνήμη
2558 1434 2869 1505 προϐάλοι,
2910 1435 2983 1488 οὐ
3019 1430 3293 1502 χαλεπὸν
3325 1430 3400 1485 ὃν
3435 1429 3534 1484 καὶ
3557 1431 3616 1484 ετ

2020 1549 2114 1598 τις
2159 1531 2358 1585 ἕλοιτο
2421 1529 2540 1597 ἰδίᾳ
2585 1528 2706 1598 μὲν
2744 1526 2976 1580 τούτων
3023 1524 3143 1578 ὅσα
3188 1522 3300 1591 τῆς
3343 1523 3616 1590 ἱστορίας
3669 1591 3671 1594 ς

334 1600 512 1670 malit)
549 1602 773 1654 seorsim
819 1604 1000 1656 omnia
1045 1621 1163 1674 qua:
1194 1611 1263 1659 ad
1293 1607 1572 1663 historiam
1614 1612 1837 1680 faciunt,
1868 1622 1919 1667 et

2023 1622 2215 1688 ἐστὶν,
2250 1620 2369 1688 ἰδίᾳ
2394 1619 2463 1673 δὲ
2497 1620 2615 1672 ὅσα
2637 1617 2786 1686 πρὸς
2813 1616 3011 1670 ἄλλον
3043 1615 3140 1669 καὶ
3161 1614 3357 1668 ἀλλον
3375 1615 3618 1668 σκοπὸν

335 1708 520 1745 rursus
550 1709 667 1760 qua:
693 1694 764 1746 ad
790 1693 958 1748 alium
979 1706 1134 1765 atque
1158 1699 1326 1751 alium
1358 1716 1594 1770 scapum,
1627 1703 1922 1758 describere
1954 1688 1995 1745 Β
2023 1715 2240 1784 (uagi,
2282 1752 2300 1768 ,

332 1799 494 1851 eaque
527 1783 690 1853 juxta
735 1788 1006 1855 propriam
1059 1789 1281 1856 speciem
1321 1792 1375 1842 in
1431 1808 1594 1844 unum
1641 1792 1920 1861 conjicere.

343 1872 536 1927 Verum
579 1877 863 1945 superﬂua:
891 1877 1027 1930 illud
1041 1882 1386 1934 contentionis
1409 1899 1520 1936 esse
1547 1895 1716 1949 ratus,
1734 1901 1924 1954 sequor

333 1967 690 2033 promiscuam
760 1971 954 2039 absque
1003 1971 1310 2027 discrimine
1368 1976 1702 2030 varietatem.
1748 1975 1920 2030 Movet

333 2064 474 2116 enim
505 2062 560 2114 in
587 2061 850 2130 plerisque
881 2064 1166 2119 identidem
1209 2068 1458 2134 impetum
1479 2069 1727 2122 desiderii
1767 2081 1922 2139 atque

334 2157 403 2208 ad
435 2157 745 2209 memoriam
767 2157 928 2209 nescit
957 2157 1148 2226 offerre
1173 2159 1474 2229 fastidium.
1507 2160 1661 2227 Quod
1677 2162 1724 2216 si
1753 2179 1922 2233 quan-

332 2250 502 2318 doque
542 2249 655 2314 tibi,
698 2249 825 2302 dum
885 2252 1106 2319 ipsamet
1147 2255 1438 2308 studiosius
1478 2254 1732 2310 tractabis
1772 2255 1922 2310 volu-

331 2341 498 2405 mina,
523 2339 731 2395 brevior
755 2341 1041 2407 videbitur,
1069 2354 1158 2398 aut
1185 2346 1357 2399 minus
1393 2357 1647 2402 accurata
1673 2365 1920 2419 quorum-

333 2436 460 2486 dam
481 2443 914 2502 argumentorum
941 2435 1028 2488 hic
1055 2453 1164 2490 esse
1199 2438 1344 2507 facta
1373 2441 1592 2506 mentio,
1635 2457 1697 2496 ne
1727 2442 1782 2495 id
1817 2443 1922 2495 mi-

330 2526 463 2579 reris
503 2527 657 2580 velim
689 2540 708 2578 :
739 2543 862 2581 nam
914 2545 1078 2583 unum
1116 2531 1343 2600 aliquem
1371 2531 1562 2586 librum
1607 2536 1918 2604 singulatim

334 2617 544 2685 tegenti,
577 2629 948 2687 argumentum
976 2621 1090 2690 ejus
1122 2623 1303 2675 animo
1335 2625 1630 2694 complecti,
1659 2625 1918 2696 illudque,

333 2709 601 2762 memoria:
647 2725 710 2762 ac
752 2708 949 2766 litteris
1000 2715 1276 2777 mandare,
1329 2730 1432 2767 non
1477 2719 1828 2781 paenitendum
1871 2719 1920 2773 ei

333 2813 463 2866 opus
492 2809 590 2861 est,
626 2801 717 2867 qui
752 2799 806 2852 id
844 2805 998 2854 modo
1032 2802 1184 2866 velit;
1221 2814 1274 2856 at
1303 2804 1574 2872 complura
1619 2808 1798 2873 simul,
1835 2809 1919 2862 id-

337 2905 439 2957 que
465 2900 579 2956 post
605 2891 856 2957 temporis
891 2891 1110 2962 aliquod
1149 2895 1503 2960 intervallum,
1545 2910 1790 2952 accurate
1812 2916 1917 2954 me-

334 2980 578 3046 minisse,
602 2979 702 3034 hoc
731 2997 824 3052 ego
871 2999 975 3036 non
1008 2985 1141 3038 adeo
1171 2986 1404 3040 arbitror
1438 3003 1548 3042 esse
1582 2989 1760 3060 facile.
1791 2991 1916 3045 Jam

334 3089 455 3128 vero
497 3090 823 3144 quwcnnque
869 3077 924 3129 in
960 3075 1108 3136 lectis
1148 3077 1259 3133 illis
1303 3079 1451 3134 libris
1505 3083 1658 3135 obvia
1697 3094 1841 3150 sunt,
1868 3094 1917 3137 et

337 3179 501 3233 neque
535 3176 657 3216 tuas
683 3164 935 3232 forsitan,
976 3167 1038 3219 ob
1073 3167 1289 3221 insitum
1319 3170 1387 3223 iis
1422 3170 1740 3240 facilitatem
1775 3172 1922 3243 fuge-

336 3264 459 3307 runt
495 3270 677 3320 curas,
716 3256 798 3310 Itis
842 3272 905 3310 ne
952 3274 1047 3312 nos
1069 3261 1280 3329 quidem
1312 3273 1517 3317 tantum
1547 3266 1714 3319 studii
1749 3283 1920 3337 quan-

336 3359 446 3400 tum
487 3349 693 3404 cteteris
727 3351 1066 3407 adhibuimus
1097 3368 1116 3407 :
1145 3353 1236 3409 sed
1252 3370 1431 3409 eorum
1455 3360 1631 3429 major
1655 3362 1922 3415 accuratio

337 3444 401 3497 de
433 3443 702 3498 industria
744 3458 821 3500 est
851 3449 1228 3516 prwtermissa.
1262 3451 1345 3504 An
1382 3463 1554 3507 autem
1583 3456 1732 3508 aliud
1755 3455 1924 3525 quid-

337 3535 481 3603 piam
512 3551 616 3589 non
642 3538 834 3592 inutile
857 3555 964 3592 una
985 3556 1105 3594 cum
1133 3541 1216 3595 his
1237 3547 1561 3613 argumentis
1591 3562 1752 3616 supra
1776 3559 1924 3600 tuam

335 3625 643 3691 petitionem
683 3629 930 3695 accedat,
980 3632 1036 3684 id
1081 3643 1138 3686 tu
1185 3634 1374 3688 melius
1426 3637 1710 3706 intelliges.
1759 3637 1924 3693 Utilia

336 3734 468 3772 sane
488 3719 712 3774 tibiltwc
736 3721 892 3777 modo
919 3723 1059 3778 edita
1087 3725 1273 3794 futura
1303 3739 1448 3794 sunt,
1477 3747 1592 3783 cum
1619 3738 1924 3788 summatim

335 3827 518 3864 eorum
553 3810 648 3864 tibi
694 3828 1000 3869 memoriam
1029 3818 1298 3886 refricent,
1339 3839 1456 3891 qua:
1477 3835 1585 3876 tute
1628 3839 1722 3892 per
1768 3835 1819 3879 te
1845 3830 1918 3879 le-

339 3903 509 3972 gendo
541 3907 854 3972 percurristi
884 3923 903 3962 :
929 3919 984 3962 tu
1011 3919 1068 3963 ut
1100 3911 1260 3966 citius
1300 3917 1530 3984 reperias
1554 3919 1599 3970 si
1627 3917 1756 3988 quid
1781 3919 1836 3971 in
1857 3921 1924 3974 iis

335 4011 578 4065 quaeras;
626 4002 754 4067 quin
798 4001 960 4054 etiam
993 4013 1049 4056 ut
1097 4004 1316 4072 facilius
1364 4011 1665 4079 assequaris
1712 4029 1775 4065 ea
1806 4029 1925 4082 qua:

339 4089 478 4157 forte
504 4091 739 4144 nondum
772 4094 1122 4165 intelligentia
1149 4102 1459 4170 perceperis.

1107 4189 1186 4246 Γ.

341 4275 650 4332 Theodorus
693 4285 981 4351 presbyter,
1023 4285 1336 4364 descriptis
1386 4289 1447 4344 S.
1498 4291 1743 4364 Dionysii
1763 4298 1926 4350 Areo-

658 4426 663 4433 _
975 4357 1169 4425 pagitte
1196 4357 1298 4429 (5).

408 4439 610 4497 Lectus
659 4454 743 4500 est
777 4444 1049 4502 Theodori
1097 4451 1401 4522 presbyteri
1440 4453 1580 4511 liber
1613 4472 1722 4527 quo
1765 4460 1925 4515 docet

2341 1753 2358 1768 .
2400 1709 2581 1774 εἶδος.
2627 1753 2642 1766 .
2684 1751 2700 1766 .
2740 1711 2902 1765 ἀλλὰ
2923 1707 3225 1779 περιττῆς.
3269 1749 3284 1765 .
3326 1748 3342 1764 .
3382 1709 3582 1776 τιμίας

2018 1805 2316 1876 umeri.
2358 1844 2372 1860 .
2415 1844 2430 1859 .
2471 1803 2725 1874 νομίζων
2745 1802 2902 1867 ἀξι⁵ο
2943 1841 2958 1858 .
3003 1840 3017 1854 .
3060 1800 3282 1854 δὲσκαι
3319 1799 3387 1853 τὸ
3421 1800 3618 1853 ποικί-

2020 1903 2155 1954 λον.
2201 1940 2215 1954 .
2261 1938 2276 1954 .
2316 1896 2698 1963 ἐντπολλοῖς
2726 1895 2826 1950 καὶ
2859 1893 3158 1960 πολλάκις
3190 1897 3301 1962 όρμ
3316 1893 3360 1946 ⁸.
3404 1933 3419 1947 .
3460 1930 3476 1946 .
3518 1891 3618 1946 καὶ

2021 1991 2206 2058 κόρον
2231 1991 2344 2044 οὐκ
2367 1984 2494 2043 οἵδε
2517 1989 2744 2042 τίκτειν
2771 1988 2858 2052 εὶς
2883 2003 2952 2055 μι
2967 1985 3010 2039 ⁸.
3055 2027 3070 2040 .
3115 2024 3131 2038 .
3170 1987 3222 2038 εὶ
3254 1983 3323 2037 δέ
3349 1983 3451 2037 σοί
3473 1997 3619 2036 ποτε

2023 2084 2152 2137 κατ’
2175 2083 2329 2137 αὐτὰ
2358 2080 2660 2150 γενομένῳ
2684 2080 2756 2133 τὰ
2781 2079 2967 2146 τεύχη
2989 2077 3092 2131 καὶ
3119 2075 3619 2147 φιλοπονουμένῳ

2020 2175 2157 2231 τινὰ
2199 2173 2549 2230 ὑποθέσεων
2589 2171 2857 2237 ἐλλιπῶς
2899 2169 2938 2240 ἣ
2983 2173 3096 2224 οὐκ
3142 2171 3232 2236 είς
3274 2168 3343 2222 τὸ
3381 2167 3620 2236 ἀκριϐὲς

2022 2267 2316 2334 δόξουσιν
2341 2263 3007 2334 ἀπομεμνημονεῦσθαι,
3041 2260 3238 2332 μηδὲν
3277 2259 3616 2329 θαυμάσῃς.

2020 2362 2180 2415 Μίαν
2207 2359 2318 2431 γὰρ
2343 2360 2613 2424 ἑκάστην
2629 2357 2853 2423 βίϐλον
2878 2353 3303 2423 ἀναλεγομένῳ
3329 2351 3446 2421 τὴν
3465 2354 3616 2407 ὑπόσ-

2021 2458 2195 2508 θεσιν
2214 2452 2550 2509 συλλαϐεῖν
2577 2449 2678 2504 καὶ
2707 2447 2918 2520 μνήμῃ
2957 2445 3056 2500 καὶ
3087 2444 3288 2516 τραφῇ
3315 2443 3620 2513 παραδοῦ-

2020 2565 2121 2602 ναι
2151 2548 2230 2613 ἀξ
2249 2549 2316 2602 ¹⁰.
2360 2585 2376 2601 .
2419 2587 2434 2602 .
2474 2548 2653 2615 ἔργον
2679 2543 2811 2597 ἐστὶ
2838 2541 2919 2607 τῷ
2942 2538 3299 2609 βουλομένῳ
3319 2555 3336 2571 ο
3371 2537 3521 2607 ὁμοῦ
3548 2536 3620 2590 δέ

2023 2642 2340 2705 πλειόνων,
2380 2638 2480 2692 καὶ
2507 2638 2642 2691 τότε
2678 2635 2902 2705 χρόνου
2940 2632 3168 2703 μεταξὺ
3204 2630 3617 2699 διαρῤυέντος,

2019 2737 2107 2800 εἰς
2139 2732 2490 2802 ἀνάμνησιν
2512 2730 2665 2800 μετὰ
2699 2727 2806 2782 τοῦ
2841 2724 3125 2795 ἀκριϐοῦς
3162 2723 3475 2792 ἐφικέσθαι
3505 2723 3620 2775 οὐκ

2019 2823 2178 2895 οἶμαι
2205 2824 2422 2893 ῥᾴδιον
2447 2819 2814 2890 εἷναι.Ἥμῖν
2845 2818 2914 2872 δέ
2943 2817 3002 2889 [4
3033 2817 3098 2872 G.
3127 2825 3184 2871 et
3225 2813 3315 2886 8.]
3341 2813 3438 2866 καὶ
3467 2813 3622 2867 ὅσον

2019 2916 2362 2977 ἐπιπολάζει
2392 2915 2512 2969 τῶν
2529 2911 3009 2983 ἀνεγνωσμένων
3033 2908 3132 2962 καὶ
3176 2906 3321 2962 οὐδὲ
3355 2907 3465 2970 τὰς
3501 2905 3622 2970 σὰς

1947 3043 1989 3098 c
2022 3011 2120 3065 διὰ
2143 3011 2210 3063 τὸ
2233 3010 2556 3079 πρόχειρον
2580 3006 2729 3072 ἴσως
2767 3000 3133 3098 διαπέφευγε
3157 3000 3440 3098 μελέτας,
3475 2998 3622 3052 οὐδὲ

2023 3103 2258 3169 τούτοις
2279 3101 2396 3169 τὴν
2421 3099 2519 3154 ἐπὶ
2542 3097 2668 3164 τοῖς
2692 3096 2906 3160 ἄλλοις
2934 3093 3150 3162 ὁμοίαν
3172 3089 3421 3160 ἐθέμεθα
3439 3105 3624 3158 φρον-

2024 3194 2178 3259 τίδα,
2211 3192 2373 3248 ἀλλὰ
2414 3190 2565 3245 κατὰ
2593 3189 2660 3242 τὸ
2690 3187 2977 3241 ἑκούσιον
3027 3183 3095 3236 τὸ
3135 3181 3379 3249 ἀκριϐὲς
3419 3177 3626 3234 αὐτῶν

2024 3285 2366 3354 ὑπερώφθη.
2408 3285 2475 3338 ει
2505 3281 2573 3336 δέ
2614 3298 2670 3334 τι
2711 3279 2811 3333 καὶ
2851 3279 3008 3332 ἀλλο
3051 3273 3332 3344 χρειῶδες
3369 3272 3470 3326 καὶ
3511 3271 3626 3340 τῆς

2025 3378 2146 3447 σῆς
2168 3377 2462 3444 αἰτήσεως
2490 3373 2589 3428 ἐπὶ
2625 3373 2818 3427 πλέον
2854 3369 2986 3435 ταῖς
3008 3366 3342 3424 ὑποθέσεσι
3369 3381 3627 3420 συνεισ-

2025 3474 2249 3536 πίπτει,
2287 3471 2469 3537 αύτὸς
2503 3468 2748 3538 μᾶλλον
2782 3463 3101 3529 συνήσεις.
3131 3459 3532 3530 Χρησιμεύσει
3557 3455 3628 3509 δέ

2025 3583 2127 3620 σοι
2155 3565 2438 3634 δηλονότι
2477 3563 2548 3616 τὰ
2587 3559 2955 3629 ἐκδεδομένα
2999 3556 3090 3621 εἵς
3133 3571 3197 3608 τε
3240 3549 3625 3622 κεφαλαιώδη

2023 3657 2273 3729 μνήμην
2307 3657 2406 3711 καὶ
2441 3652 2790 3722 ἀνάμνησιν
2820 3650 2941 3704 τῶν
2969 3648 3146 3702 εἷτε¹¹
3173 3646 3326 3698 κατὰ
3360 3644 3627 3698 σεαυτὸν

2026 3749 2481 3818 ἀναλεξάμενος
2519 3743 2801 3812 ἐπῆλθες,
2828 3741 2927 3795 καὶ
2973 3743 3061 3807 είς
3103 3739 3343 3807 ἕτοιμον
3382 3736 3624 3803 εὕρεσιν

2026 3842 2148 3896 τῶν
2177 3843 2247 3895 ἐν
2278 3839 2486 3905 αὐτοῖς
2513 3835 3013 3904 ἐπιζητουμένων,
3045 3833 3119 3886 οὐ
3161 3829 3291 3900 μὴν
3329 3826 3492 3883 ἀλλὰ
3523 3826 3624 3880 και

2026 3940 2115 4003 είς
2156 3932 2594 4004 εὐχερεστέραν
2617 3929 2933 3994 ἀνάληψιν
2967 3922 3088 3978 τῶν
3127 3922 3295 3976 οὗπω
3338 3918 3454 3985 τὴν
3478 3915 3624 3970 ἀνά-

2027 4043 2259 4098 γνωσιν
2297 4023 2408 4092 τῆς
2445 4021 2566 4091 σῆς
2605 4020 2914 4084 συνέσεως
2954 4013 3364 4070 ὑπελθόντων.

2789 4199 2868 4249 A’.

2033 4295 2340 4363 Θεοδώρου
2375 4291 2810 4363 πρεσϐυτέρου,
2841 4285 3203 4363 (Stimula,
3241 4283 3280 4350 ἡ
3312 4279 3415 4336 τοῦ
3449 4279 3624 4348 ἁγίου

2533 4361 2857 4416 Διονυσίου
2881 4359 3122 4424 βίϐλος.

2107 4457 2173 4531 [l
2209 4455 2361 4530 H“.]
2395 4455 2739 4526 Ἀνεγνὼσθη
2773 4451 3050 4523 Θεοδώρου
3083 4443 3481 4519 πρεσϐυτέρου,
3531 4441 3614 4494 ὅτι

1604 4573 1839 4631 VARUE
1883 4573 2296 4634 LECTIONES.

408 4654 643 4739 {@5303
677 4675 738 4739 ςτ
771 4658 812 4714 ἰ.
844 4673 894 4714 ε’.
923 4658 1152 4739 ,νυζεεω
1187 4680 1200 4715 :
1228 4677 1403 4739 _quam
1445 4667 1536 4723 ubi
1572 4668 1895 4738 simpliciter
1932 4683 2098 4739 pono,
2130 4676 2365 4736 receptae
2393 4681 2426 4719 a
2460 4679 2546 4739 me
2574 4661 2830 4739 lectionis
2865 4667 3057 4714 auctor
3078 4666 3163 4714 est
3186 4655 3254 4710 A.

3365 4653 3388 4684 ³
3423 4645 3618 4720 ἀναφο]

337 4720 482 4805 hinc.
521 4725 573 4778 in
606 4726 651 4778 Α
689 4720 884 4810 ἐψειίι⁵
923 4720 1113 4810 incipit
1161 4720 1372 4810 prig'tsar
1402 4720 1993 4810 paéi'naiﬂc'oium'mergv
2007 4720 2182 4807 cuius
2203 4720 2396 4793 τιεί-ευρ»
2429 4735 2613 4810 primi.
2651 4735 2859 4810 maiore
2899 4744 2968 4783 ex
3001 4740 3157 4810 Ρὲτὲθ
3191 4726 3626 4810 ινθηὼῖξθξῖἷῗῗ

337 4793 776 4879 centicooperti,
830 4799 978 4879 ultra
1035 4793 1300 4879 principia
1359 4793 1619 4878 le'gi'nou
1673 4793 1925 4879 possunt;
1965 4793 2053 4864 lis,
2091 4793 2263 4876 igitur
2314 4793 2448 4879 quoi
2487 4793 2681 4859 littera:
2734 4793 2926 4879 deesse
2978 4793 3327 4879 videbantur,
3365 4793 3625 4879 totiposui

333 4872 558 4949 Pugtcla-
587 4866 721 4952 μεῐη
753 4883 874 4952 sum
895 4866 1073 4952 εσίιρτ
1101 4866 1556 4952 κρξῑηωεεὲηείε
1581 4866 1820 4952 ευίῖεςῆι.
1844 4866 2294 4952 ηεοξθιιιεῦιῑειιι
2325 4866 2556 4952 (ardent.
2595 4869 2992 4952 "cestimim:
3061 4866 3500 4952 ἀγαφ.1.ἀνξιγρξ

1342 4931 1940 5020 uagatis—pssies
1959 4931 2137 5004 nam:
2237 4931 2811 5020 τιμιαξχφιλοτιμίαξ.
2855 4939 3016 5020 βοιιλ.
3147 4931 3376 5020 μέλλον]
3398 4931 3630 5020 pati?!
3664 4981 3680 4992 ,
3711 4969 3722 4982 .

1293 5001 1932 5094 ιάςέᾴρὂςῌὸιῖίέξῖδὲ⁷]
1957 5001 2261 5094 freti—($111.:
2291 5001 2684 5094 iev'fs'pma't
2715 5001 2826 5094 γὰρ
2853 5012 2918 5089 sv
2968 5001 3233 5094 noun:
3259 5001 3629 5094 εἰρεῃί-ρεξιρν

333 5091 458 5163 iw“.
481 5076 648 5163 ⁸9η)-
677 5147 690 5163 ,
733 5077 755 5107 ⁸
787 5076 1141 5163 Piri-“ﬂgiti!
1159 5081 1324 5144 ROth.
1360 5076 1373 5091 ’
1403 5076 1448 5124 ιδ
1471 5090 1588 5163 ἀξ.]
1609 5090 1891 5162 ἀξιόλογον
1912 5076 1932 5093 ³
1955 5090 2120 5145 Both.
2159 5090 2256 5143 καὶ
2284 5076 2431 5143 τότε³
2467 5076 2510 5142 ἱξ
2549 5102 2600 5141 e.
2652 5076 2748 5140 καὶ
2777 5076 2974 5135 ταῦτα.
3028 5076 3234 5151 μεταξὺ
3266 5079 3312 5129 Α
3360 5090 3376 5128 :

335 4935 433 5006 καὶ
480 4937 602 5006 κατ’
637 4935 839 4991 οἰκεῖον
895 4939 1059 4994 Roth.
1121 4937 1273 5006 εἷδος’

336 4947 433 4988 και
480 4947 602 4989 κατ’
637 4947 839 4991 οἰκεῖον
897 4947 1059 4994 ιὶοιΙι.
1121 4947 1273 5006 εἰῶς’

336 5003 676 5080 εἶναιμΒογιΙι.
736 5009 770 5080 ⁸⁵
798 5006 912 5080 alii]
946 5009 1082 5073 ἁξιῶ
1109 5011 1171 5063 τὸ
1218 4947 1286 5072 ἀὲ

339 5145 381 5176 ¹¹
406 5148 542 5222 εἴτε]
571 5166 641 5205 an
676 5145 964 5220 legendum
989 5145 1141 5204 εἷτὶἳ

407 5265 428 5284 ’
454 5257 680 5318 Numeri
707 5261 945 5319 Romani
977 5261 1197 5318 codices
1230 5273 1646 5335 repraesentant.

3286 4860 3628 4932 ἀναγράφειν

3433 5075 3534 5142 μὲν
3566 5085 3626 5133 ς.

1726 5265 1765 5285 “
1788 5263 1922 5336 Pag.
1961 5265 2092 5320 edit.
2122 5264 2349 5320 Hmsch.

1863 5357 2100 5412 NOTAE.

408 5443 488 5517 (2)
515 5443 585 5517 Ald
611 5457 716 5512 est,
749 5447 877 5505 279.
911 5446 1068 5516 Quod
1103 5456 1284 5502 autem
1317 5447 1371 5502 in
1398 5447 1576 5504 Indice
1603 5446 1798 5504 Graeco
1838 5457 1925 5504 (ππΙ

336 5515 436 5589 seu
467 5515 598 5580 280,
633 5529 817 5574 notata
847 5515 1225 5589 reperiantur,
1265 5520 1317 5572 id
1355 5534 1422 5572 ex
1459 5535 1526 5574 eo
1554 5519 1812 5576 fortassis
1835 5538 1929 5577 ac-

334 5588 487 5710 cidill,
518 5591 663 5669 quod
688 5590 761 5644 ibi
793 5599 851 5646 ut
879 5588 1103 5664 apparet
1138 5589 1250 5658 1:0',
1275 5605 1322 5646 s.
1362 5589 1453 5656 89,
1482 5606 1744 5646 numerus
1766 5595 1934 5648 omis-

335 5674 430 5710 SllS
482 5671 641 5710 uertt.

335 5674 430 5714 SlIS
459 5671 641 5714 IUCl‘ll.

2113 5451 2190 5522 (5)
2232 5448 2744 5522 Esstaretuutinam
2797 5447 3124 5522 Theodorus
3160 5447 3287 5510 iste,
3343 5443 3421 5498 De
3454 5441 3638 5522 legiti-

2041 5514 2148 5596 mis
2171 5514 2240 5596 Β.
2276 5519 3100 5596 DionysiiAreqpagitaajibris,
3129 5514 3633 5596 autrquautjeilem

2046 5594 2172 5665 inde
2207 5592 2265 5643 ὲν
2303 5584 2539 5660 ὲπιτόμῇ
2578 5584 2851 5665 exitierpta
2898 5589 3148 5650 Photius,
3194 5595 3255 5665 ut
3301 5584 3430 5665 alibi
3457 5584 3634 5665 minus

2041 5663 2278 5719 fortasse
2313 5656 2648 5725 necessaria,
2696 5668 3170 5728 repraesentasset.
3194 5656 3464 5721 Quoniam
3504 5664 3635 5704 vero
