3980 6234
300 268 367 331 46
1395 261 1924 324 BIBLIOTHECA.
1960 288 2024 299 -
2054 259 2268 320 CODD.
2312 257 2484 317 I-IiI.
3506 261 3577 331 ιθ

295 376 496 449 γνησία
526 375 560 446 ἡ
585 373 682 427 τοῦ
708 372 866 442 ἀγίου
897 369 1176 426 Διονυσίου
1214 369 1414 441 βίϐλος.
1446 370 1728 424 Διελύοντο
1754 370 1812 424 δὲ
1834 372 1890 424 ἐν

2011 383 2312 438 germanum
2337 382 2459 423 esse
2482 368 2657 422 sancti
2689 367 2930 438 Dionysii
2956 383 3113 439 opus.
3147 367 3444 427 Solvuntur
3469 389 3572 428 au-

295 469 369 537 τῷ
403 465 544 534 λόγῳ
572 466 854 527 ἐνστάσεις
878 464 1165 532 τέσσαρες,
1202 462 1300 534 μία
1331 462 1430 532 μὲν
1458 463 1540 516 ὅτι
1571 464 1619 514 εἶ
1651 457 1720 533 ἦν
1743 478 1877 529 γνη-

299 560 411 614 σία.
443 558 561 620 πῶς
587 539 689 609 cui
718 555 1070 626 ἐμνήσθησαν
1095 554 1205 607 τῶν
1235 557 1292 607 ὲν
1319 556 1458 626 αὐτῇ
1487 554 1670 624 ῥητῶν
1696 571 1753 607 τε
1787 555 1885 608 καὶ

296 650 547 722 Χρήσεων
579 647 726 711 τινὲς
767 646 877 699 τῶν
915 646 1393 717 μεταγενεστέρων
1426 646 1718 716 Πατέρων;
1754 649 1884 698 Λευ-

296 740 430 809 τέρα
462 739 521 790 δέ
545 753 560 767 ·
592 738 676 790 ὅτι
705 737 962 800 Εὐσέϐιος
991 739 1018 790 ὁ
1048 737 1334 806 Παμφίλου
1377 736 1700 807 ἀναγραφὴν
1725 754 1882 807 ποιη-

300 831 536 899 σάμενος
584 829 694 881 τῶν
751 829 1260 899 συγγεγραμμένων
1305 831 1418 893 τοῖς
1454 829 1745 900 μακαρίοις
1775 833 1888 884 Πα-

296 920 493 990 τράσιν
522 919 679 987 ήμῶν
705 917 923 988 βιϐλίων
949 919 1204 989 οὐδεμίαν
1226 919 1428 988 ταύτης
1461 921 1680 990 μνήμην
1701 921 1888 988 ἐποιή-

301 1027 465 1076 σατο;
503 1010 676 1080 Τρίτη
713 1009 803 1061 δέ·
842 1010 924 1062 ὅτι
959 1009 1077 1073 πῶς
1103 1010 1213 1063 τῶν
1247 1011 1388 1064 κατὰ
1416 1010 1700 1078 προκοπὴν
1729 1013 1786 1064 ὲν
1820 1013 1886 1082 τῇ

311 1103 613 1173 Ἐκκλησία
642 1103 737 1156 καὶ
769 1102 860 1155 διὰ
910 1102 1126 1174 μακροῦ
1166 1103 1260 1156 τοῦ
1307 1105 1502 1174 χρόνου
1548 1103 1891 1172 αὐξηθέντων

301 1192 658 1261 παραδόσεων
689 1193 722 1261 ἡ
753 1191 932 1260 βίϐλος
978 1191 1118 1263 αὕτη
1155 1194 1466 1263 λεπτομερῆ
1497 1194 1596 1264 τὴν
1631 1192 1892 1263 ἐξήγησιν

301 1284 542 1335 ποιεῖται
566 1299 581 1346 ;
628 1282 686 1334 Ὀ
713 1281 811 1351 μὲν
834 1283 940 1352 γὰρ
969 1282 1140 1352 μέγας
1159 1284 1431 1345 Διονύσιος
1480 1284 1775 1355 σύγχρονος
1801 1281 1891 1355 ἦν,

302 1377 380 1438 ὡς
412 1375 572 1444 δῆλον
604 1377 668 1427 ὲκ
701 1375 808 1427 τῶν
848 1376 1128 1444 Πράξεων,
1160 1379 1274 1439 τοῖς
1316 1377 1632 1440 ἀποστόλοις
1652 1361 1670 1406 έ
1699 1377 1736 1431 ἃ.
1770 1377 1828 1430 δὲ
1861 1379 1894 1449 ἡ

305 1466 491 1536 βίϐλος
526 1466 793 1536 περιέχει,
827 1467 896 1519 τὰ
925 1465 1152 1519 πλεῖστα
1185 1467 1293 1520 τῶν
1324 1469 1466 1520 κατά
1495 1468 1778 1538 προκοπὴν
1801 1470 1894 1522 καὶ

303 1559 366 1621 ἐς
398 1558 624 1627 ὕστερον
652 1561 709 1611 ἐν
734 1562 802 1629 τῇ
839 1559 1134 1631 Ἐκκλησία
1165 1559 1510 1630 αὐξηθέντων
1541 1561 1894 1633 παραδόσεων

303 1651 458 1702 ἐστιν
505 1649 796 1722 ἀναγραφή
822 1665 836 1677 ⁸
869 1651 1137 1705 ἀπίθανον
1189 1647 1304 1714 οὖν,
1340 1653 1553 1722 emat",
1587 1653 1790 1723 μᾶλλον
1838 1653 1895 1706 δὲ

1998 471 2102 516 tem
2135 471 2371 530 quatuor
2415 460 2758 532 potissimum
2792 470 3129 530 argumenta.
3179 461 3422 518 Primum
3451 464 3576 532 qui-

1994 553 2115 604 dem
2142 569 2155 604 :
2185 549 2240 604 Si
2267 551 2534 620 genuinus
2554 559 2660 618 est,
2685 564 2782 604 cur
2799 557 3110 605 sanctorum
3132 549 3354 605 Patrum
3397 568 3578 618 nemo,

1993 641 2082 709 qui
2117 653 2238 709 post
2261 643 2434 696 secuti
2458 651 2604 708 sunt,
2629 657 2695 696 ex
2726 657 2791 696 eo
2812 642 2951 696 libro
2975 641 3276 696 sententias
3299 652 3394 697 aut
3421 645 3580 699 testi-

2001 733 2180 786 monia
2209 733 2434 787 citarit?
2477 733 2723 787 Alterum
2766 747 2895 788 vero
2935 732 3258 799 :Quomodo
3305 732 3577 789 Eusebius

1997 826 2284 898 Pamphili,
2335 839 2647 884 sanctorum
2692 827 2914 884 Patrum
2960 830 3164 899 scripta
3223 844 3578 892 enumerans.

1998 920 2158 986 hujus
2188 920 2388 974 nullam
2440 921 2629 975 fecerit
2678 920 3048 975 mentionem?
3082 919 3329 976 Tertium
3376 919 3581 986 κρυο-

2000 1014 2160 1067 modo
2213 1012 2562 1067 traditionum
2598 1027 2808 1079 earum,
2833 1029 2954 1082 qua:
2997 1014 3048 1066 in
3099 1011 3340 1066 Ecclesia
3374 1026 3472 1082 per
3497 1012 3584 1066 ln-

1998 1115 2278 1159 crementa
2325 1114 2378 1158 et
2421 1105 2665 1158 diuturni
2733 1105 2998 1172 temporis
3041 1104 3216 1172 spatia
3263 1113 3578 1167 creverunt,

2003 1195 2143 1250 liber
2187 1195 2279 1249 hic
2308 1195 2587 1263 sigillatim
2630 1201 2776 1248 texat
2806 1195 3206 1250 narrationem?
3231 1197 3317 1264 2a
3354 1194 3583 1265 Magnus

2001 1287 2148 1341 enim
2192 1287 2522 1357 Dionysius,
2570 1294 2628 1339 ut
2671 1301 2740 1339 ex
2781 1285 2930 1339 Actis
2981 1296 3167 1354 patet,
3211 1284 3581 1354 apostolorum

2003 1378 2226 1447 aaqualis
2256 1376 2390 1443 fuit;
2426 1378 2515 1433 hic
2549 1391 2680 1431 vero
2728 1375 2868 1430 liber
2900 1391 3088 1430 earum
3123 1377 3362 1432 maxime
3406 1376 3581 1430 tradi-

2007 1469 2211 1523 tionum
2248 1468 2668 1538 descriptionem
2713 1468 2979 1529 continet,
3005 1483 3123 1534 qua:
3153 1477 3340 1537 postea
3377 1466 3582 1522 sensim

2009 1560 2063 1612 in
2109 1560 2352 1614 Ecclesia
2385 1559 2753 1612 invaluerunt.
2791 1557 2906 1612 Non
2957 1559 3120 1628 igitur
3158 1559 3457 1613 verisimile
3502 1562 3585 1612 vi-

2010 1651 2124 1704 deri
2165 1650 2266 1714 ait,
2302 1651 2412 1706 imo
2439 1649 2574 1704 falso
2605 1650 2925 1715 conﬁctum,
2957 1665 3078 1719 quae
3106 1650 3266 1719 longo
3291 1659 3410 1719 post,
3453 1659 3588 1704 tem-

304 1743 712 1809 κακόπλαστον,
735 1743 804 1795 τὰ
833 1743 973 1813 μετά
999 1744 1168 1797 πολὺν
1193 1747 1385 1818 χρόνον
1411 1749 1510 1815 τῆς
1531 1745 1789 1816 τελευτῆς
1810 1745 1896 1798 τοῦ

2011 1755 2140 1810 pore
2163 1756 2190 1793 a
2243 1752 2422 1795 morte
2465 1741 2643 1810 magni
2674 1740 2917 1812 Dionysii
2950 1741 3003 1795 in
3039 1740 3282 1796 Ecclesia
3311 1753 3432 1796 orta
3481 1741 3589 1795 sint

306 1832 553 1899 μεγάλου
588 1833 867 1884 Διονυσίου
888 1835 945 1884 ὲν
973 1837 1039 1905 τῇ
1069 1835 1366 1908 Ἐκκλησία
1387 1837 1690 1907 αὐξηθέντα
1723 1835 1904 1889 Διονύ-

304 1941 426 1977 σιον
459 1924 873 1994 ὑπολαμϐάνειν
900 1927 1237 1997 ἀναγράψαι.
1259 1928 1508 1999 Τετάρτῃ
1546 1928 1623 1981 δέ·
1661 1928 1779 1990 πῶς
1811 1928 1909 1997 μέ-

306 2033 516 2086 μνηται
559 2016 658 2086 τῆς
699 2017 795 2069 τοῦ
833 2017 1094 2089 Θεοφόρου
1131 2021 1392 2088 Ἰγνατίου
1427 2020 1718 2091 ἐπιστολῆς
1757 2022 1790 2090 ἡ
1817 2019 1904 2090 ⁴βί-

306 2109 474 2173 ϐλος;
524 2109 582 2162 Ὁ
615 2109 716 2179 μὲν
741 2109 852 2180 γὰρ
885 2111 1161 2173 Διονύσιος
1197 2114 1310 2175 τοῖς
1335 2112 1445 2164 τῶν
1475 2112 1788 2165 ἀποστόλων
1820 2114 1908 2164 ἐν·

305 2202 534 2271 ήκμασε
581 2203 816 2273 χρόνοις,
837 2204 1094 2271 Ἰγνάτιος
1134 2204 1191 2259 δὲ
1240 2206 1333 2257 ἐπὶ
1363 2204 1630 2276 Τραϊανοῦ
1679 2205 1772 2257 τὸν
1820 2203 1909 2258 διὰ

306 2294 624 2365 μαρτυρίου
669 2293 906 2364 ἠθλησεν
941 2295 1127 2364 ἀγῶνα
1153 2312 1168 2326 θ
1214 2295 1272 2360 ὃς
1318 2295 1413 2349 καὶ
1459 2297 1564 2367 πρὸ
1600 2295 1772 2366 βραχὺ
1804 2295 1908 2364 τῆς

305 2387 574 2456 τελευτῆς
601 2386 806 2458 ταύτην
838 2387 938 2458 τὴν
958 2388 1000 2418 ¹³
1024 2388 1312 2459 ἐπιστολὴν
1332 2429 1346 2452 ,
1380 2383 1448 2462 ἧς
1483 2391 1516 2460 ή
1551 2388 1734 2459 βίϐλος
1767 2405 1905 2458 μνη-

311 2478 536 2548 μονεύει
558 2520 575 2541 ,
611 2479 836 2549 γράφει.
872 2480 914 2531 Τ
918 2479 1086 2542 αὐτας
1119 2478 1210 2532 οὐν
1239 2481 1336 2542 τὰς
1367 2481 1642 2550 τέσσαρας
1674 2482 1907 2551 ἀπορίας

307 2569 569 2624 διαλῦσαι
622 2572 1125 2642 ὲπαγωνισάμενος,
1175 2571 1384 2642 βεϐαιοῖ
1428 2572 1491 2625 τό
1542 2588 1605 2641 γε
1639 2573 1730 2626 ἐπ’
1761 2572 1909 2644 αὐτῷ

309 2660 548 2731 γνησίαν
584 2655 726 2714 εἶναι
762 2660 856 2714 τοῦ
899 2661 1136 2732 μεγάλου
1176 2663 1456 2716 Διονυσίου
1493 2661 1592 2734 τὴν
1631 2661 1834 2732 βίϐλον.

1063 2752 1138 2806 B'.

558 2843 876 2911 ’Δδριανοῦ
909 2846 1222 2916 Εισαγωγὴ
1253 2845 1367 2915 τῆς
1397 2845 1669 2916 Γραφῆς.

387 2934 736 3006 Ἀνεγνώσθη
794 2937 1078 3008 Ἀδριανοῦ
1118 2939 1433 3009 Εἱσαγωγὴ
1487 2939 1599 3010 τῆς
1633 2938 1904 3010 Γραφῆς.

312 3028 612 3099 Χρήσιμος
645 3028 760 3093 τοῖς
797 3028 1173 3101 εἰσαγομένοις
1211 3033 1245 3103 ή
1286 3030 1486 3102 βίϐλος.

1089 3210 1163 3264 Γν.

800 3302 1118 3354 Νοννόσου
1159 3303 1437 3370 Ἱστορία.

388 3393 452 3466 [5
466 3391 561 3465 8.]
589 3392 931 3460 Ἀνεγνώσϐη
954 3394 1220 3446 Νοννόσου
1252 3393 1535 3462 Ἱστορία,
1561 3396 1618 3447 έν
1636 3387 1908 3469 ᾖδιαλαμ-

315 3482 551 3537 ϐἀνεται
585 3483 853 3556 πρεσϐεία
886 3483 1052 3536 αὐτοῦ
1083 3485 1219 3553 πρός
1248 3501 1306 3537 τε
1340 3484 1605 3547 Αἰθίοπας
1633 3487 1726 3540 καὶ
1748 3488 1910 3556 Ἀμε-

317 3575 544 3646 pitag“
589 3575 686 3628 καὶ
734 3575 1118 3644 Σαρακηνοὺς,
1149 3577 1217 3628 τὰ
1267 3576 1590 3646 ἰσχυρότερα
1633 3577 1744 3630 τῶν
1786 3581 1908 3634 τότε

313 3666 519 3731 ἐθνῶν,
548 3666 631 3720 ἔτι
661 3666 718 3718 δὲ
747 3669 838 3720 καὶ
873 3669 1008 3736 πρὸς
1042 3667 1176 3720 ἄλλα
1206 3669 1502 3721 ἀνατολικὰ
1524 3669 1674 3740 ἔθνη.
1694 3671 1910 3724 Ἰουστι-

315 3760 506 3822 νιανὸς
557 3759 615 3812 δὲ
662 3759 785 3811 τὺ¹⁸
822 3758 1124 3828 τηνικαῦτα
1177 3759 1278 3829 τὴν
1310 3761 1624 3830 Ῥωμαϊκήν
1655 3766 1908 3833 περιεῖπε

317 3848 636 3902 πολιτείαν·
665 3848 958 3917 φύλαρχος,
980 3848 1036 3905 δὲ
1063 3847 1172 3900 τῶν
1205 3847 1536 3918 Σαρακηνῶν
1570 3849 1908 3920 ἐχρημάτιζε

315 3941 556 4004 Κὰἶσος,
581 3941 848 4008 ἀπόγονος
881 3940 1095 4008 Ἀρέθοι,
1131 3941 1228 3992 καὶ
1258 3942 1422 3995 αὐτοῦ
1449 3941 1728 4014 φυλάρχου
1750 3961 1908 4012 γεγε-

2008 1841 2170 1900 atque
2205 1837 2570 1895 excreverint,
2590 1849 2652 1887 ea
2679 1833 2993 1904 Dionysium
3028 1834 3382 1887 describenda
3408 1847 3590 1887 susce-

2009 1925 2171 1992 pisse.
2201 1923 2466 1990 Quartum
2507 1922 2656 1977 :Cur
2681 1923 2967 1992 epistolam
3002 1923 3147 1978 beati
3182 1921 3376 1994 lgnatii
3411 1922 3500 1978 hic
3524 1923 3589 1976 li-

2008 2015 2106 2070 ber
2139 2015 2315 2070 citat?
2349 2016 2636 2085 Dionysius
2665 2017 2808 2069 enim
2835 2013 3194 2087 [utdiximus]
3222 2014 3586 2084 apostolorum

2010 2107 2344 2176 temporibus
2370 2104 2557 2160 ﬂoruit
2595 2126 2608 2160 :
2643 2105 2883 2176 Ignatius
2911 2122 3041 2166 vero
3068 2105 3304 2173 Trajano
3345 2105 3587 2173 Augusto

2009 2199 2312 2267 imperante
2360 2197 2612 2268 martyrii
2682 2207 2961 2250 certamen
3013 2197 3276 2262 certavit,
3335 2204 3391 2248 et
3431 2194 3593 2264 paulo

2008 2305 2138 2348 ante
2171 2303 2403 2348 mortem
2453 2307 2574 2346 eam
2606 2291 2918 2360 epistolam,
2953 2305 3114 2360 quam
3153 2289 3242 2344 hic
3270 2288 3404 2342 liber
3432 2288 3590 2350 citat,

2007 2385 2360 2455 conscripsit.
2381 2385 2624 2451 Quatuor
2667 2385 2751 2438 his
2797 2385 2960 2450 igitur
3008 2383 3345 2453 argumentis
3373 2388 3594 2434 contro-

2009 2489 2165 2530 versa
2211 2477 2506 2533 dissolvere
2551 2477 2735 2530 studet
2789 2473 3146 2537 Theodorus,
3186 2471 3456 2540 efﬁcitque
3494 2484 3593 2540 pro

2009 2569 2152 2624 virili
2184 2569 2489 2641 legitimum
2520 2569 2670 2622 illum
2707 2581 2831 2622 esse
2862 2565 3041 2636 magni
3069 2565 3315 2635 Dionysii
3348 2575 3590 2630 partum.

2327 2842 2558 2897 Adriani
2583 2841 2809 2912 lsagoge
2847 2839 2906 2896 S.
2947 2840 3266 2910 Scriptura.

2080 2935 2246 2990 Lecta
2305 2944 2390 2990 est
2441 2935 2664 2988 Adriani
2724 2933 3064 2988 Introductio
3100 2933 3156 2987 in
3199 2946 3407 2988 sacram
3440 2929 3597 2987 Scri-

2009 3041 2244 3099 pturam.
2273 3027 2434 3085 Utilis
2468 3027 2606 3086 liber
2641 3027 2711 3084 iis
2737 3027 2832 3100 qui
2860 3027 2928 3084 ad
2960 3042 3082 3083 eam
3122 3027 3357 3098 primum
3403 3040 3598 3098 aggre-

1935 3105 1980 3164 Ο
2015 3121 2260 3175 diuntnr.

2368 3303 2610 3357 Nonnosi
2642 3301 2881 3356 Historia
2903 3301 3248 3371 legationum.

2089 3396 2251 3450 Lecta
2289 3403 2372 3448 est
2402 3393 2638 3448 Nonnosi
2673 3392 2937 3456 Historia,
2963 3406 3065 3460 qua
3089 3391 3409 3459 legationem
3440 3404 3592 3444 suam

2015 3488 2393 3556 complectitur
2429 3486 2495 3539 ad
2546 3484 2851 3553 Ethiopas,
2884 3493 2938 3538 et
2968 3483 3475 3550 Homeritas,atque
3497 3479 3598 3534 Sa-

2015 3594 2241 3634 racenos
2261 3584 2591 3647 susceptam,
2631 3576 2855 3646 populos
2901 3585 3015 3628 tum
3039 3574 3447 3643 potentissimos
3481 3589 3498 3627 :
3542 3585 3598 3625 et

2014 3671 2081 3724 ad
2133 3670 2270 3724 alias
2303 3669 2433 3724 item
2473 3667 2714 3723 Orientis
2753 3676 2964 3738 gentes.
3002 3665 3339 3721 Justinianus
3393 3663 3596 3718 Roma-

2015 3780 2141 3817 num
2169 3773 2295 3817 tunc
2325 3762 2613 3832 imperium
2649 3763 2866 3816 tenebat
2896 3779 2910 3815 :
2947 3761 3231 3830 praefectus
3265 3772 3397 3813 vero
3431 3757 3596 3811 Sara-

2013 3869 2271 3908 cenorum
2316 3851 2508 3906 Kaisus
2569 3858 2685 3906 erat
2714 3850 2840 3921 (3'),
2889 3851 3100 3906 Arethm
3134 3865 3349 3920 nepos:
3399 3849 3491 3919 qui
3539 3860 3595 3903 et

2017 3944 2131 4012 ipse
2176 3941 2462 4012 praefectus
2489 3941 2576 3996 ille
2603 3941 2728 4007 fuit,
2766 3945 2835 3996 ad
2867 3957 3026 4010 quem
3059 3939 3303 3995 Nonnosi
3341 3955 3477 3994 avus
3525 3941 3593 3992 ab

1611 4080 1846 4138 VARI/8
1887 4083 2290 4140 LECTIONES.

392 4175 445 4206 ¹²
472 4174 658 4229 malim
691 4175 842 4243 φασί.

318 4245 658 4300 ἐπιστοῦντο
678 4247 776 4300 τὴν
801 4245 1008 4300 τούτων
1042 4245 1324 4318 ὑποταγὴν
1349 4263 1458 4319 mg.
1485 4247 1551 4301 A.

920 4177 964 4208 ¹³
997 4175 1096 4247 τὴν
1119 4176 1243 4229 add.
1282 4177 1346 4228 A.
1428 4175 1472 4207 “
1520 4176 1836 4250 ’Δμερίνας]
1865 4196 1955 4250 γρ.
1981 4180 2075 4232 καὶ
2125 4178 2424 4250 ὐμηρίτας
2450 4195 2465 4212 ο
2497 4180 2546 4233 οἱ
2568 4178 2678 4251 γὰρ
2703 4179 2762 4247 ἐξ
2799 4179 2971 4251 ἀρχῆς
3004 4177 3240 4250 βασιλεῖς
3273 4176 3342 4230 δι’
3371 4177 3594 4248 ὁμήρων

920 4263 1008 4300 των
1042 4249 1324 4303 ὑποταγὴν
1349 4263 1458 4303 m2.
1485 4247 1551 4301 A.
1631 4249 1676 4279 "
1705 4249 1765 4301 τὸ
1794 4248 2006 4303 add.A.

1705 4266 1765 4301 το
1794 4266 1918 4303 ιιαυ.
1934 4266 1978 4302 Δ
1992 4291 2006 4304 .

1864 4362 2094 4420 NOTAE.

320 4463 538 4510 nostra!
570 4456 915 4527 tempestatis
938 4457 1158 4527 sectarii
1187 4458 1375 4512 eadem
1407 4459 1798 4527 reciprocando
1819 4459 1908 4511 ite-
1941 4462 1983 4516 D
2013 4459 2193 4521 debet,
2233 4458 2376 4527 quod
2409 4458 2719 4513 Arianismo
2758 4455 2992 4513 infectus
3046 4457 3156 4524 ille,
3209 4457 3328 4527 ejus
3381 4457 3590 4525 scripta

317 4533 475 4589 rant,
513 4537 579 4579 ac
612 4525 778 4596 veluti
814 4528 883 4579 ab
913 4525 1104 4582 inferis
1153 4537 1435 4592 revocant,
1479 4525 1714 4596 quatuor
1756 4529 1908 4584 hisce

318 4594 674 4666 argumentis
717 4595 955 4666 breviter
995 4598 1356 4666 respondebo.
1383 4594 1670 4666 Copiosius
1703 4597 1815 4658 alii.
1851 4608 1911 4654 ut

317 4663 413 4736 ad
451 4663 714 4736 Hilduini,
752 4665 946 4736 Caroli
999 4663 1178 4736 Magni
1216 4663 1476 4735 aequalis,
1525 4669 1910 4736 Areopagitica

319 4733 920 4808 blatthzeuggalenns,
954 4746 1010 4792 et
1044 4733 1114 4790 ad
1152 4733 1499 4808 Pachymerae
1537 4733 1909 4808 paraphrasim

318 4804 559 4876 Godofr.
603 4804 924 4876 Tilmannus
980 4825 994 4862 :
1048 4804 1314 4876 denique'
1343 4815 1489 4861 lomo
1537 4806 1578 4860 ll
1619 4808 1909 4862 Annalium

318 4875 832 4929 ecclesiasticorum
867 4876 934 4930 ad
984 4875 1426 4932 annmn’Christi
1472 4877 1595 4942 109,
1629 4879 1906 4932 illustriss.

319 4945 517 4999 Caesar
554 4947 707 4999 card.
746 4945 1032 5009 Baronius,
1068 4962 1199 5002 sane
1248 4950 1317 5002 de
1374 4951 1518 5001 omni
1570 4963 1727 5004 sacra
1770 4951 1913 5001 anti-

320 5015 566 5082 quitate,
597 5023 766 5084 atque
795 5017 930 5070 adeo
966 5017 1227 5072 militante
1262 5019 1313 5071 in
1348 5019 1508 5072 terris
1529 5017 1788 5080 Ecclesia,
1814 5018 1908 5072 Dei

321 5099 551 5156 sponsa,
596 5087 804 5153 optime
837 5086 1082 5156 meritus.
1121 5087 1304 5142 Primo
1336 5088 1500 5156 igitur
1536 5103 1565 5142 a
1607 5087 1706 5140 SS.
1736 5087 1909 5142 Patri«

322 5155 436 5227 bus
471 5171 754 5227 utinquam
797 5155 1049 5227 advocari
1096 5158 1158 5213 B.
1205 5158 1522 5227 Dionysium
1582 5158 1906 5212 inliciamur.

323 5223 543 5300 ljaudat
582 5225 727 5300 eni_m
787 5225 1098 5295 frequenter
1127 5229 1185 5281 B.
1219 5223 1454 5300 Cyrillns
1485 5228 1902 5300 Alexandrinus,

322 5294 1046 5367 Origenes,Damascenus,
1073 5294 1285 5362 Agatho
1310 5309 1365 5352 et
1388 5297 1681 5367 Gregorius
1713 5297 1731 5349 l
1777 5313 1910 5367 pon-

325 5365 534 5438 tiﬁces,
578 5366 806 5438 aliique:
838 5366 969 5419 Nam
1009 5375 1076 5438 eti
1097 5367 1361 5422 Maximus
1405 5365 1633 5438 martyr,
1678 5365 1904 5422 Michael

324 5433 624 5509 Syngelus,
660 5447 715 5488 et
743 5435 1028 5509 _Georgius
1057 5437 1446 5509 Pacbymerius
1475 5433 1579 5491 non
1615 5433 1774 5492 modo
1812 5440 1907 5509 de-

327 5503 563 5556 fendunt
604 5521 636 5558 a
667 5503 982 5572 calumniis,
1028 5511 1124 5563 sed
1153 5503 1225 5562 σι’
1253 5509 1476 5562 ειτιιυιίἱε
1514 5509 1744 5562 eruditis
1794 5507 1908 5560 illu-

327 5579 528 5647 strant.
553 5575 708 5629 Adde
732 5578 877 5646 quod
907 5577 1045 5630 infra
1063 5593 1278 5647 quoque
1294 5580 1343 5631 in
1365 5593 1470 5632 non
1496 5579 1696 5632 recenti
1714 5593 1898 5646 Opere,

328 5646 538 5720 salictis
561 5648 935 5720 scriptoribus
953 5646 1344 5720 annumeratus
1374 5650 1603 5718 legatur,
1623 5649 1740 5702 cod.
1771 5648 1898 5702 ‘231.

326 5707 401 5766 ll.
425 5708 633 5772 Eusebii
649 5707 924 5787 Pamphili
939 5719 1214 5775 silentium
1239 5707 1548 5789 suspeciuiii
1571 5707 1764 5775 merito
1783 5733 1903 5776 esse

2016 4544 2307 4584 recensere
2358 4529 2562 4584 idcirco
2597 4529 2763 4592 cavit,
2795 4528 2922 4598 quia
2967 4529 3050 4582 vel
3090 4541 3196 4598 t_t_no
3230 4530 3290 4598 ξι.
3334 4527 3594 4598 Dionysio

2012 4599 2359 4653 Ariicausam
2383 4598 2615 4668 jngulari
2648 4595 3063 4668 posse'videret.
3096 4595 3186 4651 ΙΙΙ.
3223 4595 3592 4668 Caeremonias

2011 4683 2143 4724 vero
2182 4665 2428 4738 ritusque
2451 4665 2716 4722 Ecclesia!
2755 4667 2896 4738 jamg
2925 4668 3048 4721 inde
3095 4669 3166 4721 ab
3216 4665 3588 4738 apostolorum

2015 4735 2354 4808 temporibus
2378 4749 2620 4800 exui-tas,
2646 4751 2711 4791 ac
2735 4735 2901 4790 veluti
2935 4751 3033 4806 per
3052 4751 3245 4791 manus
3270 4737 3502 4791 traditas
3536 4739 3589 4792 in

2012 4807 2310 4862 Ecclesiam
2341 4822 2716 4875 promanasse,
2739 4817 2901 4876 atque
2928 4808 2980 4860 in
3004 4807 3120 4861 haec
3143 4821 3314 4876 usque
3345 4816 3591 4877 tempora

2011 4879 2156 4945 apud
2206 4880 2322 4946 pios
2366 4878 2611 4931 homines
2634 4879 2984 4946 perdurasse,
3017 4892 3180 4932 nemo
3215 4877 3451 4946 negabit.
3480 4879 3588 4932 nisi

2013 4944 2127 5018 qui,
2148 4944 2219 5001 ab
2245 4947 2496 5000 Ecclesia
2531 4944 2814 5018 Catholica
2847 4944 3092 5001 Romana
3119 4944 3508 5011 desciscentes,
3533 4949 3586 5003 in

2013 5015 2333 5072 novaturum
2374 5026 2557 5070 castra
2586 5015 2995 5086 transfugerunt
3026 5036 3041 5072 :
3073 5018 3336 5086 docetque
3371 5019 3592 5086 c0piose

2013 5088 2210 5156 Franr.
2262 5088 2565 5141 Turriauus
2599 5096 2804 5151 noster,
2851 5089 3090 5156 itemque
3133 5087 3398 5156 Barronius
3434 5090 3587 5142 card.

2015 5170 2159 5211 tomo
2189 5155 2206 5208 l
2237 5156 2554 5222 Annalium,
2593 5159 2658 5212 de
2693 5159 2913 5212 Essenis
2935 5155 3120 5226 agens.
3151 5155 3244 5210 lli.
3272 5157 3426 5226 Quod
3461 5171 3594 5211 vero

2011 5228 2073 5282 B.
2120 5226 2314 5298 lgnatii
2367 5231 2626 5298 martyris
2679 5225 3160 5298 epistolam’citat,
3208 5231 3300 5296 qui
3333 5225 3593 5298 i'l‘rﬁajano

2011 5301 2313 5366 imperante
2359 5297 2764 5369 martyrﬂobiit,
2807 5297 3008 5369 nemini
3056 5300 3252 5351 mirum
3292 5297 3591 5369 videbitur,

2008 5371 2100 5437 qui
2131 5384 2198 5422 ex
2229 5371 2420 5423 eodem
2453 5367 2542 5422 illo
2579 5367 2811 5422 Baronio
2843 5367 2906 5420 Β.
2952 5368 3374 5438 Dionysium_ad
3397 5383 3461 5421 ea
3495 5384 3593 5423 us-

2009 5434 2116 5506 que
2137 5451 2382 5508 tempora
2417 5440 2756 5507 pervenisse,
2778 5449 2930 5492 certo
2957 5434 3225 5506 cognorit.
3266 5434 3374 5491 Sed
3399 5453 3498 5494 nos
3521 5443 3592 5492 de

2012 5510 2098 5579 his
2129 5511 2225 5562 σὺν
2274 5508 2394 5579 Θεῷ
2439 5509 2709 5576 c0piosius
2738 5508 2879 5579 lilrro
2904 5508 2972 5561 de
3004 5508 3226 5579 scriptis
3272 5517 3590 5563 sanctorum

2010 5578 2232 5633 Patrum
2255 5579 2309 5632 in
2344 5577 2888 5639 dubium'revocatis,
2916 5592 2979 5632 ac
3010 5577 3320 5633 vindicatis.

2083 5648 2182 5719 (5⁸)
2219 5648 2291 5702 De
2313 5663 2421 5718 quo
2447 5648 2676 5719 Procop.
2711 5647 2844 5719 lib._t
2881 5644 2958 5701 ne
2987 5648 3129 5706 bello
3149 5647 3302 5706 Pers.
3332 5647 3431 5704 inf.
3462 5648 3587 5704 cod.

2009 5717 2174 5774 LXIII
2201 5719 2362 5791 paulo
2385 5730 2510 5775 ante
2536 5717 2657 5783 lln.',
2687 5727 2744 5773 et
2771 5717 2866 5773 lib.
2903 5732 2965 5777 ll.
