3980 6234
320 329 390 397 89
426 392 429 393 ν
1006 398 1015 410 ,
1500 339 2030 401 BIBLIOTHECA.
2066 339 2321 400 —COD.
2358 340 2474 401 III.
3536 335 3613 403 50

320 440 451 513 φασὶ
479 440 538 496 δὲ
567 441 654 495 δτι
695 441 791 496 καὶ⁷
828 441 899 495 τὰ
931 442 1096 514 θηρία
1136 445 1275 517 πρὸς
1307 447 1435 512 τοὺς
1465 449 1807 520 ἀνθρώπους,
1841 451 1903 503 ού

2032 465 2137 506 unc
2167 451 2365 522 degere
2404 448 2739 505 fabulantur.
2776 447 2975 504 Narrat
3004 454 3060 503 et
3086 446 3193 503 alia
3218 446 3391 503 multa
3428 447 3608 519 inopi-

321 534 478 604 μόνον
504 531 567 585 δὲ
595 531 860 586 ἀλλά-καὶ
888 533 1031 587 αύτά
1055 536 1191 606 πρὸς
1217 536 1445 608 ἄλληλα.
1471 540 1707 607 Λέγεται
1740 540 1795 594 δὲ
1820 542 1917 595 καὶ

319 624 452 680 ἄλλα
481 623 659 678 πολλά
689 623 971 696 παράδοξα
993 626 1091 680 καὶ⁵
1120 628 1305 697 μύθων
1330 630 1482 684 οὐδὲν
1509 632 1916 688 διαλλάττοντα.

390 715 465 788 [8
513 714 612 788 8.]
639 717 768 771 Ὅτι
818 717 1166 792 διεστηκέναι
1215 722 1351 791 φησὶ
1392 722 1493 793 τὴν
1522 723 1769 780 Ἀδουλιν
1819 725 1921 796 τῆς

320 809 649 880 Λύξούμεως
664 810 712 841 ⁸³
766 808 827 864 ιε’
877 812 1105 883 ἡμερῶν
1155 813 1561 870 ὀδόν.Ἀπιοῦσι
1603 817 1661 871 δὲ
1696 819 1777 879 είς
1822 818 1922 889 τὴν

320 901 599 971 Λύξουμιν
626 902 883 972 Νοννόσῳ
910 920 971 955 τε
996 904 1093 958 καὶ
1127 908 1240 969 τοῖς
1270 909 1388 975 μετ’
1402 909 1446 941 ’³
1469 908 1633 962 αὐτὸν
1664 909 1923 979 μέγιστον

320 993 500 1065 ἐφάνη
556 993 740 1063 θέαμα
786 995 918 1066 περὶ
961 996 1163 1067 χωρίον
1191 996 1341 1069 Αῠην
1376 1000 1923 1072 προσονομαζόμενον

322 1083 526 1153 (κεῖται
558 1082 618 1137 δὲ
664 1085 699 1153 ἡ
746 1081 865 1152 Αΰη
915 1084 973 1138 ὲν
1008 1085 1159 1156 μέσῳ
1202 1088 1304 1157 τῆς
1331 1105 1393 1142 τε
1428 1089 1537 1143 τῶν
1568 1090 1924 1161 Αύξουμιτῶν

320 1177 421 1231 καὶ
447 1179 549 1249 τῆς
580 1179 691 1232 τῶν
725 1180 1044 1236 Ἀδουλιτῶν
1077 1182 1346 1254 πόλεως),
1378 1186 1688 1256 ἐλεφάντων
1719 1188 1927 1260 πλῆθος

324 1269 429 1323 οὐκ
453 1270 658 1339 ὀλίγον,
693 1272 831 1327 ἀλλά
863 1272 920 1345 [5
947 1271 1043 1346 H.]
1079 1275 1267 1344 σχεδὸν
1290 1275 1368 1340 ὡς
1384 1278 1430 1309 ⁸⁸
1457 1279 1714 1348 χιλιάδων
1738 1280 1925 1344 πέντε,

338 1358 632 1431 Ἐνέμοντο
656 1363 715 1416 δὲ
746 1356 892 1418 οὗτοι
937 1365 988 1419 oi
1027 1365 1322 1435 ἐλέφαντες
1362 1370 1423 1422 ὲν
1465 1370 1633 1440 πεδίῳ
1663 1372 1886 1444 μεγάλῳ
1908 1389 1924 1404 ο

323 1453 427 1505 καὶ
455 1454 712 1519 πελάζειν
737 1458 923 1523 αὐτοῖς
946 1459 1125 1515 οὐδενὶ
1145 1460 1255 1513 τῶν
1281 1461 1564 1535 ἐγχωρίων
1590 1460 1659 1537 ἦν
1682 1465 1926 1531 εὔκολον,

322 1543 451 1597 οὐδὲ
504 1543 714 1615 εἵργειν
762 1546 863 1617 τῆς
910 1551 1104 1619 νομῆς.
1138 1548 1313 1603 Τοῦτο
1363 1552 1461 1621 μὲν
1498 1547 1594 1605 οὖν
1629 1553 1834 1623 μεταξὺ
1868 1552 1929 1606 τὸ

325 1634 517 1705 θέαμα
554 1639 744 1703 αὐτοῖς
780 1641 1198 1710 προσεγεγόνει.

396 1728 523 1799 Χρὴ
560 1729 618 1783 δὲ
663 1732 759 1785 καὶ
810 1732 881 1787 τά
919 1733 1050 1804 περὶ
1095 1734 1198 1803 τῆς
1256 1734 1508 1806 κράσεως
1556 1735 1667 1788 τῶν
1731 1735 1915 1807 ἀέρων

319 1819 529 1885 εἰπεῖν,
556 1821 646 1875 οἶα
670 1822 779 1876 ἀπὸ
812 1824 915 1895 τῆς
943 1824 1093 1897 Αῠης
1117 1827 1212 1881 ἐπὶ
1244 1827 1345 1898 τὴν
1369 1827 1647 1897 Αύξουμιν
1674 1829 1916 1899 διαδέχε-
1948 1809 1991 1862 Β

318 1926 437 1963 ται.
480 1912 772 1976 Ἐναντίως
796 1914 908 1985 γὰρ
942 1916 1073 1986 περί
1113 1934 1174 1969 τε
1213 1917 1370 1988 θέρος
1406 1918 1501 1971 καὶ
1526 1919 1775 1988 χειμῶνα
1804 1918 1919 1973 διά-

321 2018 532 2057 κειται.
589 2004 698 2058 Τοῦ
738 2006 850 2078 γὰρ
881 2006 1038 2078 ἡλίου
1064 2008 1158 2061 τὸν
1188 2009 1464 2081 Καρκίνον
1501 2027 1561 2063 τε
1593 2010 1687 2065 καὶ
1710 2010 1918 2064 Λέοντα

324 2094 426 2147 καὶ
457 2096 741 2167 Παρθένον
790 2100 1142 2170 διερχομένου
1196 2100 1360 2173 μέχρι
1413 2102 1516 2171 μὲν
1565 2102 1664 2172 τῆς
1715 2101 1865 2173 Αὓης
1896 2142 1915 2166 ,

320 2189 520 2259 ὥσπερ
545 2191 640 2244 καὶ
668 2192 798 2264 παρ’
816 2194 968 2262 ἡμῖν,
996 2192 1154 2264 θέρος
1169 2211 1228 2246 τε
1264 2195 1359 2249 καὶ¹
1384 2193 1618 2267 ξηρότης
1638 2195 1923 2267 διακρατεῖ

320 2275 421 2328 τὸν
447 2277 608 2346 ἀέρα,
645 2278 754 2332 ἀπὸ
790 2278 849 2332 δὲ
873 2280 975 2350 τῆς
997 2280 1147 2351 Αῠης
1176 2283 1269 2336 ἐπὶ
1292 2282 1392 2352 τὴν
1434 2283 1602 2354 ἀλλην
1631 2283 1920 2338 Αἰθιοπίαν

320 2367 542 2438 χειμὼν
585 2370 861 2425 ἐπίκειται
896 2372 1163 2443 σφοδρὸς,
1220 2372 1282 2426 οὐ
1349 2374 1417 2428 δι’
1471 2375 1600 2445 ὅλης
1658 2376 1918 2449 ἡμέρας,

320 2458 470 2513 ἀλλὰ
513 2459 625 2528 γάρ
667 2461 778 2517 ἀπὸ
832 2463 1184 2535 μεσημϐρίας
1230 2464 1535 2537 ἀρχόμενος
1609 2466 1868 2519 ἑκάστοτε
1903 2507 1919 2533 ,

323 2554 568 2622 συννεφῆ
594 2571 656 2608 τε
703 2555 797 2608 τὸν
846 2556 984 2627 ἀέρα
1022 2558 1195 2611 ποιῶν
1225 2558 1320 2612 καὶ
1370 2557 1600 2629 ὄμϐροις
1642 2558 1924 2629 ῥαγδαίοις

322 2640 433 2709 τὴν
482 2640 669 2712 χώραν
723 2645 1055 2711 ἐπικλύζων.
1092 2648 1411 2720 Τηνικαῦτα
1459 2649 1517 2701 δὲ
1576 2648 1693 2720 ἄρα
1753 2651 1852 2705 καὶ
1895 2652 1925 2705 ὁ

325 2732 528 2797 Νεῖλος
561 2736 731 2801 πολὺς
751 2738 847 2791 ἐπὶ
874 2740 977 2811 τὴν
1006 2740 1286 2809 Αἴγυπτον
1308 2740 1607 2812 ἐρχόμενος
1635 2741 1923 2811 πελαγίζει

328 2843 396 2878 τε
424 2829 518 2879 καὶ
542 2829 802 2900 κατάρδει
848 2832 948 2901 τὴν
974 2833 1100 2902 γῆν,
1156 2834 1246 2886 ὅτε
1273 2834 1330 2886 δὲ
1360 2837 1388 2888 ὀ
1433 2833 1585 2906 ἥλιος
1622 2834 1715 2887 τὸν
1763 2834 1926 2903 Αίγό-

322 2916 515 2986 κερῶν
534 2920 578 2953 ⁸⁸
599 2937 661 2974 τε
692 2923 789 2975 καὶ
826 2923 1112 2995 ’Υδροχόον
1145 2925 1238 2978 καὶ
1263 2923 1479 2994 ’ἰχθύας
1509 2924 1922 2997 ἐπιπορεύεται,

323 3010 605 3064 ἀνάπαλιν
656 3013 687 3064 ὁ
729 3011 839 3083 ἀὴρ
894 3015 1009 3077 τοῖς
1070 3014 1171 3084 μὲν
1244 3014 1577 3078 Ἀδουλίταις
1607 3015 1768 3086 μέχρι
1826 3016 1926 3086 τῆς

2020 552 2167 611 nata,
2194 552 2251 602 et
2277 544 2391 617 (Η)
2424 545 2623 600 fabulis
2652 558 2761 599 non
2792 540 3084 597 absimilia.

2093 746 2287 802 Adulin
2314 747 2505 803 scribit
2542 746 2612 801 ab
2642 745 2881 801 Auxnmi
2910 744 3217 815 quindecim
3250 745 3447 801 itinere
3489 746 3605 802 dic-

2024 850 2143 892 rum
2174 836 2397 889 distare.
2443 834 2816 890 Proliciscenti
2846 849 2976 888 vero
3019 834 3293 888 Auxumin
3340 833 3604 889 Nonnoso

2025 944 2146 984 cum
2205 926 2342 989 suis,
2386 926 2682 981 maximum
2728 927 2831 981 hoc
2874 925 3148 995 objectum
3209 925 3604 994 spectaculum,

2025 1021 2092 1075 ad
2145 1020 2427 1090 regionem
2478 1018 2627 1073 Aven
2672 1019 2895 1082 dictam,
2941 1032 3063 1088 quae
3108 1017 3288 1072 media
3331 1027 3416 1071 est
3458 1019 3607 1071 inter

2029 1112 2298 1166 Auxumin
2344 1119 2400 1165 et
2426 1109 2622 1166 Aduliu
2660 1112 2841 1175 urbes,
2884 1110 3299 1180 elephantorum
3350 1108 3609 1164 nimirum

2027 1205 2316 1259 multitudo
2365 1218 2472 1259 non
2515 1204 2747 1269 modica,
2795 1204 2904 1258 imo
2936 1202 3106 1258 millia
3139 1202 3316 1257 ferme
3343 1203 3606 1273 quinque.

2028 1296 2333 1351 Pascebant
2368 1296 2422 1350 hi
2459 1296 2729 1367 elephanti
2758 1297 2998 1352 maximo
3025 1297 3078 1351 in
3111 1311 3326 1363 campo,
3360 1295 3610 1364 prOpius-

2028 1403 2134 1457 que
2164 1389 2425 1444 accedere
2458 1389 2657 1443 nemini
2695 1389 2783 1458 3a
2818 1388 3115 1444 incolarum
3150 1386 3310 1442 facile
3346 1395 3486 1449 erat,
3514 1401 3611 1440 ue-

2027 1494 2134 1549 que
2159 1490 2319 1547 pastu
2356 1480 2666 1550 prohibere.
2699 1480 2812 1536 Hoc
2843 1480 2953 1536 illis
2982 1480 3201 1535 interim
3237 1478 3609 1549 spectaculum

2028 1572 2288 1626 occurrit.

2104 1745 2181 1801 De
2225 1746 2346 1801 caeli
2388 1742 2606 1817 quoque
2658 1748 3051 1805 constitutione
3105 1748 3290 1804 dicere
3352 1758 3609 1819 oportet,

2021 1851 2141 1899 quae.
2172 1846 2255 1891 est
2287 1839 2355 1892 ab
2384 1839 2498 1893 Ave
2531 1838 2597 1893 ad
2657 1839 2933 1894 Auxumin
2968 1857 2983 1893 :
3027 1848 3219 1895 contra
3260 1841 3405 1895 enim
3449 1850 3611 1895 aestas

2020 1926 2131 1982 illic
2157 1935 2212 1981 et
2232 1928 2406 1983 hiems
2458 1928 2679 1983 accidit.
2708 1929 2865 1995 Nam,
2900 1931 3017 1986 sole
3053 1931 3348 1994 Cancrum,
3373 1932 3610 1987 Leonem

2019 2031 2075 2075 et
2128 2021 2404 2092 Virginem
2446 2023 2706 2087 obeunte,
2738 2023 2805 2077 ad
2844 2025 2993 2077 Aven
3023 2038 3198 2090 usque
3227 2022 3327 2092 (uti
3353 2032 3411 2078 et
3432 2016 3610 2081 nobis)

2020 2124 2180 2170 aestas
2208 2124 2312 2179 est,
2332 2130 2651 2185 summaque
2683 2115 2804 2171 εαξιί
2826 2115 3062 2171 siccitas.
3101 2114 3171 2170 At
3195 2115 3265 2169 ab
3283 2116 3397 2169 Ave
3419 2116 3609 2169 Auxu-

2021 2202 2134 2258 min
2170 2217 2377 2263 versus.
2416 2213 2471 2258 et
2492 2200 3106 2272 reliquamﬂithiopiam
3130 2243 3149 2266 ,
3186 2202 3363 2256 hiems
3400 2211 3485 2255 est
3513 2216 3610 2255 ve-

2023 2296 2269 2361 hemens,
2294 2313 2401 2351 non
2443 2297 2653 2367 integro
2688 2297 2906 2366 quidem
2941 2296 3032 2351 illa
3055 2297 3180 2367 _die,
3219 2298 3313 2351 sed
3344 2312 3464 2366 qua:
3493 2294 3606 2367 (l2)

2023 2402 2053 2442 a
2100 2388 2325 2445 meridie
2351 2404 2567 2457 semper
2605 2397 2661 2443 et
2690 2389 2893 2457 ubique
2927 2388 3216 2459 incipiens,
3254 2389 3461 2444 coactis
3511 2403 3612 2441 nu-

2023 2480 2182 2537 bibus
2216 2496 2399 2536 aerem
2427 2481 2682 2546 obducat,
2724 2490 2780 2537 et
2834 2482 3120 2536 horrendis
3161 2481 3429 2535 imbribus
3455 2495 3607 2533 oram

2028 2572 2172 2626 illam
2233 2574 2480 2629 inundet.
2550 2574 2668 2640 Quo
2737 2573 2903 2629 etiam
2972 2582 3215 2642 tempore
3288 2572 3439 2626 Nilus
3505 2571 3613 2627 late

2028 2665 2320 2737 IEgyptum
2351 2667 2673 2736 pervadens,
2711 2665 2878 2721 maris
2908 2665 2961 2718 in
2992 2663 3211 2719 modum
3248 2675 3448 2718 terram
3486 2664 3613 2717 irri‘

2028 2768 2137 2827 gat.
2190 2756 2326 2812 Cum
2370 2767 2547 2811 autem
2608 2756 2689 2811 sol
2734 2756 3153 2826 Capricornum,
3211 2756 3511 2825 Aquarium
3561 2766 3614 2810 et

2027 2846 2213 2903 Pisces
2244 2847 2605 2915 perambulat,
2632 2863 2726 2902 aer
2772 2847 2889 2903 vice
2917 2863 3074 2902 versa
3107 2848 3341 2902 Adulitis
3374 2848 3428 2901 in
3462 2851 3612 2901 Avcu

2030 2955 2202 3010 usque
2243 2939 2508 2994 imbribus
2543 2940 2819 3012 regionem
2847 2940 3092 3003 inundat,
3131 2940 3198 2993 iis
3245 2954 3376 2993 vero
3419 2938 3509 3008 qui
3543 2939 3613 2993 ab

2030 3035 2142 3087 Ave
2170 3033 2443 3088 Auxumin
2465 3072 2481 3098 ,
2525 3043 2890 3101 crateramque
2927 3030 3262 3101 Ethiopiatn
3298 3046 3496 3085 versus
3528 3030 3612 3098 ja-

323 3101 485 3173 Δῦης
514 3102 746 3175 ὄμϐροις
776 3105 1062 3169 ἐπικλύζει
1086 3107 1187 3176 τὴν
1218 3106 1427 3177 χώραν,
1461 3108 1575 3171 τοῖς
1602 3107 1658 3160 δὲ
1692 3107 1801 3161 ἀπὸ
1823 3108 1922 3179 τῆς

2031 3132 2175 3190 cent,
2211 3132 2369 3177 aestas
2396 3130 2502 3188 est,
2542 3132 2597 3177 et
2616 3130 2861 3177 maturos
2905 3122 3015 3193 jam
3050 3118 3265 3176 fructus
3297 3129 3442 3175 terra
3473 3132 3603 3190 prte-

321 3193 485 3266 Αὖης
519 3196 685 3267 μέχρι
746 3197 1075 3269 Αύξούμεως
1142 3199 1237 3252 καὶ
1264 3198 1369 3270 τῆς
1425 3198 1594 3270 ἀλλης
1637 3200 1924 3264 Αἰθιοπίας
1961 3193 1996 3202 *
2030 3215 2138 3269 bet,
3304 3236 3307 3239 ’

322 3286 491 3356 θέρος
520 3304 581 3340 τε
605 3287 791 3343 καὶτὰ
811 3289 990 3362 ὡραῖα
1007 3290 1312 3362 τηνικαῦτα
1342 3290 1555 3355 τούτοις
1582 3293 1616 3362 ή
1643 3292 1715 3363 γῆ
1751 3309 1928 3362 παρα-

320 3377 571 3434 δίδωσιν.

398 3469 531 3524 Ὀτι
562 3471 673 3525 ἀπὸ
702 3472 802 3543 τῆς
846 3474 1068 3547 Φαρσὰν
1109 3474 1330 3530 πλέοντι
1360 3476 1441 3550 τῷ
1492 3474 1768 3547 Νοννόσῳ,
1828 3475 1925 3528 ἐπὶ

319 3562 431 3634 τὴν
457 3563 701 3635 ἐσχάτην
747 3565 858 3619 τῶν
904 3569 1085 3637 νήσων
1136 3569 1507 3639 κατηντηκότι
1532 3609 1549 3636 ,
1621 3568 1823 3624 τοιόνδε
1869 3586 1924 3623 τι

324 3654 532 3727 συνέϐη
570 3696 587 3722 ,
643 3656 827 3729 θαῦμα
873 3661 967 3713 καὶ
1020 3660 1272 3717 ἀκοῦσαι.
1301 3660 1555 3734 Ἐνέτυχε
1610 3662 1721 3733 γάρ
1805 3680 1918 3716 τισι

326 3750 557 3821 μορφὴν
585 3751 688 3821 μὲν
729 3753 824 3805 καὶ
856 3752 1002 3809 ἰδέαν
1046 3752 1262 3825 ἔχουσιν
1293 3754 1676 3826 ἀνθρωπίνην,
1721 3754 1927 3825 βραχυ-

323 3840 518 3904 τάτοις
571 3842 630 3895 δὲ
696 3843 757 3896 τὸ
833 3844 881 3879 ³⁸
933 3845 1167 3916 μέγεθος
1245 3847 1343 3900 καὶ
1396 3847 1596 3917 μέλασι
1683 3848 1729 3879 ²¹
1821 3848 1923 3919 τὴν

324 3930 527 3999 χρόαν,
559 3932 666 3984 ὑπὸ
694 3933 752 3986 δὲ
781 3935 987 4004 τριχῶν
1021 3935 1446 4007 δεδασυσμένοις
1477 3937 1567 3991 διὰ
1602 3938 1803 4004 παντὸς
1828 3937 1925 3993 τοῦ

326 4018 589 4089 σώματος
612 4016 877 4078 ἐἵποντο
904 4020 960 4078 δὲ
1002 4028 1118 4091 τοῖς
1146 4027 1378 4099 ἀνδράσι
1408 4028 1503 4082 καὶ⁹
1531 4031 1790 4097 γυναῖκες
1816 4046 1926 4082 πα-

324 4113 640 4183 ραπλήσιαι
673 4115 771 4168 καὶ
831 4118 1099 4189 παιδάρια
1148 4119 1230 4173 ἔτι
1286 4119 1601 4192 βραχύτερα
1631 4121 1742 4175 τῶν
1790 4122 1924 4193 παρ’

322 4205 518 4268 αὐτοῖς
547 4206 780 4279 ἀνδρῶν.
818 4210 1021 4280 Γυμνοὶ
1062 4211 1121 4264 δὲ
1147 4207 1291 4284 ἦσαν
1324 4214 1585 4278 ἅπαντες·
1635 4214 1776 4286 πλὴν
1804 4215 1925 4286 δέρ-

321 4298 467 4367 ματί
506 4317 616 4353 τινι
663 4300 846 4372 μικρῷ
877 4302 976 4375 τὴν
1019 4302 1154 4357 αίδὼ
1204 4305 1645 4376 περιεκάλυπτον
1700 4307 1751 4358 οί
1786 4322 1924 4376 προ-

320 4389 633 4463 ϐεϐηκότες
659 4393 862 4463 ὁμοίως
885 4394 1077 4463 ἀνδρες
1104 4412 1165 4449 τε
1190 4398 1285 4449 καὶ
1310 4399 1587 4465 γυναῖκες.
1609 4397 1836 4468 Ἄγριον
1861 4395 1921 4450 δὲ

2098 3473 2383 3544 Naviganti
2425 3488 2456 3527 a
2499 3470 2702 3527 Pharsa
2749 3470 3014 3528 Nonnoso
3039 3512 3055 3539 ,
3104 3479 3159 3525 et
3200 3470 3268 3525 ad
3315 3478 3613 3526 extremam

2027 3582 2199 3636 usque
2242 3565 2539 3620 insularum
2599 3563 2797 3630 delato,
2848 3562 2954 3618 tale
3007 3561 3137 3632 qttid
3206 3564 3467 3627 occurrit,
3530 3561 3615 3615 vel

2027 3661 2143 3729 ipso
2170 3659 2352 3714 auditu
2394 3657 2797 3733 admirandum.
2838 3655 3034 3711 Incidit
3078 3656 3225 3711 enim
3261 3656 3316 3709 in
3348 3654 3613 3724 quosdam

2027 3750 2202 3805 forma
2228 3750 2446 3819 quidem
2468 3758 2525 3803 et
2542 3748 2710 3818 ﬁgura
2728 3749 2989 3810 humana,
3014 3749 3110 3803 sed
3136 3744 3613 3817 brevissimosﬂﬁ)

2025 3853 2080 3898 et
2113 3851 2291 3898 cutem
2342 3842 2524 3912 nigros
2569 3848 2849 3909 totumque
2897 3840 3101 3909 pilosos
3140 3853 3357 3907 corpus.
3397 3838 3608 3907 Seque-

2027 3934 2225 3989 bantur
2261 3934 2405 3989 viros
2437 3933 2674 4002 aequales
2709 3934 2951 3997 feminae,
2988 3944 3043 3990 et
3081 3934 3234 4003 pueri
3283 3933 3462 3988 adhuc
3490 3935 3615 3988 bre-

2026 4026 2224 4082 viores.
2257 4025 2393 4079 Nudi
2423 4039 2615 4080 omnes
2642 4035 2828 4094 agunt,
2857 4025 2995 4096 pelle
3035 4034 3244 4080 tantum
3270 4026 3421 4082 brevi
3452 4025 3577 4080 adul
3596 4055 3611 4065 -

2026 4122 2197 4176 tiores
2227 4122 2463 4174 verenda
2490 4118 2638 4184 tecti,
2661 4117 2762 4171 viri
2791 4119 2997 4188 pariter
3031 4135 3093 4173 ac
3126 4118 3366 4184 feminae,
3401 4126 3617 4187 agreste

2026 4211 2160 4266 nihil
2199 4223 2377 4279 neque
2410 4206 2635 4263 eﬂ'erum
2677 4206 2806 4277 quid
2844 4221 2956 4276 pm
2985 4221 3049 4261 se
3081 4206 3341 4261 ferentes.
3374 4205 3514 4273 Quin
3561 4213 3617 4258 et

2024 4317 2129 4358 vox
2160 4301 2267 4356 illis
2293 4302 2550 4364 humana,
2574 4299 2668 4352 sed
2696 4298 2974 4363 omnibus,
2997 4299 3162 4353 etiam
3187 4296 3414 4359 accolis,
3449 4309 3610 4366 pror-

2026 4408 2120 4448 sus
2148 4393 2328 4461 ignota
2379 4389 2584 4457 lingua,
2628 4389 2912 4458 multoque
2948 4388 3181 4456 amplius
3232 4387 3474 4443 Nounusi
3524 4401 3614 4440 so-

313 4482 483 4534 οὐδὲν
507 4484 891 4541 ἐπεδείκνυντο
921 4485 1043 4539 οὐδὲ
1071 4486 1349 4558 ἀνήμερον
1374 4528 1388 4550 ,
1434 4487 1571 4541 ἀλλὰ
1596 4487 1693 4541 καὶ
1730 4486 1918 4559 φωνὴν

2031 4484 2141 4539 eiis.
2181 4480 2380 4537 Vlvuut
2407 4480 2631 4535 marinis
2671 4480 2895 4543 ostreis,
2924 4489 2980 4535 et
3012 4480 3254 4549 piscibus
3296 4495 3327 4534 e
3372 4477 3514 4532 mari
3544 4480 3611 4530 ad

317 4572 477 4645 εἶχον
510 4576 611 4645 μὲν
640 4575 1014 4647 ἀνθρωπίνην,
1065 4579 1345 4648 ἄγνωστον
1372 4580 1429 4633 δὲ
1467 4579 1787 4633 παντάπασι
1815 4580 1916 4650 τὴν

313 4668 610 4721 διάλεκτον
640 4670 754 4731 τοῖς
785 4686 845 4722 τε
876 4669 1177 4741 περιοίκοις
1204 4671 1380 4725 ἀπασι
1427 4674 1520 4727 καὶ
1545 4671 1728 4743 πολλῷ
1751 4671 1916 4725 πλέον

313 4763 439 4823 τοῖς
465 4777 535 4813 πε
546 4761 598 4829 ρὶ
622 4759 716 4813 τὸν
740 4759 1010 4814 Νόννοσον
1040 4760 1107 4815 ’⁸.
1169 4762 1375 4827 Διέζων
1424 4764 1482 4817 δὲ
1510 4766 1576 4818 ὲκ
1609 4763 1915 4818 θαλαττίων

2025 4577 2259 4631 insulam
2301 4573 2577 4643 projectis.
2623 4571 2876 4627 Audaces
2918 4573 3141 4626 minime
3184 4580 3332 4635 sunt,
3387 4578 3468 4635 ut,
3516 4584 3614 4623 no-

2023 4671 2154 4726 stris
2209 4670 2521 4737 couspectis
2574 4666 2924 4731 hominibus,
2987 4665 3448 4734 quemadmodum
3514 4677 3614 4719 nos

2024 4765 2138 4817 visa
2168 4761 2371 4832 ingenti
2394 4758 2529 4826 fera,
2568 4769 2713 4815 metu
2740 4758 2974 4829 perculsi
3004 4757 3211 4813 fuerint

314 4856 565 4927 ὀστρέων
603 4859 651 4889 ’⁸
702 4857 797 4910 καὶ
844 4857 1046 4928 ίχθύων
1064 4858 1174 4912 τῶν
1201 4859 1309 4912 ἀπὸ
1353 4860 1455 4929 τῆς
1487 4858 1880 4933 θαλάσσηςέίς
1916 4862 2019 4932 τὴν
2075 4859 2240 4930 νῆσον
2270 4854 2779 4927 ἁπορριπτομένων.
2824 4851 3037 4922 Θάρσος
3106 4852 3164 4907 δὲ
3207 4848 3353 4924 εἶχον
3436 4850 3609 4909 οὐδὲν.

314 4950 458 5006 ἀλλά
488 4950 586 5006 καὶ
621 4950 859 5021 ὁρῶντες
897 4953 1027 5017 τοὺς
1065 4954 1190 5009 καθ’
1217 4957 1365 5027 ἡμᾶς
1394 4955 1718 5027 ἀνθρώπους
1777 4944 2123 5028 ὑπέπτησσον
2145 4956 2190 4987 ³ο
2215 4992 2231 5019 ,
2286 4951 2476 5023 ὥσπερ
2505 4952 2670 5023 ᾑμεϊς
2702 4951 2773 5005 τὰ
2802 4951 2977 5024 μείζω
2992 4951 3101 5006 τῶν
3130 4950 3357 5023 θηρίων.

1655 5118 1890 5175 VARUE
1939 5116 2352 5175 LECTlONES.

284 5306 331 5343 ν,
393 5270 907 5343 ιί-αὐξουμένηςΑ.
987 5276 1033 5307 ’³

1049 5275 1192 5349 μετ’]
1224 5280 1353 5348 περὶ
1386 5295 1439 5349 p.
1476 5281 1513 5335 5
1536 5297 1569 5334 a
1602 5282 1693 5337 δι.
1767 5283 1815 5316 ’δ
1837 5282 1977 5347 ὼςΑ
2000 5301 2014 5337 :
2037 5284 2163 5336 ὅσον
2191 5300 2252 5347 ς.

2327 5280 2374 5313 ⁸³
2400 5279 2746 5350 αίγοκέρωτα
2771 5296 2852 5350 pr.
2878 5281 2941 5333 Α.
3024 5280 3070 5310 ’³
3104 5279 3165 5330 τὸ
3181 5293 3287 5330 om.
3319 5280 3381 5331 Α.
3460 5276 3612 5343 "uel-

316 5339 469 5412 λασιῖ
491 5339 733 5413 μελανὴν
758 5339 824 5397 Α.
903 5344 947 5376 ³⁸
975 5339 1574 5420 Νόννωᾶον,ὐ1ἐωρο,
1605 5356 1671 5407 Α.
1745 5355 1790 5386 ²⁹
1823 5339 2088 5419 ὀστρείων
2120 5370 2181 5418 ς.
2200 5339 2220 5347 ’
2256 5352 2301 5384 ⁸⁸
2329 5339 2655 5420 ὑπέπτησὲω
2685 5368 2746 5415 ς.

1865 5512 2105 5571 NOTAE.

402 5641 513 5713 (ll)
547 5642 791 5719 _Ctesiam
823 5643 1075 5700 fortassis
1135 5644 1407 5711 imitatus,
1437 5662 1467 5702 a
1498 5663 1611 5719 quo
1646 5650 1907 5705 nonnulla

320 5714 561 5765 mutuari
594 5715 831 5768 videtur.

402 5781 512 5853 (ιθ)
538 5782 727 5841 Simile
784 5785 917 5857 quid
955 5784 1010 5841 itt
1060 5783 1262 5843 Iudicia
1312 5786 1478 5846 refert
1528 5790 1741 5849 Ctesias
1778 5791 1909 5848 Cui-

2025 5652 2152 5707 dius
2181 5650 2282 5705 inf.
2309 5651 2432 5706 cod.
2462 5649 2675 5705 LXXII.

2092 5722 2206 5792 (15)
2223 5722 2296 5775 De
2313 5718 2926 5792 PygmaeisiMZCIesiag
2948 5717 3230 5792 injndicia
3252 5717 3373 5775 cod.
3394 5714 3615 5773 LXXII.

2015 5787 2289 5848 .lnveualis
2318 5787 2551 5862 quoque,
2580 5790 2786 5845 Plinius
2808 5799 2861 5845 et
2897 5787 3177 5844 Paulinus.
3552 5808 3553 5811 η
