3980 6234
324 349 390 424 51
1509 346 1771 407 PIIO'I‘II
1813 343 2316 405 intrauitth
2358 342 2464 400 cr.
3534 323 3603 385 52

1070 466 1161 520 IV.

332 561 588 615 Theodori
617 558 928 614 Antiocheni
951 574 1044 625 pro
1071 567 1256 612 sancto
1283 555 1483 610 Basilio
1521 551 1634 625 (M)
1669 552 1917 605 adversus

812 629 1136 684 Eunomium
1167 628 1290 681 libri
1322 642 1448 681 xxv.

401 722 555 780 Lecti
580 734 707 779 sunt
737 722 1008 778 Theodori
1037 719 1361 775 Antiocheui
1387 735 1483 789 pro
1506 716 1706 774 Basilio
1729 717 1919 771 adver-

331 834 420 870 sus
442 815 762 872 Eunomium
781 816 902 869 libri
933 813 1119 885 viginti
1157 813 1387 882 quinque
1405 811 1541 882 (15).
1558 809 1739 865 Eslilli
1759 809 1922 878 phra-

333 911 409 963 sis
437 925 544 962 non
577 921 962 979 usquequaque
989 907 1271 977 perspicua
1297 920 1313 966 ;
1358 903 1608 958 sensibus
1631 911 1808 956 tamen
1835 899 1919 970 3b

335 1008 393 1053 et
453 1000 788 1070 argumentis
839 998 1069 1051 nimium
1131 1004 1395 1065 quantum
1449 996 1692 1058 densus,
1750 1006 1922 1047 sacra:

337 1093 634 1162 Scriptura:
667 1091 997 1146 testimoniis
1023 1089 1238 1161 egregie
1287 1088 1548 1144 abundat.
1587 1084 1669 1140 Ad
1697 1085 1922 1140 verbum

336 1184 452 1244 fere
512 1186 761 1241 Eunomii
823 1187 1062 1241 rationes
1125 1182 1361 1246 refellit,
1435 1181 1744 1251 imperitum
1797 1195 1922 1235 eum

337 1279 494 1334 valde
539 1289 894 1334 externarum
934 1277 1370 1348 disciplinarum,
1425 1273 1704 1342 multoque
1754 1273 1923 1338 magis

341 1381 542 1424 nostra:
588 1369 902 1442 theologiae,
975 1368 1220 1438 pluribus
1283 1369 1599 1422 ostendens.
1653 1367 1751 1422 Hic
1799 1382 1925 1421 vero

339 1460 700 1533 Mopsuestia,
727 1472 785 1517 ut
812 1471 964 1532 puto,
991 1460 1282 1532 episcopus
1301 1460 1424 1514 fuit.

1079 1634 1144 1690 V.

708 1725 995 1794 Sophronii
1034 1729 1098 1782 de
1124 1728 1306 1782 eadem
1331 1744 1385 1782 re
1407 1728 1556 1782 liber.

411 1815 612 1872 Lectus
633 1818 886 1872 similiter
921 1820 1218 1888 Sophronii
1244 1835 1340 1888 pro
1362 1819 1566 1875 Basilio
1597 1830 1782 1874 contra
1806 1819 1920 1874 Eu-
1957 1850 1997 1904 Β

342 1913 579 1966 nantium
615 1911 768 1975 liber,
809 1910 1101 1968 Theodoro
1131 1915 1395 1982 apertior,
1427 1923 1483 1968 et
1512 1913 1681 1968 multo
1711 1914 1924 1969 doctior

343 2018 411 2058 ac
440 2005 679 2059 brevior.
715 2003 903 2073 Neque
944 2007 1090 2060 enim
1121 2021 1216 2076 per
1235 2008 1419 2060 omnia
1447 2006 1772 2061 Eunomium
1804 2020 1929 2075 per-

345 2093 613 2164 sequitur,
657 2094 750 2148 sed
776 2093 863 2147 illa
911 2094 1256 2163 potissimum
1287 2095 1527 2167 exagitat
1559 2104 1724 2163 atque
1767 2091 1930 2147 refel-

347 2185 428 2252 lit,
466 2202 586 2255 qua:
605 2201 817 2242 summa
871 2189 1048 2256 capita
1099 2187 1322 2242 haeresis
1366 2189 1612 2244 Eunomii
1650 2189 1933 2244 continere

345 2277 695 2332 videbantur.
715 2278 1045 2333 Claaractere
1075 2295 1205 2333 usus
1232 2291 1316 2333 est
1346 2280 1717 2349 distinguente
1745 2295 1808 2333 ac
1835 2280 1932 2334 de-

347 2369 570 2424 liniente
603 2389 620 2424 :
663 2379 719 2425 et
769 2380 830 2425 ut
867 2370 1157 2439 plurimum
1205 2372 1416 2427 solutus
1477 2372 1552 2426 illi
1605 2372 1936 2441 minimeque

347 2461 562 2517 vinctus
589 2477 794 2527 sermo,
853 2480 958 2518 non
998 2464 1240 2535 ingratus
1279 2475 1482 2527 tamen,
1539 2465 1648 2518 imo
1699 2473 1754 2518 et
1801 2464 1938 2534 logi-

349 2551 431 2607 cis
460 2553 1027 2623 argumentationibus
1059 2571 1319 2625 perquam
1348 2556 1572 2610 ﬂoridus
1596 2566 1700 2610 est.

1099 2648 1188 2701 Vl.

423 2725 666 2806 Gregorii
701 2736 937 2809 Nyssem'
965 2740 1200 2809 ejusdem
1254 2743 1557 2811 argumenti
1601 2758 1758 2808 opera
1809 2742 1936 2794 duo.

423 2889 624 2946 Lectus
664 2901 748 2946 est
793 2893 1040 2964 Gregorii
1073 2894 1260 2966 Nyssae
1285 2897 1524 2966 episcopi
1567 2896 1818 2951 similiter
1846 2913 1940 2964 pro

355 2980 562 3036 Basilio
593 2983 842 3038 adversus
864 2984 1184 3038 Eunomium
1211 2985 1343 3040 liber
1367 2985 1504 3055 (16).
1539 2985 1723 3057 Stylus
1760 2985 1858 3050 illi,
1895 2986 1939 3040 si

357 3075 442 3130 cui
497 3076 802 3142 rhetorum,
873 3076 1121 3144 illustris,
1186 3076 1663 3146 etjucuuditatem
1722 3080 1944 3134 auribus

359 3167 650 3226 ittstillans.
699 3169 808 3225 Sed
857 3183 961 3224 nec
1027 3169 1143 3238 ipse
1177 3172 1394 3239 quidem
1447 3173 1640 3227 ordine
1695 3171 1944 3226 Eunomii

361 3259 624 3328 scriptum
684 3227 1062 3328 reprehendit:
1139 3227 1503 3326 Quamobrem
1555 3272 1611 3318 et
1659 3227 2016 3317 Theodoroc

359 3352 628 3405 concisior
660 3360 765 3416 est,
793 3359 852 3405 et
896 3351 1205 3422 Sophronia
1255 3351 1452 3418 latior;
1504 3354 1743 3410 abundat
1800 3357 1944 3410 enim

360 3443 864 3512 enthymematibus
905 3454 1072 3513 atque
1101 3445 1387 3515 exemplis.
1419 3445 1552 3500 Illud
1609 3458 1789 3502 autem
1821 3464 1950 3502 vere

361 3533 870 3601 pronuntiaverim,
939 3545 1202 3606 quantum
1278 3537 1577 3606 Gregorius
1638 3549 1947 3605 venustate,

359 3624 648 3694 splendore
688 3638 744 3683 et
785 3629 1015 3684 mirilica
1052 3631 1396 3701 iucunditate
1449 3632 1725 3687 antecellit
1773 3633 1952 3688 Theo-

361 3716 520 3780 doro.
543 3727 756 3774 tantum
781 3722 945 3774 etiam
971 3731 1420 3792 argumentorum
1447 3726 1598 3794 copia
1621 3733 1678 3780 et
1705 3725 1952 3783 ubertate

363 3811 612 3865 eumdem
636 3812 855 3866 vincere
875 3814 1194 3869 connititur.

1113 3907 1224 3963 VII.

435 3990 662 4048 Lectum
708 4001 793 4049 est
837 3994 1068 4050 alterum
1122 3999 1364 4066 ejusdem
1414 3998 1662 4070 Gregorii
1719 4000 1952 4070 Nysseni

363 4100 524 4154 opus,
555 4087 621 4142 de
651 4089 842 4142 eadem
875 4089 994 4157 ipsa
1023 4105 1084 4144 re
1113 4111 1126 4145 :
1162 4092 1214 4145 in
1246 4107 1353 4161 quo
1391 4093 1699 4148 rationibus
1729 4094 1956 4149 validio-

367 4180 519 4235 ribus
545 4195 668 4235 cum
701 4179 964 4237 Eunomio
996 4199 1188 4238 manus
1236 4201 1558 4250 conserens,
1589 4201 1712 4241 eum
1749 4188 1800 4242 vi
1860 4203 1960 4242 ex-

367 4281 592 4340 pugnat,
621 4274 805 4328 omnia
864 4275 1160 4344 impietatis
1215 4277 1558 4334 ﬁrtnameuta
1598 4278 1956 4336 labefactans.

367 4360 645 4420 Venustas
676 4381 806 4420 vero
857 4368 1146 4432 orationis,
1198 4378 1255 4422 et
1305 4369 1566 4438 splendor
1616 4371 1958 4436 iucunditate

372 4455 591 4522 mistus,
631 4457 796 4512 etiam
846 4459 901 4512 in
954 4460 1058 4514 hoc
1108 4475 1274 4530 opere
1327 4461 1586 4518 decenter
1610 4479 1670 4520 se
1700 4465 1958 4520 ostendit.

1104 4635 1232 4691 VIII.

715 4724 958 4796 Origenis
987 4727 1066 4782 De
1095 4727 1388 4798 Principiis
1419 4731 1542 4784 libri
1572 4747 1647 4788 tv.

444 4815 599 4872 Lecti
645 4829 774 4872 sunt
810 4817 1066 4890 Origenis
1099 4821 1236 4893 (l7)
1274 4821 1351 4876 De
1390 4821 1684 4894 Principiis
1718 4825 1842 4880 libri
1885 4841 1960 4883 tv.

373 4908 578 4966 Ilorutn
611 4911 824 4981 primus
855 4912 924 4968 de
959 4913 1142 4979 Patre,
1169 4927 1224 4970 et
1254 4914 1417 4980 Filio,
1451 4927 1507 4972 et
1533 4919 1738 4989 Spiritu
1772 4927 1965 4976 sancto

371 5002 509 5074 agit.
536 5004 656 5071 Quo
684 5005 740 5060 in
771 5005 912 5061 libro
942 5006 1171 5076 plurima
1219 5007 1536 5078 blaspheme
1593 5012 1786 5066 scribit
1822 5031 1835 5068 :
1885 5022 1961 5078 ut,

2749 445 2823 501 A'.

2023 547 2327 616 Θεοδώρου
2361 541 2700 623 Ἀντιοχέως
2746 537 2898 623 ὑπὲρ
2941 533 3268 623 Βασιλείου
3311 529 3462 584 κατὰ
3486 528 3610 580 Εὑ-

2516 611 2752 682 νομίου,
2799 611 2970 678 λόγοι
3005 611 3109 659 κε’.

2105 707 2444 778 Ἀνεγνώσθη
2461 703 2740 772 Θεοδώρου
2770 697 3088 770 Ἀντιοχέως
3107 695 3264 764 ὑπὲρ
3283 689 3608 747 Βασιλείου

2023 800 2179 856 κατὰ
2218 798 2523 866 Εὺνομίου
2550 796 2609 847 ἐν
2643 793 2818 860 λόγοις
2847 794 2946 844 κε’.
2976 787 3133 840 Ἔστι
3163 786 3221 838 δέ
3271 783 3372 855 τὴν
3402 781 3503 853 μέν
3563 779 3606 810 ³⁸

2025 894 2225 965 φράσιν
2251 892 2314 944 οὐ
2339 890 2483 943 πάνυ
2514 885 2764 957 λαμπρὸς
2786 923 2800 948 ,
2835 883 2958 944 ταῖς
2981 880 3038 934 δέ
3063 878 3328 939 διανοίαις
3363 876 3459 929 καὶ
3498 875 3610 934 τοῖς

2023 986 2422 1058 ἐπιχειρήμασι
2441 979 2560 1034 λίαν
2576 978 2801 1041 πυκνὸς,
2825 976 2922 1029 καὶ
2947 974 3067 1035 ταῖς
3085 969 3391 1042 Γραφικαϊς
3413 966 3612 1058 ἄριστα

2024 1057 2271 1132 πλουτῶν
2292 1072 2639 1146 μαρτυρίαις.
2671 1070 2830 1124 Κατὰ
2858 1067 3004 1132 λέξιν
3033 1064 3090 1118 δὲ
3110 1061 3296 1134 σχεδὸν
3321 1058 3430 1113 τῶν
3452 1057 3615 1110 Εὐνο-

1993 1173 2000 1182 “
2028 1174 2154 1242 μιου
2187 1171 2361 1238 λόγων
2388 1169 2484 1236 τὴν
2522 1162 2834 1233 ἀνασκευὴν
2875 1161 3116 1214 ποιεῖται
3138 1195 3153 1220 ,
3181 1152 3371 1225 ἀμαθῆ
3399 1169 3461 1204 τε
3490 1149 3614 1242 λίαν

2026 1241 2135 1319 τῶν
2163 1281 2223 1318 τε
2261 1261 2497 1332 θύραθεν
2541 1257 2885 1329 μαθημάτων
2920 1252 3018 1307 κα).
3065 1247 3247 1319 πολλῷ
3287 1244 3490 1318 μᾶλλον
3515 1241 3616 1310 τῆς

2027 1357 2152 1412 καθ’
2181 1356 2328 1427 ἡμᾶς
2359 1352 2647 1422 θεοσοφίας
2703 1349 2793 1402 διὰ
2833 1345 3046 1400 πολλῶν
3071 1339 3404 1402 ἐπιδεικνύς.
3448 1337 3507 1389 '0
3556 1333 3616 1386 δὲ

2028 1448 2405 1520 Μοψουεστίας
2479 1443 2721 1516 γεγονὼς
2809 1441 3109 1501 ἐπίσκοπος
3189 1427 3346 1496 οὗτός
3427 1431 3576 1484 ἐστιν
3599 1467 3614 1492 ,

2029 1543 2204 1616 οἶμαι.

2773 1626 2851 1682 E'.

2126 1726 2471 1796 ΣωφρονίΟυ
2499 1723 2652 1790 ὑπὲρ
2671 1718 2994 1774 Βασιλείου
3026 1712 3178 1768 κατὰ
3197 1708 3520 1778 Εὐνομίου.

2109 1817 2451 1887 Ἀνεγνώσθη
2498 1814 2698 1887 ὁμοίως
2768 1807 3079 1882 Σωφρονὶου
3105 1805 3261 1872 ὑπὲρ
3293 1799 3622 1856 Βασιλείου

2031 1910 2184 1966 κατὰ
2224 1909 2552 1978 Εὑνομίου.
2611 1904 2954 1974 Σαφέστερος
3026 1898 3126 1970 μὲν
3198 1892 3474 1962 Θεοδώρου
3528 1890 3624 1942 καὶ

2029 2001 2212 2073 πολλῷ
2262 1999 2673 2070 συν-τομώτερος
2731 1996 2775 2028 ³⁸
2808 2035 2824 2058 ,
2908 1991 3003 2045 καὶ
3051 1989 3174 2042 οὺδέ
3242 1981 3422 2058 [411.]
3481 1982 3622 2073 πᾷσι

2031 2097 2143 2160 τοῖς
2173 2071 2440 2163 Εὐνομίου
2471 2087 2723 2152 ἐπεξιὼν,
2758 2085 2813 2158 [9
2841 2083 2931 2156 IL]
2966 2081 3078 2136 ἀλλ’
3117 2081 3304 2133 ἐκεῖνα
3333 2071 3627 2163 γυμνάζων

2033 2189 2128 2242 κα)¹
2157 2162 2365 2255 ἐλέγχῳ
2390 2179 2823 2237 καθυποὸἁλλων
2844 2217 2860 2242 ,
2907 2175 2942 2229 ἃ
2985 2175 3133 2228 δοκεῖ
3185 2166 3480 2224 συνεκτικὰ
3531 2162 3628 2255 καὶ

2035 2254 2306 2346 κεφάλαια
2341 2254 2441 2343 τῆς
2471 2269 2740 2342 Εὑνομίου
2771 2267 3040 2338 αἱρέσεως
3063 2259 3228 2315 εἷναι.
3265 2254 3629 2346 Ἀφοριστικῷ

2035 2367 2092 2418 δὲ
2116 2344 2388 2435 κέχρηται
2433 2360 2781 2432 χαρακτῆρι,
2848 2355 2946 2409 καὶ
2977 2355 3053 2417 ὡς
3111 2350 3318 2404 ἐπίπαν
3361 2344 3628 2408 ansam;

2037 2461 2184 2510 ἐστιν
2217 2455 2367 2525 αὐτῷ
2411 2455 2506 2507 καὶ
2541 2451 2833 2513 ἀσύνδετος
2877 2449 2905 2501 ὁ
2940 2447 3100 2514 λόγος
3122 2484 3138 2510 ,
3177 2443 3280 2496 οὐκ
3313 2441 3512 2510 ἄχαρις
3543 2435 3628 2501 δέ,

2037 2550 2174 2605 ἀλλὰ
2195 2550 2289 2602 καὶ
2313 2549 2550 2616 λογικοῖς
2577 2543 2827 2651 ἐπιχεὶιρή
2838 2557 2970 2611 μασι
2999 2533 3478 2610 περιηνθισμένος.

2041 2732 2376 2804 Γρηγορίου
2409 2726 2916 2853 Νύσσηςὲἇμοίωῗ
2945 2723 3099 2794 ὑπὲρ
3123 2717 3453 2776 Βασιλείου
3481 2714 3634 2769 κατὰ

2719 2814 2872 2853 υνοιι
2899 2814 2992 2850 ου.

2719 2814 2992 2866 υνομιου.

2138 2892 2479 2963 Ἀνεγνώσθη
2522 2889 2827 2962 Γρηγορίου
2868 2886 3090 2956 Νύσσης
3146 2885 3193 2917 ³³
3239 2881 3441 2954 ὁμοίως
3481 2874 3637 2943 ὑπὲρ

2047 2985 2372 3040 Βασίλειον
2387 2982 2485 3037 καὶ
2498 2981 2821 3051 Εὐνομίου.
2837 2979 2951 3049 Τὴν
2968 2977 3067 3048 μὲν
3081 2976 3302 3048 φράσιν,
3320 2974 3461 3034 εἴτις
3480 2968 3639 3029 ἄλλος

2051 3078 2320 3150 ῥητόρων,
2357 3075 2612 3147 λαμπρὸς
2655 3074 2749 3127 καὶ
2778 3070 2976 3141 ἡδονῆς
3019 3069 3153 3123 ὠσὶν
3186 3064 3547 3128 ἁποστάζων,
3573 3061 3640 3113 οὺ

2056 3173 2238 3242 μέντοι
2283 3169 2522 3237 καθεξῆς
2573 3167 2682 3221 οὐδ’
2739 3165 2900 3228 αὐτὸς
2927 3164 2973 3196 ³⁸⁵
3032 3163 3134 3232 τὴν
3180 3157 3451 3228 Εὐνομίου
3504 3170 3642 3224 γρα-

2055 3261 2161 3330 φὴν
2202 3260 2499 3329 ἀπελέγχει
2522 3259 2587 3314 ³⁵.
2621 3257 2713 3310 Διὸ
2765 3255 2861 3310 καὶ
2907 3249 3318 3323 συντομώτερὸς
3366 3250 3485 3300 ἐστι
3512 3245 3643 3298 Geo-

2053 3352 2250 3423 δώρου,
2276 3351 2590 3422 Σωφρονὶου
2641 3349 2701 3402 δὲ
2751 3345 3116 3416 πλατύτερος.
3156 3336 3643 3406 Πλεονάζειγὰρ⁸⁶

2051 3444 2164 3506 τοῖς
2195 3441 2545 3512 ἐνθυμήμασι
2586 3440 2682 3494 κα).
2721 3440 2835 3502 τοῖς
2869 3433 3350 3509 παραδείγμασιν.
3400 3427 3644 3484 Ἔστιδέ

2053 3532 2368 3595 ἀδεκάστως
2410 3533 2585 3584 εἰπεῖν
2607 3531 2684 3594 ὼς
2723 3531 2846 3583 ὅσον
2883 3526 3216 3598 ὑπερῦάλλει
3247 3523 3435 3577 κάλλει
3455 3538 3516 3574 τε
3551 3523 3647 3573 καὶ

2053 3625 2401 3696 λαμπρότητι
2452 3623 2548 3678 καὶ
2584 3622 2668 3693 τῷ
2705 3620 2956 3693 ἡδυτάτῳ
3004 3619 3284 3689 Θεόδωρον
3317 3655 3335 3681 ,
3390 3611 3647 3668 τοσοῦτον

2055 3718 2268 3772 ἐκείνου
2294 3715 2485 3770 τοῦτον
2505 3715 2567 3768 τὸ
2589 3714 2795 3785 πλῆθος
2824 3713 2934 3767 τῶν
2973 3711 3422 3782 ἐπιχειρημάτων
3463 3706 3559 3761 κα).
3586 3703 3650 3758 τὸ

2057 3811 2282 3881 γόνιμον
2308 3811 2388 3873 εἰς
2415 3810 2478 3863 τὸ
2507 3810 2766 3881 προέχειν
2795 3805 3136 3870 ἐκϐιάζεται.

2794 3901 2872 3954 Ζ’.

2143 3991 2490 4061 Ἀνεγνώσθη
2521 3990 2688 4062 ἐτὲρα
2724 3987 3081 4061 πραγματεία
3112 3984 3207 4039 τοῦ
3253 3981 3417 4038 αὐτοῦ
3441 3983 3653 4051 Γρηγο-

2062 4084 2180 4156 ρίου
2208 4083 2431 4153 Νύσσης
2464 4083 2594 4153 περ).
2621 4081 2724 4152 τῆς
2763 4079 2939 4150 αὐτῆς
2969 4076 3308 4139 ὑποθέσεως,
3354 4075 3412 4127 ἐν
3443 4067 3654 4147 ᾖλογι-

2061 4175 2305 4247 κώτερον
2355 4173 2612 4244 Εὑνομίῳ
2646 4170 2994 4242 συμπλακεὶς
3037 4168 3182 4221 κατὰ
3216 4165 3420 4236 κράτος
3469 4160 3650 4230 αἱρεῖ,

2062 4269 2244 4323 πάντα
2273 4267 2564 4337 σαθρώσας
2608 4265 2710 4336 τῆς
2742 4262 3066 4326 δυσσεϐείας
3124 4257 3293 4315 αὑτοῦ
3338 4256 3409 4310 τὰ
3437 4249 3654 4324 ὀχυρώα

2012 4413 2034 4420 ,
2066 4377 2237 4432 ματα.
2266 4361 2342 4414 Τὸ
2370 4360 2426 4412 δὲ
2455 4357 2652 4422 κάλλος
2682 4356 2776 4412 τοῦ
2809 4356 2970 4424 λόγου
2999 4355 3093 4408 καὶ
3117 4355 3150 4423 ἡ
3183 4351 3489 4420 σύγκρατος
3522 4345 3656 4413 λαμ·
3691 4391 3694 4393 .

2064 4458 2273 4528 πρότης
2322 4455 2625 4526 γλυκύτητι
2679 4452 2960 4509 κάνταῦθα
2991 4447 3309 4521 διαπρεπῶς
3353 4440 3658 4497 ἐπιδείκνυ-

1991 4575 2042 4634 D
2069 4569 2181 4608 ται.

2811 4643 2895 4697 H'.

2301 4736 2642 4804 Ὠριγένους
2656 4735 2720 4789 τὸ
2745 4733 2887 4804 Περὶ
2909 4731 3153 4802 Ἀρχῶν,
3177 4730 3348 4799 λόγοι
3371 4725 3445 4782 δ’.

2156 4827 2498 4898 Ἀνεγνώσθη
2531 4827 2841 4898 Ὠριγὲνους
2872 4825 2934 4878 τὸ
2955 4825 3095 4893 Περὶ
3119 4821 3364 4892 Ἀρχῶγ,
3400 4817 3552 4886 λόγοι
3595 4815 3660 4878 δ’,

2075 4915 2152 4976 ὧν
2179 4923 2207 4973 ὁ
2244 4921 2343 4992 μὲν
2367 4921 2586 4993 πρῶτος
2612 4919 2741 4990 περ).
2766 4916 3000 4987 Πατρὺς,
3024 4915 3122 4970 καὶ
3160 4912 3318 4979 Υιοῦ,
3369 4909 3464 4966 καὶ
3504 4907 3664 4976 ἁγίου

2075 5013 2414 5085 Πνεύματο;’
2453 5016 2511 5066 ἐν
2540 5004 2585 5081 ᾧ
2617 5011 2846 5065 πλεῖστα
2885 5008 3223 5080 βλασφημεῖ,
3267 5005 3360 5058 τὸν
3403 5001 3502 5072 μὲν
3534 4999 3665 5054 Υῑὸν

1689 5151 1922 5206 VAt-tUE
1963 5119 2377 5206 LEC'noNES.

477 5241 522 5272 ³¹
554 5240 653 5318 μὲν
677 5241 882 5297 οιη.Δ.
926 5242 1006 5318 ‘j"
1037 5242 1634 5318 ᾳηιθυσυντομώτερος
1689 5264 1813 5301 cum
1870 5249 1918 5301 Α
1958 5249 2120 5305 omisi
2181 5249 2545 5318 συνετώτερος
2599 5243 2715 5300 καί.
2809 5242 2857 5276 ³⁸
2881 5239 3049 5308 νῦσης
3070 5239 3138 5296 Δ.

378 5314 425 5348 ³⁸
458 5311 745 5383 ἐπελέγχει
781 5330 842 5378 ς.
923 5312 970 5344 ³⁸⁸
999 5314 1133 5386 γὰρ]
1162 5313 1220 5366 δέ
1254 5315 1364 5384 γὰρ
1389 5311 1450 5380 ς.

3220 5237 3268 5271 ³⁸
3290 5231 3479 5306 αὐτὸς]
3507 5232 3570 5288 οὐ
3598 5235 3666 5288 Δ.

1913 5461 2145 5517 NOTAE.

451 5616 567 5688 (14)
585 5617 702 5673 Jam
720 5619 828 5673 vita
844 5619 1051 5681 functo,
1071 5627 1127 5672 ut
1145 5619 1356 5676 deceris
1375 5618 1474 5674 inl’.
1495 5619 1617 5674 cod.
1639 5617 1980 5672 CXXXVIII.

453 5688 570 5757 (15)
603 5688 744 5743 Infra
772 5691 894 5746 cod.
939 5688 1261 5755 CLXXVII,
1299 5689 1355 5744 in
1384 5689 1504 5757 lin.,
1536 5689 1707 5746 libros
1731 5689 1801 5744 ‘28
1847 5691 1982 5743 scri-

391 5760 571 5832 psisse
595 5773 1075 5832 cgmmemuratur.

2096 5616 2348 5674 biblioth.
2382 5589 2674 5680 Vaticana,
2701 5613 2865 5669 Boica
2896 5622 2952 5667 et
2976 5612 3128 5666 alibi.

2163 5688 2278 5750 (17)
2310 5686 2454 5754 Lege
2481 5688 2546 5738 de
2571 5675 2743 5740 his'D.
2772 5684 2974 5736 Baron.
3009 5684 3160 5754 card.
3195 5690 3327 5754 toni.
3387 5675 3431 5730 ν
3486 5675 3554 5754 ad
3601 5675 3670 5754 Α.

2087 5747 2308 5813 (1.597.
2356 5747 2794 5825 Eistatelegaus
2837 5753 3064 5821 epistola
3105 5752 3166 5825 Β.
3231 5747 3554 5825 Hieronymi
3604 5747 3674 5800 ad

481 5831 596 5901 (I6)
623 5829 850 5888 Exstant
873 5833 987 5903 cjus
1019 5831 1146 5888 libri
1176 5847 1275 5887 xm
1335 5830 1596 5888 adversus
1634 5833 1864 5890 Eunoni.
1918 5832 1977 5889 in
2083 5833 2304 5888 Avitum
2327 5829 2394 5885 de
2419 5818 3334 5896 cavendis'Origeuis[lapt’Apxtbv
3360 5818 3665 5875 erroribus.
