3980 6234
295 349 356 463 ξ3
492 459 517 463 μ
712 462 719 463 7
1312 362 1841 429 BIBLIOTHECA.
1876 370 2181 434 —CODD.
2224 375 2495 438 IV-XIII-
3146 458 3153 463 ‘
3498 374 3570 441 54

293 460 393 515 ὑπὸ
425 459 521 514 τοῦ
548 461 768 535 Πατρὸς
796 465 1127 535 πεποιῆσθαι
1148 467 1410 539 λέγων,τὸ
1435 473 1492 527 δὲ
1513 475 1738 547 Πνεῦμα
1770 478 1877 532 ὑπὸ

1991 482 2176 538 Filium
2232 501 2261 539 a
2324 485 2485 541 Patre
2538 484 2777 554 factum,
2865 459 3204 557 Spiritum‘a
3253 488 3390 545 Filio
3449 509 3464 547 :
3515 501 3571 547 et

291 556 381 611 τοῦ
412 558 565 622 Υίοῦ,
606 560 704 612 καὶ
742 560 952 631 διήκειν
974 564 1073 633 μὲν
1108 564 1202 618 τὸν
1232 567 1452 638 Πατέρα
1513 551 1601 626 διά
1656 573 1877 628 πάντων

290 649 396 704 τῶν
413 651 714 713 δντων,τὸν
727 654 784 706 δὲ
800 654 930 709 Υίὸν
956 657 1119 729 μέχρι
1146 657 1255 713 τῶν
1272 659 1509 729 λογικῶν
1552 664 1729 733 μόνων
1790 666 1834 696 ³⁷
1861 708 1875 733 ,

290 739 350 793 τὸ
379 739 438 793 δὲ
458 740 688 811 Πνεῦμα
724 743 887 814 μέχρι
933 744 1110 814 μόνων
1161 745 1270 799 τῶν
1308 751 1689 819 σεσωσμένων.
1714 751 1879 820 Λέγει

289 831 344 885 δὲ
367 833 460 886 καὶ
512 832 654 887 ἄλλα
707 835 1147 906 παραλογώτατα
1177 839 1273 892 καὶ⁸
1321 839 1643 905 δυσσεϐείας
1672 843 1876 914 πλήρη.

294 925 772 997 Μετεμψυχώσεις
797 946 856 981 τε
886 930 995 999 γὰρ
1023 930 1258 1003 ληρῳδεϊ
1282 974 1296 997 ,
1329 933 1426 987 καὶ
1458 934 1734 1005 ἐμψύχους
1753 938 1882 1001 τοὺς

290 1016 569 1089 ἀστέρας,
617 1021 713 1073 καὶ
754 1021 919 1093 ἕτερα
946 1023 1159 1089 τούτοις
1184 1025 1565 1098 παραπλήσια.
1600 1028 1757 1082 Ἐστι
1782 1028 1825 1082 δ’
1854 1031 1884 1083 ὁ

293 1107 395 1178 μὲν
435 1109 654 1179 πρῶτος
698 1111 849 1183 αύτῷ
899 1114 1422 1186 μεμυθολογημένος
1477 1118 1608 1186 περὶ
1670 1118 1715 1149 ³⁸
1768 1119 1883 1171 Πα-

289 1201 420 1272 τρὸς
441 1204 539 1256 καὶ
583 1203 680 1274 (ὡς
704 1207 910 1270 ἐκεῖνός
943 1208 1100 1279 φησι)
1139 1210 1271 1280 περὶ
1318 1209 1557 1281 Χριστοῦ
1613 1210 1711 1265 καὶ
1757 1212 1885 1283 περὶ

290 1295 449 1362 ἁγίου
487 1297 832 1369 Πνεύματος,
891 1298 972 1354 ἔτι
1037 1302 1132 1355 καὶ
1170 1302 1301 1373 περὶ
1338 1302 1573 1371 λογικῶν
1632 1303 1880 1373 φύσεωνο

288 1389 314 1442 ὁ
337 1388 399 1441 δὲ
425 1388 683 1462 δεύτερος
744 1393 876 1463 περὶ
929 1393 1137 1463 κόσμου
1195 1395 1292 1448 καὶ
1344 1394 1454 1449 τῶν
1487 1398 1547 1451 ὲν
1576 1396 1727 1466 αύτῷ
1763 1414 1885 1451 κτι-

291 1481 545 1550 σμάτων,
587 1484 682 1535 κοιλ⁵
725 1482 806 1537 ἔτι
841 1486 923 1538 ὅτι
982 1480 1065 1549 εἷς
1115 1486 1251 1549 Θεὸς
1309 1487 1476 1558 νόμου
1535 1489 1631 1542 κοιλ⁵
1676 1505 1889 1560 προφη-

286 1573 441 1639 τῶν,
534 1576 629 1628 καὶ
671 1576 752 1629 ὅτι
783 1577 811 1630 ό
859 1576 1022 1642 αὐτὸς
1081 1579 1329 1644 Παλαιᾶς
1380 1582 1474 1634 καὶ
1500 1582 1712 1652 Καινῆς
1760 1585 1887 1635 Δια-

286 1664 468 1737 θήκης
535 1666 689 1733 Θεὸς,
745 1669 839 1721 καὶ
902 1671 1028 1741 περὶ
1094 1671 1193 1742 τῆς
1267 1672 1361 1725 τοῦ
1419 1674 1670 1745 Σωτῆρος
1731 1676 1887 1727 ἐναν-

285 1756 650 1829 θρωπήσεως,
706 1761 799 1814 καὶ
840 1763 923 1815 ὅτι
970 1763 1032 1816 τὸ
1065 1765 1198 1819 αὐτὸ
1239 1766 1466 1839 Πνεῦμα
1508 1769 1567 1821 ὲν
1608 1769 1817 1839 Μωῦσῇ
1843 1768 1885 1799 ³9

1981 572 2198 630 Patrem
2229 577 2447 646 quidem
2502 592 2598 648 per
2652 578 2834 633 omnia
2886 594 3005 648 qua:
3060 581 3329 637 exsistunt
3375 598 3566 653 perva-

1982 664 2113 720 dere
2140 684 2155 721 :
2190 665 2387 721 Filium
2414 683 2545 723 vero
2573 668 2783 724 ratione
2814 669 3079 725 duntaxat
3110 672 3333 738 praedita
3368 690 3383 727 :
3434 673 3555 742 Spi-

1985 757 2146 811 ritum
2196 768 2375 813 autem
2435 775 2497 814 ea
2559 769 2766 815 tantum
2818 776 2939 831 quae
2998 762 3149 817 salva
3214 763 3357 817 facta
3421 773 3568 818 sunt.

1985 846 2176 903 Tradit
2197 858 2252 904 et
2277 850 2379 903 alia
2414 852 2637 904 nimium
2663 852 2920 918 absurda,
2944 852 3348 923 impietatisque
3368 852 3523 922 plena
3549 870 3564 908 :

1985 940 2295 994 animarum
2347 939 2436 1012 4ο
2472 943 2826 1012 migrationes
2856 953 2911 1000 et
2940 945 3186 997 animata
3214 944 3422 1008 sidera,
3449 943 3573 1012 plu-

1987 1045 2154 1099 raque
2185 1031 2237 1085 id
2279 1046 2449 1100 genus
2486 1032 2589 1086 alia
2647 1044 2904 1103 nugatus.
2956 1033 3143 1090 Primo
3205 1034 3387 1105 itaque
3434 1035 3573 1089 libro

1988 1120 2234 1177 fabulose
2284 1123 2502 1177 disserit
2558 1124 2625 1178 de
2671 1123 2856 1187 Patre.
2906 1133 2961 1180 et
3021 1124 3110 1197 (ut
3148 1125 3265 1196 ipse
3302 1125 3571 1196 appellat)

1987 1215 2053 1269 de
2081 1214 2322 1280 Christo,
2353 1223 2409 1269 et
2436 1215 2502 1269 de
2528 1225 2717 1270 sancto
2748 1216 2955 1285 Spiritu
2994 1235 3009 1273 :
3045 1218 3272 1288 insuper
3300 1228 3355 1272 et
3386 1219 3451 1273 de
3478 1232 3569 1271 na-

1988 1306 2126 1361 turis
2180 1307 2388 1361 ratione
2433 1308 2695 1377 praeditis.
2751 1309 3006 1365 Secundo
3054 1325 3205 1377 vero,
3239 1310 3306 1365 de
3346 1310 3571 1375 mundo,

1987 1394 2260 1464 rebusque
2291 1395 2342 1449 in
2374 1410 2440 1450 eo
2473 1397 2708 1452 conditis
2737 1415 2750 1451 :
2780 1407 3042 1467 praeterea
3083 1414 3250 1453 unum
3291 1399 3569 1454 eumdem-

1988 1502 2095 1557 que
2119 1500 2240 1541 esse
2283 1485 2452 1541 Deum
2483 1487 2619 1557 legis
2673 1498 2730 1544 et
2761 1490 3150 1559 prophetarum
3179 1510 3194 1546 :
3226 1507 3391 1545 unum
3439 1490 3569 1545 item

1988 1592 2109 1633 esse
2137 1579 2347 1634 Veteris
2374 1588 2426 1633 et
2459 1576 2595 1635 Novi
2646 1578 2986 1636 Testamenti
3019 1582 3189 1637 Deum
3222 1600 3236 1637 :
3282 1583 3350 1637 de
3382 1582 3573 1636 Salva-

1990 1670 2124 1725 toris
2183 1670 2610 1726 incarnatione:
2667 1671 2917 1727 eumdem
2972 1673 3222 1743 spiritum
3258 1673 3312 1727 in
3365 1671 3570 1753 Moyse,

1991 1773 2045 1818 et
2073 1762 2192 1817 aliis
2235 1762 2535 1832 prophetis,
2571 1764 2887 1834 sanctisque
2932 1765 3197 1836 apostolis
3244 1765 3433 1820 fuisse.
3489 1766 3570 1820 Ad

280 1850 377 1903 καὶ
399 1854 520 1914 τοῖς
540 1852 721 1917 ἄλλοις
745 1856 1055 1925 προφήταις
1084 1857 1181 1911 καὶ
1203 1857 1380 1927 ἁγίοις
1424 1859 1768 1923 ἀποστόλοις·
1795 1858 1876 1912 ἔτι

1991 1857 2099 1908 haec
2132 1855 2197 1907 de
2226 1853 2429 1918 anima,
2461 1853 2528 1907 de
2556 1854 2986 1920 resurrectione,
3016 1855 3085 1911 de
3116 1868 3298 1926 paena,
3329 1857 3396 1911 de
3429 1870 3571 1926 pra:-

280 1941 413 2011 περὶ
438 1942 644 2011 ψυχῆς,
675 1945 803 2014 περὶ
831 1946 1203 2015 ἀναστάσεως,
1267 1948 1401 2021 περὶ
1423 1949 1720 2013 κολάσεως,
1748 1949 1879 2020 περὶ

280 2032 651 2099 ἐπαγγελιῶν.
704 2035 763 2089 '0
795 2035 851 2089 δὲ
888 2037 1071 2108 τρίτος
1114 2039 1246 2111 περὶ
1285 2039 1660 2106 αὖτεξουσίου.
1695 2042 1818 2105 Πῶς
1849 2045 1878 2097 ό

279 2124 531 2189 διάϐολος
574 2128 671 2180 καὶ
717 2130 772 2181 αί
833 2130 1211 2200 ἀντικείμεναι
1262 2133 1525 2204 δυνάμεις
1582 2136 1726 2191 κατὰ
1778 2135 1878 2198 τὰς

278 2217 509 2287 Γραφάς
544 2220 935 2290 στρατεύονται
971 2223 1051 2293 τῷ
1098 2224 1428 2297 ἀνθρωπίνῳ
1456 2226 1625 2295 γένει·
1672 2228 1753 2280 ὅτι
1786 2244 1878 2295 γει

277 2312 442 2379 νητὸς
482 2313 511 2365 ὁ
557 2314 764 2381 κόσμος
805 2315 902 2368 καὶ
940 2315 1181 2387 φθαρτὸς
1224 2318 1333 2372 ἀπὸ
1382 2318 1577 2389 χρόνου
1635 2319 1878 2390 ἀρξάμε-

276 2419 383 2465 νος.
433 2402 492 2456 Ὁ
520 2403 578 2456 δὲ
605 2404 864 2474 τέταρτος
886 2408 1016 2477 περὶ
1049 2408 1359 2473 τέλους,ὂτι
1379 2408 1519 2461 θεῖαι
1552 2409 1610 2464 αἱ
1633 2409 1872 2481 Γραφαί.

275 2493 466 2558 Τέλος,
498 2495 649 2559 ὅπως
670 2499 753 2550 δεῖ
783 2498 1182 2567 ἀναγινώσκειν
1212 2501 1305 2553 καὶ
1332 2504 1472 2554 νοεῖν
1498 2500 1595 2564 τὰς
1626 2501 1869 2572 Γραφάς.

1020 2632 1099 2688 0'.

539 2740 839 2796 Εὐσεϐιου
872 2746 1237 2812 Καισαρείας
1265 2746 1642 2803 ἐπισκόπου.

355 2852 705 2924 Ἀνεγνὼσθη
736 2856 1150 2925 Εὑαγγελικῆς
1169 2861 1687 2929 Προπαρασκευῆς
1711 2863 1875 2917 Εὐσε-

276 2942 398 2996 είου
425 2943 573 3013 λόγοι
595 2951 677 3010 ιε’,
697 2948 755 2998 ὲν
785 2941 866 3012 οἷς
895 2948 971 3011 ὡς
998 2949 1205 3003 ἐπίπαν
1235 2949 1331 3021 τὴν
1350 2951 1620 3020 Ἐλλήνων
1652 2970 1876 3022 ματαιο-

276 3036 473 3105 λογίαν
502 3038 856 3109 ὲλέγχει,καὶ
886 3040 960 3105 ὡς
978 3042 1300 3114 ἀσύμφωνοι
1320 3043 1411 3115 [12
1431 3044 1521 3119 ιι]
1553 3046 1707 3099 αὐτοὶ
1736 3047 1877 3118 πρὸς

278 3128 516 3193 ἑαυτοὺς
549 3129 881 3187 διετέλεσαν.
922 3134 1215 3205 Μέμνηται
1247 3135 1304 3188 δὲ
1342 3136 1402 3189 ἐν
1434 3137 1577 3208 ἀρχῇ
1605 3138 1701 3191 τοῦ
1742 3156 1872 3192 πεν-

278 3222 677 3277 τεκαιδεκάτου
703 3225 863 3294 λόγου
900 3225 957 3299 [5
981 3226 1076 3299 Η.]
1111 3229 1208 3281 καὶ
1239 3230 1298 3281 ὲν
1352 3229 1432 3300 τῷ
1476 3231 1622 3284 τέλει
1676 3232 1878 3304 ἑτέρας

282 3316 704 3385 πραγματείας,
768 3319 841 3388 ἢν
872 3321 1296 3390 Εὑαγγελικὴν
1328 3321 1661 3386 Ἀπόδειξιν
1703 3324 1880 3389 ἐξονο-

282 3409 453 3475 μάζει
512 3407 563 3441 ⁸⁸
588 3449 604 3474 ,
658 3411 953 3465 ἀκόλουθον
1000 3413 1167 3467 οὖσαν
1215 3418 1284 3485 τῇ
1316 3416 1699 3485 Εὐαγγελικῇ
1730 3421 1881 3486 Προ-

281 3501 675 3571 παρασκευῇ,
736 3505 820 3559 ὅτι
850 3506 885 3576 ἡ
945 3505 1046 3577 μὲν
1092 3507 1315 3578 ἔλεγχός
1364 3509 1481 3563 ἐστι
1534 3511 1724 3581 σχεδὸν
1782 3512 1882 3583 τῆς

290 3593 574 3663 Ἑλλήνων
596 3594 830 3666 πλάνης,
876 3597 910 3668 ἡ
947 3596 1004 3651 δὲ
1033 3596 1329 3668 βεϐαίωσις
1376 3600 1473 3653 τοῦ
1520 3602 1881 3673 κηρύγματος

282 3686 377 3739 τοῦ
421 3687 809 3756 εὐαγγελικοῦ.

1056 3782 1111 3836 l'.

358 3868 719 3942 Ἀνεγνώσθη
747 3870 925 3925 Εὐσεό
932 3871 1011 3924 ίου
1030 3873 1062 3943 ἡ
1084 3874 1465 3945 Εὑαγγελικὴ
1483 3876 1753 3941 Ἀπόδεὶξ
1760 3895 1812 3944 ις
1826 3880 1884 3930 ὲν

283 3963 517 4033 βιϐλίοις
549 3969 619 4018 κ’.
1042 3992 1045 3993 ν

1048 4057 1153 4113 IA'.

366 4148 722 4222 ’Δνεγνώσθη
748 4151 1013 4205 Εὐσεὸίου
1041 4150 1551 4220 Ἐκκλησιαστικὴ
1580 4155 1890 4222 Προπαρα-

279 4240 493 4310 σκευὴ
522 4244 582 4296 ὲν
614 4242 939 4313 βιϐλίοις...,
977 4247 1038 4298 ὲν
1065 4238 1147 4307 οἷς
1173 4242 1420 4312 ὲκλογαί.

1052 4335 1167 4390 13⁸.

366 4427 720 4500 ’Δνεγνώσθη
740 4426 1004 4483 Εύσεὸίου
1028 4424 1543 4497 Ἐκκλησιαστικὴ
1571 4424 1896 4493 Ἀπόδειξις

281 4524 344 4576 ὲν
372 4521 681 4593 βισλξοις...

1055 4614 1157 4668 II".

369 4709 691 4781 Ἀνεγνὼθη
716 4708 981 4764 Εὐσεὸίου
1005 4706 1292 4775 Ἐλέτχου
1308 4704 1410 4758 καὶ
1426 4703 1777 4773 Ἀπολογίας
1815 4703 1896 4756 λό-

1983 1945 2129 2000 miis.
2154 1943 2342 2001 Tertio
2366 1946 2432 2001 de
2465 1947 2677 2002 arbitrii
2718 1946 2973 2002 libertate
3004 1965 3020 2002 :
3053 1961 3157 2016 qua
3190 1946 3400 2000 ratione
3451 1945 3572 2000 dia-

1979 2036 2154 2103 bolus,
2175 2040 2568 2109 contrariaque
2613 2047 2930 2108 potestates,
2957 2037 3112 2106 juxta
3156 2037 3570 2107 Scripturarum

1979 2126 2307 2191 doctrinam,
2367 2143 2490 2182 cum
2542 2131 2779 2183 humano
2830 2142 3035 2199 genere
3071 2137 3311 2197 pugnent
3357 2140 3574 2180 :mun-

1948 2217 2105 2293 dum
2128 2218 2257 2273 item
2285 2229 2467 2274 ortum
2503 2219 2729 2285 habere,
2755 2229 2811 2276 et
2862 2219 3206 2289 corruptioni
3271 2220 3569 2274 obnoxium

1978 2324 2120 2375 esse,
2151 2320 2213 2366 ut
2241 2312 2333 2381 qui
2382 2327 2411 2366 a
2442 2321 2685 2381 tempore
2719 2312 2935 2367 initium
2984 2313 3305 2381 sumpserit.
3365 2310 3572 2376 Quarto

1976 2405 2106 2459 item
2130 2403 2268 2459 libro
2296 2404 2365 2459 de
2395 2404 2500 2460 line
2528 2403 2721 2461 ultimo
2750 2423 2764 2459 :
2800 2405 3013 2461 divinas
3038 2420 3159 2459 esse
3205 2404 3517 2472 Scripturas
3549 2419 3566 2455 :

1979 2494 2046 2551 de
2068 2495 2278 2551 ratione
2304 2496 2536 2567 denique
2551 2496 2761 2567 legendi
2792 2504 2848 2551 et
2876 2495 3206 2564 intelligendi
3232 2493 3570 2563 Scripturas.

2725 2629 2820 2685 IX.

1981 2740 2195 2796 Eusebii
2234 2740 2577 2797 Cmariemis
2610 2743 2844 2813 epist-api
2874 2741 3029 2814 (H‘)
3064 2742 3263 2811 scripta
3305 2741 3573 2810 pleraque.

2047 2855 2195 2911 Lecti
2226 2864 2355 2911 sunt
2401 2855 2728 2927 Evangelicte
2755 2856 3160 2926 prwparationis
3188 2854 3406 2910 Eusebii
3448 2854 3575 2909 libri

1977 2948 2331 3019 quindecim:
2368 2950 2566 3019 quibus
2616 2957 2675 3003 ut
2734 2947 3028 3019 plurimum
3077 2948 3295 3002 inanem
3333 2947 3575 3017 gentium

1978 3036 2280 3091 doctrinam
2346 3036 2579 3103 vellicat,
2660 3050 2934 3106 quamque
2994 3035 3198 3091 dissoni
3282 3035 3385 3104 ipsi
3435 3033 3578 3088 inter

1980 3140 2039 3180 se
2063 3136 2321 3196 perpetuo
2354 3124 2574 3181 fuerint.
2611 3124 2861 3181 Meminit
2897 3141 3030 3182 vero
3087 3125 3244 3181 initio
3271 3125 3394 3180 libri
3424 3123 3573 3179 deci-

1981 3220 2054 3272 mi
2093 3219 2291 3287 quinti,
2336 3226 2392 3274 et
2430 3219 2484 3273 in
2542 3218 2732 3274 eodem
2766 3227 3036 3284 extremo,
3091 3217 3319 3272 alterius
3368 3215 3577 3285 operis,

1979 3314 2123 3381 quod
2166 3311 2540 3382 Evangelicam
2574 3310 3089 3367 Demonstrationem
3147 3311 3410 3372 nominat,
3457 3322 3578 3377 quae

1980 3411 2101 3471 post
2129 3398 2501 3471 Evangelicam
2537 3397 2992 3467 Prwparationem
3016 3398 3397 3467 consequitur;
3429 3395 3577 3466 quod

1983 3495 2098 3548 haac
2141 3493 2358 3562 quidem
2392 3493 2743 3561 reprehensio
2794 3491 2909 3546 fere
2946 3495 3016 3546 sit
3047 3491 3252 3545 erroris
3302 3488 3571 3559 gentium,

1984 3586 2070 3639 illa
2106 3599 2235 3639 vero
2265 3582 2611 3639 conﬁrmatio
2641 3583 2897 3655 praeconii
2934 3582 3252 3654 evangelici.

2747 3776 2817 3831 Χ.

2058 3866 2206 3922 Lecti
2255 3878 2382 3921 sunt
2413 3866 2630 3922 Eusebii
2683 3865 3016 3936 Evangelica:
3083 3864 3566 3920 Demonstratiam‘s

1992 3958 2114 4013 libri
2145 3958 2332 4028 viginti
2367 3957 2502 4029 (18).

2738 4047 2834 4104 XI.

2064 4146 2214 4204 Lecti
2236 4152 2363 4201 sunt
2384 4154 2439 4199 et
2467 4143 2687 4199 Eusebii
2721 4142 2834 4216 (l9)
2868 4141 3260 4198 Ecclesiasticw
3292 4141 3579 4210 Ρνωρατα-

1996 4240 2154 4296 tionis
2181 4237 2423 4293 libri.....
2460 4235 2516 4290 in
2544 4234 2743 4306 quibus
2781 4245 3039 4305 excerpta
3067 4241 3213 4289 sunt.

2725 4328 2844 4384 ΧΠ.

1992 4458 1995 4461 ‹
2068 4422 2215 4477 Lecti
2248 4432 2374 4478 sunt
2397 4421 2527 4475 item
2565 4420 2781 4476 Eusebii
2827 4417 3219 4475 Ecclesiauicat
3244 4418 3583 4472 Demonstra-

2001 4512 2159 4566 tionia
2196 4510 2436 4566 libri.....

1926 4554 1972 4609 D

2074 4694 2224 4751 Lecti
2272 4702 2398 4749 sunt
2453 4691 2675 4747 Eusebii
2728 4600 3142 4757 1(E'iiltii'utatiom‘s
3203 4699 3251 4742 et
3311 4688 3584 4758 Apologiw

284 4821 376 4871 γοι
410 4779 533 4871 δύος
568 4779 871 4872 καὶ-ἕτεροι
900 4800 1015 4862 δύο,
1038 4799 1237 4861 οἵτινες
1278 4796 1416 4867 πρὸς
1438 4797 1565 4859 τοὺς
1586 4796 1881 4867 προτέρους

2000 4786 2126 4842 libri
2156 4786 2282 4841 duo.
2316 4783 2491 4838 Alteri
2524 4782 2653 4836 item
2684 4780 2811 4845 duo,
2838 4780 2985 4850 quia
3041 4779 3315 4849 prioribus
3371 4782 3583 4836 duobus

284 4896 387 4950 δύο
410 4896 470 4949 ἐν
500 4913 616 4950 τισι
648 4896 836 4967 ῥητοῖς
859 4891 1340 4961 παραλλάσσοντες
1376 4888 1435 4941 ὲν
1462 4889 1575 4950 τοῖς
1605 4887 1789 4950 ἀλλοις
1819 4888 1881 4957 τῇ

2000 4896 2122 4936 cum
2163 4876 2557 4934 assertionibus
2584 4872 2910 4944 quibusdam
2942 4872 3220 4940 diﬂ‘erant,
3257 4873 3309 4928 in
3366 4874 3583 4929 caeteris

288 5005 351 5041 τε
373 4986 529 5053 λέξει
564 4985 662 5039 καὶ
688 4986 755 5054 τῇ
778 4981 990 5053 διανοίᾳ
1020 4982 1068 5033 oi
1092 4978 1245 5032 αὐτοί
1275 4979 1436 5034 εἰσιν.
1469 4975 1697 5046 Είσάγει
1722 4976 1783 5030 δὲ
1806 4976 1884 5040 ὡς

1997 4972 2207 5030 dicendi
2247 4982 2467 5041 genere,
2492 4981 2556 5021 ac
2594 4980 2759 5020 sensu
2815 4964 2977 5019 iidem
3022 4974 3169 5019 sunt.
3213 4963 3386 5018 All'ert
3437 4978 3588 5028 vero,

286 5079 409 5133 ἀπὸ
424 5077 541 5132 τῶν
584 5076 852 5147 Ἑλλήνων
865 5074 1021 5137 τινὰς
1045 5072 1283 5142 ἀπορίας
1302 5070 1444 5124 κατά
1463 5071 1563 5140 τῆς
1587 5069 1881 5141 ἀμωμήτοι.

2001 5073 2061 5117 ιιι
2087 5061 2154 5116 ab
2183 5059 2417 5115 ethnicis
2458 5054 2720 5126 profecta,
2749 5063 3069 5124 argumenta
3096 5056 3342 5124 quaedam
3377 5054 3574 5107 adver-

290 5170 604 5242 θρησκείας
638 5167 818 5240 ἡμῶν,
864 5166 963 5221 καὶ
1005 5164 1207 5228 ταύτας
1256 5162 1439 5226 καλῶς
1465 5201 1481 5226 ,

1526 5164 1574 5215 ει
1603 5163 1699 5215 καὶ
1726 5162 1803 5233 μὴ
1841 5163 1900 5214 ὲν
2004 5171 2098 5210 sus
2123 5154 2389 5208 sinceram
2428 5161 2669 5205 nostram
2696 5148 3008 5217 religionem
3034 5165 3051 5214 ;
3081 5148 3383 5216 eademque
3416 5154 3585 5211 recte,

290 5235 471 5317 πάσιν
510 5301 529 5327 ,
583 5235 873 5315 ἐπιλύεται
936 5257 1005 5311 ⁸⁸.
1063 5256 1177 5326 Τὴν
1216 5254 1276 5308 δὲ
1325 5254 1528 5324 φράσιν
1580 5252 1684 5305 οὐκ
1755 5250 1881 5304 ἐστι’

2005 5243 2090 5316 ω)
2142 5243 2265 5297 licet
2314 5256 2420 5296 non
2477 5254 2572 5310 per
2619 5239 2822 5303 omnia,
2885 5236 3103 5292 refellit.
3163 5235 3357 5289 Phrasi
3408 5249 3588 5303 neque

1597 5389 1837 5445 VARIA‘J
1879 5384 2289 5443 LECTIONES.

373 5495 616 5566 ’τμόνον
654 5509 713 5557 ς.

806 5494 853 5527 ³⁸
874 5488 1028 5561 αὐτῷ
1060 5487 1529 5561 μυθολογούμενος
1562 5486 1719 5556 λόγος
1747 5487 1876 5556 περὶ
1912 5501 1973 5547 ς.
2062 5481 2105 5512 ³⁹
2143 5478 2317 5549 μωσεῖ
2340 5495 2399 5540 ς.

2492 5473 2539 5503 ⁸ο
2572 5470 2827 5540 ὀνομάζει
2857 5487 2917 5532 ς.
3020 5467 3064 5497 ⁶¹
3087 5464 3388 5520 ἀπολύεται
3416 5485 3477 5532 ς,

1881 5572 2111 5629 ΝΟΤίΕ.

381 5679 529 5751 (17‘)
560 5678 727 5734 Plura
770 5683 1088 5751 __enu_me_rat
1134 5671 1200 5727 Β.
1250 5669 1474 5751 [ﬁeret].
1523 5670 1577 5725 in
1634 5668 1897 5739 Catalogo

305 5742 445 5831 cap:
459 5751 743 5831 “iiihetuex
759 5748 861 5831 _illo
883 5745 1248 5831 Sop_hro_nﬁ.pac
1279 5742 1433 5831 'Suid.

392 5813 513 5893 USl
541 5813 716 5877 Hodie
739 5818 936 5875 decent
962 5813 1239 5871 duntaxat
1281 5813 1550 5881 leguntur.

2081 5663 2193 5736 (l9)
2228 5659 2663 5736 Utrumque_hoc
2711 5668 2853 5736 opus
2916 5652 3243 5735 Ecclesiast.
3288 5653 3587 5736 Rrieparat.

2009 5723 2100 5790 ac‘
2133 5723 2500 5788 Demonstrat.
2536 5725 2829 5789 intercidit,
2867 5737 3040 5793 neque
3082 5724 3332 5780 meminit
3361 5723 3425 5775 Β.
3458 5723 3599 5777 Hie-

2003 5823 2121 5861 ΓθΙΙ.
