3980 6234
304 320 368 385 61
1267 335 1799 399 BIBLIOTHECA.
1822 362 1892 373 —
1917 335 2133 398 conn.
2167 336 2642 398 XXII-XXVIII.
3519 335 3593 399 δε
3618 353 3629 390 ι

1019 444 1162 510 κεῖν.

306 528 612 584 Συνεσίου
641 529 998 606 ἐπισκόπου,
1033 537 1313 606 Κυρήνης
1360 537 1493 606 περὶ
1545 538 1898 606 βασιλείας,

739 602 838 656 καὶ
871 604 1005 672 περὶ
1033 605 1240 659 ἄλλων
1274 602 1473 660 τιν-ὡκ.

387 692 740 765 Ἀνεγνὼσθη
791 697 1093 750 ἐπισκόπου
1141 701 1403 770 Κυρήνης
1437 700 1711 768 (Συνέσιος
1753 700 1903 772 αὐτῷ

305 786 500 854 ὄνομα)
525 786 672 855 Περὶ
699 790 1014 856 Προνοίας.
1034 791 1518 858 Περίβασιλείας
1539 793 1632 845 καὶ
1659 795 1789 862 περὶ
1817 793 1905 847 άλ-

308 879 421 932 λων
463 879 630 932 τινῶν
649 897 663 911 ·
701 880 803 952 τὴν
835 881 936 952 μὲν
970 885 1172 952 φράσιν
1201 883 1407 954 ὑψηλὸς
1434 887 1527 938 καὶ
1551 886 1716 953 ὄγκον
1741 885 1902 955 ἔχων,

308 971 624 1024 ἀποκλίνων
652 971 710 1026 δὲ
741 973 840 1026 καὶ
874 975 1013 1044 πρὸς
1042 975 1102 1028 τὸ
1140 975 1571 1048 ποιητικώτερον
1598 977 1666 1033 ⁵⁸.

393 1155 921 1228 Ἀνεγνώσθησαν-⁸’
950 1157 1007 1211 δὲ
1039 1156 1208 1212 αὐτοῦ
1249 1159 1345 1213 καὶ
1391 1161 1673 1214 ἐπιστολαὶ
1715 1162 1904 1231 διάφο-

312 1264 421 1317 ροι,
453 1249 681 1318 χάριτος
723 1247 820 1303 καὶ
863 1249 1057 1320 ήδονῆς
1085 1248 1498 1315 άποστάζουσαι
1545 1253 1687 1322 μετὰ
1715 1254 1816 1324 τῆς
1845 1255 1904 1307 ὲν

307 1341 426 1402 τοῖς
453 1340 728 1408 νοήμασιν
763 1341 950 1410 ἰσχύος
983 1342 1080 1394 καὶ
1113 1343 1476 1412 πυκνότητος.

377 1425 492 1482 Ἦν
522 1430 567 1483 δ’
624 1426 782 1495 οὗτος
812 1432 872 1496 ἐξ
917 1432 1207 1503 Ἑλλήνων,
1251 1433 1542 1505 φιλοσοφίᾳ
1587 1434 1899 1504 σχολάζων·

306 1522 368 1574 ὃν
401 1539 537 1590 φασι
566 1523 704 1594 πρὸς
743 1525 836 1576 τὸν
865 1524 1128 1594 θειασμὸν
1160 1525 1256 1579 τοῦ
1291 1527 1722 1598 Χριστιανισμοῦ
1777 1528 1902 1582 νεύ-

308 1630 481 1666 σαντα
492 1613 563 1667 τὰ
583 1615 682 1684 μὲν
699 1615 835 1669 ἄλλα
855 1616 1260 1688 παραδέχεσθαι
1278 1619 1569 1683 εὐπειθῶς,
1589 1619 1679 1672 τὸν
1696 1619 1787 1686 [17
1809 1619 1900 1693 8.]

304 1705 362 1757 δὲ
395 1708 526 1776 περὶ
546 1707 899 1770 ἀναστάσεως
921 1709 965 1740 ⁸⁸
995 1709 1096 1762 οὐκ
1126 1707 1336 1761 ἐθέλειν
1363 1710 1691 1780 προσίεσθαι
1721 1711 1900 1780 λόγον.

2705 441 2895 501 XXVI.

2433 540 2641 609 Synesii
2670 537 2912 608 συνεθιιεὶ
2938 539 3155 608 scripta.

2075 701 2253 756 Lectae
2285 710 2408 755 sunt
2433 699 2671 769 episcopi
2703 699 2965 770 Cyrenes,
2999 697 3085 752 cui
3113 696 3346 768 Synesio
3369 713 3590 765 nomen,

2006 793 2072 847 de
2099 792 2458 855 Providentia,
2487 801 2542 844 et
2571 790 2644 843 De
2673 807 2830 858 regno
2875 789 3012 859 (56),
3047 787 3280 858 aliisque
3313 789 3591 844 nonnullis

2005 885 2292 938 orationes.
2341 881 2528 952 Stylus
2577 881 2649 935 illi
2705 880 2958 934 sublimis
2988 881 3207 950 quidem
3242 890 3297 935 et
3343 881 3588 950 grandis,

2005 974 2101 1030 sed
2129 974 2220 1042 qui
2253 973 2319 1025 ad
2341 971 2655 1042 popularem
2687 970 2806 1039 (57)
2829 969 2991 1024 simul
3015 970 3309 1025 dictionem
3339 970 3591 1040 aliquan-

2003 1073 2120 1121 tum
2150 1065 2398 1119 inclinet.

2076 1159 2255 1213 Lecta:
2301 1165 2426 1212 sunt
2467 1166 2523 1211 et
2559 1152 2801 1224 ejusdem
2830 1154 3077 1223 epistolae
3122 1155 3286 1210 variae
3322 1155 3462 1227 (’58),
3497 1172 3593 1212 ve-

2007 1256 2230 1304 nustate
2277 1263 2342 1302 ac
2385 1247 2667 1302 dulcedine
2705 1243 2976 1314 ﬂuentes,
3023 1261 3148 1301 cum
3190 1249 3589 1303 sententiarum

2005 1341 2206 1396 robore
2234 1354 2298 1394 ac
2319 1339 2610 1394 densitate.

2077 1431 2287 1487 Prodiit
2334 1431 2419 1485 hic
2463 1447 2494 1487 e
2545 1430 2825 1500 gentilium
2886 1429 3334 1500 philosophorum
3379 1431 3589 1495 schola,

2005 1541 2165 1596 quem
2209 1527 2361 1580 aiunt
2402 1525 2468 1578 ad
2506 1523 2744 1577 divinam
2800 1522 3236 1578 Christianorum
3286 1522 3592 1576 doctrinam

2007 1619 2384 1683 inclinantem,
2409 1616 2512 1670 alia
2540 1617 2759 1684 quidem
2792 1614 2950 1669 facile
2979 1614 3276 1683 recepisse,
3299 1615 3420 1680 sed,
3445 1614 3592 1684 quod

2008 1711 2260 1782 equidem
2296 1709 2439 1764 haud
2493 1709 2607 1762 scio
2655 1724 2722 1761 an
2767 1707 2984 1761 aliunde
3014 1705 3154 1776 (59),
3199 1715 3350 1761 certe
3381 1722 3450 1759 ex
3478 1705 3595 1776 cpi-

317 1798 464 1850 Ἀλλ’
493 1794 590 1852 οὖν
621 1801 714 1854 καὶ
740 1799 884 1854 οὕτω
903 1800 1249 1870 διακείμενον
1279 1801 1529 1872 ἐμύησάν
1557 1819 1620 1854 τε
1656 1801 1728 1855 τά
1763 1804 1903 1873 ήμέ-

2022 1805 2142 1861 stola
2163 1805 2334 1874 ipsius
2363 1804 2428 1856 ad
2448 1801 2807 1871 TheOphilum
2833 1799 3122 1854 manifeste
3140 1799 3590 1869 deprehenditur,

297 1907 443 1959 τερα
486 1892 586 1944 καὶ
633 1891 715 1944 ἐτι
743 1892 840 1945 καὶ
884 1892 1297 1964 ἀρχιερωσύνης
1336 1893 1601 1964 ἠξίωσαν,
1632 1894 1772 1965 πρὸς
1799 1895 1900 1967 τήν

300 1983 473 2052 ἀλλην
503 1983 601 2037 τοῦ
637 1985 830 2056 ἀνδρὸς
856 1985 1264 2054 καλοκαγαθίαν
1289 1986 1388 2040 καὶ
1417 1986 1478 2040 τὺ
1510 1987 1752 2060 καθαρὸν
1799 1990 1901 2058 ἀφ-

296 2075 544 2146 ορῶντες
562 2074 656 2129 τοῦ
676 2076 812 2144 βίου,
836 2077 928 2130 καὶ
951 2078 1034 2131 ὅτι
1058 2078 1158 2132 οὐκ
1183 2077 1249 2132 ἂν
1269 2077 1411 2131 οὕτω
1435 2079 1583 2149 βιοὺς
1609 2079 1706 2133 ἄνθ
1715 2097 1900 2150 ρωπος

300 2167 360 2219 τὸ
387 2167 490 2236 τῆς
520 2167 873 2233 ἀναστάσεως
901 2171 1001 2223 οὐκ
1034 2169 1374 2240 ἐλλαμφθείη
1403 2170 1624 2238 φέγγος.
1659 2172 1768 2224 Καὶ
1793 2171 1898 2240 τῆς

301 2259 520 2322 ἐλπίδος
576 2261 677 2313 οὐκ
737 2261 1125 2332 ἐψεύσθησαν·
1175 2263 1350 2333 ῥᾷστα
1401 2261 1509 2332 γὰρ
1553 2262 1724 2331 αὐτῷ,
1775 2265 1936 2316 ἐπεὶ.

299 2350 720 2422 ἁρχιεράτευσε,
773 2353 868 2405 καὶ
913 2353 975 2406 τὸ
1020 2353 1122 2421 τῆς
1177 2353 1532 2415 ἀναστάσεως
1582 2355 1662 2417 είς
1714 2355 1897 2408 πίστιν

299 2442 660 2514 ἀπεκατέστη
688 2444 730 2476 ⁸¹
765 2445 965 2515 δόγμα.
1012 2446 1348 2516 Ἐπεκόσμει
1393 2445 1451 2498 δὲ
1489 2447 1774 2519 Κυρήνην,
1806 2450 1895 2501 ὅτε

298 2535 566 2604 Θεόφιλος
615 2538 1028 2606 Ἀλεξανδρείας
1055 2540 1368 2594 ἐπεστάτει.

2007 1901 2074 1954 de
2102 1897 2511 1953 resurrectione
2541 1897 2735 1962 dogma
2767 1895 3053 1961 suscipere
3085 1892 3350 1946 noluisse.
3387 1890 3590 1944 Verum

2009 1994 2080 2046 ita
2112 1991 2355 2045 sentiens
2393 1987 2531 2060 (40),
2563 1986 2766 2041 nostris
2798 1993 2981 2040 tamen
3004 1995 3088 2040 est
3121 1984 3465 2054 dogmatibus
3490 1982 3598 2036 ini.

2008 2083 2192 2146 tiatus,
2219 2084 2328 2136 imo
2348 2081 2511 2134 etiam
2537 2094 2751 2133 summo
2773 2077 3082 2134 sacerdotio
3119 2078 3312 2146 dignus
3347 2075 3592 2139 habitus,

2005 2191 2127 2230 cum
2163 2175 2229 2228 ad
2267 2174 2428 2227 aliam
2475 2171 2577 2226 viri
2637 2172 2986 2240 probitatem,
3044 2170 3361 2238 pariterque
3411 2177 3591 2222 actam

2000 2265 2166 2317 vitam
2221 2270 2472 2330 respectu
2515 2261 2728 2326 habito,
2771 2269 2882 2312 tum
2909 2259 3054 2328 quod
3086 2275 3192 2312 non
3242 2268 3426 2328 posset
3461 2274 3591 2317 non.

2005 2354 2097 2426 qui
2147 2353 2227 2408 sic
2258 2355 2420 2408 homo
2461 2353 2628 2406 vitam
2659 2351 2988 2406 instituisset
3019 2351 3131 2420 6a,
3165 2349 3592 2405 resurrectionis

1999 2446 2207 2502 lumine
2253 2446 2537 2500 illustrari.
2600 2443 2712 2498 Nec
2761 2459 2822 2498 ea
2868 2459 2994 2512 spes
3043 2441 3257 2496 fefellit.
3311 2440 3595 2495 Facillime

2000 2541 2146 2596 enim
2213 2539 2373 2593 simul
2420 2547 2581 2606 atque
2622 2537 2910 2606 episcopus
2947 2543 3167 2589 creatus
3213 2541 3316 2595 est,
3349 2546 3597 2586 resurre-

300 2629 504 2683 ctionis
537 2632 704 2684 etiam
739 2632 1042 2686 doctrinam
1075 2633 1461 2706 crediditﬂi).
1524 2633 1792 2706 Cyrenem
1834 2648 1964 2689 vero
2003 2631 2334 2699 illustravit,
2385 2645 2494 2702 quo
2546 2638 2793 2699 tempore
2851 2627 3198 2683 Alexandriae
3253 2623 3593 2694 Theophilus

303 2727 652 2796 praesidebat.

1027 2821 1169 2891 IKZ'.

296 2912 604 2968 Εὐσεόίου
649 2913 1172 2984 Ἐκκλησιιιστικὴ
1213 2915 1463 2984 Ἱστορία
1509 2915 1579 2968 ἐν
1607 2917 1812 2982 τόμοις
1843 2922 1901 2970 ι’.

382 3005 731 3078 Ἀνεγνώσθη
753 3007 1013 3060 Εὐσεΰίου
1031 3009 1543 3075 Ἐκκλησιαστικὴ
1562 3009 1820 3076 Ἰστορία
1844 3009 1902 3061 ὲν

303 3099 494 3168 τὸμοις
543 3098 695 3152 δέκα.
729 3099 996 3169 ’Λρχεται
1026 3099 1134 3153 ἀπὸ
1165 3100 1470 3171 παρουσίας
1521 3099 1760 3172 Χριστοῦ
1805 3098 1902 3152 τοῦ

2681 2815 2900 2871 XXVII.

2790 2817 2826 2869 V
2886 2855 2900 2870 .

2042 2913 2264 2969 Eusebii
2298 2909 2563 2974 Pamphili
2608 2817 3000 2960 chffsialslticte
3035 2902 3291 2957 Historia
3339 2899 3463 2953 libri
3497 2915 3551 2954 ι.

2076 3007 2226 3061 Lecti
2256 3013 2384 3059 sunt
2443 3001 2662 3057 Eusebii
2711 2997 3104 3052 Ecclesiasticw
3159 2993 3418 3047 Historia:
3466 2989 3591 3044 libri

2006 3098 2215 3152 decem.
2253 3096 2582 3164 Auspicatur
2626 3107 2655 3146 a
2699 3100 2833 3145 nato
2883 3089 3104 3143 Christo
3143 3101 3273 3140 vero
3328 3085 3438 3139 Deo
3498 3098 3618 3137 no-v

305 3191 566 3263 ἀληθινοῦ
596 3190 734 3244 Θεοῦ
768 3191 951 3263 ήμῶν,
983 3193 1078 3247 καὶ
1105 3193 1377 3263 διέρχεται
1407 3194 1475 3248 τά
1524 3194 1665 3246 κατὰ
1703 3193 1748 3223 θ’
1776 3192 1902 3255 τοὺς

2022 3201 2144 3254 stro,
2180 3198 2237 3244 et
2265 3204 2363 3258 per
2391 3197 2748 3259 tyrannorum
2782 3193 3026 3252 tempora
3059 3187 3313 3234 accurate
3347 3191 3598 3247 progres-

303 3285 592 3356 τυράννων
623 3285 669 3316 ⁸³
699 3287 925 3357 χρόνους
973 3285 1421 3356 ἐπιμελέστερον,
1453 3287 1548 3340 καὶ
1596 3285 1899 3354 καταλήγει

2022 3296 2120 3347 ius,
2159 3281 2224 3334 ad
2254 3276 2604 3335 Constantini
2662 3273 2833 3345 Magni
2884 3271 3170 3342 imperium
3204 3268 3483 3338 pertingit,
3512 3267 3597 3320 di-

309 3378 476 3448 μέχρι
525 3379 627 3448 τῆς
676 3379 1094 3432 Κωνσταντίνου
1151 3378 1428 3447 βασιλείας
1481 3377 1576 3431 τοῦ
1623 3378 1903 3445 Μεγάλου,

307 3469 643 3540 λεπτότερον
666 3471 767 3524 ὅσα
788 3470 1281 3542 ταῖςἜκκλησίαις
1313 3472 1405 3524 ἐπὶ
1429 3471 1595 3526 αὐτοῦ
1618 3472 1790 3526 τεκαὶ
1814 3471 1907 3524 ὑπ’

307 3560 476 3614 αὑτοῦ
507 3561 894 3633 ὲπρυτανεύθη
923 3562 1404 3634 ἀναγραφόμενος.

1025 3655 1163 3709 κη’.

489 3739 851 3811 Σωκράτους
894 3743 1412 3814 Ἐκκλησιαστικὴ
1455 3744 1737 3814 Ἶστορία.

394 3833 741 3904 Ἀνεγνώσθη
755 3835 1078 3904 Σωκράτους
1095 3835 1610 3904 Ἐκκλησιαστικὴ
1629 3837 1844 3906 Ἰστορί
1843 3855 1905 3905 α,

312 3927 516 3998 ἑφεξῆς
573 3927 710 3980 οὖσα
740 3927 841 3997 τῆς
872 3928 1136 3981 Εὑσεὸίου
1165 3945 1179 3960 ·
1234 3929 1465 4000 ἄρχεται
1518 3929 1619 3999 μὲν
1649 3929 1758 4000 γάρ
1799 3929 1909 3982 ἀπὸ

311 4023 412 4091 τῆς
441 4019 860 4073 Κωνσταντίνου
913 4019 1210 4090 βασιλείας,
1241 4021 1339 4074 καὶ¹
1383 4021 1633 4076 κάτεισιν
1674 4020 1781 4085 ἕως
1806 4023 1909 4091 τῆς

311 4114 406 4167 τοῦ
461 4113 586 4166 νέου
648 4113 933 4166 Θεοδοσίου
994 4113 1296 4183 βασιλείας.
1351 4113 1410 4168 '0
1447 4115 1504 4169 δδ
1553 4116 1908 4184 συγγραφεὺς

312 4205 467 4275 παρὰ
494 4205 544 4238 ⁸⁸
580 4205 877 4275 Ἀμμωνίῳ
907 4207 1003 4260 καὶ
1036 4205 1299 4278 Ἑλλαδίῳ
1336 4208 1450 4270 τοῖς
1491 4205 1908 4277 Ἀλεξανδρεῦσι

313 4303 724 4369 γραμματικοῖς
755 4299 957 4370 φοιτῶν
986 4299 1066 4352 ἔτι
1097 4302 1230 4363 πατς
1255 4298 1330 4352 ὢν
1359 4299 1427 4353 τὰ
1452 4299 1554 4369 τῆς
1587 4316 1909 4370 γραμματι-

315 4393 417 4461 κῆς
442 4392 774 4459 ὲδιδάσκετο,
811 4393 1182 4464 Ἑλληνισταῖς
1205 4387 1326 4446 οὖσι
1345 4392 1441 4446 καὶ
1469 4392 1558 4446 διὰ
1589 4393 1786 4446 στάσιν
1813 4394 1908 4446 ὲκ-

313 4485 541 4538 πεσοῦσι
562 4486 666 4557 τῆς
697 4485 956 4556 πατρίδος
987 4486 1082 4539 καὶ
1107 4488 1165 4538 ἐν
1199 4485 1769 4540 Κωνσταντινουπόλει
1791 4484 1906 4538 δια-

2012 3373 2265 3441 ligentius
2295 3385 2417 3439 quae
2466 3369 2516 3422 in
2554 3366 2814 3421 Ecclesiis
2861 3365 2961 3419 sub
3002 3362 3094 3416 illo
3133 3363 3284 3417 etab
3317 3359 3406 3414 illo
3439 3359 3597 3414 insli-

2008 3472 2126 3520 tuta
2158 3465 2485 3532 decretaque
2523 3468 2670 3526 sunt,
2705 3466 3068 3528 pertractans.

2681 3633 2924 3692 XXVIII.

2178 3731 2417 3789 Socratis
2447 3727 2840 3784 Ecclesiauicw
2884 3723 3144 3778 Historiae
3175 3720 3299 3774 libri
3323 3735 3419 3774 vn.

2082 3827 2246 3882 Lecta
2277 3834 2362 3879 est
2406 3821 2652 3878 Socratis
2682 3817 3066 3874 Ecclesiastica
3112 3814 3378 3874 Historia,
3420 3811 3592 3863 Euse-

2008 3921 2158 3976 hium
2209 3917 2455 3989 proxime
2505 3914 2823 3984 excipiens:
2875 3913 3037 3965 ducto
3094 3908 3310 3979 quidem
3369 3904 3526 3958 initio
3561 3920 3591 3956 a

2008 4010 2354 4068 Constantini
2389 4008 2637 4078 imperio,
2685 4014 2741 4060 et
2769 4006 2837 4060 ad
2868 4001 3160 4058 Theodosii
3193 3998 3422 4054 minoris
3453 4006 3593 4052 tem-

2010 4118 2140 4173 pora
2172 4097 2543 4170 perducendo.

2081 4193 2326 4262 Scriptor
2367 4190 2456 4244 hic
2510 4185 2856 4242 Ammonium
2883 4194 2939 4238 et
2973 4180 3301 4242 Helladium.
3339 4177 3592 4232 Alexan-

2010 4286 2195 4342 drinos
2245 4281 2630 4356 grammaticos
2681 4277 3056 4346 frequentans,
3114 4272 3412 4328 etiamnum
3464 4282 3598 4338 puer

2011 4377 2420 4450 grammaticam
2457 4373 2681 4428 edoctus
2727 4379 2814 4424 est
2861 4371 2930 4423 ab
2977 4365 3208 4422 ethnicis
3253 4362 3598 4424 doctoribus,

2009 4474 2079 4528 ob
2105 4471 2427 4528 seditionem
2481 4465 2654 4537 patria
2696 4461 2963 4531 profugis,
3011 4469 3067 4514 et
3119 4455 3592 4523 Constantinopoli

307 4548 898 4648 €p£6OUGIV.'UEpté'xEt
931 4548 988 4631 δὲ
1028 4580 1061 4648 ή
1097 4577 1276 4649 βίϐλος
1307 4577 1500 4648 χρόνον
1537 4575 1673 4630 ἐτῶν
1698 4584 1820 4648 pp.”
1866 4578 1900 4647 ή

2022 4565 2310 4637 igenlibus.
2359 4561 2617 4616 Continet
2645 4572 2776 4612 vero
2803 4556 2905 4610 hoc
2935 4568 3070 4622 opus
3097 4559 3317 4606 centum
3348 4548 3592 4616 quadra-

302 4641 364 4720 δέ
392 4668 551 4723 πᾶσα
575 4641 789 4740 ἱστορία
893 4641 1258 4740 τόμοιςαὺτῷ
1286 4641 1623 4722 συντέθειται
1641 4641 1801 4722 ἑπτά.
1832 4641 1900 4720 Ίί

2022 4661 2158 4731 ginta
2202 4670 2474 4712 annorum
2517 4669 2606 4708 res
2642 4661 2845 4721 gestas,
2875 4647 3138 4715 omnique
3171 4643 3306 4698 adeo
3357 4641 3587 4696 historia

1637 4775 1876 4833 VARUE
1911 4769 2319 4830 LECTIONES.

377 4892 428 4924 ³⁸
453 4891 882 4962 πολιτικώτερον
910 4911 970 4956 ς’.
1004 4961 1009 4962 ν
1053 4891 1098 4924 ⁶⁹
1116 4889 1436 4962 άνεγνῲσθη

1621 4889 1667 4922 ⁸ο
1697 4899 1816 4957 post
1849 4886 2226 4960 Ἀναστάσεως
2252 4898 2372 4960 qua:
2409 4879 2567 4960 vulgo
2603 4886 2862 4960 tanquam
2896 4874 3286 4960 Photii‘veroa
3323 4875 3598 4960 pqnunglur

310 4937 716 5049 post???
731 4937 848 5017 ἷᾶῐ
1261 4937 1576 5049 ὸξξέξτῐὼ
1603 4959 1660 5049 δὲ
1689 4937 2374 5049 τῆξθεόφίλον
2403 4937 2571 5049 αἱτξῦ
2602 4937 2895 5049 ὲτξιέτολῆξ
2929 4937 3592 5049 ἀριδίλξωθξιξῗξῗξῇμξ

308 5029 504 5104 νεται),
532 5029 688 5087 ea'in
721 5048 808 5104 mg
835 5049 892 5104 rc
937 5034 1099 5104 habet
1129 5033 1198 5085 A.
1243 5102 1251 5104 ᾗ
1296 5032 1340 5104 ἐι
1375 5029 1730 5101 ἀποκατέστη
1756 5047 1819 5095 ς.

311 5103 424 5158 τῶν
460 5101 801 5175 τυράννωνᾙ
848 5101 894 5136 ⁸⁸
925 5103 1104 5174 παρὰ]
1135 5102 1266 5174 περὶ
1290 5103 1357 5157 Α.

1917 5019 1964 5060 ﬂ
1997 5019 2078 5081 ea
2105 5019 2248 5080 κατὰ
2275 5025 2320 5078 Α
2363 5041 2378 5078 :
2415 5023 2485 5076 τὰ
2513 5023 2571 5076 ὲν
2596 5022 2710 5084 τοῖς
2739 5019 2884 5073 κατὰ
2905 5036 2968 5084 ς-

3094 5016 3115 5048 ³
3149 5007 3454 5083 τυράννων]
3484 5008 3597 5062 ituo

1826 5167 2061 5226 NOT/E.

383 5307 494 5376 (36)
530 5306 685 5362 Utoe
719 5305 1028 5376 insomniis,
1043 5303 1279 5368 calvitie,
1297 5303 1461 5376 dono,
1482 5301 1896 5376 constitutione,

311 5371 631 5446 ceterisque
656 5393 684 5430 a
715 5375 843 5446 Gul.
884 5375 1046 5446 Cant.
1075 5389 1180 5428 una
1203 5389 1332 5446 cum
1361 5371 1592 5446 Hymnis
1633 5371 1901 5446 Graaceet

315 5448 500 5503 Latine
522 5442 780 5517 vulgatis.
803 5444 939 5500 Vide
957 5445 1108 5500 Suid.
1127 5454 1179 5498 et
1199 5442 1425 5514 Niceph.
1446 5443 1541 5500 lib.
1568 5458 1682 5510 xw,
1711 5458 1761 5498 c.
1795 5442 1900 5498 55.

382 5518 490 5586 (57)
519 5518 608 5572 Al.
638 5519 926 5581 poeticam.

382 5584 491 5656 (38)
513 5587 658 5643 CLX
689 5596 946 5642 numerat
977 5584 1204 5656 Niceph.
1237 5601 1386 5652 supr.

382 5659 491 5730 (39)
529 5659 704 5728 Epist.
746 5658 872 5721 105,
901 5673 1021 5726 qua;
1060 5657 1239 5730 estad
1272 5658 1599 5730 glqutropium
1644 5656 1893 5730 fratrem,

317 5728 450 5786 inter
473 5728 480 5730 “
500 5731 639 5784 alias
693 5730 983 5798 opiniones
1016 5728 1424 5798 plnlosophicas
1453 5729 1776 5784 Christianis
1803 5729 1893 5782 do-

321 5801 585 5871 gmatibus
642 5796 1030 5864 adversantes;
1073 5796 1372 5870 Theophila
1396 5817 1504 5858 nou
1530 5799 1887 5872 iguorandum

2009 5299 2221 5361 scribit,
2265 5298 2426 5367 longe
2477 5313 2539 5355 se
2571 5298 2638 5353 ab
2672 5311 2740 5352 eo
2772 5295 2988 5367 abesse,
3038 5299 3098 5346 ut
3134 5289 3278 5361 vulgi
3305 5289 3583 5360 opinioni-

2003 5373 2104 5428 bus
2135 5371 2202 5423 de
2237 5365 2638 5424 resurrectione
2662 5365 2994 5420 consentiat.

2073 5440 2187 5512 (40)
2220 5439 2472 5512 Fingisse
2523 5435 3000 5512 hauc_opinionem
3041 5430 3450 5512 sanctissimum
3497 5434 3586 5512 vi-

2002 5503 2143 5575 runt,
2169 5503 2246 5564 ad
2279 5508 2644 5577 ell'ugiendum
2677 5503 2777 5560 hac
2801 5517 2920 5577 arte
2947 5519 3085 5577 onus
3104 5503 3436 5577 episcopale,
3476 5505 3579 5558 dc-

2005 5571 2273 5637 ntonstrat
2295 5571 2492 5633 Baron.
2517 5578 2669 5631 card.
2705 5584 2836 5628 tom.
2868 5571 2905 5624 V
2930 5576 2995 5626 ad
3021 5589 3071 5627 a.
3230 5573 3358 5628 410.

2082 5652 2194 5724 (Μ)
2249 5650 2382 5704 Eam
2427 5663 2600 5724 quam
2639 5643 3198 5724 solerterol’latonico
3255 5643 3580 5724 philosopho

2007 5711 2246 5790 cuipiam
2299 5711 2932 5790 persuaserit‘ntlocebit
2962 5724 3029 5790 te
3074 5711 3376 5790 Limonarii
3418 5711 3583 5790 δορυ.

2002 5782 2207 5851 Moschi
2240 5782 2447 5847 Evirati
2475 5803 2595 5856 cap.
2634 5784 2738 5842 I95
2774 5785 2919 5841 lectu
2945 5785 3342 5856 dignissimum.
3488 5782 3496 5796 '
