3980 6234
385 328 468 392 63
576 361 581 374 ι
1565 323 1833 385 PHOTII
1871 322 1998 384 ΡΑἸ

2110 319 2383 383 ARCH/E
2422 321 2528 382 ΟΡ.
2683 349 2692 354 ι·
3599 328 3671 393 ﬁt

400 458 609 515 septem
641 453 728 502 est
763 443 915 500 libris
951 443 1363 514 comprehensa.
1413 441 1599 513 Stylus
1632 441 1707 495 illi
1747 457 1852 496 non
1877 442 1972 496 adc

2110 438 2136 492 ὲ
2175 438 2374 508 φράσις
2405 436 2557 490 οὐδὲν
2599 435 2714 508 ἔχει
2769 435 3069 508 ἀξιόλογον.
3115 439 3278 496 Ἀλλὰ
3315 443 3410 497 καὶ
3456 445 3515 497 ἐν
3555 453 3671 513 τοῖς

403 544 627 597 modum
673 538 1017 609 splendidus,
1064 539 1159 594 sed
1207 553 1307 592 nec
1352 537 1407 591 in
1455 534 1804 607 dogmatibus
1832 534 1989 590 valde

405 643 694 688 accuratus
725 640 828 687 est.

670 709 672 711 ’
1122 718 1316 775 XXIX.

2087 529 2354 600 δόγμασιν
2387 529 2451 582 οὐ
2484 527 2605 582 λίαν
2637 528 2786 583 ἐστὶν
2819 529 3081 604 ἀκριϐής.

2806 714 2934 770 κεν.

410 816 626 883 Evagrii
664 814 974 870 Scholastici
1017 811 1405 866 Ecclesiasticaa
1459 808 1711 864 Historia;
1741 806 1864 862 libri
1890 807 1987 862 vit.

2106 807 2382 875 ῖῠαγρίου
2396 807 2815 875 Σχολαστικοῦ
2843 809 3354 878 Ἑκκλησιαστικη
3411 811 3675 880 Ιστορία.

483 907 640 960 Lecta
681 907 895 974 Evagrii
938 902 1285 965 Scholastici,
1339 899 1674 970 exprmfecti,
1716 898 1828 952 nati
1863 897 1991 966 Epi-

409 997 645 1067 phanize,
681 997 814 1049 urbe
847 995 1176 1063 leesyriae,
1222 991 1598 1046 Ecclesiastica
1640 989 1883 1044 Historia
1919 989 1986 1040 li-

413 1087 519 1139 bris
548 1103 639 1140 sex
669 1101 687 1140 :
721 1087 982 1139 inchoans
1006 1099 1034 1137 a
1060 1083 1167 1137 [ine
1196 1082 1441 1138 Socratis
1471 1091 1523 1137 et
1555 1081 1882 1136 Theodoreti
1910 1080 1992 1134 hi-

411 1165 726 1240 atoriarum,
760 1177 1181 1246 perti'ngensque
1203 1174 1272 1228 ad
1292 1172 1534 1228 Mauricii
1558 1188 1759 1226 annum
1789 1171 1993 1226 duode-

413 1270 614 1324 cimum
644 1268 858 1340 (42-43)
899 1268 1131 1338 imperii.
1170 1265 1357 1336 Stylus
1395 1265 1519 1320 huic
1554 1278 1658 1318 non
1697 1264 1988 1333 ingratus:

411 1361 625 1415 tametsi
669 1363 937 1416 interdum
988 1359 1298 1415 redundare
1352 1358 1756 1427 quodammodo
1804 1356 1995 1409 videa-

411 1460 522 1516 tur,
559 1460 709 1505 certe
755 1451 808 1504 in
861 1450 1126 1504 doctrinae
1171 1448 1409 1504 veritate
1460 1447 1675 1502 caneris
1715 1444 1995 1499 historicis

411 1542 720 1596 accuratior
751 1551 853 1596 est.
885 1538 1064 1596 Habet
1099 1549 1282 1596 autem
1304 1547 1361 1594 et
1387 1539 1454 1593 de
1481 1536 1807 1607 imaginibus
1835 1550 1992 1608 quae-

407 1631 535 1686 dam
561 1632 830 1702 exempla.

1112 1811 1284 1868 XXX.

447 1903 684 1960 Hermiw
717 1904 996 1961 Sozomeni
1023 1903 1279 1960 Historiae
1311 1901 1702 1959 Ecetesiasticw
1731 1902 1852 1957 libri
1884 1919 1962 1958 ιι.

485 2067 645 2121 Lecta
660 2077 741 2122 est
759 2066 990 2120 Hermia;
1003 2066 1292 2120 Sozomeni
1314 2065 1627 2131 Salaminii,
1647 2066 1987 2131 scholastici,

411 2159 793 2214 Ecclesiastica
824 2157 1064 2212 Historia
1101 2158 1220 2212 libri
1248 2173 1430 2213 novem
1465 2171 1485 2210 .°
1519 2173 1682 2228 quam
1715 2168 1992 2228 nuncupat

412 2249 724 2306 Theodosio
765 2251 986 2304 minori.
1012 2289 1014 2291 ›
1043 2249 1374 2318 Auspicatur
1401 2263 1433 2303 a
1466 2250 1749 2304 consulatu
1790 2250 1990 2320 Crispi,

412 2343 637 2411 ejusque
665 2343 837 2412 patris
888 2341 1252 2406 Constantini,
1292 2351 1346 2397 et
1400 2343 1648 2411 perducit
1698 2344 1764 2397 ad
1813 2342 1994 2399 Theo-

411 2432 550 2486 dosii
603 2434 826 2487 minoris
873 2433 1182 2500 imperium.
1237 2433 1335 2487 ilic
1377 2432 1851 2504 Constantinopoli
1902 2434 1995 2505 jus

411 2525 540 2580 olim
577 2527 836 2590 dicebat;
899 2538 1088 2594 estque
1151 2526 1378 2581 Socrate
1422 2528 1474 2581 in
1533 2529 1674 2598 stylo
1728 2537 1993 2595 praestan-

414 2617 520 2671 tior
548 2636 563 2672 :
603 2633 630 2670 a
662 2633 769 2689 quo
795 2619 960 2672 etiam
992 2619 1044 2672 in
1087 2618 1494 2674 narrationibus
1519 2619 1843 2688 quibusdam
1875 2620 1990 2674 dis-

413 2708 601 2762 sentit.

1107 2799 1304 2856 XXXI.

679 2889 989 2946 Theodoreti
1019 2889 1272 2944 Historiae
1304 2890 1508 2946 Eccles.
1537 2891 1660 2946 libri
1692 2907 1748 2952 ν.
1905 2947 1914 2967 ._

483 2983 570 3054 6b
629 2981 792 3036 Lecta
833 2993 920 3036 est
966 2981 1290 3037 Theodoreti
1338 2981 1577 3038 Historia
1616 2985 1993 3040 ecclesiastica.

413 3073 672 3130 Omnium
723 3089 860 3142 quos
931 3075 1176 3142 proxime
1248 3075 1519 3128 nominavi
1581 3079 1993 3133 convenientem

417 3168 592 3235 magis
649 3165 890 3221 historiae
944 3165 1141 3237 stylum
1202 3166 1446 3224 adhibet.
1497 3165 1692 3222 Clarus
1736 3170 1882 3223 enim
1941 3183 1998 3225 et

417 3259 641 3326 grandis
696 3267 799 3324 est,
867 3259 1198 3328 minimeque
1270 3258 1632 3316 redundans:
1695 3260 1796 3316 nisi
1857 3262 2002 3332 quod

415 3351 873 3408 translationibus
933 3352 1202 3406 interdum
1261 3353 1556 3414 audacius,
1621 3367 1758 3421 pene
1823 3353 2004 3424 inepte

416 3453 622 3498 utatur.
657 3443 758 3499 llic
782 3445 946 3499 etiam
1006 3459 1168 3512 quam
1216 3443 1400 3497 caeteri
1432 3441 1605 3499 fusius
1631 3445 1880 3498 secunda:
1911 3459 2004 3520 sy-

418 3536 546 3589 nodi
602 3525 754 3604 gesta
816 3545 1255 3591 commemorat:
1307 3551 1426 3604 (ιιιαι
1479 3536 1568 3590 alii
1635 3547 1887 3606 tanquam
1947 3537 2002 3592 in

422 3642 715 3689 concursu,
745 3627 884 3682 dicis
912 3629 1106 3695 gratia,
1133 3637 1190 3680 et
1219 3626 1399 3682 obiter
1426 3625 1542 3682 fere
1577 3638 1822 3693 narrant,
1848 3628 2002 3698 quasi

423 3719 489 3772 de
535 3733 603 3784 ea.
648 3718 792 3787 loqui
830 3721 1117 3788 refugiant.
1175 3720 1580 3777 Verutntamem
1619 3737 1687 3776 ne
1737 3722 1850 3791 ipse
1879 3722 2003 3791 qui-

421 3810 544 3865 dem
591 3811 772 3866 omnia
809 3811 1084 3880 sigillatim
1138 3811 1330 3868 refert.
1382 3812 1678 3868 Hismriant
1731 3813 2007 3869 inchoavit

422 3903 492 3953 ab
523 3902 710 3956 haeresi
753 3903 891 3968 Arii,
939 3905 1312 3973 pertexuitque
1360 3913 1414 3969 et,
1447 3904 1562 3972 ipse
1612 3905 1676 3958 ad
1711 3903 2003 3960 Theodosii

425 3993 654 4047 minoris
701 4002 964 4062 tempora,
1013 4006 1272 4064 etnsque
1303 3995 1369 4049 ad
1414 3995 1635 4050 Diodori
1664 3994 1779 4065 (44)
1817 4009 2006 4058 exces-

425 4099 545 4137 sum
572 4125 587 4147 ,
638 4087 854 4155 quando
901 4085 1366 4158 Constantinopoli
1411 4087 1836 4158 (45)»sacrorum
1862 4089 2004 4143 anti-

425 4185 541 4231 stes
567 4177 840 4232 Sisinnius
871 4177 993 4234 fuit.

1112 4269 1329 4326 XXXII.

895 4361 956 4419 S.
989 4364 1268 4418 Athanasii
1299 4364 1557 4431 epistolae.

497 4454 677 4510 Lecta:
707 4454 990 4510 Athanasii
1018 4455 1250 4522 epistola:
1295 4455 1460 4509 varia:
1508 4453 1668 4527 (quas
1695 4455 1836 4510 inter
1865 4465 1919 4510 et
1938 4457 2005 4510 de
2037 4477 2081 4533 ι)

424 4548 543 4614 ejus
576 4562 817 4609 secessu,
871 4558 1127 4614 tanquam
1160 4545 1442 4614 Apologia,
1492 4545 1829 4614 collocantur
1859 4561 2000 4600 non-

430 4639 634 4707 nullae),
667 4638 947 4707 eleganter
966 4638 1124 4692 simul
1155 4645 1209 4691 et
1237 4637 1542 4710 splendide,
1578 4637 1830 4706 clareque
1856 4633 2005 4692 com?-

430 4732 656 4799 positaa:
705 4730 1064 4798 persuadendi
1117 4730 1339 4798 insuper
1393 4729 1467 4793 vi,
1513 4743 1576 4782 ac
1603 4738 1884 4782 venustate
1913 4728 2010 4783 ﬂo-

433 4823 583 4888 ridae,
615 4823 992 4890 utjucundum
1016 4825 1110 4889 sit,
1135 4838 1298 4893 quam
1331 4823 1401 4878 ibi
1438 4821 1756 4891 Apologiam
1790 4820 2010 4886 scribit,

431 4909 641 4966 audire.

2024 1787 2070 1844 Β

2173 898 2514 970 Ἀνεγνώσθη
2543 899 2816 970 Εὐαγρίου
2846 899 3211 970 Σχολαστικοῢ
3247 902 3357 957 ἀπὺ
3391 902 3676 975 ὑπάρχων,

2092 991 2302 1054 πόλεως
2343 993 2400 1044 δὲ
2429 992 2734 1060 ἐπιφανοῦς
2777 992 2876 1061 τῆς
2913 992 3058 1047 κατὰ
3085 993 3186 1063 τὴν
3217 994 3424 1067 Κοίλην
3453 996 3675 1068 Συρίαν,

2091 1084 2602 1152 Ἐκκλησιαστικὴ
2637 1085 2889 1154 Ἰστορία
2916 1085 2974 1137 ὲν
3000 1085 3188 1152 τόμοις
3211 1087 3292 1154 ἐξ·
3308 1087 3680 1159 ἀρχὴνποιουο

2096 1176 2230 1248 μένη
2246 1175 2308 1229 τὸ
2318 1175 2474 1240 τέλος
2484 1178 2583 1247 τῆς
2600 1177 2924 1249 Σωκράτους
2939 1178 3034 1232 καὶ
3045 1173 3394 1250 Θεοδωρήτου
3414 1181 3676 1252 ἱστορίας,

2095 1265 2195 1320 καὶ
2221 1266 2485 1321 κατιοῦσα
2527 1267 2691 1337 μέχρι
2727 1269 2829 1338 τῆς
2865 1267 3146 1339 βασιλείας
3177 1269 3513 1340 Μαυρικίου,
3557 1269 3679 1334 ἔτος

2091 1357 2399 1412 δωδέκατον
2427 1360 2585 1430 ὲντῇ
2641 1358 2892 1432 βασιλείᾳ
2939 1358 3270 1424 διανύοντος.
3304 1361 3463 1426 Ἐστι
3499 1361 3683 1433 δὲτὴν

2095 1449 2297 1520 φράσιν
2320 1451 2422 1504 οὐκ
2453 1451 2674 1522 ἄχαρις,
2705 1453 2755 1505 εἱ
2779 1452 2872 1506 καί
2899 1470 3018 1516 πως
3047 1453 3468 1523 περιττεύεσθαι
3506 1455 3682 1508 ἐνίοτε

2094 1542 2244 1596 δοκεί
2266 1557 2281 1572 ⁶
2311 1544 2370 1596 ὲν
2399 1547 2467 1615 τῇ
2487 1545 2546 1598 δὲ
2573 1543 2683 1598 τῶν
2712 1544 3005 1615 δογμάτων
3031 1544 3090 1616 [8
3116 1544 3206 1617 H.]
3233 1544 3487 1616 ὀρθότητι
3521 1548 3683 1618 ἀκρι-

2096 1631 2198 1703 Θὴς
2231 1631 2340 1686 τῶν
2367 1633 2544 1687 ἄλλων
2569 1634 2770 1706 μᾶλλον
2792 1636 3100 1709 ἱστορικῶν.
3137 1637 3294 1707 Ἔχει
3329 1637 3387 1691 δὲ
3419 1637 3514 1692 καὶ
3547 1639 3683 1710 χρή-

2098 1741 2216 1789 σεις
2238 1726 2369 1797 περὶ
2399 1727 2649 1781 εἰκόνων.

2839 1818 2920 1872 A'.

2095 1906 2458 1978 Σαλαμάγου
2491 1906 2764 1979 Ἑρμείου
2810 1907 3148 1979 Σωζομένου
3171 1907 3679 1979 Ἐκκλησιαστικὴ

2531 1978 2787 2046 Ἰστορία
2813 1978 2883 2031 ἐν
2918 1980 3122 2047 λόγοις
3143 1975 3214 2033 θ’.

2182 2066 2525 2137 ’Λνεγνώσθη
2579 2066 2902 2137 Σαλαμάνου
2960 2067 3005 2099 ⁸⁸
3055 2067 3313 2139 Ἑρμείου
3363 2067 3682 2139 Σωζομένου

2096 2158 2457 2228 Σχολαστικοῦ
2489 2158 3003 2228 Ἐκκλησιαστικὴ
3039 2159 3294 2228 ἰστορία
3320 2162 3379 2215 ἐν
3405 2161 3584 2230 λόγοις
3612 2160 3684 2217 θ’.

2095 2251 2418 2322 Προσφωνεί
2443 2249 2498 2303 δὲ
2532 2251 2633 2320 τὴν
2672 2250 2917 2321 ἱστορίαν
2948 2251 3084 2322 πρὸς
3113 2252 3394 2306 Θεοδόσιον
3425 2253 3518 2305 τὸν
3537 2253 3680 2308 νέον.

2098 2344 2366 2413 ’Δρχεται
2395 2343 2453 2396 δὲ
2478 2343 2588 2394 ἀπὸ
2618 2341 2719 2410 τῆς
2751 2341 3021 2406 ὑπατείας
3046 2341 3298 2413 Κρίσπου
3327 2343 3420 2396 καὶ
3448 2342 3542 2396 τοῦ
3574 2361 3685 2398 πα·-

2095 2435 2222 2504 τρὸς
2249 2432 2686 2499 Κωνσταντίνου,
2721 2433 2816 2486 καὶ
2854 2435 3074 2488 κάτεισι
3109 2433 3278 2505 μέχρι
3308 2433 3408 2504 τῆς
3436 2432 3531 2486 τοῦ
3557 2434 3685 2487 νέου

2095 2524 2376 2578 Θεοδοσίου
2403 2524 2702 2595 βασιλείας.
2727 2519 2895 2588 Οὗτος
2914 2525 2972 2577 δὲ
2992 2526 3146 2590 δίκας
3165 2521 3234 2597 ἦν
3255 2525 3432 2595 λέγων
3455 2528 3513 2580 ὲν
3536 2527 3688 2579 Κων-

2097 2614 2558 2668 σταντινουπόλει.
2591 2614 2746 2667 Ἔστι
2795 2613 2853 2667 δὲ
2899 2614 3223 2686 Σωκράτους
3265 2617 3325 2668 ἐν
3366 2618 3432 2686 τῇ
3482 2615 3688 2686 φράσει

2096 2704 2344 2776 βελτίων,
2377 2705 2639 2775 διαφωνεῖ
2665 2704 2722 2758 δὲ
2750 2705 2902 2775 αὐτῷ
2941 2705 3036 2759 καὶ
3063 2707 3207 2760 κατά
3235 2723 3388 2770 τινας
3423 2705 3687 2777 ἱστορίας.

2834 2795 2961 2850 AA'.

2259 2887 2641 2956 Θεοδωρήτου
2691 2887 3202 2957 Ἐκκλησιαστικὴ
3237 2887 3522 2956 Ἱστορία.

2168 2977 2261 3052 [ἳο
2292 2978 2382 3051 8.]
2418 2978 2763 3049 Ἀνεγνὼσθη
2798 2979 3147 3051 Θεοδωρήτου
3171 2980 3690 3048 Ἐκκλησιαστικὴ

2112 3071 2387 3140 Ἶστορία.
2419 3071 2646 3126 Πάντων
2673 3071 2782 3124 τῶν
2799 3072 3104 3143 εἰρημένων
3131 3072 3468 3144 κατάλληλον
3489 3073 3695 3142 φράσιν

2101 3166 2169 3234 τῇ
2193 3163 2406 3234 ἱστορίᾳ
2435 3163 2637 3234 μᾶλλον
2666 3156 2821 3226 οὗτος
2849 3163 3092 3235 ἐπέθηκε
3110 3179 3127 3197 ο
3163 3165 3342 3235 σαφής
3371 3180 3430 3216 τε
3460 3164 3570 3232 γὰρ
3597 3164 3697 3217 καὶ

2103 3255 2308 3326 ὑψηλὸς
2339 3257 2435 3309 καὶ
2455 3256 2768 3327 ἀπέριττός,
2805 3255 2944 3328 πλὴν
2972 3257 3054 3310 ὅτι
3090 3255 3262 3310 ἐνίοτε
3298 3259 3418 3318 ταῖς
3453 3273 3697 3326 μεταφο-

2107 3348 2226 3418 ραῖς
2257 3346 2583 3417 παραϐόλως
2610 3349 2705 3400 καὶ
2735 3347 2928 3418 ὥσπερ
2975 3347 3361 3418 ἀπειροκάλως
3391 3349 3693 3418 ἐχρήσατο.

2080 3433 2274 3525 ξυῦτος
2301 3441 2395 3493 καὶ
2443 3439 2778 3510 πλατύτερον
2806 3440 2914 3494 τῶν
2955 3441 3264 3512 εἰρημένων
3307 3441 3376 3494 τὰ
3421 3441 3551 3512 περὶ
3591 3439 3700 3510 τῆς

2103 3532 2362 3604 δευτέρας
2381 3531 2597 3586 συνόδου
2621 3531 2858 3595 διέλαϐε,
2882 3533 3068 3603 σχεδόν
3085 3550 3139 3587 τι
3165 3532 3273 3587 τῶν
3299 3531 3476 3587 ἄλλων
3502 3532 3699 3600 ὥσπερ

2108 3624 2270 3694 μόνον
2313 3623 2404 3678 διὰ
2446 3615 2898 3710 τῆςλὲπιδρομῆς
2932 3625 3345 3697 ἀφοσιουμένων
3377 3625 3445 3691 ⁸⁸,
3479 3622 3595 3680 ἀλλ’
3629 3625 3698 3676 οἱ

2106 3716 2448 3788 βουλομένων
2468 3734 2522 3770 τι
2551 3717 2682 3788 περὶ
2711 3717 2884 3788 αὐτῆς
2913 3718 3122 3781 εἱπεῖνέ
3156 3717 3297 3788 πλὴν
3319 3717 3458 3771 ἀλλὰ
3485 3718 3579 3771 καὶ
3607 3711 3703 3774 οὗ-

2091 3826 2196 3873 τος
2239 3810 2302 3862 οὐ
2346 3808 2526 3862 πάντα
2575 3807 2931 3879 λεπτομεριῖκ
2975 3809 3144 3878 λέγει.
3185 3810 3448 3881 Ἀρχεται
3493 3809 3552 3863 δὲ
3595 3808 3701 3880 τῆς

2108 3899 2354 3968 ἱστορίας
2405 3899 2515 3953 ἀπὸ
2539 3899 2637 3969 τῆς
2676 3901 2889 3970 Ἀρείου
2931 3901 3221 3972 αἱρέσεως,
3264 3902 3360 3982 καὶ
3399 3901 3700 3971 καταλήγει

2109 3993 2274 4064 μέχρι
2316 3995 2414 4064 τῆς
2460 3991 2742 4054 Θεοδοσίου
2772 3992 2868 4046 τοῦ
2916 3993 3038 4047 νέου
3086 3992 3366 4065 βασιλείας
3404 3994 3500 4047 καὶ
3534 3993 3703 4064 μέχρι

2061 4139 2068 4168 τ
2107 4082 2207 4152 τῆς
2234 4081 2501 4153 Διοδώρου
2527 4081 2808 4154 τελευτῆς,
2841 4081 3005 4152 ήνὶκα
3045 4083 3141 4135 καὶ
3184 4083 3708 4137 Κωνσταντινουπό-

2106 4171 2244 4236 λεως
2269 4172 2535 4236 Σισίννιος
2562 4167 2757 4242 ἦρχεν.
2827 4218 2832 4222 .

2831 4264 2959 4318 AB’.

2552 4355 2910 4412 Ἀθανασίου
2939 4357 3285 4412 ἐπιστολαι.

2193 4445 2641 4518 ’Δνεγνὼσθησαν
2659 4447 2703 4479 ⁸⁷
2721 4445 3042 4500 Ἀθανασίου
3068 4446 3384 4502 ἐπιστολαὶ
3406 4445 3708 4516 διάφοροι,

2081 4609 2084 4612 γ
2107 4542 2167 4594 ὲν
2196 4535 2285 4603 αῖς
2313 4539 2644 4609 ἐμφέρονται
2671 4539 2765 4591 καὶ
2792 4541 2848 4592 αἱ
2873 4541 2973 4605 τῆς
2996 4539 3373 4610 γεγενημένης
3407 4539 3574 4592 αὑτοῦ
3602 4557 3710 4608 φυ-

2108 4633 2214 4703 γῆς
2243 4631 2432 4701 ὥσπερ
2453 4629 2783 4698 Ἀπολογίαν
2820 4631 3201 4702 περιέχουσαι,
3241 4630 3467 4701 κομψῶς
3513 4648 3571 4684 τε
3605 4632 3709 4684 καὶ

2110 4723 2380 4794 λαμπρῶς
2411 4723 2505 4776 καὶ
2535 4722 2615 4775 ἔτι
2672 4722 2861 4791 σαφῶς
2906 4722 3339 4791 συντεθειμέναι,
3373 4723 3469 4776 καὶ
3507 4721 3570 4774 τὸ
3607 4738 3709 4773 πι-
3814 4754 3816 4756 τ

2113 4813 2276 4867 Θανὺν
2332 4813 2470 4884 μετὰ
2506 4811 2602 4866 τοῦ
2651 4813 2937 4883 χαρίεντος
2982 4812 3247 4867 ἁνθοῦσαι
3270 4829 3284 4845 ·
3337 4812 3498 4884 ἡδονὴ
3524 4813 3571 4845 ⁸³
3603 4812 3713 4883 τῆς

2116 4905 2338 4960 ὲκείθεν¹
2360 4904 2686 4975 Ἀπολογίας
2711 4901 2958 4960 ἀκούείν.
2998 4943 3000 4946 μ
3567 4904 3573 4911 ’

1677 5078 1680 5080 ⁷
1719 5075 1954 5146 vanae
1999 5081 2411 5147 LECTIONES.

506 5251 551 5282 ⁶⁸
576 5247 850 5319 σλαμάνου
886 5249 948 5300 Α.
977 5245 1256 5319 ci._vales.
1283 5247 1350 5302 de
1381 5247 1499 5304 Vita
1519 5259 1571 5304 et
1597 5248 1827 5319 Scriptis
1848 5246 2092 5304 Socratis
2117 5256 2175 5303 et
2201 5246 2486 5303 Sozomeni
2505 5261 2558 5316 p.
2580 5246 2687 5318 (ed.
2706 5245 2959 5315 Amstel.)
2987 5243 3042 5301 5.
3123 5244 3168 5275 ⁸⁸
3191 5240 3610 5312 ἀφωσιωμένων
3638 5261 3704 5312 ς.

427 5317 485 5350 -ιτ
521 5317 839 5389 ἀνεγνώσθη
871 5319 932 5372 Α,
1001 5317 1276 5390 ἰοήδονὴν
1309 5319 1536 5389 (Omissa
1559 5317 1801 5388 ἀκούειν)
1836 5337 1898 5384 ς.
1932 5342 1943 5349 ’

1981 5474 2216 5532 NOTAE.

445 5654 448 5660 '
518 5637 728 5726 (42$?!)
761 5639 921 5693 (ἔοι-(1.
943 5637 1142 5693 Baron.
1171 5635 1397 5690 δέκατον
1419 5633 1549 5704 legit
1564 5642 1698 5688 tom.
1718 5630 1804 5696 Ill,
1823 5631 1890 5686 ad
1921 5649 2016 5686 an-

444 5709 957 5853 “ﬁngentem
1007 5777 1097 5835 hic
1152 5774 1520 5848 reponendum
1571 5789 1639 5832 ex
1690 5771 2013 5832 auctoritate

2126 5627 2451 5686 Theodoreti
2478 5627 2577 5682 lib.
2605 5639 2658 5693 ν,
2685 5623 2942 5696 οορᾼιιιε

2201 5699 2314 5770 (45)
2352 5699 2483 5755 Vide
2515 5696 2610 5753 inf.
2644 5689 2768 5753 cod.
2813 5691 3027 5764 XXXV,
3076 5692 3130 5750 in
3162 5691 3302 5749 Phil.
3339 5689 3553 5748 Sideta.
