3980 6234
256 229 330 296 69
1166 228 1695 291 BIBLIOTHECA.
1726 231 2027 293 -CODD.
2069 232 2632 295 XXXV-XXXVIII.
3478 234 3555 300 ’10

259 346 361 402 τοῦ
441 344 733 415 Ῥωμαίων
776 343 824 375 ⁸⁸
880 343 1143 414 βασιλέως
1219 343 1457 415 ἡμέραις
1525 344 1863 414 ὲνακμάζων.

1977 348 2247 416 peratoris
2292 348 2628 419 temporibus
2672 347 2871 405 floruit.
2928 349 3121 421 Incipit
3162 365 3327 423 super
3371 356 3548 411 eccle-

270 437 611 508 Ἀπάρχεται
631 436 731 506 μὲν
746 437 792 468 ⁸⁷
815 432 910 489 οὖν
926 436 972 467 ⁸⁸
993 436 1132 506 ὑπέρ
1148 438 1191 468 θ’
1208 454 1370 490 τινων
1393 436 1562 507 ὲκκλη
1572 438 1868 491 σιαστικῶν

258 530 557 600 δογμάτων
619 529 954 600 Γραφικαῖς,
997 530 1073 593 ὡς
1105 530 1302 593 ἐδόκει,
1360 530 1685 600 μαρτυρίαις
1719 530 1867 597 ἀγω-

257 621 535 685 νίζεσθαι·
560 620 676 675 ἔστι
708 624 766 675 δὲ
791 625 1049 685 ταπεινὸς
1072 623 1171 691 τὴν
1201 620 1406 690 φράσιν
1436 622 1533 674 καὶ
1558 621 1868 687 συντάξεως

262 711 390 764 οὐδὲ
426 711 529 780 τῆς
594 714 785 782 κοινῆς
841 711 1109 782 μετέχων.
1146 711 1310 785 Ἀλλὰ
1340 711 1435 766 καί
1463 729 1585 765 τινα
1605 711 1747 765 κατὰ
1766 712 1867 785 τὴν

262 803 514 872 ἱστορίαν
559 801 651 875 [24
683 801 777 876 3.]
835 804 1080 859 ἀπίθανα
1143 805 1461 875 συντίθησι·
1521 804 1604 858 διὸ
1653 806 1748 860 καὶ
1770 824 1868 876 μυο

259 896 563 965 θικώτερον
623 896 829 966 μᾶλλον
863 897 896 968 ἢ
927 896 1296 970 ἀληθέστερον
1339 896 1600 968 ἡγεῖσθαι
1646 898 1739 951 τὸν
1772 898 1867 953 ἄν-

258 987 487 1056 Θρωπον
537 985 773 1040 δίκαιον.
810 986 984 1058 ’Υπὲρ
1016 981 1093 1042 ῶν
1138 989 1196 1042 δὲ
1248 990 1498 1060 δόγματα
1561 992 1862 1059 ἐνίσταται,

256 1078 381 1131 ἔστι
425 1076 624 1142 ταῦτα,
655 1078 738 1131 ὅτι
768 1078 798 1129 ὁ
832 1079 1061 1150 οὐρανὸς
1102 1080 1205 1134 οὐκ
1233 1080 1348 1134 ἐστι
1376 1084 1409 1151 ἡ
1436 1082 1529 1152 γῆ,
1562 1081 1676 1134 ἀλλ’
1706 1083 1734 1134 ό
1766 1082 1865 1152 μὲν

257 1167 398 1220 ὡσεὶ
454 1167 704 1237 καμάρα,
739 1169 774 1238 ἡ
804 1166 861 1221 δὲ
892 1168 1262 1241 ἑτερομήκης,
1300 1170 1397 1225 καὶ
1442 1171 1865 1241 κεκόλληταιτά

257 1260 482 1333 πέρατα
504 1258 599 1332 [l0
617 1259 713 1333 IL]
735 1261 829 1314 τοῦ
856 1260 1089 1331 οὐρανοῦ
1115 1262 1252 1333 πρὸς
1270 1262 1342 1317 τὰ
1362 1263 1575 1335 πέρατα
1611 1265 1713 1335 τῆς
1735 1265 1860 1335 γῆς,

260 1353 358 1405 καὶ
388 1354 473 1406 ὃτι
504 1352 709 1415 πάντες
742 1353 794 1406 oi
826 1353 1056 1421 ἀστέρες
1082 1354 1363 1409 κινοῦνται
1393 1356 1643 1424 ἀγγέλων
1671 1356 1860 1419 αὐτοῖς

256 1446 323 1514 τῇ
360 1445 583 1514 κινήσει
631 1444 1055 1509 διακονούντων,
1108 1446 1206 1500 καὶ
1272 1446 1439 1517 ἕτερά
1465 1464 1587 1501 τινα
1610 1446 1859 1501 τοιαῦτα.

259 1536 509 1588 Ποιεῖται
567 1535 664 1588 καὶ
703 1535 780 1599 ὡς
804 1538 863 1588 ἐν
888 1536 1234 1607 παρεκδάσει
1284 1539 1507 1607 μνήμην
1546 1537 1645 1607 τῆς
1704 1536 1863 1590 Γενέ-

258 1644 407 1690 σεως
424 1626 471 1659 ³⁸
495 1627 591 1679 καὶ
614 1627 717 1697 τῆς
744 1627 981 1694 Ἐξόδου,
1001 1629 1268 1700 διατρίϐει
1298 1630 1356 1683 δὲ
1391 1632 1458 1699 τῇ
1490 1630 1741 1699 διηγήσει
1766 1630 1861 1683 καί¹

1970 439 2208 495 siasticis
2239 441 2566 510 quibusdam
2621 441 2986 511 dogmatibus,
3033 459 3203 499 sacrae
3234 444 3551 514 Scriptura,

1969 530 2157 599 utipsi
2219 531 2437 600 quidem
2478 530 2782 597 videbatur,
2836 534 3160 589 testimoniis
3206 537 3553 590 contendere.

1971 618 2161 694 Stylus
2187 623 2264 675 illi
2297 622 2539 687 humilis,
2564 631 2965 677 etstrueturam
2999 625 3372 680 adhibetinfra
3400 641 3550 680 com-

1968 730 2212 770 munem.
2243 715 2535 785 Componit
2558 724 2612 769 et
2658 716 2995 771 incredibilia
3046 719 3312 787 quaedam,
3338 734 3441 771 non
3475 734 3558 772 sa-

1968 806 2037 861 tis
2076 807 2143 860 ad
2196 805 2509 859 historicam
2537 806 2698 861 fidem
2735 822 2751 861 :
2794 806 2864 862 ob
2892 823 3010 877 qua:
3047 807 3325 863 fabulosus
3376 808 3561 877 potius

1968 912 2129 965 quam
2162 910 2327 949 verus
2371 897 2606 967 scriptor
2665 897 2851 953 haberi
2905 900 3098 953 merito
3152 899 3366 954 debeat.
3407 898 3554 953 Inter

1970 987 2084 1052 illa,
2116 988 2233 1041 [nec
2254 985 2369 1040 fere
2405 986 2656 1055 dogmata
2709 988 2964 1057 proponit
2992 1008 3006 1043 :
3040 987 3249 1043 leum
3278 987 3414 1060 (δι’)
3447 1004 3558 1042 ιιοη

1966 1091 2092 1130 esse
2124 1074 2421 1128 orbiculari
2458 1075 2652 1145 figura,
2685 1090 2746 1129 ac
2768 1092 2946 1144 neque
2990 1086 3187 1130 terram
3224 1095 3237 1131 :
3270 1078 3363 1131 sed
3423 1068 3554 1131 illud

1968 1164 2195 1219 fornicis
2224 1164 2421 1231 simile,
2452 1166 2593 1218 hanc
2623 1164 2792 1219 altera
2820 1176 2973 1235 parte
3023 1166 3341 1237 longiorem,
3371 1177 3554 1219 extre-

1967 1256 2178 1323 tuisque
2206 1254 2449 1325 partibus
2505 1270 2629 1309 cum
2693 1254 2817 1309 caeli
2873 1256 3121 1311 terminis
3177 1257 3436 1325 copulari.
3467 1256 3547 1309 Ad

1967 1346 2103 1412 hinc,
2132 1344 2313 1400 omnia
2347 1354 2493 1398 astra
2527 1344 2755 1408 moveri,
2776 1345 2984 1415 angelis
3003 1349 3069 1400 ad
3099 1354 3305 1399 motum
3336 1347 3550 1401 subser-

1966 1438 2257 1501 vientibus,
2307 1449 2358 1491 et
2417 1440 2468 1491 id
2507 1453 2675 1507 genus
2707 1436 2831 1491 alia.
2883 1435 3038 1491 Facit
3070 1453 3285 1507 quoque
3316 1440 3547 1493 mentio-

1966 1543 2111 1591 nem,
2137 1537 2390 1597 tanquam
2410 1529 2555 1582 aliud
2585 1544 2773 1599 agens,
2791 1529 2911 1584 libri
2938 1528 3236 1595 Geneseos,
3256 1539 3311 1584 et
3333 1529 3502 1585 Exodi
3528 1550 3544 1586 :

1965 1620 2341 1689 plurimusque
2373 1630 2455 1675 est
2486 1621 2539 1675 in
2565 1624 2876 1676 narratione
2904 1630 2959 1676 et
2978 1622 3350 1691 speculatione
3373 1625 3552 1679 taber-

254 1722 321 1789 τῇ
352 1719 561 1790 Θεωρία
590 1719 666 1783 ὡς
704 1720 908 1774 ἐπίπαν
954 1722 1055 1790 τῆς
1088 1724 1322 1793 σκηνῆς·
1365 1722 1647 1793 ἐπιτρέχει
1672 1722 1729 1775 δὲ
1771 1722 1863 1775 καὶ

1973 1715 2170 1770 naculi.
2212 1714 2493 1771 Percurrit
2548 1726 2602 1770 et
2662 1717 2975 1786 pr0phetas,
3029 1717 3376 1787 indidemque
3432 1733 3554 1786 apo-

252 1812 385 1875 τοὺς
411 1813 722 1881 προφήτας,
762 1813 1022 1868 κάκεῖθεν
1050 1814 1174 1876 τοὺς
1205 1814 1559 1878 ἀποστόλους.
1583 1815 1749 1883 Λέγει
1782 1814 1859 1878 δὲ,

253 1900 336 1952 ὅτι
369 1900 434 1953 τὸ
466 1900 701 1971 μέγεθος
747 1900 861 1972 ἔχει
902 1903 931 1955 ὁ
969 1903 1123 1975 ἥλιος
1166 1903 1260 1957 δύο
1292 1904 1597 1974 κλιμάτων,
1646 1905 1745 1958 καὶ
1770 1906 1854 1958 ὅτι

254 1992 303 2043 οἱ
332 1991 564 2058 ἄγγελοι
580 1993 681 2045 οὐκ
704 1993 843 2046 εἰσὶν
872 1994 931 2046 ὲν
957 1993 1035 2065 τῷ
1062 1995 1301 2067 οὐρανῷ,
1329 1996 1467 2050 ἀλλὰ
1494 1996 1658 2065 μόνον
1686 1995 1851 2049 una"

256 2081 317 2135 τὺ
352 2082 651 2153 στερέωμα
720 2084 819 2137 καὶ¹
856 2084 977 2155 μεθ’
1004 2086 1186 2157 ήμῶν,
1218 2088 1317 2141 καὶ
1341 2088 1426 2142 ὅτι
1448 2090 1476 2141 ό
1498 2087 1736 2159 Χριστὸς
1767 2089 1862 2142 ἁν-

259 2173 435 2228 ελθὼν
501 2176 613 2229 ἀπὸ
662 2178 762 2247 τῆς
793 2179 898 2247 γῆς
922 2177 1002 2241 είς
1036 2178 1097 2231 τὸ
1135 2179 1342 2249 μεταξὺ
1374 2180 1469 2233 τοῦ
1500 2179 1732 2251 οὐρανοῦ
1763 2178 1859 2233 καὶ

257 2264 355 2318 τὀῦ
418 2264 805 2336 στερεώματος
856 2267 1098 2339 εἰσῆλθε,
1160 2270 1256 2323 καὶ
1304 2270 1388 2323 ὅτι
1419 2268 1579 2323 τοῦτό
1609 2273 1724 2322 ἐστι
1763 2270 1859 2322 καὶΙ

260 2355 427 2423 μόνον
458 2357 493 2423 ἡ
530 2355 780 2425 βασιλεία
832 2356 941 2409 τῶν
996 2358 1262 2427 οὐρανῶν.
1326 2358 1495 2427 Λέγει
1524 2358 1581 2411 δὲ
1606 2359 1700 2411 καὶ
1722 2357 1860 2412 ἄλλα

255 2448 384 2501 τινὰ
440 2448 731 2503 ἀλλόκοτα.
780 2450 1107 2521 Προσφωνεῖ
1139 2450 1198 2504 δὲ
1251 2451 1379 2515 τοὺς
1442 2450 1540 2521 μὲν
1597 2450 1657 2514 ἒξ
1694 2448 1858 2503 αὑτοῦ

256 2537 457 2605 λόγους
517 2539 791 2611 Παμφίλῳ
850 2540 986 2593 τινί·
1057 2540 1168 2594 τῶν
1205 2540 1262 2593 δὲ
1311 2541 1516 2595 λοιπῶν
1554 2539 1614 2605 ἒξ
1653 2541 1721 2611 (oi
1747 2539 1858 2611 γὰρ

260 2633 480 2694 πάντες
504 2631 673 2685 αὐτοῦ
701 2632 912 2687 δώδεκά
936 2632 1066 2705 εἰσι)
1098 2634 1190 2687 τὸν
1218 2633 1317 2703 μὲν
1347 2634 1576 2703 ἕϐδομον
1606 2635 1861 2687 Ἀναστα-

260 2720 383 2790 σίῳ,
418 2720 478 2771 ὲν
502 2714 548 2787 ᾦ
576 2722 660 2775 ὅτι
686 2722 1021 2776 ἀκατάλυτοί
1048 2725 1187 2777 εἰσιν
1209 2725 1258 2776 οἱ
1286 2725 1532 2795 οὐρανοὶ,
1561 2725 1651 2779 τὸν
1670 2723 1859 2792 ὃγδοον

254 2809 334 2871 δὲ.
371 2811 434 2874 ὃς
462 2812 615 2866 ἐστιν
641 2814 723 2877 εἰς
760 2812 861 2885 τὴν
896 2812 1043 2884 ᾠδὴν
1087 2814 1333 2879 Ἐζεκίου
1365 2815 1461 2869 καὶ
1494 2817 1574 2879 εἰς
1598 2815 1690 2869 τὸν
1720 2816 1858 2869 όινα-

257 2901 531 2972 ποδισμδν
588 2904 685 2957 τοῦ
738 2905 915 2975 ἡλίου,
975 2904 1169 2976 Πέτρῳ
1222 2909 1558 2975 προσφωνεῖ,
1609 2908 1668 2959 ὲν
1700 2900 1746 2974 ᾧ
1776 2907 1860 2960 ὅτι

1968 1806 2160 1861 stolos.
2190 1805 2333 1860 Solis
2381 1806 2816 1876 magnitudinem
2846 1820 2967 1861 esse
2992 1805 3068 1859 ait
3099 1807 3326 1859 duorum
3361 1804 3553 1858 clima-

1970 1911 2105 1955 tum.
2138 1899 2376 1968 Angelos
2410 1899 2462 1953 in
2492 1899 2634 1954 coelo
2668 1914 2775 1954 non
2817 1914 2960 1966 esse,
3012 1899 3106 1953 sed
3156 1909 3360 1953 tantum
3390 1914 3555 1968 super

1970 1994 2396 2057 firmamentum,
2422 2001 2477 2044 et
2496 1990 2774 2044 nobiscum
2796 1991 3023 2044 versari.
3044 1990 3321 2045 Christum
3352 2006 3382 2045 e
3406 2001 3551 2045 terra

1964 2084 2372 2147 ascendentem,
2403 2082 2546 2135 inter
2602 2081 2798 2137 coelum
2839 2091 2892 2136 et
2936 2082 3335 2137 ﬁrmamentum
3361 2097 3554 2152 perve-

1967 2171 2138 2236 nisse,
2175 2171 2339 2240 idque
2370 2172 2637 2225 duntaxat
2661 2171 2924 2226 cmlorurn
2955 2187 3182 2243 regnum
3217 2188 3339 2228 esse
3371 2188 3386 2227 :
3414 2174 3554 2229 alia-

1966 2276 2073 2330 que
2106 2262 2191 2317 his
2220 2262 2415 2317 similia
2463 2263 2700 2317 absurde
2736 2261 2963 2331 profert.
3006 2263 3293 2333 Nuncnpat
3338 2265 3555 2333 priores

1968 2370 2063 2411 sex
2090 2354 2261 2409 libros
2314 2354 2597 2424 Pamphilo
2626 2356 2882 2411 cuidam:
2926 2357 2992 2410 de
3025 2357 3250 2425 reliquis
3288 2372 3416 2411 vero
3455 2373 3551 2411 sex

1972 2444 2124 2516 (sunt
2153 2447 2304 2500 enim
2335 2445 2389 2500 in
2421 2448 2737 2502 universum
2775 2447 3084 2517 duodecim)
3119 2450 3409 2519 septimum
3441 2451 3553 2518 qui-

1971 2537 2094 2589 dem
2115 2535 2433 2600 Anastasio,
2468 2552 2580 2607 quo
2614 2539 2785 2594 caelos
2804 2539 3030 2593 minime
3057 2540 3277 2593 dissolvi
3310 2542 3507 2595 asserit
3534 2560 3554 2595 :

1963 2638 2223 2682 octavum
2251 2630 2374 2683 dein
2402 2630 2515 2700 (qui
2562 2641 2649 2686 est
2691 2633 2743 2685 in
2783 2633 3057 2687 canticum
3109 2632 3378 2698 Ezechiae,
3410 2645 3464 2687 et
3499 2636 3555 2688 in

1966 2724 2099 2779 solis
2124 2726 2457 2795 regressum)
2486 2724 2648 2780 Petro
2691 2724 2941 2779 inscribit
2975 2742 2989 2778 :
3029 2740 3138 2795 quo
3192 2726 3243 2778 in
3305 2725 3448 2780 libro
3500 2734 3554 2779 et

1966 2816 2194 2871 Cantica
2229 2818 2569 2871 canticorum
2601 2818 2909 2886 explicasse
2932 2832 2991 2870 se
3016 2797 3430 2870 commemorat.
3457 2815 3549 2871 Be-

1970 2907 2101 2977 liqui
2126 2920 2365 2978 quatuor
2399 2920 2553 2964 certo
2590 2909 2794 2963 nemini
2819 2909 3161 2964 dedicantur.

258 2989 691 3067 ὕπεμνημάτισε
713 3000 760 3033 ⁸³
802 2998 872 3053 τὰ
899 2999 1160 3071 ’ᾼσματα
1188 3001 1297 3056 τῶν
1331 3001 1594 3072 ᾀσμάτων
1623 3001 1793 3071 λέγει.
1828 3002 1893 3056 Οί
1919 3002 1977 3056 δὲ
1997 3002 2175 3057 λοιποὶ
2198 3005 2468 3075 τέσσαρες
2498 3004 2561 3057 οὺ
2609 3003 2745 3074 πρός
2774 3020 2828 3057 τι
2858 3003 3150 3075 πρόσωπον
3213 3001 3365 3075 αὐτῷ
3428 3019 3554 3056 συν-

258 3091 435 3161 ετάγη
444 3108 564 3147 σαν.

972 3185 1094 3239 ΛΖ’.

810 3275 951 3345 Περὶ
992 3275 1322 3346 πολιτικῆς-

345 3365 697 3439 Ἀνεγνὼσθη
732 3369 875 3437 Περὶ
902 3370 1228 3439 πολιτικῆς
1263 3371 1309 3404 ⁸³
1353 3370 1428 3435 ὼς
1486 3373 1544 3425 ὲν
1606 3374 1861 3444 διαλόγῳ,

260 3461 464 3529 Μηνᾶν
522 3460 817 3531 πατρίκιον
881 3463 977 3516 καὶ⁵
1032 3464 1243 3534 Θωμᾶν
1288 3465 1705 3537 ρεφερενδάριον
1725 3467 1773 3499 ⁸⁸
1797 3466 1867 3519 τὰ

258 3554 633 3622 διαλεγόμενα
694 3555 933 3623 εἰσάγων
1006 3557 1297 3627 πρόσωπα.
1373 3557 1627 3627 Περιέχει
1702 3558 1761 3612 δὲ
1829 3560 1863 3629 ἡ

260 3646 633 3716 πραγματεία
695 3646 890 3715 λόγους
923 3646 1002 3713 ἓξ,
1037 3649 1096 3700 ὲν
1122 3643 1204 3711 οἷς
1236 3650 1330 3702 καὶ
1373 3648 1562 3718 ἕτερον
1595 3646 1735 3713 εἶδος
1770 3668 1867 3703 πο-

260 3734 478 3799 λιτείας
511 3736 668 3807 παρὰ
701 3736 770 3789 τὰ
804 3740 918 3801 τοῖς
953 3739 1207 3801 παλαιοῖς
1256 3740 1530 3810 εἰρημένα
1563 3741 1795 3809 εἰσάγει,
1836 3741 1867 3794 ὃ

257 3826 360 3878 καὶ
420 3826 581 3878 καλεῖ
624 3827 1030 3898 δικαιαρχικόν.
1073 3829 1483 3900 Ἐπιμέμφεται
1514 3831 1572 3884 δὲ
1603 3833 1703 3901 τῆς
1733 3832 1869 3887 Πλάο

254 3931 442 3979 τωνος
466 3916 698 3981 δικαίως
728 3918 1027 3982 πολιτείας.
1071 3921 1173 3973 Ἦν
1215 3920 1260 3972 δ’
1291 3922 1443 3973 αὐτοὶ
1468 3922 1747 3976 πολιτείαν
1764 3926 1869 3976 είσ-

267 4010 536 4077 ἄγουσιν,
577 4010 779 4063 ἐκτῶν
847 4012 1017 4082 τριῶν
1082 4012 1241 4065 εἰδῶν
1291 4016 1390 4083 τῆς
1447 4013 1724 4077 πολιτείας
1750 4016 1868 4068 δέον

259 4103 449 4173 αὐτὴν
493 4101 819 4169 συγκεῖσθαί
850 4120 1005 4172 φασι,
1048 4102 1334 4173 βασιλικοῦ
1365 4104 1461 4158 καὶ
1486 4106 1869 4176 ἀριστοκρατι-

255 4192 367 4246 κοῦ
427 4193 533 4246 καὶ
565 4192 1003 4264 δημοκρατικοῦ,
1035 4195 1098 4248 τὸ
1128 4195 1425 4266 εἰλικρινὲς
1453 4197 1590 4266 αὐτῇ
1636 4199 1871 4268 ἑκάστης

259 4287 566 4350 πολιτείας
627 4287 1087 4358 συνεισαγούσης,
1137 4288 1401 4359 κάκείνην
1427 4288 1526 4358 τὴν
1550 4288 1626 4351 ὡς
1655 4288 1869 4359 ἀληθῶς

253 4381 511 4453 ἀρίστην
538 4380 819 4434 πολιτείαν
851 4380 1247 4451 ἀποτελούσης.

980 4474 1113 4529 AH'.

334 4562 657 4632 Θεοδώρου
690 4564 1043 4633 Ἀντιοχέως
1068 4565 1354 4635 ἑρμηνεία
1379 4564 1491 4631 τῆς
1516 4566 1802 4633 Κτίσεως.

344 4654 708 4725 ’Δνεγνώσθη
739 4655 1017 4727 Θεοδώρου
1057 4657 1398 4728 Ἀντιοχέως,
1420 4651 1483 4711 οῦ
1507 4660 1542 4728 ὴ
1566 4657 1868 4730 ἐπιγραφὴ,

2622 3182 2892 3239 XXXVII.

2421 3276 2498 3330 De
2528 3276 2811 3345 Republica
2841 3276 2961 3328 libri
2988 3292 3065 3329 vr.

2036 3372 2128 3442 8a
2177 3369 2376 3425 Lectus
2416 3369 2504 3424 De
2542 3368 2833 3435 Republica
2883 3368 3068 3433 Liber,
3117 3368 3333 3423 Menam
3384 3368 3556 3437 patri-

1969 3465 2115 3519 cium
2151 3473 2205 3518 et
2247 3463 2513 3517 Thomam
2557 3462 2992 3516 referendarium
3031 3476 3129 3530 per
3161 3461 3435 3530 dial0gum
3469 3462 3551 3516 lo-

1969 3565 2199 3625 quentes
2228 3556 2606 3611 introducens.
2637 3553 2902 3608 Continct
2933 3570 3070 3623 opus
3102 3555 3205 3609 hoc
3238 3555 3405 3609 libros
3432 3571 3551 3622 sex,

1968 3650 2169 3718 quibus
2219 3646 2617 3717 δικαιαρχικὸν,
2647 3656 2707 3699 ιιι
2754 3646 2842 3700 hic
2881 3646 3201 3715 appellatur.
3235 3661 3431 3701 novum
3458 3662 3559 3716 po-

1973 3740 2111 3794 litiae
2141 3754 2338 3809 genus,
2372 3739 2650 3792 diversum
2695 3738 2763 3790 ab
2799 3737 2863 3790 iis
2891 3752 3011 3807 quae
3045 3738 3159 3807 (55)
3190 3749 3402 3792 veteres
3426 3754 3555 3807 pm-

1970 3832 2244 3896 didernnt,
2289 3830 2663 3885 introducitur
2702 3848 2716 3884 :
2746 3845 2811 3884 ac
2840 3830 3085 3884 Platonis
3118 3830 3419 3900 respublica
3447 3846 3553 3883 non

1976 3924 2255 3979 immerito
2284 3923 2728 3993 reprehenditur.
2756 3923 2927 3990 Quam
2982 3937 3112 3979 vero
3166 3938 3411 3991 personae
3452 3922 3557 3975 illa:

1974 4016 2222 4085 politiam
2256 4014 2525 4080 ati‘erunt,
2556 4030 2622 4068 ex
2655 4013 2824 4068 tribus
2850 4014 3053 4084 politiae
3077 4016 3378 4084 speciebus,
3410 4016 3556 4084 regia

1974 4107 2261 4171 nimirum,
2302 4116 2360 4160 et
2388 4106 2739 4175 optimatum,
2793 4119 2858 4159 ac
2904 4103 3268 4175 popularium,
3304 4106 3556 4172 componi

1971 4208 2229 4268 oportere
2271 4198 2426 4252 aiunt
2468 4216 2484 4253 :
2525 4208 2585 4251 ut
2611 4212 2733 4251 cum
2766 4196 2958 4250 harum
2984 4196 3259 4264 quaelibet,
3281 4196 3424 4265 quod
3456 4211 3559 4264 pu-

1976 4303 2097 4341 rum
2130 4296 2296 4357 atque
2342 4290 2612 4341 sincerum
2677 4286 2861 4351 habet,
2919 4285 3051 4340 huc
3082 4287 3394 4352 contulerit,
3445 4285 3560 4341 haec

1978 4379 2196 4434 tandem
2229 4394 2360 4434 vere
2394 4379 2600 4449 optima
2636 4379 2951 4449 reipublicae
2971 4378 3146 4434 forma
3171 4383 3557 4435 constituatur.

2650 4470 2942 4525 XXXVIII.

2094 4564 2345 4616 Theodori
2381 4565 2694 4618 Antiocheni
2746 4565 3111 4632 interpretatio
3149 4561 3424 4617 Genueos.

2053 4653 2247 4710 Lectus
2282 4655 2553 4710 Theodori
2612 4656 2942 4709 Antiocheni
2973 4655 3112 4709 liber
3165 4664 3252 4709 est
3298 4670 3420 4709 cum
3460 4654 3559 4708 hac

268 4745 619 4815 Ἐρμηνεία
654 4743 767 4813 τῆς
809 4746 1074 4812 Κτίσεως
1096 4762 1110 4776 ’
1138 4748 1197 4799 ὲν
1227 4746 1413 4817 τόμοις
1452 4748 1647 4817 ἑπτὰή
1682 4745 1863 4818 πρώτη

1982 4747 2336 4817 inscriptione
2362 4765 2377 4801 :
2408 4746 2790 4815 Interpretatio
2817 4746 3072 4801 Geneseos
3095 4762 3115 4812 ;
3166 4747 3322 4802 libris
3351 4757 3559 4818 septem

252 4834 463 4907 βίϐλος
519 4834 866 4906 ἐπεραίνετο.
932 4837 1045 4908 Τὴν
1070 4836 1127 4891 δὲ
1162 4837 1365 4909 φράσιν
1395 4836 1524 4890 οὔτε
1546 4838 1591 4869 ⁸⁵
1620 4838 1874 4910 λαμπρὸς

1984 4838 2162 4893 tomus
2190 4840 2398 4907 primus
2421 4839 2745 4893 absolvitur.
2767 4838 2956 4910 Stylus
2988 4839 3064 4893 illi
3089 4854 3267 4909 neque
3302 4839 3557 4907 illustris,

1543 4971 1774 5027 VARIIE
1820 4970 2227 5028 LECTIONES.

336 5104 391 5190 ξ’
420 5103 519 5190 τοῦ
549 5104 661 5190 τῶν
692 5104 954 5190 ῥωμαίων
989 5124 1049 5170 ς.
1127 5108 1172 5140 ⁸⁷
1210 5108 1456 5190 μὲνῇοιῐια.
1490 5122 1583 5190 ρι’..
1604 5108 1670 5190 Αἰ

1774 5107 1819 5138 ⁸⁸
1845 5106 1937 5159 οῦν
1960 5122 2070 5161 om.
2107 5107 2169 5158 A.

2277 5106 2321 5178 δέ
2359 5105 2518 5177 ὑπὲρ]
2548 5106 2656 5158 ἀπὺ
2700 5106 2802 5178 Δί-
2881 5108 2928 5140 ⁹⁰
2960 5110 3180 5178 μνήμην
3229 5107 3325 5160 καὶ
3375 5110 3473 5178 τῆς
3500 5125 3559 5171 ς.

255 5175 464 5247 "fano
484 5176 531 5227 Α
564 5193 577 5229 :
610 5174 752 5244 ὑπὲρ
781 5174 844 5240 ς.
879 5176 1126 5240 Cosmas,
1150 5174 1339 5244 p.986
1371 5194 1384 5230 ε
1412 5177 1535 5247 ,ἃμα
1563 5178 1697 5246 ἡμῖν
1723 5177 1779 5228 ἐν
1795 5176 1871 5245 τῷ
1918 5175 2079 5247 χῲρῳ
2102 5176 2277 5247 τούτῳ
2299 5174 2564 5245 διάγουσι,
2590 5245 2598 5247 ξ
2626 5177 2719 5230 καὶ
2747 5174 2902 5229 οὔπω
2930 5174 3012 5240 τίς
3053 5174 3112 5243 ἐξ
3135 5174 3325 5229 αὐτῶν
3352 5174 3560 5247 ήξὶὼθη

258 5246 409 5317 τῶν
434 5245 720 5317 ἄνωᾲτέως
742 5248 925 5315 τυχεῖν
944 5256 999 5299 et
1028 5262 1079 5313 ιι.
1112 5247 1251 5299 5l5:
1301 5248 1368 5300 τὰ
1389 5245 1563 5316 ἄστρα
1586 5245 1765 5299 πάντα
1810 5245 2059 5317 κάτωθεν
2110 5245 2257 5317 ὲστιξ
2277 5248 2372 5298 τοῦ
2409 5245 2784 5317 στερεώματος
2813 5278 2883 5286 -
2916 5248 3218 5315 κενούμενα
3242 5245 3428 5317 {urer
3452 5245 3560 5298 τῶν

253 5316 528 5384 ἀοράτων
550 5315 858 5418 δυνξμεέυν.
892 5316 1001 5418 ἰξίαν.
1033 5319 1097 5369 ὲκ
1126 5317 1317 5418 τρῇτου
1346 5317 1710 5418 διδασκόμεθα
1760 5315 2017 5369 ἐπένεικα
2039 5317 2169 5418 1,τεῶν
2209 5316 2441 5418 ἄστρωνς
2468 5315 2697 5385 ἄγγελον
2728 5316 2814 5418 μη
2834 5317 3201 5418 ὑπερϐαίνειν.
3278 5318 3323 5348 ⁹²
3353 5316 3436 5370 ὅτι
3464 5318 3561 5370 καὶ

256 5386 464 5418 ﬂare-nn
529 5403 569 5418 ρ
804 5402 869 5418 nn
960 5387 1074 5418 uino
1102 5401 1148 5418 ιιι
1244 5392 1288 5418 in
1343 5390 1407 5418 ala
1439 5390 1603 5418 ιριηιιιιι
1632 5388 1710 5418 inn
1745 5402 1775 5418 n
1832 5402 1917 5418 νιη
2121 5387 2407 5418 [insuam-“2
2453 5404 2567 5418 run“
2628 5405 2665 5418 .-
2768 5390 2787 5418 9
2842 5404 2901 5418 Α..
2995 5404 3034 5418 ρ

256 5386 378 5438 ὑπε
387 5402 487 5455 μν.
529 5403 592 5450 ς.

669 5385 716 5416 ⁸³
750 5386 889 5456 Ang.
907 5387 1077 5441 Maius
1100 5387 1168 5439 ad
1192 5388 1309 5442 Cic.
1341 5390 1407 5441 de
1439 5385 1710 5458 republica
1744 5402 1797 5455 p.
1832 5402 1941 5440 xvr.

2039 5386 2084 5418 "
2117 5386 2567 5457 ραιφερενδάοιον
2626 5405 2686 5452 ς.
2768 5386 2814 5419 ⁸³
2842 5386 2964 5440 οὐδὲ
2994 5404 3052 5451 ς.

1810 5501 2043 5558 NOTIE.

342 5594 655 5667 (5§‘)_Vide
670 5595 731 5651 Β.
759 5596 943 5651 Basilii
965 5607 1104 5652 orat.
1128 5598 1162 5653 3
1187 5596 1447 5652 Hexaem.
1472 5605 1521 5650 et
1539 5594 1871 5667 D.Amb_ros.

340 5664 481 5736 (’55)
503 5664 680 5737 Plato,
710 5669 1056 5735 Arismteles,
1095 5668 1376 5740 Polybius,
1410 5668 1506 5723 lib.
1552 5682 1627 5733 vr,
1658 5678 1709 5721 et
1753 5665 1875 5719 l’lu-

1976 5595 2195 5649 tarchus
2222 5593 2482 5664 singulari
2537 5594 2742 5655 libello,
2777 5591 3093 5651 Heraclides
3125 5608 3339 5666 quoque
3369 5591 3552 5649 Ponti-

1985 5680 2101 5731 cus,
2132 5674 2185 5721 et
2216 5667 2385 5722 Nicol.
2413 5666 2791 5721 Damasceuus.
