3980 6234
409 193 474 262 τι
1577 192 1844 253 ΡΗΟἸἹΙ
1883 191 2390 252 unaunam
2430 191 2540 252 cr.
3598 175 3672 249 72

411 325 590 379 neque
627 307 785 364 valde
819 307 1166 380 perspicuus.
1196 305 1432 378 Fugiens
1463 321 1614 372 vero,
1644 317 1908 375 quantum
1937 306 1991 359 in

2110 304 2218 357 ιῦτε
2249 304 2372 360 λίαν
2402 304 2603 375 σαφὴς,
2642 302 2861 372 φεύγων
2884 303 2940 357 δὲ
2964 302 3057 357 τὸν
3104 301 3330 356 δυνατὸν
3369 300 3518 371 αὐτῷ
3544 301 3674 372 τρό-

416 403 533 470 ipso
571 410 677 468 est,
711 400 1019 471 allegorias,
1047 409 1102 455 et
1159 399 1506 456 historiarum
1536 399 1794 452 duntaxat
1825 413 1991 466 expo-

411 494 665 548 sitionem
721 502 984 558 tractans,
1017 492 1200 562 putide
1261 491 1424 546 nimis
1469 491 1657 545 eadem
1699 489 1991 544 identidem

416 585 708 652 repetit,et
739 584 985 654 ingratus
1020 594 1184 651 atque
1203 582 1520 637 fastidiosus
1545 582 1740 653 legenti
1771 582 1988 636 accidit.

418 674 558 740 Quin
615 686 669 728 et
721 674 954 730 Nestorii
1016 674 1365 737 sententiam,
1427 673 1677 744 quamvis
1709 673 1802 728 illo
1844 673 1994 744 prior

415 763 599 826 fuerit,
642 767 804 820 tacite
845 766 1032 819 vomit.
1085 764 1186 820 ilic
1239 775 1322 821 est
1375 765 1696 822 Theodorus
1741 766 1829 822 ille
1880 766 1994 821 Mo-

411 857 685 922 psuestite,
709 872 738 908 ιι
771 871 878 925 quo
917 871 1293 926 saepenumero
1347 858 1706 930 constat,(56)
1732 858 1991 913 Joannem

412 942 779 1016 PhHOponum
819 945 900 1017 (ut
934 947 1162 1015 ipsemet
1213 947 1430 1017 fatetur)
1500 950 1765 1003 rationem
1811 948 1994 1017 hujus.

414 1039 559 1093 inodi
612 1036 1076 1105 interpretationis
1111 1037 1251 1090 bona
1282 1036 1388 1091 ﬁde
1436 1050 1497 1091 ac
1542 1037 1684 1092 serio
1725 1037 1990 1108 exegisse,

415 1131 469 1185 in
502 1143 602 1184 suo
623 1127 699 1181 De
732 1127 973 1181 universi
1005 1128 1282 1181 creatione
1309 1141 1494 1198 opere.

1069 1218 1313 1274 XXXIX.

802 1307 1064 1363 Eusebius
1091 1321 1276 1363 contra
1305 1308 1632 1365 Hieroclem.

489 1467 652 1521 Lecta
675 1480 760 1520 est
793 1465 1008 1520 Eusebii
1057 1465 1324 1536 Pamphili
1352 1467 1656 1536 Confutatio
1681 1468 1848 1523 brevis
1879 1469 1992 1540 (57)

415 1560 679 1614 librorum
707 1556 975 1612 Hieroclis
995 1559 1062 1612 de
1099 1557 1386 1628 Apollonio
1413 1558 1653 1629 Tyaneo.
1983 1549 1996 1560 “

1130 1759 1245 1816 XL.

526 1849 871 1919 Philostorgii
909 1846 1303 1902 Ecclesiasticw
1341 1845 1592 1902 Historia:
1617 1847 1742 1902 libri
1774 1864 1872 1904 xu.

491 1940 658 1995 Lecta
692 1949 777 1994 est
805 1939 1153 2008 Philostorgii
1192 1937 1304 2007 (58)
1341 1937 1526 1992 Ariani
1561 1939 1723 1993 veluti
1758 1938 1998 1995 Historia

423 2033 817 2088 Ecclesiastica.
849 2032 1044 2088 Narrat
1068 2031 1182 2087 fere
1225 2034 1493 2088 contraria
1528 2034 1781 2090 omnibus
1825 2035 2001 2091 eccle-

420 2124 660 2179 siasticis
707 2123 1014 2186 historicis,
1058 2121 1306 2177 laudibus
1351 2123 1636 2188 extollens,
1670 2141 1808 2195 quos
1853 2125 2003 2180 novit

421 2217 732 2269 Arianismo
765 2212 1015 2278 infectos,
1043 2221 1099 2266 et
1129 2212 1386 2268 conviciis
1417 2215 1750 2270 orthodoxos
1777 2215 2002 2285 perfun-

423 2307 557 2360 dens
593 2323 607 2360 :
639 2315 847 2361 utesse
893 2307 996 2360 hoc
1037 2305 1156 2375 ejus
1203 2319 1340 2373 opus
1381 2320 1488 2360 non
1525 2316 1631 2360 tam
1663 2307 1888 2361 historia
1923 2307 2005 2361 vi-

2099 413 2198 450 πον
2242 396 2343 460 τὰς
2396 397 2747 466 ἀλληγορίας,
2809 396 2906 448 καὶ
2959 394 3104 448 κατὰ
3149 395 3250 466 τὴν
3305 393 3548 464 ἱστορίαν
3577 393 3675 464 τὴν

2097 486 2397 559 ἑρμηνείαν
2457 489 2800 557 ποιούμενος.
2855 485 3182 553 Ταυτολογεῖ
3212 485 3272 538 δὲ
3300 484 3370 538 τὰ
3421 484 3674 540 πλεῖστα.

2098 581 2193 633 καὶ
2219 579 2416 650 ἄχαρίς
2447 596 2562 643 πως
2593 580 2686 633 καὶ
2721 579 2892 652 ἀηδὴς
2935 576 3077 632 εἶναι
3123 579 3292 643 δοκεῖ,
3324 579 3464 634 ἀλλὰ
3489 580 3584 632 καὶ
3617 578 3677 631 τὸ

2097 670 2393 741 Νεπορίου
2433 669 2628 740 δόγμα,
2655 671 2704 722 εί
2731 672 2828 724 καὶ
2863 669 2972 742 πρὸ
3026 670 3325 740 Νεστορίου
3402 671 3674 740 ὑπῆρχεν,

2101 761 2566 832 ὑπερευγόμενας.
2615 755 2786 825 Οὗτος
2813 761 2870 814 δέ
2919 763 3068 816 ἐστιν
3097 764 3124 816 ό
3153 762 3558 832 Μοψουεστίας,
3613 761 3675 816 ὃν

2098 855 2195 907 καὶ
2222 854 2490 919 πλείστας
2536 853 2769 918 εὐθύνας
2806 854 3060 926 Ἰωάννης
3083 856 3112 908 ὁ
3138 855 3448 919 Φιλόπονος,
3477 855 3548 916 ὡς
3577 855 3677 910 αὐ-

2097 947 2188 1010 τός
2217 963 2374 1017 φησι,
2425 947 2526 1016 τῆς
2571 946 2831 1017 τοιαύτης
2857 946 3158 1018 ἑρμηνείας
3192 949 3250 1000 ὲν
3279 947 3463 1017 οἰκείῳ
3493 947 3571 1018 τῷ
3594 948 3677 1010 είς

2096 1039 2196 1112 τὴν
2234 1040 2412 1092 κτίσιν
2463 1022 2742 1110 πονήματι
2764 1039 2980 1111 ἐδείχθη
3015 1039 3321 1101 σπουδαίως
3349 1038 3676 1106 εἰσπραττόο

2101 1147 2284 1201 μενος.

2791 1224 2914 1280 AG’.

2111 1315 2419 1372 Ἐυσεϐίου
2448 1315 2558 1370 τοῦ
2595 1316 2911 1385 Παμφίλου
2949 1314 3100 1382 πρὸς
3128 1313 3272 1380 τοὺς
3302 1313 3454 1382 ὑπὲρ
3483 1314 3682 1367 Ἀπολ-

2227 1388 2450 1440 λωνίου
2475 1386 2582 1439 τοῦ
2612 1385 2879 1451 Τυανέως
2923 1385 3279 1452 Ἱεροκλέους
3301 1386 3542 1453 λόγους.

2181 1477 2522 1548 Ἀνεγνώσθη
2554 1477 2813 1530 Εὐσεὸίου
2831 1476 2924 1531 τοῦ
2957 1475 3247 1546 Παμφίλου
3275 1475 3677 1528 ἁνασκευαστι-
3729 1495 3736 1500 ο

2099 1569 2195 1624 κδν
2248 1568 2578 1639 βιϐλιδάριον
2633 1568 2770 1638 πρὸς
2821 1570 2950 1632 τοὺς
2991 1568 3136 1640 ὑπὲρ
3179 1566 3536 1620 Ἀπολλωνίου
3586 1564 3682 1618 τοῦ

2035 1677 2079 1732 Β
2107 1661 2364 1724 Τυανέως
2406 1660 2738 1732 Ἱεροκλέους
2754 1659 3044 1730 ³⁸λὸγους.

2825 1753 2916 1807 Μ’.

2313 1841 3072 1911 ΦιλοστοργίουἋρειανοῦ
3114 1842 3464 1910 Ἰστορικόν.

2167 1935 2509 2004 Ἀνεγνώσθη
2530 1934 2622 2006 [25
2637 1932 2727 2006 3.]
2743 1932 3209 2004 Φιλοστοργίου,’Λ
3217 1933 3430 2003 ρειανοῦ
3442 1933 3540 2003 τὴν
3557 1933 3688 2004 θρη.

2101 2032 2309 2096 σκείαν,
2331 2029 2409 2091 ὡς
2441 2027 2599 2098 δῆθεν
2616 2024 3131 2094 Ἐκκλησιαο-τικὴ
3165 2025 3438 2094 Ἱστορία.
3458 2026 3688 2095 Ἱστορεῖ

2101 2119 2159 2173 δὲ
2181 2120 2442 2174 τάναντία
2455 2117 2643 2188 σχεδὸν
2660 2119 2831 2172 ἄπασι
2852 2118 2965 2179 τοῖς
2987 2116 3462 2186 ἐκκλησιαστικαῖς
3486 2118 3688 2186 ἱστορι-

2104 2215 2242 2274 κοῖς.
2268 2212 2502 2284 Ἐξαίρει
2520 2213 2646 2276 τοὺς
2673 2208 3104 2284 Ἀρειανίζοντας
3119 2210 3382 2275 ἅπαντας,
3397 2211 3688 2282 λοιδορίαις

2109 2304 2303 2357 πλύνει
2325 2305 2450 2368 τοὺς
2477 2303 2810 2374 όρθοδόξους,
2838 2303 2913 2366 ὡς
2939 2298 3081 2356 εἶναι
3107 2302 3208 2374 τὴν
3239 2303 3482 2373 ἱστορίαν
3515 2302 3685 2356 αὐτοῦ

426 2400 638 2463 deatur,
673 2413 834 2466 quam
882 2397 1262 2452 haereticorum
1299 2397 1559 2462 laudatio,
1593 2413 1714 2452 cum
1749 2402 1903 2453 ‘nuda
1951 2410 2004 2455 et

2117 2397 2193 2466 μὴ
2225 2397 2466 2466 ἱστορίαν
2499 2396 2720 2466 μᾶλλον,
2753 2394 2869 2449 ἀλλ’
2895 2394 3169 2466 ἐγκώμιον
3206 2395 3306 2465 μὲν
3337 2394 3447 2448 τῶν
3476 2395 3686 2465 αἱρετι-

425 2505 577 2544 mera
625 2491 1027 2560 vituperatione
1075 2499 1241 2557 atque
1297 2490 1644 2544 accuSatione
1696 2489 2004 2545 Catholico-

2110 2488 2241 2553 κῶν,
2259 2487 2428 2558 ψόγον
2457 2486 2516 2539 δὲ
2541 2503 2611 2554 γυ
2620 2486 2749 2556 μνὺν
2771 2487 2865 2540 καὶ
2882 2486 3216 2557 κατηγορίαν
3234 2485 3343 2538 τῶν
3365 2485 3683 2556 ὀρθοδόξων.

427 2599 571 2638 rum.
611 2581 797 2652 Stylus
841 2581 920 2636 illi
971 2583 1261 2652 comptior,
1291 2591 1346 2638 et
1395 2583 1624 2651 poeticis
1666 2582 1784 2638 sine
1827 2583 2004 2647 taedio,

2111 2580 2267 2632 Ἔστι
2293 2579 2349 2631 δὲ
2372 2576 2470 2648 τὴν
2505 2578 2706 2647 φράσιν
2735 2575 2820 2648 [Η
2857 2574 2947 2648 H.]
2980 2575 3191 2647 κομψὸς
3221 2579 3318 2629 καὶ
3347 2577 3682 2645 ποιητικαῖς,

426 2673 760 2740 minimeque
809 2672 1036 2740 ingratis
1079 2673 1303 2726 vocibus
1343 2672 1533 2726 utitur.
1577 2669 1741 2742 Tropi
1796 2687 2004 2743 quoque

2110 2671 2224 2725 ἀλλ’
2255 2671 2318 2724 οὐ
2366 2670 2690 2739 κατακόρως
2723 2669 2832 2722 οὐδ’
2878 2667 3161 2739 άχαρίτοις
3179 2667 3224 2700 ’⁷
3252 2666 3430 2734 λέξεσι
3477 2683 3687 2736 κεχρη-

434 2775 500 2814 ac
561 2761 722 2813 verba
765 2760 1152 2830 signiﬁcantia,
1223 2760 1452 2830 gratiam
1498 2760 1600 2828 ipsi
1651 2776 1773 2816 cum
1813 2763 2004 2830 jucun-

2113 2765 2292 2834 μένος.
2349 2763 2458 2816 Καὶ
2485 2764 2517 2833 ἠ
2547 2760 2812 2833 τροπὴ-δὲ
2879 2759 3030 2830 αὐτῷ
3085 2758 3164 2830 τῷ
3205 2758 3493 2830 ὲμφατικῷ
3514 2759 3558 2792 ³⁸
3584 2757 3688 2828 τὴν

428 2853 596 2905 ditate
628 2851 923 2905 conciliant
955 2867 970 2906 :
1009 2851 1110 2906 nisi
1143 2852 1284 2920 quod
1319 2851 1587 2906 interdum
1621 2863 1824 2908 temere
1853 2854 2008 2924 ipsis,

428 2940 514 2993 vel
545 2940 773 2995 nimium
803 2941 1032 2997 detortis
1067 2942 1287 3006 utendo,
1319 2941 1374 2996 in
1412 2941 1666 3014 frigidum
1707 2951 1761 2996 et
1803 2945 2010 3014 impor-

2110 2857 2272 2925 χάριν
2305 2853 2444 2926 μετὰ
2471 2851 2566 2907 τοῦ
2597 2852 2752 2922 ἡδέος
2779 2851 3066 2920 ἐφέλκεται
3092 2863 3110 2879 ⁶
3139 2849 3280 2922 πλὴν
3308 2853 3479 2903 ἐνίοτε
3500 2866 3687 2920 παρα-

2113 2946 2286 3010 ϐόλως
2341 2948 2530 3009 αὐταῖς
2564 2945 2660 2999 καὶ
2712 2943 2966 2998 πλεῖστον
3011 2943 3526 3015 ἁποτετραμμὲναις
3549 2941 3691 3014 χρώς

429 3044 619 3086 tunum
655 3047 963 3088 sermonem
1000 3034 1209 3089 incidit.
1240 3032 1478 3090 Ornatur
1510 3035 1579 3090 ab
1608 3049 1674 3090 eo
1707 3035 1795 3106 8b
1861 3037 2004 3092 varie

2113 3054 2275 3107 μενος
2322 3038 2403 3100 είς
2457 3035 2784 3105 ψυχολογίαν
2829 3034 2925 3088 καὶ
2984 3033 3368 3103 ἀκαιρολογίαν
3403 3033 3688 3087 ἐκπίπτει.

427 3125 628 3190 oratio,
669 3124 754 3178 vel
791 3126 858 3180 ad
892 3126 1232 3192 satietatem;
1283 3127 1357 3181 ita
1404 3137 1464 3181 ut
1507 3127 1560 3182 in
1593 3128 2005 3197 obscuritatem,

431 3230 532 3270 nec
559 3230 680 3269 eam
710 3231 925 3286 semper
953 3227 1185 3287 gratam,
1221 3218 1434 3274 occulte
1471 3218 1720 3274 trahatur
1749 3219 1962 3274 auditor
1988 3233 2005 3273 :

428 3311 486 3363 in
516 3309 809 3380 multisque
847 3325 955 3364 non
1009 3311 1382 3366 incommodas
1409 3309 1649 3380 loquitur
1686 3311 2005 3366 sententias.

430 3398 626 3470 Incipit
659 3410 841 3454 autem
883 3401 952 3456 ab
990 3402 1106 3456 Arii
1147 3401 1329 3460 studio
1368 3403 1422 3456 in
1463 3401 1711 3457 haeresim
1742 3417 1805 3456 ac
1834 3403 2010 3470 primo

423 3490 667 3560 incepto,
727 3507 899 3561 usque
943 3492 1010 3547 ad
1061 3493 1202 3547 Aetii
1257 3492 1370 3565 (59)
1417 3493 1720 3563 impiissimi
1775 3494 2009 3550 hominis

433 3583 855 3637 revocationem.
905 3584 1095 3639 Aetius
1129 3585 1216 3639 hic
1247 3587 1314 3639 ab
1347 3587 1620 3654 ipsisluna
1650 3585 2009 3642 sentientibus

436 3671 733 3740 haereticis,
767 3674 907 3742 quod
964 3675 1082 3731 illos
1131 3675 1408 3744 impietate
1457 3687 1741 3746 superaret
1781 3677 1863 3748 (ut
1895 3679 2012 3747 ipse

431 3759 832 3830 Philostorgius
885 3762 970 3816 vel
1024 3763 1228 3819 invitus
1287 3763 1475 3834 refert)
1524 3765 1831 3821 ministerio
1879 3768 2011 3823 sub-

407 3876 410 3878 ~
435 3860 634 3915 motus,
659 3861 845 3919 postea
870 3853 939 3906 ab
961 3853 1281 3922 impiissimo
1308 3850 1526 3908 Juliano
1547 3853 1874 3925 imperatore
1896 3857 2009 3928 (60)

411 3952 745 4006 -re\'ocatus,
779 3942 1198 4012 humaniterque
1230 3955 1486 4015 acceptus
1511 3958 1616 4003 est.
1646 3947 1715 4003 Et
1745 3949 1859 4003 hac
1892 3949 2013 4019 qui-

435 4031 557 4084 dem
601 4030 772 4098 ipsius
806 4032 1032 4086 historia
1067 4049 1173 4088 uno
1207 4034 1481 4090 volumine
1521 4051 1618 4094 sex
1659 4038 1828 4094 libros
1865 4054 2014 4092 com-

405 4123 620 4192 “plexa,
673 4123 739 4176 ad
796 4123 900 4178 hoc
958 4141 1130 4195 usque
1185 4136 1397 4198 tempus
1467 4131 1829 4200 progreditur.
1895 4129 2015 4198 Ipse

451 4227 584 4267 vero
620 4215 853 4282 scriptor
883 4216 1112 4270 mendax
1143 4227 1248 4282 est,
1295 4227 1352 4272 et
1379 4216 1575 4274 fabulis
1601 4220 1821 4275 minime
1847 4220 2014 4274 absti-

403 4353 408 4358 .
436 4319 603 4369 nens,
636 4307 1003 4374 praedicatque
1032 4309 1292 4364 doctrinm
1339 4312 1572 4366 maxime
1605 4327 1766 4366 causa
1797 4313 2009 4369 Aetium

436 4407 492 4449 et
544 4396 905 4465 Ennomium,
968 4400 1123 4466 quasi
1191 4400 1296 4454 soli
1355 4413 1738 4472 repurgassent
1794 4403 2012 4471 pietatis

436 4495 692 4561 dogmata
763 4502 1010 4562 tempore
1071 4495 1474 4562 contaminata,
1537 4497 1854 4569 prodigiose.
1904 4499 2039 4554 hoc"

436 4585 610 4653 ipsum
655 4585 970 4640 mentiendo
1002 4601 1020 4640 :
1051 4587 1332 4656 signorum
1376 4597 1582 4655 autem,
1614 4599 1672 4644 et
1715 4590 1842 4644 vita:
1885 4604 2009 4660 gra-

2107 3127 2508 3200 Περιϐἐόληται
2529 3127 2584 3180 δὲ
2613 3125 2762 3194 αὐτῷ
2793 3123 3052 3188 ποικίλως
3079 3124 3109 3176 ὁ
3133 3123 3288 3192 λόγος
3310 3123 3407 3177 καὶ
3436 3125 3494 3176 ἐν
3515 3124 3686 3194 κόρῳ,

2106 3220 2183 3284 ὡς
2211 3221 2292 3284 είς
2326 3219 2386 3272 τὸ
2417 3217 2629 3287 ἀσαφὲς
2695 3217 2792 3270 καὶ
2819 3216 2921 3271 οὐκ
2951 3213 3041 3268 ἀεὶ
3065 3215 3257 3286 χαρίεν
3279 3215 3371 3268 τὸν
3408 3215 3690 3287 ἀκροατὴν

2109 3308 2499 3380 ὑποσύρεσθαι.
2537 3307 2623 3360 Ἐν
2657 3305 2872 3368 πολλοῖς
2893 3305 2951 3358 δὲ
2971 3306 3066 3359 καὶ
3091 3305 3306 3368 οἰκείως
3329 3305 3688 3376 γνωμολογεῖ.

2120 3404 2345 3473 Ἱστορεῖ
2369 3400 2426 3453 δὲ
2463 3399 2532 3454 τὰ
2556 3399 2666 3454 ἀπὸ
2715 3401 2814 3470 τῆς
2853 3398 3062 3468 ’Δρείου
3114 3397 3245 3468 περὶ
3308 3397 3409 3468 τὴν
3469 3396 3691 3468 αἵρεσιν

2111 3494 2347 3564 σπουδῆς
2370 3509 2430 3544 τε
2456 3493 2552 3545 καὶ
2615 3491 2933 3562 κατάρξεως
2986 3489 3148 3561 μέχρι
3182 3488 3284 3559 τῆς
3329 3488 3537 3542 Ἀετίου
3589 3486 3689 3541 τοῦ

2111 3581 2542 3634 δυσσεϐεστάτου
2598 3581 2974 3650 ἀνακλήσεως.
3033 3574 3202 3642 Οὗτος
3231 3579 3290 3632 δὲ
3328 3579 3534 3642 Ἀἑτιος
3555 3596 3674 3648 παρ

2113 3674 2298 3729 αὐτῶν
2361 3674 2462 3743 μὲν
2518 3673 2629 3728 τῶν
2681 3671 3142 3742 συναιρεσιωτῶν,
3205 3670 3376 3726 διὰτὸ
3403 3672 3695 3735 κάκείνους

2112 3761 2520 3832 ὑπερϐαλέσθαι
2551 3764 2596 3794 ⁹⁹
2631 3763 2699 3833 τῇ
2747 3759 3058 3831 δυσσεϐεία,
3097 3761 3174 3823 ὡς
3202 3760 3366 3824 αὐτὸς
3407 3753 3561 3822 οὗτος
3593 3761 3696 3814 καὶ

2114 3853 2191 3925 μὴ
2215 3853 2538 3923 βουλόμενος
2568 3852 2794 3922 ἱστορεῖ,
2814 3851 2915 3920 τῆς
2942 3850 3220 3914 διακονίας
3253 3850 3557 3922 καθῃρέθη,
3583 3850 3694 3904 ὑπὸ

2109 3945 2169 3999 δὲ
2198 3945 2292 3999 τοῦ
2319 3944 2748 3998 δυσσεϐεστάτου
2795 3943 3090 3997 Ἱουλιανοῦ
3157 3944 3429 4015 ἀνεκλήθη
3485 3959 3546 3996 τε
3597 3945 3695 3996 καὶ

2114 4035 2455 4108 φιλοφρόνως
2478 4033 2762 4102 ὲδεξιώθη.
2799 4035 2912 4088 Καὶ
2945 4036 2980 4105 ἡ
3033 4035 3134 4105 μὲν
3167 4035 3376 4106 ἱστορία
3424 4033 3589 4088 αὐτοῦ
3620 4034 3693 4088 δι’

2113 4129 2232 4191 ἐνὸς
2256 4127 2487 4198 βιϐλίου,
2518 4127 2708 4198 τόμοις
2736 4125 2797 4192 ἒξ
2823 4127 3313 4199 συμπληρουμένη,
3339 4128 3500 4198 μέχρι
3537 4125 3696 4182 τοῦδε

2112 4221 2332 4292 πρόεισι
2394 4220 2490 4274 τοῦ
2551 4220 2766 4291 χρόνου.
2837 4221 2994 4274 Ἔστι
3050 4219 3107 4273 δὲ
3145 4222 3212 4274 ὁί
3249 4220 3389 4292 ἀνὴρ
3431 4218 3689 4290 ψευδολό-

2114 4329 2210 4380 γος
2244 4329 2304 4365 τε
2352 4313 2448 4366 καὶ
2503 4311 2623 4365 οὐδὲ
2682 4311 3006 4382 μυθολογίας
3057 4313 3420 4384 ἀπεχόμενος.
3455 4311 3697 4381 Ἐξαίρει

2114 4405 2173 4458 δὲ
2210 4407 2268 4458 ὲν
2304 4404 2402 4476 μὲν
2427 4404 2606 4474 λόγοις
2658 4405 2893 4476 μάλιστα
2924 4405 3128 4459 ’Δέτιον
3158 4406 3252 4459 καὶ
3273 4405 3555 4474 Εὐνόμιον,
3593 4404 3697 4473 μό-

2113 4513 2240 4558 νους
2314 4495 2659 4565 ἀνακαθᾶραι
2710 4494 2780 4549 τὰ
2843 4498 2945 4567 τῆς
2992 4495 3275 4558 εὐσεϐείας
3317 4493 3563 4564 δόγματα
3611 4493 3695 4562 τῷ

2093 4591 2290 4660 ,χρόνῳ
2343 4589 2773 4662 συγκεχωσμένα
2820 4590 3244 4662 τερατευόμενος
3280 4591 3339 4643 ὲν
3383 4588 3692 4659 τεραστίοις

1717 4721 1948 4778 γἈΒΙᾹΞ
1983 4723 2390 4783 LECTIONES.

500 4839 548 4872 ⁹⁶
575 4840 699 4895 libri
719 4807 1035 4912 ίεροκλέως.
1111 4840 1157 4873 ³⁷
1181 4809 1366 4896 malini
1397 4841 1694 4911 ἀχαρίτως.
1743 4837 1817 4875 ’⁸⁸
1856 4843 2169 4915 ὲκφαντικῷ
2207 4859 2351 4900 corr.
2382 4845 2447 4900 A.
2523 4849 2569 4880 ”
2596 4834 3029 4919 ὑπερϐάλλεσθαι
3057 4815 3128 4906 ς.
3196 4840 3214 4871 ¹
3245 4839 3274 4892 ὁ
3303 4837 3458 4893 libris
3486 4836 3661 4890 deest.

1948 4955 2176 5014 NOTZE.

505 5076 617 5146 (se)
641 5073 742 5131 inf.
778 5077 898 5132 cod.
931 5075 1116 5132 mn.
1192 5081 1194 5086 ’

401 5163 403 5166 ‘
508 5149 619 5217 (57)
649 5150 983 5218 Seplremeos
1018 5149 1185 5204 fuisse
1233 5149 1486 5218 colligere
1524 5147 1653 5201 licet
1703 5164 1770 5202 ex
1827 5146 2007 5218 libello

437 5219 674 5282 Eusebii,
698 5217 787 5286 qni
805 5217 979 5270 adhuc
1007 5229 1273 5286 superest,
1300 5217 1401 5273 hac
1429 5218 1781 5284 inscriptione
1816 5237 1830 5271 :
1857 5237 1876 5269 ι
1898 5217 2006 5271 Eu-

437 5287 570 5341 sebii
599 5287 862 5354 Pamphili
900 5287 1374 5356 Qmsarexepisc.
1425 5288 1723 5342 confutatio
1780 5288 2010 5356 scripto-

437 5357 871 5436 runrllicroclis,
898 5355 1174 5429 Tyaneum
1221 5355 1436 5412 Christo
1482 5357 1762 5411 Servatori
1799 5355 2012 5425 compa-

438 5437 626 5480 rantis.
661 5447 677 5477 ι

511 5495 619 5564 (58)
653 5494 895 5549 Meminit
928 5494 1042 5563 ejus
1072 5495 1268 5550 Suidas
1302 5497 1354 5550 in
1387 5495 1616 5551 Leontio
1643 5495 1996 5561 Tripolitano,

439 5565 596 5616 allata
647 5578 701 5620 et
753 5567 1064 5622 narratione
1115 5569 1347 5633 quadam
1399 5582 1465 5619 ex
1511 5567 1608 5618 hac
1655 5565 1998 5632 Philostorgii

440 5634 692 5698 historia;
721 5651 1041 5704 rursumque
1071 5637 1122 5690 in
1150 5636 1416 5706 Phlegone
1435 5634 1739 5702 Tralliano;
1766 5633 1994 5704 Niccpli.

2110 5077 2320 5133 Callist.
2361 5078 2456 5133 lib.
2500 5093 2539 5142 ι,
2574 5093 2624 5131 c.
2661 5076 2804 5141 init.,
2837 5077 2946 5131 Deo
2985 5077 3211 5132 invisum
3250 5071 3520 5142 nominat,
3546 5071 3696 5120 reci-

2114 5157 2405 5272 tatquggelx
2457 5140 2649 5202 eodem
2699 5140 3078 5203 de’Eunomio
3119 5143 3364 5215 quazdam
3414 5140 3552 5194 libro
3588 5151 3691 5202 xu,

2114 5232 2230 5272 (an.
2266 5257 2294 5270 ι.
2382 5233 2458 5272 ιη.

2111 5232 2230 5284 cap.
2261 5219 2332 5272 9.9
2364 5219 2458 5272 lin.

2187 5279 2300 5356 (59)
2343 5287 2416 5340 De
2466 5302 2572 5354 quo
2619 5287 2849 5356 plurima
2899 5287 3038 5340 scitu
3084 5285 3390 5356 digna__non
3429 5293 3535 5334 uno
3568 5279 3694 5336 loco

2115 5352 2318 5426 scripta
2334 5352 2569 5428 irreliqnit
2597 5352 2882 5424 Nicephor.
2913 5357 3123 5428 Callist,
3155 5357 3206 5407 in
3237 5352 3441 5428 Hister.
3578 5418 3590 5428 ν

2188 5425 2298 5495 (60)
2332 5427 2456 5490 Ejus
2510 5428 2608 5480 hac
2661 5428 2728 5480 de
2774 5443 2832 5482 re
2888 5429 2952 5480 ad
3007 5425 3443 5495 Aetiumipsum
3487 5425 3692 5495 scripta

2113 5491 2340 5564 epistola
2372 5496 2534 5549 hodie
2564 5507 2763 5559 exstat,
2793 5512 2914 5549 cum
2949 5497 3161 5550 caeteris
3202 5492 3444 5564 ejusdem
3492 5491 3689 5561 imper.

2111 5567 2297 5624 Graece
2323 5577 2378 5622 et
2406 5565 2599 5622 Latine
2629 5567 2772 5623 edita
2801 5565 3048 5621 Parisiis.
