3980 6234
212 348 276 428 73
1354 363 1882 423 BlBLlOTHECA.
1924 388 1980 399 -—
2014 360 2178 424 con.
2214 361 2363 422 XLI.
3114 438 3117 447 ι
3404 350 3475 417 7t

212 478 269 530 δὲ
288 477 378 529 καὶ
414 476 519 546 βίῳ
576 476 837 530 Εὐσέϐιον
874 476 968 528 τὸν
997 474 1337 547 Νικομηδίας
1356 514 1371 535 ,
1406 475 1465 527 δν
1495 475 1588 529 καὶ
1611 474 1802 540 Μέγαν

1911 470 1979 525 tia
2012 470 2197 526 laudat
2238 470 2528 526 Eusebium
2580 468 2910 526 Nicomediae
2949 467 3262 538 episcopum
3293 466 3475 539 (quem

219 568 498 633 ἀποκαλεῖ,
536 569 634 621 καὶ
666 568 927 637 Θεόφιλον
958 568 1052 621 τὸν
1084 567 1245 621 Ἰνδὸν
1275 568 1369 619 καὶ
1390 566 1584 629 ἄλλους
1613 564 1797 617 πλείο-

219 679 331 724 νας.
368 662 690 730 Κατηγορεί
715 660 772 712 δὲ
813 660 1070 713 Ἀκακίου
1125 659 1383 729 μάλιστα,
1440 657 1533 711 τοῦ
1584 659 1796 711 Καισα-

218 756 364 825 ρείας
400 752 503 822 τῆς
530 752 673 805 κατὰ
699 750 1066 821 Παλαιστίνην
1099 753 1594 821 ὲπισκοπήσαντος,
1628 750 1797 803 δεινό-

217 848 352 918 τητά
399 865 458 899 τε
488 845 901 915 ἀνυπέρϐλητον
954 847 1050 898 καὶ
1107 845 1484 914 πανουργίαν¹
1546 843 1785 913 ἄμαχον,

222 940 336 1011 μεθ’
363 932 439 991 ὧν
459 938 555 991 καὶ
584 940 799 992 πάντων
824 939 958 1008 φησὶ
982 938 1311 1008 κατισχῦσαι
1341 937 1447 990 τῶν
1473 954 1531 989 τε
1551 937 1794 1008 ὁμοφρο-

218 1034 323 1085 νεῖν
364 1030 689 1094 δοκούντων,
749 1030 829 1091 είς
885 1029 1088 1099 ἔχθραν
1126 1030 1184 1082 δέ
1216 1046 1341 1083 τινα
1380 1028 1792 1092 καταστάντων,

218 1123 441 1177 καὶτῶν
470 1121 733 1175 τάναντία
766 1120 1208 1191 θρησκευόντων.

210 1369 223 1378 .
288 1302 394 1357 Καὶ
438 1300 617 1354 ταῦτα
671 1299 773 1369 μέν
805 1316 895 1369 μοι
919 1299 1021 1367 ἠδη
1044 1298 1375 1366 ἀνέγνωστο,
1413 1300 1531 1368 μετ’
1559 1300 1620 1352 οὐ
1658 1298 1795 1351 πολὺ

224 1396 274 1447 δὲ
306 1395 360 1446 ὲν
398 1392 544 1462 ἄλλῳ
592 1392 784 1462 βιδλίῳ
838 1392 932 1445 καὶ
985 1391 1164 1461 ἕτεροι
1205 1391 1373 1444 αὐτοῦ
1421 1391 1570 1459 λόγοι
1601 1390 1681 1456 ἓξ,
1721 1392 1796 1455 ὡς

222 1485 673 1556 συμπληροῦσθαι
728 1483 895 1538 αὐτοῦ
926 1483 1023 1554 τὴν
1067 1482 1369 1553 σύμπασαν
1404 1484 1796 1554 πραγματείαν

219 1581 277 1630 ὲν
302 1578 483 1643 λόγοις
534 1576 602 1646 ιβ’
632 1594 645 1609 ·
683 1569 762 1630 ὧν
786 1576 843 1629 al
874 1574 1126 1645 ἀπαρχαὶ
1182 1574 1565 1644 συντιθέμεναι
1592 1575 1654 1628 τὸ
1702 1573 1797 1627 τοῦ

222 1670 667 1739 συγγεγραφότος
711 1667 1071 1738 άπαρτίζουσι
1130 1667 1517 1737 Φιλοστοργίου
1593 1667 1791 1735 ὄνομα.

220 1764 444 1815 Κάτεισι
464 1763 521 1814 δὲ
553 1760 716 1831 μέχρι
768 1761 877 1813 τῶν
930 1758 1213 1812 Θεοδοσίου
1257 1760 1352 1813 τοῦ
1381 1759 1522 1812 Νέου
1567 1760 1793 1829 χρόνων,

1898 567 2065 620 etiam
2119 564 2373 632 Magnum
2427 563 2693 634 nominat)
2747 572 2804 618 et
2862 561 3215 633 TheOphilum
3263 561 3476 624 ludum,

1901 658 2148 727 aliosque
2180 658 2508 726 complures.
2542 656 2908 728 Reprehendit
2938 656 3003 710 ad
3044 655 3158 710 haec
3197 655 3380 710 Acacii
3422 655 3477 708 in

1897 750 2089 819 primis
2144 750 2412 805 Cazsarete
2472 751 2777 806 Palaestinae
2833 749 3069 818 episcopi
3132 748 3477 803 severitatem

1904 843 2323 911 intolerandam,
2363 854 2419 898 et
2459 844 2931 915 inexpugnabilem
2974 843 3267 897 versutiam
3303 856 3317 895 :
3356 843 3479 908 qui-

1899 934 2003 991 bus
2032 938 2242 991 artibus
2286 937 2363 991 ait
2408 952 2531 991 eum
2565 939 2820 991 omnibus
2851 935 3216 1004 praevaluisse,
3254 946 3359 988 tam
3386 933 3478 1002 qui
3554 936 3557 945 '

1897 1041 2019 1081 cum
2075 1028 2166 1081 illo
2220 1028 2507 1091 sentirent,
2558 1028 2686 1083 licet
2738 1036 2930 1082 mutuo
2989 1027 3279 1097 ﬂagrarent
3328 1026 3477 1086 odio,

1898 1136 2059 1188 quam
2103 1121 2197 1189 qui
2244 1120 2574 1175 contrariam
2620 1122 2686 1176 de
2732 1121 2995 1191 religione
3033 1120 3363 1177 sententiam
3394 1135 3481 1177 se—

1899 1222 2219 1280 querentur.

1969 1303 2037 1357 Et
2089 1302 2205 1359 haec
2237 1302 2455 1371 quidem
2503 1303 2556 1356 in
2608 1316 2850 1371 praesens
2895 1302 3145 1374 legimus.
3201 1302 3329 1359 Post
3375 1319 3481 1358 non

1899 1397 1991 1450 diu
2025 1396 2079 1450 in
2108 1397 2217 1452 alio
2249 1397 2526 1452 volumine
2570 1412 2666 1452 sex
2705 1397 2896 1464 reliqui
2942 1398 3160 1466 reperti,
3191 1406 3249 1449 ut
3292 1397 3484 1467 imple-

1898 1491 2041 1543 visse
2091 1500 2263 1545 totum
2316 1505 2452 1560 Opus
2499 1491 2781 1545 duodecim
2832 1490 2985 1544 libris
3025 1490 3316 1543 videatur:
3348 1504 3485 1560 quo-

1899 1597 2018 1637 rum
2050 1582 2163 1654 (6|)
2195 1582 2455 1638 librorum
2507 1584 2782 1652 principes
2826 1584 3020 1637 litterae
3061 1583 3106 1637 si
3156 1592 3485 1637 conuectan-

1902 1683 2008 1739 tur,
2045 1675 2327 1744 scriptoris
2371 1674 2721 1744 Philostorgii
2770 1689 2963 1728 nomen
3006 1673 3322 1729 conﬁciunt.
3358 1673 3488 1727 Per-

1899 1767 2046 1821 venit
2078 1769 2146 1821 ad
2177 1766 2465 1821 Theodosii
2501 1781 2672 1834 usque
2701 1764 2925 1820 Minoris
2957 1778 3197 1834 tempora
3229 1785 3243 1820 :
3278 1781 3339 1820 ac
3375 1776 3484 1819 tum

221 1854 338 1909 κατ’
384 1824 594 1907 ἐκεῖνον
748 1853 940 1922 χρόνον
990 1852 1299 1921 παυόμενος
1329 1852 1452 1905 καθ’
1480 1852 1539 1904 ὃν
1566 1824 1801 1905 δὺαλενέ-

1911 1859 2130 1924 desinit,
2167 1876 2288 1913 cum
2322 1871 2538 1914 mortuo
2572 1824 2833 1924 llonorio,
2864 1824 3202 1913 Theodosius
3232 1858 3345 1931 (62)
3380 1858 3487 1912 llo-

220 1945 439 2015 τινιανῷ
465 1944 546 2013 τῷ
578 1944 727 2014 Νέῳ,
763 1943 843 2015 τῷ
886 1942 1180 2004 Πλακιδίας
1225 1942 1320 1993 καὶ
1349 1942 1758 1995 Κωνσταντίνου
1780 1942 1802 1973 ³

220 2038 340 2109 νεῷ,
386 2037 650 2106 Ὀνωρίου
679 2035 1106 2105 τελευτήσαντος
1132 2032 1414 2097 Θεοδόσιος
1440 2034 1509 2087 τὰ
1527 2034 1629 2104 τῆς
1670 2030 1803 2086 Ῥῶ·-

226 2149 327 2202 μης
357 2129 622 2201 σκῆπτρα
652 2128 730 2198 τῷ
759 2126 1029 2198 ἀδελφιδῷ
1058 2127 1412 2198 ἐνεχείρισεν.

290 2214 460 2281 Οὗτος
490 2218 549 2271 δὲ
580 2220 610 2271 ὁ
640 2217 1044 2288 Φιλοστόργιος,
1098 2215 1276 2270 καίτοι
1328 2213 1471 2268 κατὰ
1508 2213 1619 2267 τῶν
1649 2213 1804 2286 6900-

220 2308 385 2375 δόξων
435 2292 676 2372 λυσσῶν,
713 2309 1019 2381 Γρηγορίου
1078 2308 1177 2378 μὲν
1220 2306 1316 2361 τοῦ
1340 2307 1605 2375 Θεολόγου
1669 2306 1802 2360 καθ·

220 2402 459 2471 άᾷασθαι
489 2401 592 2455 οὐκ
645 2402 965 2472 ἐτόλμησεν,
1017 2400 1154 2454 ἀλλὰ
1180 2402 1275 2454 καὶ
1302 2400 1402 2471 τὴν
1431 2400 1677 2454 παιδείαν
1705 2399 1805 2452 καὶ

221 2497 367 2547 ἄκων
392 2493 765 2563 συνομολογεῖ,
791 2492 1073 2546 Βασιλείου
1097 2493 1154 2545 δὲ
1185 2492 1277 2546 τοῦ
1306 2492 1559 2561 Μεγάλου
1580 2491 1800 2560 ὲπεχείυ

224 2604 384 2657 ρησεν
434 2582 637 2654 team
694 2584 907 2655 μῶμον,
962 2584 1028 2637 δι’
1065 2578 1126 2639 οὗ
1171 2583 1555 2655 λαμπρότερον
1612 2580 1802 2646 ἔδειξε.

224 2677 333 2749 Τὴν
392 2678 493 2747 μὲν
540 2677 650 2746 γὰρ
676 2678 829 2747 ἰσχὺν
879 2676 975 2729 καὶ
1000 2676 1062 2729 τὸ
1092 2676 1286 2740 κάλλος
1316 2676 1416 2744 τῆς
1438 2677 1496 2727 ὲν
1518 2677 1639 2737 ταῖς
1671 2691 1805 2726 παν-

223 2768 487 2839 ηγύρεσιν
540 2767 764 2837 ὁμιλίας
797 2767 888 2821 ὑπ’
924 2767 1095 2836 αὐτῆς
1149 2768 1250 2837 τῆς
1311 2767 1421 2819 τῶν
1458 2766 1806 2836 πραγμάτων

226 2859 515 2930 ἐναργείας
557 2857 789 2929 ἐϐιάσθη
823 2858 1293 2929 συμφθέγξασθαι,
1342 2857 1549 2929 θρασὺν
1567 2857 1623 2910 δὲ
1644 2857 1807 2909 αὐτὸν

222 2954 253 3002 ὁ
274 2952 507 3014 δείλαιος
538 2950 806 3005 ἀποκαλεῖ
830 2952 926 3005 ml
961 2950 1318 3019 ἀντιλογικῶν
1346 2951 1524 3018 λόγων
1555 2948 1803 3019 ἄπειρον,

223 3047 325 3109 δτι,
373 3045 563 3114 φησὶν,
590 3042 973 3116 ἀπετόλμησεν
1018 3043 1284 3113 Εὑνομίου
1315 3044 1436 3107 ταῖς
1460 3043 1806 3112 συγγραφαῖς

225 3136 638 3202 ἀντιτάξασθαι.

932 3226 1068 3282 MA'.

457 3322 750 3377 Ἰωάννου
776 3318 1286 3388 Ἐκκλησιιιστικὴ
1321 3319 1573 3387 ἱστορία.

281 3482 371 3555 [28
385 3480 482 3554 ἢ]
500 3477 841 3547 ’Δνεγνώσθη
867 3476 1110 3530 Ἰωάννου
1128 3472 1643 3541 Ἐκκλησιαστικὴ
1657 3475 1809 3528 ιστο-

219 3576 620 3644 ρία.’Δρχεται
646 3571 757 3625 ἀπὸ
783 3571 883 3639 τῆς
903 3568 1184 3621 Θεοδοσίου
1213 3566 1308 3621 τοῦ
1331 3567 1475 3619 Νέου
1505 3566 1807 3637 βασιλείας,

227 3669 316 3720 ἀπ’
344 3665 523 3735 αὐτῆς
569 3681 672 3717 που
718 3662 816 3731 τῆς
850 3660 1146 3731 Νεστορίου
1174 3658 1525 3730 βλασφημίας
1555 3661 1651 3712 καὶ
1679 3660 1812 3713 καθ-

225 3759 517 3830 αιρέσεως,
546 3758 642 3809 καὶ
688 3756 901 3809 κάτεισι
951 3754 1114 3824 μέχρι
1147 3754 1394 3822 Ζήνωνος
1422 3753 1517 3806 καὶ
1548 3752 1649 3822 τῆς
1677 3752 1813 3807 καθ-

223 3852 490 3922 αιρέσεως
538 3849 746 3917 Πέτρου
790 3846 886 3899 τοῦ
932 3844 1229 3915 αἱρετικοῦ,
1254 3844 1313 3907 ὃς
1356 3843 1449 3899 τὸν
1483 3845 1813 3916 Ἀντιοχικὸν

225 3944 523 4012 ὑφήρπασε
555 3937 929 4009 θρόνον.Ἔστι
956 3937 1011 3990 δὲ
1038 3929 1192 3999 οὗτος
1232 3936 1333 4005 τὴν
1384 3935 1585 4007 φράσιν
1635 3940 1811 4009 σαφὴς

224 4034 320 4087 καὶ
346 4032 611 4103 ἀνθηρός.
661 4029 753 4102 [12
780 4028 871 4101 Η.]
908 4028 1195 4099 Διέρχεται
1242 4027 1299 4081 δὲ
1334 4028 1432 4100 τὴν
1465 4028 1658 4100 τρίτην
1688 4029 1812 4084 σύν-

223 4126 339 4178 οδον
364 4126 467 4196 τὴν
499 4126 557 4177 ὲν
592 4122 802 4191 Ἐφέσῳ
827 4118 1203 4189 λεπομερῶς.
1234 4118 1395 4172 Ἀλλὰ
1420 4120 1515 4172 καὶ
1544 4121 1643 4190 τὴν
1674 4120 1815 4190 μετὰ

1906 1954 2048 2006 mani
2090 1953 2299 2022 imperii
2337 1962 2549 2019 sceptra
2580 1951 2957 2007 Valentiniano
2988 1951 3205 2014 Minori,
3238 1951 3488 2007 Placidia;

1902 2054 1959 2099 et
1982 2044 2331 2100 Constantini
2368 2044 2483 2115 (63)
2518 2044 2648 2108 lilio,
2681 2045 2909 2113 patrueli
2942 2060 3041 2098 suo
3080 2044 3321 2098 tradidit.

1974 2220 2335 2288 Quantumvis
2390 2230 2569 2275 autem
2618 2220 3014 2289 Philostorgius
3051 2220 3139 2275 hic
3188 2224 3243 2275 in
3295 2220 3487 2276 orthoo

1905 2311 2075 2367 doxos
2120 2312 2342 2377 fureret,
2377 2312 2430 2366 in
2460 2313 2781 2381 Gregorium
2834 2312 2948 2382 (64)
2997 2323 3199 2376 tamen,
3227 2312 3488 2383 Theologi

1903 2412 2284 2471 cognomento,
2318 2402 2597 2456 incurrere
2637 2417 2739 2456 non
2771 2413 2853 2456 est
2881 2419 3067 2468 ausus,
3103 2404 3257 2471 cujus
3282 2405 3486 2458 doctri-

1910 2505 2034 2546 nam
2081 2491 2166 2546 vel
2199 2490 2402 2545 invitus
2453 2491 2710 2561 prardicat
2740 2508 2753 2545 :
2785 2493 2880 2547 sed
2924 2492 3125 2548 Basilio
3172 2492 3366 2562 Magno
3398 2510 3491 2548 ca-

1907 2583 2166 2638 lumniam
2221 2592 2404 2636 texere
2451 2590 2680 2635 conatus
2724 2591 2842 2647 est;
2893 2596 2997 2651 qua
3049 2592 3230 2637 tamen
3280 2583 3488 2637 clarum

1908 2674 2079 2745 magis
2112 2672 2369 2727 reddidit.
2399 2670 2520 2726 Vim
2549 2672 2695 2726 enim
2725 2681 2780 2726 et
2820 2682 3156 2728 venustatem
3200 2674 3393 2743 agendi
3436 2676 3489 2727 in

1906 2762 2258 2834 Panegyricis
2291 2761 2405 2826 ipsa
2441 2774 2621 2814 rerum
2668 2761 2939 2815 evidentia
2976 2772 3201 2818 coactus
3237 2773 3321 2819 est
3355 2779 3493 2819 con-

1908 2855 2101 2911 ﬁteri:
2145 2863 2385 2908 attamen
2439 2853 2790 2907 temerarium
2846 2854 3018 2922 ipsum
3068 2854 3231 2909 homo
3273 2854 3495 2909 timidus

1907 2948 2180 3019 appellare
2232 2962 2338 3003 non
2387 2955 2625 3011 veretur,
2663 2945 2805 3014 quod
2854 2947 3321 3001 contentiosarum
3369 2960 3496 3001 ora-

1910 3041 2121 3115 tionum
2151 3039 2318 3102 rudis,
2354 3049 2412 3091 ut
2442 3038 2544 3105 ait,
2578 3037 2903 3093 Eunomium
2934 3038 3153 3107 scriptis
3182 3051 3495 3108 oppugnare

1907 3134 1981 3187 sit
2014 3147 2199 3185 ausus.

2619 3220 2758 3275 XLI.

2004 3314 2094 3385 9a
2130 3313 2358 3368 Joannis
2412 3313 2711 3385 Presbyteri
2743 3312 2987 3385 ﬂigeate
3040 3311 3426 3367 Ecciesiastica:

2466 3384 2702 3436 historia:
2734 3382 2857 3435 libri
2888 3395 2921 3435 v

1981 3476 2143 3532 Lecta
2190 3485 2274 3531 est
2321 3475 2547 3530 Joannis
2596 3474 2969 3527 Ecclesiastica
3007 3472 3247 3528 Historia
3279 3489 3299 3527 .'
3332 3490 3494 3545 quam

1912 3582 1941 3622 a
1977 3566 2270 3623 Theodosii
2318 3565 2545 3620 Minoris
2595 3565 2823 3635 imperio
2867 3566 3163 3631 inchoavit,
3216 3577 3380 3634 atque
3430 3568 3500 3621 ah

1912 3661 2027 3731 ipsa
2074 3660 2309 3715 Nestorii
2360 3659 2720 3728 blasphemia,
2751 3670 2805 3714 et
2839 3674 2869 3713 e
2912 3662 3038 3715 sede
3072 3662 3444 3717 deturbatioue
3476 3667 3495 3706 ε

1912 3755 2280 3823 perduxitque
2337 3753 2403 3806 ad
2464 3750 2735 3807 Zenonem
2792 3768 2964 3823 usque
3020 3764 3074 3808 et
3132 3753 3276 3808 Petri
3328 3754 3500 3808 hatre-

1914 3845 2007 3899 tici
2042 3845 2175 3915 (65),
2210 3844 2300 3914 qui
2346 3844 2745 3900 Antiochenam
2786 3848 2968 3899 sedem
3006 3861 3100 3914 per
3149 3845 3300 3900 nefas
3336 3862 3502 3902 occu-

1911 3946 2069 4005 parat
2121 3935 2542 4004 depositionem.
2600 3936 2773 4006 llujus
2826 3937 3005 3992 clarus
3055 3947 3139 3991 est
3182 3946 3236 3992 et
3278 3936 3498 3993 ﬂoridus

1911 4027 2110 4097 stylus.
2166 4025 2355 4081 Refert
2403 4042 2564 4093 vero,
2615 4028 2825 4099 singula
2875 4028 3229 4093 excutiendo,
3285 4030 3497 4083 tertiam

1913 4123 2206 4194 synodum,
2234 4138 2354 4191 quae
2378 4124 2431 4177 in
2470 4124 2681 4189 Epheso
2715 4130 2797 4175 est
2842 4122 3022 4175 habita
3055 4141 3067 4176 :
3096 4122 3223 4192 quin
3265 4132 3321 4176 et
3364 4121 3499 4176 alte-

222 4216 434 4286 ταύτην
474 4218 534 4267 ἐν
559 4216 696 4284 αὐτῇ
731 4211 1247 4281 συναγελασθεῖσαν,
1276 4210 1375 4282 τὴν
1397 4210 1701 4283 λῃστρικὴν
1729 4211 1802 4265 λέ-

1914 4230 2029 4270 ram
2064 4215 2260 4268 ibidem
2295 4226 2562 4279 coactam,
2589 4211 2856 4283 ληστικην
2884 4211 2961 4283 [id
2989 4223 3094 4278 est,
3123 4214 3499 4280 prwdatoriam

224 4324 333 4377 γω·
378 4310 447 4378 ἦν
477 4302 634 4369 οὗτος
664 4303 872 4369 θειάζει
893 4345 908 4369 ,
939 4304 1034 4356 καὶ
1065 4303 1156 4355 τὸν
1192 4303 1395 4373 ταύτης
1428 4305 1670 4374 ἡγεμόνα
1696 4304 1802 4356 Διό-

1916 4324 1979 4361 ac
2038 4304 2472 4378 latrocinantem]
2521 4305 2866 4375 appellatam,
2915 4321 3075 4374 quam
3129 4306 3217 4360 hic
3269 4306 3502 4374 scriptor

227 4417 426 4471 σκορον
454 4397 707 4459 καὶτοὺς
751 4397 850 4448 σὺν
898 4395 1066 4465 αὐτῷ.
1115 4394 1347 4461 Διέξεισι
1382 4395 1567 4448 δὲκαὶ
1612 4397 1713 4466 τὴν
1758 4398 1802 4449 ἐι

1919 4400 2161 4453 divinam
2189 4399 2337 4466 facit,
2375 4410 2433 4453 ut
2455 4410 2510 4454 et
2542 4400 2656 4467 ejus
2698 4399 2981 4469 praesidem
3010 4400 3324 4453 Dioscorum
3374 4413 3499 4453 cum

227 4490 577 4560 Καλχηδόνι⁸
627 4488 866 4553 σύνοδον,
902 4486 1170 4556 διασύρων
1216 4485 1547 4555 ταύτην.Ἐξ
1583 4482 1657 4540 ὧν
1702 4487 1802 4540 ἔστι

1922 4489 2166 4543 asseclis.
2233 4488 2431 4543 Narrat
2491 4491 2619 4544 item
2682 4489 3128 4544 Chalcedonense
3185 4488 3497 4551 concilium,

231 4583 530 4652 συμϐαλεῖν
560 4579 815 4648 Ἰωάννην
845 4574 983 4631 εἶναι
1006 4579 1099 4631 τὸν
1123 4578 1338 4649 πατέρα
1366 4578 1458 4631 τοῦ
1490 4579 1694 4649 βιῦλίου
1725 4580 1802 4633 ea

1924 4582 2019 4636 sed
2051 4596 2156 4634 non
2199 4582 2316 4635 sine
2354 4582 2587 4651 probris,
2620 4592 2781 4650 atque
2810 4581 3120 4635 calumniis.
3160 4579 3316 4634 Unde
3342 4578 3500 4633 colli-

230 4674 605 4746 πρεσϐύτερον
629 4672 722 4724 τὸν
745 4669 1036 4742 Αἰγεάτην,
1060 4670 1117 4734 ὃς
1151 4672 1244 4724 καὶ
1278 4670 1421 4733 ἰδίως
1446 4672 1519 4731 ὡς
1542 4672 1802 4740 αίρετικδς

1924 4688 2051 4744 gere
2106 4672 2265 4729 liceat
2314 4673 2576 4728 Joannem
2625 4675 3000 4744 presbyterum
3046 4670 3328 4738 [Egeatem
3375 4670 3498 4726 libri

230 4768 372 4819 κατὰ
402 4767 503 4835 τῆς
552 4767 612 4817 ὲν
666 4760 974 4832 Καλχηδόνι
1023 4760 1241 4813 συνόδου
1277 4760 1481 4829 βιϐλίον
1536 4760 1802 4827 συνέταξε.

1923 4774 2202 4819 auctorem
2246 4778 2390 4828 esse,
2441 4764 2555 4832 qui,
2595 4766 2671 4816 uti
2710 4765 3015 4830 haereticus
3059 4762 3192 4834 (66),
3232 4762 3501 4833 peculiare

228 4855 341 4925 Τῆς
366 4855 636 4927 μέντοιγε
672 4852 912 4925 ἱστορίας
939 4849 1104 4905 αὐτοῦ
1130 4849 1261 4904 δέκα
1279 4851 1605 4920 τυγχάνουσι
1634 4852 1802 4921 τόμοι.

1924 4858 2185 4911 adversus
2207 4854 2710 4910 Clialccdoneusem
2730 4856 2997 4927 synodum
3021 4872 3156 4928 Opus
3176 4855 3497 4925 composuit.

1542 4960 1779 5018 VARIE
1805 4964 2210 5024 LECTIONES.

302 5064 322 5091 ’
343 5058 689 5130 κακουργίαν
724 5076 786 5125 ς.
862 5057 884 5089 ⁸
914 5053 1294 5110 Κωνσταντίου
1325 5052 1606 5109 Schottus.
1665 5055 1688 5087 "
1723 5059 2030 5130 Χαλκηδόνι
2057 5080 2116 5127 ς.
2161 5062 2241 5117 sic
2263 5073 2319 5117 et
2354 5060 2514 5117 infra.

1789 5148 2021 5207 ΝΟΤΔΞ.

307 5243 556 5327 (ϐυ-Ῥεῖ
579 5241 957 5327 ἀκρᾳσξξχίδᾳτ
983 5239 1457 5327 αξηῐξξξιιξεῖυει-ιξξι
1499 5254 1821 5327 ᾖξειηῑηξεηιρ
1924 5251 2280 5327 ξὴίίρειοτεῆ
2322 5251 3031 5327 Ιιιιίιιε-ἀποσπασμμάτιον
3072 5256 3214 5327 apud
3258 5254 3411 5327 Suid.
3442 5255 3497 5308 in

235 5308 734 5397 mlutlidiarumr'pt
766 5308 1238 5397 Ιᾞὸθρίξύὶίιυὶξιί
1275 5308 1463 5376 XVIII.
1498 5308 1643 5367 Ηῖδι.
1674 5315 1821 5383 libri,
1925 5323 2127 5397 Basilio
2154 5308 2282 5393 quid
2311 5324 2376 5377 ad
2394 5308 2624 5377 'verbum
2661 5308 2901 5391 reperies
2932 5308 3215 5393 repetitum
3256 5326 3307 5378 in
3338 5308 3498 5397 Apol-

238 5390 531 5453 capitaque
561 5383 753 5437 Ethice
784 5381 968 5453 Basilii
1000 5380 1206 5437 Maced.
1262 5451 1273 5453 _
1310 5451 1321 5453 4
1400 5450 1417 5453 _
1804 5380 1813 5383 ’
1922 5395 2140 5450 unm-io.

311 5450 929 5547 (ﬁglﬂLe‘geHOIympiod.
952 5452 1049 5506 iul.
1073 5454 1195 5508 cod.
1215 5451 1284 5508 80
1308 5451 1361 5507 iu
1390 5450 1498 5507 ﬁne
1518 5463 1572 5508 et
1592 5452 1815 5526 Niceph.
1927 5536 1938 5543 _
1995 5464 2109 5547 (0:5)
2149 5463 2249 5530 Qui
2278 5472 2331 5547 et
2360 5461 2663 5547 Επαηζιςω,
2688 5477 2782 5547 seu
2814 5460 2974 5547 Fui/0
3003 5464 3231 5547 dictus_:
3267 5465 3504 5547 itemque

238 5523 492 5605 “bl-‘3‘”).
518 5523 568 5577 (ἑ-
907 5594 918 5605 _
944 5592 956 5604 .
997 5600 1009 5605 _
1084 5592 1096 5605 .
1428 5600 1437 5605 Δ
1920 5523 2663 5605 impius,wapuddCanElidum
2724 5534 3065 5605 historicum,
3118 5535 3216 5591 iul'.
3268 5551 3319 5603 ι).
3375 5523 3500 5596 1115.

308 5595 421 5666 (63)
452 5594 755 5675 ϐοηεερηιὶί
789 5606 856 5646 ex
907 5594 1288 5675 historicorum
1344 5600 1662 5675 ceterorum
1714 5596 1819 5675 rude
1925 5594 2174 5658 diversus
2219 5594 2287 5675 'ab
2333 5603 2425 5657 illo
2474 5602 2667 5675 Moltgo
2716 5594 3101 5675 Alexandrina:
3124 5594 3335 5661 accitis.
3379 5594 3503 5675 per;

234 5662 417 5745 leges.
467 5664 832 5743 eumdemque
884 5677 1126 5717 errorem
1192 5663 1358 5718 etiam
1416 5662 1544 5717 alibi
1603 5665 1657 5718 in
1719 5667 1821 5721 hoc
1927 5676 2225 5745 turbatore,
2251 5674 2318 5727 de
2342 5673 2539 5745 quoad
2570 5662 2825 5745 sEq._}_tid.
2853 5670 3080 5743 Niceph.

238 5736 723 5815 Ριιξλιξρςοττίεεβο
784 5802 837 5815 ,,
1000 5813 1009 5815 _
1084 5802 1099 5815 _
1358 5806 1370 5815 _
1460 5805 1482 5815 _
1591 5804 1622 5815 __
1762 5804 1775 5815 ,
1998 5736 2220 5815 (66)οο
2247 5736 2762 5813 (ιυο“ἱιιί.εοι1;“5ὕ.

309 5805 421 5875 164)
453 5804 600 5871 Lege
655 5806 723 5855 de
784 5802 908 5867 his,
962 5813 1017 5855 ct
1073 5802 1410 5873 Apollinario
1460 5804 1815 5873 Laodicensi,

485 5897 761 5958 Punon.
794 5896 913 5958 Gn.
945 5894 1109 5959 Clll.
3154 5896 3194 5956 3
