3980 6234
467 345 539 409 75
1632 341 1897 402 PHUTII
1936 341 2037 402 PA'

2147 340 2442 400 [ARCHZE
2481 340 2592 401 (ΣΡ.
3652 326 3726 390 ’16

466 457 636 526 llujns
677 456 921 514 historiae.
965 454 1088 511 libri
1133 457 1319 511 decem
1353 468 1498 522 sunt,
1528 463 1588 510 ut
1619 455 1709 510 ille
1745 457 1856 525 ipse
1887 456 2037 526 polli-

2147 456 2214 519 ὡς
2246 457 2341 507 καὶ
2373 452 2538 523 αὐτὸς
2587 451 2795 511 ἐκεῖνος
2841 436 3371 516 ἐπαγγέλλεται.Ὦν
3416 439 3548 511 ἡμῖν
3601 437 3732 494 τοὺς

465 561 642 616 cetur,
677 563 905 619 quorum
952 549 1193 619 quinque
1235 548 1496 602 duntaxat
1538 547 1718 618 legere
1739 547 1870 602 mihi
1904 562 2036 601 con-

464 639 604 709 tigit,
647 638 929 693 historiam
974 636 1317 692 continentes
1362 637 1443 704 (ut
1471 633 1584 705 jam
1619 634 1753 705 dixi)
1780 649 1810 689 a
1841 633 2040 690 Nesto-

462 731 528 784 rii
558 729 912 799 blasphemia,
940 743 1108 797 usque
1149 729 1214 782 ad
1248 726 1391 782 Petri
1436 727 1673 782 haeretici
1707 742 1739 782 e
1779 727 1912 782 sede
1945 729 2033 781 de-

459 823 771 893 jectionem.

1161 907 1320 963 XLII.

565 997 758 1054 Basilii
789 998 972 1054 Cilicis
1005 997 1394 1055 Ecclesiasticw
1425 1000 1659 1054 Itistoriw
1685 999 1808 1053 libri
1845 1013 1929 1054 Ill.

537 1091 702 1148 Lecta
725 1103 810 1147 est
829 1092 1015 1146 Basilii
1039 1091 1226 1146 Cilicis
1249 1093 1489 1148 Historia
1517 1093 1868 1148 ecclesiastica
1895 1094 2032 1164 (67).

463 1181 657 1249 Incipit
693 1180 761 1233 ab
801 1180 1019 1233 interitu
1059 1181 1320 1250 Simplicii
1364 1185 1514 1238 urbis
1544 1184 1730 1237 Romae
1773 1185 2036 1254 episcOpi,

461 1270 554 1340 qui
621 1273 688 1324 ad
745 1271 1004 1325 Acacium
1079 1271 1741 1344 Constantinopolitanum
1817 1277 2037 1347 scripsit

461 1377 530 1418 ne
580 1379 702 1418 cum
752 1364 915 1420 Petro
967 1367 1059 1435 qui
1117 1365 1342 1438 Mnngus
1394 1374 1807 1440 cognominatus
1849 1379 1954 1436 est,
1985 1381 2040 1425 et

460 1465 588 1512 tunc
652 1457 1038 1512 Alexandriam
1102 1462 1520 1531 corrumpebat,
1584 1463 2035 1519 communicaret.

464 1547 565 1604 Hic
610 1549 755 1604 enim
794 1549 984 1604 Petrus
1024 1559 1264 1606 sanctam
1296 1553 1636 1610 Chalcedone
1679 1555 1913 1610 habitam
1945 1571 2039 1626 sy-

459 1641 661 1694 nodum
693 1641 909 1710 publice
939 1650 1105 1711 atque
1141 1644 1194 1696 in
1233 1644 1473 1700 Ecclesia
1507 1648 1855 1704 anathemate
1885 1649 2057 1703 dani-'

459 1730 644 1785 nabat.
691 1732 796 1786 Per
836 1748 997 1800 quem
1048 1743 1102 1788 et
1143 1735 1375 1790 Aeacius
1416 1737 1586 1806 (recte
1625 1739 1844 1808 quidem
1882 1739 2038 1795 initio

2143 547 2306 600 πέντε
2339 546 2565 616 γέγονεν
2589 542 2933 610 ἀναγνῶναι,
2965 539 3322 610 περιέχοντας
3347 531 3452 604 (ὡς
3483 528 3729 601 ἔφημεν)

2143 633 2252 687 ἀπὸ
2277 633 2378 703 τῆς
2409 630 2707 702 Νεπορίου
2742 626 3091 698 βλασφημίας
3131 625 3297 697 μέχρι
3320 622 3419 694 τῆς
3445 619 3538 674 τοῦ
3571 620 3728 688 αἱρε-

2142 722 2296 776 τικοῦ
2345 724 2550 793 Πέτρου
2592 721 2990 792 καθαιρέσεως.

2859 900 2993 954 ΜΒ’.

2213 994 2541 1049 Βασίλειον
2572 993 2818 1056 Κίλικος
2845 989 3360 1059 Ἐκκλησιαστικὴ
3405 991 3656 1059 ἱστορία.

2219 1083 2564 1153 Ἀνεγνώσθη
2618 1081 2898 1134 Βασιλείου
2941 1079 3167 1143 Κίλικος
3219 1081 3730 1148 Ἐκκλησιαστικὴ

2145 1176 2402 1245 ἱστορία.
2433 1177 2697 1245 Ἀρχεται
2727 1174 2837 1227 ἀπὸ
2864 1173 2965 1245 τῆς
2987 1173 3242 1242 τελευτῆς
3280 1173 3605 1243 Σιμπλικίου
3636 1174 3730 1227 τοῦ

2161 1267 2406 1338 Ῥώμης,
2442 1267 2499 1330 ὃς
2531 1267 2668 1338 πρὸς
2703 1266 2958 1318 Ἀκάκιον
2985 1267 3077 1318 τὸν
3109 1267 3731 1330 Κωνσταντινουπόλεως

2143 1357 2383 1430 ἔγραψεν
2423 1359 2729 1428 ἀποστῆναι
2772 1358 2872 1426 τῆς
2921 1356 3057 1428 πρὸς
3106 1357 3310 1428 Πέτρον
3353 1358 3447 1410 τὸν
3481 1358 3732 1425 Ἀλεξάν-

2141 1449 2360 1519 δρειαν⁶
2392 1448 2790 1519 λυμαινόμενον
2821 1445 3126 1512 κοινωνίας,
3152 1440 3197 1514 ᾧ
3229 1447 3460 1520 ἐπίκλην
3482 1449 3728 1517 Μογγός·

2143 1536 2298 1604 οὗτος
2334 1541 2443 1612 γὰρ
2477 1542 2575 1610 τὴν
2606 1544 2666 1594 ὲν
2710 1540 3016 1612 Καλχηδόνι
3050 1540 3211 1609 ἁγίαν
3247 1540 3466 1596 σύνοδον
3499 1543 3736 1614 δημοσίᾳ

2146 1636 2241 1690 καὶ
2291 1637 2350 1688 ὲν
2383 1635 2685 1707 Ἐκκλησία
2721 1635 3101 1705 ἁνεθεμάτιζε.
3136 1635 3215 1688 Δι’
3242 1635 3300 1689 ὃν
3349 1635 3444 1689 καὶ
3474 1637 3732 1700 Ἀκάκιος

2144 1727 2325 1792 καλῶς
2378 1729 2643 1799 πρότερον
2695 1729 2816 1780 κατ’
2844 1726 3012 1780 αὑτοῦ
3059 1728 3440 1799 κεκινημένος,
3502 1727 3732 1800 ὕστερον

457 1831 648 1878 contra
703 1825 877 1892 ipsum
933 1832 1232 1896 permotus)
1285 1838 1434 1897 post,
1479 1831 1622 1899 quod
1677 1833 1744 1886 ah
1792 1832 1885 1887 illo
1932 1848 2036 1886 non

2147 1821 2242 1873 οὐκ
2270 1821 2756 1891 ἀποστρεφόμενος
2785 1820 3066 1891 αἱρετικοῦ
3108 1821 3269 1888 δόξαν
3315 1821 3469 1892 παρὰ
3515 1820 3732 1886 πολλοῖς

461 1915 806 1978 abhorreret,
840 1916 1078 1972 liaztelici
1131 1918 1440 1987 opinionem
1493 1921 1635 1990 apud
1686 1922 1886 1978 multos
1931 1938 2036 1976 non

456 2003 665 2076 ell‘ugit,
695 2021 723 2060 a
753 2004 1014 2062 Romanis
1047 2023 1177 2063 vero
1215 2010 1378 2063 etiam
1415 2014 1543 2066 sede
1575 2024 1750 2069 motus
1781 2023 1886 2078 est,
1921 2030 2041 2083 quae

457 2111 548 2151 res
580 2099 680 2152 sub
709 2096 925 2151 Zenone
974 2099 1169 2152 iterum
1223 2112 1485 2170 regnante
1533 2105 1735 2171 agitata
1767 2103 1898 2175 (68).
1929 2104 2042 2158 Au-

455 2189 898 2259 spicaturitaque
920 2190 988 2245 ab
1013 2192 1096 2245 his
1127 2193 1343 2260 quidem
1365 2197 1720 2264 temporibus,
1757 2196 2038 2266 pervenit-

455 2294 562 2348 que
590 2279 938 2335 adAnastasii
963 2283 1092 2352 imp.
1109 2297 1412 2349 excessum,
1431 2286 1521 2355 qui
1545 2296 1748 2356 septem
1773 2297 1827 2342 et
1850 2289 2036 2359 viginti

455 2386 647 2437 annos,
681 2387 1000 2443 mensesque
1026 2383 1218 2436 tres,ut
1258 2375 1346 2430 hic
1376 2377 1585 2443 scribit,
1615 2378 1900 2446 imperavit
1941 2395 2041 2434 cu-

447 2463 540 2534 jus
559 2465 840 2533 imperium
857 2466 1070 2535 excepit
1087 2464 1331 2522 Justinus
1348 2467 1553 2536 Thrax,
1567 2477 1621 2522 ut
1635 2469 1830 2524 ibidem
1853 2470 2037 2528 refert.

459 2557 654 2613 Verum
685 2560 756 2614 ibi
786 2559 901 2616 fere
932 2560 1020 2616 hic
1048 2560 1187 2616 liber
1215 2562 1534 2626 absolvitur,
1563 2577 1592 2616 a
1621 2561 1839 2618 Zenone
1868 2578 2039 2632 usque

454 2651 520 2705 ad
555 2650 834 2706 Anastasii
881 2653 1111 2719 exitum,
1144 2665 1199 2708 et
1237 2653 1434 2709 Justini
1483 2654 1799 2710 electionem
1839 2656 2040 2725 pertin-

454 2757 608 2810 gens.
664 2741 850 2796 Refert
895 2745 1027 2798 item
1090 2745 1224 2800 alios
1277 2747 1411 2802 duos
1466 2761 1496 2800 a
1551 2761 1610 2801 se
1657 2746 1823 2801 libros
1872 2746 2040 2800 fuisse

453 2838 824 2904 conscriptos.
857 2837 1090 2906 primum
1132 2846 1186 2892 et
1237 2838 1500 2892 tertium:
1533 2846 1587 2892 et
1627 2837 1776 2892 illum
1819 2839 2037 2908 quidem

453 2928 522 2980 ab
577 2928 807 2997 imperio
863 2927 1123 2982 Marciani
1182 2929 1347 2983 ducto
1401 2929 1590 2996 initio,
1647 2930 1713 2984 ad
1763 2929 2037 2985 Zenonem

456 3033 629 3088 usque
662 3018 910 3087 perduci,
951 3021 1096 3075 unde
1123 3031 1178 3076 et
1209 3023 1507 3076 secundum
1557 3024 1630 3078 sit
1680 3025 2033 3093 auspicatus;

457 3111 675 3164 tertium
714 3127 841 3166 vero
889 3114 1047 3183 hujus
1095 3114 1320 3169 alterius
1369 3114 1456 3185 9b
1511 3115 1632 3172 libri
1681 3115 1844 3171 ﬁnem
1889 3115 2038 3171 exci-

433 3197 613 3273 ‘pere,
644 3220 672 3256 a
702 3202 900 3259 Justini
935 3207 1268 3275 temporibus
1302 3207 1625 3276 incipiendo.

529 3384 627 3441 Est
672 3385 761 3442 hic
816 3386 1070 3458 scriptor,
1105 3388 1171 3442 ad
1223 3388 1422 3460 stylum
1473 3389 1620 3458 quod
1664 3390 1882 3456 attinet,
1929 3405 2034 3445 non

458 3479 616 3534 valde
678 3490 988 3546 accuratus,
1036 3483 1129 3537 sed
1177 3492 1234 3536 et
1280 3483 1361 3537 sui
1413 3483 1684 3539 interdum
1737 3484 2034 3540 dissimilis.

455 3572 630 3626 All'ert
674 3584 854 3627 autem
906 3575 1148 3629 maxime
1191 3574 1568 3645 episcOporum
1606 3576 1749 3631 ultro
1791 3575 2038 3644 citroque

458 3663 654 3719 missas
699 3665 980 3734 epistolas,
1008 3681 1120 3737 quo
1167 3668 1467 3722 narrationi
1523 3683 1657 3733 suae,
1699 3667 2034 3732 utatlirmat,

461 3755 619 3809 (idem
663 3755 921 3809 conciliet
961 3772 975 3809 :
1008 3773 1128 3826 quae
1167 3774 1288 3812 cum
1321 3759 1645 3813 immensum
1680 3759 1909 3813 reddant
1940 3773 2036 3813 vo-

460 3846 660 3911 lumen,
697 3847 751 3900 in
793 3862 991 3916 magno
1031 3857 1207 3904 tamen
1245 3851 1532 3904 verborum
1569 3865 1763 3904 acervo
1796 3851 1882 3902 vix
1917 3864 2037 3903 mo-

461 3937 639 3990 dicam
697 3935 930 3992 all‘erunt
986 3937 1402 4003 bistoriam,-et
1449 3938 1774 3994 narrationis
1819 3939 2039 4006 insuper

460 4009 844 4099 perspicuitas,
879 4030 933 4084 vi
965 4039 1128 4100 atque
1157 4031 1312 4100 copia
1339 4044 1528 4086 eorum
1553 4045 1674 4101 quae
1703 4028 2038 4098 interjiciun-

465 4132 572 4187 tur,
605 4122 949 4179 rescinditur.

1170 4235 1351 4294 XLIII.

751 4327 914 4383 Joan.
953 4325 1274 4395 Pliiloponus
1316 4329 1370 4382 in
1405 4327 1788 4382 Hexaemeron.

535 4417 790 4490 Legimus
819 4417 1080 4476 Joannem
1117 4419 1478 4488 Philoponum
1513 4419 1625 4490 (69)
1659 4420 1711 4473 in
1743 4418 2036 4472 Hexaeme-

2145 1917 2593 1988 ὲκτήσατο,τοῖς
2622 1916 2681 1968 δὲ
2733 1916 3027 1987 Ῥωμαίοις
3092 1921 3188 1971 καὶ
3247 1919 3353 1973 ὑπὺ
3406 1918 3731 1989 καθαίρεσιν

2143 2007 2359 2060 ἔπεσεν.
2377 2008 2502 2060 Ἐπὶ
2520 2009 2766 2078 Ζήνωνος
2780 2007 2836 2060 δὲ
2859 2008 2918 2062 τὸ
2945 2009 3197 2080 δεύτερον
3222 2009 3394 2064 ταῦτα
3405 2011 3727 2081 ἐπράττετο.

2145 2099 2406 2170 Ἀρχεται
2437 2098 2534 2167 μὲν
2567 2094 2661 2152 οὖν
2692 2101 2758 2152 ὲκ
2788 2097 2954 2152 τῶνδε
2984 2097 3092 2151 τῶν
3119 2099 3348 2170 χρόνων,
3386 2100 3480 2153 καὶ
3513 2100 3730 2154 κάτεισι

2145 2192 2309 2262 μέχρι
2336 2189 2593 2260 τελευτῆς
2628 2192 3006 2257 Ἀναστασίου,
3041 2191 3099 2256 ὂς
3144 2192 3461 2246 εἰκοσιεπτὰ
3493 2191 3588 2263 ἔτη
3633 2192 3732 2246 καὶ

2143 2283 2319 2353 μῆνας
2345 2284 2514 2353 τρεῖς,
2542 2281 2619 2344 ὡς
2647 2277 2801 2346 οὗτός
2830 2300 3013 2354 φησιν,
3048 2284 3108 2336 ὲν
3131 2285 3196 2354 τῇ
3229 2282 3480 2354 βασιλείᾳ
3507 2282 3733 2354 διήρκε-

2141 2390 2234 2426 σεν
2253 2389 2267 2403 ·
2305 2373 2424 2442 μεθ’
2456 2374 2814 2428 ὃνἸουστίνον
2845 2375 2938 2427 τὸν
2966 2375 3156 2446 Θρᾷκα
3187 2375 3570 2448 ἀναρρηθῆναι
3599 2373 3732 2446 γρά-

2140 2483 2232 2536 φει
2284 2465 2688 2536 βασιλέα.Ἀλλ’
2722 2467 2756 2537 η
2794 2466 2894 2537 μὲν
2922 2466 3102 2537 βίϐλος
3149 2467 3286 2538 αὕτη
3342 2465 3576 2520 ἐνταῦθά
3623 2483 3729 2520 που

2138 2557 2236 2628 τὴν
2261 2558 2487 2630 Γραφὴν
2517 2557 2732 2628 ἵστησιν
2751 2598 2767 2623 ,
2803 2557 2911 2611 ἀπὸ
2940 2560 3186 2629 Ζήνωνος
3216 2560 3378 2630 μέχρι
3406 2559 3508 2630 τῆς
3539 2559 3729 2612 τελευ-

2137 2649 2236 2717 τῆς
2264 2649 2616 2702 Ἀναστασίου
2648 2649 2862 2720 καὶτῆς
2893 2650 3182 2703 Ἰουστίνου
3213 2651 3565 2723 ἀναρρήσεως
3597 2667 3730 2703 κατ-

2142 2742 2316 2794 ιοῦσα.
2336 2741 2503 2809 Λέγει
2525 2741 2584 2794 δὲ
2612 2735 2769 2805 οὗτος
2794 2741 2870 2805 ὡς
2896 2741 3088 2812 εἴησαν
3111 2743 3260 2813 αὺτῷ
3291 2742 3386 2797 καὶ
3416 2742 3605 2814 ἕτεραι
3630 2743 3729 2796 δύο

2138 2833 2516 2903 πεπονημέναι
2548 2833 2742 2903 βίϐλοι,
2773 2832 2964 2905 πρώτη
3002 2834 3095 2887 καὶ
3133 2835 3329 2906 τρίτηο
3363 2828 3439 2888 ὧν
3480 2834 3580 2906 τὴν
3629 2835 3731 2904 μὲν

2137 2923 2246 2976 ἀπὸ
2275 2925 2596 2994 Μαρκιανοῦ
2626 2926 2720 2978 τοῦ
2757 2924 3021 2996 βασιλέως
3059 2927 3324 2997 ἄρχεσθαι
3349 2966 3364 2992 ,
3397 2925 3729 2996 καταλήγειν

2136 3015 2192 3068 δὲ
2243 3016 2348 3079 ἓως
2395 3017 2664 3087 Ζήνωνος,
2709 3020 2802 3088 ἀφ’
2833 3015 2894 3074 οὗ
2940 3022 3040 3093 τὴν
3081 3018 3256 3091 ἀρχὴν
3288 3021 3319 3089 ἡ
3349 3019 3579 3089 δευτέρα
3625 3019 3727 3070 ἑπ-

2138 3106 2391 3178 εποίητο,
2425 3107 2526 3178 τὴν
2550 3107 2608 3160 δὲ
2635 3108 2824 3180 τρίτην
2858 3109 3130 3164 ποιεῖσθαι
3171 3109 3457 3179 προοίμιον
3484 3109 3544 3161 τὸ
3571 3108 3729 3172 τέλος

2064 3200 2107 3259 C
2139 3197 2240 3267 τῆς
2267 3198 2524 3271 δευτέρας
2559 3201 2655 3254 καὶ
2701 3202 2809 3254 ἀπὸ
2841 3201 2943 3272 τῆς
2992 3200 3575 3272 βασιλειαςἾουστίνου
3617 3201 3728 3254 άπ-

2136 3290 2426 3361 άρχεσΘαι.

2211 3384 2367 3437 Ἔστι
2388 3384 2444 3438 δὲ
2465 3385 2494 3437 ό
2520 3388 2876 3458 συγγραφεὺς
2899 3386 2959 3442 οὐ
2991 3386 3111 3442 λίαν
3139 3386 3238 3457 τὴν
3261 3384 3462 3457 φράσιν
3489 3384 3728 3456 ἀπηκρι-

2137 3473 2413 3545 ϐωμένος,
2449 3476 2588 3532 ἀλλὰ
2629 3479 2728 3533 καὶ⁹
2761 3480 3069 3550 ἀνωμάλως
3117 3479 3256 3550 ἔχων
3304 3478 3480 3550 πρὸς⁰
3507 3478 3724 3532 ἑαυτόν.

2137 3568 2418 3640 Κέχρηται
2467 3569 2525 3622 δὲ
2562 3571 2797 3642 μάλιστα
2842 3574 2964 3635 ταῖς
3011 3573 3142 3644 παρ’
3176 3569 3425 3641 ἀλλήλων
3454 3570 3565 3624 τῶν
3607 3572 3730 3623 ὲπιο

2140 3661 2359 3715 σκόπων
2395 3663 2778 3736 στελλομέναις
2805 3666 3140 3732 ἐπιστολαῖς,
3167 3668 3251 3730 εἰς
3279 3667 3464 3720 πίστιν
3490 3664 3588 3736 (ὥς
3615 3683 3726 3736 φη·

2140 3750 2263 3821 σιν)
2291 3748 2365 3805 ὧν
2389 3753 2549 3818 αὐτὸς
2579 3756 2782 3826 γράφει
2801 3772 2816 3785 ο
2847 3755 2905 3808 αἳ
2936 3755 3033 3809 καὶ
3065 3755 3388 3827 πολύστιχον
3423 3753 3634 3808 ποιοῦσι
3663 3756 3728 3809 τὸ

2141 3843 2344 3913 βιϐλίον
2373 3848 2467 3900 καὶ
2495 3849 2553 3899 ὲν
2585 3849 2778 3918 πλήθει
2808 3849 2984 3919 λόγων
3045 3849 3236 3919 ὀλίγην
3283 3848 3511 3916 συνάγον
3533 3848 3552 3878 ⁷
3574 3848 3728 3900 -ἱστο-

2143 3937 2298 4007 ρίαν·
2333 3938 2413 3992 διὸ
2441 3941 2536 3992 καὶ
2562 3940 2624 3992 τὸ
2653 3941 2824 4010 σαφὲς
2859 3942 2958 4013 τῆς
3008 3942 3252 4013 ἱστορίας
3287 3940 3368 4012 τῷ
3400 3941 3595 4012 πλήθει
3625 3957 3727 3993 πε-

2142 4033 2460 4104 ρικόπτεται
2499 4036 2608 4090 τῶν
2646 4037 3146 4109 παρεντιϐεμένων.

2848 4237 2980 4290 Ml".

2141 4325 2428 4382 Ἰωάννου
2465 4326 2572 4381 τοῦ
2605 4328 2948 4382 Φιλοπόνου
2985 4329 3073 4394 είς
3112 4327 3229 4397 τὴν
3259 4328 3444 4400 ἕκτην
3470 4331 3726 4400 ἡμέραν.

2211 4420 2551 4492 Ἀνεγνώσθη
2569 4421 2815 4475 Ἰωάννου
2842 4421 2936 4474 τοῦ
2951 4421 3244 4476 Φιλοπόνου
3261 4425 3365 4489 Εἷς
3379 4421 3491 4491 τὴν
3507 4423 3732 4492 Ἑξαή-

461 4532 576 4580 ron,
619 4527 728 4583 quo
766 4511 822 4567 in
864 4511 1006 4567 libro
1047 4526 1213 4580 purus
1255 4522 1338 4564 est
1383 4518 1438 4566 et
1469 4512 1670 4577 clarus,
1706 4526 1873 4580 seque
1923 4511 2037 4580 ipse

2147 4514 2514 4583 μερον.Ἔστι
2541 4514 2598 4567 δὲ
2630 4516 2687 4567 ἐν
2716 4515 2893 4587 τούτῳ
2922 4515 2998 4588 τῷ
3028 4517 3218 4587 βιϐλίῳ
3243 4515 3480 4586 καθαρὸς
3511 4516 3601 4588 [29
3629 4516 3730 4590 8.]

460 4606 675 4662 dicendi
719 4603 876 4659 modo
925 4603 1116 4669 vincit,
1144 4613 1307 4672 atque
1355 4610 1414 4656 ut
1448 4601 1649 4656 Basilio
1687 4600 1880 4671 Magno
1910 4602 2032 4671 plu-

461 4699 656 4750 rimum
711 4695 825 4750 fere
872 4693 1176 4758 consentit,
1229 4694 1308 4748 sic
1365 4707 1462 4762 per
1517 4693 1696 4748 omnia
1747 4691 2033 4747 Theodoro

460 4785 802 4863 Mopsuestia:
845 4796 1132 4855 repugnat,
1171 4783 1261 4854 q'ui
1308 4783 1448 4838 idem
1492 4783 1606 4852 ipse
1653 4793 2030 4852 argumentum

461 4890 768 4945 aggressus,
821 4873 1310 4944 Interpretationi»
1362 4874 1618 4931 Geneseos
1651 4876 1788 4947 (70),
1837 4877 2036 4931 librum

462 4966 763 5036 inscripsit,
801 4966 960 5036 cujus
1013 4968 1297 5038 Opiniones
1349 4966 1679 5038 Philoponus
1737 4968 2036 5040 reprehen-

460 5062 613 5124 dens,
645 5068 833 5113 contra
865 5059 1018 5116 nisus
1043 5071 1148 5116 est.

2141 4603 2235 4656 καὶ
2266 4603 2445 4674 σαφὴς
2474 4604 2569 4657 καὶ
2595 4605 2857 4675 κρείττων
2907 4610 2973 4679 τῇ
3014 4605 3156 4672 λέξει
3184 4607 3404 4670 ἑαυτοῦ,
3440 4607 3535 4659 καὶ
3582 4623 3735 4677 συμ-

2141 4693 2334 4764 φωνῶν
2357 4694 2539 4764 σχεδὸν
2559 4695 2615 4748 ὲν
2639 4698 2751 4758 τοῖς
2778 4697 3050 4762 πλείστοις
3079 4697 3341 4769 Βασιλείῳ
3362 4697 3439 4769 τῷ
3463 4697 3732 4769 Μεγάλῳ,

2140 4785 2483 4838 ἀντιπίπτων
2512 4785 2568 4838 δὲ
2599 4785 2667 4838 δι’
2694 4786 2816 4842 ὅλου
2843 4789 2921 4858 τῷ
2950 4788 3328 4858 Μοψουεστίας
3360 4787 3640 4858 Θεοδώρῳ,
3670 4789 3737 4852 ὃς

2144 4877 2242 4949 τὴν
2273 4877 2445 4949 αὐτὴν
2475 4876 2732 4931 ὑπόθεσιν
2773 4879 3176 4950 ἐνστησάμενος
3217 4879 3567 4948 Ἐρμηνείαν
3613 4878 3736 4946 τῆς

2143 4970 2396 5036 κτίσεως
2436 4969 2497 5022 τὸ
2535 4967 2739 5040 βιϐλίον
2791 4969 3132 5042 ἐπέγραψεν
3166 4963 3228 5023 οὗ
3278 4970 3376 5032 τὰς
3427 4969 3584 5036 δόξας
3647 4968 3737 5022 δι-

2148 5060 2388 5133 ελέγχων
2414 5063 2442 5116 ὁ
2465 5061 2756 5125 Φιλόπονος
2780 5063 2880 5133 τὴν
2904 5062 3155 5118 ἐναντίαν
3183 5061 3473 5134 ἐτράπετο.

1715 5241 1956 5299 ὛΑΒΙᾸΞ
1989 5243 2390 5302 LECTIONES.

532 5365 552 5395 '
588 5363 676 5417 τὸν
708 5363 808 5434 τὴν
831 5360 1242 5436 Ἀλεξάνδρειαν
1267 5380 1329 5428 ς.

1407 5364 1427 5394 ⁸
1447 5360 1610 5433 πρὸς]
1643 5363 1737 5417 καὶ
1771 5363 1906 5434 πρὸς
1929 5364 1994 5418 A.
2074 5364 2095 5394 ⁷
2129 5364 2365 5433 συνάγον
2391 5363 2433 5416 Α
2463 5381 2476 5417 :
2511 5365 2842 5432 συναγαγεῖν
2869 5376 2931 5426 ς.

1951 5520 2185 5602 moras.

528 5633 923 5708 (677)7Metuiuit
969 5637 1128 5706 hujus
1175 5636 1400 5708 Niceph.
1436 5635 1648 5708 Callist.
1697 5635 1788 5690 lib.
1823 5651 1861 5698 I,
1906 5649 2026 5705 cap.

453 5707 580 5762 init.
612 5707 742 5775 Ejus
772 5722 932 5764 etiam
964 5719 1047 5762 est
1076 5708 1196 5762 cod.
1238 5707 1339 5760 H7
1375 5707 1470 5762 inf.

526 5779 636 5848 (68)
667 5776 808 5850 Lege
831 5781 980 5835 card.
1025 5779 1221 5834 Baron.
1253 5778 1447 5832 Annal.
1490 5789 1618 5832 tom.
1649 5776 1731 5843 Vl,
1765 5777 1831 5832 ad
1864 5777 1928 5831 A.
1962 5775 2025 5832 C.

2135 5634 2322 5774 άθῗιὶθ)
2363 5681 2531 5771 llnjus
2567 5705 2747 5778 operis
2780 5713 3040 5778 excerpta
3067 5701 3313 5760 invenies
3343 5700 3442 5757 ini.
3473 5703 3572 5758 cod
3605 5706 3732 5765 lto.

2212 5778 2326 5848 (70)
2362 5777 2492 5845 Sup.
2528 5779 2652 5833 cod.
2686 5775 2774 5831 58.
