  <div class='ocr_page' id='page_1' title='image "/cluster/home/n/w/nwhite01/storage/ocr_20150623/103 pt.3/mdp.39015061933738/046.png"; bbox 0 0 3980 6234; ppageno 0'>
   <div class='ocr_carea' id='block_1_1' title="bbox 284 347 3530 419">
    <p class='ocr_par' dir='ltr' id='par_1_1' title="bbox 284 347 3530 419">
     <span class='ocr_line' id='line_1_1' title="bbox 284 347 3530 419; baseline 0.005 -15"><span class='ocrx_word' id='word_1_1' title='bbox 284 353 349 419; x_wconf 78' lang='lat'><strong>77</strong></span> <span class='ocrx_word' id='word_1_2' title='bbox 1238 347 1763 410; x_wconf 81' lang='lat' dir='ltr'><strong><em>BlBLIOTHECA.</em></strong></span> <span class='ocrx_word' id='word_1_3' title='bbox 1808 376 1873 386; x_wconf 90' lang='lat'><strong><em>—</em></strong></span> <span class='ocrx_word' id='word_1_4' title='bbox 1901 349 2116 411; x_wconf 92' lang='lat' dir='ltr'><strong><em>CODD.</em></strong></span> <span class='ocrx_word' id='word_1_5' title='bbox 2157 350 2553 413; x_wconf 60' lang='lat' dir='ltr'><strong><em>XLII-XLIV.</em></strong></span> <span class='ocrx_word' id='word_1_6' title='bbox 3311 365 3316 372; x_wconf 90' lang='lat'>&#39;</span> <span class='ocrx_word' id='word_1_7' title='bbox 3458 356 3530 419; x_wconf 75' lang='grc'><strong><em>78</em></strong></span> 
     </span>
    </p>
   </div>
   <div class='ocr_carea' id='block_1_2' title="bbox 994 464 2838 528">
    <p class='ocr_par' dir='ltr' id='par_1_2' title="bbox 994 464 2838 528">
     <span class='ocr_line' id='line_1_2' title="bbox 994 464 2838 528; baseline 0.002 -10"><span class='ocrx_word' id='word_1_8' title='bbox 994 467 1128 519; x_wconf 78' lang='lat' dir='ltr'><strong><em>MA&#39;.</em></strong></span> <span class='ocrx_word' id='word_1_9' title='bbox 1888 474 1932 528; x_wconf 81' lang='grc' dir='ltr'>Α</span> <span class='ocrx_word' id='word_1_10' title='bbox 2659 464 2838 522; x_wconf 74' lang='lat' dir='ltr'><strong><em>XLIV.</em></strong></span> 
     </span>
    </p>
   </div>
   <div class='ocr_carea' id='block_1_3' title="bbox 283 557 1855 630">
    <p class='ocr_par' dir='ltr' id='par_1_3' title="bbox 283 557 1854 630">
     <span class='ocr_line' id='line_1_3' title="bbox 283 557 1854 630; baseline -0.003 -15"><span class='ocrx_word' id='word_1_11' title='bbox 283 559 686 628; x_wconf 67' lang='grc' dir='ltr'><strong><em>Φιλοστράτου</em></strong></span> <span class='ocrx_word' id='word_1_12' title='bbox 743 559 954 630; x_wconf 73' lang='grc' dir='ltr'>Τυρίου</span> <span class='ocrx_word' id='word_1_13' title='bbox 993 560 1082 623; x_wconf 82' lang='grc' dir='ltr'>εὶς</span> <span class='ocrx_word' id='word_1_14' title='bbox 1141 557 1250 612; x_wconf 74' lang='grc' dir='ltr'>τόν</span> <span class='ocrx_word' id='word_1_15' title='bbox 1291 558 1702 613; x_wconf 66' lang='grc' dir='ltr'>Ἀπολλωνίου</span> <span class='ocrx_word' id='word_1_16' title='bbox 1748 558 1854 611; x_wconf 83' lang='grc' dir='ltr'><strong><em>τοῦ</em></strong></span> 
     </span>
    </p>
   </div>
   <div class='ocr_carea' id='block_1_4' title="bbox 1958 557 3530 630">
    <p class='ocr_par' dir='ltr' id='par_1_4' title="bbox 1959 557 3530 630">
     <span class='ocr_line' id='line_1_4' title="bbox 1959 557 3530 630; baseline 0.003 -18"><span class='ocrx_word' id='word_1_17' title='bbox 1959 558 2274 614; x_wconf 73' lang='lat' dir='ltr'><strong><em>Philostrati</em></strong></span> <span class='ocrx_word' id='word_1_18' title='bbox 2310 558 2456 630; x_wconf 82' lang='lat' dir='ltr'><strong><em>Tyrii</em></strong></span> <span class='ocrx_word' id='word_1_19' title='bbox 2481 560 2544 613; x_wconf 87' lang='lat' dir='ltr'><strong><em>de</em></strong></span> <span class='ocrx_word' id='word_1_20' title='bbox 2587 559 2690 613; x_wconf 80' lang='lat' dir='ltr'><strong><em>vita</em></strong></span> <span class='ocrx_word' id='word_1_21' title='bbox 2718 558 2984 627; x_wconf 77' lang='lat' dir='ltr'><strong><em>Apollonii</em></strong></span> <span class='ocrx_word' id='word_1_22' title='bbox 3027 557 3227 630; x_wconf 62' lang='grc' dir='ltr'>Τρικπεὶ</span> <span class='ocrx_word' id='word_1_23' title='bbox 3255 561 3379 615; x_wconf 82' lang='lat' dir='ltr'><strong><em>libri</em></strong></span> <span class='ocrx_word' id='word_1_24' title='bbox 3411 577 3530 619; x_wconf 87' lang='lat' dir='ltr'><strong><em>vm.</em></strong></span> 
     </span>
    </p>
   </div>
   <div class='ocr_carea' id='block_1_5' title="bbox 704 627 1433 700">
    <p class='ocr_par' dir='ltr' id='par_1_5' title="bbox 704 627 1433 700">
     <span class='ocr_line' id='line_1_5' title="bbox 704 627 1433 700; baseline 0.001 -16"><span class='ocrx_word' id='word_1_25' title='bbox 704 627 975 695; x_wconf 70' lang='grc' dir='ltr'>Τυανέως</span> <span class='ocrx_word' id='word_1_26' title='bbox 998 630 1145 693; x_wconf 76' lang='grc' dir='ltr'>,ϐίον</span> <span class='ocrx_word' id='word_1_27' title='bbox 1173 630 1343 699; x_wconf 70' lang='grc' dir='ltr'>λόγοι</span> <span class='ocrx_word' id='word_1_28' title='bbox 1363 636 1433 700; x_wconf 85' lang='grc' dir='ltr'>η’.</span> 
     </span>
    </p>
   </div>
   <div class='ocr_carea' id='block_1_6' title="bbox 347 715 1919 793">
    <p class='ocr_par' dir='ltr' id='par_1_6' title="bbox 347 719 1857 793">
     <span class='ocr_line' id='line_1_6' title="bbox 347 719 1857 793; baseline -0.004 -15"><span class='ocrx_word' id='word_1_29' title='bbox 347 720 695 793; x_wconf 80' lang='grc' dir='ltr'>Ἀνεγνώσθη</span> <span class='ocrx_word' id='word_1_30' title='bbox 761 720 1126 790; x_wconf 74' lang='grc' dir='ltr'><strong><em>Φιλοστράτου</em></strong></span> <span class='ocrx_word' id='word_1_31' title='bbox 1196 721 1398 791; x_wconf 80' lang='grc' dir='ltr'>Τυρίου</span> <span class='ocrx_word' id='word_1_32' title='bbox 1448 723 1553 786; x_wconf 72' lang='grc' dir='ltr'><strong><em>Εἰς</em></strong></span> <span class='ocrx_word' id='word_1_33' title='bbox 1597 720 1705 774; x_wconf 75' lang='grc' dir='ltr'>τὸν</span> <span class='ocrx_word' id='word_1_34' title='bbox 1750 719 1857 774; x_wconf 86' lang='grc' dir='ltr'><strong><em>τοῦ</em></strong></span> 
     </span>
    </p>
   </div>
   <div class='ocr_carea' id='block_1_7' title="bbox 1962 715 3534 793">
    <p class='ocr_par' dir='ltr' id='par_1_7' title="bbox 2031 715 3534 793">
     <span class='ocr_line' id='line_1_7' title="bbox 2031 715 3534 793; baseline 0.004 -23"><span class='ocrx_word' id='word_1_35' title='bbox 2031 715 2160 787; x_wconf 81' lang='lat' dir='ltr'><strong><em>Legi</em></strong></span> <span class='ocrx_word' id='word_1_36' title='bbox 2194 717 2508 774; x_wconf 73' lang='lat' dir='ltr'><strong><em>PliilOSlrati</em></strong></span> <span class='ocrx_word' id='word_1_37' title='bbox 2540 717 2686 788; x_wconf 83' lang='lat' dir='ltr'><strong><em>Tyrii</em></strong></span> <span class='ocrx_word' id='word_1_38' title='bbox 2707 717 2785 772; x_wconf 89' lang='lat' dir='ltr'><strong><em>De</em></strong></span> <span class='ocrx_word' id='word_1_39' title='bbox 2809 717 2913 771; x_wconf 83' lang='lat' dir='ltr'><strong><em>vita</em></strong></span> <span class='ocrx_word' id='word_1_40' title='bbox 2934 717 3200 786; x_wconf 84' lang='lat' dir='ltr'><strong><em>Apollonii</em></strong></span> <span class='ocrx_word' id='word_1_41' title='bbox 3220 718 3534 793; x_wconf 81' lang='lat' dir='ltr'><strong><em>Tyanei(7l)</em></strong></span> 
     </span>
    </p>
   </div>
   <div class='ocr_carea' id='block_1_8' title="bbox 281 808 1853 884">
    <p class='ocr_par' dir='ltr' id='par_1_8' title="bbox 281 811 1853 884">
     <span class='ocr_line' id='line_1_8' title="bbox 281 811 1853 884; baseline -0.002 -13"><span class='ocrx_word' id='word_1_42' title='bbox 281 815 692 872; x_wconf 72' lang='grc' dir='ltr'><strong><em>Ἀπολλωνίου</em></strong></span> <span class='ocrx_word' id='word_1_43' title='bbox 713 813 820 867; x_wconf 87' lang='grc' dir='ltr'><strong><em>τοῦ</em></strong></span> <span class='ocrx_word' id='word_1_44' title='bbox 844 812 1112 878; x_wconf 82' lang='grc' dir='ltr'><strong><em>Τυανέως</em></strong></span> <span class='ocrx_word' id='word_1_45' title='bbox 1131 812 1222 884; x_wconf 80' lang='lat' dir='ltr'><strong><em>[l5</em></strong></span> <span class='ocrx_word' id='word_1_46' title='bbox 1251 811 1347 884; x_wconf 78' lang='lat'><strong><em>11.]</em></strong></span> <span class='ocrx_word' id='word_1_47' title='bbox 1361 814 1507 878; x_wconf 78' lang='grc' dir='ltr'>,ϐίον</span> <span class='ocrx_word' id='word_1_48' title='bbox 1524 813 1676 880; x_wconf 84' lang='grc' dir='ltr'><strong>λόγοι</strong></span> <span class='ocrx_word' id='word_1_49' title='bbox 1691 812 1853 868; x_wconf 83' lang='grc' dir='ltr'>ὀκτώ.</span> 
     </span>
    </p>
   </div>
   <div class='ocr_carea' id='block_1_9' title="bbox 1967 808 3539 884">
    <p class='ocr_par' dir='ltr' id='par_1_9' title="bbox 1967 808 3539 880">
     <span class='ocr_line' id='line_1_9' title="bbox 1967 808 3539 880; baseline 0.001 -17"><span class='ocrx_word' id='word_1_50' title='bbox 1967 810 2133 865; x_wconf 88' lang='lat' dir='ltr'><strong><em>libros</em></strong></span> <span class='ocrx_word' id='word_1_51' title='bbox 2163 820 2307 864; x_wconf 89' lang='lat' dir='ltr'><strong><em>octo.</em></strong></span> <span class='ocrx_word' id='word_1_52' title='bbox 2342 808 2496 879; x_wconf 90' lang='lat' dir='ltr'><strong><em>Stylo</em></strong></span> <span class='ocrx_word' id='word_1_53' title='bbox 2547 826 2677 865; x_wconf 89' lang='lat' dir='ltr'><strong><em>usus</em></strong></span> <span class='ocrx_word' id='word_1_54' title='bbox 2735 820 2819 865; x_wconf 79' lang='lat' dir='ltr'><strong><em>est</em></strong></span> <span class='ocrx_word' id='word_1_55' title='bbox 2862 821 3065 878; x_wconf 85' lang='lat' dir='ltr'><strong><em>aperto,</em></strong></span> <span class='ocrx_word' id='word_1_56' title='bbox 3098 812 3358 880; x_wconf 86' lang='lat' dir='ltr'><strong><em>gratioso,</em></strong></span> <span class='ocrx_word' id='word_1_57' title='bbox 3408 829 3539 867; x_wconf 77' lang='lat' dir='ltr'><strong><em>con-</em></strong></span> 
     </span>
    </p>
   </div>
   <div class='ocr_carea' id='block_1_10' title="bbox 284 899 1856 975">
    <p class='ocr_par' dir='ltr' id='par_1_10' title="bbox 284 899 1856 975">
     <span class='ocr_line' id='line_1_10' title="bbox 284 899 1856 975; baseline 0 -19"><span class='ocrx_word' id='word_1_58' title='bbox 284 904 437 957; x_wconf 85' lang='grc' dir='ltr'>Ἔστι</span> <span class='ocrx_word' id='word_1_59' title='bbox 451 901 620 972; x_wconf 83' lang='grc' dir='ltr'>δὲτὴν</span> <span class='ocrx_word' id='word_1_60' title='bbox 637 903 837 972; x_wconf 84' lang='grc' dir='ltr'>φράσιν</span> <span class='ocrx_word' id='word_1_61' title='bbox 854 899 1032 971; x_wconf 78' lang='grc' dir='ltr'>σαφὴς</span> <span class='ocrx_word' id='word_1_62' title='bbox 1060 901 1313 973; x_wconf 78' lang='grc' dir='ltr'>ὲπίχαρίς</span> <span class='ocrx_word' id='word_1_63' title='bbox 1337 903 1358 934; x_wconf 80' lang='grc'>⁸</span> <span class='ocrx_word' id='word_1_64' title='bbox 1389 920 1446 956; x_wconf 85' lang='grc' dir='ltr'><strong><em>τε</em></strong></span> <span class='ocrx_word' id='word_1_65' title='bbox 1473 904 1567 957; x_wconf 72' lang='grc' dir='ltr'><strong><em>καὶ</em></strong></span> <span class='ocrx_word' id='word_1_66' title='bbox 1584 905 1856 975; x_wconf 82' lang='grc' dir='ltr'>ἀφοριστι-</span> 
     </span>
    </p>
   </div>
   <div class='ocr_carea' id='block_1_11' title="bbox 1956 899 3528 975">
    <p class='ocr_par' dir='ltr' id='par_1_11' title="bbox 1963 901 3528 970">
     <span class='ocr_line' id='line_1_11' title="bbox 1963 901 3528 970; baseline 0 -14"><span class='ocrx_word' id='word_1_67' title='bbox 1963 903 2111 968; x_wconf 88' lang='lat' dir='ltr'><strong><em>ciso,</em></strong></span> <span class='ocrx_word' id='word_1_68' title='bbox 2141 901 2301 970; x_wconf 88' lang='lat' dir='ltr'><strong><em>pleno</em></strong></span> <span class='ocrx_word' id='word_1_69' title='bbox 2328 904 2491 956; x_wconf 88' lang='lat' dir='ltr'><strong><em>etiam</em></strong></span> <span class='ocrx_word' id='word_1_70' title='bbox 2527 902 2829 967; x_wconf 79' lang='lat' dir='ltr'><strong><em>dulcedine,</em></strong></span> <span class='ocrx_word' id='word_1_71' title='bbox 2863 916 2927 954; x_wconf 88' lang='lat' dir='ltr'><strong><em>ac</em></strong></span> <span class='ocrx_word' id='word_1_72' title='bbox 2974 916 3092 955; x_wconf 92' lang='lat' dir='ltr'><strong><em>cum</em></strong></span> <span class='ocrx_word' id='word_1_73' title='bbox 3125 917 3192 956; x_wconf 80' lang='lat' dir='ltr'><strong><em>ex</em></strong></span> <span class='ocrx_word' id='word_1_74' title='bbox 3233 903 3397 970; x_wconf 78' lang='lat' dir='ltr'><strong><em>prisci</em></strong></span> <span class='ocrx_word' id='word_1_75' title='bbox 3440 903 3528 956; x_wconf 77' lang='grc' dir='ltr'>ιο-</span> 
     </span>
    </p>
   </div>
   <div class='ocr_carea' id='block_1_12' title="bbox 283 993 1855 1070">
    <p class='ocr_par' dir='ltr' id='par_1_12' title="bbox 283 993 1855 1070">
     <span class='ocr_line' id='line_1_12' title="bbox 283 993 1855 1070; baseline 0.001 -20"><span class='ocrx_word' id='word_1_76' title='bbox 283 996 398 1063; x_wconf 72' lang='grc' dir='ltr'>κδς,</span> <span class='ocrx_word' id='word_1_77' title='bbox 440 995 536 1049; x_wconf 78' lang='grc' dir='ltr'>καὶ</span> <span class='ocrx_word' id='word_1_78' title='bbox 594 993 779 1065; x_wconf 84' lang='grc' dir='ltr'><strong><em>βρύων</em></strong></span> <span class='ocrx_word' id='word_1_79' title='bbox 813 993 1159 1064; x_wconf 81' lang='grc' dir='ltr'><strong><em>γλυκύτητος</em></strong></span> <span class='ocrx_word' id='word_1_80' title='bbox 1178 1035 1194 1060; x_wconf 96' lang='grc'><strong><em>,</em></strong></span> <span class='ocrx_word' id='word_1_81' title='bbox 1230 997 1325 1050; x_wconf 70' lang='grc' dir='ltr'><strong><em>κα)⁸</em></strong></span> <span class='ocrx_word' id='word_1_82' title='bbox 1345 996 1423 1067; x_wconf 86' lang='grc' dir='ltr'>τῷ</span> <span class='ocrx_word' id='word_1_83' title='bbox 1442 997 1736 1070; x_wconf 79' lang='grc' dir='ltr'>ἀρχαῖσμῷ</span> <span class='ocrx_word' id='word_1_84' title='bbox 1765 999 1855 1052; x_wconf 72' lang='grc' dir='ltr'>κα)</span> 
     </span>
    </p>
   </div>
   <div class='ocr_carea' id='block_1_13' title="bbox 1966 993 3538 1070">
    <p class='ocr_par' dir='ltr' id='par_1_13' title="bbox 1966 993 3538 1065">
     <span class='ocr_line' id='line_1_13' title="bbox 1966 993 3538 1065; baseline 0 -16"><span class='ocrx_word' id='word_1_85' title='bbox 1966 995 2165 1065; x_wconf 89' lang='lat' dir='ltr'><strong><em>quendi</em></strong></span> <span class='ocrx_word' id='word_1_86' title='bbox 2231 994 2460 1061; x_wconf 80' lang='lat' dir='ltr'><strong><em>formis,</em></strong></span> <span class='ocrx_word' id='word_1_87' title='bbox 2509 1003 2629 1050; x_wconf 88' lang='lat' dir='ltr'><strong><em>tum</em></strong></span> <span class='ocrx_word' id='word_1_88' title='bbox 2676 1009 2742 1049; x_wconf 89' lang='lat' dir='ltr'><strong><em>ex</em></strong></span> <span class='ocrx_word' id='word_1_89' title='bbox 2800 993 3195 1050; x_wconf 77' lang='lat' dir='ltr'><strong><em>recentioribus</em></strong></span> <span class='ocrx_word' id='word_1_90' title='bbox 3252 993 3538 1064; x_wconf 79' lang='lat' dir='ltr'><strong><em>elegantiis</em></strong></span> 
     </span>
    </p>
   </div>
   <div class='ocr_carea' id='block_1_14' title="bbox 280 1083 1852 1160">
    <p class='ocr_par' dir='ltr' id='par_1_14' title="bbox 280 1083 1852 1160">
     <span class='ocr_line' id='line_1_14' title="bbox 280 1083 1852 1160; baseline 0.002 -20"><span class='ocrx_word' id='word_1_91' title='bbox 280 1091 401 1151; x_wconf 86' lang='grc' dir='ltr'>ταῖς</span> <span class='ocrx_word' id='word_1_92' title='bbox 429 1085 992 1157; x_wconf 88' lang='grc' dir='ltr'>καινοπρεπεστέραις</span> <span class='ocrx_word' id='word_1_93' title='bbox 1015 1083 1124 1140; x_wconf 86' lang='grc' dir='ltr'><strong><em>τῶν</em></strong></span> <span class='ocrx_word' id='word_1_94' title='bbox 1147 1085 1451 1152; x_wconf 82' lang='grc' dir='ltr'><strong><em>συντάξεων</em></strong></span> <span class='ocrx_word' id='word_1_95' title='bbox 1474 1088 1852 1160; x_wconf 77' lang='grc' dir='ltr'>ἑμφιλοτιμού-</span> 
     </span>
    </p>
   </div>
   <div class='ocr_carea' id='block_1_15' title="bbox 838 1083 2410 1160">
    <p class='ocr_par' dir='ltr' id='par_1_15' title="bbox 839 1083 2410 1160">
     <span class='ocr_line' id='line_1_15' title="bbox 839 1083 2410 1160; baseline 0.003 -22"><span class='ocrx_word' id='word_1_96' title='bbox 839 1085 992 1156; x_wconf 93' lang='grc' dir='ltr'>έραις</span> <span class='ocrx_word' id='word_1_97' title='bbox 1015 1083 1124 1140; x_wconf 86' lang='grc' dir='ltr'><strong><em>τῶν</em></strong></span> <span class='ocrx_word' id='word_1_98' title='bbox 1147 1085 1451 1152; x_wconf 82' lang='grc' dir='ltr'>συντάξεων</span> <span class='ocrx_word' id='word_1_99' title='bbox 1474 1088 1863 1160; x_wconf 77' lang='grc' dir='ltr'>ἑμφιλοτιμού-</span> <span class='ocrx_word' id='word_1_100' title='bbox 1963 1086 2175 1143; x_wconf 83' lang='lat' dir='ltr'><strong><em>laudem</em></strong></span> <span class='ocrx_word' id='word_1_101' title='bbox 2198 1089 2410 1158; x_wconf 73' lang='lat' dir='ltr'><strong><em>quaerit.</em></strong></span> 
     </span>
    </p>
   </div>
   <div class='ocr_carea' id='block_1_16' title="bbox 354 1195 467 1242">
    <p class='ocr_par' dir='ltr' id='par_1_16' title="bbox 354 1195 467 1242">
     <span class='ocr_line' id='line_1_16' title="bbox 354 1195 467 1242; baseline 0.009 -12"><span class='ocrx_word' id='word_1_102' title='bbox 354 1195 467 1242; x_wconf 83' lang='grc' dir='ltr'>νος.</span> 
     </span>
    </p>
   </div>
   <div class='ocr_carea' id='block_1_17' title="bbox 284 1195 1856 1342">
    <p class='ocr_par' dir='ltr' id='par_1_17' title="bbox 284 1195 1856 1342">
     <span class='ocr_line' id='line_1_17' title="bbox 354 1195 467 1242; baseline 0.009 -12"><span class='ocrx_word' id='word_1_103' title='bbox 354 1195 467 1242; x_wconf 83' lang='grc' dir='ltr'>νος.</span> 
     </span>
     <span class='ocr_line' id='line_1_18' title="bbox 284 1195 1856 1342; baseline 0.001 -17"><span class='ocrx_word' id='word_1_104' title='bbox 284 1195 591 1342; x_wconf 72' lang='grc' dir='ltr'><strong><em>μεἹστορεῖ</em></strong></span> <span class='ocrx_word' id='word_1_105' title='bbox 631 1269 688 1324; x_wconf 78' lang='grc' dir='ltr'>δὲ</span> <span class='ocrx_word' id='word_1_106' title='bbox 730 1270 822 1323; x_wconf 76' lang='grc' dir='ltr'><strong><em>τὸν</em></strong></span> <span class='ocrx_word' id='word_1_107' title='bbox 859 1268 1218 1323; x_wconf 81' lang='grc' dir='ltr'>Ἀπολλώνιον</span> <span class='ocrx_word' id='word_1_108' title='bbox 1268 1271 1403 1341; x_wconf 91' lang='grc' dir='ltr'>πρός</span> <span class='ocrx_word' id='word_1_109' title='bbox 1431 1289 1491 1326; x_wconf 87' lang='grc' dir='ltr'><strong><em>τε</em></strong></span> <span class='ocrx_word' id='word_1_110' title='bbox 1528 1273 1742 1338; x_wconf 83' lang='grc' dir='ltr'>Ἰνδοὺς,</span> <span class='ocrx_word' id='word_1_111' title='bbox 1773 1273 1856 1338; x_wconf 78' lang='grc' dir='ltr'><strong><em>οὓς</em></strong></span> 
     </span>
    </p>
   </div>
   <div class='ocr_carea' id='block_1_18' title="bbox 1966 1195 3538 1342">
    <p class='ocr_par' dir='ltr' id='par_1_18' title="bbox 2037 1260 3538 1332">
     <span class='ocr_line' id='line_1_19' title="bbox 2037 1260 3538 1332; baseline 0 -16"><span class='ocrx_word' id='word_1_112' title='bbox 2037 1261 2238 1316; x_wconf 87' lang='lat' dir='ltr'><strong><em>Narrat</em></strong></span> <span class='ocrx_word' id='word_1_113' title='bbox 2260 1261 2596 1331; x_wconf 89' lang='lat' dir='ltr'><strong><em>Apollonium</em></strong></span> <span class='ocrx_word' id='word_1_114' title='bbox 2625 1262 2690 1316; x_wconf 91' lang='lat' dir='ltr'><strong><em>ad</em></strong></span> <span class='ocrx_word' id='word_1_115' title='bbox 2719 1260 2877 1316; x_wconf 87' lang='lat' dir='ltr'><strong><em>ludos</em></strong></span> <span class='ocrx_word' id='word_1_116' title='bbox 2899 1262 3057 1332; x_wconf 82' lang='lat' dir='ltr'><strong><em>(quos</em></strong></span> <span class='ocrx_word' id='word_1_117' title='bbox 3082 1272 3135 1316; x_wconf 92' lang='lat' dir='ltr'><strong><em>et</em></strong></span> <span class='ocrx_word' id='word_1_118' title='bbox 3165 1261 3538 1316; x_wconf 80' lang='lat' dir='ltr'><strong><em>Brachmanas</em></strong></span> 
     </span>
    </p>
   </div>
   <div class='ocr_carea' id='block_1_19' title="bbox 279 1353 1851 1438">
    <p class='ocr_par' dir='ltr' id='par_1_19' title="bbox 279 1361 1851 1435">
     <span class='ocr_line' id='line_1_20' title="bbox 279 1361 1851 1435; baseline 0.003 -18"><span class='ocrx_word' id='word_1_119' title='bbox 279 1365 438 1419; x_wconf 81' lang='grc' dir='ltr'>καλεῖ</span> <span class='ocrx_word' id='word_1_120' title='bbox 488 1367 584 1418; x_wconf 81' lang='grc' dir='ltr'><strong><em>καὶ</em></strong></span> <span class='ocrx_word' id='word_1_121' title='bbox 631 1365 983 1435; x_wconf 81' lang='grc' dir='ltr'>Βραχμᾶνας,</span> <span class='ocrx_word' id='word_1_122' title='bbox 1014 1364 1257 1428; x_wconf 82' lang='grc' dir='ltr'><strong><em>ἀπιέναι,</em></strong></span> <span class='ocrx_word' id='word_1_123' title='bbox 1293 1365 1353 1429; x_wconf 75' lang='grc' dir='ltr'>ἐξ</span> <span class='ocrx_word' id='word_1_124' title='bbox 1384 1361 1459 1419; x_wconf 79' lang='grc' dir='ltr'>ὧν</span> <span class='ocrx_word' id='word_1_125' title='bbox 1497 1367 1593 1420; x_wconf 70' lang='grc' dir='ltr'>καὶ</span> <span class='ocrx_word' id='word_1_126' title='bbox 1639 1367 1851 1421; x_wconf 73' lang='grc' dir='ltr'>πλεῖστα</span> 
     </span>
    </p>
   </div>
   <div class='ocr_carea' id='block_1_20' title="bbox 1959 1353 3531 1438">
    <p class='ocr_par' dir='ltr' id='par_1_20' title="bbox 1967 1353 3531 1438">
     <span class='ocr_line' id='line_1_21' title="bbox 1967 1353 3531 1438; baseline -0.002 -30"><span class='ocrx_word' id='word_1_127' title='bbox 1967 1353 2236 1425; x_wconf 80' lang='lat' dir='ltr'><strong><em>nominat)</em></strong></span> <span class='ocrx_word' id='word_1_128' title='bbox 2269 1353 2572 1423; x_wconf 91' lang='lat' dir='ltr'><strong><em>profectum</em></strong></span> <span class='ocrx_word' id='word_1_129' title='bbox 2609 1367 2750 1417; x_wconf 91' lang='lat' dir='ltr'><strong><em>esse,</em></strong></span> <span class='ocrx_word' id='word_1_130' title='bbox 2786 1369 2854 1408; x_wconf 85' lang='lat' dir='ltr'><strong><em>ex</em></strong></span> <span class='ocrx_word' id='word_1_131' title='bbox 2899 1354 3096 1421; x_wconf 85' lang='lat' dir='ltr'><strong><em>quibus</em></strong></span> <span class='ocrx_word' id='word_1_132' title='bbox 3146 1353 3402 1421; x_wconf 67' lang='lat' dir='ltr'><strong><em>pleraque</em></strong></span> 
     </span>
    </p>
   </div>
   <div class='ocr_carea' id='block_1_21' title="bbox 279 1440 1851 1529">
    <p class='ocr_par' dir='ltr' id='par_1_21' title="bbox 279 1455 1851 1529">
     <span class='ocr_line' id='line_1_22' title="bbox 279 1455 1851 1529; baseline 0.001 -19"><span class='ocrx_word' id='word_1_133' title='bbox 279 1458 381 1524; x_wconf 79' lang='grc' dir='ltr'>τῆς</span> <span class='ocrx_word' id='word_1_134' title='bbox 414 1458 547 1528; x_wconf 85' lang='grc' dir='ltr'>παρ’</span> <span class='ocrx_word' id='word_1_135' title='bbox 576 1457 761 1519; x_wconf 77' lang='grc' dir='ltr'>αὐτοῖς</span> <span class='ocrx_word' id='word_1_136' title='bbox 799 1455 1088 1525; x_wconf 82' lang='grc' dir='ltr'>θεοσοφίας</span> <span class='ocrx_word' id='word_1_137' title='bbox 1129 1455 1388 1526; x_wconf 76' lang='grc' dir='ltr'>ἐκμαθεῖν</span> <span class='ocrx_word' id='word_1_138' title='bbox 1409 1495 1424 1519; x_wconf 93' lang='grc'><strong><em>,</em></strong></span> <span class='ocrx_word' id='word_1_139' title='bbox 1455 1460 1550 1510; x_wconf 69' lang='grc' dir='ltr'><strong><em>κα)¹</em></strong></span> <span class='ocrx_word' id='word_1_140' title='bbox 1577 1459 1714 1529; x_wconf 77' lang='grc' dir='ltr'>πρὸς</span> <span class='ocrx_word' id='word_1_141' title='bbox 1741 1460 1851 1520; x_wconf 72' lang='grc' dir='ltr'>τοὺς</span> 
     </span>
    </p>
   </div>
   <div class='ocr_carea' id='block_1_22' title="bbox 1963 1440 3535 1529">
    <p class='ocr_par' dir='ltr' id='par_1_22' title="bbox 1967 1440 3535 1510">
     <span class='ocr_line' id='line_1_23' title="bbox 1967 1440 3535 1510; baseline -0.001 -13"><span class='ocrx_word' id='word_1_142' title='bbox 1967 1444 2105 1498; x_wconf 60' lang='lat' dir='ltr'><strong><em>vinas</em></strong></span> <span class='ocrx_word' id='word_1_143' title='bbox 2131 1458 2318 1499; x_wconf 90' lang='lat' dir='ltr'><strong><em>eorum</em></strong></span> <span class='ocrx_word' id='word_1_144' title='bbox 2346 1443 2624 1510; x_wconf 54' lang='lat' dir='ltr'><strong><em>sapientiae</em></strong></span> <span class='ocrx_word' id='word_1_145' title='bbox 2668 1442 2938 1498; x_wconf 82' lang='lat' dir='ltr'><strong><em>didicerit.</em></strong></span> <span class='ocrx_word' id='word_1_146' title='bbox 2967 1440 3276 1496; x_wconf 90' lang='lat' dir='ltr'><strong><em>Profectum</em></strong></span> <span class='ocrx_word' id='word_1_147' title='bbox 3311 1441 3438 1496; x_wconf 82' lang='lat' dir='ltr'><strong><em>item</em></strong></span> <span class='ocrx_word' id='word_1_148' title='bbox 3469 1444 3535 1496; x_wconf 82' lang='lat' dir='ltr'><strong><em>ad</em></strong></span> 
     </span>
    </p>
   </div>
   <div class='ocr_carea' id='block_1_23' title="bbox 278 1533 1850 1617">
    <p class='ocr_par' dir='ltr' id='par_1_23' title="bbox 278 1545 1850 1617">
     <span class='ocr_line' id='line_1_24' title="bbox 278 1545 1850 1617; baseline 0.003 -17"><span class='ocrx_word' id='word_1_149' title='bbox 278 1548 560 1600; x_wconf 76' lang='grc' dir='ltr'>Αἰθιόπων</span> <span class='ocrx_word' id='word_1_150' title='bbox 613 1548 831 1614; x_wconf 83' lang='grc' dir='ltr'>σοφοὺς,</span> <span class='ocrx_word' id='word_1_151' title='bbox 860 1545 951 1610; x_wconf 86' lang='grc' dir='ltr'><strong><em>οὒς</em></strong></span> <span class='ocrx_word' id='word_1_152' title='bbox 1004 1548 1100 1600; x_wconf 79' lang='grc' dir='ltr'>καὶ</span> <span class='ocrx_word' id='word_1_153' title='bbox 1127 1547 1406 1617; x_wconf 83' lang='grc' dir='ltr'>Γυμνοὺς</span> <span class='ocrx_word' id='word_1_154' title='bbox 1436 1548 1717 1615; x_wconf 78' lang='grc' dir='ltr'>ὀνομάζει,</span> <span class='ocrx_word' id='word_1_155' title='bbox 1744 1551 1850 1604; x_wconf 81' lang='grc' dir='ltr'>ὅτι¹</span> 
     </span>
    </p>
   </div>
   <div class='ocr_carea' id='block_1_24' title="bbox 1964 1533 3536 1617">
    <p class='ocr_par' dir='ltr' id='par_1_24' title="bbox 1969 1533 3536 1606">
     <span class='ocr_line' id='line_1_25' title="bbox 1969 1533 3536 1606; baseline -0.003 -16"><span class='ocrx_word' id='word_1_156' title='bbox 1969 1535 2287 1606; x_wconf 73' lang='grc' dir='ltr'>ιΕιΙιῑορυιιι</span> <span class='ocrx_word' id='word_1_157' title='bbox 2322 1535 2613 1604; x_wconf 89' lang='lat' dir='ltr'><strong><em>sapientes,</em></strong></span> <span class='ocrx_word' id='word_1_158' title='bbox 2641 1549 2779 1604; x_wconf 88' lang='lat' dir='ltr'><strong><em>quos</em></strong></span> <span class='ocrx_word' id='word_1_159' title='bbox 2805 1543 2859 1588; x_wconf 90' lang='lat' dir='ltr'><strong><em>et</em></strong></span> <span class='ocrx_word' id='word_1_160' title='bbox 2884 1533 3134 1605; x_wconf 78' lang='grc' dir='ltr'>Γυμνοὺς</span> <span class='ocrx_word' id='word_1_161' title='bbox 3165 1533 3536 1603; x_wconf 61' lang='lat' dir='ltr'><strong><em>appellatae).</em></strong></span> 
     </span>
    </p>
   </div>
   <div class='ocr_carea' id='block_1_25' title="bbox 279 1626 1851 1712">
    <p class='ocr_par' dir='ltr' id='par_1_25' title="bbox 279 1638 1851 1712">
     <span class='ocr_line' id='line_1_26' title="bbox 279 1638 1851 1712; baseline 0.003 -21"><span class='ocrx_word' id='word_1_162' title='bbox 279 1640 483 1709; x_wconf 76' lang='grc' dir='ltr'>γυμνοὶ</span> <span class='ocrx_word' id='word_1_163' title='bbox 534 1639 624 1692; x_wconf 84' lang='grc' dir='ltr'><strong><em>τὸν</em></strong></span> <span class='ocrx_word' id='word_1_164' title='bbox 658 1639 770 1708; x_wconf 77' lang='grc' dir='ltr'>βίον</span> <span class='ocrx_word' id='word_1_165' title='bbox 799 1639 918 1692; x_wconf 85' lang='grc' dir='ltr'>ὅλον</span> <span class='ocrx_word' id='word_1_166' title='bbox 945 1638 1212 1707; x_wconf 81' lang='grc' dir='ltr'>διάγουσι,</span> <span class='ocrx_word' id='word_1_167' title='bbox 1250 1639 1417 1710; x_wconf 60' lang='grc' dir='ltr'>μηδὲξ</span> <span class='ocrx_word' id='word_1_168' title='bbox 1448 1639 1542 1693; x_wconf 87' lang='grc' dir='ltr'><strong><em>τοῦ</em></strong></span> <span class='ocrx_word' id='word_1_169' title='bbox 1587 1641 1750 1712; x_wconf 78' lang='grc' dir='ltr'>ἀέρος</span> <span class='ocrx_word' id='word_1_170' title='bbox 1794 1641 1851 1695; x_wconf 84' lang='grc' dir='ltr'>δι·</span> 
     </span>
    </p>
   </div>
   <div class='ocr_carea' id='block_1_26' title="bbox 1969 1626 3541 1712">
    <p class='ocr_par' dir='ltr' id='par_1_26' title="bbox 1981 1626 3541 1695">
     <span class='ocr_line' id='line_1_27' title="bbox 1981 1626 3541 1695; baseline -0.002 -15"><span class='ocrx_word' id='word_1_171' title='bbox 1981 1626 2127 1695; x_wconf 88' lang='lat' dir='ltr'><strong><em>quod</em></strong></span> <span class='ocrx_word' id='word_1_172' title='bbox 2157 1626 2286 1680; x_wconf 91' lang='lat' dir='ltr'><strong><em>nudi</em></strong></span> <span class='ocrx_word' id='word_1_173' title='bbox 2315 1635 2529 1679; x_wconf 81' lang='lat' dir='ltr'><strong><em>aetatem</em></strong></span> <span class='ocrx_word' id='word_1_174' title='bbox 2558 1636 2818 1695; x_wconf 90' lang='lat' dir='ltr'><strong><em>perpetuo</em></strong></span> <span class='ocrx_word' id='word_1_175' title='bbox 2873 1626 3198 1695; x_wconf 84' lang='lat' dir='ltr'><strong><em>transigant,</em></strong></span> <span class='ocrx_word' id='word_1_176' title='bbox 3240 1633 3293 1677; x_wconf 92' lang='lat' dir='ltr'><strong><em>et</em></strong></span> <span class='ocrx_word' id='word_1_177' title='bbox 3325 1639 3390 1678; x_wconf 94' lang='lat' dir='ltr'><strong><em>ne</em></strong></span> <span class='ocrx_word' id='word_1_178' title='bbox 3419 1626 3541 1678; x_wconf 66' lang='lat' dir='ltr'><strong><em>caeli</em></strong></span> 
     </span>
    </p>
   </div>
   <div class='ocr_carea' id='block_1_27' title="bbox 279 1714 1851 1804">
    <p class='ocr_par' dir='ltr' id='par_1_27' title="bbox 279 1730 1850 1804">
     <span class='ocr_line' id='line_1_28' title="bbox 279 1730 1850 1804; baseline 0.004 -23"><span class='ocrx_word' id='word_1_179' title='bbox 279 1731 573 1800; x_wconf 77' lang='grc' dir='ltr'>οχλοῦντος</span> <span class='ocrx_word' id='word_1_180' title='bbox 597 1731 795 1792; x_wconf 77' lang='grc' dir='ltr'>αὐτοὺς</span> <span class='ocrx_word' id='word_1_181' title='bbox 823 1731 901 1793; x_wconf 82' lang='grc' dir='ltr'><strong><em>εἰς</em></strong></span> <span class='ocrx_word' id='word_1_182' title='bbox 921 1730 1212 1802; x_wconf 76' lang='grc' dir='ltr'>περιϐολὴν</span> <span class='ocrx_word' id='word_1_183' title='bbox 1236 1730 1430 1784; x_wconf 77' lang='grc' dir='ltr'>ἐλθεῖν.</span> <span class='ocrx_word' id='word_1_184' title='bbox 1449 1731 1639 1802; x_wconf 86' lang='grc' dir='ltr'>Πολλῷ</span> <span class='ocrx_word' id='word_1_185' title='bbox 1661 1733 1718 1786; x_wconf 85' lang='grc' dir='ltr'><em>δέ</em></span> <span class='ocrx_word' id='word_1_186' title='bbox 1741 1751 1850 1804; x_wconf 84' lang='grc' dir='ltr'>φησ</span> 
     </span>
    </p>
   </div>
   <div class='ocr_carea' id='block_1_28' title="bbox 1971 1714 3543 1804">
    <p class='ocr_par' dir='ltr' id='par_1_28' title="bbox 1977 1714 3543 1788">
     <span class='ocr_line' id='line_1_29' title="bbox 1977 1714 3543 1788; baseline -0.001 -17"><span class='ocrx_word' id='word_1_187' title='bbox 1977 1719 2194 1788; x_wconf 86' lang='lat' dir='ltr'><strong><em>quidem</em></strong></span> <span class='ocrx_word' id='word_1_188' title='bbox 2280 1725 2601 1786; x_wconf 85' lang='lat' dir='ltr'><strong><em>tempestate</em></strong></span> <span class='ocrx_word' id='word_1_189' title='bbox 2691 1725 2852 1786; x_wconf 88' lang='lat' dir='ltr'><strong><em>atque</em></strong></span> <span class='ocrx_word' id='word_1_190' title='bbox 2932 1716 3275 1772; x_wconf 90' lang='lat' dir='ltr'><strong><em>inclementia</em></strong></span> <span class='ocrx_word' id='word_1_191' title='bbox 3364 1714 3543 1769; x_wconf 83' lang='lat' dir='ltr'><strong><em>vexati</em></strong></span> 
     </span>
    </p>
   </div>
   <div class='ocr_carea' id='block_1_29' title="bbox 278 1808 1850 1893">
    <p class='ocr_par' dir='ltr' id='par_1_29' title="bbox 278 1820 1848 1893">
     <span class='ocr_line' id='line_1_30' title="bbox 278 1820 1848 1893; baseline 0.001 -19"><span class='ocrx_word' id='word_1_192' title='bbox 278 1825 411 1884; x_wconf 84' lang='grc' dir='ltr'>τοὺς</span> <span class='ocrx_word' id='word_1_193' title='bbox 449 1822 628 1874; x_wconf 81' lang='grc' dir='ltr'>Ἰνδῶν</span> <span class='ocrx_word' id='word_1_194' title='bbox 665 1822 775 1874; x_wconf 85' lang='grc' dir='ltr'><strong><em>τῶν</em></strong></span> <span class='ocrx_word' id='word_1_195' title='bbox 809 1822 867 1874; x_wconf 85' lang='grc' dir='ltr'>ὲν</span> <span class='ocrx_word' id='word_1_196' title='bbox 894 1820 972 1890; x_wconf 85' lang='grc' dir='ltr'><strong><em>τῷ</em></strong></span> <span class='ocrx_word' id='word_1_197' title='bbox 997 1820 1254 1891; x_wconf 76' lang='grc' dir='ltr'>Αἰθιοπίᾳ</span> <span class='ocrx_word' id='word_1_198' title='bbox 1281 1821 1460 1890; x_wconf 82' lang='grc' dir='ltr'>σοφῶν</span> <span class='ocrx_word' id='word_1_199' title='bbox 1488 1822 1763 1893; x_wconf 82' lang='grc' dir='ltr'>προέχειν,</span> <span class='ocrx_word' id='word_1_200' title='bbox 1789 1824 1848 1876; x_wconf 87' lang='grc' dir='ltr'>ὃτ</span> 
     </span>
    </p>
   </div>
   <div class='ocr_carea' id='block_1_30' title="bbox 1973 1808 3545 1893">
    <p class='ocr_par' dir='ltr' id='par_1_30' title="bbox 1973 1808 3545 1880">
     <span class='ocr_line' id='line_1_31' title="bbox 1973 1808 3545 1880; baseline -0.003 -16"><span class='ocrx_word' id='word_1_201' title='bbox 1973 1810 2231 1865; x_wconf 87' lang='lat' dir='ltr'><strong><em>amictum</em></strong></span> <span class='ocrx_word' id='word_1_202' title='bbox 2328 1811 2574 1864; x_wconf 86' lang='lat' dir='ltr'><strong><em>induant.</em></strong></span> <span class='ocrx_word' id='word_1_203' title='bbox 2670 1811 2922 1864; x_wconf 87' lang='lat' dir='ltr'><strong><em>Indorum</em></strong></span> <span class='ocrx_word' id='word_1_204' title='bbox 3005 1818 3183 1863; x_wconf 88' lang='lat' dir='ltr'><strong><em>autem</em></strong></span> <span class='ocrx_word' id='word_1_205' title='bbox 3273 1808 3545 1880; x_wconf 82' lang='lat' dir='ltr'><strong><em>sapientes</em></strong></span> 
     </span>
    </p>
   </div>
   <div class='ocr_carea' id='block_1_31' title="bbox 279 1899 1851 1982">
    <p class='ocr_par' dir='ltr' id='par_1_31' title="bbox 279 1908 1851 1982">
     <span class='ocr_line' id='line_1_32' title="bbox 279 1908 1851 1982; baseline 0.001 -19"><span class='ocrx_word' id='word_1_206' title='bbox 279 1912 338 1964; x_wconf 80' lang='grc' dir='ltr'><strong><em>τὲ</em></strong></span> <span class='ocrx_word' id='word_1_207' title='bbox 367 1929 508 1982; x_wconf 77' lang='grc' dir='ltr'>φησι</span> <span class='ocrx_word' id='word_1_208' title='bbox 533 1911 665 1981; x_wconf 82' lang='grc' dir='ltr'>πρὸς</span> <span class='ocrx_word' id='word_1_209' title='bbox 692 1913 886 1964; x_wconf 78' lang='grc' dir='ltr'>ἀκτῖνα</span> <span class='ocrx_word' id='word_1_210' title='bbox 916 1908 1191 1974; x_wconf 80' lang='grc' dir='ltr'>οἰκοῦντες</span> <span class='ocrx_word' id='word_1_211' title='bbox 1219 1909 1368 1980; x_wconf 82' lang='grc' dir='ltr'>ἡλίου</span> <span class='ocrx_word' id='word_1_212' title='bbox 1399 1909 1598 1978; x_wconf 81' lang='grc' dir='ltr'>μᾶλλόν</span> <span class='ocrx_word' id='word_1_213' title='bbox 1639 1913 1745 1964; x_wconf 89' lang='grc' dir='ltr'>είσι</span> <span class='ocrx_word' id='word_1_214' title='bbox 1772 1914 1851 1982; x_wconf 56' lang='lat' dir='ltr'><strong><em>rip</em></strong></span> 
     </span>
    </p>
   </div>
   <div class='ocr_carea' id='block_1_32' title="bbox 1973 1899 3545 1982">
    <p class='ocr_par' dir='ltr' id='par_1_32' title="bbox 1973 1899 3545 1971">
     <span class='ocr_line' id='line_1_33' title="bbox 1973 1899 3545 1971; baseline 0.001 -17"><span class='ocrx_word' id='word_1_215' title='bbox 1973 1900 2130 1971; x_wconf 80' lang='lat' dir='ltr'><strong><em>longe</em></strong></span> <span class='ocrx_word' id='word_1_216' title='bbox 2173 1902 2249 1955; x_wconf 89' lang='lat' dir='ltr'><strong><em>ait</em></strong></span> <span class='ocrx_word' id='word_1_217' title='bbox 2297 1901 2383 1956; x_wconf 90' lang='lat' dir='ltr'><strong><em>his</em></strong></span> <span class='ocrx_word' id='word_1_218' title='bbox 2427 1901 2774 1967; x_wconf 87' lang='lat' dir='ltr'><strong><em>antecellere,</em></strong></span> <span class='ocrx_word' id='word_1_219' title='bbox 2819 1912 2928 1955; x_wconf 87' lang='lat' dir='ltr'><strong><em>tum</em></strong></span> <span class='ocrx_word' id='word_1_220' title='bbox 2987 1899 3133 1970; x_wconf 89' lang='lat' dir='ltr'><strong><em>quod</em></strong></span> <span class='ocrx_word' id='word_1_221' title='bbox 3186 1900 3317 1956; x_wconf 91' lang='lat' dir='ltr'><strong><em>solis</em></strong></span> <span class='ocrx_word' id='word_1_222' title='bbox 3379 1899 3545 1956; x_wconf 84' lang='lat' dir='ltr'><strong><em>radiis</em></strong></span> 
     </span>
    </p>
   </div>
   <div class='ocr_carea' id='block_1_33' title="bbox 280 1993 1852 2074">
    <p class='ocr_par' dir='ltr' id='par_1_33' title="bbox 280 2000 1852 2074">
     <span class='ocr_line' id='line_1_34' title="bbox 280 2000 1852 2074; baseline 0 -19"><span class='ocrx_word' id='word_1_223' title='bbox 280 2003 531 2058; x_wconf 80' lang='grc' dir='ltr'>διάνοιαν</span> <span class='ocrx_word' id='word_1_224' title='bbox 558 2001 699 2066; x_wconf 77' lang='grc' dir='ltr'>ὀξεῖς</span> <span class='ocrx_word' id='word_1_225' title='bbox 743 2000 839 2054; x_wconf 70' lang='grc' dir='ltr'><strong><em>καὶ</em></strong></span> <span class='ocrx_word' id='word_1_226' title='bbox 884 2001 1147 2074; x_wconf 74' lang='grc' dir='ltr'>καθαροὶο,</span> <span class='ocrx_word' id='word_1_227' title='bbox 1177 2001 1274 2056; x_wconf 79' lang='grc' dir='ltr'>καὶ</span> <span class='ocrx_word' id='word_1_228' title='bbox 1297 2003 1380 2056; x_wconf 82' lang='grc' dir='ltr'><strong><em>ὅτι</em></strong></span> <span class='ocrx_word' id='word_1_229' title='bbox 1411 2002 1504 2056; x_wconf 73' lang='grc' dir='ltr'><strong><em>καὶ</em></strong></span> <span class='ocrx_word' id='word_1_230' title='bbox 1531 2002 1707 2074; x_wconf 85' lang='grc' dir='ltr'>χρόνῳ</span> <span class='ocrx_word' id='word_1_231' title='bbox 1740 2021 1852 2074; x_wconf 78' lang='grc' dir='ltr'><strong><em>προ</em></strong></span> 
     </span>
    </p>
   </div>
   <div class='ocr_carea' id='block_1_34' title="bbox 1973 1993 3545 2074">
    <p class='ocr_par' dir='ltr' id='par_1_34' title="bbox 1975 1993 3545 2062">
     <span class='ocr_line' id='line_1_35' title="bbox 1975 1993 3545 2062; baseline -0.001 -15"><span class='ocrx_word' id='word_1_232' title='bbox 1975 1996 2281 2062; x_wconf 86' lang='lat' dir='ltr'><strong><em>pr0piores,</em></strong></span> <span class='ocrx_word' id='word_1_233' title='bbox 2329 2002 2512 2048; x_wconf 91' lang='lat' dir='ltr'><strong><em>mente</em></strong></span> <span class='ocrx_word' id='word_1_234' title='bbox 2558 2003 2682 2047; x_wconf 92' lang='lat' dir='ltr'><strong><em>sunt</em></strong></span> <span class='ocrx_word' id='word_1_235' title='bbox 2718 1993 2889 2061; x_wconf 86' lang='lat' dir='ltr'><strong><em>magis</em></strong></span> <span class='ocrx_word' id='word_1_236' title='bbox 2932 2001 3111 2056; x_wconf 88' lang='lat' dir='ltr'><strong><em>acuta,</em></strong></span> <span class='ocrx_word' id='word_1_237' title='bbox 3152 2001 3208 2046; x_wconf 90' lang='lat' dir='ltr'><strong><em>et</em></strong></span> <span class='ocrx_word' id='word_1_238' title='bbox 3237 2007 3394 2061; x_wconf 90' lang='lat' dir='ltr'><strong><em>pura,</em></strong></span> <span class='ocrx_word' id='word_1_239' title='bbox 3431 2001 3545 2047; x_wconf 86' lang='lat' dir='ltr'><strong><em>tum</em></strong></span> 
     </span>
    </p>
   </div>
   <div class='ocr_carea' id='block_1_35' title="bbox 285 2085 3172 2164">
    <p class='ocr_par' dir='ltr' id='par_1_35' title="bbox 285 2085 3172 2164">
     <span class='ocr_line' id='line_1_36' title="bbox 285 2085 3172 2164; baseline -0.003 -19"><span class='ocrx_word' id='word_1_240' title='bbox 285 2093 539 2164; x_wconf 70' lang='grc' dir='ltr'>ήκοντες.</span> <span class='ocrx_word' id='word_1_241' title='bbox 1972 2100 2038 2139; x_wconf 90' lang='lat' dir='ltr'><strong><em>ex</em></strong></span> <span class='ocrx_word' id='word_1_242' title='bbox 2073 2100 2139 2139; x_wconf 92' lang='lat' dir='ltr'><strong><em>eo</em></strong></span> <span class='ocrx_word' id='word_1_243' title='bbox 2164 2100 2398 2155; x_wconf 90' lang='lat' dir='ltr'><strong><em>quoque,</em></strong></span> <span class='ocrx_word' id='word_1_244' title='bbox 2435 2085 2578 2155; x_wconf 91' lang='lat' dir='ltr'><strong><em>quod</em></strong></span> <span class='ocrx_word' id='word_1_245' title='bbox 2603 2094 2762 2140; x_wconf 65' lang='lat' dir='ltr'><strong><em>aetate</em></strong></span> <span class='ocrx_word' id='word_1_246' title='bbox 2795 2085 2907 2140; x_wconf 90' lang='lat' dir='ltr'><strong><em>siut</em></strong></span> <span class='ocrx_word' id='word_1_247' title='bbox 2937 2087 3172 2154; x_wconf 87' lang='lat' dir='ltr'><strong><em>priores.</em></strong></span> 
     </span>
    </p>
   </div>
   <div class='ocr_carea' id='block_1_36' title="bbox 355 2175 1927 2254">
    <p class='ocr_par' dir='ltr' id='par_1_36' title="bbox 355 2180 1873 2254">
     <span class='ocr_line' id='line_1_37' title="bbox 355 2180 1873 2254; baseline 0.001 -18"><span class='ocrx_word' id='word_1_248' title='bbox 355 2183 454 2254; x_wconf 83' lang='grc' dir='ltr'><strong><em>Τῷ</em></strong></span> <span class='ocrx_word' id='word_1_249' title='bbox 489 2182 674 2253; x_wconf 81' lang='grc' dir='ltr'>μέντοι</span> <span class='ocrx_word' id='word_1_250' title='bbox 707 2180 1048 2252; x_wconf 74' lang='grc' dir='ltr'>Ἀπολλωνίῳ</span> <span class='ocrx_word' id='word_1_251' title='bbox 1075 2181 1228 2236; x_wconf 81' lang='grc' dir='ltr'>οὐδὲν</span> <span class='ocrx_word' id='word_1_252' title='bbox 1254 2182 1390 2244; x_wconf 84' lang='grc' dir='ltr'>ὅλως</span> <span class='ocrx_word' id='word_1_253' title='bbox 1439 2183 1573 2253; x_wconf 74' lang='grc' dir='ltr'>φησὶ</span> <span class='ocrx_word' id='word_1_254' title='bbox 1617 2184 1873 2254; x_wconf 83' lang='grc' dir='ltr'>τελεσθῆ-</span> 
     </span>
    </p>
   </div>
   <div class='ocr_carea' id='block_1_37' title="bbox 1975 2175 3547 2254">
    <p class='ocr_par' dir='ltr' id='par_1_37' title="bbox 2039 2175 3547 2246">
     <span class='ocr_line' id='line_1_38' title="bbox 2039 2175 3547 2246; baseline -0.002 -15"><span class='ocrx_word' id='word_1_255' title='bbox 2039 2178 2122 2231; x_wconf 84' lang='grc' dir='ltr'><strong><em>Αὶι</em></strong></span> <span class='ocrx_word' id='word_1_256' title='bbox 2153 2176 2438 2246; x_wconf 83' lang='lat' dir='ltr'><strong><em>Apollonio</em></strong></span> <span class='ocrx_word' id='word_1_257' title='bbox 2473 2191 2636 2246; x_wconf 85' lang='lat' dir='ltr'><strong><em>porro</em></strong></span> <span class='ocrx_word' id='word_1_258' title='bbox 2674 2191 2862 2231; x_wconf 90' lang='lat' dir='ltr'><strong><em>eorum</em></strong></span> <span class='ocrx_word' id='word_1_259' title='bbox 2915 2176 3048 2231; x_wconf 85' lang='lat' dir='ltr'><strong><em>nihil</em></strong></span> <span class='ocrx_word' id='word_1_260' title='bbox 3076 2175 3299 2230; x_wconf 89' lang='lat' dir='ltr'><strong><em>omnino</em></strong></span> <span class='ocrx_word' id='word_1_261' title='bbox 3334 2183 3547 2244; x_wconf 83' lang='lat' dir='ltr'><strong><em>gestum</em></strong></span> 
     </span>
    </p>
   </div>
   <div class='ocr_carea' id='block_1_38' title="bbox 289 2266 1861 2344">
    <p class='ocr_par' dir='ltr' id='par_1_38' title="bbox 289 2267 1861 2344">
     <span class='ocr_line' id='line_1_39' title="bbox 289 2267 1861 2344; baseline 0.002 -18"><span class='ocrx_word' id='word_1_262' title='bbox 289 2291 402 2337; x_wconf 76' lang='grc' dir='ltr'>ναι,</span> <span class='ocrx_word' id='word_1_263' title='bbox 431 2267 523 2325; x_wconf 75' lang='grc' dir='ltr'>οἷα</span> <span class='ocrx_word' id='word_1_264' title='bbox 551 2273 578 2324; x_wconf 87' lang='grc' dir='ltr'>ὁ</span> <span class='ocrx_word' id='word_1_265' title='bbox 611 2269 861 2340; x_wconf 83' lang='grc' dir='ltr'>μυθώδης</span> <span class='ocrx_word' id='word_1_266' title='bbox 882 2272 1030 2342; x_wconf 85' lang='grc' dir='ltr'>αὑτῷ</span> <span class='ocrx_word' id='word_1_267' title='bbox 1053 2273 1337 2344; x_wconf 78' lang='grc' dir='ltr'>χαρίζεται</span> <span class='ocrx_word' id='word_1_268' title='bbox 1361 2271 1519 2342; x_wconf 79' lang='grc' dir='ltr'>λόγος</span> <span class='ocrx_word' id='word_1_269' title='bbox 1540 2290 1555 2305; x_wconf 74' lang='grc' dir='ltr'><strong><em>ο</em></strong></span> <span class='ocrx_word' id='word_1_270' title='bbox 1587 2274 1861 2344; x_wconf 71' lang='grc' dir='ltr'>φιλόσοφοι</span> 
     </span>
    </p>
   </div>
   <div class='ocr_carea' id='block_1_39' title="bbox 1975 2266 3547 2344">
    <p class='ocr_par' dir='ltr' id='par_1_39' title="bbox 1975 2266 3547 2338">
     <span class='ocr_line' id='line_1_40' title="bbox 1975 2266 3547 2338; baseline -0.003 -15"><span class='ocrx_word' id='word_1_271' title='bbox 1975 2267 2163 2334; x_wconf 88' lang='lat' dir='ltr'><strong><em>refert,</em></strong></span> <span class='ocrx_word' id='word_1_272' title='bbox 2215 2283 2336 2338; x_wconf 63' lang='lat' dir='ltr'><strong><em>quae</em></strong></span> <span class='ocrx_word' id='word_1_273' title='bbox 2383 2266 2626 2323; x_wconf 83' lang='lat' dir='ltr'><strong><em>fabulose</em></strong></span> <span class='ocrx_word' id='word_1_274' title='bbox 2677 2269 2743 2322; x_wconf 92' lang='lat' dir='ltr'><strong><em>de</em></strong></span> <span class='ocrx_word' id='word_1_275' title='bbox 2789 2269 2906 2337; x_wconf 88' lang='lat' dir='ltr'><strong><em>ipso</em></strong></span> <span class='ocrx_word' id='word_1_276' title='bbox 2955 2277 3286 2323; x_wconf 84' lang='lat' dir='ltr'><strong><em>narrantur:</em></strong></span> <span class='ocrx_word' id='word_1_277' title='bbox 3340 2275 3547 2320; x_wconf 88' lang='lat' dir='ltr'><strong><em>tantum</em></strong></span> 
     </span>
    </p>
   </div>
   <div class='ocr_carea' id='block_1_40' title="bbox 287 2357 1859 2437">
    <p class='ocr_par' dir='ltr' id='par_1_40' title="bbox 287 2360 1859 2437">
     <span class='ocr_line' id='line_1_41' title="bbox 287 2360 1859 2437; baseline 0.007 -27"><span class='ocrx_word' id='word_1_278' title='bbox 287 2362 344 2410; x_wconf 74' lang='grc' dir='ltr'>δὲ</span> <span class='ocrx_word' id='word_1_279' title='bbox 375 2376 503 2411; x_wconf 85' lang='grc' dir='ltr'>τινα</span> <span class='ocrx_word' id='word_1_280' title='bbox 527 2361 624 2410; x_wconf 75' lang='grc' dir='ltr'><strong><em>κα)⁸</em></strong></span> <span class='ocrx_word' id='word_1_281' title='bbox 655 2361 901 2430; x_wconf 77' lang='grc' dir='ltr'>ἐγκρατῆ</span> <span class='ocrx_word' id='word_1_282' title='bbox 922 2360 1036 2431; x_wconf 84' lang='grc' dir='ltr'>βίον</span> <span class='ocrx_word' id='word_1_283' title='bbox 1057 2363 1424 2434; x_wconf 82' lang='grc' dir='ltr'>ἀποσεμνύνει</span> <span class='ocrx_word' id='word_1_284' title='bbox 1446 2366 1489 2398; x_wconf 84' lang='grc'><strong><em>¹⁰</em></strong></span> <span class='ocrx_word' id='word_1_285' title='bbox 1514 2365 1678 2420; x_wconf 77' lang='grc' dir='ltr'>αὐτὸν</span> <span class='ocrx_word' id='word_1_286' title='bbox 1701 2365 1859 2437; x_wconf 87' lang='grc' dir='ltr'>βιοῦν-</span> 
     </span>
    </p>
   </div>
   <div class='ocr_carea' id='block_1_41' title="bbox 1975 2357 3547 2437">
    <p class='ocr_par' dir='ltr' id='par_1_41' title="bbox 1976 2357 3547 2430">
     <span class='ocr_line' id='line_1_42' title="bbox 1976 2357 3547 2430; baseline -0.001 -16"><span class='ocrx_word' id='word_1_287' title='bbox 1976 2359 2404 2430; x_wconf 88' lang='lat' dir='ltr'><strong><em>philosophicam</em></strong></span> <span class='ocrx_word' id='word_1_288' title='bbox 2437 2359 2732 2429; x_wconf 85' lang='lat' dir='ltr'><strong><em>quamdam</em></strong></span> <span class='ocrx_word' id='word_1_289' title='bbox 2767 2369 3236 2430; x_wconf 87' lang='lat' dir='ltr'><strong><em>temperatamque</em></strong></span> <span class='ocrx_word' id='word_1_290' title='bbox 3275 2357 3392 2428; x_wconf 85' lang='lat' dir='ltr'><strong><em>ejus</em></strong></span> <span class='ocrx_word' id='word_1_291' title='bbox 3439 2359 3547 2412; x_wconf 88' lang='lat' dir='ltr'><strong><em>vita</em></strong></span> 
     </span>
    </p>
   </div>
   <div class='ocr_carea' id='block_1_42' title="bbox 285 2448 1857 2529">
    <p class='ocr_par' dir='ltr' id='par_1_42' title="bbox 285 2448 1857 2529">
     <span class='ocr_line' id='line_1_43' title="bbox 285 2448 1857 2529; baseline 0.008 -28"><span class='ocrx_word' id='word_1_292' title='bbox 285 2465 356 2501; x_wconf 86' lang='grc' dir='ltr'><strong><em>τα</em></strong></span> <span class='ocrx_word' id='word_1_293' title='bbox 375 2487 396 2512; x_wconf 88' lang='grc'><strong><em>,</em></strong></span> <span class='ocrx_word' id='word_1_294' title='bbox 428 2448 528 2503; x_wconf 73' lang='grc' dir='ltr'>ἅτε</span> <span class='ocrx_word' id='word_1_295' title='bbox 561 2453 658 2504; x_wconf 72' lang='grc' dir='ltr'>καὶ</span> <span class='ocrx_word' id='word_1_296' title='bbox 682 2451 1063 2524; x_wconf 80' lang='grc' dir='ltr'>Πυθαγορικὴν</span> <span class='ocrx_word' id='word_1_297' title='bbox 1094 2456 1532 2528; x_wconf 78' lang='grc' dir='ltr'>ἐπιδεικνύμενον</span> <span class='ocrx_word' id='word_1_298' title='bbox 1557 2458 1857 2529; x_wconf 55' lang='grc' dir='ltr'>φιλοσοφίαι</span> 
     </span>
    </p>
   </div>
   <div class='ocr_carea' id='block_1_43' title="bbox 1977 2448 3549 2529">
    <p class='ocr_par' dir='ltr' id='par_1_43' title="bbox 1990 2451 3549 2524">
     <span class='ocr_line' id='line_1_44' title="bbox 1990 2451 3549 2524; baseline -0.001 -16"><span class='ocrx_word' id='word_1_299' title='bbox 1990 2453 2222 2518; x_wconf 82' lang='lat' dir='ltr'><strong><em>extollit,</em></strong></span> <span class='ocrx_word' id='word_1_300' title='bbox 2265 2468 2371 2524; x_wconf 89' lang='lat' dir='ltr'><strong><em>qua</em></strong></span> <span class='ocrx_word' id='word_1_301' title='bbox 2409 2451 2805 2524; x_wconf 79' lang='lat' dir='ltr'><strong><em>Pythagoream</em></strong></span> <span class='ocrx_word' id='word_1_302' title='bbox 2851 2462 3081 2518; x_wconf 85' lang='lat' dir='ltr'><strong><em>sectam,</em></strong></span> <span class='ocrx_word' id='word_1_303' title='bbox 3131 2468 3254 2506; x_wconf 90' lang='lat' dir='ltr'><strong><em>cum</em></strong></span> <span class='ocrx_word' id='word_1_304' title='bbox 3306 2452 3549 2507; x_wconf 90' lang='lat' dir='ltr'><strong><em>moribus</em></strong></span> 
     </span>
    </p>
   </div>
   <div class='ocr_carea' id='block_1_44' title="bbox 288 2538 1860 2614">
    <p class='ocr_par' dir='ltr' id='par_1_44' title="bbox 288 2538 1860 2614">
     <span class='ocr_line' id='line_1_45' title="bbox 288 2538 1860 2614; baseline 0.009 -23"><span class='ocrx_word' id='word_1_305' title='bbox 288 2539 348 2592; x_wconf 76' lang='grc' dir='ltr'>ἐν</span> <span class='ocrx_word' id='word_1_306' title='bbox 375 2555 440 2591; x_wconf 85' lang='grc' dir='ltr'><strong><em>τε</em></strong></span> <span class='ocrx_word' id='word_1_307' title='bbox 478 2538 637 2609; x_wconf 75' lang='grc' dir='ltr'>ήθεσι</span> <span class='ocrx_word' id='word_1_308' title='bbox 682 2541 778 2593; x_wconf 78' lang='grc' dir='ltr'><strong><em>καὶ</em></strong></span> <span class='ocrx_word' id='word_1_309' title='bbox 821 2542 880 2592; x_wconf 79' lang='grc' dir='ltr'>ἐν</span> <span class='ocrx_word' id='word_1_310' title='bbox 919 2543 1172 2614; x_wconf 80' lang='grc' dir='ltr'>δόγμασι.</span> <span class='ocrx_word' id='word_1_311' title='bbox 1199 2547 1304 2599; x_wconf 82' lang='grc' dir='ltr'>Τὸν</span> <span class='ocrx_word' id='word_1_312' title='bbox 1345 2549 1404 2601; x_wconf 81' lang='grc' dir='ltr'>δὲ</span> <span class='ocrx_word' id='word_1_313' title='bbox 1449 2549 1678 2603; x_wconf 86' lang='grc' dir='ltr'>θάνατον</span> <span class='ocrx_word' id='word_1_314' title='bbox 1709 2550 1860 2604; x_wconf 81' lang='grc' dir='ltr'>αὑτοῐ</span> 
     </span>
    </p>
   </div>
   <div class='ocr_carea' id='block_1_45' title="bbox 1971 2538 3543 2614">
    <p class='ocr_par' dir='ltr' id='par_1_45' title="bbox 1981 2542 3543 2614">
     <span class='ocr_line' id='line_1_46' title="bbox 1981 2542 3543 2614; baseline -0.003 -17"><span class='ocrx_word' id='word_1_315' title='bbox 1981 2553 2092 2598; x_wconf 91' lang='lat' dir='ltr'><strong><em>tum</em></strong></span> <span class='ocrx_word' id='word_1_316' title='bbox 2131 2545 2377 2600; x_wconf 88' lang='lat' dir='ltr'><strong><em>doctrina</em></strong></span> <span class='ocrx_word' id='word_1_317' title='bbox 2407 2543 2762 2614; x_wconf 80' lang='lat' dir='ltr'><strong><em>expresserit.</em></strong></span> <span class='ocrx_word' id='word_1_318' title='bbox 2791 2542 3014 2596; x_wconf 84' lang='lat' dir='ltr'><strong><em>Mortem</em></strong></span> <span class='ocrx_word' id='word_1_319' title='bbox 3057 2542 3225 2612; x_wconf 85' lang='lat' dir='ltr'><strong><em>ipsius</em></strong></span> <span class='ocrx_word' id='word_1_320' title='bbox 3256 2542 3543 2596; x_wconf 88' lang='lat' dir='ltr'><strong><em>obscuram</em></strong></span> 
     </span>
    </p>
   </div>
   <div class='ocr_carea' id='block_1_46' title="bbox 289 2629 1861 2710">
    <p class='ocr_par' dir='ltr' id='par_1_46' title="bbox 289 2629 1855 2709">
     <span class='ocr_line' id='line_1_47' title="bbox 289 2629 1855 2709; baseline 0.009 -27"><span class='ocrx_word' id='word_1_321' title='bbox 289 2630 494 2700; x_wconf 78' lang='grc' dir='ltr'>ᾶδηλόν</span> <span class='ocrx_word' id='word_1_322' title='bbox 518 2647 578 2683; x_wconf 87' lang='grc' dir='ltr'><strong><em>τε</em></strong></span> <span class='ocrx_word' id='word_1_323' title='bbox 609 2630 704 2684; x_wconf 81' lang='grc' dir='ltr'>καὶ</span> <span class='ocrx_word' id='word_1_324' title='bbox 726 2629 941 2695; x_wconf 85' lang='grc' dir='ltr'>πολλοῖς</span> <span class='ocrx_word' id='word_1_325' title='bbox 966 2633 1404 2705; x_wconf 81' lang='grc' dir='ltr'>διαφωνούμενον</span> <span class='ocrx_word' id='word_1_326' title='bbox 1433 2639 1582 2708; x_wconf 79' lang='grc' dir='ltr'>λέγει</span> <span class='ocrx_word' id='word_1_327' title='bbox 1603 2641 1855 2709; x_wconf 84' lang='grc' dir='ltr'>γενέσθαι</span> 
     </span>
    </p>
   </div>
   <div class='ocr_carea' id='block_1_47' title="bbox 1977 2629 3549 2710">
    <p class='ocr_par' dir='ltr' id='par_1_47' title="bbox 1996 2631 3549 2700">
     <span class='ocr_line' id='line_1_48' title="bbox 1996 2631 3549 2700; baseline -0.002 -11"><span class='ocrx_word' id='word_1_328' title='bbox 1996 2636 2187 2700; x_wconf 91' lang='lat' dir='ltr'><strong><em>fuisse,</em></strong></span> <span class='ocrx_word' id='word_1_329' title='bbox 2222 2645 2277 2690; x_wconf 89' lang='lat' dir='ltr'><strong><em>et</em></strong></span> <span class='ocrx_word' id='word_1_330' title='bbox 2310 2651 2338 2689; x_wconf 90' lang='lat' dir='ltr'><strong><em>a</em></strong></span> <span class='ocrx_word' id='word_1_331' title='bbox 2361 2635 2544 2691; x_wconf 90' lang='lat' dir='ltr'><strong><em>multis</em></strong></span> <span class='ocrx_word' id='word_1_332' title='bbox 2575 2636 2725 2690; x_wconf 86' lang='lat' dir='ltr'><strong><em>varie</em></strong></span> <span class='ocrx_word' id='word_1_333' title='bbox 2755 2643 3029 2688; x_wconf 86' lang='lat' dir='ltr'><strong><em>narratam</em></strong></span> <span class='ocrx_word' id='word_1_334' title='bbox 3068 2631 3279 2698; x_wconf 84' lang='lat' dir='ltr'><strong><em>scribit,</em></strong></span> <span class='ocrx_word' id='word_1_335' title='bbox 3307 2633 3549 2686; x_wconf 86' lang='lat' dir='ltr'><strong><em>studiose</em></strong></span> 
     </span>
    </p>
   </div>
   <div class='ocr_carea' id='block_1_48' title="bbox 291 2720 1863 2802">
    <p class='ocr_par' dir='ltr' id='par_1_48' title="bbox 291 2720 1863 2802">
     <span class='ocr_line' id='line_1_49' title="bbox 291 2720 1863 2802; baseline 0.008 -29"><span class='ocrx_word' id='word_1_336' title='bbox 291 2720 466 2774; x_wconf 81' lang='grc' dir='ltr'>αὑτοῦ</span> <span class='ocrx_word' id='word_1_337' title='bbox 487 2721 698 2775; x_wconf 73' lang='grc' dir='ltr'>ἐκείνου</span> <span class='ocrx_word' id='word_1_338' title='bbox 721 2721 878 2775; x_wconf 86' lang='grc' dir='ltr'>τοῦτο</span> <span class='ocrx_word' id='word_1_339' title='bbox 902 2725 1303 2790; x_wconf 82' lang='grc' dir='ltr'>σπουδάσαντος·</span> <span class='ocrx_word' id='word_1_340' title='bbox 1318 2743 1332 2758; x_wconf 72' lang='grc'><strong><em>⁸</em></strong></span> <span class='ocrx_word' id='word_1_341' title='bbox 1353 2729 1572 2802; x_wconf 74' lang='grc' dir='ltr'>καὶγὰρ</span> <span class='ocrx_word' id='word_1_342' title='bbox 1589 2732 1683 2784; x_wconf 81' lang='grc' dir='ltr'><strong><em>καὶ</em></strong></span> <span class='ocrx_word' id='word_1_343' title='bbox 1699 2732 1863 2796; x_wconf 74' lang='grc' dir='ltr'>ζῶντα</span> 
     </span>
    </p>
   </div>
   <div class='ocr_carea' id='block_1_49' title="bbox 1973 2720 3545 2802">
    <p class='ocr_par' dir='ltr' id='par_1_49' title="bbox 1986 2725 3545 2798">
     <span class='ocr_line' id='line_1_50' title="bbox 1986 2725 3545 2798; baseline -0.004 -15"><span class='ocrx_word' id='word_1_344' title='bbox 1986 2729 2096 2783; x_wconf 90' lang='lat' dir='ltr'><strong><em>hoc</em></strong></span> <span class='ocrx_word' id='word_1_345' title='bbox 2126 2729 2301 2798; x_wconf 88' lang='lat' dir='ltr'><strong><em>ipsum</em></strong></span> <span class='ocrx_word' id='word_1_346' title='bbox 2325 2728 2659 2783; x_wconf 83' lang='lat' dir='ltr'><strong><em>Philostrato</em></strong></span> <span class='ocrx_word' id='word_1_347' title='bbox 2685 2737 2904 2798; x_wconf 84' lang='lat' dir='ltr'><strong><em>agente.</em></strong></span> <span class='ocrx_word' id='word_1_348' title='bbox 2940 2725 3151 2781; x_wconf 88' lang='lat' dir='ltr'><strong><em>Etenim</em></strong></span> <span class='ocrx_word' id='word_1_349' title='bbox 3182 2733 3237 2778; x_wconf 89' lang='lat' dir='ltr'><strong><em>et</em></strong></span> <span class='ocrx_word' id='word_1_350' title='bbox 3273 2725 3545 2778; x_wconf 83' lang='lat' dir='ltr'><strong><em>viventem</em></strong></span> 
     </span>
    </p>
   </div>
   <div class='ocr_carea' id='block_1_50' title="bbox 291 2813 1863 2891">
    <p class='ocr_par' dir='ltr' id='par_1_50' title="bbox 291 2813 1863 2887">
     <span class='ocr_line' id='line_1_51' title="bbox 291 2813 1863 2887; baseline 0.007 -22"><span class='ocrx_word' id='word_1_351' title='bbox 291 2814 378 2866; x_wconf 64' lang='grc' dir='ltr'>ἔτι</span> <span class='ocrx_word' id='word_1_352' title='bbox 422 2813 607 2882; x_wconf 83' lang='grc' dir='ltr'>λέγειν</span> <span class='ocrx_word' id='word_1_353' title='bbox 627 2815 668 2845; x_wconf 81' lang='grc'>¹¹</span> <span class='ocrx_word' id='word_1_354' title='bbox 714 2813 791 2878; x_wconf 86' lang='grc' dir='ltr'>ὡς</span> <span class='ocrx_word' id='word_1_355' title='bbox 825 2815 906 2868; x_wconf 84' lang='grc' dir='ltr'><strong><em>δεῖ</em></strong></span> <span class='ocrx_word' id='word_1_356' title='bbox 931 2815 1022 2868; x_wconf 78' lang='grc' dir='ltr'><strong><em>τὸν</em></strong></span> <span class='ocrx_word' id='word_1_357' title='bbox 1057 2819 1217 2887; x_wconf 79' lang='grc' dir='ltr'>σοφὸν</span> <span class='ocrx_word' id='word_1_358' title='bbox 1243 2821 1370 2885; x_wconf 84' lang='grc' dir='ltr'>τοὺς</span> <span class='ocrx_word' id='word_1_359' title='bbox 1403 2821 1630 2886; x_wconf 85' lang='grc' dir='ltr'>πολλοὺς</span> <span class='ocrx_word' id='word_1_360' title='bbox 1651 2824 1863 2878; x_wconf 72' lang='grc' dir='ltr'>λαθόντα</span> 
     </span>
    </p>
   </div>
   <div class='ocr_carea' id='block_1_51' title="bbox 1976 2813 3548 2891">
    <p class='ocr_par' dir='ltr' id='par_1_51' title="bbox 1983 2815 3548 2891">
     <span class='ocr_line' id='line_1_52' title="bbox 1983 2815 3548 2891; baseline -0.004 -16"><span class='ocrx_word' id='word_1_361' title='bbox 1983 2819 2096 2891; x_wconf 79' lang='grc'><strong>(75)</strong></span> <span class='ocrx_word' id='word_1_362' title='bbox 2115 2821 2291 2875; x_wconf 89' lang='lat' dir='ltr'><strong><em>dicere</em></strong></span> <span class='ocrx_word' id='word_1_363' title='bbox 2306 2819 2733 2888; x_wconf 86' lang='lat' dir='ltr'><strong><em>solitum,sapien</em></strong></span> <span class='ocrx_word' id='word_1_364' title='bbox 2742 2828 2846 2873; x_wconf 92' lang='lat' dir='ltr'><strong><em>tem</em></strong></span> <span class='ocrx_word' id='word_1_365' title='bbox 2865 2829 3118 2887; x_wconf 90' lang='lat' dir='ltr'><strong><em>oportere</em></strong></span> <span class='ocrx_word' id='word_1_366' title='bbox 3135 2815 3321 2870; x_wconf 79' lang='lat' dir='ltr'><strong><em>fallere</em></strong></span> <span class='ocrx_word' id='word_1_367' title='bbox 3334 2831 3420 2869; x_wconf 93' lang='lat' dir='ltr'><strong><em>om</em></strong></span> <span class='ocrx_word' id='word_1_368' title='bbox 3430 2829 3548 2878; x_wconf 86' lang='lat' dir='ltr'><strong><em>nes,</em></strong></span> 
     </span>
    </p>
   </div>
   <div class='ocr_carea' id='block_1_52' title="bbox 291 2905 1863 2984">
    <p class='ocr_par' dir='ltr' id='par_1_52' title="bbox 291 2905 1863 2984">
     <span class='ocr_line' id='line_1_53' title="bbox 291 2905 1863 2984; baseline 0.006 -27"><span class='ocrx_word' id='word_1_369' title='bbox 291 2906 514 2975; x_wconf 77' lang='grc' dir='ltr'>βιῶναι,</span> <span class='ocrx_word' id='word_1_370' title='bbox 547 2905 672 2960; x_wconf 80' lang='grc' dir='ltr'>εἰδὲ</span> <span class='ocrx_word' id='word_1_371' title='bbox 696 2906 792 2978; x_wconf 84' lang='grc' dir='ltr'>μὴ,</span> <span class='ocrx_word' id='word_1_372' title='bbox 823 2907 924 2962; x_wconf 76' lang='grc' dir='ltr'><strong><em>κᾶν</em></strong></span> <span class='ocrx_word' id='word_1_373' title='bbox 949 2907 1080 2976; x_wconf 89' lang='grc' dir='ltr'>γοῦν</span> <span class='ocrx_word' id='word_1_374' title='bbox 1105 2911 1409 2966; x_wconf 73' lang='grc' dir='ltr'>ἀποϐιῶναι</span> <span class='ocrx_word' id='word_1_375' title='bbox 1431 2912 1690 2969; x_wconf 83' lang='grc' dir='ltr'>λαθόντα·</span> <span class='ocrx_word' id='word_1_376' title='bbox 1711 2914 1863 2984; x_wconf 68' lang='grc' dir='ltr'>τάφοι</span> 
     </span>
    </p>
   </div>
   <div class='ocr_carea' id='block_1_53' title="bbox 1979 2905 3551 2984">
    <p class='ocr_par' dir='ltr' id='par_1_53' title="bbox 1982 2905 3551 2980">
     <span class='ocr_line' id='line_1_54' title="bbox 1982 2905 3551 2980; baseline -0.004 -14"><span class='ocrx_word' id='word_1_377' title='bbox 1982 2926 2048 2966; x_wconf 86' lang='lat' dir='ltr'><strong><em>ac</em></strong></span> <span class='ocrx_word' id='word_1_378' title='bbox 2098 2910 2269 2967; x_wconf 86' lang='lat' dir='ltr'><strong><em>latere</em></strong></span> <span class='ocrx_word' id='word_1_379' title='bbox 2306 2912 2358 2965; x_wconf 90' lang='lat' dir='ltr'><strong><em>in</em></strong></span> <span class='ocrx_word' id='word_1_380' title='bbox 2398 2912 2538 2977; x_wconf 90' lang='lat' dir='ltr'><strong><em>vita,</em></strong></span> <span class='ocrx_word' id='word_1_381' title='bbox 2593 2911 2645 2965; x_wconf 88' lang='lat' dir='ltr'><strong><em>id</em></strong></span> <span class='ocrx_word' id='word_1_382' title='bbox 2685 2911 2730 2966; x_wconf 89' lang='lat' dir='ltr'><strong><em>si</em></strong></span> <span class='ocrx_word' id='word_1_383' title='bbox 2770 2919 3024 2980; x_wconf 84' lang='lat' dir='ltr'><strong><em>nequeat,</em></strong></span> <span class='ocrx_word' id='word_1_384' title='bbox 3055 2909 3191 2964; x_wconf 88' lang='lat' dir='ltr'><strong><em>mori</em></strong></span> <span class='ocrx_word' id='word_1_385' title='bbox 3229 2908 3423 2962; x_wconf 87' lang='lat' dir='ltr'><strong><em>saltem</em></strong></span> <span class='ocrx_word' id='word_1_386' title='bbox 3466 2905 3551 2961; x_wconf 87' lang='lat' dir='ltr'><strong><em>la-</em></strong></span> 
     </span>
    </p>
   </div>
   <div class='ocr_carea' id='block_1_54' title="bbox 289 2999 1861 3078">
    <p class='ocr_par' dir='ltr' id='par_1_54' title="bbox 289 2999 1861 3078">
     <span class='ocr_line' id='line_1_55' title="bbox 289 2999 1861 3078; baseline 0.007 -27"><span class='ocrx_word' id='word_1_387' title='bbox 289 2999 347 3052; x_wconf 81' lang='grc' dir='ltr'>δὲ</span> <span class='ocrx_word' id='word_1_388' title='bbox 380 2999 554 3053; x_wconf 78' lang='grc' dir='ltr'>αὑτοῦ</span> <span class='ocrx_word' id='word_1_389' title='bbox 589 3000 843 3072; x_wconf 77' lang='grc' dir='ltr'>μηδαμοῦ</span> <span class='ocrx_word' id='word_1_390' title='bbox 872 3002 976 3072; x_wconf 86' lang='grc' dir='ltr'>γῆς</span> <span class='ocrx_word' id='word_1_391' title='bbox 1004 3003 1292 3071; x_wconf 76' lang='grc' dir='ltr'>ἐγνῶσθαι.</span> <span class='ocrx_word' id='word_1_392' title='bbox 1315 3005 1479 3074; x_wconf 86' lang='grc' dir='ltr'>Λέγει</span> <span class='ocrx_word' id='word_1_393' title='bbox 1500 3006 1558 3060; x_wconf 88' lang='grc' dir='ltr'>δὲ</span> <span class='ocrx_word' id='word_1_394' title='bbox 1585 3007 1748 3062; x_wconf 83' lang='grc' dir='ltr'>αὐτὸν</span> <span class='ocrx_word' id='word_1_395' title='bbox 1773 3007 1861 3078; x_wconf 77' lang='grc' dir='ltr'><strong><em>μάι</em></strong></span> 
     </span>
    </p>
   </div>
   <div class='ocr_carea' id='block_1_55' title="bbox 1974 2999 3546 3078">
    <p class='ocr_par' dir='ltr' id='par_1_55' title="bbox 1984 3000 3546 3072">
     <span class='ocr_line' id='line_1_56' title="bbox 1984 3000 3546 3072; baseline -0.002 -15"><span class='ocrx_word' id='word_1_396' title='bbox 1984 3013 2185 3060; x_wconf 90' lang='lat' dir='ltr'><strong><em>tentem</em></strong></span> <span class='ocrx_word' id='word_1_397' title='bbox 2232 3003 2449 3058; x_wconf 88' lang='lat' dir='ltr'><strong><em>debere.</em></strong></span> <span class='ocrx_word' id='word_1_398' title='bbox 2495 3001 2814 3072; x_wconf 89' lang='lat' dir='ltr'><strong><em>Sepulcrum</em></strong></span> <span class='ocrx_word' id='word_1_399' title='bbox 2856 3002 2976 3072; x_wconf 86' lang='lat' dir='ltr'><strong><em>ejus</em></strong></span> <span class='ocrx_word' id='word_1_400' title='bbox 3003 3017 3268 3072; x_wconf 87' lang='lat' dir='ltr'><strong><em>nusquam</em></strong></span> <span class='ocrx_word' id='word_1_401' title='bbox 3305 3000 3546 3056; x_wconf 89' lang='lat' dir='ltr'><strong><em>ostendi.</em></strong></span> 
     </span>
    </p>
   </div>
   <div class='ocr_carea' id='block_1_56' title="bbox 291 3091 1863 3170">
    <p class='ocr_par' dir='ltr' id='par_1_56' title="bbox 291 3091 1863 3170">
     <span class='ocr_line' id='line_1_57' title="bbox 291 3091 1863 3170; baseline 0.007 -27"><span class='ocrx_word' id='word_1_402' title='bbox 291 3091 462 3144; x_wconf 86' lang='grc' dir='ltr'>λιστα</span> <span class='ocrx_word' id='word_1_403' title='bbox 495 3091 798 3162; x_wconf 83' lang='grc' dir='ltr'>χρημάτων</span> <span class='ocrx_word' id='word_1_404' title='bbox 827 3093 1063 3165; x_wconf 81' lang='grc' dir='ltr'>κρείττω</span> <span class='ocrx_word' id='word_1_405' title='bbox 1087 3094 1358 3162; x_wconf 87' lang='grc' dir='ltr'>γενέσθαι.</span> <span class='ocrx_word' id='word_1_406' title='bbox 1388 3097 1464 3160; x_wconf 87' lang='grc' dir='ltr'>ὡς</span> <span class='ocrx_word' id='word_1_407' title='bbox 1488 3098 1583 3152; x_wconf 75' lang='grc' dir='ltr'><strong><em>καὶ</em></strong></span> <span class='ocrx_word' id='word_1_408' title='bbox 1603 3099 1702 3170; x_wconf 83' lang='grc' dir='ltr'>τὴν</span> <span class='ocrx_word' id='word_1_409' title='bbox 1744 3099 1863 3169; x_wconf 84' lang='grc' dir='ltr'>κτῆ·</span> 
     </span>
    </p>
   </div>
   <div class='ocr_carea' id='block_1_57' title="bbox 1977 3091 3549 3170">
    <p class='ocr_par' dir='ltr' id='par_1_57' title="bbox 1990 3091 3549 3164">
     <span class='ocr_line' id='line_1_58' title="bbox 1990 3091 3549 3164; baseline -0.003 -17"><span class='ocrx_word' id='word_1_410' title='bbox 1990 3093 2128 3164; x_wconf 83' lang='grc' dir='ltr'><strong><em>ιοα</em></strong></span> <span class='ocrx_word' id='word_1_411' title='bbox 2155 3091 2319 3147; x_wconf 84' lang='lat' dir='ltr'><strong><em>Addit</em></strong></span> <span class='ocrx_word' id='word_1_412' title='bbox 2359 3102 2415 3146; x_wconf 90' lang='lat' dir='ltr'><strong><em>et</em></strong></span> <span class='ocrx_word' id='word_1_413' title='bbox 2445 3092 2756 3148; x_wconf 85' lang='lat' dir='ltr'><strong><em>divitiarum</em></strong></span> <span class='ocrx_word' id='word_1_414' title='bbox 2783 3091 3072 3147; x_wconf 87' lang='lat' dir='ltr'><strong><em>mirificum</em></strong></span> <span class='ocrx_word' id='word_1_415' title='bbox 3119 3099 3549 3160; x_wconf 85' lang='lat' dir='ltr'><strong><em>contemptorem</em></strong></span> 
     </span>
    </p>
   </div>
   <div class='ocr_carea' id='block_1_58' title="bbox 293 3154 1865 3260">
    <p class='ocr_par' dir='ltr' id='par_1_58' title="bbox 293 3154 1865 3260">
     <span class='ocr_line' id='line_1_59' title="bbox 293 3154 1865 3260; baseline 0.006 -24"><span class='ocrx_word' id='word_1_416' title='bbox 293 3201 386 3236; x_wconf 86' lang='grc' dir='ltr'><strong><em>σιν</em></strong></span> <span class='ocrx_word' id='word_1_417' title='bbox 419 3154 696 3254; x_wconf 38' lang='grc' dir='ltr'>αὑτοῦ-τῷ</span> <span class='ocrx_word' id='word_1_418' title='bbox 721 3202 781 3238; x_wconf 89' lang='grc' dir='ltr'><strong><em>τε</em></strong></span> <span class='ocrx_word' id='word_1_419' title='bbox 813 3154 930 3256; x_wconf 75' lang='grc' dir='ltr'>ἰδίῳ</span> <span class='ocrx_word' id='word_1_420' title='bbox 968 3154 1182 3257; x_wconf 57' lang='grc' dir='ltr'>ἀδελξρῷ</span> <span class='ocrx_word' id='word_1_421' title='bbox 1212 3187 1307 3242; x_wconf 74' lang='grc' dir='ltr'><strong><em>καὶ</em></strong></span> <span class='ocrx_word' id='word_1_422' title='bbox 1334 3154 1540 3260; x_wconf 59' lang='grc' dir='ltr'>ἑτέροις</span> <span class='ocrx_word' id='word_1_423' title='bbox 1563 3154 1865 3246; x_wconf 65' lang='grc' dir='ltr'>καταλιπεῖι</span> 
     </span>
    </p>
   </div>
   <div class='ocr_carea' id='block_1_59' title="bbox 1977 3154 3549 3260">
    <p class='ocr_par' dir='ltr' id='par_1_59' title="bbox 1986 3154 3549 3255">
     <span class='ocr_line' id='line_1_60' title="bbox 1986 3154 3549 3255; baseline -0.004 -13"><span class='ocrx_word' id='word_1_424' title='bbox 1986 3154 2176 3251; x_wconf 61' lang='lat' dir='ltr'><strong><em>fuisse,</em></strong></span> <span class='ocrx_word' id='word_1_425' title='bbox 2205 3192 2265 3240; x_wconf 89' lang='lat' dir='ltr'><strong><em>ut</em></strong></span> <span class='ocrx_word' id='word_1_426' title='bbox 2293 3192 2348 3241; x_wconf 87' lang='lat' dir='ltr'><strong><em>et</em></strong></span> <span class='ocrx_word' id='word_1_427' title='bbox 2391 3198 2520 3240; x_wconf 88' lang='lat' dir='ltr'><strong><em>suas</em></strong></span> <span class='ocrx_word' id='word_1_428' title='bbox 2546 3183 2662 3253; x_wconf 87' lang='lat' dir='ltr'><strong><em>ipse</em></strong></span> <span class='ocrx_word' id='word_1_429' title='bbox 2692 3183 3065 3252; x_wconf 84' lang='lat' dir='ltr'><strong><em>possessiones</em></strong></span> <span class='ocrx_word' id='word_1_430' title='bbox 3110 3197 3371 3255; x_wconf 82' lang='lat' dir='ltr'><strong><em>germano</em></strong></span> <span class='ocrx_word' id='word_1_431' title='bbox 3394 3181 3549 3235; x_wconf 81' lang='lat' dir='ltr'><strong><em>fratri</em></strong></span> 
     </span>
    </p>
   </div>
   <div class='ocr_carea' id='block_1_60' title="bbox 293 3273 1865 3348">
    <p class='ocr_par' dir='ltr' id='par_1_60' title="bbox 293 3276 1865 3348">
     <span class='ocr_line' id='line_1_61' title="bbox 293 3276 1865 3348; baseline 0.004 -20"><span class='ocrx_word' id='word_1_432' title='bbox 293 3276 398 3330; x_wconf 83' lang='grc' dir='ltr'>καὶ</span> <span class='ocrx_word' id='word_1_433' title='bbox 426 3277 583 3348; x_wconf 84' lang='grc' dir='ltr'><strong><em>παρά</em></strong></span> <span class='ocrx_word' id='word_1_434' title='bbox 616 3277 842 3348; x_wconf 84' lang='grc' dir='ltr'>μηδενὸς</span> <span class='ocrx_word' id='word_1_435' title='bbox 867 3278 976 3334; x_wconf 87' lang='grc' dir='ltr'><strong><em>τῶν</em></strong></span> <span class='ocrx_word' id='word_1_436' title='bbox 1008 3279 1096 3333; x_wconf 79' lang='grc' dir='ltr'><strong><em>ἐπ’</em></strong></span> <span class='ocrx_word' id='word_1_437' title='bbox 1115 3280 1158 3310; x_wconf 74' lang='grc'><strong><em>⁸³</em></strong></span> <span class='ocrx_word' id='word_1_438' title='bbox 1185 3279 1476 3347; x_wconf 77' lang='grc' dir='ltr'>ἐξουσίαις,</span> <span class='ocrx_word' id='word_1_439' title='bbox 1501 3281 1678 3336; x_wconf 84' lang='grc' dir='ltr'>καίτοι</span> <span class='ocrx_word' id='word_1_440' title='bbox 1712 3281 1865 3336; x_wconf 81' lang='grc' dir='ltr'>πολλὲ</span> 
     </span>
    </p>
   </div>
   <div class='ocr_carea' id='block_1_61' title="bbox 1983 3273 3555 3348">
    <p class='ocr_par' dir='ltr' id='par_1_61' title="bbox 1986 3273 3555 3347">
     <span class='ocr_line' id='line_1_62' title="bbox 1986 3273 3555 3347; baseline -0.004 -14"><span class='ocrx_word' id='word_1_441' title='bbox 1986 3279 2215 3347; x_wconf 87' lang='lat' dir='ltr'><strong><em>aliisque</em></strong></span> <span class='ocrx_word' id='word_1_442' title='bbox 2244 3287 2438 3346; x_wconf 90' lang='lat' dir='ltr'><strong><em>sponte</em></strong></span> <span class='ocrx_word' id='word_1_443' title='bbox 2489 3276 2846 3341; x_wconf 88' lang='lat' dir='ltr'><strong><em>concesserit,</em></strong></span> <span class='ocrx_word' id='word_1_444' title='bbox 2874 3285 2929 3331; x_wconf 93' lang='lat' dir='ltr'><strong><em>et</em></strong></span> <span class='ocrx_word' id='word_1_445' title='bbox 2961 3291 2992 3330; x_wconf 90' lang='lat' dir='ltr'><strong><em>a</em></strong></span> <span class='ocrx_word' id='word_1_446' title='bbox 3025 3277 3242 3330; x_wconf 88' lang='lat' dir='ltr'><strong><em>nemine</em></strong></span> <span class='ocrx_word' id='word_1_447' title='bbox 3283 3273 3555 3343; x_wconf 82' lang='lat' dir='ltr'><strong><em>potentio-</em></strong></span> 
     </span>
    </p>
   </div>
   <div class='ocr_carea' id='block_1_62' title="bbox 291 3363 1863 3442">
    <p class='ocr_par' dir='ltr' id='par_1_62' title="bbox 291 3365 1863 3442">
     <span class='ocr_line' id='line_1_63' title="bbox 291 3365 1863 3442; baseline 0.003 -23"><span class='ocrx_word' id='word_1_448' title='bbox 291 3365 630 3433; x_wconf 78' lang='grc' dir='ltr'>ἀξιούντων,</span> <span class='ocrx_word' id='word_1_449' title='bbox 680 3367 1032 3439; x_wconf 83' lang='grc' dir='ltr'>πεισθῆναι¹³</span> <span class='ocrx_word' id='word_1_450' title='bbox 1078 3368 1268 3423; x_wconf 74' lang='grc' dir='ltr'>λαϐεῖν</span> <span class='ocrx_word' id='word_1_451' title='bbox 1321 3371 1603 3441; x_wconf 83' lang='grc' dir='ltr'>χρήματα.</span> <span class='ocrx_word' id='word_1_452' title='bbox 1648 3372 1814 3442; x_wconf 77' lang='grc' dir='ltr'>Φησὶν</span> <span class='ocrx_word' id='word_1_453' title='bbox 1840 3371 1863 3402; x_wconf 64' lang='grc' dir='ltr'>υ</span> 
     </span>
    </p>
   </div>
   <div class='ocr_carea' id='block_1_63' title="bbox 1980 3363 3552 3442">
    <p class='ocr_par' dir='ltr' id='par_1_63' title="bbox 1986 3363 3552 3439">
     <span class='ocr_line' id='line_1_64' title="bbox 1986 3363 3552 3439; baseline -0.004 -14"><span class='ocrx_word' id='word_1_454' title='bbox 1986 3385 2106 3426; x_wconf 89' lang='lat' dir='ltr'><strong><em>rum</em></strong></span> <span class='ocrx_word' id='word_1_455' title='bbox 2162 3367 2426 3439; x_wconf 86' lang='lat' dir='ltr'><strong><em>pecunias</em></strong></span> <span class='ocrx_word' id='word_1_456' title='bbox 2476 3367 2772 3436; x_wconf 89' lang='lat' dir='ltr'><strong><em>acceperit,</em></strong></span> <span class='ocrx_word' id='word_1_457' title='bbox 2835 3367 3184 3436; x_wconf 85' lang='lat' dir='ltr'><strong><em>quantumvis</em></strong></span> <span class='ocrx_word' id='word_1_458' title='bbox 3241 3365 3318 3418; x_wconf 92' lang='lat' dir='ltr'><strong><em>illi</em></strong></span> <span class='ocrx_word' id='word_1_459' title='bbox 3385 3363 3552 3418; x_wconf 88' lang='lat' dir='ltr'><strong><em>multa</em></strong></span> 
     </span>
    </p>
   </div>
   <div class='ocr_carea' id='block_1_64' title="bbox 293 3453 1865 3532">
    <p class='ocr_par' dir='ltr' id='par_1_64' title="bbox 293 3458 1865 3532">
     <span class='ocr_line' id='line_1_65' title="bbox 293 3458 1865 3532; baseline 0.002 -20"><span class='ocrx_word' id='word_1_460' title='bbox 293 3458 468 3512; x_wconf 77' lang='grc' dir='ltr'>αὑτὸν</span> <span class='ocrx_word' id='word_1_461' title='bbox 498 3458 593 3512; x_wconf 82' lang='grc' dir='ltr'><strong><em>τὸν</em></strong></span> <span class='ocrx_word' id='word_1_462' title='bbox 622 3459 680 3512; x_wconf 81' lang='grc' dir='ltr'>ὲν</span> <span class='ocrx_word' id='word_1_463' title='bbox 708 3458 916 3530; x_wconf 82' lang='grc' dir='ltr'>Ἐφέσῳ</span> <span class='ocrx_word' id='word_1_464' title='bbox 941 3460 1129 3531; x_wconf 83' lang='grc' dir='ltr'>λοιμὸν</span> <span class='ocrx_word' id='word_1_465' title='bbox 1148 3463 1190 3496; x_wconf 84' lang='grc'><strong><em>¹¹⁵</em></strong></span> <span class='ocrx_word' id='word_1_466' title='bbox 1215 3463 1308 3516; x_wconf 77' lang='grc' dir='ltr'><strong><em>καὶ</em></strong></span> <span class='ocrx_word' id='word_1_467' title='bbox 1338 3462 1576 3532; x_wconf 81' lang='grc' dir='ltr'>προϊδεῖν</span> <span class='ocrx_word' id='word_1_468' title='bbox 1605 3463 1699 3516; x_wconf 83' lang='grc' dir='ltr'>καὶ</span> <span class='ocrx_word' id='word_1_469' title='bbox 1724 3479 1865 3532; x_wconf 78' lang='grc' dir='ltr'>γεγοι</span> 
     </span>
    </p>
   </div>
   <div class='ocr_carea' id='block_1_65' title="bbox 1977 3453 3549 3532">
    <p class='ocr_par' dir='ltr' id='par_1_65' title="bbox 1984 3453 3549 3523">
     <span class='ocr_line' id='line_1_66' title="bbox 1984 3453 3549 3523; baseline -0.006 -7"><span class='ocrx_word' id='word_1_470' title='bbox 1984 3459 2211 3517; x_wconf 86' lang='lat' dir='ltr'><strong><em>merenti</em></strong></span> <span class='ocrx_word' id='word_1_471' title='bbox 2257 3458 2637 3514; x_wconf 85' lang='lat' dir='ltr'><strong><em>obtruderent.</em></strong></span> <span class='ocrx_word' id='word_1_472' title='bbox 2681 3455 2903 3510; x_wconf 88' lang='lat' dir='ltr'><strong><em>Famem</em></strong></span> <span class='ocrx_word' id='word_1_473' title='bbox 2952 3453 3151 3523; x_wconf 86' lang='lat' dir='ltr'><strong><em>Ephesi</em></strong></span> <span class='ocrx_word' id='word_1_474' title='bbox 3194 3453 3353 3523; x_wconf 75' lang='lat' dir='ltr'><strong><em>longe</em></strong></span> <span class='ocrx_word' id='word_1_475' title='bbox 3424 3460 3549 3507; x_wconf 88' lang='lat' dir='ltr'><strong><em>ante</em></strong></span> 
     </span>
    </p>
   </div>
   <div class='ocr_carea' id='block_1_66' title="bbox 294 3548 1866 3628">
    <p class='ocr_par' dir='ltr' id='par_1_66' title="bbox 294 3552 1866 3622">
     <span class='ocr_line' id='line_1_67' title="bbox 294 3552 1866 3622; baseline 0.003 -16"><span class='ocrx_word' id='word_1_476' title='bbox 294 3553 432 3606; x_wconf 86' lang='grc' dir='ltr'>νότα</span> <span class='ocrx_word' id='word_1_477' title='bbox 456 3552 693 3607; x_wconf 87' lang='grc' dir='ltr'>παῦσαι.</span> <span class='ocrx_word' id='word_1_478' title='bbox 721 3555 832 3608; x_wconf 77' lang='grc' dir='ltr'><strong><em>Καὶ</em></strong></span> <span class='ocrx_word' id='word_1_479' title='bbox 875 3554 1064 3609; x_wconf 81' lang='grc' dir='ltr'>λέοντα</span> <span class='ocrx_word' id='word_1_480' title='bbox 1091 3555 1149 3609; x_wconf 85' lang='grc' dir='ltr'>δὲ</span> <span class='ocrx_word' id='word_1_481' title='bbox 1182 3556 1330 3622; x_wconf 75' lang='grc' dir='ltr'>ἰδεῖν,</span> <span class='ocrx_word' id='word_1_482' title='bbox 1371 3557 1465 3611; x_wconf 79' lang='grc' dir='ltr'><strong><em>καὶ</em></strong></span> <span class='ocrx_word' id='word_1_483' title='bbox 1511 3558 1686 3611; x_wconf 73' lang='grc' dir='ltr'>εἰπεῖν</span> <span class='ocrx_word' id='word_1_484' title='bbox 1726 3557 1802 3621; x_wconf 84' lang='grc' dir='ltr'>ὡς</span> <span class='ocrx_word' id='word_1_485' title='bbox 1847 3558 1866 3610; x_wconf 77' lang='lat' dir='ltr'><strong><em>i</em></strong></span> 
     </span>
    </p>
   </div>
   <div class='ocr_carea' id='block_1_67' title="bbox 1978 3548 3550 3628">
    <p class='ocr_par' dir='ltr' id='par_1_67' title="bbox 1984 3548 3550 3624">
     <span class='ocr_line' id='line_1_68' title="bbox 1984 3548 3550 3624; baseline -0.004 -16"><span class='ocrx_word' id='word_1_486' title='bbox 1984 3555 2305 3624; x_wconf 85' lang='lat' dir='ltr'><strong><em>providisse,</em></strong></span> <span class='ocrx_word' id='word_1_487' title='bbox 2342 3561 2397 3608; x_wconf 93' lang='lat' dir='ltr'><strong><em>et</em></strong></span> <span class='ocrx_word' id='word_1_488' title='bbox 2426 3561 2604 3607; x_wconf 88' lang='lat' dir='ltr'><strong><em>ortam</em></strong></span> <span class='ocrx_word' id='word_1_489' title='bbox 2644 3550 2949 3606; x_wconf 86' lang='lat' dir='ltr'><strong><em>sustulisse.</em></strong></span> <span class='ocrx_word' id='word_1_490' title='bbox 2997 3548 3180 3604; x_wconf 87' lang='lat' dir='ltr'><strong><em>Leone</em></strong></span> <span class='ocrx_word' id='word_1_491' title='bbox 3224 3549 3365 3604; x_wconf 90' lang='lat' dir='ltr'><strong><em>forte</em></strong></span> <span class='ocrx_word' id='word_1_492' title='bbox 3411 3549 3550 3614; x_wconf 91' lang='lat' dir='ltr'><strong><em>viso,</em></strong></span> 
     </span>
    </p>
   </div>
   <div class='ocr_carea' id='block_1_68' title="bbox 293 3639 1865 3718">
    <p class='ocr_par' dir='ltr' id='par_1_68' title="bbox 293 3643 1865 3718">
     <span class='ocr_line' id='line_1_69' title="bbox 293 3643 1865 3718; baseline 0.003 -22"><span class='ocrx_word' id='word_1_493' title='bbox 293 3643 399 3698; x_wconf 84' lang='grc' dir='ltr'><strong><em>τοῦ</em></strong></span> <span class='ocrx_word' id='word_1_494' title='bbox 434 3644 730 3715; x_wconf 83' lang='grc' dir='ltr'>Ἀμάσιδος</span> <span class='ocrx_word' id='word_1_495' title='bbox 766 3643 862 3697; x_wconf 88' lang='grc' dir='ltr'><strong><em>τοῦ</em></strong></span> <span class='ocrx_word' id='word_1_496' title='bbox 890 3646 1206 3713; x_wconf 75' lang='grc' dir='ltr'>Αἰγυπτίων</span> <span class='ocrx_word' id='word_1_497' title='bbox 1246 3646 1513 3717; x_wconf 83' lang='grc' dir='ltr'>βασιλέως</span> <span class='ocrx_word' id='word_1_498' title='bbox 1541 3646 1688 3718; x_wconf 79' lang='grc' dir='ltr'>ψυχὴ</span> <span class='ocrx_word' id='word_1_499' title='bbox 1717 3649 1777 3701; x_wconf 86' lang='grc' dir='ltr'>ὲν</span> <span class='ocrx_word' id='word_1_500' title='bbox 1803 3647 1865 3716; x_wconf 65' lang='grc' dir='ltr'>τᾷ</span> 
     </span>
    </p>
   </div>
   <div class='ocr_carea' id='block_1_69' title="bbox 1975 3639 3547 3718">
    <p class='ocr_par' dir='ltr' id='par_1_69' title="bbox 1985 3639 3547 3714">
     <span class='ocr_line' id='line_1_70' title="bbox 1985 3639 3547 3714; baseline -0.006 -13"><span class='ocrx_word' id='word_1_501' title='bbox 1985 3647 2190 3701; x_wconf 82' lang='lat' dir='ltr'><strong><em>dixisse</em></strong></span> <span class='ocrx_word' id='word_1_502' title='bbox 2244 3642 2532 3714; x_wconf 80' lang='lat' dir='ltr'><strong><em>Amasydis</em></strong></span> <span class='ocrx_word' id='word_1_503' title='bbox 2585 3641 2963 3712; x_wconf 65' lang='lat' dir='ltr'><strong><em>Egyptiorum</em></strong></span> <span class='ocrx_word' id='word_1_504' title='bbox 3037 3639 3182 3710; x_wconf 79' lang='lat' dir='ltr'><strong><em>regis</em></strong></span> <span class='ocrx_word' id='word_1_505' title='bbox 3258 3640 3492 3696; x_wconf 86' lang='lat' dir='ltr'><strong><em>animam</em></strong></span> <span class='ocrx_word' id='word_1_506' title='bbox 3530 3678 3547 3704; x_wconf 95' lang='lat'><strong><em>,</em></strong></span> 
     </span>
    </p>
   </div>
   <div class='ocr_carea' id='block_1_70' title="bbox 293 3730 1865 3808">
    <p class='ocr_par' dir='ltr' id='par_1_70' title="bbox 293 3730 1865 3807">
     <span class='ocr_line' id='line_1_71' title="bbox 293 3730 1865 3807; baseline 0.003 -21"><span class='ocrx_word' id='word_1_507' title='bbox 293 3730 479 3804; x_wconf 83' lang='grc' dir='ltr'>θηρίῳ</span> <span class='ocrx_word' id='word_1_508' title='bbox 524 3733 634 3802; x_wconf 77' lang='grc' dir='ltr'>εἴη,</span> <span class='ocrx_word' id='word_1_509' title='bbox 680 3733 957 3803; x_wconf 81' lang='grc' dir='ltr'>ὑπέχουσα</span> <span class='ocrx_word' id='word_1_510' title='bbox 997 3734 1155 3806; x_wconf 89' lang='grc' dir='ltr'>δίκην</span> <span class='ocrx_word' id='word_1_511' title='bbox 1199 3736 1308 3789; x_wconf 86' lang='grc' dir='ltr'><strong><em>τῶν</em></strong></span> <span class='ocrx_word' id='word_1_512' title='bbox 1355 3735 1732 3807; x_wconf 72' lang='grc' dir='ltr'>βεϐιωμένωνσ</span> <span class='ocrx_word' id='word_1_513' title='bbox 1786 3738 1865 3790; x_wconf 72' lang='grc' dir='ltr'>κα¹</span> 
     </span>
    </p>
   </div>
   <div class='ocr_carea' id='block_1_71' title="bbox 1985 3730 3557 3808">
    <p class='ocr_par' dir='ltr' id='par_1_71' title="bbox 1985 3732 3557 3808">
     <span class='ocr_line' id='line_1_72' title="bbox 1985 3732 3557 3808; baseline -0.005 -14"><span class='ocrx_word' id='word_1_514' title='bbox 1985 3754 2172 3808; x_wconf 69' lang='lat' dir='ltr'><strong><em>plenas</em></strong></span> <span class='ocrx_word' id='word_1_515' title='bbox 2202 3738 2324 3791; x_wconf 66' lang='lat' dir='ltr'><strong><em>vitae</em></strong></span> <span class='ocrx_word' id='word_1_516' title='bbox 2354 3736 2622 3791; x_wconf 83' lang='lat' dir='ltr'><strong><em>scelerum</em></strong></span> <span class='ocrx_word' id='word_1_517' title='bbox 2649 3736 2892 3799; x_wconf 88' lang='lat' dir='ltr'><strong><em>dantem,</em></strong></span> <span class='ocrx_word' id='word_1_518' title='bbox 2931 3735 2985 3789; x_wconf 91' lang='lat' dir='ltr'><strong><em>iu</em></strong></span> <span class='ocrx_word' id='word_1_519' title='bbox 3019 3732 3192 3788; x_wconf 85' lang='lat' dir='ltr'><strong><em>feram</em></strong></span> <span class='ocrx_word' id='word_1_520' title='bbox 3224 3733 3368 3788; x_wconf 91' lang='lat' dir='ltr'><strong><em>illam</em></strong></span> <span class='ocrx_word' id='word_1_521' title='bbox 3400 3748 3557 3788; x_wconf 82' lang='lat' dir='ltr'><strong><em>com-</em></strong></span> 
     </span>
    </p>
   </div>
   <div class='ocr_carea' id='block_1_72' title="bbox 297 3821 1869 3901">
    <p class='ocr_par' dir='ltr' id='par_1_72' title="bbox 297 3821 1869 3896">
     <span class='ocr_line' id='line_1_73' title="bbox 297 3821 1869 3896; baseline 0.003 -23"><span class='ocrx_word' id='word_1_522' title='bbox 297 3823 636 3891; x_wconf 80' lang='grc' dir='ltr'>Ἔμπουσαν</span> <span class='ocrx_word' id='word_1_523' title='bbox 667 3821 887 3890; x_wconf 76' lang='grc' dir='ltr'>ἐλέγξαι</span> <span class='ocrx_word' id='word_1_524' title='bbox 939 3826 998 3877; x_wconf 84' lang='grc' dir='ltr'>ὲν</span> <span class='ocrx_word' id='word_1_525' title='bbox 1043 3824 1327 3894; x_wconf 85' lang='grc' dir='ltr'>ὑποκρίσει</span> <span class='ocrx_word' id='word_1_526' title='bbox 1368 3825 1588 3896; x_wconf 77' lang='grc' dir='ltr'>ἑταίρας</span> <span class='ocrx_word' id='word_1_527' title='bbox 1616 3827 1745 3896; x_wconf 63' lang='lat' dir='ltr'><strong><em>itva</em></strong></span> <span class='ocrx_word' id='word_1_528' title='bbox 1771 3827 1869 3879; x_wconf 77' lang='lat' dir='ltr'><strong><em>Ms-</em></strong></span> 
     </span>
    </p>
   </div>
   <div class='ocr_carea' id='block_1_73' title="bbox 1981 3821 3553 3901">
    <p class='ocr_par' dir='ltr' id='par_1_73' title="bbox 1986 3826 3553 3901">
     <span class='ocr_line' id='line_1_74' title="bbox 1986 3826 3553 3901; baseline -0.004 -16"><span class='ocrx_word' id='word_1_529' title='bbox 1986 3832 2273 3901; x_wconf 80' lang='lat' dir='ltr'><strong><em>migrasse.</em></strong></span> <span class='ocrx_word' id='word_1_530' title='bbox 2306 3829 2594 3899; x_wconf 87' lang='lat' dir='ltr'><strong><em>Empusam</em></strong></span> <span class='ocrx_word' id='word_1_531' title='bbox 2629 3827 2740 3900; x_wconf 73' lang='grc'><strong>(74)</strong></span> <span class='ocrx_word' id='word_1_532' title='bbox 2777 3829 2905 3882; x_wconf 91' lang='lat' dir='ltr'><strong><em>item</em></strong></span> <span class='ocrx_word' id='word_1_533' title='bbox 2951 3826 3398 3896; x_wconf 87' lang='lat' dir='ltr'><strong><em>deprehendisse,</em></strong></span> <span class='ocrx_word' id='word_1_534' title='bbox 3453 3828 3553 3879; x_wconf 87' lang='lat' dir='ltr'><strong><em>sub</em></strong></span> 
     </span>
    </p>
   </div>
   <div class='ocr_carea' id='block_1_74' title="bbox 294 3913 1866 3992">
    <p class='ocr_par' dir='ltr' id='par_1_74' title="bbox 294 3913 1866 3988">
     <span class='ocr_line' id='line_1_75' title="bbox 294 3913 1866 3988; baseline 0.002 -23"><span class='ocrx_word' id='word_1_535' title='bbox 294 3913 507 3965; x_wconf 76' lang='grc' dir='ltr'>νίππου</span> <span class='ocrx_word' id='word_1_536' title='bbox 553 3914 1058 3984; x_wconf 75' lang='grc' dir='ltr'>προσποιουμένην·</span> <span class='ocrx_word' id='word_1_537' title='bbox 1105 3916 1201 3968; x_wconf 81' lang='grc' dir='ltr'><strong><em>καὶ</em></strong></span> <span class='ocrx_word' id='word_1_538' title='bbox 1235 3914 1403 3986; x_wconf 86' lang='grc' dir='ltr'>κόρην</span> <span class='ocrx_word' id='word_1_539' title='bbox 1430 3917 1488 3968; x_wconf 82' lang='grc' dir='ltr'>ὲν</span> <span class='ocrx_word' id='word_1_540' title='bbox 1525 3915 1714 3988; x_wconf 78' lang='grc' dir='ltr'>Ῥώμῃ</span> <span class='ocrx_word' id='word_1_541' title='bbox 1756 3915 1866 3986; x_wconf 63' lang='grc' dir='ltr'>ἄρτι</span> 
     </span>
    </p>
   </div>
   <div class='ocr_carea' id='block_1_75' title="bbox 1983 3913 3555 3992">
    <p class='ocr_par' dir='ltr' id='par_1_75' title="bbox 1987 3917 3555 3992">
     <span class='ocr_line' id='line_1_76' title="bbox 1987 3917 3555 3992; baseline -0.004 -16"><span class='ocrx_word' id='word_1_542' title='bbox 1987 3937 2215 3992; x_wconf 88' lang='lat' dir='ltr'><strong><em>persona</em></strong></span> <span class='ocrx_word' id='word_1_543' title='bbox 2264 3921 2567 3976; x_wconf 89' lang='lat' dir='ltr'><strong><em>meretricis</em></strong></span> <span class='ocrx_word' id='word_1_544' title='bbox 2609 3920 2840 3988; x_wconf 84' lang='lat' dir='ltr'><strong><em>Meuippi</em></strong></span> <span class='ocrx_word' id='word_1_545' title='bbox 2877 3935 2934 3973; x_wconf 89' lang='lat' dir='ltr'><strong><em>se</em></strong></span> <span class='ocrx_word' id='word_1_546' title='bbox 2974 3933 3160 3974; x_wconf 92' lang='lat' dir='ltr'><strong><em>amore</em></strong></span> <span class='ocrx_word' id='word_1_547' title='bbox 3197 3927 3410 3985; x_wconf 89' lang='lat' dir='ltr'><strong><em>captam</em></strong></span> <span class='ocrx_word' id='word_1_548' title='bbox 3450 3917 3555 3970; x_wconf 86' lang='lat' dir='ltr'><strong><em>liu-</em></strong></span> 
     </span>
    </p>
   </div>
   <div class='ocr_carea' id='block_1_76' title="bbox 293 4003 1865 4083">
    <p class='ocr_par' dir='ltr' id='par_1_76' title="bbox 293 4003 1858 4078">
     <span class='ocr_line' id='line_1_77' title="bbox 293 4003 1858 4078; baseline 0.004 -21"><span class='ocrx_word' id='word_1_549' title='bbox 293 4004 556 4059; x_wconf 80' lang='grc' dir='ltr'>τεθνάναι</span> <span class='ocrx_word' id='word_1_550' title='bbox 579 4003 844 4060; x_wconf 82' lang='grc' dir='ltr'>δοκοῦσαν</span> <span class='ocrx_word' id='word_1_551' title='bbox 873 4006 1279 4078; x_wconf 79' lang='grc' dir='ltr'>ὲπαναστρέψαι</span> <span class='ocrx_word' id='word_1_552' title='bbox 1311 4007 1389 4078; x_wconf 81' lang='grc' dir='ltr'>τῷ</span> <span class='ocrx_word' id='word_1_553' title='bbox 1414 4007 1513 4078; x_wconf 86' lang='grc' dir='ltr'><strong><em>βίῳ</em></strong></span> <span class='ocrx_word' id='word_1_554' title='bbox 1531 4023 1545 4039; x_wconf 77' lang='grc' dir='ltr'><strong>ο</strong></span> <span class='ocrx_word' id='word_1_555' title='bbox 1591 4009 1688 4061; x_wconf 82' lang='grc' dir='ltr'>καὶ</span> <span class='ocrx_word' id='word_1_556' title='bbox 1724 4008 1858 4063; x_wconf 88' lang='grc' dir='ltr'>λῦσα</span> 
     </span>
    </p>
   </div>
   <div class='ocr_carea' id='block_1_77' title="bbox 1982 4003 3554 4083">
    <p class='ocr_par' dir='ltr' id='par_1_77' title="bbox 1986 4010 3554 4083">
     <span class='ocr_line' id='line_1_78' title="bbox 1986 4010 3554 4083; baseline -0.005 -15"><span class='ocrx_word' id='word_1_557' title='bbox 1986 4023 2227 4083; x_wconf 74' lang='lat' dir='ltr'><strong><em>gentem.</em></strong></span> <span class='ocrx_word' id='word_1_558' title='bbox 2274 4013 2512 4068; x_wconf 88' lang='lat' dir='ltr'><strong><em>Puellam</em></strong></span> <span class='ocrx_word' id='word_1_559' title='bbox 2566 4012 2757 4066; x_wconf 56' lang='lat' dir='ltr'><strong><em>Romae</em></strong></span> <span class='ocrx_word' id='word_1_560' title='bbox 2804 4012 3014 4080; x_wconf 89' lang='lat' dir='ltr'><strong><em>pridem</em></strong></span> <span class='ocrx_word' id='word_1_561' title='bbox 3056 4010 3336 4079; x_wconf 78' lang='lat' dir='ltr'><strong><em>exspirare</em></strong></span> <span class='ocrx_word' id='word_1_562' title='bbox 3359 4011 3554 4071; x_wconf 89' lang='lat' dir='ltr'><strong><em>visam,</em></strong></span> 
     </span>
    </p>
   </div>
   <div class='ocr_carea' id='block_1_78' title="bbox 293 4095 1865 4168">
    <p class='ocr_par' dir='ltr' id='par_1_78' title="bbox 293 4095 1865 4168">
     <span class='ocr_line' id='line_1_79' title="bbox 293 4095 1865 4168; baseline 0.001 -18"><span class='ocrx_word' id='word_1_563' title='bbox 293 4097 356 4150; x_wconf 72' lang='grc' dir='ltr'><strong><em>τὺ</em></strong></span> <span class='ocrx_word' id='word_1_564' title='bbox 413 4095 608 4158; x_wconf 76' lang='grc' dir='ltr'>σκέλος</span> <span class='ocrx_word' id='word_1_565' title='bbox 657 4097 716 4151; x_wconf 70' lang='grc' dir='ltr'>ἐν</span> <span class='ocrx_word' id='word_1_566' title='bbox 757 4097 835 4166; x_wconf 83' lang='grc' dir='ltr'>τῷ</span> <span class='ocrx_word' id='word_1_567' title='bbox 877 4096 1236 4168; x_wconf 84' lang='grc' dir='ltr'>δεσμωτηρίῳ</span> <span class='ocrx_word' id='word_1_568' title='bbox 1264 4096 1396 4151; x_wconf 78' lang='grc' dir='ltr'>ὄντα</span> <span class='ocrx_word' id='word_1_569' title='bbox 1424 4097 1738 4168; x_wconf 76' lang='grc' dir='ltr'>δεδεμένονο</span> <span class='ocrx_word' id='word_1_570' title='bbox 1787 4099 1865 4152; x_wconf 86' lang='grc' dir='ltr'>κα“</span> 
     </span>
    </p>
   </div>
   <div class='ocr_carea' id='block_1_79' title="bbox 1983 4095 3555 4168">
    <p class='ocr_par' dir='ltr' id='par_1_79' title="bbox 1989 4100 3555 4168">
     <span class='ocr_line' id='line_1_80' title="bbox 1989 4100 3555 4168; baseline -0.004 -9"><span class='ocrx_word' id='word_1_571' title='bbox 1989 4106 2042 4159; x_wconf 92' lang='lat' dir='ltr'><strong><em>in</em></strong></span> <span class='ocrx_word' id='word_1_572' title='bbox 2085 4105 2251 4159; x_wconf 88' lang='lat' dir='ltr'><strong><em>vitam</em></strong></span> <span class='ocrx_word' id='word_1_573' title='bbox 2288 4117 2598 4158; x_wconf 85' lang='lat' dir='ltr'><strong><em>revocasse.</em></strong></span> <span class='ocrx_word' id='word_1_574' title='bbox 2637 4101 2879 4156; x_wconf 85' lang='lat' dir='ltr'><strong><em>Solvisse</em></strong></span> <span class='ocrx_word' id='word_1_575' title='bbox 2923 4101 3210 4168; x_wconf 91' lang='lat' dir='ltr'><strong><em>compedes</em></strong></span> <span class='ocrx_word' id='word_1_576' title='bbox 3255 4100 3379 4165; x_wconf 89' lang='lat' dir='ltr'><strong><em>sibi,</em></strong></span> <span class='ocrx_word' id='word_1_577' title='bbox 3431 4105 3555 4152; x_wconf 81' lang='lat' dir='ltr'><strong><em>dum</em></strong></span> 
     </span>
    </p>
   </div>
   <div class='ocr_carea' id='block_1_80' title="bbox 292 4188 1864 4267">
    <p class='ocr_par' dir='ltr' id='par_1_80' title="bbox 292 4188 1864 4262">
     <span class='ocr_line' id='line_1_81' title="bbox 292 4188 1864 4262; baseline 0.001 -19"><span class='ocrx_word' id='word_1_578' title='bbox 292 4188 751 4259; x_wconf 77' lang='grc' dir='ltr'>ἀπολογήσασθαι</span> <span class='ocrx_word' id='word_1_579' title='bbox 779 4189 878 4260; x_wconf 79' lang='grc' dir='ltr'>μὲν</span> <span class='ocrx_word' id='word_1_580' title='bbox 903 4191 1038 4261; x_wconf 81' lang='grc' dir='ltr'>πρὸς</span> <span class='ocrx_word' id='word_1_581' title='bbox 1065 4190 1382 4260; x_wconf 81' lang='grc' dir='ltr'>Δομιτιανὸν</span> <span class='ocrx_word' id='word_1_582' title='bbox 1404 4190 1447 4222; x_wconf 80' lang='grc'><strong><em>¹⁶</em></strong></span> <span class='ocrx_word' id='word_1_583' title='bbox 1473 4191 1617 4262; x_wconf 80' lang='grc' dir='ltr'>ὑπέρ</span> <span class='ocrx_word' id='word_1_584' title='bbox 1637 4209 1695 4244; x_wconf 86' lang='grc' dir='ltr'><strong><em>τε</em></strong></span> <span class='ocrx_word' id='word_1_585' title='bbox 1719 4191 1864 4246; x_wconf 85' lang='grc' dir='ltr'>αὑτοὶ</span> 
     </span>
    </p>
   </div>
   <div class='ocr_carea' id='block_1_81' title="bbox 1983 4188 3555 4267">
    <p class='ocr_par' dir='ltr' id='par_1_81' title="bbox 1987 4190 3555 4267">
     <span class='ocr_line' id='line_1_82' title="bbox 1987 4190 3555 4267; baseline -0.004 -17"><span class='ocrx_word' id='word_1_586' title='bbox 1987 4197 2041 4250; x_wconf 92' lang='lat' dir='ltr'><strong><em>in</em></strong></span> <span class='ocrx_word' id='word_1_587' title='bbox 2073 4210 2292 4251; x_wconf 87' lang='lat' dir='ltr'><strong><em>carcere</em></strong></span> <span class='ocrx_word' id='word_1_588' title='bbox 2322 4195 2650 4250; x_wconf 85' lang='lat' dir='ltr'><strong><em>constrictus</em></strong></span> <span class='ocrx_word' id='word_1_589' title='bbox 2677 4202 2974 4247; x_wconf 88' lang='lat' dir='ltr'><strong><em>teneretur.</em></strong></span> <span class='ocrx_word' id='word_1_590' title='bbox 2997 4191 3151 4267; x_wconf 81' lang='lat' dir='ltr'><strong><em>Apud</em></strong></span> <span class='ocrx_word' id='word_1_591' title='bbox 3186 4190 3555 4246; x_wconf 90' lang='lat' dir='ltr'><strong><em>Domitianum</em></strong></span> 
     </span>
    </p>
   </div>
   <div class='ocr_carea' id='block_1_82' title="bbox 295 4279 1867 4358">
    <p class='ocr_par' dir='ltr' id='par_1_82' title="bbox 295 4279 1867 4352">
     <span class='ocr_line' id='line_1_83' title="bbox 295 4279 1867 4352; baseline 0.002 -20"><span class='ocrx_word' id='word_1_592' title='bbox 295 4281 400 4332; x_wconf 76' lang='grc' dir='ltr'>καὶ</span> <span class='ocrx_word' id='word_1_593' title='bbox 433 4279 674 4349; x_wconf 86' lang='grc' dir='ltr'>Νερούα,</span> <span class='ocrx_word' id='word_1_594' title='bbox 696 4279 754 4342; x_wconf 86' lang='grc' dir='ltr'>ὃς</span> <span class='ocrx_word' id='word_1_595' title='bbox 785 4281 922 4350; x_wconf 85' lang='grc' dir='ltr'><strong><em>μετά</em></strong></span> <span class='ocrx_word' id='word_1_596' title='bbox 952 4281 1270 4351; x_wconf 86' lang='grc' dir='ltr'>Δομιτιανὺν</span> <span class='ocrx_word' id='word_1_597' title='bbox 1293 4282 1576 4352; x_wconf 87' lang='grc' dir='ltr'>Ῥωμαίων</span> <span class='ocrx_word' id='word_1_598' title='bbox 1605 4282 1867 4336; x_wconf 76' lang='grc' dir='ltr'>ἐϐασίλευ-</span> 
     </span>
    </p>
   </div>
   <div class='ocr_carea' id='block_1_83' title="bbox 1979 4279 3551 4358">
    <p class='ocr_par' dir='ltr' id='par_1_83' title="bbox 1986 4282 3551 4358">
     <span class='ocr_line' id='line_1_84' title="bbox 1986 4282 3551 4358; baseline -0.004 -16"><span class='ocrx_word' id='word_1_599' title='bbox 1986 4289 2117 4358; x_wconf 87' lang='lat' dir='ltr'><strong><em>imp.</em></strong></span> <span class='ocrx_word' id='word_1_600' title='bbox 2153 4302 2370 4342; x_wconf 84' lang='lat' dir='ltr'><strong><em>causam</em></strong></span> <span class='ocrx_word' id='word_1_601' title='bbox 2413 4287 2633 4350; x_wconf 82' lang='lat' dir='ltr'><strong><em>dixisse,</em></strong></span> <span class='ocrx_word' id='word_1_602' title='bbox 2666 4299 2765 4354; x_wconf 91' lang='lat' dir='ltr'><strong><em>pro</em></strong></span> <span class='ocrx_word' id='word_1_603' title='bbox 2811 4299 2869 4339; x_wconf 91' lang='lat' dir='ltr'><strong><em>se</em></strong></span> <span class='ocrx_word' id='word_1_604' title='bbox 2914 4293 2971 4339; x_wconf 93' lang='lat' dir='ltr'><strong><em>et</em></strong></span> <span class='ocrx_word' id='word_1_605' title='bbox 2999 4282 3198 4350; x_wconf 82' lang='lat' dir='ltr'><strong><em>Nerva,</em></strong></span> <span class='ocrx_word' id='word_1_606' title='bbox 3238 4283 3335 4353; x_wconf 86' lang='lat' dir='ltr'><strong><em>qui</em></strong></span> <span class='ocrx_word' id='word_1_607' title='bbox 3368 4283 3551 4337; x_wconf 88' lang='lat' dir='ltr'><strong><em>Domi—</em></strong></span> 
     </span>
    </p>
   </div>
   <div class='ocr_carea' id='block_1_84' title="bbox 298 4371 1870 4449">
    <p class='ocr_par' dir='ltr' id='par_1_84' title="bbox 298 4371 1870 4444">
     <span class='ocr_line' id='line_1_85' title="bbox 298 4371 1870 4444; baseline 0.002 -21"><span class='ocrx_word' id='word_1_608' title='bbox 298 4387 420 4433; x_wconf 81' lang='grc' dir='ltr'>σεν,</span> <span class='ocrx_word' id='word_1_609' title='bbox 452 4371 823 4441; x_wconf 79' lang='grc' dir='ltr'>ἀφανισθῆναι</span> <span class='ocrx_word' id='word_1_610' title='bbox 865 4371 922 4425; x_wconf 83' lang='grc' dir='ltr'>δὲ</span> <span class='ocrx_word' id='word_1_611' title='bbox 970 4373 1108 4440; x_wconf 88' lang='grc' dir='ltr'><strong><em>μετά</em></strong></span> <span class='ocrx_word' id='word_1_612' title='bbox 1137 4372 1238 4444; x_wconf 85' lang='grc' dir='ltr'>τὴν</span> <span class='ocrx_word' id='word_1_613' title='bbox 1281 4373 1576 4441; x_wconf 88' lang='grc' dir='ltr'>ἀπολογίαν</span> <span class='ocrx_word' id='word_1_614' title='bbox 1605 4373 1698 4426; x_wconf 88' lang='grc' dir='ltr'><strong><em>τοῦ</em></strong></span> <span class='ocrx_word' id='word_1_615' title='bbox 1730 4373 1870 4429; x_wconf 77' lang='grc' dir='ltr'>δικα.</span> 
     </span>
    </p>
   </div>
   <div class='ocr_carea' id='block_1_85' title="bbox 1986 4371 3558 4449">
    <p class='ocr_par' dir='ltr' id='par_1_85' title="bbox 1988 4374 3558 4449">
     <span class='ocr_line' id='line_1_86' title="bbox 1988 4374 3558 4449; baseline -0.003 -16"><span class='ocrx_word' id='word_1_616' title='bbox 1988 4380 2234 4434; x_wconf 68' lang='grc' dir='ltr'>ιίςιιιοιίιι</span> <span class='ocrx_word' id='word_1_617' title='bbox 2280 4379 2508 4449; x_wconf 89' lang='lat' dir='ltr'><strong><em>imperio</em></strong></span> <span class='ocrx_word' id='word_1_618' title='bbox 2565 4379 2853 4442; x_wconf 88' lang='lat' dir='ltr'><strong><em>successit,</em></strong></span> <span class='ocrx_word' id='word_1_619' title='bbox 2893 4391 3164 4446; x_wconf 78' lang='lat' dir='ltr'><strong><em>causaque</em></strong></span> <span class='ocrx_word' id='word_1_620' title='bbox 3197 4377 3339 4430; x_wconf 89' lang='lat' dir='ltr'><strong><em>dicta</em></strong></span> <span class='ocrx_word' id='word_1_621' title='bbox 3381 4391 3411 4429; x_wconf 94' lang='lat' dir='ltr'><strong><em>e</em></strong></span> <span class='ocrx_word' id='word_1_622' title='bbox 3438 4374 3558 4429; x_wconf 82' lang='lat' dir='ltr'><strong><em>foro</em></strong></span> 
     </span>
    </p>
   </div>
   <div class='ocr_carea' id='block_1_86' title="bbox 299 4461 1871 4542">
    <p class='ocr_par' dir='ltr' id='par_1_86' title="bbox 299 4461 1871 4535">
     <span class='ocr_line' id='line_1_87' title="bbox 299 4461 1871 4535; baseline 0.004 -22"><span class='ocrx_word' id='word_1_623' title='bbox 299 4463 531 4532; x_wconf 73' lang='grc' dir='ltr'>στηρίου</span> <span class='ocrx_word' id='word_1_624' title='bbox 583 4462 679 4516; x_wconf 79' lang='grc' dir='ltr'><strong><em>καὶ</em></strong></span> <span class='ocrx_word' id='word_1_625' title='bbox 728 4461 863 4534; x_wconf 78' lang='grc' dir='ltr'>πρὸς</span> <span class='ocrx_word' id='word_1_626' title='bbox 903 4464 1210 4535; x_wconf 84' lang='grc' dir='ltr'>Δημήτριον</span> <span class='ocrx_word' id='word_1_627' title='bbox 1241 4465 1337 4518; x_wconf 79' lang='grc' dir='ltr'>καὶ</span> <span class='ocrx_word' id='word_1_628' title='bbox 1367 4465 1572 4535; x_wconf 79' lang='grc' dir='ltr'>Δάμιν,</span> <span class='ocrx_word' id='word_1_629' title='bbox 1606 4465 1750 4519; x_wconf 79' lang='grc' dir='ltr'>οὕτω</span> <span class='ocrx_word' id='word_1_630' title='bbox 1791 4465 1871 4519; x_wconf 43' lang='grc' dir='ltr'>καπ</span> 
     </span>
    </p>
   </div>
   <div class='ocr_carea' id='block_1_87' title="bbox 1988 4461 3560 4542">
    <p class='ocr_par' dir='ltr' id='par_1_87' title="bbox 1991 4467 3560 4536">
     <span class='ocr_line' id='line_1_88' title="bbox 1991 4467 3560 4536; baseline -0.002 -12"><span class='ocrx_word' id='word_1_631' title='bbox 1991 4472 2297 4536; x_wconf 84' lang='lat' dir='ltr'><strong><em>evanuisse,</em></strong></span> <span class='ocrx_word' id='word_1_632' title='bbox 2333 4481 2387 4524; x_wconf 91' lang='lat' dir='ltr'><strong><em>et</em></strong></span> <span class='ocrx_word' id='word_1_633' title='bbox 2412 4472 2478 4524; x_wconf 90' lang='lat' dir='ltr'><strong><em>ad</em></strong></span> <span class='ocrx_word' id='word_1_634' title='bbox 2518 4470 2874 4534; x_wconf 89' lang='lat' dir='ltr'><strong><em>Demetrium,</em></strong></span> <span class='ocrx_word' id='word_1_635' title='bbox 2911 4483 2975 4523; x_wconf 91' lang='lat' dir='ltr'><strong><em>ac</em></strong></span> <span class='ocrx_word' id='word_1_636' title='bbox 3002 4467 3194 4522; x_wconf 88' lang='lat' dir='ltr'><strong><em>Damiu</em></strong></span> <span class='ocrx_word' id='word_1_637' title='bbox 3217 4468 3322 4536; x_wconf 82' lang='lat' dir='ltr'><strong><em>(sic</em></strong></span> <span class='ocrx_word' id='word_1_638' title='bbox 3344 4482 3466 4522; x_wconf 83' lang='grc' dir='ltr'>οιιιιι</span> <span class='ocrx_word' id='word_1_639' title='bbox 3493 4467 3560 4521; x_wconf 89' lang='lat' dir='ltr'><strong><em>iis</em></strong></span> 
     </span>
    </p>
   </div>
   <div class='ocr_carea' id='block_1_88' title="bbox 297 4554 1869 4633">
    <p class='ocr_par' dir='ltr' id='par_1_88' title="bbox 297 4554 1869 4629">
     <span class='ocr_line' id='line_1_89' title="bbox 297 4554 1869 4629; baseline 0.003 -23"><span class='ocrx_word' id='word_1_640' title='bbox 297 4554 636 4624; x_wconf 82' lang='grc' dir='ltr'>συνθέμενον</span> <span class='ocrx_word' id='word_1_641' title='bbox 687 4555 904 4620; x_wconf 80' lang='grc' dir='ltr'>αὐτοῖς,</span> <span class='ocrx_word' id='word_1_642' title='bbox 953 4556 1388 4626; x_wconf 85' lang='grc' dir='ltr'>παραγενέσθαι,</span> <span class='ocrx_word' id='word_1_643' title='bbox 1437 4557 1499 4610; x_wconf 81' lang='grc' dir='ltr'>οὐ</span> <span class='ocrx_word' id='word_1_644' title='bbox 1551 4557 1637 4610; x_wconf 88' lang='grc' dir='ltr'><strong><em>διά</em></strong></span> <span class='ocrx_word' id='word_1_645' title='bbox 1665 4559 1869 4629; x_wconf 72' lang='grc' dir='ltr'><strong><em>χρόνου1</em></strong></span> 
     </span>
    </p>
   </div>
   <div class='ocr_carea' id='block_1_89' title="bbox 1986 4554 3558 4633">
    <p class='ocr_par' dir='ltr' id='par_1_89' title="bbox 1989 4559 3558 4633">
     <span class='ocr_line' id='line_1_90' title="bbox 1989 4559 3558 4633; baseline -0.003 -16"><span class='ocrx_word' id='word_1_646' title='bbox 1989 4573 2152 4633; x_wconf 84' lang='lat' dir='ltr'><strong><em>pacto</em></strong></span> <span class='ocrx_word' id='word_1_647' title='bbox 2199 4562 2358 4632; x_wconf 89' lang='lat' dir='ltr'><strong><em>inito)</em></strong></span> <span class='ocrx_word' id='word_1_648' title='bbox 2413 4563 2560 4616; x_wconf 94' lang='lat' dir='ltr'><strong><em>nullo</em></strong></span> <span class='ocrx_word' id='word_1_649' title='bbox 2607 4563 2868 4630; x_wconf 90' lang='lat' dir='ltr'><strong><em>temporis</em></strong></span> <span class='ocrx_word' id='word_1_650' title='bbox 2902 4561 3097 4630; x_wconf 83' lang='lat' dir='ltr'><strong><em>spatio,</em></strong></span> <span class='ocrx_word' id='word_1_651' title='bbox 3130 4559 3226 4614; x_wconf 88' lang='lat' dir='ltr'><strong><em>sed</em></strong></span> <span class='ocrx_word' id='word_1_652' title='bbox 3261 4569 3558 4620; x_wconf 84' lang='lat' dir='ltr'><strong><em>momento,</em></strong></span> 
     </span>
    </p>
   </div>
   <div class='ocr_carea' id='block_1_90' title="bbox 298 4647 1870 4722">
    <p class='ocr_par' dir='ltr' id='par_1_90' title="bbox 298 4647 1870 4722">
     <span class='ocr_line' id='line_1_91' title="bbox 298 4647 1870 4722; baseline 0.004 -24"><span class='ocrx_word' id='word_1_653' title='bbox 298 4647 622 4716; x_wconf 81' lang='grc' dir='ltr'>παραυτίκα</span> <span class='ocrx_word' id='word_1_654' title='bbox 651 4647 728 4712; x_wconf 86' lang='grc' dir='ltr'>δὲ,</span> <span class='ocrx_word' id='word_1_655' title='bbox 761 4647 936 4701; x_wconf 88' lang='grc' dir='ltr'>καίτοι</span> <span class='ocrx_word' id='word_1_656' title='bbox 963 4647 1080 4701; x_wconf 85' lang='grc' dir='ltr'>ὁδὸν</span> <span class='ocrx_word' id='word_1_657' title='bbox 1107 4649 1328 4718; x_wconf 81' lang='grc' dir='ltr'>ἡμερῶν</span> <span class='ocrx_word' id='word_1_658' title='bbox 1357 4666 1518 4702; x_wconf 90' lang='grc' dir='ltr'>τινων</span> <span class='ocrx_word' id='word_1_659' title='bbox 1540 4651 1582 4682; x_wconf 88' lang='grc'><strong><em>¹⁷</em></strong></span> <span class='ocrx_word' id='word_1_660' title='bbox 1604 4650 1870 4722; x_wconf 85' lang='grc' dir='ltr'>διεστηκό-</span> 
     </span>
    </p>
   </div>
   <div class='ocr_carea' id='block_1_91' title="bbox 1985 4647 3557 4722">
    <p class='ocr_par' dir='ltr' id='par_1_91' title="bbox 1991 4649 3557 4721">
     <span class='ocr_line' id='line_1_92' title="bbox 1991 4649 3557 4721; baseline -0.004 -11"><span class='ocrx_word' id='word_1_661' title='bbox 1991 4655 2310 4720; x_wconf 89' lang='lat' dir='ltr'><strong><em>accessisse,</em></strong></span> <span class='ocrx_word' id='word_1_662' title='bbox 2346 4653 2471 4710; x_wconf 91' lang='lat' dir='ltr'><strong><em>licet</em></strong></span> <span class='ocrx_word' id='word_1_663' title='bbox 2519 4655 2730 4707; x_wconf 89' lang='lat' dir='ltr'><strong><em>dierum</em></strong></span> <span class='ocrx_word' id='word_1_664' title='bbox 2777 4653 2983 4721; x_wconf 85' lang='lat' dir='ltr'><strong><em>aliquot</em></strong></span> <span class='ocrx_word' id='word_1_665' title='bbox 3024 4651 3218 4705; x_wconf 89' lang='lat' dir='ltr'><strong><em>itinere</em></strong></span> <span class='ocrx_word' id='word_1_666' title='bbox 3269 4649 3557 4705; x_wconf 84' lang='lat' dir='ltr'><strong><em>distantes.</em></strong></span> 
     </span>
    </p>
   </div>
   <div class='ocr_carea' id='block_1_92' title="bbox 293 4736 1865 4813">
    <p class='ocr_par' dir='ltr' id='par_1_92' title="bbox 293 4736 1865 4812">
     <span class='ocr_line' id='line_1_93' title="bbox 293 4736 1865 4812; baseline 0.004 -23"><span class='ocrx_word' id='word_1_667' title='bbox 293 4755 422 4799; x_wconf 83' lang='grc' dir='ltr'>τας.</span> <span class='ocrx_word' id='word_1_668' title='bbox 456 4736 647 4790; x_wconf 89' lang='grc' dir='ltr'>Ταῦτα</span> <span class='ocrx_word' id='word_1_669' title='bbox 683 4741 779 4807; x_wconf 80' lang='grc' dir='ltr'><strong><em>μὲν</em></strong></span> <span class='ocrx_word' id='word_1_670' title='bbox 823 4740 953 4808; x_wconf 76' lang='grc' dir='ltr'>περὶ</span> <span class='ocrx_word' id='word_1_671' title='bbox 998 4739 1162 4792; x_wconf 89' lang='grc' dir='ltr'>αὑτοῦ</span> <span class='ocrx_word' id='word_1_672' title='bbox 1185 4740 1226 4771; x_wconf 83' lang='grc'><strong><em>¹⁸</em></strong></span> <span class='ocrx_word' id='word_1_673' title='bbox 1257 4740 1618 4807; x_wconf 84' lang='grc' dir='ltr'>ἀναπλάττει,</span> <span class='ocrx_word' id='word_1_674' title='bbox 1650 4743 1712 4795; x_wconf 84' lang='grc' dir='ltr'>οὐ</span> <span class='ocrx_word' id='word_1_675' title='bbox 1759 4742 1865 4812; x_wconf 79' lang='grc' dir='ltr'>μέν·</span> 
     </span>
    </p>
   </div>
   <div class='ocr_carea' id='block_1_93' title="bbox 1989 4736 3561 4813">
    <p class='ocr_par' dir='ltr' id='par_1_93' title="bbox 1993 4739 3561 4813">
     <span class='ocr_line' id='line_1_94' title="bbox 1993 4739 3561 4813; baseline -0.004 -12"><span class='ocrx_word' id='word_1_676' title='bbox 1993 4745 2146 4801; x_wconf 87' lang='lat' dir='ltr'><strong><em>Talia</em></strong></span> <span class='ocrx_word' id='word_1_677' title='bbox 2192 4746 2259 4800; x_wconf 91' lang='lat' dir='ltr'><strong><em>de</em></strong></span> <span class='ocrx_word' id='word_1_678' title='bbox 2312 4746 2430 4813; x_wconf 90' lang='lat' dir='ltr'><strong><em>ipso</em></strong></span> <span class='ocrx_word' id='word_1_679' title='bbox 2488 4744 2848 4798; x_wconf 86' lang='lat' dir='ltr'><strong><em>Philostratus</em></strong></span> <span class='ocrx_word' id='word_1_680' title='bbox 2885 4740 3341 4796; x_wconf 91' lang='lat' dir='ltr'><strong><em>comminiscitur.</em></strong></span> <span class='ocrx_word' id='word_1_681' title='bbox 3391 4739 3561 4808; x_wconf 63' lang='lat' dir='ltr'><strong><em>Negat</em></strong></span> 
     </span>
    </p>
   </div>
   <div class='ocr_carea' id='block_1_94' title="bbox 295 4828 1867 4906">
    <p class='ocr_par' dir='ltr' id='par_1_94' title="bbox 295 4828 1867 4899">
     <span class='ocr_line' id='line_1_95' title="bbox 295 4828 1867 4899; baseline 0.004 -19"><span class='ocrx_word' id='word_1_682' title='bbox 295 4845 384 4880; x_wconf 85' lang='grc' dir='ltr'><strong><em>τοι</em></strong></span> <span class='ocrx_word' id='word_1_683' title='bbox 404 4846 465 4896; x_wconf 89' lang='grc' dir='ltr'><strong><em>γε</em></strong></span> <span class='ocrx_word' id='word_1_684' title='bbox 498 4829 574 4892; x_wconf 83' lang='grc' dir='ltr'>ὡς</span> <span class='ocrx_word' id='word_1_685' title='bbox 596 4828 683 4899; x_wconf 81' lang='grc' dir='ltr'><strong><em>είη</em></strong></span> <span class='ocrx_word' id='word_1_686' title='bbox 706 4828 985 4897; x_wconf 83' lang='grc' dir='ltr'>τελεστὴς,</span> <span class='ocrx_word' id='word_1_687' title='bbox 1011 4830 1065 4881; x_wconf 79' lang='grc' dir='ltr'>εἴ</span> <span class='ocrx_word' id='word_1_688' title='bbox 1083 4847 1206 4883; x_wconf 88' lang='grc' dir='ltr'>τινα</span> <span class='ocrx_word' id='word_1_689' title='bbox 1228 4829 1561 4885; x_wconf 83' lang='grc' dir='ltr'>διετελέσατο</span> <span class='ocrx_word' id='word_1_690' title='bbox 1582 4832 1694 4886; x_wconf 89' lang='grc' dir='ltr'><strong><em>τῶν</em></strong></span> <span class='ocrx_word' id='word_1_691' title='bbox 1727 4833 1867 4888; x_wconf 63' lang='grc' dir='ltr'>ἐνίοις</span> 
     </span>
    </p>
   </div>
   <div class='ocr_carea' id='block_1_95' title="bbox 1988 4828 3560 4906">
    <p class='ocr_par' dir='ltr' id='par_1_95' title="bbox 1998 4835 3560 4906">
     <span class='ocr_line' id='line_1_96' title="bbox 1998 4835 3560 4906; baseline -0.003 -13"><span class='ocrx_word' id='word_1_692' title='bbox 1998 4849 2177 4894; x_wconf 83' lang='lat' dir='ltr'><strong><em>tamen</em></strong></span> <span class='ocrx_word' id='word_1_693' title='bbox 2225 4853 2322 4906; x_wconf 93' lang='lat' dir='ltr'><strong><em>pro</em></strong></span> <span class='ocrx_word' id='word_1_694' title='bbox 2368 4837 2647 4891; x_wconf 91' lang='lat' dir='ltr'><strong><em>initiatore</em></strong></span> <span class='ocrx_word' id='word_1_695' title='bbox 2694 4835 3001 4890; x_wconf 89' lang='lat' dir='ltr'><strong><em>habendum</em></strong></span> <span class='ocrx_word' id='word_1_696' title='bbox 3030 4876 3046 4900; x_wconf 94' lang='lat'><strong><em>,</em></strong></span> <span class='ocrx_word' id='word_1_697' title='bbox 3099 4841 3385 4902; x_wconf 88' lang='lat' dir='ltr'><strong><em>propterea</em></strong></span> <span class='ocrx_word' id='word_1_698' title='bbox 3416 4837 3560 4901; x_wconf 85' lang='lat' dir='ltr'><strong><em>quod</em></strong></span> 
     </span>
    </p>
   </div>
   <div class='ocr_carea' id='block_1_96' title="bbox 295 4922 1867 5000">
    <p class='ocr_par' dir='ltr' id='par_1_96' title="bbox 295 4922 1867 4997">
     <span class='ocr_line' id='line_1_97' title="bbox 295 4922 1867 4997; baseline 0.004 -21"><span class='ocrx_word' id='word_1_699' title='bbox 295 4922 778 4994; x_wconf 80' lang='grc' dir='ltr'>διαθρυλουμένων</span> <span class='ocrx_word' id='word_1_700' title='bbox 813 4924 906 4980; x_wconf 77' lang='grc' dir='ltr'>ὑπ’</span> <span class='ocrx_word' id='word_1_701' title='bbox 929 4923 1094 4980; x_wconf 74' lang='grc' dir='ltr'>αὑτοῦ</span> <span class='ocrx_word' id='word_1_702' title='bbox 1134 4925 1464 4996; x_wconf 82' lang='grc' dir='ltr'>πεποιῆσθαι</span> <span class='ocrx_word' id='word_1_703' title='bbox 1494 4926 1867 4997; x_wconf 54' lang='grc' dir='ltr'>τελεσμάτωνε</span> 
     </span>
    </p>
   </div>
   <div class='ocr_carea' id='block_1_97' title="bbox 1989 4922 3561 5000">
    <p class='ocr_par' dir='ltr' id='par_1_97' title="bbox 1990 4927 3561 5000">
     <span class='ocr_line' id='line_1_98' title="bbox 1990 4927 3561 5000; baseline -0.004 -12"><span class='ocrx_word' id='word_1_704' title='bbox 1990 4947 2178 4988; x_wconf 91' lang='lat' dir='ltr'><strong><em>eorum</em></strong></span> <span class='ocrx_word' id='word_1_705' title='bbox 2211 4945 2436 5000; x_wconf 89' lang='lat' dir='ltr'><strong><em>operum</em></strong></span> <span class='ocrx_word' id='word_1_706' title='bbox 2469 4929 2715 5000; x_wconf 66' lang='lat' dir='ltr'><strong><em>quadam</em></strong></span> <span class='ocrx_word' id='word_1_707' title='bbox 2746 4927 3010 4996; x_wconf 80' lang='lat' dir='ltr'><strong><em>effecerit,</em></strong></span> <span class='ocrx_word' id='word_1_708' title='bbox 3033 4943 3154 4998; x_wconf 76' lang='lat' dir='ltr'><strong><em>quae</em></strong></span> <span class='ocrx_word' id='word_1_709' title='bbox 3194 4928 3262 4982; x_wconf 87' lang='lat' dir='ltr'><strong><em>ab</em></strong></span> <span class='ocrx_word' id='word_1_710' title='bbox 3295 4927 3387 4982; x_wconf 91' lang='lat' dir='ltr'><strong><em>illo</em></strong></span> <span class='ocrx_word' id='word_1_711' title='bbox 3429 4940 3561 4983; x_wconf 88' lang='lat' dir='ltr'><strong><em>cou-</em></strong></span> 
     </span>
    </p>
   </div>
   <div class='ocr_carea' id='block_1_98' title="bbox 1582 5038 2270 5098">
    <p class='ocr_par' dir='ltr' id='par_1_98' title="bbox 1582 5038 2270 5098">
     <span class='ocr_line' id='line_1_99' title="bbox 1582 5038 2270 5098; baseline 0.007 -5"><span class='ocrx_word' id='word_1_712' title='bbox 1582 5038 1817 5095; x_wconf 70' lang='lat' dir='ltr'><strong><em>VARIAS</em></strong></span> <span class='ocrx_word' id='word_1_713' title='bbox 1860 5040 2270 5098; x_wconf 83' lang='lat' dir='ltr'><strong><em>LECTIONES.</em></strong></span> 
     </span>
    </p>
   </div>
   <div class='ocr_carea' id='block_1_99' title="bbox 376 5128 3562 5203">
    <p class='ocr_par' dir='ltr' id='par_1_99' title="bbox 376 5128 3562 5203">
     <span class='ocr_line' id='line_1_100' title="bbox 376 5128 3562 5203; baseline 0 -22"><span class='ocrx_word' id='word_1_714' title='bbox 376 5129 647 5203; x_wconf 61' lang='grc' dir='ltr'>ξ’ἀσαφὴς</span> <span class='ocrx_word' id='word_1_715' title='bbox 668 5128 1014 5203; x_wconf 32' lang='grc' dir='ltr'>ἐπίχαρις-δὲ</span> <span class='ocrx_word' id='word_1_716' title='bbox 1043 5131 1338 5203; x_wconf 80' lang='lat' dir='ltr'><strong><em>Hamaker.</em></strong></span> <span class='ocrx_word' id='word_1_717' title='bbox 1367 5131 1494 5186; x_wconf 90' lang='lat' dir='ltr'><strong><em>lect.</em></strong></span> <span class='ocrx_word' id='word_1_718' title='bbox 1530 5133 1852 5190; x_wconf 86' lang='lat' dir='ltr'><strong><em>Philostrat.</em></strong></span> <span class='ocrx_word' id='word_1_719' title='bbox 1903 5135 2036 5189; x_wconf 87' lang='lat' dir='ltr'><strong><em>fasc.</em></strong></span> <span class='ocrx_word' id='word_1_720' title='bbox 2085 5135 2134 5188; x_wconf 79' lang='lat' dir='ltr'><strong><em>l.</em></strong></span> <span class='ocrx_word' id='word_1_721' title='bbox 2163 5151 2213 5202; x_wconf 92' lang='lat' dir='ltr'><strong><em>p.</em></strong></span> <span class='ocrx_word' id='word_1_722' title='bbox 2250 5133 2337 5188; x_wconf 88' lang='lat' dir='ltr'><strong><em>Vl.</em></strong></span> <span class='ocrx_word' id='word_1_723' title='bbox 2415 5136 2436 5167; x_wconf 82' lang='lat'><strong>’</strong></span> <span class='ocrx_word' id='word_1_724' title='bbox 2463 5130 2567 5203; x_wconf 85' lang='grc' dir='ltr'>ὅτι]</span> <span class='ocrx_word' id='word_1_725' title='bbox 2603 5133 2684 5186; x_wconf 79' lang='grc' dir='ltr'>ὅτι</span> <span class='ocrx_word' id='word_1_726' title='bbox 2708 5132 2804 5187; x_wconf 80' lang='grc' dir='ltr'><strong><em>καὶ</em></strong></span> <span class='ocrx_word' id='word_1_727' title='bbox 2857 5151 2918 5197; x_wconf 80' lang='grc' dir='ltr'><strong><em>ς.</em></strong></span> <span class='ocrx_word' id='word_1_728' title='bbox 2996 5134 3040 5166; x_wconf 77' lang='grc' dir='ltr'><strong><em>³ο</em></strong></span> <span class='ocrx_word' id='word_1_729' title='bbox 3068 5131 3434 5203; x_wconf 69' lang='grc' dir='ltr'>ἀποσεμνύνει</span> <span class='ocrx_word' id='word_1_730' title='bbox 3472 5143 3562 5196; x_wconf 80' lang='lat' dir='ltr'><strong><em>mg</em></strong></span> 
     </span>
    </p>
   </div>
   <div class='ocr_carea' id='block_1_100' title="bbox 298 5198 3562 5275">
    <p class='ocr_par' dir='ltr' id='par_1_100' title="bbox 298 5198 3562 5275">
     <span class='ocr_line' id='line_1_101' title="bbox 298 5198 3562 5275; baseline -0.002 -19"><span class='ocrx_word' id='word_1_731' title='bbox 298 5200 576 5275; x_wconf 55' lang='lat' dir='ltr'><strong><em>ﬁdilOI&#39;tlm</em></strong></span> <span class='ocrx_word' id='word_1_732' title='bbox 625 5217 677 5275; x_wconf 65' lang='grc' dir='ltr'><strong><em>ζΔ</em></strong></span> <span class='ocrx_word' id='word_1_733' title='bbox 699 5198 887 5275; x_wconf 61' lang='lat' dir='ltr'><strong><em>Sqt&#39;ipli</em></strong></span> <span class='ocrx_word' id='word_1_734' title='bbox 917 5200 1342 5275; x_wconf 65' lang='grc' dir='ltr'>ἀποσεμνύνων.</span> <span class='ocrx_word' id='word_1_735' title='bbox 1403 5203 1477 5275; x_wconf 39' lang='lat' dir='ltr'>U“</span> <span class='ocrx_word' id='word_1_736' title='bbox 1525 5203 1606 5256; x_wconf 71' lang='grc' dir='ltr'>ἔτι</span> <span class='ocrx_word' id='word_1_737' title='bbox 1639 5204 1819 5270; x_wconf 85' lang='grc' dir='ltr'>λέγειν</span> <span class='ocrx_word' id='word_1_738' title='bbox 1851 5221 1938 5275; x_wconf 74' lang='lat' dir='ltr'><strong><em>mg</em></strong></span> <span class='ocrx_word' id='word_1_739' title='bbox 1967 5223 1980 5258; x_wconf 90' lang='lat'><strong><em>:</em></strong></span> <span class='ocrx_word' id='word_1_740' title='bbox 2018 5198 2296 5275; x_wconf 76' lang='grc' dir='ltr'>ἐπιλέγειν</span> <span class='ocrx_word' id='word_1_741' title='bbox 2320 5207 2386 5258; x_wconf 79' lang='grc' dir='ltr'>Α.</span> <span class='ocrx_word' id='word_1_742' title='bbox 2450 5204 2494 5235; x_wconf 83' lang='grc'><strong><em>¹³</em></strong></span> <span class='ocrx_word' id='word_1_743' title='bbox 2527 5198 2734 5275; x_wconf 36' lang='grc' dir='ltr'><strong><em>εἶπ’-ηις</em></strong></span> <span class='ocrx_word' id='word_1_744' title='bbox 2774 5221 2788 5256; x_wconf 87' lang='lat'><strong><em>:</em></strong></span> <span class='ocrx_word' id='word_1_745' title='bbox 2816 5203 3116 5275; x_wconf 50' lang='grc' dir='ltr'><strong><em>μυεῖ-ὑπ’.Δ</em></strong></span> <span class='ocrx_word' id='word_1_746' title='bbox 3185 5198 3562 5275; x_wconf 37' lang='grc' dir='ltr'>ίξ-πεισθ-ἦναι.</span> 
     </span>
    </p>
   </div>
   <div class='ocr_carea' id='block_1_101' title="bbox 301 5266 3567 5412">
    <p class='ocr_par' dir='ltr' id='par_1_101' title="bbox 301 5266 3567 5412">
     <span class='ocr_line' id='line_1_102' title="bbox 301 5266 3567 5412; baseline 0 -90"><span class='ocrx_word' id='word_1_747' title='bbox 301 5266 351 5367; x_wconf 60' lang='grc'><strong>3</strong></span> <span class='ocrx_word' id='word_1_748' title='bbox 371 5268 699 5404; x_wconf 46' lang='grc' dir='ltr'>ἔξὲἔῦιιὲρ.</span> <span class='ocrx_word' id='word_1_749' title='bbox 903 5269 967 5391; x_wconf 53' lang='lat' dir='ltr'><strong><em>A5</em></strong></span> <span class='ocrx_word' id='word_1_750' title='bbox 1000 5266 1158 5344; x_wconf 74' lang='grc' dir='ltr'>λιμὸν</span> <span class='ocrx_word' id='word_1_751' title='bbox 1221 5290 1283 5338; x_wconf 81' lang='grc' dir='ltr'><strong><em>ς.</em></strong></span> <span class='ocrx_word' id='word_1_752' title='bbox 1398 5273 1442 5304; x_wconf 73' lang='grc'><strong><em>’⁸</em></strong></span> <span class='ocrx_word' id='word_1_753' title='bbox 1475 5266 1805 5344; x_wconf 75' lang='grc' dir='ltr'>Δομετιανὸν</span> <span class='ocrx_word' id='word_1_754' title='bbox 1838 5266 1936 5339; x_wconf 42' lang='lat' dir='ltr'><strong><em>gf</em></strong></span> <span class='ocrx_word' id='word_1_755' title='bbox 1993 5266 2241 5348; x_wconf 80' lang='grc' dir='ltr'>¹⁷τινῶν]</span> <span class='ocrx_word' id='word_1_756' title='bbox 2300 5275 2485 5330; x_wconf 86' lang='lat' dir='ltr'><strong><em>malim</em></strong></span> <span class='ocrx_word' id='word_1_757' title='bbox 2525 5266 2732 5344; x_wconf 63' lang='grc' dir='ltr'>τριῶνῖ</span> <span class='ocrx_word' id='word_1_758' title='bbox 2777 5273 2888 5329; x_wconf 88' lang='lat' dir='ltr'><strong><em>vid.</em></strong></span> <span class='ocrx_word' id='word_1_759' title='bbox 2929 5269 3042 5327; x_wconf 79' lang='lat' dir='ltr'><strong><em>Vit.</em></strong></span> <span class='ocrx_word' id='word_1_760' title='bbox 3091 5270 3359 5341; x_wconf 84' lang='lat' dir='ltr'><strong><em>Apollonii</em></strong></span> <span class='ocrx_word' id='word_1_761' title='bbox 3392 5269 3444 5337; x_wconf 81' lang='lat'><strong><em>7,</em></strong></span> <span class='ocrx_word' id='word_1_762' title='bbox 3471 5267 3567 5338; x_wconf 63' lang='grc'><strong><em>41.</em></strong></span> 
     </span>
    </p>
   </div>
   <div class='ocr_carea' id='block_1_102' title="bbox 381 5519 3547 5600">
    <p class='ocr_par' dir='ltr' id='par_1_102' title="bbox 381 5519 3547 5600">
     <span class='ocr_line' id='line_1_103' title="bbox 381 5519 3547 5600; baseline 0 -27"><span class='ocrx_word' id='word_1_763' title='bbox 381 5519 496 5588; x_wconf 78' lang='grc'><strong>(⁵11)</strong></span> <span class='ocrx_word' id='word_1_764' title='bbox 537 5521 667 5600; x_wconf 73' lang='lat' dir='ltr'><strong><em>Quae</em></strong></span> <span class='ocrx_word' id='word_1_765' title='bbox 708 5519 901 5600; x_wconf 59' lang='lat' dir='ltr'><strong><em>graece</em></strong></span> <span class='ocrx_word' id='word_1_766' title='bbox 943 5519 1258 5600; x_wconf 69' lang='lat' dir='ltr'><strong><em>atqtte_l_.at.</em></strong></span> <span class='ocrx_word' id='word_1_767' title='bbox 1293 5529 1474 5575; x_wconf 80' lang='lat' dir='ltr'><strong><em>exstat</em></strong></span> <span class='ocrx_word' id='word_1_768' title='bbox 1511 5521 1665 5592; x_wconf 84' lang='lat' dir='ltr'><strong><em>cujus</em></strong></span> <span class='ocrx_word' id='word_1_769' title='bbox 1715 5521 1880 5576; x_wconf 87' lang='lat' dir='ltr'><strong><em>etiam</em></strong></span> <span class='ocrx_word' id='word_1_770' title='bbox 1988 5520 2179 5600; x_wconf 66' lang='grc' dir='ltr'>δὲμὴ,</span> <span class='ocrx_word' id='word_1_771' title='bbox 2223 5523 2373 5578; x_wconf 85' lang='grc' dir='ltr'><strong><em>Λάθε</em></strong></span> <span class='ocrx_word' id='word_1_772' title='bbox 2405 5522 2964 5600; x_wconf 39' lang='grc' dir='ltr'>ἀποθανώνλῐιι-αιιοά</span> <span class='ocrx_word' id='word_1_773' title='bbox 2991 5521 3209 5590; x_wconf 88' lang='lat' dir='ltr'><strong><em>Epicuri</em></strong></span> <span class='ocrx_word' id='word_1_774' title='bbox 3235 5521 3436 5577; x_wconf 86' lang='lat' dir='ltr'><strong><em>dictum</em></strong></span> <span class='ocrx_word' id='word_1_775' title='bbox 3463 5519 3547 5574; x_wconf 85' lang='lat' dir='ltr'><strong><em>sin</em></strong></span> 
     </span>
    </p>
   </div>
   <div class='ocr_carea' id='block_1_103' title="bbox 299 5591 2906 5662">
    <p class='ocr_par' dir='ltr' id='par_1_103' title="bbox 299 5591 2906 5662">
     <span class='ocr_line' id='line_1_104' title="bbox 299 5591 2906 5662; baseline 0 -17"><span class='ocrx_word' id='word_1_776' title='bbox 299 5599 563 5662; x_wconf 66' lang='lat' dir='ltr'><strong><em>excerpta</em></strong></span> <span class='ocrx_word' id='word_1_777' title='bbox 595 5591 894 5662; x_wconf 66' lang='lat' dir='ltr'><strong><em>leges&#39;infr.</em></strong></span> <span class='ocrx_word' id='word_1_778' title='bbox 932 5597 1052 5647; x_wconf 91' lang='lat' dir='ltr'><strong><em>cod.</em></strong></span> <span class='ocrx_word' id='word_1_779' title='bbox 1075 5591 1223 5662; x_wconf 69' lang='lat' dir='ltr'><strong><em>2M.</em></strong></span> <span class='ocrx_word' id='word_1_780' title='bbox 1419 5657 1447 5662; x_wconf 87' lang='lat'><em>_</em></span> <span class='ocrx_word' id='word_1_781' title='bbox 1721 5660 1729 5662; x_wconf 20' lang='grc' dir='ltr'><em>Α</em></span> <span class='ocrx_word' id='word_1_782' title='bbox 1756 5660 1763 5662; x_wconf 19' lang='grc' dir='ltr'><em>Α</em></span> <span class='ocrx_word' id='word_1_783' title='bbox 1991 5591 2197 5660; x_wconf 63' lang='grc' dir='ltr'>ευιὲιι-Ῑε</span> <span class='ocrx_word' id='word_1_784' title='bbox 2226 5605 2408 5649; x_wconf 80' lang='lat' dir='ltr'><strong><em>exstat</em></strong></span> <span class='ocrx_word' id='word_1_785' title='bbox 2430 5594 2640 5649; x_wconf 86' lang='lat' dir='ltr'><strong><em>Plutar.</em></strong></span> <span class='ocrx_word' id='word_1_786' title='bbox 2669 5591 2906 5662; x_wconf 74' lang='lat' dir='ltr'><strong><em>libellus.</em></strong></span> 
     </span>
    </p>
   </div>
   <div class='ocr_carea' id='block_1_104' title="bbox 385 5657 3564 5740">
    <p class='ocr_par' dir='ltr' id='par_1_104' title="bbox 385 5657 3564 5740">
     <span class='ocr_line' id='line_1_105' title="bbox 385 5657 3564 5740; baseline -0.001 -29"><span class='ocrx_word' id='word_1_787' title='bbox 385 5658 498 5740; x_wconf 42' lang='lat'><strong><em>(1.2)</em></strong></span> <span class='ocrx_word' id='word_1_788' title='bbox 522 5657 696 5727; x_wconf 76' lang='lat' dir='ltr'><strong><em>Philo,</em></strong></span> <span class='ocrx_word' id='word_1_789' title='bbox 723 5661 999 5728; x_wconf 85' lang='lat' dir='ltr'><strong><em>Laertius,</em></strong></span> <span class='ocrx_word' id='word_1_790' title='bbox 1023 5674 1077 5718; x_wconf 91' lang='lat' dir='ltr'><strong><em>et</em></strong></span> <span class='ocrx_word' id='word_1_791' title='bbox 1097 5661 1370 5728; x_wconf 69' lang='lat' dir='ltr'><strong><em>Luciamm</em></strong></span> <span class='ocrx_word' id='word_1_792' title='bbox 1405 5657 1881 5732; x_wconf 73' lang='lat' dir='ltr'><strong><em>Gymuosophislas</em></strong></span> <span class='ocrx_word' id='word_1_793' title='bbox 1996 5657 2033 5740; x_wconf 42' lang='grc' dir='ltr'><strong><em>ξ</em></strong></span> <span class='ocrx_word' id='word_1_794' title='bbox 2064 5664 2175 5733; x_wconf 66' lang='grc'><strong>(14)</strong></span> <span class='ocrx_word' id='word_1_795' title='bbox 2196 5663 2275 5740; x_wconf 81' lang='lat' dir='ltr'><strong><em>De</em></strong></span> <span class='ocrx_word' id='word_1_796' title='bbox 2288 5679 2509 5740; x_wconf 76' lang='lat' dir='ltr'><strong><em>empusa</em></strong></span> <span class='ocrx_word' id='word_1_797' title='bbox 2527 5663 2697 5740; x_wconf 62' lang='lat' dir='ltr'><strong><em>fusius</em></strong></span> <span class='ocrx_word' id='word_1_798' title='bbox 2713 5663 2824 5732; x_wconf 79' lang='lat' dir='ltr'><strong><em>agit</em></strong></span> <span class='ocrx_word' id='word_1_799' title='bbox 2845 5660 3264 5740; x_wconf 75' lang='lat' dir='ltr'><strong><em>[_.il._Gyraldus,</em></strong></span> <span class='ocrx_word' id='word_1_800' title='bbox 3282 5659 3424 5715; x_wconf 73' lang='lat' dir='ltr'><strong><em>Hist.</em></strong></span> <span class='ocrx_word' id='word_1_801' title='bbox 3447 5661 3564 5712; x_wconf 80' lang='lat' dir='ltr'><strong><em>deo.</em></strong></span> 
     </span>
    </p>
   </div>
   <div class='ocr_carea' id='block_1_105' title="bbox 303 5730 3159 5805">
    <p class='ocr_par' dir='ltr' id='par_1_105' title="bbox 303 5730 3159 5805">
     <span class='ocr_line' id='line_1_106' title="bbox 303 5730 3159 5805; baseline 0.001 -21"><span class='ocrx_word' id='word_1_802' title='bbox 303 5730 612 5805; x_wconf 60' lang='lat' dir='ltr'><strong><em>nominant.</em></strong></span> <span class='ocrx_word' id='word_1_803' title='bbox 655 5803 665 5805; x_wconf 95' lang='lat'><em>_</em></span> <span class='ocrx_word' id='word_1_804' title='bbox 969 5803 977 5805; x_wconf 11' lang='grc' dir='ltr'><strong><em>ξ</em></strong></span> <span class='ocrx_word' id='word_1_805' title='bbox 1141 5803 1152 5805; x_wconf 97' lang='lat'>_</span> <span class='ocrx_word' id='word_1_806' title='bbox 1379 5803 1386 5805; x_wconf 20' lang='grc' dir='ltr'><em>Α</em></span> <span class='ocrx_word' id='word_1_807' title='bbox 1426 5730 1468 5805; x_wconf 19' lang='grc' dir='ltr'>,ς</span> <span class='ocrx_word' id='word_1_808' title='bbox 1550 5801 1566 5805; x_wconf 89' lang='lat'>_</span> <span class='ocrx_word' id='word_1_809' title='bbox 1619 5799 1630 5805; x_wconf 86' lang='lat'>_</span> <span class='ocrx_word' id='word_1_810' title='bbox 1868 5800 1880 5805; x_wconf 90' lang='lat'>_</span> <span class='ocrx_word' id='word_1_811' title='bbox 1995 5730 2216 5805; x_wconf 39' lang='lat' dir='ltr'><strong><em>Synla’g.</em></strong></span> <span class='ocrx_word' id='word_1_812' title='bbox 2255 5734 2344 5802; x_wconf 73' lang='grc'><strong><em>12,</em></strong></span> <span class='ocrx_word' id='word_1_813' title='bbox 2373 5730 2495 5791; x_wconf 75' lang='lat' dir='ltr'><strong><em>vide</em></strong></span> <span class='ocrx_word' id='word_1_814' title='bbox 2523 5744 2577 5792; x_wconf 86' lang='lat' dir='ltr'><strong><em>et</em></strong></span> <span class='ocrx_word' id='word_1_815' title='bbox 2601 5730 2834 5790; x_wconf 67' lang='lat' dir='ltr'><strong><em>Pltaviu.</em></strong></span> <span class='ocrx_word' id='word_1_816' title='bbox 2862 5733 2917 5788; x_wconf 86' lang='lat' dir='ltr'><strong><em>in</em></strong></span> <span class='ocrx_word' id='word_1_817' title='bbox 2945 5730 3159 5788; x_wconf 58' lang='lat' dir='ltr'><strong><em>Leaico.</em></strong></span> 
     </span>
    </p>
   </div>
   <div class='ocr_carea' id='block_1_106' title="bbox 383 5797 1884 5874">
    <p class='ocr_par' dir='ltr' id='par_1_106' title="bbox 383 5797 1884 5874">
     <span class='ocr_line' id='line_1_107' title="bbox 383 5797 1884 5874; baseline -0.001 -19"><span class='ocrx_word' id='word_1_818' title='bbox 383 5797 496 5868; x_wconf 79' lang='grc'><strong>(75)</strong></span> <span class='ocrx_word' id='word_1_819' title='bbox 521 5800 620 5857; x_wconf 83' lang='lat' dir='ltr'><strong><em>luf.</em></strong></span> <span class='ocrx_word' id='word_1_820' title='bbox 653 5803 706 5859; x_wconf 86' lang='lat' dir='ltr'><strong><em>in</em></strong></span> <span class='ocrx_word' id='word_1_821' title='bbox 736 5803 1012 5874; x_wconf 85' lang='lat' dir='ltr'><strong><em>excerptis</em></strong></span> <span class='ocrx_word' id='word_1_822' title='bbox 1057 5803 1179 5861; x_wconf 85' lang='lat' dir='ltr'><strong><em>cod.</em></strong></span> <span class='ocrx_word' id='word_1_823' title='bbox 1211 5802 1335 5858; x_wconf 69' lang='grc' dir='ltr'><strong><em>ΞΜ.</em></strong></span> <span class='ocrx_word' id='word_1_824' title='bbox 1362 5801 1507 5862; x_wconf 66' lang='lat' dir='ltr'><strong><em>Ade:</em></strong></span> <span class='ocrx_word' id='word_1_825' title='bbox 1544 5799 1746 5873; x_wconf 79' lang='grc' dir='ltr'>βιώσας</span> <span class='ocrx_word' id='word_1_826' title='bbox 1767 5841 1782 5868; x_wconf 81' lang='lat'><strong><em>,</em></strong></span> <span class='ocrx_word' id='word_1_827' title='bbox 1834 5800 1884 5853; x_wconf 86' lang='grc' dir='ltr'><strong><em>ει</em></strong></span> 
     </span>
    </p>
   </div>
  </div>
