  <div class='ocr_page' id='page_1' title='image "/cluster/home/n/w/nwhite01/storage/ocr_20150623/103 pt.3/mdp.39015061933738/047.png"; bbox 0 0 3980 6234; ppageno 0'>
   <div class='ocr_carea' id='block_1_1' title="bbox 408 325 3661 396">
    <p class='ocr_par' dir='ltr' id='par_1_1' title="bbox 408 325 3661 396">
     <span class='ocr_line' id='line_1_1' title="bbox 408 325 3661 396; baseline -0.002 -1"><span class='ocrx_word' id='word_1_1' title='bbox 408 333 480 396; x_wconf 81' lang='lat'><strong>79</strong></span> <span class='ocrx_word' id='word_1_2' title='bbox 1538 329 1803 390; x_wconf 88' lang='lat' dir='ltr'><strong>PHOTII</strong></span> <span class='ocrx_word' id='word_1_3' title='bbox 1841 325 2354 390; x_wconf 72' lang='lat' dir='ltr'><strong>PATRIARCH/E</strong></span> <span class='ocrx_word' id='word_1_4' title='bbox 2392 327 2501 388; x_wconf 73' lang='grc' dir='ltr'><strong>(ΣΡ.</strong></span> <span class='ocrx_word' id='word_1_5' title='bbox 3590 325 3661 388; x_wconf 83' lang='lat'><strong>80</strong></span> 
     </span>
    </p>
   </div>
   <div class='ocr_carea' id='block_1_2' title="bbox 413 440 1984 518">
    <p class='ocr_par' dir='ltr' id='par_1_2' title="bbox 413 445 1971 516">
     <span class='ocr_line' id='line_1_2' title="bbox 413 445 1971 516; baseline -0.001 -15"><span class='ocrx_word' id='word_1_6' title='bbox 413 448 552 502; x_wconf 69' lang='lat' dir='ltr'><strong>[ccta</strong></span> <span class='ocrx_word' id='word_1_7' title='bbox 591 461 621 500; x_wconf 91' lang='lat' dir='ltr'><strong>a</strong></span> <span class='ocrx_word' id='word_1_8' title='bbox 659 447 982 516; x_wconf 85' lang='lat' dir='ltr'><strong>quibusdam</strong></span> <span class='ocrx_word' id='word_1_9' title='bbox 1010 446 1408 516; x_wconf 73' lang='lat' dir='ltr'><strong>iactabantur:</strong></span> <span class='ocrx_word' id='word_1_10' title='bbox 1454 446 1548 503; x_wconf 84' lang='lat' dir='ltr'><strong>sed</strong></span> <span class='ocrx_word' id='word_1_11' title='bbox 1593 461 1690 512; x_wconf 87' lang='lat' dir='ltr'><strong>per</strong></span> <span class='ocrx_word' id='word_1_12' title='bbox 1729 445 1971 515; x_wconf 85' lang='lat' dir='ltr'><strong>philoso-</strong></span> 
     </span>
    </p>
   </div>
   <div class='ocr_carea' id='block_1_3' title="bbox 2092 440 3662 518">
    <p class='ocr_par' dir='ltr' id='par_1_3' title="bbox 2092 440 3662 518">
     <span class='ocr_line' id='line_1_3' title="bbox 2092 440 3662 518; baseline -0.003 -21"><span class='ocrx_word' id='word_1_13' title='bbox 2092 445 2368 518; x_wconf 64' lang='grc' dir='ltr'>φιλοσοφίᾳ</span> <span class='ocrx_word' id='word_1_14' title='bbox 2399 445 2456 498; x_wconf 85' lang='grc' dir='ltr'>δὲ</span> <span class='ocrx_word' id='word_1_15' title='bbox 2486 443 2580 498; x_wconf 73' lang='grc' dir='ltr'><strong>καὶ</strong></span> <span class='ocrx_word' id='word_1_16' title='bbox 2627 443 2747 515; x_wconf 82' lang='grc' dir='ltr'>βίου</span> <span class='ocrx_word' id='word_1_17' title='bbox 2781 443 3136 516; x_wconf 80' lang='grc' dir='ltr'><strong>καθαρότητι,</strong></span> <span class='ocrx_word' id='word_1_18' title='bbox 3171 440 3267 498; x_wconf 77' lang='grc' dir='ltr'>καὶ</span> <span class='ocrx_word' id='word_1_19' title='bbox 3312 441 3458 513; x_wconf 72' lang='grc' dir='ltr'>ἅπερ</span> <span class='ocrx_word' id='word_1_20' title='bbox 3503 440 3662 502; x_wconf 71' lang='grc' dir='ltr'>αὐτὸς</span> 
     </span>
    </p>
   </div>
   <div class='ocr_carea' id='block_1_4' title="bbox 410 539 1976 611">
    <p class='ocr_par' dir='ltr' id='par_1_4' title="bbox 410 539 1976 611">
     <span class='ocr_line' id='line_1_4' title="bbox 410 539 1976 611; baseline -0.002 -17"><span class='ocrx_word' id='word_1_21' title='bbox 410 541 616 610; x_wconf 83' lang='lat' dir='ltr'><strong>phiam,</strong></span> <span class='ocrx_word' id='word_1_22' title='bbox 641 553 706 595; x_wconf 88' lang='lat' dir='ltr'><strong>ac</strong></span> <span class='ocrx_word' id='word_1_23' title='bbox 730 540 856 594; x_wconf 72' lang='lat' dir='ltr'><strong>vita:</strong></span> <span class='ocrx_word' id='word_1_24' title='bbox 887 541 1175 611; x_wconf 75' lang='lat' dir='ltr'><strong>puritatem</strong></span> <span class='ocrx_word' id='word_1_25' title='bbox 1205 541 1319 594; x_wconf 57' lang='lat' dir='ltr'><strong>haec</strong></span> <span class='ocrx_word' id='word_1_26' title='bbox 1343 539 1530 603; x_wconf 85' lang='lat' dir='ltr'><strong>etiam,</strong></span> <span class='ocrx_word' id='word_1_27' title='bbox 1563 554 1683 606; x_wconf 74' lang='lat' dir='ltr'><strong>qua:</strong></span> <span class='ocrx_word' id='word_1_28' title='bbox 1705 539 1820 608; x_wconf 92' lang='lat' dir='ltr'><strong>ipse</strong></span> <span class='ocrx_word' id='word_1_29' title='bbox 1849 554 1976 592; x_wconf 78' lang='lat' dir='ltr'><strong>mox</strong></span> 
     </span>
    </p>
   </div>
   <div class='ocr_carea' id='block_1_5' title="bbox 411 628 1977 701">
    <p class='ocr_par' dir='ltr' id='par_1_5' title="bbox 411 628 1977 701">
     <span class='ocr_line' id='line_1_5' title="bbox 411 628 1977 701; baseline -0.001 -16"><span class='ocrx_word' id='word_1_30' title='bbox 411 633 864 698; x_wconf 78' lang='lat' dir='ltr'><strong>narraverit,&#39;ab</strong></span> <span class='ocrx_word' id='word_1_31' title='bbox 917 633 1009 686; x_wconf 92' lang='lat' dir='ltr'><strong>illo</strong></span> <span class='ocrx_word' id='word_1_32' title='bbox 1053 631 1296 700; x_wconf 79' lang='lat' dir='ltr'><strong>profecta</strong></span> <span class='ocrx_word' id='word_1_33' title='bbox 1352 629 1526 701; x_wconf 88' lang='lat' dir='ltr'><strong>ﬁngit.</strong></span> <span class='ocrx_word' id='word_1_34' title='bbox 1592 630 1732 697; x_wconf 87' lang='lat' dir='ltr'><strong>Quin</strong></span> <span class='ocrx_word' id='word_1_35' title='bbox 1790 628 1977 699; x_wconf 83' lang='lat' dir='ltr'><strong>potius</strong></span> 
     </span>
    </p>
   </div>
   <div class='ocr_carea' id='block_1_6' title="bbox 411 719 1976 794">
    <p class='ocr_par' dir='ltr' id='par_1_6' title="bbox 411 719 1976 794">
     <span class='ocr_line' id='line_1_6' title="bbox 411 719 1976 794; baseline -0.001 -19"><span class='ocrx_word' id='word_1_36' title='bbox 411 739 638 777; x_wconf 82' lang='lat' dir='ltr'><strong>exosum</strong></span> <span class='ocrx_word' id='word_1_37' title='bbox 672 725 866 794; x_wconf 88' lang='lat' dir='ltr'><strong>magis,</strong></span> <span class='ocrx_word' id='word_1_38' title='bbox 899 739 962 777; x_wconf 91' lang='lat' dir='ltr'><strong>ac</strong></span> <span class='ocrx_word' id='word_1_39' title='bbox 983 721 1261 788; x_wconf 90' lang='lat' dir='ltr'><strong>veneﬁcis,</strong></span> <span class='ocrx_word' id='word_1_40' title='bbox 1289 736 1394 776; x_wconf 91' lang='lat' dir='ltr'><strong>non</strong></span> <span class='ocrx_word' id='word_1_41' title='bbox 1435 736 1564 777; x_wconf 90' lang='lat' dir='ltr'><strong>vero</strong></span> <span class='ocrx_word' id='word_1_42' title='bbox 1603 723 1826 792; x_wconf 65' lang='lat' dir='ltr'><strong>magicae</strong></span> <span class='ocrx_word' id='word_1_43' title='bbox 1871 719 1976 774; x_wconf 87' lang='lat' dir='ltr'><strong>arti</strong></span> 
     </span>
    </p>
   </div>
   <div class='ocr_carea' id='block_1_7' title="bbox 410 817 871 873">
    <p class='ocr_par' dir='ltr' id='par_1_7' title="bbox 410 817 871 873">
     <span class='ocr_line' id='line_1_7' title="bbox 410 817 871 873; baseline -0.002 -3"><span class='ocrx_word' id='word_1_44' title='bbox 410 819 650 872; x_wconf 85' lang='lat' dir='ltr'><strong>deditum</strong></span> <span class='ocrx_word' id='word_1_45' title='bbox 681 817 871 873; x_wconf 82' lang='lat' dir='ltr'><strong>fuisse.</strong></span> 
     </span>
    </p>
   </div>
   <div class='ocr_carea' id='block_1_8' title="bbox 481 902 1979 972">
    <p class='ocr_par' dir='ltr' id='par_1_8' title="bbox 481 902 1979 972">
     <span class='ocr_line' id='line_1_8' title="bbox 481 902 1979 972; baseline -0.003 -11"><span class='ocrx_word' id='word_1_46' title='bbox 481 908 597 961; x_wconf 80' lang='lat' dir='ltr'><strong>lam</strong></span> <span class='ocrx_word' id='word_1_47' title='bbox 639 909 704 962; x_wconf 86' lang='lat' dir='ltr'><strong>de</strong></span> <span class='ocrx_word' id='word_1_48' title='bbox 736 909 881 962; x_wconf 91' lang='lat' dir='ltr'><strong>Indis</strong></span> <span class='ocrx_word' id='word_1_49' title='bbox 914 906 1094 962; x_wconf 85' lang='lat' dir='ltr'><strong>omnia</strong></span> <span class='ocrx_word' id='word_1_50' title='bbox 1129 906 1252 972; x_wconf 88' lang='lat' dir='ltr'><strong>iste,</strong></span> <span class='ocrx_word' id='word_1_51' title='bbox 1282 904 1520 960; x_wconf 81' lang='lat' dir='ltr'><strong>maxima</strong></span> <span class='ocrx_word' id='word_1_52' title='bbox 1554 903 1812 968; x_wconf 88' lang='lat' dir='ltr'><strong>absurda,</strong></span> <span class='ocrx_word' id='word_1_53' title='bbox 1847 902 1979 958; x_wconf 87' lang='lat' dir='ltr'><strong>ﬁde-</strong></span> 
     </span>
    </p>
   </div>
   <div class='ocr_carea' id='block_1_9' title="bbox 410 997 1977 1070">
    <p class='ocr_par' dir='ltr' id='par_1_9' title="bbox 410 997 1977 1070">
     <span class='ocr_line' id='line_1_9' title="bbox 410 997 1977 1070; baseline -0.001 -18"><span class='ocrx_word' id='word_1_54' title='bbox 410 1015 517 1070; x_wconf 85' lang='lat' dir='ltr'><strong>que</strong></span> <span class='ocrx_word' id='word_1_55' title='bbox 552 1001 771 1069; x_wconf 89' lang='lat' dir='ltr'><strong>indigna</strong></span> <span class='ocrx_word' id='word_1_56' title='bbox 805 1000 1042 1055; x_wconf 81' lang='lat' dir='ltr'><strong>consult.</strong></span> <span class='ocrx_word' id='word_1_57' title='bbox 1070 999 1221 1054; x_wconf 89' lang='lat' dir='ltr'><strong>Dolia</strong></span> <span class='ocrx_word' id='word_1_58' title='bbox 1251 1001 1397 1056; x_wconf 89' lang='lat' dir='ltr'><strong>enim</strong></span> <span class='ocrx_word' id='word_1_59' title='bbox 1432 1000 1573 1070; x_wconf 88' lang='lat' dir='ltr'><strong>apud</strong></span> <span class='ocrx_word' id='word_1_60' title='bbox 1599 1001 1733 1053; x_wconf 90' lang='lat' dir='ltr'><strong>istos</strong></span> <span class='ocrx_word' id='word_1_61' title='bbox 1765 997 1977 1064; x_wconf 82' lang='lat' dir='ltr'><strong>statuit,</strong></span> 
     </span>
    </p>
   </div>
   <div class='ocr_carea' id='block_1_10' title="bbox 413 1090 1981 1162">
    <p class='ocr_par' dir='ltr' id='par_1_10' title="bbox 413 1090 1981 1162">
     <span class='ocr_line' id='line_1_10' title="bbox 413 1090 1981 1162; baseline 0.001 -19"><span class='ocrx_word' id='word_1_62' title='bbox 413 1092 569 1160; x_wconf 91' lang='lat' dir='ltr'><strong>plena</strong></span> <span class='ocrx_word' id='word_1_63' title='bbox 616 1091 870 1146; x_wconf 89' lang='lat' dir='ltr'><strong>imbrium</strong></span> <span class='ocrx_word' id='word_1_64' title='bbox 913 1099 969 1146; x_wconf 87' lang='lat' dir='ltr'><strong>et</strong></span> <span class='ocrx_word' id='word_1_65' title='bbox 1005 1102 1318 1157; x_wconf 82' lang='lat' dir='ltr'><strong>ventorum,</strong></span> <span class='ocrx_word' id='word_1_66' title='bbox 1346 1093 1545 1162; x_wconf 86' lang='lat' dir='ltr'><strong>quibus</strong></span> <span class='ocrx_word' id='word_1_67' title='bbox 1578 1091 1765 1146; x_wconf 89' lang='lat' dir='ltr'><strong>datum</strong></span> <span class='ocrx_word' id='word_1_68' title='bbox 1794 1090 1865 1144; x_wconf 87' lang='lat' dir='ltr'><strong>sit</strong></span> <span class='ocrx_word' id='word_1_69' title='bbox 1893 1103 1981 1144; x_wconf 91' lang='lat' dir='ltr'><strong>re-</strong></span> 
     </span>
    </p>
   </div>
   <div class='ocr_carea' id='block_1_11' title="bbox 410 1182 1982 1252">
    <p class='ocr_par' dir='ltr' id='par_1_11' title="bbox 410 1182 1982 1252">
     <span class='ocr_line' id='line_1_11' title="bbox 410 1182 1982 1252; baseline -0.001 -16"><span class='ocrx_word' id='word_1_70' title='bbox 410 1185 627 1251; x_wconf 83' lang='lat' dir='ltr'><strong>gionem</strong></span> <span class='ocrx_word' id='word_1_71' title='bbox 664 1183 975 1251; x_wconf 89' lang='lat' dir='ltr'><strong>compluere</strong></span> <span class='ocrx_word' id='word_1_72' title='bbox 1003 1183 1056 1237; x_wconf 92' lang='lat' dir='ltr'><strong>in</strong></span> <span class='ocrx_word' id='word_1_73' title='bbox 1094 1183 1350 1238; x_wconf 89' lang='lat' dir='ltr'><strong>imbrium</strong></span> <span class='ocrx_word' id='word_1_74' title='bbox 1392 1182 1639 1252; x_wconf 87' lang='lat' dir='ltr'><strong>penuria,</strong></span> <span class='ocrx_word' id='word_1_75' title='bbox 1675 1183 1982 1249; x_wconf 84' lang='lat' dir='ltr'><strong>iterumque</strong></span> 
     </span>
    </p>
   </div>
   <div class='ocr_carea' id='block_1_12' title="bbox 419 1273 1980 1342">
    <p class='ocr_par' dir='ltr' id='par_1_12' title="bbox 419 1273 1980 1342">
     <span class='ocr_line' id='line_1_12' title="bbox 419 1273 1980 1342; baseline -0.001 -15"><span class='ocrx_word' id='word_1_76' title='bbox 419 1275 683 1329; x_wconf 84' lang='lat' dir='ltr'><strong>discussis</strong></span> <span class='ocrx_word' id='word_1_77' title='bbox 737 1275 1003 1329; x_wconf 83' lang='lat' dir='ltr'><strong>imbribus</strong></span> <span class='ocrx_word' id='word_1_78' title='bbox 1052 1276 1284 1341; x_wconf 88' lang='lat' dir='ltr'><strong>siccare,</strong></span> <span class='ocrx_word' id='word_1_79' title='bbox 1333 1275 1460 1330; x_wconf 91' lang='lat' dir='ltr'><strong>dum</strong></span> <span class='ocrx_word' id='word_1_80' title='bbox 1513 1273 1744 1329; x_wconf 85' lang='lat' dir='ltr'><strong>alternis</strong></span> <span class='ocrx_word' id='word_1_81' title='bbox 1782 1287 1980 1342; x_wconf 89' lang='lat' dir='ltr'><strong>aquam</strong></span> 
     </span>
    </p>
   </div>
   <div class='ocr_carea' id='block_1_13' title="bbox 418 1363 1983 1437">
    <p class='ocr_par' dir='ltr' id='par_1_13' title="bbox 418 1363 1983 1437">
     <span class='ocr_line' id='line_1_13' title="bbox 418 1363 1983 1437; baseline -0.001 -18"><span class='ocrx_word' id='word_1_82' title='bbox 418 1376 754 1437; x_wconf 78' lang='lat' dir='ltr'><strong>ventumque</strong></span> <span class='ocrx_word' id='word_1_83' title='bbox 782 1381 812 1420; x_wconf 90' lang='lat' dir='ltr'><strong>e</strong></span> <span class='ocrx_word' id='word_1_84' title='bbox 843 1367 1001 1422; x_wconf 77' lang='lat' dir='ltr'><strong>doliis</strong></span> <span class='ocrx_word' id='word_1_85' title='bbox 1053 1368 1420 1436; x_wconf 84' lang='lat' dir='ltr'><strong>suppeditant.</strong></span> <span class='ocrx_word' id='word_1_86' title='bbox 1462 1364 1562 1420; x_wconf 82' lang='lat' dir='ltr'><strong>His</strong></span> <span class='ocrx_word' id='word_1_87' title='bbox 1609 1363 1831 1428; x_wconf 84' lang='lat' dir='ltr'><strong>similia,</strong></span> <span class='ocrx_word' id='word_1_88' title='bbox 1890 1363 1983 1418; x_wconf 91' lang='lat' dir='ltr'><strong>de-</strong></span> 
     </span>
    </p>
   </div>
   <div class='ocr_carea' id='block_1_14' title="bbox 411 1455 1980 1527">
    <p class='ocr_par' dir='ltr' id='par_1_14' title="bbox 411 1455 1980 1527">
     <span class='ocr_line' id='line_1_14' title="bbox 411 1455 1980 1527; baseline -0.002 -17"><span class='ocrx_word' id='word_1_89' title='bbox 411 1459 627 1512; x_wconf 65' lang='lat' dir='ltr'><strong>mentim</strong></span> <span class='ocrx_word' id='word_1_90' title='bbox 652 1459 832 1527; x_wconf 81' lang='lat' dir='ltr'><strong>plena,</strong></span> <span class='ocrx_word' id='word_1_91' title='bbox 868 1468 923 1512; x_wconf 88' lang='lat' dir='ltr'><strong>et</strong></span> <span class='ocrx_word' id='word_1_92' title='bbox 947 1458 1052 1512; x_wconf 90' lang='lat' dir='ltr'><strong>alia</strong></span> <span class='ocrx_word' id='word_1_93' title='bbox 1080 1458 1312 1527; x_wconf 82' lang='lat' dir='ltr'><strong>plurima</strong></span> <span class='ocrx_word' id='word_1_94' title='bbox 1346 1458 1651 1527; x_wconf 84' lang='lat' dir='ltr'><strong>prodigiose</strong></span> <span class='ocrx_word' id='word_1_95' title='bbox 1697 1455 1980 1526; x_wconf 90' lang='lat' dir='ltr'><strong>conﬁngit,</strong></span> 
     </span>
    </p>
   </div>
   <div class='ocr_carea' id='block_1_15' title="bbox 412 1546 1982 1617">
    <p class='ocr_par' dir='ltr' id='par_1_15' title="bbox 412 1546 1982 1617">
     <span class='ocr_line' id='line_1_15' title="bbox 412 1546 1982 1617; baseline 0 -15"><span class='ocrx_word' id='word_1_96' title='bbox 412 1551 594 1617; x_wconf 77' lang='lat' dir='ltr'><strong>itaque</strong></span> <span class='ocrx_word' id='word_1_97' title='bbox 641 1549 796 1604; x_wconf 87' lang='lat' dir='ltr'><strong>libris</strong></span> <span class='ocrx_word' id='word_1_98' title='bbox 836 1559 961 1604; x_wconf 85' lang='lat' dir='ltr'><strong>octo</strong></span> <span class='ocrx_word' id='word_1_99' title='bbox 1002 1551 1181 1605; x_wconf 87' lang='lat' dir='ltr'><strong>omnis</strong></span> <span class='ocrx_word' id='word_1_100' title='bbox 1215 1550 1285 1605; x_wconf 90' lang='lat' dir='ltr'><strong>ab</strong></span> <span class='ocrx_word' id='word_1_101' title='bbox 1327 1549 1420 1604; x_wconf 92' lang='lat' dir='ltr'><strong>illo</strong></span> <span class='ocrx_word' id='word_1_102' title='bbox 1449 1546 1732 1603; x_wconf 85' lang='lat' dir='ltr'><strong>vanissimi</strong></span> <span class='ocrx_word' id='word_1_103' title='bbox 1775 1546 1982 1602; x_wconf 82' lang='lat' dir='ltr'><strong>laboris</strong></span> 
     </span>
    </p>
   </div>
   <div class='ocr_carea' id='block_1_16' title="bbox 409 1641 960 1709">
    <p class='ocr_par' dir='ltr' id='par_1_16' title="bbox 409 1641 960 1709">
     <span class='ocr_line' id='line_1_16' title="bbox 409 1641 960 1709; baseline 0.002 -17"><span class='ocrx_word' id='word_1_104' title='bbox 409 1655 570 1709; x_wconf 83' lang='lat' dir='ltr'><strong>opera</strong></span> <span class='ocrx_word' id='word_1_105' title='bbox 602 1641 960 1695; x_wconf 83' lang='lat' dir='ltr'><strong>consumitur.</strong></span> 
     </span>
    </p>
   </div>
   <div class='ocr_carea' id='block_1_17' title="bbox 1115 1730 1274 1786">
    <p class='ocr_par' dir='ltr' id='par_1_17' title="bbox 1115 1730 1274 1786">
     <span class='ocr_line' id='line_1_17' title="bbox 1115 1730 1274 1786; baseline -0.013 0"><span class='ocrx_word' id='word_1_106' title='bbox 1115 1730 1274 1786; x_wconf 81' lang='lat' dir='ltr'><strong>XLV.</strong></span> 
     </span>
    </p>
   </div>
   <div class='ocr_carea' id='block_1_18' title="bbox 654 1823 1704 1882">
    <p class='ocr_par' dir='ltr' id='par_1_18' title="bbox 654 1823 1704 1882">
     <span class='ocr_line' id='line_1_18' title="bbox 654 1823 1704 1882; baseline 0.004 -6"><span class='ocrx_word' id='word_1_107' title='bbox 654 1823 1077 1879; x_wconf 76' lang='lat' dir='ltr'><strong>Andronicianus</strong></span> <span class='ocrx_word' id='word_1_108' title='bbox 1100 1836 1287 1879; x_wconf 86' lang='lat' dir='ltr'><strong>contra</strong></span> <span class='ocrx_word' id='word_1_109' title='bbox 1317 1823 1704 1882; x_wconf 76' lang='lat' dir='ltr'><strong>Eunomianos.</strong></span> 
     </span>
    </p>
   </div>
   <div class='ocr_carea' id='block_1_19' title="bbox 481 1979 1990 2052">
    <p class='ocr_par' dir='ltr' id='par_1_19' title="bbox 481 1979 1990 2052">
     <span class='ocr_line' id='line_1_19' title="bbox 481 1979 1990 2052; baseline 0.007 -17"><span class='ocrx_word' id='word_1_110' title='bbox 481 1979 628 2036; x_wconf 88' lang='lat' dir='ltr'><strong>Lecti</strong></span> <span class='ocrx_word' id='word_1_111' title='bbox 643 1990 768 2036; x_wconf 85' lang='lat' dir='ltr'><strong>sunt</strong></span> <span class='ocrx_word' id='word_1_112' title='bbox 784 1983 1163 2039; x_wconf 81' lang='lat' dir='ltr'><strong>Androniciani</strong></span> <span class='ocrx_word' id='word_1_113' title='bbox 1183 1985 1812 2052; x_wconf 70' lang='grc' dir='ltr'>ΑιίυενδιιεξΕιιηοηιίαηοε</span> <span class='ocrx_word' id='word_1_114' title='bbox 1827 1987 1990 2045; x_wconf 75' lang='lat' dir='ltr'><strong>libelli</strong></span> 
     </span>
    </p>
   </div>
   <div class='ocr_carea' id='block_1_20' title="bbox 409 2075 1989 2153">
    <p class='ocr_par' dir='ltr' id='par_1_20' title="bbox 409 2075 1989 2153">
     <span class='ocr_line' id='line_1_20' title="bbox 409 2075 1989 2153; baseline 0.007 -26"><span class='ocrx_word' id='word_1_115' title='bbox 409 2077 538 2129; x_wconf 84' lang='lat' dir='ltr'><strong>duo.</strong></span> <span class='ocrx_word' id='word_1_116' title='bbox 586 2075 867 2130; x_wconf 87' lang='lat' dir='ltr'><strong>Promittit</strong></span> <span class='ocrx_word' id='word_1_117' title='bbox 911 2078 1128 2146; x_wconf 90' lang='lat' dir='ltr'><strong>quidem</strong></span> <span class='ocrx_word' id='word_1_118' title='bbox 1173 2078 1225 2131; x_wconf 91' lang='lat' dir='ltr'><strong>in</strong></span> <span class='ocrx_word' id='word_1_119' title='bbox 1265 2080 1545 2150; x_wconf 71' lang='lat' dir='ltr'><strong>prooemiis</strong></span> <span class='ocrx_word' id='word_1_120' title='bbox 1583 2081 1831 2151; x_wconf 78' lang='lat' dir='ltr'><strong>grandia,</strong></span> <span class='ocrx_word' id='word_1_121' title='bbox 1868 2099 1989 2153; x_wconf 75' lang='lat' dir='ltr'><strong>qua:</strong></span> 
     </span>
    </p>
   </div>
   <div class='ocr_carea' id='block_1_21' title="bbox 411 2171 1988 2243">
    <p class='ocr_par' dir='ltr' id='par_1_21' title="bbox 411 2171 1988 2243">
     <span class='ocr_line' id='line_1_21' title="bbox 411 2171 1988 2243; baseline 0.006 -24"><span class='ocrx_word' id='word_1_122' title='bbox 411 2177 588 2221; x_wconf 85' lang='lat' dir='ltr'><strong>tamen</strong></span> <span class='ocrx_word' id='word_1_123' title='bbox 621 2185 726 2222; x_wconf 92' lang='lat' dir='ltr'><strong>non</strong></span> <span class='ocrx_word' id='word_1_124' title='bbox 751 2171 1022 2239; x_wconf 67' lang='lat' dir='ltr'><strong>praestitit,</strong></span> <span class='ocrx_word' id='word_1_125' title='bbox 1054 2171 1104 2224; x_wconf 92' lang='lat' dir='ltr'><strong>in</strong></span> <span class='ocrx_word' id='word_1_126' title='bbox 1137 2173 1311 2227; x_wconf 89' lang='lat' dir='ltr'><strong>altero</strong></span> <span class='ocrx_word' id='word_1_127' title='bbox 1331 2174 1640 2243; x_wconf 70' lang='lat' dir='ltr'><strong>prtrsertim</strong></span> <span class='ocrx_word' id='word_1_128' title='bbox 1676 2173 1834 2228; x_wconf 90' lang='lat' dir='ltr'><strong>libro.</strong></span> <span class='ocrx_word' id='word_1_129' title='bbox 1861 2173 1988 2229; x_wconf 86' lang='lat' dir='ltr'><strong>Phi-</strong></span> 
     </span>
    </p>
   </div>
   <div class='ocr_carea' id='block_1_22' title="bbox 410 2256 1983 2331">
    <p class='ocr_par' dir='ltr' id='par_1_22' title="bbox 410 2256 1983 2331">
     <span class='ocr_line' id='line_1_22' title="bbox 410 2256 1983 2331; baseline 0.008 -22"><span class='ocrx_word' id='word_1_130' title='bbox 410 2256 667 2326; x_wconf 66' lang='lat' dir='ltr'><strong>losOphia:</strong></span> <span class='ocrx_word' id='word_1_131' title='bbox 715 2259 805 2313; x_wconf 88' lang='lat' dir='ltr'><strong>hic</strong></span> <span class='ocrx_word' id='word_1_132' title='bbox 851 2262 1227 2330; x_wconf 82' lang='lat' dir='ltr'><strong>perstudiosus</strong></span> <span class='ocrx_word' id='word_1_133' title='bbox 1262 2273 1366 2328; x_wconf 90' lang='lat' dir='ltr'><strong>est,</strong></span> <span class='ocrx_word' id='word_1_134' title='bbox 1401 2280 1524 2319; x_wconf 89' lang='lat' dir='ltr'><strong>cum</strong></span> <span class='ocrx_word' id='word_1_135' title='bbox 1572 2265 1836 2331; x_wconf 90' lang='lat' dir='ltr'><strong>moribus,</strong></span> <span class='ocrx_word' id='word_1_136' title='bbox 1870 2277 1983 2321; x_wconf 83' lang='lat' dir='ltr'><strong>tum</strong></span> 
     </span>
    </p>
   </div>
   <div class='ocr_carea' id='block_1_23' title="bbox 409 2349 1987 2423">
    <p class='ocr_par' dir='ltr' id='par_1_23' title="bbox 409 2349 1987 2423">
     <span class='ocr_line' id='line_1_23' title="bbox 409 2349 1987 2423; baseline 0.011 -28"><span class='ocrx_word' id='word_1_137' title='bbox 409 2355 592 2398; x_wconf 88' lang='lat' dir='ltr'><strong>mente</strong></span> <span class='ocrx_word' id='word_1_138' title='bbox 616 2385 631 2410; x_wconf 96' lang='lat'><strong>,</strong></span> <span class='ocrx_word' id='word_1_139' title='bbox 678 2356 839 2417; x_wconf 87' lang='lat' dir='ltr'><strong>atque</strong></span> <span class='ocrx_word' id='word_1_140' title='bbox 877 2349 1093 2405; x_wconf 89' lang='lat' dir='ltr'><strong>dicendi</strong></span> <span class='ocrx_word' id='word_1_141' title='bbox 1121 2349 1335 2420; x_wconf 78' lang='lat' dir='ltr'><strong>forma;</strong></span> <span class='ocrx_word' id='word_1_142' title='bbox 1370 2352 1630 2423; x_wconf 82' lang='lat' dir='ltr'><strong>religione</strong></span> <span class='ocrx_word' id='word_1_143' title='bbox 1668 2369 1795 2411; x_wconf 83' lang='lat' dir='ltr'><strong>vero</strong></span> <span class='ocrx_word' id='word_1_144' title='bbox 1827 2355 1987 2412; x_wconf 86' lang='lat' dir='ltr'><strong>Chri-</strong></span> 
     </span>
    </p>
   </div>
   <div class='ocr_carea' id='block_1_24' title="bbox 289 2435 646 2488">
    <p class='ocr_par' dir='ltr' id='par_1_24' title="bbox 289 2435 646 2488">
     <span class='ocr_line' id='line_1_24' title="bbox 289 2435 646 2488; baseline 0.011 -4"><span class='ocrx_word' id='word_1_145' title='bbox 289 2453 294 2458; x_wconf 86' lang='grc'><strong>·</strong></span> <span class='ocrx_word' id='word_1_146' title='bbox 409 2435 646 2488; x_wconf 81' lang='lat' dir='ltr'><strong>stianus.</strong></span> 
     </span>
    </p>
   </div>
   <div class='ocr_carea' id='block_1_25' title="bbox 1100 2529 1290 2587">
    <p class='ocr_par' dir='ltr' id='par_1_25' title="bbox 1100 2529 1290 2587">
     <span class='ocr_line' id='line_1_25' title="bbox 1100 2529 1290 2587; baseline 0.021 -4"><span class='ocrx_word' id='word_1_147' title='bbox 1100 2529 1290 2587; x_wconf 79' lang='lat' dir='ltr'><strong>XLVI.</strong></span> 
     </span>
    </p>
   </div>
   <div class='ocr_carea' id='block_1_26' title="bbox 415 2614 1980 2744">
    <p class='ocr_par' dir='ltr' id='par_1_26' title="bbox 415 2614 1980 2744">
     <span class='ocr_line' id='line_1_26' title="bbox 415 2614 1980 2744; baseline 0.009 -76"><span class='ocrx_word' id='word_1_148' title='bbox 415 2614 726 2671; x_wconf 80' lang='lat' dir='ltr'><strong>Theodoreti</strong></span> <span class='ocrx_word' id='word_1_149' title='bbox 763 2615 959 2673; x_wconf 85' lang='lat' dir='ltr'><strong>Contra</strong></span> <span class='ocrx_word' id='word_1_150' title='bbox 1016 2623 1292 2744; x_wconf 50' lang='grc' dir='ltr'>Ιιιετῖίῖεοε</span> <span class='ocrx_word' id='word_1_151' title='bbox 1336 2624 1462 2678; x_wconf 77' lang='lat' dir='ltr'><strong>libri</strong></span> <span class='ocrx_word' id='word_1_152' title='bbox 1494 2642 1676 2690; x_wconf 81' lang='lat' dir='ltr'><strong>xxvu;</strong></span> <span class='ocrx_word' id='word_1_153' title='bbox 1700 2639 1748 2682; x_wconf 86' lang='lat' dir='ltr'><strong>et</strong></span> <span class='ocrx_word' id='word_1_154' title='bbox 1787 2627 1980 2682; x_wconf 82' lang='lat' dir='ltr'><strong>Erani-</strong></span> 
     </span>
     <span class='ocr_line' id='line_1_27' title="bbox 1025 2705 1373 2744; baseline 0 0"><span class='ocrx_word' id='word_1_155' title='bbox 1025 2705 1118 2744; x_wconf 74' lang='lat' dir='ltr'><strong>sla!</strong></span> <span class='ocrx_word' id='word_1_156' title='bbox 1166 2711 1179 2744; x_wconf 75' lang='grc' dir='ltr'><strong>ί</strong></span> <span class='ocrx_word' id='word_1_157' title='bbox 1222 2710 1373 2744; x_wconf 70' lang='grc'><strong>1⁸1111.</strong></span> 
     </span>
    </p>
   </div>
   <div class='ocr_carea' id='block_1_27' title="bbox 1025 2705 1373 2748">
    <p class='ocr_par' dir='ltr' id='par_1_27' title="bbox 1025 2705 1373 2748">
     <span class='ocr_line' id='line_1_28' title="bbox 1025 2705 1373 2748; baseline 0.003 -3"><span class='ocrx_word' id='word_1_158' title='bbox 1025 2705 1118 2745; x_wconf 74' lang='lat'><strong><em>8((1!</em></strong></span> <span class='ocrx_word' id='word_1_159' title='bbox 1144 2705 1263 2746; x_wconf 74' lang='grc' dir='ltr'>ιιυνι</span> <span class='ocrx_word' id='word_1_160' title='bbox 1293 2710 1373 2748; x_wconf 89' lang='grc' dir='ltr'><strong>ΙΙΙ.</strong></span> 
     </span>
    </p>
   </div>
   <div class='ocr_carea' id='block_1_28' title="bbox 489 2781 1984 2854">
    <p class='ocr_par' dir='ltr' id='par_1_28' title="bbox 489 2781 1984 2854">
     <span class='ocr_line' id='line_1_29' title="bbox 489 2781 1984 2854; baseline 0.007 -21"><span class='ocrx_word' id='word_1_161' title='bbox 489 2781 633 2834; x_wconf 85' lang='lat' dir='ltr'><strong>Lecti</strong></span> <span class='ocrx_word' id='word_1_162' title='bbox 667 2781 989 2837; x_wconf 77' lang='lat' dir='ltr'><strong>Theodoreti</strong></span> <span class='ocrx_word' id='word_1_163' title='bbox 1015 2785 1251 2854; x_wconf 87' lang='lat' dir='ltr'><strong>episcopi</strong></span> <span class='ocrx_word' id='word_1_164' title='bbox 1282 2785 1408 2854; x_wconf 82' lang='lat' dir='ltr'><strong>Cyri</strong></span> <span class='ocrx_word' id='word_1_165' title='bbox 1451 2787 1575 2840; x_wconf 82' lang='lat' dir='ltr'><strong>libri</strong></span> <span class='ocrx_word' id='word_1_166' title='bbox 1608 2799 1802 2854; x_wconf 82' lang='lat' dir='ltr'><strong>septem</strong></span> <span class='ocrx_word' id='word_1_167' title='bbox 1834 2801 1881 2844; x_wconf 83' lang='lat' dir='ltr'><strong>et</strong></span> <span class='ocrx_word' id='word_1_168' title='bbox 1905 2793 1984 2844; x_wconf 84' lang='lat' dir='ltr'><strong>vi-</strong></span> 
     </span>
    </p>
   </div>
   <div class='ocr_carea' id='block_1_29' title="bbox 407 2873 1984 2948">
    <p class='ocr_par' dir='ltr' id='par_1_29' title="bbox 407 2873 1984 2948">
     <span class='ocr_line' id='line_1_30' title="bbox 407 2873 1984 2948; baseline 0.008 -25"><span class='ocrx_word' id='word_1_169' title='bbox 407 2873 824 2939; x_wconf 74' lang='lat' dir='ltr'><strong>ginti,Adversus</strong></span> <span class='ocrx_word' id='word_1_170' title='bbox 845 2876 1021 2929; x_wconf 81' lang='lat' dir='ltr'><strong>varias</strong></span> <span class='ocrx_word' id='word_1_171' title='bbox 1038 2878 1445 2946; x_wconf 78' lang='lat' dir='ltr'><strong>propositiones.</strong></span> <span class='ocrx_word' id='word_1_172' title='bbox 1468 2879 1602 2948; x_wconf 81' lang='lat' dir='ltr'><strong>10b</strong></span> <span class='ocrx_word' id='word_1_173' title='bbox 1621 2880 1830 2935; x_wconf 86' lang='lat' dir='ltr'><strong>Primus</strong></span> <span class='ocrx_word' id='word_1_174' title='bbox 1848 2881 1984 2936; x_wconf 84' lang='lat' dir='ltr'><strong>liber</strong></span> 
     </span>
    </p>
   </div>
   <div class='ocr_carea' id='block_1_30' title="bbox 411 2963 1982 3031">
    <p class='ocr_par' dir='ltr' id='par_1_30' title="bbox 411 2963 1982 3031">
     <span class='ocr_line' id='line_1_31' title="bbox 411 2963 1982 3031; baseline 0.008 -18"><span class='ocrx_word' id='word_1_175' title='bbox 411 2963 519 3029; x_wconf 82' lang='lat' dir='ltr'><strong>agit</strong></span> <span class='ocrx_word' id='word_1_176' title='bbox 545 2972 734 3016; x_wconf 90' lang='lat' dir='ltr'><strong>contra</strong></span> <span class='ocrx_word' id='word_1_177' title='bbox 786 2975 1116 3031; x_wconf 86' lang='lat' dir='ltr'><strong>asserentes,</strong></span> <span class='ocrx_word' id='word_1_178' title='bbox 1153 2967 1315 3022; x_wconf 91' lang='lat' dir='ltr'><strong>unius</strong></span> <span class='ocrx_word' id='word_1_179' title='bbox 1357 2967 1526 3022; x_wconf 80' lang='lat' dir='ltr'><strong>fuisse</strong></span> <span class='ocrx_word' id='word_1_180' title='bbox 1576 2980 1784 3026; x_wconf 72' lang='lat' dir='ltr'><strong>naturae</strong></span> <span class='ocrx_word' id='word_1_181' title='bbox 1813 2970 1982 3025; x_wconf 88' lang='lat' dir='ltr'><strong>Deum</strong></span> 
     </span>
    </p>
   </div>
   <div class='ocr_carea' id='block_1_31' title="bbox 418 3054 1980 3134">
    <p class='ocr_par' dir='ltr' id='par_1_31' title="bbox 418 3054 1980 3134">
     <span class='ocr_line' id='line_1_32' title="bbox 418 3054 1980 3134; baseline 0.005 -25"><span class='ocrx_word' id='word_1_182' title='bbox 418 3054 681 3120; x_wconf 80' lang='lat' dir='ltr'><strong>Verbum,</strong></span> <span class='ocrx_word' id='word_1_183' title='bbox 727 3067 782 3113; x_wconf 87' lang='lat' dir='ltr'><strong>et</strong></span> <span class='ocrx_word' id='word_1_184' title='bbox 815 3059 956 3128; x_wconf 91' lang='lat' dir='ltr'><strong>quod</strong></span> <span class='ocrx_word' id='word_1_185' title='bbox 985 3074 1052 3113; x_wconf 81' lang='lat' dir='ltr'><strong>ex</strong></span> <span class='ocrx_word' id='word_1_186' title='bbox 1084 3059 1293 3114; x_wconf 86' lang='lat' dir='ltr'><strong>semine</strong></span> <span class='ocrx_word' id='word_1_187' title='bbox 1320 3059 1490 3114; x_wconf 86' lang='lat' dir='ltr'><strong>David</strong></span> <span class='ocrx_word' id='word_1_188' title='bbox 1514 3065 1744 3132; x_wconf 80' lang='lat' dir='ltr'><strong>sumpsit</strong></span> <span class='ocrx_word' id='word_1_189' title='bbox 1773 3063 1980 3134; x_wconf 88' lang='lat' dir='ltr'><strong>princi-</strong></span> 
     </span>
    </p>
   </div>
   <div class='ocr_carea' id='block_1_32' title="bbox 2079 528 3660 606">
    <p class='ocr_par' dir='ltr' id='par_1_32' title="bbox 2079 528 3660 606">
     <span class='ocr_line' id='line_1_33' title="bbox 2079 528 3660 606; baseline -0.004 -18"><span class='ocrx_word' id='word_1_190' title='bbox 2079 535 2283 606; x_wconf 78' lang='grc' dir='ltr'><strong>ἔφησεν</strong></span> <span class='ocrx_word' id='word_1_191' title='bbox 2308 575 2324 600; x_wconf 90' lang='grc'><strong>,</strong></span> <span class='ocrx_word' id='word_1_192' title='bbox 2381 537 2592 590; x_wconf 81' lang='grc' dir='ltr'>ἐκεῖνον</span> <span class='ocrx_word' id='word_1_193' title='bbox 2627 535 2838 604; x_wconf 90' lang='grc' dir='ltr'>είσάγει</span> <span class='ocrx_word' id='word_1_194' title='bbox 2873 531 3284 603; x_wconf 80' lang='grc' dir='ltr'><strong>διαπεπρᾶχθαι</strong></span> <span class='ocrx_word' id='word_1_195' title='bbox 3307 547 3322 562; x_wconf 90' lang='grc'><strong>·</strong></span> <span class='ocrx_word' id='word_1_196' title='bbox 3359 528 3660 600; x_wconf 84' lang='grc' dir='ltr'>ἀπεχθάνε-</span> 
     </span>
    </p>
   </div>
   <div class='ocr_carea' id='block_1_33' title="bbox 2078 619 3662 697">
    <p class='ocr_par' dir='ltr' id='par_1_33' title="bbox 2078 619 3662 697">
     <span class='ocr_line' id='line_1_34' title="bbox 2078 619 3662 697; baseline -0.004 -19"><span class='ocrx_word' id='word_1_197' title='bbox 2078 625 2203 679; x_wconf 89' lang='grc' dir='ltr'>σθαι</span> <span class='ocrx_word' id='word_1_198' title='bbox 2249 624 2307 679; x_wconf 85' lang='grc' dir='ltr'>δὲ</span> <span class='ocrx_word' id='word_1_199' title='bbox 2335 625 2536 697; x_wconf 78' lang='grc' dir='ltr'>μᾶλλον</span> <span class='ocrx_word' id='word_1_200' title='bbox 2587 625 2783 696; x_wconf 83' lang='grc' dir='ltr'><strong>μάγοις</strong></span> <span class='ocrx_word' id='word_1_201' title='bbox 2813 625 2909 678; x_wconf 70' lang='grc' dir='ltr'><strong>καὶ</strong></span> <span class='ocrx_word' id='word_1_202' title='bbox 2937 623 3254 693; x_wconf 85' lang='grc' dir='ltr'>φαρμακοῖς</span> <span class='ocrx_word' id='word_1_203' title='bbox 3274 620 3339 683; x_wconf 86' lang='grc'><strong>¹⁹,</strong></span> <span class='ocrx_word' id='word_1_204' title='bbox 3384 619 3460 690; x_wconf 83' lang='grc' dir='ltr'>μὴ</span> <span class='ocrx_word' id='word_1_205' title='bbox 3489 619 3570 673; x_wconf 81' lang='grc' dir='ltr'>ὅτι</span> <span class='ocrx_word' id='word_1_206' title='bbox 3597 634 3662 688; x_wconf 89' lang='grc' dir='ltr'><strong>γε</strong></span> 
     </span>
    </p>
   </div>
   <div class='ocr_carea' id='block_1_34' title="bbox 2077 715 3330 791">
    <p class='ocr_par' dir='ltr' id='par_1_34' title="bbox 2077 715 3330 791">
     <span class='ocr_line' id='line_1_35' title="bbox 2077 715 3330 791; baseline -0.006 -18"><span class='ocrx_word' id='word_1_207' title='bbox 2077 721 2241 773; x_wconf 81' lang='grc' dir='ltr'>αὐτὸν</span> <span class='ocrx_word' id='word_1_208' title='bbox 2274 723 2340 791; x_wconf 83' lang='grc' dir='ltr'>τῇ</span> <span class='ocrx_word' id='word_1_209' title='bbox 2377 719 2565 791; x_wconf 82' lang='grc' dir='ltr'><strong>μάγων</strong></span> <span class='ocrx_word' id='word_1_210' title='bbox 2581 717 2628 749; x_wconf 81' lang='grc'><strong>²⁰</strong></span> <span class='ocrx_word' id='word_1_211' title='bbox 2653 715 3118 786; x_wconf 87' lang='grc' dir='ltr'>προσανακεῖσθαι</span> <span class='ocrx_word' id='word_1_212' title='bbox 3144 715 3330 786; x_wconf 82' lang='grc' dir='ltr'>τέχνῃ.</span> 
     </span>
    </p>
   </div>
   <div class='ocr_carea' id='block_1_35' title="bbox 2150 887 3662 968">
    <p class='ocr_par' dir='ltr' id='par_1_35' title="bbox 2150 887 3662 968">
     <span class='ocr_line' id='line_1_36' title="bbox 2150 887 3662 968; baseline -0.005 -16"><span class='ocrx_word' id='word_1_213' title='bbox 2150 898 2287 968; x_wconf 77' lang='grc' dir='ltr'>Περὶ</span> <span class='ocrx_word' id='word_1_214' title='bbox 2329 897 2387 951; x_wconf 83' lang='grc' dir='ltr'><strong>δέ</strong></span> <span class='ocrx_word' id='word_1_215' title='bbox 2423 897 2532 950; x_wconf 85' lang='grc' dir='ltr'>τῶν</span> <span class='ocrx_word' id='word_1_216' title='bbox 2566 895 2740 950; x_wconf 84' lang='grc' dir='ltr'>Ἰνδῶν</span> <span class='ocrx_word' id='word_1_217' title='bbox 2766 887 2922 959; x_wconf 76' lang='grc' dir='ltr'>οὗτος</span> <span class='ocrx_word' id='word_1_218' title='bbox 2947 893 3016 949; x_wconf 86' lang='grc' dir='ltr'>τὰ</span> <span class='ocrx_word' id='word_1_219' title='bbox 3049 894 3228 947; x_wconf 88' lang='grc' dir='ltr'>πάντα</span> <span class='ocrx_word' id='word_1_220' title='bbox 3245 893 3287 925; x_wconf 83' lang='grc'>²¹</span> <span class='ocrx_word' id='word_1_221' title='bbox 3339 891 3662 963; x_wconf 84' lang='grc' dir='ltr'>παραλογώ-</span> 
     </span>
    </p>
   </div>
   <div class='ocr_carea' id='block_1_36' title="bbox 2078 983 3662 1060">
    <p class='ocr_par' dir='ltr' id='par_1_36' title="bbox 2078 983 3662 1060">
     <span class='ocr_line' id='line_1_37' title="bbox 2078 983 3662 1060; baseline -0.006 -14"><span class='ocrx_word' id='word_1_222' title='bbox 2078 1008 2217 1046; x_wconf 86' lang='grc' dir='ltr'>τατα</span> <span class='ocrx_word' id='word_1_223' title='bbox 2248 990 2343 1043; x_wconf 78' lang='grc' dir='ltr'>καὶ</span> <span class='ocrx_word' id='word_1_224' title='bbox 2375 989 2712 1044; x_wconf 80' lang='grc' dir='ltr'><strong>ἀπιστότατα</strong></span> <span class='ocrx_word' id='word_1_225' title='bbox 2739 985 3110 1060; x_wconf 80' lang='grc' dir='ltr'>διαρραψῳδεῖ</span> <span class='ocrx_word' id='word_1_226' title='bbox 3131 1002 3146 1018; x_wconf 88' lang='grc'><strong>·</strong></span> <span class='ocrx_word' id='word_1_227' title='bbox 3182 985 3374 1048; x_wconf 80' lang='grc' dir='ltr'>πίθους</span> <span class='ocrx_word' id='word_1_228' title='bbox 3413 984 3521 1056; x_wconf 86' lang='grc' dir='ltr'><strong>γὰρ</strong></span> <span class='ocrx_word' id='word_1_229' title='bbox 3561 983 3662 1038; x_wconf 82' lang='grc' dir='ltr'>αὐ-</span> 
     </span>
    </p>
   </div>
   <div class='ocr_carea' id='block_1_37' title="bbox 2079 1074 3662 1154">
    <p class='ocr_par' dir='ltr' id='par_1_37' title="bbox 2079 1074 3662 1154">
     <span class='ocr_line' id='line_1_38' title="bbox 2079 1074 3662 1154; baseline -0.005 -17"><span class='ocrx_word' id='word_1_230' title='bbox 2079 1080 2194 1146; x_wconf 86' lang='grc' dir='ltr'>τοῖς</span> <span class='ocrx_word' id='word_1_231' title='bbox 2220 1083 2451 1154; x_wconf 83' lang='grc' dir='ltr'><strong>πλήρεις</strong></span> <span class='ocrx_word' id='word_1_232' title='bbox 2479 1081 2704 1153; x_wconf 77' lang='grc' dir='ltr'>δμϐρων</span> <span class='ocrx_word' id='word_1_233' title='bbox 2745 1080 2840 1134; x_wconf 76' lang='grc' dir='ltr'>καὶ</span> <span class='ocrx_word' id='word_1_234' title='bbox 2875 1080 3094 1150; x_wconf 76' lang='grc' dir='ltr'>ἀνέμων</span> <span class='ocrx_word' id='word_1_235' title='bbox 3123 1078 3247 1142; x_wconf 82' lang='grc' dir='ltr'>δοὺς</span> <span class='ocrx_word' id='word_1_236' title='bbox 3278 1077 3394 1132; x_wconf 81' lang='grc' dir='ltr'>ῦειν</span> <span class='ocrx_word' id='word_1_237' title='bbox 3424 1076 3523 1148; x_wconf 79' lang='grc' dir='ltr'>τὴν</span> <span class='ocrx_word' id='word_1_238' title='bbox 3551 1074 3662 1147; x_wconf 81' lang='grc' dir='ltr'><strong>χώ-</strong></span> 
     </span>
    </p>
   </div>
   <div class='ocr_carea' id='block_1_38' title="bbox 2082 1169 3668 1246">
    <p class='ocr_par' dir='ltr' id='par_1_38' title="bbox 2082 1169 3668 1246">
     <span class='ocr_line' id='line_1_39' title="bbox 2082 1169 3668 1246; baseline -0.003 -17"><span class='ocrx_word' id='word_1_239' title='bbox 2082 1192 2185 1245; x_wconf 85' lang='grc' dir='ltr'>ραν</span> <span class='ocrx_word' id='word_1_240' title='bbox 2213 1173 2514 1246; x_wconf 82' lang='grc' dir='ltr'>ἀνομϐρίας</span> <span class='ocrx_word' id='word_1_241' title='bbox 2547 1172 2875 1244; x_wconf 92' lang='grc' dir='ltr'>ἐπεχούσης,</span> <span class='ocrx_word' id='word_1_242' title='bbox 2919 1170 3012 1244; x_wconf 76' lang='grc'><strong>[52</strong></span> <span class='ocrx_word' id='word_1_243' title='bbox 3058 1169 3154 1243; x_wconf 63' lang='lat' dir='ltr'><strong>IL]</strong></span> <span class='ocrx_word' id='word_1_244' title='bbox 3187 1169 3504 1240; x_wconf 76' lang='grc' dir='ltr'>ὲξικμάζειν</span> <span class='ocrx_word' id='word_1_245' title='bbox 3527 1171 3573 1203; x_wconf 75' lang='grc'><strong>³⁸</strong></span> <span class='ocrx_word' id='word_1_246' title='bbox 3603 1187 3668 1224; x_wconf 84' lang='grc' dir='ltr'><strong>τε</strong></span> 
     </span>
    </p>
   </div>
   <div class='ocr_carea' id='block_1_39' title="bbox 2081 1261 3670 1338">
    <p class='ocr_par' dir='ltr' id='par_1_39' title="bbox 2081 1261 3670 1338">
     <span class='ocr_line' id='line_1_40' title="bbox 2081 1261 3670 1338; baseline -0.001 -18"><span class='ocrx_word' id='word_1_247' title='bbox 2081 1261 2149 1321; x_wconf 87' lang='grc' dir='ltr'>αῦ</span> <span class='ocrx_word' id='word_1_248' title='bbox 2182 1267 2719 1338; x_wconf 78' lang='grc' dir='ltr'>καταῤῥηγνυμένων</span> <span class='ocrx_word' id='word_1_249' title='bbox 2758 1265 2981 1335; x_wconf 73' lang='grc' dir='ltr'>ὄμϐρων</span> <span class='ocrx_word' id='word_1_250' title='bbox 3019 1265 3140 1326; x_wconf 87' lang='grc' dir='ltr'>ταῖς</span> <span class='ocrx_word' id='word_1_251' title='bbox 3183 1264 3247 1316; x_wconf 90' lang='grc' dir='ltr'><strong>ἐκ</strong></span> <span class='ocrx_word' id='word_1_252' title='bbox 3267 1263 3313 1294; x_wconf 76' lang='grc'><em>³³</em></span> <span class='ocrx_word' id='word_1_253' title='bbox 3347 1263 3520 1316; x_wconf 91' lang='grc' dir='ltr'>πίθων</span> <span class='ocrx_word' id='word_1_254' title='bbox 3562 1263 3670 1318; x_wconf 78' lang='grc' dir='ltr'><strong>ἀνὰ</strong></span> 
     </span>
    </p>
   </div>
   <div class='ocr_carea' id='block_1_40' title="bbox 2085 1354 3667 1431">
    <p class='ocr_par' dir='ltr' id='par_1_40' title="bbox 2085 1354 3667 1431">
     <span class='ocr_line' id='line_1_41' title="bbox 2085 1354 3667 1431; baseline -0.004 -18"><span class='ocrx_word' id='word_1_255' title='bbox 2085 1359 2250 1430; x_wconf 80' lang='grc' dir='ltr'>μέρος</span> <span class='ocrx_word' id='word_1_256' title='bbox 2279 1359 2567 1431; x_wconf 82' lang='grc' dir='ltr'>χορηγίαις</span> <span class='ocrx_word' id='word_1_257' title='bbox 2604 1357 2830 1430; x_wconf 82' lang='grc' dir='ltr'>κυρίους</span> <span class='ocrx_word' id='word_1_258' title='bbox 2875 1356 3118 1421; x_wconf 90' lang='grc' dir='ltr'>ἐκάθισε,</span> <span class='ocrx_word' id='word_1_259' title='bbox 3149 1354 3506 1426; x_wconf 86' lang='grc' dir='ltr'>παραπλήσια</span> <span class='ocrx_word' id='word_1_260' title='bbox 3537 1354 3667 1408; x_wconf 78' lang='grc' dir='ltr'>τού-</span> 
     </span>
    </p>
   </div>
   <div class='ocr_carea' id='block_1_41' title="bbox 2082 1448 3665 1521">
    <p class='ocr_par' dir='ltr' id='par_1_41' title="bbox 2082 1448 3665 1521">
     <span class='ocr_line' id='line_1_42' title="bbox 2082 1448 3665 1521; baseline -0.003 -18"><span class='ocrx_word' id='word_1_261' title='bbox 2082 1468 2195 1514; x_wconf 85' lang='grc' dir='ltr'>τοις</span> <span class='ocrx_word' id='word_1_262' title='bbox 2240 1451 2428 1518; x_wconf 86' lang='grc' dir='ltr'>ἀνοίας</span> <span class='ocrx_word' id='word_1_263' title='bbox 2464 1452 2636 1521; x_wconf 82' lang='grc' dir='ltr'>μεστὰ</span> <span class='ocrx_word' id='word_1_264' title='bbox 2664 1449 2761 1503; x_wconf 78' lang='grc' dir='ltr'>καὶ</span> <span class='ocrx_word' id='word_1_265' title='bbox 2801 1449 2965 1520; x_wconf 75' lang='grc' dir='ltr'>ἕτερα</span> <span class='ocrx_word' id='word_1_266' title='bbox 2995 1449 3223 1502; x_wconf 88' lang='grc' dir='ltr'>πλεῖστα</span> <span class='ocrx_word' id='word_1_267' title='bbox 3253 1448 3665 1521; x_wconf 87' lang='grc' dir='ltr'>τερατευσάμε-</span> 
     </span>
    </p>
   </div>
   <div class='ocr_carea' id='block_1_42' title="bbox 2083 1540 3664 1614">
    <p class='ocr_par' dir='ltr' id='par_1_42' title="bbox 2083 1540 3664 1614">
     <span class='ocr_line' id='line_1_43' title="bbox 2083 1540 3664 1614; baseline -0.003 -15"><span class='ocrx_word' id='word_1_268' title='bbox 2083 1561 2190 1608; x_wconf 90' lang='grc' dir='ltr'>νος.</span> <span class='ocrx_word' id='word_1_269' title='bbox 2221 1545 2309 1597; x_wconf 88' lang='grc' dir='ltr'>Ἐν</span> <span class='ocrx_word' id='word_1_270' title='bbox 2338 1545 2482 1598; x_wconf 84' lang='grc' dir='ltr'>ὀκτὼ</span> <span class='ocrx_word' id='word_1_271' title='bbox 2511 1545 2567 1598; x_wconf 88' lang='grc' dir='ltr'>δὲ</span> <span class='ocrx_word' id='word_1_272' title='bbox 2596 1545 2776 1614; x_wconf 81' lang='grc' dir='ltr'>λόγοις</span> <span class='ocrx_word' id='word_1_273' title='bbox 2804 1545 2837 1612; x_wconf 80' lang='grc' dir='ltr'><strong>ή</strong></span> <span class='ocrx_word' id='word_1_274' title='bbox 2872 1544 3022 1596; x_wconf 82' lang='grc' dir='ltr'>πᾶσα</span> <span class='ocrx_word' id='word_1_275' title='bbox 3053 1540 3203 1612; x_wconf 87' lang='grc' dir='ltr'>αὑτῷ</span> <span class='ocrx_word' id='word_1_276' title='bbox 3233 1541 3332 1613; x_wconf 83' lang='grc' dir='ltr'>τῆς</span> <span class='ocrx_word' id='word_1_277' title='bbox 3364 1558 3664 1611; x_wconf 87' lang='grc' dir='ltr'>ματαιοπο-</span> 
     </span>
    </p>
   </div>
   <div class='ocr_carea' id='block_1_43' title="bbox 2090 1634 3438 1707">
    <p class='ocr_par' dir='ltr' id='par_1_43' title="bbox 2090 1634 3438 1707">
     <span class='ocr_line' id='line_1_44' title="bbox 2090 1634 3438 1707; baseline 0.001 -20"><span class='ocrx_word' id='word_1_278' title='bbox 2090 1634 2200 1700; x_wconf 65' lang='grc' dir='ltr'><strong>Ινίας</strong></span> <span class='ocrx_word' id='word_1_279' title='bbox 2239 1637 2443 1707; x_wconf 81' lang='grc' dir='ltr'>σπουδή</span> <span class='ocrx_word' id='word_1_280' title='bbox 2477 1637 2880 1706; x_wconf 86' lang='grc' dir='ltr'>κατηνάλωται.</span> <span class='ocrx_word' id='word_1_281' title='bbox 3436 1648 3438 1651; x_wconf 85' lang='grc'>·</span> 
     </span>
    </p>
   </div>
   <div class='ocr_carea' id='block_1_44' title="bbox 2795 1727 2931 1783">
    <p class='ocr_par' dir='ltr' id='par_1_44' title="bbox 2795 1727 2931 1783">
     <span class='ocr_line' id='line_1_45' title="bbox 2795 1727 2931 1783; baseline 0.007 -1"><span class='ocrx_word' id='word_1_282' title='bbox 2795 1727 2931 1783; x_wconf 86' lang='lat' dir='ltr'><strong>ME&#39;.</strong></span> 
     </span>
    </p>
   </div>
   <div class='ocr_carea' id='block_1_45' title="bbox 2009 1799 3666 1892">
    <p class='ocr_par' dir='ltr' id='par_1_45' title="bbox 2009 1799 3666 1892">
     <span class='ocr_line' id='line_1_46' title="bbox 2009 1799 3666 1892; baseline -0.004 -17"><span class='ocrx_word' id='word_1_283' title='bbox 2009 1799 2053 1855; x_wconf 76' lang='grc' dir='ltr'><strong>Β</strong></span> <span class='ocrx_word' id='word_1_284' title='bbox 2087 1819 2572 1888; x_wconf 77' lang='grc' dir='ltr'>Ἀνδρονικιανοῦ</span> <span class='ocrx_word' id='word_1_285' title='bbox 2602 1821 2752 1891; x_wconf 79' lang='grc' dir='ltr'>πρὸς</span> <span class='ocrx_word' id='word_1_286' title='bbox 2778 1819 3191 1892; x_wconf 82' lang='grc' dir='ltr'>Εὐνομιανοὺς</span> <span class='ocrx_word' id='word_1_287' title='bbox 3216 1819 3384 1888; x_wconf 76' lang='grc' dir='ltr'>λόγοι</span> <span class='ocrx_word' id='word_1_288' title='bbox 3411 1816 3666 1888; x_wconf 75' lang='grc' dir='ltr'>,βραχεῖς</span> 
     </span>
    </p>
   </div>
   <div class='ocr_carea' id='block_1_46' title="bbox 2812 1892 2943 1947">
    <p class='ocr_par' dir='ltr' id='par_1_46' title="bbox 2812 1892 2943 1947">
     <span class='ocr_line' id='line_1_47' title="bbox 2812 1892 2943 1947; baseline 0.008 -1"><span class='ocrx_word' id='word_1_289' title='bbox 2812 1892 2943 1947; x_wconf 86' lang='grc' dir='ltr'>δύο.</span> 
     </span>
    </p>
   </div>
   <div class='ocr_carea' id='block_1_47' title="bbox 2161 1979 3666 2059">
    <p class='ocr_par' dir='ltr' id='par_1_47' title="bbox 2161 1979 3666 2059">
     <span class='ocr_line' id='line_1_48' title="bbox 2161 1979 3666 2059; baseline -0.006 -19"><span class='ocrx_word' id='word_1_290' title='bbox 2161 1985 2206 2059; x_wconf 81' lang='grc' dir='ltr'>[ί</span> <span class='ocrx_word' id='word_1_291' title='bbox 2220 1985 2250 2039; x_wconf 67' lang='grc'><strong>4</strong></span> <span class='ocrx_word' id='word_1_292' title='bbox 2272 1982 2366 2056; x_wconf 86' lang='grc' dir='ltr'><strong>Η.]</strong></span> <span class='ocrx_word' id='word_1_293' title='bbox 2401 1983 2907 2054; x_wconf 74' lang='grc' dir='ltr'>Ἀνεγνὼσθησαν¹⁶</span> <span class='ocrx_word' id='word_1_294' title='bbox 2928 1979 3359 2053; x_wconf 86' lang='grc' dir='ltr'>Ἀνδρονικιανοῦ</span> <span class='ocrx_word' id='word_1_295' title='bbox 3379 1981 3535 2047; x_wconf 83' lang='grc' dir='ltr'>Πρὸς</span> <span class='ocrx_word' id='word_1_296' title='bbox 3547 1979 3666 2032; x_wconf 80' lang='grc' dir='ltr'><strong>Εὐ-</strong></span> 
     </span>
    </p>
   </div>
   <div class='ocr_carea' id='block_1_48' title="bbox 2087 2063 3666 2148">
    <p class='ocr_par' dir='ltr' id='par_1_48' title="bbox 2087 2063 3666 2148">
     <span class='ocr_line' id='line_1_49' title="bbox 2087 2063 3666 2148; baseline -0.008 -15"><span class='ocrx_word' id='word_1_297' title='bbox 2087 2077 2412 2148; x_wconf 67' lang='grc' dir='ltr'>νομιαενοὺς</span> <span class='ocrx_word' id='word_1_298' title='bbox 2447 2076 2616 2145; x_wconf 72' lang='grc' dir='ltr'>λόγοι</span> <span class='ocrx_word' id='word_1_299' title='bbox 2631 2073 2884 2142; x_wconf 80' lang='grc' dir='ltr'>βραχεῖς</span> <span class='ocrx_word' id='word_1_300' title='bbox 2901 2073 3032 2126; x_wconf 85' lang='grc' dir='ltr'>δύο.</span> <span class='ocrx_word' id='word_1_301' title='bbox 3065 2073 3434 2142; x_wconf 82' lang='grc' dir='ltr'>’Υπισχνεῖται</span> <span class='ocrx_word' id='word_1_302' title='bbox 3451 2069 3548 2141; x_wconf 77' lang='grc' dir='ltr'><strong>μὲν</strong></span> <span class='ocrx_word' id='word_1_303' title='bbox 3567 2063 3666 2122; x_wconf 83' lang='grc' dir='ltr'><strong>οὖν</strong></span> 
     </span>
    </p>
   </div>
   <div class='ocr_carea' id='block_1_49' title="bbox 2089 2163 3665 2241">
    <p class='ocr_par' dir='ltr' id='par_1_49' title="bbox 2089 2163 3665 2241">
     <span class='ocr_line' id='line_1_50' title="bbox 2089 2163 3665 2241; baseline -0.006 -18"><span class='ocrx_word' id='word_1_304' title='bbox 2089 2171 2148 2224; x_wconf 87' lang='grc' dir='ltr'><strong>ἐν</strong></span> <span class='ocrx_word' id='word_1_305' title='bbox 2170 2169 2478 2241; x_wconf 82' lang='grc' dir='ltr'>προοιμίοις</span> <span class='ocrx_word' id='word_1_306' title='bbox 2506 2167 2739 2239; x_wconf 86' lang='grc' dir='ltr'>μεγάλα,</span> <span class='ocrx_word' id='word_1_307' title='bbox 2767 2166 2827 2219; x_wconf 83' lang='grc' dir='ltr'><strong>ού</strong></span> <span class='ocrx_word' id='word_1_308' title='bbox 2855 2164 3078 2219; x_wconf 88' lang='grc' dir='ltr'>τοιαῦτα</span> <span class='ocrx_word' id='word_1_309' title='bbox 3103 2165 3158 2217; x_wconf 86' lang='grc' dir='ltr'>δὲ</span> <span class='ocrx_word' id='word_1_310' title='bbox 3187 2163 3224 2217; x_wconf 74' lang='grc' dir='ltr'>ἃ</span> <span class='ocrx_word' id='word_1_311' title='bbox 3250 2165 3539 2234; x_wconf 77' lang='grc' dir='ltr'>διέρχεται,</span> <span class='ocrx_word' id='word_1_312' title='bbox 3569 2163 3665 2215; x_wconf 79' lang='grc' dir='ltr'><strong>καὶ</strong></span> 
     </span>
    </p>
   </div>
   <div class='ocr_carea' id='block_1_50' title="bbox 2089 2250 3667 2334">
    <p class='ocr_par' dir='ltr' id='par_1_50' title="bbox 2089 2250 3667 2334">
     <span class='ocr_line' id='line_1_51' title="bbox 2089 2250 3667 2334; baseline -0.005 -20"><span class='ocrx_word' id='word_1_313' title='bbox 2089 2261 2323 2334; x_wconf 87' lang='grc' dir='ltr'>μάλιστά</span> <span class='ocrx_word' id='word_1_314' title='bbox 2353 2278 2416 2330; x_wconf 89' lang='grc' dir='ltr'><strong>γε</strong></span> <span class='ocrx_word' id='word_1_315' title='bbox 2440 2262 2498 2312; x_wconf 86' lang='grc' dir='ltr'><strong>ἐν</strong></span> <span class='ocrx_word' id='word_1_316' title='bbox 2523 2260 2601 2332; x_wconf 81' lang='grc' dir='ltr'>τῷ</span> <span class='ocrx_word' id='word_1_317' title='bbox 2630 2259 2866 2328; x_wconf 83' lang='grc' dir='ltr'>δευτέρῳ</span> <span class='ocrx_word' id='word_1_318' title='bbox 2890 2257 3218 2328; x_wconf 85' lang='grc' dir='ltr'>λόγῳ.Ἕστι</span> <span class='ocrx_word' id='word_1_319' title='bbox 3249 2254 3304 2308; x_wconf 82' lang='grc' dir='ltr'>δὲ</span> <span class='ocrx_word' id='word_1_320' title='bbox 3339 2250 3492 2318; x_wconf 80' lang='grc' dir='ltr'>οὗτος</span> <span class='ocrx_word' id='word_1_321' title='bbox 3519 2254 3667 2323; x_wconf 78' lang='grc' dir='ltr'>φιλο-</span> 
     </span>
    </p>
   </div>
   <div class='ocr_carea' id='block_1_51' title="bbox 2087 2346 3662 2424">
    <p class='ocr_par' dir='ltr' id='par_1_51' title="bbox 2087 2346 3662 2424">
     <span class='ocr_line' id='line_1_52' title="bbox 2087 2346 3662 2424; baseline -0.004 -17"><span class='ocrx_word' id='word_1_322' title='bbox 2087 2355 2277 2423; x_wconf 77' lang='grc' dir='ltr'>σοφίας</span> <span class='ocrx_word' id='word_1_323' title='bbox 2321 2354 2556 2424; x_wconf 74' lang='grc' dir='ltr'>ἐραστὴς</span> <span class='ocrx_word' id='word_1_324' title='bbox 2583 2351 2659 2422; x_wconf 84' lang='grc' dir='ltr'>τῷ</span> <span class='ocrx_word' id='word_1_325' title='bbox 2690 2369 2752 2403; x_wconf 91' lang='grc' dir='ltr'><strong>τε</strong></span> <span class='ocrx_word' id='word_1_326' title='bbox 2788 2351 2905 2422; x_wconf 78' lang='grc' dir='ltr'>ήθει</span> <span class='ocrx_word' id='word_1_327' title='bbox 2935 2350 3032 2402; x_wconf 79' lang='grc' dir='ltr'>καὶ</span> <span class='ocrx_word' id='word_1_328' title='bbox 3078 2351 3144 2418; x_wconf 86' lang='grc' dir='ltr'>τῇ</span> <span class='ocrx_word' id='word_1_329' title='bbox 3189 2349 3396 2419; x_wconf 78' lang='grc' dir='ltr'>διανοίᾳ</span> <span class='ocrx_word' id='word_1_330' title='bbox 3427 2347 3524 2400; x_wconf 70' lang='grc' dir='ltr'><strong>καὶ</strong></span> <span class='ocrx_word' id='word_1_331' title='bbox 3563 2346 3662 2400; x_wconf 89' lang='grc' dir='ltr'><strong>τοῦ</strong></span> 
     </span>
    </p>
   </div>
   <div class='ocr_carea' id='block_1_52' title="bbox 2083 2439 3553 2515">
    <p class='ocr_par' dir='ltr' id='par_1_52' title="bbox 2083 2439 3553 2515">
     <span class='ocr_line' id='line_1_53' title="bbox 2083 2439 3553 2515; baseline -0.002 -18"><span class='ocrx_word' id='word_1_332' title='bbox 2083 2445 2244 2514; x_wconf 79' lang='grc' dir='ltr'>λόγου</span> <span class='ocrx_word' id='word_1_333' title='bbox 2272 2444 2350 2515; x_wconf 79' lang='grc' dir='ltr'>τῷ</span> <span class='ocrx_word' id='word_1_334' title='bbox 2381 2445 2641 2515; x_wconf 85' lang='grc' dir='ltr'>σχήματι,</span> <span class='ocrx_word' id='word_1_335' title='bbox 2673 2441 2996 2514; x_wconf 78' lang='grc' dir='ltr'>Χριστιανὸς</span> <span class='ocrx_word' id='word_1_336' title='bbox 3029 2441 3086 2494; x_wconf 84' lang='grc' dir='ltr'>δὲ</span> <span class='ocrx_word' id='word_1_337' title='bbox 3115 2440 3193 2511; x_wconf 80' lang='grc' dir='ltr'>τῷ</span> <span class='ocrx_word' id='word_1_338' title='bbox 3226 2439 3553 2509; x_wconf 78' lang='grc' dir='ltr'>σεὸάσματι.</span> 
     </span>
    </p>
   </div>
   <div class='ocr_carea' id='block_1_53' title="bbox 2803 2535 2950 2601">
    <p class='ocr_par' dir='ltr' id='par_1_53' title="bbox 2803 2535 2950 2601">
     <span class='ocr_line' id='line_1_54' title="bbox 2803 2535 2950 2601; baseline 0.007 -13"><span class='ocrx_word' id='word_1_339' title='bbox 2803 2535 2950 2601; x_wconf 65' lang='lat' dir='ltr'><strong>MG&#39;.</strong></span> 
     </span>
    </p>
   </div>
   <div class='ocr_carea' id='block_1_54' title="bbox 2085 2623 3664 2698">
    <p class='ocr_par' dir='ltr' id='par_1_54' title="bbox 2085 2623 3664 2698">
     <span class='ocr_line' id='line_1_55' title="bbox 2085 2623 3664 2698; baseline -0.003 -15"><span class='ocrx_word' id='word_1_340' title='bbox 2085 2627 2468 2698; x_wconf 82' lang='grc' dir='ltr'>Θεοδωρήτου</span> <span class='ocrx_word' id='word_1_341' title='bbox 2516 2627 2854 2698; x_wconf 78' lang='grc' dir='ltr'>ἐπισκόπου</span> <span class='ocrx_word' id='word_1_342' title='bbox 2901 2627 3099 2698; x_wconf 83' lang='grc' dir='ltr'>Κύρου</span> <span class='ocrx_word' id='word_1_343' title='bbox 3141 2628 3313 2696; x_wconf 79' lang='grc' dir='ltr'>λόγοι</span> <span class='ocrx_word' id='word_1_344' title='bbox 3363 2623 3467 2684; x_wconf 81' lang='grc' dir='ltr'>κζ’.</span> <span class='ocrx_word' id='word_1_345' title='bbox 3504 2624 3664 2692; x_wconf 82' lang='grc' dir='ltr'>Πρὸς</span> 
     </span>
    </p>
   </div>
   <div class='ocr_carea' id='block_1_55' title="bbox 2582 2697 3168 2766">
    <p class='ocr_par' dir='ltr' id='par_1_55' title="bbox 2582 2697 3168 2766">
     <span class='ocr_line' id='line_1_56' title="bbox 2582 2697 3168 2766; baseline 0.002 -16"><span class='ocrx_word' id='word_1_346' title='bbox 2582 2697 2910 2766; x_wconf 69' lang='grc' dir='ltr'>διαφόρους</span> <span class='ocrx_word' id='word_1_347' title='bbox 2947 2697 3168 2762; x_wconf 85' lang='grc' dir='ltr'>θέσεις.</span> 
     </span>
    </p>
   </div>
   <div class='ocr_carea' id='block_1_56' title="bbox 2153 2785 3666 2860">
    <p class='ocr_par' dir='ltr' id='par_1_56' title="bbox 2153 2785 3666 2860">
     <span class='ocr_line' id='line_1_57' title="bbox 2153 2785 3666 2860; baseline -0.004 -16"><span class='ocrx_word' id='word_1_348' title='bbox 2153 2789 2496 2860; x_wconf 81' lang='grc' dir='ltr'>Ἀνεγνώσθη</span> <span class='ocrx_word' id='word_1_349' title='bbox 2512 2788 2860 2859; x_wconf 84' lang='grc' dir='ltr'>Θεοδωρήτου</span> <span class='ocrx_word' id='word_1_350' title='bbox 2877 2787 3180 2840; x_wconf 76' lang='grc' dir='ltr'>ἐπισκόπου</span> <span class='ocrx_word' id='word_1_351' title='bbox 3195 2787 3380 2856; x_wconf 84' lang='grc' dir='ltr'>Κύρου</span> <span class='ocrx_word' id='word_1_352' title='bbox 3393 2785 3563 2856; x_wconf 72' lang='grc' dir='ltr'>λόγοι</span> <span class='ocrx_word' id='word_1_353' title='bbox 3583 2785 3666 2845; x_wconf 73' lang='grc' dir='ltr'>κζῖ</span> 
     </span>
    </p>
   </div>
   <div class='ocr_carea' id='block_1_57' title="bbox 2084 2875 3670 2954">
    <p class='ocr_par' dir='ltr' id='par_1_57' title="bbox 2084 2875 3670 2954">
     <span class='ocr_line' id='line_1_58' title="bbox 2084 2875 3670 2954; baseline -0.005 -16"><span class='ocrx_word' id='word_1_354' title='bbox 2084 2885 2236 2954; x_wconf 77' lang='grc' dir='ltr'>πρὸς</span> <span class='ocrx_word' id='word_1_355' title='bbox 2253 2883 2578 2954; x_wconf 62' lang='grc' dir='ltr'>διαφόρους</span> <span class='ocrx_word' id='word_1_356' title='bbox 2600 2881 2818 2948; x_wconf 83' lang='grc' dir='ltr'>θέσεις’</span> <span class='ocrx_word' id='word_1_357' title='bbox 2838 2875 2915 2936; x_wconf 83' lang='grc' dir='ltr'><strong>ὧν</strong></span> <span class='ocrx_word' id='word_1_358' title='bbox 2941 2882 2970 2934; x_wconf 83' lang='grc' dir='ltr'><strong>ὁ</strong></span> <span class='ocrx_word' id='word_1_359' title='bbox 2996 2882 3094 2952; x_wconf 82' lang='grc' dir='ltr'>μὲν</span> <span class='ocrx_word' id='word_1_360' title='bbox 3111 2881 3326 2952; x_wconf 78' lang='grc' dir='ltr'>πρῶτος</span> <span class='ocrx_word' id='word_1_361' title='bbox 3348 2879 3504 2948; x_wconf 87' lang='grc' dir='ltr'>λόγος</span> <span class='ocrx_word' id='word_1_362' title='bbox 3530 2879 3670 2949; x_wconf 81' lang='grc' dir='ltr'>πρὸς</span> 
     </span>
    </p>
   </div>
   <div class='ocr_carea' id='block_1_58' title="bbox 2080 2973 3670 3045">
    <p class='ocr_par' dir='ltr' id='par_1_58' title="bbox 2080 2973 3670 3045">
     <span class='ocr_line' id='line_1_59' title="bbox 2080 2973 3670 3045; baseline -0.003 -17"><span class='ocrx_word' id='word_1_363' title='bbox 2080 2977 2208 3038; x_wconf 83' lang='grc' dir='ltr'>τοὺς</span> <span class='ocrx_word' id='word_1_364' title='bbox 2231 2975 2488 3044; x_wconf 85' lang='grc' dir='ltr'>λέγοντας</span> <span class='ocrx_word' id='word_1_365' title='bbox 2520 2974 2647 3044; x_wconf 88' lang='grc' dir='ltr'>μίαν</span> <span class='ocrx_word' id='word_1_366' title='bbox 2677 2974 2839 3043; x_wconf 85' lang='grc' dir='ltr'>φύσιν</span> <span class='ocrx_word' id='word_1_367' title='bbox 2871 2973 3198 3045; x_wconf 83' lang='grc' dir='ltr'>γεγενῆσθαι</span> <span class='ocrx_word' id='word_1_368' title='bbox 3222 2973 3311 3028; x_wconf 83' lang='grc' dir='ltr'>τὸν</span> <span class='ocrx_word' id='word_1_369' title='bbox 3333 2973 3466 3026; x_wconf 83' lang='grc' dir='ltr'>Θεὸν</span> <span class='ocrx_word' id='word_1_370' title='bbox 3493 2974 3670 3041; x_wconf 85' lang='grc' dir='ltr'>Λόγον</span> 
     </span>
    </p>
   </div>
   <div class='ocr_carea' id='block_1_59' title="bbox 2082 3064 3670 3136">
    <p class='ocr_par' dir='ltr' id='par_1_59' title="bbox 2082 3064 3670 3136">
     <span class='ocr_line' id='line_1_60' title="bbox 2082 3064 3670 3136; baseline 0 -18"><span class='ocrx_word' id='word_1_371' title='bbox 2082 3067 2177 3119; x_wconf 72' lang='grc' dir='ltr'><strong>καὶ</strong></span> <span class='ocrx_word' id='word_1_372' title='bbox 2207 3067 2306 3136; x_wconf 82' lang='grc' dir='ltr'><strong>τὴν</strong></span> <span class='ocrx_word' id='word_1_373' title='bbox 2332 3069 2396 3119; x_wconf 85' lang='grc' dir='ltr'>ὲκ</span> <span class='ocrx_word' id='word_1_374' title='bbox 2423 3065 2738 3135; x_wconf 81' lang='grc' dir='ltr'>σπέρματος</span> <span class='ocrx_word' id='word_1_375' title='bbox 2768 3064 2932 3117; x_wconf 79' lang='grc' dir='ltr'>Δαὸὶδ</span> <span class='ocrx_word' id='word_1_376' title='bbox 2955 3064 3254 3136; x_wconf 75' lang='grc' dir='ltr'>ληφθεῖσαν</span> <span class='ocrx_word' id='word_1_377' title='bbox 3277 3065 3534 3135; x_wconf 79' lang='grc' dir='ltr'>ἀπαρχὴν</span> <span class='ocrx_word' id='word_1_378' title='bbox 3570 3065 3670 3118; x_wconf 76' lang='grc' dir='ltr'><strong>καὶ</strong></span> 
     </span>
    </p>
   </div>
   <div class='ocr_carea' id='block_1_60' title="bbox 414 3147 1984 3227">
    <p class='ocr_par' dir='ltr' id='par_1_60' title="bbox 414 3147 1981 3221">
     <span class='ocr_line' id='line_1_61' title="bbox 414 3147 1981 3221; baseline 0.006 -22"><span class='ocrx_word' id='word_1_379' title='bbox 414 3147 586 3215; x_wconf 85' lang='lat' dir='ltr'><strong>pium.</strong></span> <span class='ocrx_word' id='word_1_380' title='bbox 610 3149 847 3217; x_wconf 90' lang='lat' dir='ltr'><strong>itemque</strong></span> <span class='ocrx_word' id='word_1_381' title='bbox 866 3150 1131 3204; x_wconf 87' lang='lat' dir='ltr'><strong>adversus</strong></span> <span class='ocrx_word' id='word_1_382' title='bbox 1155 3165 1273 3216; x_wconf 89' lang='lat' dir='ltr'><strong>eos,</strong></span> <span class='ocrx_word' id='word_1_383' title='bbox 1294 3152 1383 3219; x_wconf 90' lang='lat' dir='ltr'><strong>qui</strong></span> <span class='ocrx_word' id='word_1_384' title='bbox 1407 3152 1676 3205; x_wconf 79' lang='lat' dir='ltr'><strong>divinitati</strong></span> <span class='ocrx_word' id='word_1_385' title='bbox 1700 3154 1981 3221; x_wconf 88' lang='lat' dir='ltr'><strong>passiones</strong></span> 
     </span>
    </p>
   </div>
   <div class='ocr_carea' id='block_1_61' title="bbox 2092 3147 3670 3227">
    <p class='ocr_par' dir='ltr' id='par_1_61' title="bbox 2092 3153 3670 3227">
     <span class='ocr_line' id='line_1_62' title="bbox 2092 3153 3670 3227; baseline -0.001 -19"><span class='ocrx_word' id='word_1_386' title='bbox 2092 3156 2499 3227; x_wconf 79' lang='grc' dir='ltr'>προσάπτοντας</span> <span class='ocrx_word' id='word_1_387' title='bbox 2521 3157 2588 3209; x_wconf 87' lang='grc' dir='ltr'>τὰ</span> <span class='ocrx_word' id='word_1_388' title='bbox 2615 3153 2759 3224; x_wconf 90' lang='grc' dir='ltr'>πάθη</span> <span class='ocrx_word' id='word_1_389' title='bbox 2784 3157 2850 3226; x_wconf 82' lang='grc' dir='ltr'>τῇ</span> <span class='ocrx_word' id='word_1_390' title='bbox 2873 3154 3105 3226; x_wconf 83' lang='grc' dir='ltr'>θεότητι,</span> <span class='ocrx_word' id='word_1_391' title='bbox 3131 3157 3160 3209; x_wconf 78' lang='grc' dir='ltr'>ὁ</span> <span class='ocrx_word' id='word_1_392' title='bbox 3178 3155 3234 3208; x_wconf 84' lang='grc' dir='ltr'>δὲ</span> <span class='ocrx_word' id='word_1_393' title='bbox 3260 3155 3510 3225; x_wconf 85' lang='grc' dir='ltr'>δεύτερος</span> <span class='ocrx_word' id='word_1_394' title='bbox 3531 3156 3670 3223; x_wconf 77' lang='grc' dir='ltr'>πρὸς</span> 
     </span>
    </p>
   </div>
   <div class='ocr_carea' id='block_1_62' title="bbox 412 3240 1986 3307">
    <p class='ocr_par' dir='ltr' id='par_1_62' title="bbox 412 3240 1986 3307">
     <span class='ocr_line' id='line_1_63' title="bbox 412 3240 1986 3307; baseline 0.004 -16"><span class='ocrx_word' id='word_1_395' title='bbox 412 3240 1122 3296; x_wconf 87' lang='lat' dir='ltr'><strong>attribuunt.—Secundus</strong></span> <span class='ocrx_word' id='word_1_396' title='bbox 1162 3241 1321 3307; x_wconf 90' lang='lat' dir='ltr'><strong>liber,</strong></span> <span class='ocrx_word' id='word_1_397' title='bbox 1361 3257 1484 3297; x_wconf 91' lang='lat' dir='ltr'><strong>cum</strong></span> <span class='ocrx_word' id='word_1_398' title='bbox 1541 3245 1744 3298; x_wconf 87' lang='lat' dir='ltr'><strong>eisdem</strong></span> <span class='ocrx_word' id='word_1_399' title='bbox 1771 3259 1802 3299; x_wconf 88' lang='lat' dir='ltr'><strong>c</strong></span> <span class='ocrx_word' id='word_1_400' title='bbox 1837 3243 1986 3300; x_wconf 84' lang='lat' dir='ltr'><strong>Scri-</strong></span> 
     </span>
    </p>
   </div>
   <div class='ocr_carea' id='block_1_63' title="bbox 424 3335 1987 3402">
    <p class='ocr_par' dir='ltr' id='par_1_63' title="bbox 424 3335 1987 3402">
     <span class='ocr_line' id='line_1_64' title="bbox 424 3335 1987 3402; baseline 0.006 -19"><span class='ocrx_word' id='word_1_401' title='bbox 424 3341 584 3400; x_wconf 87' lang='lat' dir='ltr'><strong>ptura</strong></span> <span class='ocrx_word' id='word_1_402' title='bbox 642 3349 862 3389; x_wconf 87' lang='lat' dir='ltr'><strong>manum</strong></span> <span class='ocrx_word' id='word_1_403' title='bbox 905 3335 1142 3390; x_wconf 80' lang='lat' dir='ltr'><strong>validius</strong></span> <span class='ocrx_word' id='word_1_404' title='bbox 1191 3336 1474 3392; x_wconf 87' lang='lat' dir='ltr'><strong>conserit..</strong></span> <span class='ocrx_word' id='word_1_405' title='bbox 1525 3364 1596 3375; x_wconf 93' lang='lat'><strong><em>—</em></strong></span> <span class='ocrx_word' id='word_1_406' title='bbox 1625 3335 1867 3402; x_wconf 88' lang='lat' dir='ltr'><strong>Tertius,</strong></span> <span class='ocrx_word' id='word_1_407' title='bbox 1919 3337 1987 3392; x_wconf 88' lang='lat' dir='ltr'><strong>de</strong></span> 
     </span>
    </p>
   </div>
   <div class='ocr_carea' id='block_1_64' title="bbox 412 3426 1984 3497">
    <p class='ocr_par' dir='ltr' id='par_1_64' title="bbox 412 3426 1984 3497">
     <span class='ocr_line' id='line_1_65' title="bbox 412 3426 1984 3497; baseline 0.003 -19"><span class='ocrx_word' id='word_1_408' title='bbox 412 3427 598 3479; x_wconf 89' lang='lat' dir='ltr'><strong>eadem</strong></span> <span class='ocrx_word' id='word_1_409' title='bbox 637 3441 696 3480; x_wconf 89' lang='lat' dir='ltr'><strong>re</strong></span> <span class='ocrx_word' id='word_1_410' title='bbox 725 3426 988 3497; x_wconf 89' lang='lat' dir='ltr'><strong>disputat.</strong></span> <span class='ocrx_word' id='word_1_411' title='bbox 1014 3457 1085 3467; x_wconf 98' lang='lat'><strong>—</strong></span> <span class='ocrx_word' id='word_1_412' title='bbox 1115 3427 1374 3495; x_wconf 87' lang='lat' dir='ltr'><strong>Quartus,</strong></span> <span class='ocrx_word' id='word_1_413' title='bbox 1409 3438 1720 3482; x_wconf 86' lang='lat' dir='ltr'><strong>sanctorum</strong></span> <span class='ocrx_word' id='word_1_414' title='bbox 1757 3426 1984 3482; x_wconf 89' lang='lat' dir='ltr'><strong>Patrum</strong></span> 
     </span>
    </p>
   </div>
   <div class='ocr_carea' id='block_1_65' title="bbox 411 3517 1984 3590">
    <p class='ocr_par' dir='ltr' id='par_1_65' title="bbox 411 3517 1984 3590">
     <span class='ocr_line' id='line_1_66' title="bbox 411 3517 1984 3590; baseline 0.003 -20"><span class='ocrx_word' id='word_1_415' title='bbox 411 3517 653 3572; x_wconf 91' lang='lat' dir='ltr'><strong>continet</strong></span> <span class='ocrx_word' id='word_1_416' title='bbox 692 3519 1020 3583; x_wconf 85' lang='lat' dir='ltr'><strong>doctrinam,</strong></span> <span class='ocrx_word' id='word_1_417' title='bbox 1054 3519 1121 3574; x_wconf 89' lang='lat' dir='ltr'><strong>de</strong></span> <span class='ocrx_word' id='word_1_418' title='bbox 1170 3519 1405 3590; x_wconf 90' lang='lat' dir='ltr'><strong>gloriosa</strong></span> <span class='ocrx_word' id='word_1_419' title='bbox 1445 3520 1825 3575; x_wconf 86' lang='lat' dir='ltr'><strong>incarnatione</strong></span> <span class='ocrx_word' id='word_1_420' title='bbox 1872 3519 1984 3574; x_wconf 88' lang='lat' dir='ltr'><strong>Do-</strong></span> 
     </span>
    </p>
   </div>
   <div class='ocr_carea' id='block_1_66' title="bbox 413 3609 1988 3679">
    <p class='ocr_par' dir='ltr' id='par_1_66' title="bbox 413 3609 1988 3679">
     <span class='ocr_line' id='line_1_67' title="bbox 413 3609 1988 3679; baseline 0.004 -17"><span class='ocrx_word' id='word_1_421' title='bbox 413 3609 544 3662; x_wconf 88' lang='lat' dir='ltr'><strong>mini</strong></span> <span class='ocrx_word' id='word_1_422' title='bbox 570 3611 742 3664; x_wconf 88' lang='lat' dir='ltr'><strong>nostri</strong></span> <span class='ocrx_word' id='word_1_423' title='bbox 772 3609 899 3665; x_wconf 86' lang='lat' dir='ltr'><strong>Jesu</strong></span> <span class='ocrx_word' id='word_1_424' title='bbox 929 3611 1132 3667; x_wconf 89' lang='lat' dir='ltr'><strong>Christi</strong></span> <span class='ocrx_word' id='word_1_425' title='bbox 1158 3613 1282 3667; x_wconf 90' lang='lat' dir='ltr'><strong>Filii</strong></span> <span class='ocrx_word' id='word_1_426' title='bbox 1310 3613 1426 3668; x_wconf 89' lang='lat' dir='ltr'><strong>Dei.</strong></span> <span class='ocrx_word' id='word_1_427' title='bbox 1449 3642 1518 3652; x_wconf 98' lang='lat'><strong>—</strong></span> <span class='ocrx_word' id='word_1_428' title='bbox 1537 3613 1793 3679; x_wconf 85' lang='lat' dir='ltr'><strong>Quintus,</strong></span> <span class='ocrx_word' id='word_1_429' title='bbox 1817 3614 1988 3668; x_wconf 65' lang='lat' dir='ltr'><strong>haere-</strong></span> 
     </span>
    </p>
   </div>
   <div class='ocr_carea' id='block_1_67' title="bbox 415 3702 1986 3774">
    <p class='ocr_par' dir='ltr' id='par_1_67' title="bbox 415 3702 1986 3774">
     <span class='ocr_line' id='line_1_68' title="bbox 415 3702 1986 3774; baseline 0.005 -22"><span class='ocrx_word' id='word_1_430' title='bbox 415 3703 645 3754; x_wconf 88' lang='lat' dir='ltr'><strong>ticorum</strong></span> <span class='ocrx_word' id='word_1_431' title='bbox 702 3702 910 3769; x_wconf 78' lang='lat' dir='ltr'><strong>colligit</strong></span> <span class='ocrx_word' id='word_1_432' title='bbox 966 3703 1276 3771; x_wconf 88' lang='lat' dir='ltr'><strong>opiniones,</strong></span> <span class='ocrx_word' id='word_1_433' title='bbox 1330 3719 1468 3772; x_wconf 88' lang='lat' dir='ltr'><strong>quas</strong></span> <span class='ocrx_word' id='word_1_434' title='bbox 1521 3707 1802 3774; x_wconf 82' lang='lat' dir='ltr'><strong>componit</strong></span> <span class='ocrx_word' id='word_1_435' title='bbox 1859 3720 1986 3760; x_wconf 89' lang='lat' dir='ltr'><strong>cum</strong></span> 
     </span>
    </p>
   </div>
   <div class='ocr_carea' id='block_1_68' title="bbox 411 3795 1985 3864">
    <p class='ocr_par' dir='ltr' id='par_1_68' title="bbox 411 3795 1985 3864">
     <span class='ocr_line' id='line_1_69' title="bbox 411 3795 1985 3864; baseline 0.004 -19"><span class='ocrx_word' id='word_1_436' title='bbox 411 3795 670 3863; x_wconf 74' lang='lat' dir='ltr'><strong>Opinione</strong></span> <span class='ocrx_word' id='word_1_437' title='bbox 712 3809 923 3862; x_wconf 89' lang='lat' dir='ltr'><strong>eorum,</strong></span> <span class='ocrx_word' id='word_1_438' title='bbox 962 3796 1055 3864; x_wconf 91' lang='lat' dir='ltr'><strong>qui</strong></span> <span class='ocrx_word' id='word_1_439' title='bbox 1091 3797 1144 3849; x_wconf 93' lang='lat' dir='ltr'><strong>in</strong></span> <span class='ocrx_word' id='word_1_440' title='bbox 1179 3796 1402 3850; x_wconf 86' lang='lat' dir='ltr'><strong>Christo</strong></span> <span class='ocrx_word' id='word_1_441' title='bbox 1440 3799 1574 3851; x_wconf 87' lang='lat' dir='ltr'><strong>duas</strong></span> <span class='ocrx_word' id='word_1_442' title='bbox 1617 3809 1839 3852; x_wconf 90' lang='lat' dir='ltr'><strong>naturas</strong></span> <span class='ocrx_word' id='word_1_443' title='bbox 1881 3799 1985 3852; x_wconf 89' lang='lat' dir='ltr'><strong>mi-</strong></span> 
     </span>
    </p>
   </div>
   <div class='ocr_carea' id='block_1_69' title="bbox 415 3887 1988 3958">
    <p class='ocr_par' dir='ltr' id='par_1_69' title="bbox 415 3887 1988 3958">
     <span class='ocr_line' id='line_1_70' title="bbox 415 3887 1988 3958; baseline 0.004 -18"><span class='ocrx_word' id='word_1_444' title='bbox 415 3887 560 3941; x_wconf 87' lang='lat' dir='ltr'><strong>nime</strong></span> <span class='ocrx_word' id='word_1_445' title='bbox 587 3899 911 3956; x_wconf 83' lang='lat' dir='ltr'><strong>agnoscunt,</strong></span> <span class='ocrx_word' id='word_1_446' title='bbox 935 3897 990 3943; x_wconf 89' lang='lat' dir='ltr'><strong>et</strong></span> <span class='ocrx_word' id='word_1_447' title='bbox 1018 3888 1258 3942; x_wconf 90' lang='lat' dir='ltr'><strong>ostendit</strong></span> <span class='ocrx_word' id='word_1_448' title='bbox 1304 3903 1558 3958; x_wconf 86' lang='lat' dir='ltr'><strong>magnam</strong></span> <span class='ocrx_word' id='word_1_449' title='bbox 1607 3904 1703 3944; x_wconf 88' lang='lat' dir='ltr'><strong>eos</strong></span> <span class='ocrx_word' id='word_1_450' title='bbox 1740 3892 1884 3944; x_wconf 90' lang='lat' dir='ltr'><strong>inter</strong></span> <span class='ocrx_word' id='word_1_451' title='bbox 1928 3906 1988 3946; x_wconf 90' lang='lat' dir='ltr'><strong>se</strong></span> 
     </span>
    </p>
   </div>
   <div class='ocr_carea' id='block_1_70' title="bbox 415 3979 1985 4052">
    <p class='ocr_par' dir='ltr' id='par_1_70' title="bbox 415 3979 1985 4052">
     <span class='ocr_line' id='line_1_71' title="bbox 415 3979 1985 4052; baseline 0.005 -22"><span class='ocrx_word' id='word_1_452' title='bbox 415 3979 744 4033; x_wconf 69' lang='lat' dir='ltr'><strong>afﬁnitatem</strong></span> <span class='ocrx_word' id='word_1_453' title='bbox 807 3979 1030 4035; x_wconf 89' lang='lat' dir='ltr'><strong>habere.</strong></span> <span class='ocrx_word' id='word_1_454' title='bbox 1062 4011 1134 4021; x_wconf 90' lang='lat'><strong><em>—</em></strong></span> <span class='ocrx_word' id='word_1_455' title='bbox 1181 3979 1416 4046; x_wconf 75' lang='lat' dir='ltr'><strong>Sextus,</strong></span> <span class='ocrx_word' id='word_1_456' title='bbox 1455 3983 1608 4052; x_wconf 88' lang='lat' dir='ltr'><strong>ponit</strong></span> <span class='ocrx_word' id='word_1_457' title='bbox 1656 3998 1823 4037; x_wconf 90' lang='lat' dir='ltr'><strong>unum</strong></span> <span class='ocrx_word' id='word_1_458' title='bbox 1860 3997 1985 4038; x_wconf 88' lang='lat' dir='ltr'><strong>esse</strong></span> 
     </span>
    </p>
   </div>
   <div class='ocr_carea' id='block_1_71' title="bbox 419 4067 1988 4144">
    <p class='ocr_par' dir='ltr' id='par_1_71' title="bbox 419 4067 1988 4144">
     <span class='ocr_line' id='line_1_72' title="bbox 419 4067 1988 4144; baseline 0.004 -22"><span class='ocrx_word' id='word_1_459' title='bbox 419 4067 615 4123; x_wconf 86' lang='lat' dir='ltr'><strong>Filium</strong></span> <span class='ocrx_word' id='word_1_460' title='bbox 647 4068 939 4125; x_wconf 87' lang='lat' dir='ltr'><strong>Dominum</strong></span> <span class='ocrx_word' id='word_1_461' title='bbox 965 4082 1213 4126; x_wconf 90' lang='lat' dir='ltr'><strong>nostrum</strong></span> <span class='ocrx_word' id='word_1_462' title='bbox 1244 4070 1429 4128; x_wconf 82' lang='lat' dir='ltr'><strong>Jesum</strong></span> <span class='ocrx_word' id='word_1_463' title='bbox 1463 4071 1836 4126; x_wconf 88' lang='lat' dir='ltr'><strong>Cbrislum.-—-</strong></span> <span class='ocrx_word' id='word_1_464' title='bbox 1853 4072 1988 4144; x_wconf 88' lang='lat' dir='ltr'><strong>Sep-</strong></span> 
     </span>
    </p>
   </div>
   <div class='ocr_carea' id='block_1_72' title="bbox 414 4160 1990 4236">
    <p class='ocr_par' dir='ltr' id='par_1_72' title="bbox 414 4160 1990 4236">
     <span class='ocr_line' id='line_1_73' title="bbox 414 4160 1990 4236; baseline 0.004 -21"><span class='ocrx_word' id='word_1_465' title='bbox 414 4160 600 4225; x_wconf 86' lang='lat' dir='ltr'><strong>timus,</strong></span> <span class='ocrx_word' id='word_1_466' title='bbox 625 4162 868 4230; x_wconf 77' lang='lat' dir='ltr'><strong>rpistola:</strong></span> <span class='ocrx_word' id='word_1_467' title='bbox 907 4161 1086 4217; x_wconf 90' lang='lat' dir='ltr'><strong>locum</strong></span> <span class='ocrx_word' id='word_1_468' title='bbox 1135 4171 1304 4226; x_wconf 90' lang='lat' dir='ltr'><strong>tenet,</strong></span> <span class='ocrx_word' id='word_1_469' title='bbox 1338 4164 1537 4233; x_wconf 91' lang='lat' dir='ltr'><strong>quibus</strong></span> <span class='ocrx_word' id='word_1_470' title='bbox 1579 4166 1831 4220; x_wconf 90' lang='lat' dir='ltr'><strong>volumen</strong></span> <span class='ocrx_word' id='word_1_471' title='bbox 1877 4168 1990 4236; x_wconf 83' lang='lat' dir='ltr'><strong>pri-</strong></span> 
     </span>
    </p>
   </div>
   <div class='ocr_carea' id='block_1_73' title="bbox 415 4252 1987 4328">
    <p class='ocr_par' dir='ltr' id='par_1_73' title="bbox 415 4252 1987 4328">
     <span class='ocr_line' id='line_1_74' title="bbox 415 4252 1987 4328; baseline 0.005 -24"><span class='ocrx_word' id='word_1_472' title='bbox 415 4269 561 4305; x_wconf 88' lang='lat' dir='ltr'><strong>mum</strong></span> <span class='ocrx_word' id='word_1_473' title='bbox 601 4252 918 4307; x_wconf 84' lang='lat' dir='ltr'><strong>absolvitur.</strong></span> <span class='ocrx_word' id='word_1_474' title='bbox 950 4283 1021 4293; x_wconf 90' lang='lat'><strong><em>—</em></strong></span> <span class='ocrx_word' id='word_1_475' title='bbox 1061 4254 1299 4309; x_wconf 88' lang='lat' dir='ltr'><strong>Octavus</strong></span> <span class='ocrx_word' id='word_1_476' title='bbox 1329 4270 1479 4321; x_wconf 87' lang='lat' dir='ltr'><strong>vero,</strong></span> <span class='ocrx_word' id='word_1_477' title='bbox 1510 4267 1700 4311; x_wconf 88' lang='lat' dir='ltr'><strong>contra</strong></span> <span class='ocrx_word' id='word_1_478' title='bbox 1742 4273 1859 4324; x_wconf 88' lang='lat' dir='ltr'><strong>eos,</strong></span> <span class='ocrx_word' id='word_1_479' title='bbox 1893 4259 1987 4328; x_wconf 93' lang='lat' dir='ltr'><strong>qui</strong></span> 
     </span>
    </p>
   </div>
   <div class='ocr_carea' id='block_1_74' title="bbox 417 4344 1981 4418">
    <p class='ocr_par' dir='ltr' id='par_1_74' title="bbox 417 4344 1981 4418">
     <span class='ocr_line' id='line_1_75' title="bbox 417 4344 1981 4418; baseline 0.006 -22"><span class='ocrx_word' id='word_1_480' title='bbox 417 4344 768 4399; x_wconf 88' lang='lat' dir='ltr'><strong>multitudine</strong></span> <span class='ocrx_word' id='word_1_481' title='bbox 785 4346 1048 4401; x_wconf 74' lang='lat' dir='ltr'><strong>duntaxat</strong></span> <span class='ocrx_word' id='word_1_482' title='bbox 1064 4349 1350 4402; x_wconf 89' lang='lat' dir='ltr'><strong>veritatem</strong></span> <span class='ocrx_word' id='word_1_483' title='bbox 1375 4349 1981 4418; x_wconf 83' lang='lat' dir='ltr'><strong>dijudicant.-—Nonus,</strong></span> 
     </span>
    </p>
   </div>
   <div class='ocr_carea' id='block_1_75' title="bbox 414 4436 1989 4510">
    <p class='ocr_par' dir='ltr' id='par_1_75' title="bbox 414 4436 1989 4510">
     <span class='ocr_line' id='line_1_76' title="bbox 414 4436 1989 4510; baseline 0.006 -22"><span class='ocrx_word' id='word_1_484' title='bbox 414 4436 468 4490; x_wconf 84' lang='lat' dir='ltr'><strong>in</strong></span> <span class='ocrx_word' id='word_1_485' title='bbox 514 4451 629 4500; x_wconf 84' lang='lat' dir='ltr'><strong>eos,</strong></span> <span class='ocrx_word' id='word_1_486' title='bbox 694 4438 784 4506; x_wconf 93' lang='lat' dir='ltr'><strong>qui</strong></span> <span class='ocrx_word' id='word_1_487' title='bbox 822 4439 1030 4507; x_wconf 73' lang='lat' dir='ltr'><strong>iactant</strong></span> <span class='ocrx_word' id='word_1_488' title='bbox 1063 4455 1170 4493; x_wconf 90' lang='lat' dir='ltr'><strong>non</strong></span> <span class='ocrx_word' id='word_1_489' title='bbox 1218 4449 1468 4508; x_wconf 89' lang='lat' dir='ltr'><strong>oportere</strong></span> <span class='ocrx_word' id='word_1_490' title='bbox 1497 4455 1529 4493; x_wconf 87' lang='lat' dir='ltr'><strong>e</strong></span> <span class='ocrx_word' id='word_1_491' title='bbox 1559 4439 1856 4510; x_wconf 89' lang='lat' dir='ltr'><strong>Scripturis</strong></span> <span class='ocrx_word' id='word_1_492' title='bbox 1897 4453 1989 4497; x_wconf 88' lang='lat' dir='ltr'><strong>aut</strong></span> 
     </span>
    </p>
   </div>
   <div class='ocr_carea' id='block_1_76' title="bbox 2085 3245 3675 3318">
    <p class='ocr_par' dir='ltr' id='par_1_76' title="bbox 2085 3245 3675 3318">
     <span class='ocr_line' id='line_1_77' title="bbox 2085 3245 3675 3318; baseline -0.003 -16"><span class='ocrx_word' id='word_1_493' title='bbox 2085 3252 2213 3312; x_wconf 82' lang='grc' dir='ltr'>τοὺς</span> <span class='ocrx_word' id='word_1_494' title='bbox 2259 3249 2456 3311; x_wconf 80' lang='grc' dir='ltr'>αὐτοὺς</span> <span class='ocrx_word' id='word_1_495' title='bbox 2501 3245 2917 3318; x_wconf 86' lang='grc' dir='ltr'>γραφικώτερον</span> <span class='ocrx_word' id='word_1_496' title='bbox 2963 3246 3444 3317; x_wconf 80' lang='grc' dir='ltr'>συμπλεκόμενος,</span> <span class='ocrx_word' id='word_1_497' title='bbox 3497 3247 3594 3299; x_wconf 82' lang='grc' dir='ltr'><strong>καὶ</strong></span> <span class='ocrx_word' id='word_1_498' title='bbox 3640 3248 3675 3298; x_wconf 79' lang='grc' dir='ltr'><strong><em>ὁ</em></strong></span> 
     </span>
    </p>
   </div>
   <div class='ocr_carea' id='block_1_77' title="bbox 2087 3337 3674 3414">
    <p class='ocr_par' dir='ltr' id='par_1_77' title="bbox 2087 3337 3674 3414">
     <span class='ocr_line' id='line_1_78' title="bbox 2087 3337 3674 3414; baseline -0.003 -21"><span class='ocrx_word' id='word_1_499' title='bbox 2087 3342 2269 3414; x_wconf 82' lang='grc' dir='ltr'>τρίτος</span> <span class='ocrx_word' id='word_1_500' title='bbox 2298 3341 2428 3411; x_wconf 74' lang='grc' dir='ltr'>περὶ</span> <span class='ocrx_word' id='word_1_501' title='bbox 2462 3339 2560 3410; x_wconf 82' lang='grc' dir='ltr'>τῆς</span> <span class='ocrx_word' id='word_1_502' title='bbox 2587 3339 2758 3407; x_wconf 83' lang='grc' dir='ltr'>αὐτῆς</span> <span class='ocrx_word' id='word_1_503' title='bbox 2789 3338 3121 3402; x_wconf 84' lang='grc' dir='ltr'>ὑποθέσεως.</span> <span class='ocrx_word' id='word_1_504' title='bbox 3139 3338 3198 3390; x_wconf 85' lang='grc' dir='ltr'><strong>Ὀ</strong></span> <span class='ocrx_word' id='word_1_505' title='bbox 3220 3338 3276 3390; x_wconf 82' lang='grc' dir='ltr'>δὲ</span> <span class='ocrx_word' id='word_1_506' title='bbox 3297 3337 3556 3409; x_wconf 82' lang='grc' dir='ltr'>τέταρτος</span> <span class='ocrx_word' id='word_1_507' title='bbox 3591 3337 3674 3389; x_wconf 86' lang='grc' dir='ltr'>δι-</span> 
     </span>
    </p>
   </div>
   <div class='ocr_carea' id='block_1_78' title="bbox 2087 3430 3673 3500">
    <p class='ocr_par' dir='ltr' id='par_1_78' title="bbox 2087 3430 3673 3500">
     <span class='ocr_line' id='line_1_79' title="bbox 2087 3430 3673 3500; baseline -0.001 -15"><span class='ocrx_word' id='word_1_508' title='bbox 2087 3432 2387 3495; x_wconf 89' lang='grc' dir='ltr'>δασκαλίας</span> <span class='ocrx_word' id='word_1_509' title='bbox 2417 3432 2526 3484; x_wconf 84' lang='grc' dir='ltr'>τῶν</span> <span class='ocrx_word' id='word_1_510' title='bbox 2574 3431 2743 3499; x_wconf 87' lang='grc' dir='ltr'>ἁγίων</span> <span class='ocrx_word' id='word_1_511' title='bbox 2789 3430 3055 3500; x_wconf 85' lang='grc' dir='ltr'>Πατέρων</span> <span class='ocrx_word' id='word_1_512' title='bbox 3099 3431 3344 3500; x_wconf 77' lang='grc' dir='ltr'>περιέχει</span> <span class='ocrx_word' id='word_1_513' title='bbox 3394 3431 3527 3498; x_wconf 75' lang='grc' dir='ltr'>περὶ</span> <span class='ocrx_word' id='word_1_514' title='bbox 3568 3431 3673 3498; x_wconf 78' lang='grc' dir='ltr'><strong>τῆς</strong></span> 
     </span>
    </p>
   </div>
   <div class='ocr_carea' id='block_1_79' title="bbox 2089 3521 3669 3594">
    <p class='ocr_par' dir='ltr' id='par_1_79' title="bbox 2089 3521 3669 3594">
     <span class='ocr_line' id='line_1_80' title="bbox 2089 3521 3669 3594; baseline -0.002 -17"><span class='ocrx_word' id='word_1_515' title='bbox 2089 3525 2300 3590; x_wconf 79' lang='grc' dir='ltr'>ἐνδόξου</span> <span class='ocrx_word' id='word_1_516' title='bbox 2335 3523 2650 3593; x_wconf 71' lang='grc' dir='ltr'>οἰκονομίας</span> <span class='ocrx_word' id='word_1_517' title='bbox 2677 3521 2773 3576; x_wconf 88' lang='grc' dir='ltr'><strong>τοῦ</strong></span> <span class='ocrx_word' id='word_1_518' title='bbox 2801 3523 3071 3576; x_wconf 87' lang='grc' dir='ltr'>Δεσπότου</span> <span class='ocrx_word' id='word_1_519' title='bbox 3101 3523 3258 3594; x_wconf 79' lang='grc' dir='ltr'><strong>ἡμῶν</strong></span> <span class='ocrx_word' id='word_1_520' title='bbox 3290 3522 3528 3592; x_wconf 82' lang='grc' dir='ltr'>Χριστοῦ</span> <span class='ocrx_word' id='word_1_521' title='bbox 3572 3522 3669 3575; x_wconf 91' lang='grc' dir='ltr'><strong>τοῦ</strong></span> 
     </span>
    </p>
   </div>
   <div class='ocr_carea' id='block_1_80' title="bbox 2089 3612 3674 3684">
    <p class='ocr_par' dir='ltr' id='par_1_80' title="bbox 2089 3612 3674 3684">
     <span class='ocr_line' id='line_1_81' title="bbox 2089 3612 3674 3684; baseline -0.001 -17"><span class='ocrx_word' id='word_1_522' title='bbox 2089 3614 2219 3667; x_wconf 89' lang='grc' dir='ltr'>Υίοῦ</span> <span class='ocrx_word' id='word_1_523' title='bbox 2265 3614 2359 3668; x_wconf 82' lang='grc' dir='ltr'><strong>τοῦ</strong></span> <span class='ocrx_word' id='word_1_524' title='bbox 2405 3615 2562 3668; x_wconf 79' lang='grc' dir='ltr'>Θεοῦ.</span> <span class='ocrx_word' id='word_1_525' title='bbox 2585 3614 2642 3666; x_wconf 87' lang='lat'><strong>&#39;0</strong></span> <span class='ocrx_word' id='word_1_526' title='bbox 2685 3615 2866 3684; x_wconf 85' lang='grc' dir='ltr'>μέντοι</span> <span class='ocrx_word' id='word_1_527' title='bbox 2896 3614 3149 3683; x_wconf 84' lang='grc' dir='ltr'>πέμπτος</span> <span class='ocrx_word' id='word_1_528' title='bbox 3177 3614 3467 3683; x_wconf 85' lang='grc' dir='ltr'>αἱρετικῶν</span> <span class='ocrx_word' id='word_1_529' title='bbox 3511 3612 3674 3677; x_wconf 79' lang='grc' dir='ltr'>δόξας</span> 
     </span>
    </p>
   </div>
   <div class='ocr_carea' id='block_1_81' title="bbox 2088 3703 3669 3776">
    <p class='ocr_par' dir='ltr' id='par_1_81' title="bbox 2088 3703 3669 3776">
     <span class='ocr_line' id='line_1_82' title="bbox 2088 3703 3669 3776; baseline -0.002 -18"><span class='ocrx_word' id='word_1_530' title='bbox 2088 3703 2353 3775; x_wconf 76' lang='grc' dir='ltr'>ἀθροίζει,</span> <span class='ocrx_word' id='word_1_531' title='bbox 2386 3705 2481 3758; x_wconf 73' lang='grc' dir='ltr'>καὶ</span> <span class='ocrx_word' id='word_1_532' title='bbox 2534 3703 2900 3776; x_wconf 85' lang='grc' dir='ltr'>παρατίθησιν</span> <span class='ocrx_word' id='word_1_533' title='bbox 2943 3703 3113 3765; x_wconf 84' lang='grc' dir='ltr'>αὑτὰς</span> <span class='ocrx_word' id='word_1_534' title='bbox 3160 3707 3227 3774; x_wconf 84' lang='grc' dir='ltr'>τῇ</span> <span class='ocrx_word' id='word_1_535' title='bbox 3273 3703 3398 3775; x_wconf 80' lang='grc' dir='ltr'>δόξῃ</span> <span class='ocrx_word' id='word_1_536' title='bbox 3441 3704 3548 3756; x_wconf 86' lang='grc' dir='ltr'>τῶν</span> <span class='ocrx_word' id='word_1_537' title='bbox 3593 3707 3669 3773; x_wconf 83' lang='grc' dir='ltr'>μὴ</span> 
     </span>
    </p>
   </div>
   <div class='ocr_carea' id='block_1_82' title="bbox 2089 3795 3670 3866">
    <p class='ocr_par' dir='ltr' id='par_1_82' title="bbox 2089 3795 3670 3866">
     <span class='ocr_line' id='line_1_83' title="bbox 2089 3795 3670 3866; baseline 0.001 -18"><span class='ocrx_word' id='word_1_538' title='bbox 2089 3796 2497 3864; x_wconf 82' lang='grc' dir='ltr'>ὁμολογούντων</span> <span class='ocrx_word' id='word_1_539' title='bbox 2525 3798 2618 3849; x_wconf 85' lang='grc' dir='ltr'>ἐπὶ</span> <span class='ocrx_word' id='word_1_540' title='bbox 2662 3797 2900 3866; x_wconf 81' lang='grc' dir='ltr'>Χριστοῦ</span> <span class='ocrx_word' id='word_1_541' title='bbox 2930 3796 3024 3849; x_wconf 91' lang='grc' dir='ltr'><strong>δύο</strong></span> <span class='ocrx_word' id='word_1_542' title='bbox 3052 3795 3266 3866; x_wconf 83' lang='grc' dir='ltr'>φύσεις,</span> <span class='ocrx_word' id='word_1_543' title='bbox 3307 3800 3401 3850; x_wconf 74' lang='grc' dir='ltr'><strong>καὶ</strong></span> <span class='ocrx_word' id='word_1_544' title='bbox 3427 3797 3670 3851; x_wconf 86' lang='grc' dir='ltr'>δείκνυσι</span> 
     </span>
    </p>
   </div>
   <div class='ocr_carea' id='block_1_83' title="bbox 2091 3887 3667 3960">
    <p class='ocr_par' dir='ltr' id='par_1_83' title="bbox 2091 3887 3667 3960">
     <span class='ocr_line' id='line_1_84' title="bbox 2091 3887 3667 3960; baseline 0.001 -18"><span class='ocrx_word' id='word_1_545' title='bbox 2091 3889 2291 3960; x_wconf 75' lang='grc' dir='ltr'>πολλὴν</span> <span class='ocrx_word' id='word_1_546' title='bbox 2329 3889 2466 3959; x_wconf 82' lang='grc' dir='ltr'>πρὸς</span> <span class='ocrx_word' id='word_1_547' title='bbox 2507 3888 2768 3959; x_wconf 84' lang='grc' dir='ltr'>ἀλλήλους</span> <span class='ocrx_word' id='word_1_548' title='bbox 2795 3887 3152 3950; x_wconf 74' lang='grc' dir='ltr'>διασώζοντας</span> <span class='ocrx_word' id='word_1_549' title='bbox 3189 3889 3288 3958; x_wconf 85' lang='grc' dir='ltr'><strong>τὴν</strong></span> <span class='ocrx_word' id='word_1_550' title='bbox 3322 3889 3667 3956; x_wconf 81' lang='grc' dir='ltr'>συγγένειαν.</span> 
     </span>
    </p>
   </div>
   <div class='ocr_carea' id='block_1_84' title="bbox 2103 3975 3668 4050">
    <p class='ocr_par' dir='ltr' id='par_1_84' title="bbox 2103 3975 3668 4050">
     <span class='ocr_line' id='line_1_85' title="bbox 2103 3975 3668 4050; baseline -0.002 -13"><span class='ocrx_word' id='word_1_551' title='bbox 2103 3982 2162 4037; x_wconf 81' lang='grc'><strong>’0</strong></span> <span class='ocrx_word' id='word_1_552' title='bbox 2204 3981 2262 4036; x_wconf 81' lang='grc' dir='ltr'><strong>δὲ</strong></span> <span class='ocrx_word' id='word_1_553' title='bbox 2305 3981 2462 4044; x_wconf 79' lang='grc' dir='ltr'>’ἐκτός</span> <span class='ocrx_word' id='word_1_554' title='bbox 2498 3981 2852 4050; x_wconf 76' lang='grc' dir='ltr'>διαλαμϐάνει</span> <span class='ocrx_word' id='word_1_555' title='bbox 2885 3981 2968 4032; x_wconf 84' lang='grc' dir='ltr'>ὅτι</span> <span class='ocrx_word' id='word_1_556' title='bbox 2996 3975 3077 4044; x_wconf 74' lang='grc' dir='ltr'>εἷς</span> <span class='ocrx_word' id='word_1_557' title='bbox 3109 3983 3314 4034; x_wconf 81' lang='grc' dir='ltr'>ἐστίν¹⁵</span> <span class='ocrx_word' id='word_1_558' title='bbox 3340 3981 3466 4044; x_wconf 86' lang='grc' dir='ltr'>Υἱὸς</span> <span class='ocrx_word' id='word_1_559' title='bbox 3495 3981 3524 4034; x_wconf 83' lang='grc' dir='ltr'><em>ὁ</em></span> <span class='ocrx_word' id='word_1_560' title='bbox 3553 3981 3668 4034; x_wconf 87' lang='grc' dir='ltr'><strong>Κύ-</strong></span> 
     </span>
    </p>
   </div>
   <div class='ocr_carea' id='block_1_85' title="bbox 2091 4072 3669 4146">
    <p class='ocr_par' dir='ltr' id='par_1_85' title="bbox 2091 4072 3669 4146">
     <span class='ocr_line' id='line_1_86' title="bbox 2091 4072 3669 4146; baseline 0.002 -24"><span class='ocrx_word' id='word_1_561' title='bbox 2091 4092 2204 4146; x_wconf 85' lang='grc' dir='ltr'>ριος</span> <span class='ocrx_word' id='word_1_562' title='bbox 2250 4073 2406 4145; x_wconf 86' lang='grc' dir='ltr'>ήμῶν</span> <span class='ocrx_word' id='word_1_563' title='bbox 2443 4072 2650 4144; x_wconf 85' lang='grc' dir='ltr'>Ἰησοῦς</span> <span class='ocrx_word' id='word_1_564' title='bbox 2694 4074 2722 4126; x_wconf 86' lang='grc' dir='ltr'>ὁ</span> <span class='ocrx_word' id='word_1_565' title='bbox 2752 4073 3084 4144; x_wconf 84' lang='grc' dir='ltr'>Χριστός.Ὀ</span> <span class='ocrx_word' id='word_1_566' title='bbox 3111 4073 3335 4144; x_wconf 76' lang='grc' dir='ltr'>ἕϐδομος</span> <span class='ocrx_word' id='word_1_567' title='bbox 3379 4074 3669 4142; x_wconf 78' lang='grc' dir='ltr'>ἐπιστολῆς</span> 
     </span>
    </p>
   </div>
   <div class='ocr_carea' id='block_1_86' title="bbox 2090 4161 3668 4237">
    <p class='ocr_par' dir='ltr' id='par_1_86' title="bbox 2090 4161 3668 4237">
     <span class='ocr_line' id='line_1_87' title="bbox 2090 4161 3668 4237; baseline -0.001 -17"><span class='ocrx_word' id='word_1_568' title='bbox 2090 4167 2277 4237; x_wconf 81' lang='grc' dir='ltr'>ἐπέχει</span> <span class='ocrx_word' id='word_1_569' title='bbox 2313 4168 2504 4219; x_wconf 74' lang='grc' dir='ltr'>τόπονο</span> <span class='ocrx_word' id='word_1_570' title='bbox 2538 4165 2596 4219; x_wconf 86' lang='grc' dir='ltr'><strong>ἐν</strong></span> <span class='ocrx_word' id='word_1_571' title='bbox 2628 4161 2710 4228; x_wconf 82' lang='grc' dir='ltr'>οἷς</span> <span class='ocrx_word' id='word_1_572' title='bbox 2738 4165 2797 4217; x_wconf 82' lang='grc' dir='ltr'><strong>τὸ</strong></span> <span class='ocrx_word' id='word_1_573' title='bbox 2839 4165 3052 4236; x_wconf 83' lang='grc' dir='ltr'>πρῶτον</span> <span class='ocrx_word' id='word_1_574' title='bbox 3086 4165 3486 4236; x_wconf 79' lang='grc' dir='ltr'>συνεπληροῦτο</span> <span class='ocrx_word' id='word_1_575' title='bbox 3502 4168 3548 4198; x_wconf 76' lang='grc'><strong>’⁸</strong></span> <span class='ocrx_word' id='word_1_576' title='bbox 3581 4166 3668 4236; x_wconf 91' lang='grc' dir='ltr'><strong>βι-</strong></span> 
     </span>
    </p>
   </div>
   <div class='ocr_carea' id='block_1_87' title="bbox 2092 4257 3670 4329">
    <p class='ocr_par' dir='ltr' id='par_1_87' title="bbox 2092 4257 3670 4329">
     <span class='ocr_line' id='line_1_88' title="bbox 2092 4257 3670 4329; baseline 0.001 -19"><span class='ocrx_word' id='word_1_577' title='bbox 2092 4259 2258 4312; x_wconf 81' lang='grc' dir='ltr'>σλίον.</span> <span class='ocrx_word' id='word_1_578' title='bbox 2280 4257 2337 4311; x_wconf 86' lang='lat'><strong>&#39;0</strong></span> <span class='ocrx_word' id='word_1_579' title='bbox 2364 4258 2422 4310; x_wconf 82' lang='grc' dir='ltr'><strong>δὲ</strong></span> <span class='ocrx_word' id='word_1_580' title='bbox 2449 4257 2632 4326; x_wconf 84' lang='grc' dir='ltr'>δγδοος</span> <span class='ocrx_word' id='word_1_581' title='bbox 2653 4257 2698 4288; x_wconf 78' lang='grc'><strong>³⁷</strong></span> <span class='ocrx_word' id='word_1_582' title='bbox 2728 4259 2864 4328; x_wconf 84' lang='grc' dir='ltr'>πρὸς</span> <span class='ocrx_word' id='word_1_583' title='bbox 2888 4258 3014 4320; x_wconf 82' lang='grc' dir='ltr'>τοὺς</span> <span class='ocrx_word' id='word_1_584' title='bbox 3042 4257 3234 4328; x_wconf 86' lang='grc' dir='ltr'>πλήθει</span> <span class='ocrx_word' id='word_1_585' title='bbox 3267 4258 3413 4328; x_wconf 84' lang='grc' dir='ltr'>μόνῳ</span> <span class='ocrx_word' id='word_1_586' title='bbox 3456 4259 3670 4329; x_wconf 84' lang='grc' dir='ltr'>κρίνον-</span> 
     </span>
    </p>
   </div>
   <div class='ocr_carea' id='block_1_88' title="bbox 2089 4348 3671 4421">
    <p class='ocr_par' dir='ltr' id='par_1_88' title="bbox 2089 4348 3671 4421">
     <span class='ocr_line' id='line_1_89' title="bbox 2089 4348 3671 4421; baseline 0.001 -20"><span class='ocrx_word' id='word_1_587' title='bbox 2089 4367 2189 4412; x_wconf 86' lang='grc' dir='ltr'><strong>τας</strong></span> <span class='ocrx_word' id='word_1_588' title='bbox 2219 4351 2318 4420; x_wconf 81' lang='grc' dir='ltr'><strong>τὴν</strong></span> <span class='ocrx_word' id='word_1_589' title='bbox 2342 4349 2616 4418; x_wconf 86' lang='grc' dir='ltr'>ἀλήθειαν.</span> <span class='ocrx_word' id='word_1_590' title='bbox 2639 4348 2695 4401; x_wconf 86' lang='lat'><strong>&#39;0</strong></span> <span class='ocrx_word' id='word_1_591' title='bbox 2729 4348 2948 4412; x_wconf 81' lang='grc' dir='ltr'>ἔννατος</span> <span class='ocrx_word' id='word_1_592' title='bbox 2977 4349 3112 4420; x_wconf 82' lang='grc' dir='ltr'>πρὸς</span> <span class='ocrx_word' id='word_1_593' title='bbox 3150 4351 3276 4413; x_wconf 83' lang='grc' dir='ltr'>τοὺς</span> <span class='ocrx_word' id='word_1_594' title='bbox 3305 4350 3561 4417; x_wconf 84' lang='grc' dir='ltr'>λέγοντας</span> <span class='ocrx_word' id='word_1_595' title='bbox 3593 4352 3671 4421; x_wconf 85' lang='grc' dir='ltr'>μὴ</span> 
     </span>
    </p>
   </div>
   <div class='ocr_carea' id='block_1_89' title="bbox 2091 4435 3670 4508">
    <p class='ocr_par' dir='ltr' id='par_1_89' title="bbox 2091 4435 3670 4508">
     <span class='ocr_line' id='line_1_90' title="bbox 2091 4435 3670 4508; baseline 0.003 -20"><span class='ocrx_word' id='word_1_596' title='bbox 2091 4435 2200 4488; x_wconf 81' lang='grc' dir='ltr'>δεῖν</span> <span class='ocrx_word' id='word_1_597' title='bbox 2225 4435 2333 4488; x_wconf 85' lang='grc' dir='ltr'><strong>ἀπὸ</strong></span> <span class='ocrx_word' id='word_1_598' title='bbox 2353 4435 2462 4488; x_wconf 84' lang='grc' dir='ltr'><strong>τῶν</strong></span> <span class='ocrx_word' id='word_1_599' title='bbox 2491 4436 2531 4487; x_wconf 88' lang='grc' dir='ltr'><strong>Γ</strong></span> <span class='ocrx_word' id='word_1_600' title='bbox 2538 4435 2723 4505; x_wconf 84' lang='grc' dir='ltr'>ραφῶν</span> <span class='ocrx_word' id='word_1_601' title='bbox 2746 4436 2929 4504; x_wconf 79' lang='grc' dir='ltr'>ζητεῖν</span> <span class='ocrx_word' id='word_1_602' title='bbox 2949 4437 2982 4506; x_wconf 81' lang='grc' dir='ltr'>ἢ</span> <span class='ocrx_word' id='word_1_603' title='bbox 3011 4438 3212 4502; x_wconf 85' lang='grc' dir='ltr'>λαλεῖν,</span> <span class='ocrx_word' id='word_1_604' title='bbox 3243 4439 3358 4491; x_wconf 85' lang='grc' dir='ltr'>ἀλλ’</span> <span class='ocrx_word' id='word_1_605' title='bbox 3379 4439 3670 4508; x_wconf 84' lang='grc' dir='ltr'>ἀρκεῖσθαι</span> 
     </span>
    </p>
   </div>
   <div class='ocr_carea' id='block_1_90' title="bbox 415 4525 1984 4602">
    <p class='ocr_par' dir='ltr' id='par_1_90' title="bbox 415 4525 1984 4596">
     <span class='ocr_line' id='line_1_91' title="bbox 415 4525 1984 4596; baseline 0.007 -20"><span class='ocrx_word' id='word_1_606' title='bbox 415 4525 585 4594; x_wconf 85' lang='lat' dir='ltr'><strong>loqui,</strong></span> <span class='ocrx_word' id='word_1_607' title='bbox 611 4536 705 4581; x_wconf 93' lang='lat' dir='ltr'><strong>aut</strong></span> <span class='ocrx_word' id='word_1_608' title='bbox 738 4542 1003 4596; x_wconf 74' lang='lat' dir='ltr'><strong>quaerere,</strong></span> <span class='ocrx_word' id='word_1_609' title='bbox 1033 4529 1125 4581; x_wconf 88' lang='lat' dir='ltr'><strong>sed</strong></span> <span class='ocrx_word' id='word_1_610' title='bbox 1161 4527 1318 4582; x_wconf 88' lang='lat' dir='ltr'><strong>ﬁdem</strong></span> <span class='ocrx_word' id='word_1_611' title='bbox 1344 4543 1497 4583; x_wconf 88' lang='lat' dir='ltr'><strong>suam</strong></span> <span class='ocrx_word' id='word_1_612' title='bbox 1522 4530 1626 4584; x_wconf 91' lang='lat' dir='ltr'><strong>sibi</strong></span> <span class='ocrx_word' id='word_1_613' title='bbox 1647 4529 1984 4586; x_wconf 69' lang='lat' dir='ltr'><strong>sufﬁcere.—</strong></span> 
     </span>
    </p>
   </div>
   <div class='ocr_carea' id='block_1_91' title="bbox 2092 4525 3671 4602">
    <p class='ocr_par' dir='ltr' id='par_1_91' title="bbox 2094 4527 3671 4602">
     <span class='ocr_line' id='line_1_92' title="bbox 2094 4527 3671 4602; baseline 0.004 -24"><span class='ocrx_word' id='word_1_614' title='bbox 2094 4530 2160 4597; x_wconf 81' lang='grc' dir='ltr'>τῇ</span> <span class='ocrx_word' id='word_1_615' title='bbox 2198 4528 2329 4598; x_wconf 85' lang='grc' dir='ltr'>παρ’</span> <span class='ocrx_word' id='word_1_616' title='bbox 2357 4529 2568 4590; x_wconf 80' lang='grc' dir='ltr'>ἑαυτοῖς</span> <span class='ocrx_word' id='word_1_617' title='bbox 2596 4527 2873 4583; x_wconf 79' lang='grc' dir='ltr'>πίστει.⁹0</span> <span class='ocrx_word' id='word_1_618' title='bbox 2903 4529 2935 4582; x_wconf 82' lang='grc' dir='ltr'>ι’</span> <span class='ocrx_word' id='word_1_619' title='bbox 2957 4530 3094 4600; x_wconf 82' lang='grc' dir='ltr'>πρὸς</span> <span class='ocrx_word' id='word_1_620' title='bbox 3114 4531 3240 4594; x_wconf 74' lang='grc' dir='ltr'>τοὺς</span> <span class='ocrx_word' id='word_1_621' title='bbox 3270 4532 3671 4602; x_wconf 77' lang='grc' dir='ltr'>προϐάλλοντας</span> 
     </span>
    </p>
   </div>
   <div class='ocr_carea' id='block_1_92' title="bbox 416 4619 1984 4693">
    <p class='ocr_par' dir='ltr' id='par_1_92' title="bbox 416 4619 1984 4691">
     <span class='ocr_line' id='line_1_93' title="bbox 416 4619 1984 4691; baseline 0.005 -21"><span class='ocrx_word' id='word_1_622' title='bbox 416 4619 688 4685; x_wconf 83' lang='lat' dir='ltr'><strong>Decimus,</strong></span> <span class='ocrx_word' id='word_1_623' title='bbox 718 4619 770 4672; x_wconf 93' lang='lat' dir='ltr'><strong>in</strong></span> <span class='ocrx_word' id='word_1_624' title='bbox 803 4619 942 4675; x_wconf 86' lang='lat' dir='ltr'><strong>male</strong></span> <span class='ocrx_word' id='word_1_625' title='bbox 965 4621 1289 4691; x_wconf 87' lang='lat' dir='ltr'><strong>objicientes</strong></span> <span class='ocrx_word' id='word_1_626' title='bbox 1315 4621 1446 4675; x_wconf 89' lang='lat' dir='ltr'><strong>illud</strong></span> <span class='ocrx_word' id='word_1_627' title='bbox 1480 4640 1495 4677; x_wconf 72' lang='grc' dir='ltr'><strong>ι</strong></span> <span class='ocrx_word' id='word_1_628' title='bbox 1535 4640 1554 4672; x_wconf 82' lang='grc' dir='ltr'><strong>ι</strong></span> <span class='ocrx_word' id='word_1_629' title='bbox 1587 4622 1822 4677; x_wconf 77' lang='lat' dir='ltr'><strong>Verbum</strong></span> <span class='ocrx_word' id='word_1_630' title='bbox 1849 4639 1984 4678; x_wconf 82' lang='lat' dir='ltr'><strong>caro</strong></span> 
     </span>
    </p>
   </div>
   <div class='ocr_carea' id='block_1_93' title="bbox 2092 4619 3671 4693">
    <p class='ocr_par' dir='ltr' id='par_1_93' title="bbox 2098 4619 3671 4693">
     <span class='ocr_line' id='line_1_94' title="bbox 2098 4619 3671 4693; baseline 0.005 -24"><span class='ocrx_word' id='word_1_631' title='bbox 2098 4619 2384 4686; x_wconf 83' lang='grc' dir='ltr'>κακοήθως</span> <span class='ocrx_word' id='word_1_632' title='bbox 2412 4620 2474 4670; x_wconf 80' lang='grc' dir='ltr'>τὸ</span> <span class='ocrx_word' id='word_1_633' title='bbox 2498 4620 2555 4672; x_wconf 74' lang='grc' dir='ltr'><strong>«ὁ</strong></span> <span class='ocrx_word' id='word_1_634' title='bbox 2578 4619 2748 4688; x_wconf 90' lang='grc' dir='ltr'>Λόγος</span> <span class='ocrx_word' id='word_1_635' title='bbox 2770 4620 2906 4691; x_wconf 79' lang='grc' dir='ltr'>σὰρξ</span> <span class='ocrx_word' id='word_1_636' title='bbox 2929 4622 3194 4688; x_wconf 76' lang='grc' dir='ltr'>ἐγένετο.»</span> <span class='ocrx_word' id='word_1_637' title='bbox 3216 4623 3273 4676; x_wconf 91' lang='lat'><strong>&#39;0</strong></span> <span class='ocrx_word' id='word_1_638' title='bbox 3293 4629 3362 4677; x_wconf 88' lang='grc' dir='ltr'>ια’</span> <span class='ocrx_word' id='word_1_639' title='bbox 3382 4625 3516 4693; x_wconf 83' lang='grc' dir='ltr'>πρὸς</span> <span class='ocrx_word' id='word_1_640' title='bbox 3542 4626 3671 4687; x_wconf 81' lang='grc' dir='ltr'>τοὺς</span> 
     </span>
    </p>
   </div>
   <div class='ocr_carea' id='block_1_94' title="bbox 415 4709 1984 4787">
    <p class='ocr_par' dir='ltr' id='par_1_94' title="bbox 415 4709 1984 4782">
     <span class='ocr_line' id='line_1_95' title="bbox 415 4709 1984 4782; baseline 0.006 -23"><span class='ocrx_word' id='word_1_641' title='bbox 415 4709 616 4763; x_wconf 74' lang='lat' dir='ltr'><strong>factum</strong></span> <span class='ocrx_word' id='word_1_642' title='bbox 663 4719 767 4764; x_wconf 89' lang='lat' dir='ltr'><strong>est.</strong></span> <span class='ocrx_word' id='word_1_643' title='bbox 800 4729 820 4763; x_wconf 72' lang='grc' dir='ltr'><strong>ι</strong></span> <span class='ocrx_word' id='word_1_644' title='bbox 844 4741 914 4752; x_wconf 88' lang='lat'><strong>—-</strong></span> <span class='ocrx_word' id='word_1_645' title='bbox 953 4713 1316 4776; x_wconf 89' lang='lat' dir='ltr'><strong>Undecimus,</strong></span> <span class='ocrx_word' id='word_1_646' title='bbox 1350 4716 1610 4768; x_wconf 89' lang='lat' dir='ltr'><strong>adversus</strong></span> <span class='ocrx_word' id='word_1_647' title='bbox 1640 4715 1984 4782; x_wconf 82' lang='lat' dir='ltr'><strong>prohibentes</strong></span> 
     </span>
    </p>
   </div>
   <div class='ocr_carea' id='block_1_95' title="bbox 2092 4709 3673 4787">
    <p class='ocr_par' dir='ltr' id='par_1_95' title="bbox 2097 4709 3673 4787">
     <span class='ocr_line' id='line_1_96' title="bbox 2097 4709 3673 4787; baseline 0.004 -25"><span class='ocrx_word' id='word_1_648' title='bbox 2097 4709 2406 4774; x_wconf 85' lang='grc' dir='ltr'>κωλύοντας</span> <span class='ocrx_word' id='word_1_649' title='bbox 2434 4709 2529 4764; x_wconf 89' lang='grc' dir='ltr'><strong>δύο</strong></span> <span class='ocrx_word' id='word_1_650' title='bbox 2553 4712 2743 4779; x_wconf 82' lang='grc' dir='ltr'>φύσεις</span> <span class='ocrx_word' id='word_1_651' title='bbox 2759 4713 2852 4765; x_wconf 79' lang='grc' dir='ltr'>ἐπὶ</span> <span class='ocrx_word' id='word_1_652' title='bbox 2872 4713 2968 4782; x_wconf 83' lang='grc' dir='ltr'><strong>τῆς</strong></span> <span class='ocrx_word' id='word_1_653' title='bbox 2984 4715 3303 4787; x_wconf 85' lang='grc' dir='ltr'>ὲνανθρωπή</span> <span class='ocrx_word' id='word_1_654' title='bbox 3313 4733 3450 4779; x_wconf 89' lang='grc' dir='ltr'>σεως</span> <span class='ocrx_word' id='word_1_655' title='bbox 3465 4717 3597 4769; x_wconf 82' lang='grc' dir='ltr'>ἑκλα</span> <span class='ocrx_word' id='word_1_656' title='bbox 3604 4736 3673 4786; x_wconf 89' lang='grc' dir='ltr'>μ-</span> 
     </span>
    </p>
   </div>
   <div class='ocr_carea' id='block_1_96' title="bbox 414 4800 1984 4878">
    <p class='ocr_par' dir='ltr' id='par_1_96' title="bbox 414 4800 1984 4871">
     <span class='ocr_line' id='line_1_97' title="bbox 414 4800 1984 4871; baseline 0.003 -17"><span class='ocrx_word' id='word_1_657' title='bbox 414 4800 552 4856; x_wconf 87' lang='lat' dir='ltr'><strong>duas</strong></span> <span class='ocrx_word' id='word_1_658' title='bbox 589 4817 786 4871; x_wconf 89' lang='lat' dir='ltr'><strong>capere</strong></span> <span class='ocrx_word' id='word_1_659' title='bbox 837 4805 888 4857; x_wconf 92' lang='lat' dir='ltr'><strong>in</strong></span> <span class='ocrx_word' id='word_1_660' title='bbox 936 4805 1312 4859; x_wconf 86' lang='lat' dir='ltr'><strong>incarnatione</strong></span> <span class='ocrx_word' id='word_1_661' title='bbox 1342 4817 1587 4861; x_wconf 88' lang='lat' dir='ltr'><strong>naturas.</strong></span> <span class='ocrx_word' id='word_1_662' title='bbox 1624 4835 1695 4846; x_wconf 96' lang='lat'><strong>—</strong></span> <span class='ocrx_word' id='word_1_663' title='bbox 1723 4804 1984 4859; x_wconf 82' lang='lat' dir='ltr'><strong>Duodeci-</strong></span> 
     </span>
    </p>
   </div>
   <div class='ocr_carea' id='block_1_97' title="bbox 2092 4800 3674 4878">
    <p class='ocr_par' dir='ltr' id='par_1_97' title="bbox 2097 4801 3674 4878">
     <span class='ocr_line' id='line_1_98' title="bbox 2097 4801 3674 4878; baseline 0.006 -24"><span class='ocrx_word' id='word_1_664' title='bbox 2097 4802 2299 4856; x_wconf 80' lang='grc' dir='ltr'>δάνειν.</span> <span class='ocrx_word' id='word_1_665' title='bbox 2321 4802 2378 4856; x_wconf 82' lang='lat'><strong>&#39;0</strong></span> <span class='ocrx_word' id='word_1_666' title='bbox 2411 4801 2477 4872; x_wconf 85' lang='grc' dir='ltr'><strong>ιβ’</strong></span> <span class='ocrx_word' id='word_1_667' title='bbox 2507 4803 2644 4875; x_wconf 83' lang='grc' dir='ltr'>πρὸς</span> <span class='ocrx_word' id='word_1_668' title='bbox 2677 4806 2803 4866; x_wconf 79' lang='grc' dir='ltr'>τοὺς</span> <span class='ocrx_word' id='word_1_669' title='bbox 2833 4805 3089 4874; x_wconf 86' lang='grc' dir='ltr'>λέγοντας</span> <span class='ocrx_word' id='word_1_670' title='bbox 3129 4807 3210 4860; x_wconf 83' lang='grc' dir='ltr'><strong>ὅτι</strong></span> <span class='ocrx_word' id='word_1_671' title='bbox 3257 4811 3286 4862; x_wconf 84' lang='grc' dir='ltr'><strong>ό</strong></span> <span class='ocrx_word' id='word_1_672' title='bbox 3327 4807 3494 4878; x_wconf 80' lang='grc' dir='ltr'>λέγων</span> <span class='ocrx_word' id='word_1_673' title='bbox 3543 4811 3674 4864; x_wconf 87' lang='grc' dir='ltr'>ἄλλο</span> 
     </span>
    </p>
   </div>
   <div class='ocr_carea' id='block_1_98' title="bbox 416 4893 1984 4970">
    <p class='ocr_par' dir='ltr' id='par_1_98' title="bbox 416 4893 1984 4964">
     <span class='ocr_line' id='line_1_99' title="bbox 416 4893 1984 4964; baseline 0.004 -20"><span class='ocrx_word' id='word_1_674' title='bbox 416 4905 557 4956; x_wconf 72' lang='grc' dir='ltr'>ιιιιιε,</span> <span class='ocrx_word' id='word_1_675' title='bbox 592 4893 646 4946; x_wconf 91' lang='lat' dir='ltr'><strong>in</strong></span> <span class='ocrx_word' id='word_1_676' title='bbox 681 4909 776 4948; x_wconf 90' lang='lat' dir='ltr'><strong>eos</strong></span> <span class='ocrx_word' id='word_1_677' title='bbox 811 4896 899 4964; x_wconf 92' lang='lat' dir='ltr'><strong>qui</strong></span> <span class='ocrx_word' id='word_1_678' title='bbox 930 4910 1186 4952; x_wconf 88' lang='lat' dir='ltr'><strong>asserunt</strong></span> <span class='ocrx_word' id='word_1_679' title='bbox 1211 4899 1505 4964; x_wconf 88' lang='lat' dir='ltr'><strong>dicentem,</strong></span> <span class='ocrx_word' id='word_1_680' title='bbox 1533 4898 1678 4952; x_wconf 85' lang='lat' dir='ltr'><strong>aliud</strong></span> <span class='ocrx_word' id='word_1_681' title='bbox 1709 4912 1830 4952; x_wconf 87' lang='lat' dir='ltr'><strong>esse</strong></span> <span class='ocrx_word' id='word_1_682' title='bbox 1852 4897 1984 4952; x_wconf 85' lang='lat' dir='ltr'><strong>Ver-</strong></span> 
     </span>
    </p>
   </div>
   <div class='ocr_carea' id='block_1_99' title="bbox 2092 4893 3671 4970">
    <p class='ocr_par' dir='ltr' id='par_1_99' title="bbox 2101 4893 3671 4970">
     <span class='ocr_line' id='line_1_100' title="bbox 2101 4893 3671 4970; baseline 0.005 -24"><span class='ocrx_word' id='word_1_683' title='bbox 2101 4893 2204 4964; x_wconf 81' lang='grc' dir='ltr'>μὲν</span> <span class='ocrx_word' id='word_1_684' title='bbox 2229 4893 2320 4949; x_wconf 84' lang='grc' dir='ltr'>τὸν</span> <span class='ocrx_word' id='word_1_685' title='bbox 2352 4893 2510 4964; x_wconf 91' lang='grc' dir='ltr'>λόγον</span> <span class='ocrx_word' id='word_1_686' title='bbox 2537 4895 2666 4950; x_wconf 77' lang='grc' dir='ltr'>ἄλλο</span> <span class='ocrx_word' id='word_1_687' title='bbox 2692 4895 2750 4948; x_wconf 79' lang='grc' dir='ltr'>δὲ</span> <span class='ocrx_word' id='word_1_688' title='bbox 2780 4896 2881 4968; x_wconf 82' lang='grc' dir='ltr'>τὴν</span> <span class='ocrx_word' id='word_1_689' title='bbox 2925 4897 3103 4968; x_wconf 86' lang='grc' dir='ltr'>σάρκα</span> <span class='ocrx_word' id='word_1_690' title='bbox 3129 4898 3222 4952; x_wconf 88' lang='grc' dir='ltr'><strong>δύο</strong></span> <span class='ocrx_word' id='word_1_691' title='bbox 3253 4900 3402 4963; x_wconf 85' lang='grc' dir='ltr'>υίοὺς</span> <span class='ocrx_word' id='word_1_692' title='bbox 3428 4901 3593 4970; x_wconf 81' lang='grc' dir='ltr'>λέγει.</span> <span class='ocrx_word' id='word_1_693' title='bbox 3613 4903 3671 4954; x_wconf 88' lang='lat' dir='ltr'><strong>&#39;O</strong></span> 
     </span>
    </p>
   </div>
   <div class='ocr_carea' id='block_1_100' title="bbox 414 4986 1993 5060">
    <p class='ocr_par' dir='ltr' id='par_1_100' title="bbox 414 4986 1993 5060">
     <span class='ocr_line' id='line_1_101' title="bbox 414 4986 1993 5060; baseline 0.007 -21"><span class='ocrx_word' id='word_1_694' title='bbox 414 4989 567 5052; x_wconf 87' lang='lat' dir='ltr'><strong>bum,</strong></span> <span class='ocrx_word' id='word_1_695' title='bbox 617 4986 763 5042; x_wconf 88' lang='lat' dir='ltr'><strong>aliud</strong></span> <span class='ocrx_word' id='word_1_696' title='bbox 805 5003 927 5044; x_wconf 91' lang='lat' dir='ltr'><strong>esse</strong></span> <span class='ocrx_word' id='word_1_697' title='bbox 967 5005 1209 5056; x_wconf 88' lang='lat' dir='ltr'><strong>carnem,</strong></span> <span class='ocrx_word' id='word_1_698' title='bbox 1253 4994 1388 5046; x_wconf 88' lang='lat' dir='ltr'><strong>duos</strong></span> <span class='ocrx_word' id='word_1_699' title='bbox 1437 4992 1576 5046; x_wconf 90' lang='lat' dir='ltr'><strong>ﬁlios</strong></span> <span class='ocrx_word' id='word_1_700' title='bbox 1629 4992 1993 5060; x_wconf 80' lang='lat' dir='ltr'><strong>proﬁteri.—</strong></span> 
     </span>
    </p>
   </div>
   <div class='ocr_carea' id='block_1_101' title="bbox 413 5079 1993 5160">
    <p class='ocr_par' dir='ltr' id='par_1_101' title="bbox 413 5079 1993 5160">
     <span class='ocr_line' id='line_1_102' title="bbox 413 5079 1993 5160; baseline 0.006 -26"><span class='ocrx_word' id='word_1_701' title='bbox 413 5079 671 5136; x_wconf 89' lang='lat' dir='ltr'><strong>Decimus</strong></span> <span class='ocrx_word' id='word_1_702' title='bbox 709 5083 930 5148; x_wconf 85' lang='lat' dir='ltr'><strong>tertius,</strong></span> <span class='ocrx_word' id='word_1_703' title='bbox 972 5093 1161 5160; x_wconf 87' lang='lat' dir='ltr'><strong>contra</strong></span> <span class='ocrx_word' id='word_1_704' title='bbox 1220 5085 1490 5151; x_wconf 83' lang='lat' dir='ltr'><strong>dicentes,</strong></span> <span class='ocrx_word' id='word_1_705' title='bbox 1533 5086 1680 5155; x_wconf 88' lang='lat' dir='ltr'><strong>quod</strong></span> <span class='ocrx_word' id='word_1_706' title='bbox 1733 5087 1875 5142; x_wconf 90' lang='lat' dir='ltr'><strong>idem</strong></span> <span class='ocrx_word' id='word_1_707' title='bbox 1919 5090 1993 5144; x_wconf 82' lang='lat' dir='ltr'><strong>sit</strong></span> 
     </span>
    </p>
   </div>
   <div class='ocr_carea' id='block_1_102' title="bbox 411 5168 1990 5246">
    <p class='ocr_par' dir='ltr' id='par_1_102' title="bbox 411 5168 1990 5246">
     <span class='ocr_line' id='line_1_103' title="bbox 411 5168 1990 5246; baseline 0.006 -20"><span class='ocrx_word' id='word_1_708' title='bbox 411 5168 690 5226; x_wconf 84' lang='lat' dir='ltr'><strong>Christum</strong></span> <span class='ocrx_word' id='word_1_709' title='bbox 731 5173 1004 5239; x_wconf 81' lang='lat' dir='ltr'><strong>hominem</strong></span> <span class='ocrx_word' id='word_1_710' title='bbox 1049 5190 1378 5246; x_wconf 88' lang='lat' dir='ltr'><strong>agnoscere,</strong></span> <span class='ocrx_word' id='word_1_711' title='bbox 1430 5185 1595 5245; x_wconf 91' lang='lat' dir='ltr'><strong>atque</strong></span> <span class='ocrx_word' id='word_1_712' title='bbox 1666 5175 1718 5230; x_wconf 94' lang='lat' dir='ltr'><strong>in</strong></span> <span class='ocrx_word' id='word_1_713' title='bbox 1769 5179 1990 5236; x_wconf 91' lang='lat' dir='ltr'><strong>homine</strong></span> 
     </span>
    </p>
   </div>
   <div class='ocr_carea' id='block_1_103' title="bbox 415 5263 1992 5334">
    <p class='ocr_par' dir='ltr' id='par_1_103' title="bbox 415 5263 1992 5334">
     <span class='ocr_line' id='line_1_104' title="bbox 415 5263 1992 5334; baseline 0.007 -21"><span class='ocrx_word' id='word_1_714' title='bbox 415 5276 566 5328; x_wconf 86' lang='lat' dir='ltr'><strong>spem</strong></span> <span class='ocrx_word' id='word_1_715' title='bbox 632 5263 921 5318; x_wconf 87' lang='lat' dir='ltr'><strong>collocare.</strong></span> <span class='ocrx_word' id='word_1_716' title='bbox 979 5293 1049 5304; x_wconf 74' lang='grc' dir='ltr'><strong>-ο</strong></span> <span class='ocrx_word' id='word_1_717' title='bbox 1097 5263 1353 5319; x_wconf 90' lang='lat' dir='ltr'><strong>Decimus</strong></span> <span class='ocrx_word' id='word_1_718' title='bbox 1389 5274 1626 5334; x_wconf 90' lang='lat' dir='ltr'><strong>quartus</strong></span> <span class='ocrx_word' id='word_1_719' title='bbox 1657 5308 1671 5330; x_wconf 95' lang='lat'><strong>,</strong></span> <span class='ocrx_word' id='word_1_720' title='bbox 1727 5268 1992 5324; x_wconf 86' lang='lat' dir='ltr'><strong>adversus</strong></span> 
     </span>
    </p>
   </div>
   <div class='ocr_carea' id='block_1_104' title="bbox 416 5355 1988 5424">
    <p class='ocr_par' dir='ltr' id='par_1_104' title="bbox 416 5355 1988 5424">
     <span class='ocr_line' id='line_1_105' title="bbox 416 5355 1988 5424; baseline 0.005 -19"><span class='ocrx_word' id='word_1_721' title='bbox 416 5355 764 5411; x_wconf 84' lang='lat' dir='ltr'><strong>enuntiantes</strong></span> <span class='ocrx_word' id='word_1_722' title='bbox 795 5375 808 5410; x_wconf 90' lang='lat'><strong>:</strong></span> <span class='ocrx_word' id='word_1_723' title='bbox 844 5375 864 5408; x_wconf 80' lang='grc' dir='ltr'><strong>ι</strong></span> <span class='ocrx_word' id='word_1_724' title='bbox 901 5355 1100 5412; x_wconf 88' lang='lat' dir='ltr'><strong>Passus</strong></span> <span class='ocrx_word' id='word_1_725' title='bbox 1133 5364 1215 5411; x_wconf 81' lang='lat' dir='ltr'><strong>est</strong></span> <span class='ocrx_word' id='word_1_726' title='bbox 1243 5357 1361 5410; x_wconf 91' lang='lat' dir='ltr'><strong>sine</strong></span> <span class='ocrx_word' id='word_1_727' title='bbox 1387 5355 1660 5424; x_wconf 87' lang='lat' dir='ltr'><strong>passione.</strong></span> <span class='ocrx_word' id='word_1_728' title='bbox 1702 5375 1800 5409; x_wconf 72' lang='grc' dir='ltr'>ι-</span> <span class='ocrx_word' id='word_1_729' title='bbox 1829 5358 1988 5413; x_wconf 86' lang='lat' dir='ltr'><strong>Deci-</strong></span> 
     </span>
    </p>
   </div>
   <div class='ocr_carea' id='block_1_105' title="bbox 417 5446 1988 5519">
    <p class='ocr_par' dir='ltr' id='par_1_105' title="bbox 417 5446 1988 5519">
     <span class='ocr_line' id='line_1_106' title="bbox 417 5446 1988 5519; baseline 0.006 -22"><span class='ocrx_word' id='word_1_730' title='bbox 417 5459 540 5501; x_wconf 86' lang='lat' dir='ltr'><strong>mus</strong></span> <span class='ocrx_word' id='word_1_731' title='bbox 567 5447 807 5516; x_wconf 89' lang='lat' dir='ltr'><strong>quintus,</strong></span> <span class='ocrx_word' id='word_1_732' title='bbox 847 5449 900 5503; x_wconf 92' lang='lat' dir='ltr'><strong>in</strong></span> <span class='ocrx_word' id='word_1_733' title='bbox 953 5466 1068 5515; x_wconf 92' lang='lat' dir='ltr'><strong>eos,</strong></span> <span class='ocrx_word' id='word_1_734' title='bbox 1100 5449 1194 5519; x_wconf 92' lang='lat' dir='ltr'><strong>qui</strong></span> <span class='ocrx_word' id='word_1_735' title='bbox 1224 5449 1414 5503; x_wconf 89' lang='lat' dir='ltr'><strong>dicunt.</strong></span> <span class='ocrx_word' id='word_1_736' title='bbox 1449 5464 1463 5501; x_wconf 89' lang='lat'><strong>:</strong></span> <span class='ocrx_word' id='word_1_737' title='bbox 1498 5464 1518 5500; x_wconf 79' lang='grc' dir='ltr'><strong>ι</strong></span> <span class='ocrx_word' id='word_1_738' title='bbox 1546 5446 1744 5504; x_wconf 80' lang='lat' dir='ltr'><strong>Passus</strong></span> <span class='ocrx_word' id='word_1_739' title='bbox 1787 5459 1869 5504; x_wconf 84' lang='lat' dir='ltr'><strong>est</strong></span> <span class='ocrx_word' id='word_1_740' title='bbox 1912 5452 1988 5507; x_wconf 89' lang='lat' dir='ltr'><strong>uti</strong></span> 
     </span>
    </p>
   </div>
   <div class='ocr_carea' id='block_1_106' title="bbox 2098 4985 3673 5062">
    <p class='ocr_par' dir='ltr' id='par_1_106' title="bbox 2098 4985 3673 5062">
     <span class='ocr_line' id='line_1_107' title="bbox 2098 4985 3673 5062; baseline 0.003 -23"><span class='ocrx_word' id='word_1_741' title='bbox 2098 4993 2168 5054; x_wconf 87' lang='grc' dir='ltr'>ιγ’</span> <span class='ocrx_word' id='word_1_742' title='bbox 2189 4985 2327 5057; x_wconf 80' lang='grc' dir='ltr'>πρὸς</span> <span class='ocrx_word' id='word_1_743' title='bbox 2347 4986 2474 5049; x_wconf 83' lang='grc' dir='ltr'>τοὺς</span> <span class='ocrx_word' id='word_1_744' title='bbox 2499 4986 2755 5056; x_wconf 83' lang='grc' dir='ltr'>λέγοντας</span> <span class='ocrx_word' id='word_1_745' title='bbox 2781 4987 2862 5040; x_wconf 85' lang='grc' dir='ltr'>ὅτι</span> <span class='ocrx_word' id='word_1_746' title='bbox 2883 4988 2944 5041; x_wconf 88' lang='grc' dir='ltr'>τὸ</span> <span class='ocrx_word' id='word_1_747' title='bbox 2965 4991 3058 5042; x_wconf 83' lang='grc' dir='ltr'>καὶ</span> <span class='ocrx_word' id='word_1_748' title='bbox 3079 4989 3365 5062; x_wconf 79' lang='grc' dir='ltr'>ἄνθρωπον</span> <span class='ocrx_word' id='word_1_749' title='bbox 3384 4993 3673 5061; x_wconf 87' lang='grc' dir='ltr'>γινώσκειν</span> 
     </span>
    </p>
   </div>
   <div class='ocr_carea' id='block_1_107' title="bbox 2094 5079 3674 5156">
    <p class='ocr_par' dir='ltr' id='par_1_107' title="bbox 2094 5079 3674 5156">
     <span class='ocr_line' id='line_1_108' title="bbox 2094 5079 3674 5156; baseline 0.004 -24"><span class='ocrx_word' id='word_1_750' title='bbox 2094 5079 2188 5133; x_wconf 76' lang='grc' dir='ltr'>τὸν</span> <span class='ocrx_word' id='word_1_751' title='bbox 2217 5079 2454 5150; x_wconf 85' lang='grc' dir='ltr'>Χριστὸν</span> <span class='ocrx_word' id='word_1_752' title='bbox 2481 5079 2680 5134; x_wconf 85' lang='grc' dir='ltr'>ταύτόν</span> <span class='ocrx_word' id='word_1_753' title='bbox 2721 5081 2837 5134; x_wconf 82' lang='grc' dir='ltr'>ἐστι</span> <span class='ocrx_word' id='word_1_754' title='bbox 2875 5081 2955 5152; x_wconf 85' lang='grc' dir='ltr'>τῷ</span> <span class='ocrx_word' id='word_1_755' title='bbox 2987 5083 3082 5135; x_wconf 84' lang='grc' dir='ltr'>καὶ</span> <span class='ocrx_word' id='word_1_756' title='bbox 3111 5085 3191 5146; x_wconf 86' lang='grc' dir='ltr'><strong>είς</strong></span> <span class='ocrx_word' id='word_1_757' title='bbox 3215 5084 3500 5154; x_wconf 80' lang='grc' dir='ltr'>ἄνθρωπον</span> <span class='ocrx_word' id='word_1_758' title='bbox 3528 5087 3674 5156; x_wconf 70' lang='grc' dir='ltr'>ἔχειν</span> 
     </span>
    </p>
   </div>
   <div class='ocr_carea' id='block_1_108' title="bbox 2093 5170 3678 5243">
    <p class='ocr_par' dir='ltr' id='par_1_108' title="bbox 2093 5170 3678 5243">
     <span class='ocr_line' id='line_1_109' title="bbox 2093 5170 3678 5243; baseline 0.001 -19"><span class='ocrx_word' id='word_1_759' title='bbox 2093 5171 2196 5234; x_wconf 81' lang='grc' dir='ltr'>τὰς</span> <span class='ocrx_word' id='word_1_760' title='bbox 2221 5170 2463 5234; x_wconf 81' lang='grc' dir='ltr'>ἐλπίδας.</span> <span class='ocrx_word' id='word_1_761' title='bbox 2484 5170 2541 5224; x_wconf 89' lang='grc' dir='ltr'>Ὁ</span> <span class='ocrx_word' id='word_1_762' title='bbox 2576 5171 2635 5224; x_wconf 82' lang='grc' dir='ltr'>ιδ’</span> <span class='ocrx_word' id='word_1_763' title='bbox 2665 5172 2804 5242; x_wconf 77' lang='grc' dir='ltr'>πρὸς</span> <span class='ocrx_word' id='word_1_764' title='bbox 2835 5173 2964 5237; x_wconf 81' lang='grc' dir='ltr'>τοὺς</span> <span class='ocrx_word' id='word_1_765' title='bbox 2992 5173 3250 5243; x_wconf 82' lang='grc' dir='ltr'>λέγοντας</span> <span class='ocrx_word' id='word_1_766' title='bbox 3291 5176 3492 5230; x_wconf 78' lang='grc' dir='ltr'>ἔπαθεν</span> <span class='ocrx_word' id='word_1_767' title='bbox 3532 5180 3678 5231; x_wconf 79' lang='grc' dir='ltr'>ἀπα.</span> 
     </span>
    </p>
   </div>
   <div class='ocr_carea' id='block_1_109' title="bbox 2097 5261 3676 5340">
    <p class='ocr_par' dir='ltr' id='par_1_109' title="bbox 2097 5261 3676 5340">
     <span class='ocr_line' id='line_1_110' title="bbox 2097 5261 3676 5340; baseline 0.005 -26"><span class='ocrx_word' id='word_1_768' title='bbox 2097 5262 2227 5325; x_wconf 85' lang='grc' dir='ltr'>θῶς.</span> <span class='ocrx_word' id='word_1_769' title='bbox 2276 5263 2335 5314; x_wconf 90' lang='lat'><strong>&#39;0</strong></span> <span class='ocrx_word' id='word_1_770' title='bbox 2367 5268 2428 5315; x_wconf 84' lang='grc' dir='ltr'>ιε’</span> <span class='ocrx_word' id='word_1_771' title='bbox 2463 5261 2600 5331; x_wconf 86' lang='grc' dir='ltr'>πρὸς</span> <span class='ocrx_word' id='word_1_772' title='bbox 2656 5263 2784 5326; x_wconf 80' lang='grc' dir='ltr'>τοὺς</span> <span class='ocrx_word' id='word_1_773' title='bbox 2827 5264 3083 5333; x_wconf 81' lang='grc' dir='ltr'>λέγοντας</span> <span class='ocrx_word' id='word_1_774' title='bbox 3116 5285 3133 5319; x_wconf 82' lang='grc' dir='ltr'><strong>ι</strong></span> <span class='ocrx_word' id='word_1_775' title='bbox 3154 5265 3354 5321; x_wconf 80' lang='grc' dir='ltr'>ἔπαθεν</span> <span class='ocrx_word' id='word_1_776' title='bbox 3378 5269 3451 5330; x_wconf 83' lang='grc' dir='ltr'>ὡς</span> <span class='ocrx_word' id='word_1_777' title='bbox 3476 5269 3676 5340; x_wconf 76' lang='grc' dir='ltr'>ἠθέλη-</span> 
     </span>
    </p>
   </div>
   <div class='ocr_carea' id='block_1_110' title="bbox 2100 5353 3678 5431">
    <p class='ocr_par' dir='ltr' id='par_1_110' title="bbox 2100 5353 3678 5431">
     <span class='ocr_line' id='line_1_111' title="bbox 2100 5353 3678 5431; baseline 0.004 -24"><span class='ocrx_word' id='word_1_778' title='bbox 2100 5371 2214 5408; x_wconf 84' lang='grc' dir='ltr'>σεν.</span> <span class='ocrx_word' id='word_1_779' title='bbox 2231 5373 2249 5407; x_wconf 72' lang='grc' dir='ltr'><strong>ι</strong></span> <span class='ocrx_word' id='word_1_780' title='bbox 2269 5353 2328 5408; x_wconf 87' lang='lat'><strong>&#39;0</strong></span> <span class='ocrx_word' id='word_1_781' title='bbox 2356 5360 2433 5421; x_wconf 84' lang='grc' dir='ltr'>ις’</span> <span class='ocrx_word' id='word_1_782' title='bbox 2460 5353 2600 5425; x_wconf 83' lang='grc' dir='ltr'>πρὸς</span> <span class='ocrx_word' id='word_1_783' title='bbox 2625 5356 2754 5419; x_wconf 85' lang='grc' dir='ltr'>τοὺς</span> <span class='ocrx_word' id='word_1_784' title='bbox 2778 5355 3034 5425; x_wconf 84' lang='grc' dir='ltr'>λέγοντας</span> <span class='ocrx_word' id='word_1_785' title='bbox 3057 5360 3136 5412; x_wconf 78' lang='grc' dir='ltr'>ὅτι</span> <span class='ocrx_word' id='word_1_786' title='bbox 3163 5360 3269 5430; x_wconf 73' lang='grc' dir='ltr'>χρὴ</span> <span class='ocrx_word' id='word_1_787' title='bbox 3301 5359 3548 5431; x_wconf 81' lang='grc' dir='ltr'>δέχεσθαι</span> <span class='ocrx_word' id='word_1_788' title='bbox 3577 5363 3678 5426; x_wconf 80' lang='grc' dir='ltr'>τὰς</span> 
     </span>
    </p>
   </div>
   <div class='ocr_carea' id='block_1_111' title="bbox 2099 5445 3680 5524">
    <p class='ocr_par' dir='ltr' id='par_1_111' title="bbox 2099 5445 3680 5524">
     <span class='ocr_line' id='line_1_112' title="bbox 2099 5445 3680 5524; baseline 0.004 -24"><span class='ocrx_word' id='word_1_789' title='bbox 2099 5446 2284 5520; x_wconf 83' lang='grc' dir='ltr'>φωνὰς</span> <span class='ocrx_word' id='word_1_790' title='bbox 2316 5445 2412 5500; x_wconf 75' lang='grc' dir='ltr'><strong>καὶ</strong></span> <span class='ocrx_word' id='word_1_791' title='bbox 2445 5445 2520 5518; x_wconf 79' lang='grc' dir='ltr'>μὴ</span> <span class='ocrx_word' id='word_1_792' title='bbox 2545 5450 2767 5500; x_wconf 84' lang='grc' dir='ltr'>σκοπεῖν</span> <span class='ocrx_word' id='word_1_793' title='bbox 2794 5448 2861 5502; x_wconf 75' lang='grc' dir='ltr'>τὰ</span> <span class='ocrx_word' id='word_1_794' title='bbox 2889 5449 2956 5503; x_wconf 78' lang='grc' dir='ltr'>δι’</span> <span class='ocrx_word' id='word_1_795' title='bbox 2979 5449 3157 5505; x_wconf 81' lang='grc' dir='ltr'>αὐτῶν</span> <span class='ocrx_word' id='word_1_796' title='bbox 3176 5453 3576 5524; x_wconf 86' lang='grc' dir='ltr'>σημαινόμενα,</span> <span class='ocrx_word' id='word_1_797' title='bbox 3602 5455 3680 5518; x_wconf 80' lang='grc' dir='ltr'>ὠς</span> 
     </span>
    </p>
   </div>
   <div class='ocr_carea' id='block_1_112' title="bbox 1734 5538 2422 5598">
    <p class='ocr_par' dir='ltr' id='par_1_112' title="bbox 1734 5538 2422 5598">
     <span class='ocr_line' id='line_1_113' title="bbox 1734 5538 2422 5598; baseline -0.007 0"><span class='ocrx_word' id='word_1_798' title='bbox 1734 5541 1974 5598; x_wconf 64' lang='lat' dir='ltr'><strong>VARIIE</strong></span> <span class='ocrx_word' id='word_1_799' title='bbox 2011 5538 2422 5597; x_wconf 80' lang='lat' dir='ltr'><strong>LECTIONES.</strong></span> 
     </span>
    </p>
   </div>
   <div class='ocr_carea' id='block_1_113' title="bbox 485 5631 3678 5721">
    <p class='ocr_par' dir='ltr' id='par_1_113' title="bbox 485 5631 3678 5721">
     <span class='ocr_line' id='line_1_114' title="bbox 485 5631 3678 5721; baseline 0.001 -33"><span class='ocrx_word' id='word_1_800' title='bbox 485 5635 531 5666; x_wconf 83' lang='lat'>&quot;</span> <span class='ocrx_word' id='word_1_801' title='bbox 562 5637 876 5721; x_wconf 57' lang='grc' dir='ltr'>φαρμάκοις</span> <span class='ocrx_word' id='word_1_802' title='bbox 905 5654 981 5721; x_wconf 37' lang='grc' dir='ltr'>Ἲς.</span> <span class='ocrx_word' id='word_1_803' title='bbox 1049 5635 1332 5721; x_wconf 49' lang='lat' dir='ltr'><strong>&quot;phiot,</strong></span> <span class='ocrx_word' id='word_1_804' title='bbox 1357 5634 1674 5721; x_wconf 44' lang='lat' dir='ltr'><strong>nisiul&#39;a&#39;llor.</strong></span> <span class='ocrx_word' id='word_1_805' title='bbox 1699 5637 1851 5721; x_wconf 55' lang='grc' dir='ltr'>ᾼ.Λ¹¹</span> <span class='ocrx_word' id='word_1_806' title='bbox 1875 5637 2322 5721; x_wconf 44' lang='grc' dir='ltr'>πάντῃ-πάντων</span> <span class='ocrx_word' id='word_1_807' title='bbox 2341 5648 2502 5721; x_wconf 52' lang='grc' dir='ltr'><strong>¹ξονς.</strong></span> <span class='ocrx_word' id='word_1_808' title='bbox 2535 5631 2688 5721; x_wconf 47' lang='lat' dir='ltr'><strong>A...“</strong></span> <span class='ocrx_word' id='word_1_809' title='bbox 2713 5631 3017 5721; x_wconf 52' lang='grc' dir='ltr'>ἐξωριάζειν</span> <span class='ocrx_word' id='word_1_810' title='bbox 3039 5637 3106 5702; x_wconf 79' lang='grc' dir='ltr'>Α,</span> <span class='ocrx_word' id='word_1_811' title='bbox 3136 5637 3473 5721; x_wconf 44' lang='grc' dir='ltr'><strong>νυιεξςονρςο</strong></span> <span class='ocrx_word' id='word_1_812' title='bbox 3491 5643 3678 5714; x_wconf 74' lang='grc' dir='ltr'>γραφῇ</span> 
     </span>
    </p>
   </div>
   <div class='ocr_carea' id='block_1_114' title="bbox 415 5712 798 5773">
    <p class='ocr_par' dir='ltr' id='par_1_114' title="bbox 415 5712 798 5773">
     <span class='ocr_line' id='line_1_115' title="bbox 415 5712 798 5773; baseline 0.003 -14"><span class='ocrx_word' id='word_1_813' title='bbox 415 5720 685 5773; x_wconf 78' lang='lat' dir='ltr'><strong>apposita.</strong></span> <span class='ocrx_word' id='word_1_814' title='bbox 753 5712 798 5740; x_wconf 83' lang='grc'><strong>²²</strong></span> 
     </span>
    </p>
   </div>
   <div class='ocr_carea' id='block_1_115' title="bbox 415 5778 666 5844">
    <p class='ocr_par' dir='ltr' id='par_1_115' title="bbox 415 5778 666 5844">
     <span class='ocr_line' id='line_1_116' title="bbox 415 5778 666 5844; baseline -0.012 -2"><span class='ocrx_word' id='word_1_815' title='bbox 415 5778 552 5844; x_wconf 73' lang='grc' dir='ltr'>πρὸς</span> <span class='ocrx_word' id='word_1_816' title='bbox 606 5794 666 5840; x_wconf 75' lang='grc' dir='ltr'><strong>ς.</strong></span> 
     </span>
    </p>
   </div>
   <div class='ocr_carea' id='block_1_116' title="bbox 838 5703 3655 5781">
    <p class='ocr_par' dir='ltr' id='par_1_116' title="bbox 838 5703 3655 5781">
     <span class='ocr_line' id='line_1_117' title="bbox 838 5703 3655 5781; baseline 0.001 -21"><span class='ocrx_word' id='word_1_817' title='bbox 838 5708 927 5781; x_wconf 79' lang='grc' dir='ltr'>ἐκ]</span> <span class='ocrx_word' id='word_1_818' title='bbox 957 5725 1066 5762; x_wconf 86' lang='lat' dir='ltr'><strong>uno</strong></span> <span class='ocrx_word' id='word_1_819' title='bbox 1101 5703 1166 5762; x_wconf 81' lang='grc' dir='ltr'><strong>ἐκ</strong></span> <span class='ocrx_word' id='word_1_820' title='bbox 1216 5703 1346 5762; x_wconf 83' lang='grc' dir='ltr'>τῶν.</span> <span class='ocrx_word' id='word_1_821' title='bbox 1456 5707 1502 5738; x_wconf 72' lang='grc'><strong>³⁵</strong></span> <span class='ocrx_word' id='word_1_822' title='bbox 1530 5707 1842 5778; x_wconf 79' lang='grc' dir='ltr'>ἀνεγνώσθη</span> <span class='ocrx_word' id='word_1_823' title='bbox 1869 5709 1936 5762; x_wconf 83' lang='lat' dir='ltr'><strong>A.</strong></span> <span class='ocrx_word' id='word_1_824' title='bbox 2005 5703 2060 5741; x_wconf 11' lang='grc' dir='ltr'><strong>’σγ</strong></span> <span class='ocrx_word' id='word_1_825' title='bbox 2083 5710 2232 5759; x_wconf 73' lang='grc' dir='ltr'>ἐστὶν</span> <span class='ocrx_word' id='word_1_826' title='bbox 2288 5703 2414 5759; x_wconf 85' lang='lat' dir='ltr'><strong>add.</strong></span> <span class='ocrx_word' id='word_1_827' title='bbox 2443 5704 2509 5761; x_wconf 80' lang='grc' dir='ltr'>Α.</span> <span class='ocrx_word' id='word_1_828' title='bbox 2588 5704 2632 5736; x_wconf 77' lang='grc'><strong>⁸⁸</strong></span> <span class='ocrx_word' id='word_1_829' title='bbox 2661 5706 3082 5776; x_wconf 82' lang='grc' dir='ltr'>συμπληροῦται</span> <span class='ocrx_word' id='word_1_830' title='bbox 3129 5723 3190 5769; x_wconf 71' lang='grc' dir='ltr'>φ.</span> <span class='ocrx_word' id='word_1_831' title='bbox 3231 5703 3313 5739; x_wconf 65' lang='grc'><strong>’⁸⁷</strong></span> <span class='ocrx_word' id='word_1_832' title='bbox 3345 5703 3655 5775; x_wconf 71' lang='grc' dir='ltr'>ὃγδοοςκαί</span> 
     </span>
    </p>
   </div>
  </div>
