3980 6234
312 272 376 337 81
1277 283 1803 349 BIBLIOTHECA.
1836 312 1909 325 -
1929 287 2145 351 CODD.
2203 290 2626 352 XLV-XLVII.
3498 289 3567 351 με

311 389 522 454 πάντας
548 392 970 465 ὑπερϐαίνοντα.
987 400 1047 454 '0
1074 400 1140 464 ιζ’
1157 398 1295 470 πρὸς
1314 403 1441 465 τοὺς
1460 401 1715 479 λέγοντας
1735 421 1753 453 ι
1765 400 1902 456 ἔπαα

2011 406 2198 461 voluit.
2239 425 2259 460 ι
2296 436 2363 450 σ-
2394 406 2647 462 Decimus
2700 411 2911 469 sextus.
2950 403 3004 459 in
3049 414 3355 461 asserentes
3401 420 3567 473 opor-

313 483 405 534 θεν
424 483 454 534 6
471 483 644 551 Λόγος
668 489 856 557 σαρκί.
891 510 911 543 ι
947 492 1006 545 '0
1041 490 1111 564 ιη’
1127 492 1263 565 πρὸς
1289 494 1417 558 τοὺς
1446 493 1705 563 λέγοντας
1739 496 1900 549 ποίαν

310 571 581 626 δώσουσιν
607 577 658 629 οἱ
690 579 934 635 Ἰουδαῖοι
962 582 1138 653 δίκην,
1164 584 1212 637 εί
1238 583 1314 655 μὴ
1346 583 1481 638 Θεδν
1505 586 1898 657 ἐσταύρωσανς

320 665 384 718 '0
432 666 501 719 ιϐ’
532 669 673 738 πρὸς
700 672 826 736 τοὺς
853 674 1111 743 λέγοντας
1146 676 1401 741 Ἰουδαῖός
1429 679 1578 732 ἐστιν
1607 679 1637 730 6
1662 677 1737 749 μὴ
1766 677 1900 731 Θεὸν

311 758 695 829 ἐσταυρῶσθαι
722 763 913 832 λέγων.
932 767 990 820 '0
1019 775 1065 822 κ’
1092 768 1231 840 πρὸς
1262 769 1388 833 τοὺς
1416 769 1674 838 λέγοντας
1698 771 1782 823 ὅτι
1808 770 1902 823 καὶ

312 848 540 916 ἄγγελοι
570 853 663 905 ἐπὶ
692 854 789 907 τοῦ
826 856 1080 929 Ἀϐραὰμ
1126 859 1404 925 ἐσθίοντες
1427 862 1489 915 οὐ
1520 860 1738 928 πάντως
1768 880 1902 935 σαρ-

312 940 412 1003 κὸς
437 941 600 1009 φύσιν
632 944 982 1015 ἐπεφέροντο.
1002 949 1058 1003 '0
1088 958 1172 1004 κα¹
1196 952 1333 1023 πρὸς
1353 954 1481 1016 τοὺς
1505 955 1903 1026 σμικρύνοντας

309 1032 546 1086 ἕκαστον
580 1036 765 1108 θαῦμα
793 1040 871 1111 τῷ
900 1042 1183 1113 ἀρνεῖσθαι
1225 1043 1324 1117 τὴν
1362 1046 1558 1117 σάρκα.
1592 1048 1687 1120 [55
1716 1050 1809 1122 Η.]
1842 1050 1902 1105 '0

309 1123 398 1193 κβ⁹
427 1126 566 1193 πρὸς
592 1130 721 1192 τοὺς
754 1130 1090 1201 ζημιοῦντας
1121 1135 1283 1205 ήμῶν
1312 1136 1373 1191 τὸ
1400 1138 1558 1206 γένος
1595 1139 1674 1211 τῷ
1718 1141 1793 1212 μὴ
1818 1142 1903 1194 λέ-

310 1230 434 1281 γειν
466 1219 532 1270 ἐκ
559 1219 660 1288 τῆς
688 1220 904 1290 φύσεως
936 1224 1090 1295 ἡμῶν
1126 1226 1382 1297 είλῆφθαι
1415 1228 1513 1301 τὴν
1543 1231 1823 1303 ἀπαρχήν.
1843 1232 1901 1285 '0

309 1314 401 1373 κγ’
424 1308 564 1380 πρὸς
582 1313 710 1376 τοὺς
729 1313 985 1383 λέγοντας
1014 1319 1294 1372 πιστεύειν
1321 1321 1507 1385 ἁπλῶς
1528 1317 1609 1386 οἷς
1626 1323 1670 1356 ’⁸
1687 1323 1902 1392 λέγουσι

310 1398 411 1451 καὶ
446 1398 523 1468 μὴ
555 1406 845 1457 κατανοεῖν
870 1405 924 1458 τί
960 1407 1172 1477 πρέπον
1200 1410 1233 1480 ἢ
1265 1411 1535 1481 ἀπρεπές.
1575 1412 1634 1466 '0
1664 1413 1743 1466 κδ’
1766 1414 1903 1485 πρὸς

307 1491 444 1553 τοὺς
475 1492 835 1564 ἀναιροῦντας
866 1498 966 1568 τὴν
995 1499 1105 1554 τῶν
1136 1502 1352 1571 φύσεων
1379 1502 1643 1574 διαφορὰν
1676 1506 1815 1575 μετὰ
1842 1507 1903 1559 τὸ

310 1582 489 1647 πάθος
519 1586 615 1640 καὶ
641 1588 742 1660 τὴν
783 1590 1071 1662 ἀνάληψιν.
1089 1593 1148 1648 '0
1181 1601 1261 1648 κε’
1290 1596 1764 1667 άνακεφαλαίωσις
1793 1599 1902 1651 τῶν

310 1676 459 1729 κατὰ
496 1678 661 1749 μέρος
705 1681 1077 1752 ρηθέντων.⁶0
1107 1694 1201 1752 κς⁴
1233 1690 1364 1759 περὶ
1404 1689 1507 1760 τῆς
1536 1690 1761 1761 ὕστερον
1794 1709 1900 1762 μη-

309 1766 573 1840 νυθείσης
620 1773 922 1840 συνθέσεως
964 1777 1084 1849 ἦτοι
1122 1781 1548 1845 πνουσιώσεως.
1570 1782 1629 1836 '0
1660 1785 1741 1848 κζ’
1770 1786 1901 1855 περὶ
1933 1763 1973 1816 Β

305 1858 411 1912 τοῦ
444 1862 589 1916 κατὰ
619 1864 711 1917 τὸν
740 1867 923 1921 κοινὸν
964 1870 1255 1940 ἄνθρωπον
1284 1873 1700 1945 ὑποδείγματος.
1729 1877 1899 1948 Δῆλον

305 1949 368 2003 δὲ
397 1953 495 2005 καὶ
526 1955 590 2008 ἐκ
622 1956 790 2025 μόνης
818 1959 998 2014 αὐτῶν
1020 1962 1120 2032 τῆς
1152 1963 1481 2028 ὑποθέσεως,
1512 1969 1654 2020 ποῖοι
1681 1968 1791 2020 τῶν
1820 1970 1897 2021 εί-

309 2048 572 2117 ρημένων
606 2050 780 2120 λόγων
828 2053 890 2107 τὸ
930 2054 1211 2125 όρθὸδοξον
1256 2056 1585 2127 κρατύνουσι
1618 2058 1895 2132 φρόνημα,

310 2139 407 2209 [15
437 2139 535 2212 HJ
565 2142 659 2195 καὶ
689 2144 836 2209 τίνες
864 2146 1226 2202 ἐκκλίνουσιν.

2002 508 2117 554 tere
2140 512 2300 554 voces
2326 498 2472 568 ipsas
2496 498 2784 567 accipere;
2816 513 2923 553 non
2950 506 3132 552 autem
3162 512 3351 552 earum
3382 509 3565 560 sensa,

2000 601 2057 646 ut
2090 606 2212 660 qua:
2247 591 2488 646 omnium
2539 602 2753 661 captum
2786 592 3076 657 excedant,
3106 590 3467 647 considerare.
3499 618 3569 629 —

2001 681 2255 739 Decimus
2287 685 2573 754 septimus,
2617 685 2883 740 adversus
2930 685 3172 740 dicentes
3208 700 3225 738 :
3268 700 3288 736 ι
3336 682 3568 737 Verbum

2000 788 2098 845 per
2128 790 2346 831 carnem
2368 792 2583 845 passum
2606 786 2712 832 est.
2743 796 2762 828 ι
2790 808 2860 818 -
2885 778 3137 832 Decimus
3165 784 3409 838 octavus,
3440 788 3570 828 con-

2004 877 2084 923 tra
2118 877 2453 934 asserentes,
2472 869 2662 939 quales
2696 868 2866 925 Judzei
2896 883 3088 938 poenas
3114 868 3291 923 daturi
3321 866 3567 930 fuissent,

2001 959 2047 1014 si
2088 957 2257 1013 Deum
2304 959 2453 1013 cruci
2496 973 2599 1012 non
2645 958 2961 1013 aﬂixissent.
2989 987 3059 999 —
3089 957 3338 1011 Decimus
3367 969 3567 1018 nonus,

2002 1050 2056 1103 in
2089 1049 2422 1103 affirmantes
2459 1046 2706 1103 Judaeum
2745 1048 2899 1102 illum
2944 1061 3086 1109 esse,
3123 1045 3213 1112 (iui
3254 1042 3423 1098 Deum
3464 1042 3567 1095 nti-

2002 1142 2148 1196 nime
2175 1140 2490 1195 cruciﬁxum
2522 1147 2749 1192 asserat.
2770 1136 3176 1199 -—Vicesimus,
3206 1144 3394 1189 contra
3422 1132 3570 1186 aien-

2005 1241 2105 1293 tes,
2130 1230 2348 1299 angelos
2368 1244 2481 1291 eos,
2502 1228 2594 1298 qui
2621 1228 2761 1297 apud
2786 1228 3157 1283 Abrahamum
3203 1223 3380 1279 cibum
3423 1238 3570 1277 sum-

2001 1334 2252 1394 pserunt,
2275 1339 2381 1377 non
2417 1323 2678 1377 continuo
2700 1321 2864 1375 etiam
2909 1320 3092 1374 carnis
3140 1327 3390 1372 naturam
3426 1324 3570 1368 attu-

2004 1416 2152 1470 lisse.
2177 1444 2246 1455 ——
2272 1413 2577 1469 Vicesimus
2614 1412 2840 1481 primus,
2880 1412 3145 1465 adversus
3176 1423 3293 1473 eos,
3335 1407 3426 1477 qui
3466 1406 3569 1460 mi-

2005 1510 2193 1565 racula
2228 1507 2542 1577 singulatim
2578 1512 2903 1569 extenuant,
2931 1505 3057 1557 dum
3089 1515 3312 1556 carnem
3349 1505 3571 1568 negant.

2001 1630 2071 1642 -
2101 1600 2405 1656 Vicesimus
2432 1600 2727 1666 secundus,
2750 1600 3014 1653 adversus
3055 1609 3176 1661 eos,
3197 1593 3305 1664 :qui
3335 1594 3574 1662 humano

2003 1692 2185 1762 generi
2233 1694 2489 1746 damnum
2534 1691 2812 1760 irrogant,
2858 1690 2986 1743 dum
3031 1685 3335 1742 concedere
3384 1684 3576 1737 nolunt

2004 1798 2070 1837 ex
2098 1790 2282 1836 nostra
2322 1789 2513 1835 natura
2551 1780 2877 1851 principium
2915 1786 3186 1848 sumptum
3219 1788 3360 1830 esse.
3382 1800 3453 1812 ——
3480 1769 3575 1825 Vi-

2005 1875 2241 1929 cesimus
2284 1874 2500 1936 tertius,
2540 1881 2731 1928 contra
2763 1870 3058 1940 iactantes,
3091 1866 3316 1924 credere
3358 1861 3575 1932 simpli-

2005 1970 2143 2022 citer
2173 1966 2262 2030 iis,
2292 1980 2412 2035 quae
2435 1966 2721 2029 dicuntur;
2756 1972 2813 2019 et
2845 1978 2950 2019 non
2982 1961 3288 2026 attendere,
3316 1957 3445 2028 quid
3476 1955 3574 2010 de-

2008 2075 2139 2115 cens
2187 2060 2278 2122 sit,
2318 2066 2413 2111 aut
2453 2057 2735 2112 indecens.
2759 2086 2829 2098 --
2862 2055 3167 2110 Vicesimus
3204 2060 3453 2121 quartus,
3482 2045 3578 2101 ad-

1998 2162 2195 2205 versus
2221 2146 2474 2201 tollentes
2514 2156 2835 2200 naturarum
2869 2143 3257 2203 dilferentiam,
3295 2148 3415 2209 post
3441 2149 3576 2205 pas-

307 2233 527 2288 sionem
558 2237 1446 2298 etascensionem.—Vicesimus
1474 2240 1718 2311 quintus,
1772 2242 2087 2297 summatim
2138 2254 2201 2295 ea
2229 2240 2444 2309 repetit,
2504 2251 2625 2309 quae
2663 2252 2759 2308 per
2815 2232 2995 2305 partes
3049 2236 3309 2289 hactenus
3377 2227 3574 2282 tradita

308 2335 465 2380 Sunt.
500 2356 574 2367 —
608 2328 747 2397 11a
797 2328 1102 2387 Vicesimus
1138 2341 1349 2398 sextus,
1387 2333 1454 2389 de
1503 2334 2003 2403 post-manifestata
2049 2332 2449 2403 compositione
2502 2345 2599 2386 seu
2663 2327 3241 2385 consubstantiatione.

3292 2350 3366 2363 --
3412 2317 3570 2372 Vice—

307 2423 485 2478 simus
530 2427 818 2493 septimus,
864 2428 931 2482 de
958 2443 1024 2483 eo
1051 2431 1194 2499 quod
1227 2431 1525 2485 secundum
1553 2446 1899 2487 communem
1936 2431 2209 2486 hominem
2243 2438 2347 2494 est,
2371 2427 2641 2496 exemplo.
2660 2425 2877 2480 Clarum
2897 2438 3026 2478 vero
3072 2423 3154 2475 vel
3210 2436 3278 2474 ex
3304 2420 3421 2474 solo
3457 2430 3546 2474 ar-

307 2526 573 2584 gumento
595 2519 815 2587 quinam
837 2536 901 2575 ex
927 2525 1313 2595 suprascriptis
1353 2528 1505 2584 libris
1530 2530 1893 2583 orthodoxam
1918 2528 2278 2584 corroborent
2304 2526 2633 2589 doctrinam,
2661 2523 2867 2593 quique
2901 2522 2970 2576 ab
3003 2535 3065 2574 ea
3103 2520 3410 2573 discedant.

385 2612 513 2665 Ἔτι
543 2614 603 2666 ἐν
626 2613 706 2685 τῷ
723 2616 873 2687 αὐτῷ
896 2619 1076 2690 τεύχει
1103 2621 1528 2693 ἀνεγνώσθησαν
1544 2625 1588 2658 ²⁹
1618 2622 1715 2678 τοῦ
1735 2622 1901 2678 αὐτοῦ

306 2697 463 2766 λόγοι
478 2704 649 2772 τρεῖς,
668 2705 891 2773 μείζους
904 2708 1013 2760 τῶν
1027 2726 1257 2782 προειρη
1266 2712 1463 2781 μένων
1495 2714 1900 2787 Ἐρανιστήςῆ

309 2791 717 2862 Πολύμορφος
738 2796 1382 2873 ἐφεῳνέπιγραφηνῖιὶν
1402 2805 1431 2858 6
1450 2804 1548 2875 μὲν
1562 2804 1801 2877 πρῶτος,
1821 2806 1903 2860 ὅτι

309 2883 585 2952 ἄτρεπτος
614 2885 643 2936 6
671 2884 804 2949 Θεὸς
837 2887 1041 2956 Δόγοςο
1065 2892 1095 2943 6
1120 2890 1392 2965 δεύτερος,
1424 2895 1506 2948 ὅτι
1532 2894 1838 2966 ἀσύγχυτος
1864 2898 1898 2967 ἡ

309 2972 545 3037 ἓνωσις·
578 2978 608 3029 6
633 2976 842 3048 τρίτος,
878 2979 959 3033 ὅτι
991 2982 1210 3053 ἀπαθὴς
1235 2985 1265 3037 6
1292 2984 1428 3049 Θεὸς
1454 2986 1779 3054 Λόγος.Ἔτι
1808 2981 1902 3042 καὶ

2075 2621 2266 2677 Adhuc
2296 2621 2351 2675 in
2377 2621 2579 2690 [eodem
2622 2617 2741 2687 ipso
2769 2614 3059 2671 Volumine
3108 2613 3209 2684 legi
3257 2622 3368 2665 tres
3427 2609 3575 2678 ejus-

2004 2715 2129 2770 dem
2175 2714 2340 2770 libros
2383 2710 2753 2781 superioribus
2800 2706 3052 2776 majores.
3096 2705 3335 2760 Titulum
3380 2703 3575 2773 praefe-

2006 2815 2134 2861 runt
2175 2804 2470 2876 ἐρανιστὴς
2504 2802 2641 2874 (75),
2672 2800 2706 2872 ἢ
2734 2798 3092 2869 Πολύμορφος
3109 2795 3188 2865 (id
3217 2804 3319 2860 est,
3353 2794 3578 2857 sodalis,

2004 2913 2098 2954 seu
2153 2896 2539 2966 multiformis).
2599 2892 2803 2947 Horum
2857 2891 3088 2960 primus,
3133 2888 3299 2943 Deum
3341 2885 3577 2941 Verbum

2004 2986 2340 3041 immutabile
2362 2999 2483 3041 esse
2512 2982 2691 3039 docet.
2722 2981 2894 3045 Alter,
2929 2978 3289 3043 inconfusam,
3325 2978 3576 3031 minime-

312 3064 599 3136 τέταρτος,
632 3068 690 3120 ἐν
736 3062 782 3137 ᾧ
826 3070 1209 3143 συλλογισμοῖς
1252 3077 1356 3147 τῆς
1398 3078 1569 3148 αὐτῆς
1598 3078 1904 3144 ὑποθέσεως

2011 3093 2113 3147 que
2166 3078 2382 3133 mistam
2438 3076 2694 3130 unionem
2739 3087 2880 3129 esse.
2934 3071 3150 3127 Tertius
3193 3069 3579 3148 impassibilem

316 3155 812 3227 ὑπεραγωνίζεται.
842 3156 1002 3219 Οὗτοι
1031 3166 1089 3219 δὲ
1131 3169 1180 3221 οι
1207 3171 1357 3239 τρεῖς
1381 3169 1531 3239 λόγοι
1570 3171 1631 3224 ἐν
1673 3172 1907 3243 διαλόγῳ

315 3247 461 3299 εἰσὶν
490 3249 644 3319 αὐτῷ
678 3252 1146 3327 διεσκευασμένοι,
1173 3261 1221 3312 οἱ
1249 3260 1307 3313 δὲ
1335 3261 1485 3315 ἄλλοι
1509 3263 1904 3335 καταλογάδην.

316 3339 508 3410 Σαφὴς
528 3341 589 3394 δέ
614 3344 761 3398 ἐστιν
791 3347 850 3399 ἐν
877 3348 1049 3401 ἅπασι
1070 3350 1168 3422 τὴν
1193 3352 1417 3423 φράσιν,
1439 3353 1515 3417 ὠς
1536 3354 1794 3426 εὐκρινὴς
1814 3355 1910 3409 καὶ

319 3432 587 3503 καθαρὸς,
617 3436 711 3488 καὶ
743 3437 843 3491 οὐκ
867 3439 1113 3511 ἀμοιρῶν
1146 3444 1239 3495 τοῦ
1270 3444 1446 3515 ἡδέος,
1477 3445 1829 3519 καταλλήλως
1847 3464 1908 3501 τε

319 3526 437 3589 τοῖς
474 3527 746 3598 νοήμασιν
782 3530 1246 3604 ἐνευθηνούμενος
1267 3535 1335 3590 ³⁸.

1040 3823 1174 3877 ΜΖ’.

339 3930 634 3999 Ἰωσήπου
674 3934 984 4010 ’Ἰουδαίου
1033 3941 1107 3993 τὰ
1144 3940 1296 3995 κατὰ
1343 3940 1666 4008 Ἰουδαίους
1726 3942 1907 4010 πάθη,

589 4004 691 4057 καὶ
720 4007 758 4074 ἡ
790 4005 901 4074 τῆς
942 4007 1340 4080 Ἰερουσαλὴμ
1374 4011 1622 4078 ἅλωσις.

398 4116 745 4190 ’Δνεγνώσθη
772 4122 1042 4193 Ἰωσήπου
1056 4124 1311 4180 Ἰουδαίου
1323 4127 1396 4181 τὰ
1412 4129 1565 4182 κατὰ
1580 4127 1913 4194 Ἰουδαίους

327 4208 512 4277 πάθη,
543 4209 602 4262 ἐν
631 4203 711 4272 οἷς
734 4211 769 4280 ἥ
799 4229 859 4264 τε
881 4214 983 4283 τῆς
1015 4214 1370 4288 Ἰερουσαλὴμ
1391 4219 1483 4271 ἐπὶ
1509 4218 1654 4272 τέλει
1685 4218 1795 4272 τῶν
1824 4218 1912 4271 λό-

327 4317 443 4369 γων
485 4300 690 4366 ἅλωσις
734 4304 831 4358 καὶ
876 4307 910 4375 ἡ
962 4306 1065 4374 τῆς
1107 4310 1368 4373 Μασάδας
1399 4309 1678 4381 πολίχνης,
1709 4311 1816 4380 πρὸ
1852 4308 1911 4363 δὲ

2011 3145 2126 3222 sive
2166 3162 2666 3235 imperturbabilem
2714 3176 2836 3217 esse
2879 3162 3043 3216 Deum
3065 3145 3323 3214 Verbum.
3359 3158 3584 3212 Accedit

2011 3266 2255 3326 quartus.
2282 3256 2335 3310 in
2369 3269 2476 3324 quo
2510 3254 2835 3326 syllogismis
2880 3253 2997 3307 haec
3042 3252 3228 3307 eadem
3261 3262 3579 3321 argumenta

2011 3348 2225 3402 retexit.
2252 3346 2429 3415 Atque
2486 3347 2541 3401 hi
2590 3346 2813 3415 quidem
2867 3344 2991 3399 libri
3041 3359 3139 3412 per
3192 3344 3462 3412 dialogum
3514 3344 3583 3395 ah

2009 3439 2126 3508 ipso
2172 3438 2464 3506 conscripti
2503 3448 2653 3501 sunt,
2711 3436 2902 3505 reliqui
2955 3450 3085 3489 vero
3136 3434 3473 3498 continenti,
3520 3448 3584 3487 ac

2009 3540 2268 3600 perpetua
2325 3531 2489 3586 serie.
2544 3530 2730 3601 Stylus
2775 3531 2824 3584 ei
2876 3528 2931 3583 in
2962 3528 3213 3583 omnibus
3265 3528 3584 3597 perspicuus

2010 3623 2117 3693 (est
2136 3624 2280 3677 enim
2332 3623 2619 3677 distinctus
2673 3636 2738 3676 ac
2788 3619 2975 3689 purus)
3016 3634 3191 3688 neque
3228 3618 3584 3688 iucunditatis

2011 3726 2205 3783 expers
2231 3728 2245 3765 :
2279 3711 2627 3783 preportioue
2647 3726 2772 3765 vero
2793 3711 3043 3766 sensibus
3076 3709 3354 3765 exuberat.

2695 3824 2902 3881 XLVII.

2190 3936 2409 4006 Iosephi
2438 3934 2618 3992 Judwi
2647 3936 2712 3990 de
2736 3934 2868 3989 libro
2896 3933 3126 3988 Iudaico
3152 3932 3272 3985 libri
3298 3946 3396 3987 vu.

2083 4116 2213 4186 Legi
2251 4114 2545 4187 Joseplmm
2578 4112 2844 4179 Judzeum,
2876 4112 2953 4166 De
2973 4110 3214 4165 Iudaica:
3241 4109 3408 4179 gentis
3436 4108 3589 4162 ’δοια-

2017 4214 2198 4268 milate
2218 4220 2375 4280 atque
2406 4210 2638 4264 interitu.
2660 4207 2777 4273 Quo
2810 4207 2863 4260 in
2894 4205 3031 4260 libro
3056 4213 3300 4258 extremo
3330 4202 3585 4255 Hieroso-

2016 4306 2282 4379 lymorum
2332 4302 2599 4358 excidium
2642 4309 2849 4363 narrat,
2898 4308 2953 4351 et
2991 4294 3219 4349 Masadm
3255 4293 3435 4364 Oppidi
3480 4310 3494 4346 :
3531 4303 3586 4345 et

328 4392 538 4445 τούτων
564 4395 598 4462 ἡ
628 4395 738 4447 τῶν
757 4395 1117 4461 Ἰωταπάτων,
1145 4401 1203 4453 ἐν
1250 4395 1285 4476 ᾖ
1337 4401 1431 4454 καὶ
1468 4400 1633 4464 αὐτὸς
1652 4400 1904 4471 Ἰώσηπος

2020 4408 2148 4452 ante
2192 4397 2307 4451 haee
2355 4393 2754 4461 Jotapatorum,
2799 4390 2852 4443 in
2903 4404 3011 4457 quo
3057 4396 3114 4440 et
3168 4386 3282 4453 ipse
3317 4382 3588 4451 Joseplius

329 4483 465 4553 ἥλω,
495 4484 577 4539 ἐτι
617 4486 674 4540 δὲ
702 4488 982 4559 Γισχάλων
996 4492 1038 4523 ³¹
1067 4491 1267 4555 ἅλωσις
1292 4494 1385 4546 καὶ
1406 4492 1582 4547 ἄλλων
1602 4493 1910 4548 Ἰουδαϊκῶν

331 4575 613 4645 φρουρίων
656 4578 1047 4649 ἐρημία.Ἔστι
1090 4582 1149 4636 δὲ
1200 4584 1349 4655 αὐτῷ
1365 4585 1409 4617 ³²
1439 4584 1499 4638 τὸ
1531 4583 1814 4655 σύνταγμα
1853 4587 1912 4637 ἐν

333 4664 517 4733 λόγοις
541 4668 703 4725 ἑπτά.
731 4671 988 4742 Καθαρὺς
1017 4674 1118 4743 τὴν
1136 4675 1358 4746 φράσιν,
1386 4677 1481 4730 καὶ
1512 4676 1731 4747 ἀξίωμα
1752 4676 1912 4745 λόγου

337 4758 474 4826 μετὰ
500 4761 811 4831 εὐκρινείας
841 4765 937 4817 καὶ
970 4765 1162 4836 ἡδονῆς
1204 4766 1376 4831 δεινὸς
1405 4770 1661 4839 ἐκφῆναι,
1689 4768 1915 4833 πιθανός

333 4862 394 4899 τε
424 4851 545 4913 ταῖς
575 4850 942 4922 δημηγορίαις
975 4856 1071 4909 καὶ
1094 4856 1368 4928 ἐπίχαρις,
1401 4858 1508 4911 κᾶν
1539 4859 1632 4911 ἐπὶ
1660 4858 1915 4913 τάναντία

337 4941 366 4992 6
389 4943 576 5011 καιρὸς
595 4946 735 5015 καλῇ
764 4948 1071 5017 χρήσασθαι
1092 4948 1170 5019 τῷ
1188 4948 1352 5019 λόγῳ,
1377 4949 1547 5014 δεξιὸς
1572 4950 1667 5003 καὶ
1689 4949 1916 5020 γόνιμος

339 5032 739 5106 ἐνθυμημάτων
784 5039 1158 5112 ἐφ’,ἐκάτερα,
1195 5042 1290 5096 καὶ
1323 5041 1730 5111 γνωμολογικὸς
1753 5041 1810 5095 δὲ
1837 5041 1915 5105 ὡς

2018 4498 2238 4559 captus;
2278 4496 2535 4555 pra-terea
2566 4482 2943 4539 Gischalorum
2989 4479 3349 4540 eversionem,
3374 4486 3427 4528 et
3452 4474 3588 4528 alio-

2020 4596 2139 4636 rum
2165 4577 2510 4635 Judaicorum
2534 4575 2987 4628 munimentorum
3015 4569 3422 4625 desolationem.
3454 4566 3591 4620 Sunt

2019 4685 2200 4728 autem
2219 4671 2379 4741 hujus
2401 4668 2580 4739 operis
2601 4666 2718 4720 libri
2743 4676 2970 4733 septem.
2991 4661 3262 4717 Candidus
3288 4659 3361 4714 illi
3388 4674 3588 4723 sermo,

2020 4767 2112 4838 qui
2149 4764 2421 4820 rationum
2457 4759 2666 4829 pondus
2700 4767 2860 4825 atque
2895 4764 3224 4810 momentum
3273 4768 3393 4807 eum
3442 4754 3592 4822 puri-

2023 4868 2134 4913 tate
2163 4873 2226 4912 ae
2248 4854 2592 4926 iucunditate
2614 4849 2920 4917 exprimere
2948 4846 3138 4917 possit.
3164 4845 3217 4898 In
3242 4844 3593 4899 concionibus

2022 4944 2379 5018 persuadendi
2430 4941 2482 4995 vi
2535 4937 2793 5009 praeditus
2849 4944 2971 4999 est,
3026 4948 3089 4987 ac
3140 4934 3428 5002 gratiosus,
3480 4942 3590 4983 tum

2021 5040 2183 5093 etiam
2220 5049 2341 5090 cum
2391 5033 2579 5087 suadet
2613 5025 2990 5099 opportunitas
3032 5024 3330 5078 orationem
3376 5022 3429 5075 in
3458 5035 3592 5074 con-

1567 5213 1804 5272 ἾΑΒΙᾹΞ
1842 5210 2242 5269 LECTIONES.
2666 5256 2667 5259 η

416 5303 579 5383 ’ἦθρς
610 5324 675 5371 ς.
754 5310 799 5341 ’³
833 5310 1151 5383 ἀνεγνώσθη
1190 5310 1284 5366 τοῦ
1307 5308 1493 5365 αὑτοῦ.
1526 5314 1594 5376 Α,
1625 5309 2044 5380 ἀνεγνώσθησαν
2076 5305 2242 5361 αὐτοῦ
2304 5321 2343 5367 ς
2373 5341 2388 5356 .
2483 5301 2528 5333 ³⁰
2560 5296 2954 5370 εὐθηνούμενος
3012 5314 3075 5360 ς.
3158 5297 3198 5326 ³¹
3229 5294 3499 5365 χισχάλων
3526 5294 3591 5347 Α.

350 5372 392 5403 ³²
418 5376 543 5429 αὐτὸ
588 5395 649 5441 ς.

1756 5582 1766 5589 ο
1848 5550 2077 5608 NOTAE.

415 5664 526 5731 (75)
556 5664 933 5718 Emendicarnr
965 5664 1205 5719 redditur
1234 5681 1263 5717 a
1286 5664 1553 5719 Gentiano
1578 5663 1813 5736 Herveto
1842 5681 1909 5722 ex
1946 5665 2114 5736 ipsius
2141 5664 2468 5723 Theodoreti
2503 5664 2719 5720 Praefat.
2769 5659 3015 5716 Sadalam
3073 5673 3172 5728 ego
3217 5672 3371 5723 voco,
3430 5654 3585 5723 «lunai

354 5735 749 5797 simuledalem,
786 5744 839 5791 et
865 5737 1105 5801 eiusdem
1141 5737 1459 5795 participem
1485 5734 1763 5795 svmbolw.
