3980 6234
446 222 515 284 83
1594 234 1861 295 ΡΗΟΤΙΙ
1898 236 2006 295 PA'.

2116 234 2403 295 [ΑΒΟΗιΕ
2439 235 2550 297 CP.
3618 235 3692 294 34

440 335 663 391 trariam
693 348 898 408 partem
928 341 1166 400 ﬂectere.
1194 344 1423 404 Dextere
1453 359 1670 416 quoque
1697 357 1750 402 et
1785 349 2006 418 copiose

2116 349 2161 402 εἴ
2196 366 2282 413 τις
2309 349 2491 412 ἄλλος,
2517 348 2614 402 καὶ
2641 347 2789 419 πάθη
2819 345 2898 418 τῷ
2923 346 3068 421 λόγῳ
3099 348 3448 420 παραστῆσαι
3493 347 3694 402 ἱκανώ-

439 427 858 498 enthymematis
885 434 938 490 in
969 443 1257 508 utramque
1307 445 1514 507 partem
1543 438 1734 503 utitur,
1781 451 2004 495 senten-

2110 457 2296 505 τατος,
2321 441 2418 494 καὶ
2444 441 2655 511 ἐγεῖραι
2684 438 2856 504 πάθος
2881 440 2973 494 καὶ
2997 439 3239 512 πραῧναι
3259 441 3649 512 δοκιμώτατος.

440 521 670 592 tiasque,
723 523 769 579 si
807 527 932 596 quis
984 527 1158 594 alius,
1186 528 1428 606 adhibet.
1486 528 1730 586 Orationi
1784 532 2006 602 insuper
2037 529 2289 587 aﬁ‘ectum
2320 531 2686 600 imprimendi,
2717 541 2772 587 et
2832 531 3138 589 concitandi
3183 541 3384 599 motus,
3441 532 3691 588 eosdem-

441 629 547 684 que
578 630 702 670 mox
730 615 983 683 leniendi,
1013 629 1098 676 est
1130 621 1521 690 peritissimus.

512 709 681 765 Multa
733 724 865 766 vero
905 711 1058 781 signa
1121 721 1285 781 atque
1339 716 1583 788 prodigia
1627 717 2013 790 Hierosolyma:

440 802 712 857 excidium
767 804 1109 872 praecessisse
1145 819 1555 865 commemorat.
1586 809 1784 866 Bovem
1818 813 1884 866 ad
1918 825 2013 866 sa-

441 893 704 948 criﬁcium
733 893 949 949 ductam
985 910 1182 961 agnum
1214 900 1510 967 peperisse.
1552 903 1751 958 Lucem
1781 905 1836 960 in
1874 913 2012 959 tem-

441 985 530 1055 plo
591 986 948 1056 splenduisse.
1002 988 1201 1046 Vocem
1253 994 1449 1049 exinde
1499 998 1780 1052 auditam:
1819 1015 1838 1049 ι
1874 997 2011 1051 Hinc

440 1079 722 1134 abeamus.
761 1099 779 1131 ι
812 1079 1019 1151 Templi
1047 1088 1270 1153 portas,i
1297 1101 1437 1156 quas
1470 1102 1538 1142 ne
1564 1088 1750 1158 viginti
1790 1088 2010 1159 quidem

437 1170 540 1225 viri
583 1173 794 1240 aperire
845 1163 1118 1244 poterant,
1167 1188 1360 1246 sponte
1402 1178 1665 1247 patuisse.
1697 1179 2008 1235 Exercitum

436 1263 654 1332 vesperi
706 1264 881 1320 visum
911 1266 1099 1324 ‘armis
1143 1269 1411 1326 indutum.
1452 1271 1661 1335 Virum,
1695 1272 1782 1326 cui
1813 1287 2007 1328 nomen

437 1353 599 1412 Jesus
627 1354 873 1426 Ananiae,
920 1360 1056 1415 nihil
1105 1361 1249 1417 aliud
1283 1364 1442 1420 annis
1486 1379 1583 1419 sex
1627 1373 1682 1420 et
1734 1366 2009 1423 mensibus

437 1445 616 1501 tribus
650 1449 914 1514 sonuisse,
953 1461 1209 1522 tanquam
1258 1453 1443 1510 furore
1492 1456 1793 1523 percitum,
1844 1472 2005 1526 quam

436 1536 730 1594 identidem
771 1556 786 1595 :
831 1559 851 1593 ι
905 1540 1028 1606 Vm,
1058 1559 1175 1608 ναι,
1219 1544 1554 1612 Jerusalem,
1597 1565 1617 1599 ι
1655 1549 2010 1619 eumdemque

437 1638 560 1679 cum
587 1639 651 1680 ea
681 1628 749 1682 de
769 1643 932 1686 causa
963 1630 1277 1688 verberibus
1296 1648 1512 1704 quoque
1531 1634 1848 1701 mederetur,
1869 1651 2008 1706 pra:-

2187 713 2364 768 Ηολλά
2411 714 2468 768 δὲ
2519 714 2766 784 σύμϐολα
2806 716 2902 771 καὶ
2933 717 3137 788 σημεῖα
3166 715 3316 785 λέγει
3344 716 3690 788 προῦπάρξαι

2113 807 2214 875 τῆς
2243 805 2602 877 Ἰερουσαλὴμ
2632 805 2914 870 ἁλώσεως·
2951 807 3078 878 βοῦν
3123 825 3184 861 τε
3217 807 3325 878 γάρ
3360 808 3451 860 ἐπὶ
3501 807 3692 861 θυσίαν

2114 894 2388 966 ἀγομένην
2413 895 2552 967 ἀρνα
2571 898 2770 958 τεκεῖν,
2787 895 2882 950 καὶ
2904 896 3019 964 φῶς
3038 895 3352 966 ἀναλάμψαι
3376 897 3435 949 ἐν
3454 896 3534 966 τῷ
3556 897 3690 966 ναῷ,

2112 987 2210 1042 καὶ
2229 989 2414 1059 φωνῆς
2432 987 2640 1041 ἐκεῖθεν
2660 985 3423 1058 ἐπακοῦσαιιΜεταὸαίνομεν
3444 988 3490 1020 ³³
3507 987 3694 1042 ἐντεῦ-

2117 1081 2263 1146 θεν,ι
2290 1083 2388 1134 καὶ
2420 1080 2520 1146 τὰς
2544 1080 2640 1134 τοῦ
2677 1083 2826 1151 ἱεροῦ
2845 1079 3022 1146 πύλας
3048 1081 3158 1135 οὐδ’
3184 1080 3290 1135 ύπδ
3316 1081 3526 1152 ἀνδρῶν
3551 1082 3696 1136 εἴκο-

2113 1188 2201 1225 σιν
2243 1170 2603 1241 ἀνοιγομένας
2643 1173 2968 1243 αὐτομάτως
3003 1173 3294 1243 ἀνεῷχθαι,
3320 1175 3415 1227 καὶ
3464 1174 3695 1246 στρατὸν

2111 1261 2348 1334 ἑσπέρας
2378 1263 2763 1332 ἐπιφαίνεσθαι
2793 1263 2979 1327 ὅπλοις
3021 1263 3567 1336 περιπεφραγμένον,
3596 1266 3693 1318 καὶ

2109 1353 2400 1425 ἄνθρωπόν
2424 1371 2548 1408 τινα
2579 1354 2787 1427 (ὄνομα
2817 1356 2968 1427 αύτῷ
2997 1358 3026 1411 6
3049 1356 3145 1410 τοῦ
3165 1356 3412 1410 Ἀνανίου
3439 1357 3692 1428 Ἰησοῦς)

2113 1445 2278 1517 μηδὲν
2312 1445 2440 1500 ἄλλο
2471 1447 2897 1517 ἐπιφθέγγεσθαι
2928 1448 3022 1501 ἐπὶ
3051 1448 3145 1519 ἐτη
3172 1454 3225 1512 ς’
3245 1448 3340 1502 καὶ
3351 1449 3397 1480 ³⁵
3425 1447 3602 1519 μῆνας
3617 1456 3689 1517 γ’,

2112 1535 2304 1605 ῶσπερ
2334 1535 2770 1608 βεϐακχευμένον
2802 1537 2933 1593 ὄντα
2975 1539 3062 1593 ἐπ’
3094 1537 3228 1593 αὐτὸ
3254 1537 3434 1605 τοῦτο,
3471 1539 3506 1610 ἢ
3547 1540 3610 1594 τὸ
3632 1540 3694 1595 αἲ

2111 1630 2179 1699 τῇ
2216 1627 2569 1701 Ἰερουσαλήμ
2590 1645 2604 1660 ·
2633 1629 2694 1695 ὃς
2729 1631 2827 1684 καὶ
2856 1630 2999 1701 ὑπὲρ
3036 1629 3229 1684 τούτου
3258 1630 3524 1696 αἰκισθεὶς
3549 1631 3691 1702 πλὴν

439 1726 524 1774 ter
551 1720 693 1776 hanc
717 1737 880 1779 unam
911 1740 1122 1794 vocem,
1150 1727 1352 1783 nullam
1379 1726 1628 1783 emisisse
1653 1728 1834 1784 aliam.
1855 1729 2006 1786 Hunc

2116 1723 2317 1795 ταύτης
2357 1725 2458 1796 τῆς
2501 1723 2684 1794 φωνῆς
2725 1721 2878 1776 οὐδὲν
2908 1721 3037 1777 ἀλλο
3063 1720 3426 1792 ἀπεκρίνατο,
3459 1721 3518 1775 ἐν
3548 1721 3686 1793 αὐτῇ

437 1809 566 1867 item
590 1813 740 1870 urbis
759 1816 971 1872 excidio
1007 1833 1131 1874 cum
1158 1820 1464 1889 interesset,
1491 1823 1848 1892 eamdemque
1867 1825 2006 1895 apud

435 1917 498 1958 se
525 1918 711 1962 vocem
745 1907 1124 1980 ingeminaret,
1170 1911 1364 1981 lapidis
1403 1913 1512 1970 ictu
1550 1915 1687 1985 ub
1728 1915 1796 1970 ab
1854 1915 2008 1971 hoste

435 1997 676 2052 occisum
705 2013 846 2056 esse.
1100 2055 1106 2061 _

503 2091 683 2159 Atque
737 2093 855 2146 brec
899 2092 1116 2162 quidem
1156 2103 1282 2152 ante
1329 2097 1518 2152 urbem
1579 2107 1796 2169 captam
1850 2098 2004 2170 signa

437 2190 736 2237 monstrata
765 2181 937 2246 fuere,
987 2185 1231 2241 intestini
1256 2201 1384 2242 vero
1427 2188 1550 2244 belli
1579 2191 1772 2247 seditio
1803 2199 1857 2245 et
1907 2191 2006 2245 ho-

433 2279 548 2326 stes
571 2272 758 2328 urbem
779 2285 1107 2333 everlerunt.
1132 2277 1188 2333 ln
1221 2279 1512 2334 aelotarum
1547 2282 1690 2336 enim
1713 2281 2002 2337 factionem

435 2370 494 2416 et
525 2364 845 2420 sicariorum
873 2368 1053 2435 divisi,
1085 2384 1145 2425 se
1173 2380 1360 2426 mutuo
1391 2370 1560 2427 Judaei
1595 2370 2002 2439 interfecerunt,

434 2454 724 2526 ipsumque
749 2459 886 2514 adeo
917 2461 1227 2530 reipublicae
1267 2477 1463 2534 corpus
1491 2464 1702 2536 vulgus,
1732 2465 1802 2520 ab
1832 2463 2006 2520 utris-

435 2560 545 2616 que
566 2551 763 2606 acerbe
793 2559 879 2606 est
911 2560 1073 2623 atque
1103 2555 1398 2611 crudeliter
1439 2557 1776 2612 dilaniatum.
1810 2555 2005 2613 Fames

437 2640 566 2694 item
597 2641 679 2697 sic
711 2643 897 2698 urbem
929 2644 1149 2711 invasit,
1180 2656 1240 2702 ut
1270 2656 1326 2701 et
1358 2649 1425 2703 ad
1455 2648 1559 2704 alia
1603 2649 1804 2720 ﬂagitia
1826 2650 2005 2706 homi-

437 2745 540 2786 nes
569 2731 782 2801 impulsi
815 2735 1035 2804 l‘uerint,
1077 2748 1135 2793 et
1171 2739 1367 2796 mulier
1390 2754 1545 2795 suum
1579 2741 1693 2810 ipsa
1719 2743 1884 2796 ﬁlium
1913 2757 2006 2798 co-

435 2822 688 2879 mederit.
715 2822 893 2882 Pestis
916 2828 1100 2884 adhaec
1125 2829 1318 2884 famem
1343 2832 1641 2901 excipiens,
1671 2833 1804 2887 satis
1828 2833 2006 2887 omni-

431 2914 538 2969 bus
577 2916 728 2971 clare
777 2919 1036 2983 ostendit,
1073 2920 1265 2976 divina:
1321 2922 1373 2977 id
1419 2922 1514 2977 ira:
1559 2937 1694 2992 opus
1739 2938 1894 2990 esse,
1940 2937 2005 2980 ac

439 3005 738 3065 Dominice
793 3009 1217 3069 denuntiationis
1257 3015 1655 3085 minarumque,
1689 3016 1806 3073 fore
1844 3018 2005 3073 nimi-

435 3113 555 3154 rum
588 3110 646 3155 ut
668 3100 798 3158 urbs
830 3100 1071 3158 funditus
1109 3119 1295 3160 eversa
1327 3107 1538 3174 periret.

1101 3191 1327 3247 XLVIII.

572 3279 855 3347 Joseplms,
881 3282 959 3337 vel
984 3282 1144 3338 Caius
1171 3283 1469 3355 Presberr.
1497 3287 1572 3340 De
1592 3289 1854 3346 universo.

508 3433 705 3491 Lectus
732 3448 834 3504 est,
861 3437 1125 3510 Jnsephus
1153 3441 1230 3497 De
1255 3445 1532 3510 universo;
1575 3446 1665 3514 qui
1703 3443 1841 3499 liber
1876 3443 2001 3497 alibi

2107 1834 2169 1870 τε
2198 1819 2267 1889 τῇ
2297 1816 2497 1871 ἁλώσει
2545 1814 2741 1887 παρὼν
2768 1813 2864 1869 καὶ
2897 1812 3074 1884 ἐαυτῷ
3092 1814 3136 1848 ³⁵
3165 1812 3264 1883 τὴν
3290 1812 3549 1884 τοιαύτην
3575 1829 3689 1882 φω-

2106 1911 2204 1984 νὴν
2239 1911 2502 1979 ἐπειπὼν,
2532 1910 2668 1983 λίθῳ
2699 1909 2922 1982 βληθεὶς
2948 1908 3054 1963 ὑπὸ
3097 1908 3208 1964 τῶν
3240 1908 3534 1979 πολεμίων,
3567 1909 3689 1962 ἐτε-

2104 2002 2356 2074 λεύτησε.

2177 2095 2269 2169 [56
2294 2095 2389 2167 11.]
2429 2095 2511 2150 Τά
2541 2095 2641 2167 μὲν
2659 2093 2753 2149 οὖν
2774 2091 3160 2166 προδειχθέντα
3183 2090 3283 2162 τῆς
3309 2087 3562 2152 ἁλώσεως
3588 2103 3684 2157 ση-

2107 2192 2236 2259 μεῖα
2268 2187 2478 2244 ταῦτα⁸
2511 2189 2547 2259 ἡ
2579 2187 2769 2252 στάσις
2791 2187 2850 2241 δὲ
2896 2185 3006 2240 τῶν
3052 2182 3332 2255 ἐμφυλίων
3375 2181 3410 2253 ἦ
3445 2181 3495 2234 οἱ
3519 2180 3684 2234 πολέ-

2109 2297 2222 2352 μιοι
2249 2280 2346 2352 τὴν
2375 2280 2532 2334 πόλιν
2559 2278 2890 2350 ἐπόρθησαν.
2914 2277 3010 2340 Εἰς
3039 2273 3286 2344 ζηλωτὰς
3314 2273 3421 2346 γάρ
3453 2273 3683 2335 ἑαυτοὺς

2104 2373 2201 2426 καὶ
2244 2370 2527 2443 σικαρίους
2567 2369 2956 2440 διαστήσαντες
2990 2365 3255 2436 ἀλλήλους
3298 2383 3360 2419 τε
3403 2363 3681 2433 ἔφθειρον.

2103 2465 2201 2521 καὶ
2247 2465 2309 2520 τὺ
2355 2464 2534 2519 κοινὸν
2568 2463 2725 2534 σῶμα
2757 2464 2786 2516 6
2825 2462 2996 2532 δῆμος
3034 2460 3125 2514 ὑπ’
3151 2459 3354 2531 ἀμφοῖν
3379 2455 3594 2528 πικρῶς
3618 2473 3682 2508 τε

2105 2560 2200 2614 καὶ
2241 2557 2482 2629 ἀνηλεῶς
2510 2555 2904 2627 ἐσπαράττετο.
2938 2553 3114 2624 Λιμός
3155 2570 3214 2605 τε
3245 2549 3387 2604 οὕτω
3417 2548 3682 2619 κατέσχεν

2104 2649 2181 2712 ὡς
2216 2648 2312 2702 καὶ
2345 2648 2424 2711 εἰς
2466 2645 2603 2702 ἄλλα
2636 2646 2734 2717 μὲν
2761 2643 3061 2714 παράνομα
3083 2640 3212 2704 τοὺς
3238 2637 3556 2712 ἀνθρώπους
3588 2637 3683 2690 ἐκ·

2104 2737 2470 2810 διαιτηθῆναι,
2503 2736 2600 2791 καὶ
2626 2738 2860 2806 γυναῖκα
2886 2736 2943 2790 δέ
2968 2734 3028 2788 τὺ
3053 2734 3250 2787 οἰκεῖον
3281 2732 3473 2786 τέκνον
3500 2729 3681 2799 θοινή-

2106 2827 2322 2881 σασθαι.
2357 2826 2468 2880 Καὶ
2491 2825 2568 2897 τῷ
2590 2824 2734 2896 λιμῷ
2760 2826 2788 2878 6
2815 2822 3001 2893 λοιμὸς
3025 2820 3517 2890 συνεπιλαϐόμενος
3542 2817 3678 2871 ἐδεί-

2104 2935 2206 2972 κνυ
2238 2921 2404 2973 πᾶσιν
2435 2917 2692 2987 ἐμφανῶς
2721 2916 3017 2986 θεομηνίας
3037 2913 3198 2985 ἔργον
3221 2912 3316 2966 καὶ
3341 2910 3442 2980 τῆς
3469 2913 3682 2964 Δεσπο-

2103 3012 2263 3081 τικῆς
2293 3011 2651 3082 προρρήσεως
2677 3009 2772 3062 καὶ
2800 3007 3029 3078 ἀπειλῆς
3074 3006 3174 3078 τὴν
3204 3005 3306 3076 τῆς
3339 3003 3547 3069 πόλεως
3575 3003 3682 3057 ὓπ-

2105 3103 2267 3176 ἁρξαι
2293 3102 2664 3174 πανωλεθρίαν
2694 3101 2788 3154 καὶ
2819 3101 3041 3155 ἅλωσιν.

2802 3193 2854 3245 Μ
2863 3193 2943 3244 H'.

2109 3283 2224 3336 Τοῦ
2250 3283 2436 3338 αὐτοῦ
2469 3281 2712 3354 milia?
2745 3279 2813 3332 δὲ
2840 3282 3040 3354 ΔΓαΐου
3075 3278 3506 3354 Πρεσϐυτέρου,
3539 3279 3675 3346 περὶ

2620 3349 2732 3420 τῆς
2759 3349 2870 3404 τοῦ
2902 3352 3152 3418 παντός.

2169 3439 2509 3508 Ἀνεγνώσθη
2538 3440 2800 3510 Ἰωσήπου
2827 3438 2964 3506 Περὶ
2985 3438 3090 3491 τοῦ
3106 3435 3355 3502 παντὸς,
3374 3434 3403 3487 ὃ
3419 3434 3475 3486 ἐν
3490 3430 3672 3494 ἄλλοις

432 3524 730 3596 inscriptus
776 3529 993 3599 legitur,
1025 3530 1103 3586 De
1136 3533 1366 3588 universi
1393 3550 1594 3599 causa;
1639 3533 1692 3587 in
1725 3533 1846 3588 aliis
1878 3548 2005 3587 vero

2116 3533 2325 3600 ινέγνων
2349 3529 2785 3600 ἐπιγραφόμενον
2797 3527 2934 3595 Περὶ
2954 3527 3063 3596 τῆς
3081 3528 3186 3582 τοῦ
3202 3525 3427 3590 παντὸς
3455 3521 3676 3585 uitiae:

433 3619 610 3683 libris,
637 3619 717 3674 De
747 3624 973 3678 universi
995 3635 1208 3679 natura.
1237 3625 1483 3696 Suntque
1510 3626 1672 3682 libelli
1706 3627 1844 3692 duo,
1879 3627 2004 3694 qui-

2117 3643 2145 3678 ν
2173 3623 2353 3686 ἀλλοις
2391 3615 2449 3675 δὲ
2488 3619 2628 3688 Περὶ
2653 3619 2761 3689 τῆς
2789 3619 2896 3674 τοῦ
2924 3620 3153 3684 παντὸς
3182 3617 3416 3683 οὐσίας.
3453 3613 3545 3687 [16
3573 3611 3673 3686 Η.]

433 3711 534 3767 bus
562 3725 747 3768 secum
773 3728 1011 3785 pugnare
1045 3715 1320 3772 Platonem
1356 3719 1532 3773 docet.
1560 3716 1637 3773 De
1667 3719 1845 3772 anima
1872 3733 2006 3788 quo-

2117 3718 2249 3771 Εστι
2276 3715 2334 3768 δὲ
2353 3715 2411 3767 ἐν
2431 3713 2550 3767 δυσὶ
2572 3712 2848 3782 λογιδίοις.
2871 3711 3121 3766 Δείκνυσι
3152 3709 3208 3763 δὲ
3237 3710 3295 3762 ἐν
3319 3708 3504 3770 αὐτοῖς
3530 3705 3673 3777 πρὸς

433 3816 543 3868 que
591 3806 819 3859 materia
844 3844 860 3870 ,
902 3814 957 3859 et
995 3807 1393 3863 resurrectione
1437 3807 1550 3877 (76)
1591 3808 1911 3874 Alcinoum,
1947 3817 2006 3862 ιιι

2120 3803 2280 3858 αυτδν
2331 3802 2692 3866 στασιάζοντα
2719 3801 3005 3868 Πλάτωνα,
3057 3800 3272 3870 ἐλέγχει
3315 3799 3374 3852 δὲ
3402 3799 3498 3851 καὶ
3542 3797 3675 3863 περὶ

435 3891 667 3946 absurde
730 3907 796 3948 ac
839 3893 974 3948 falso
1023 3895 1409 3963 disserentem,
1457 3895 1823 3965 reprehendit,
1879 3910 2005 3951 suas

2116 3900 2282 3973 ικυχῆς
2306 3899 2400 3954 καὶ
2430 3897 2564 3969 ὕλης
2589 3896 2685 3950 καὶ
2711 3891 3058 3952 ἀναστάσεως
3082 3885 3357 3940 Ἀλκίνουν
3387 3881 3594 3949 ἀλόγως
3613 3897 3676 3932 τε

435 3998 566 4038 vero
607 3985 724 4056 ipse
756 3987 933 4043 dehis
986 3987 1232 4044 thesibus
1277 3988 1560 4056 opiniones
1585 3988 1844 4057 opponit;
1901 3988 2003 4043 do-

2116 3994 2198 4049 ιαὶ
2223 3991 2434 4063 ψευδῶς
2463 3990 2689 4044 εἰπόντα
2706 4027 2722 4050 ,
2756 3984 3070 4051 ἀντεισάγει
3098 3981 3155 4035 δὲ
3183 3978 3282 4042 τὰς
3314 3975 3522 4036 οἰκείας
3547 3975 3678 4043 περὶ

433 4085 631 4146 cetqne
659 4077 965 4133 Judaeorum
1000 4079 1274 4134 nationem
1307 4080 1464 4150 longe
1501 4095 1643 4144 esse,
1673 4094 1831 4150 quam
1855 4077 2005 4134 Gras-

2116 4083 2306 4138 ιούτων
2331 4083 2440 4137 τῶν
2466 4079 2776 4135 ὑποθέσεων
2803 4074 2983 4142 δόξας,
3007 4069 3251 4126 δείκνυσί
3278 4086 3338 4123 τε
3372 4065 3678 4139 πρεσϐύτε-

436 4186 625 4226 corum
661 4169 1048 4241 antiquiorem.
1077 4171 1240 4224 Putat
1262 4169 1618 4240 compositum
1648 4171 1920 4226 hominem
1934 4187 2001 4227 ex

2116 4194 2197 4249 ρον
2227 4177 2494 4247 Ἑλλήνων
2523 4172 2704 4243 πολλῷ
2743 4171 2805 4226 τὸ
2824 4167 3109 4225 Ἰουδαίων·
3136 4165 3310 4234 γένος.
3353 4161 3574 4227 Δοξάζει
3617 4159 3679 4211 δὲ

435 4257 595 4332 igne,
649 4273 815 4330 terra,
861 4277 1023 4332 aqua,
1075 4277 1141 4318 ac
1185 4272 1446 4332 praeterea
1493 4276 1525 4317 e
1571 4262 1789 4332 spiritu,
1842 4278 2000 4332 quem

2116 4267 2419 4338 τυγκεϊσθαι
2446 4263 2542 4319 τὸν
2573 4264 2861 4335 ἄνθρωπον
2891 4262 2955 4315 ἐκ
2985 4260 3157 4331 πυρὸς
3180 4258 3276 4312 καὶ
3307 4256 3410 4326 γῆς
3433 4255 3527 4309 καὶ
3547 4251 3679 4306 ὕδα-

433 4353 672 4407 animam
702 4352 953 4422 appellat.
991 4350 1066 4407 De
1107 4368 1216 4422 quo
1256 4352 1446 4422 spiritu
1477 4352 1625 4408 hisce
1663 4353 1842 4409 verbis
1871 4367 2000 4408 usus

2116 4377 2211 4424 τος,
2247 4360 2342 4413 καὶ
2373 4357 2455 4412 ἐτι
2487 4359 2552 4411 ἐκ
2581 4355 2912 4425 πνεύματος,
2953 4352 2982 4405 ὃ
3032 4352 3127 4405 καὶ
3171 4349 3350 4421 ψυχὴν
3400 4343 3674 4414 ὀνομάζει.

431 4454 517 4498 est
551 4459 566 4498 :
604 4443 775 4509 Huius
828 4444 1122 4514 principem
1172 4454 1382 4514 partem
1422 4444 1848 4514 apprehendens,
1889 4460 1996 4498 una

2116 4452 2238 4523 Περὶ
2264 4444 2325 4504 οὗ
2355 4447 2659 4520 πνεύματος
2683 4447 2873 4509 αὐταῖς
2901 4443 3112 4511 λέξεσιν
3136 4442 3279 4496 οὕτω
3301 4440 3454 4509 φησί’
3469 4435 3677 4490 Τούτου

435 4553 558 4593 cum
585 4551 811 4607 corpore
838 4538 1110 4605 formavit,
1141 4547 1198 4618 e_t
1226 4553 1322 4607 pcr
1345 4539 1525 4594 omnia
1550 4539 1792 4594 membra
1822 4548 2003 4593 artus-

2116 4543 2160 4596 ιδ
2204 4542 2535 4614 κυριώτερον
2565 4537 2888 4608 ἀνελόμενος
2923 4536 3039 4605 ἁμα
3073 4534 3151 4604 τῷ
3195 4531 3410 4602 σώματι
3450 4529 3674 4592 ἔπλασε,

434 4644 541 4697 que
569 4629 708 4683 viam
769 4630 866 4696 ipsi
905 4627 1176 4699 patefecit.
1213 4628 1315 4696 Qui
1366 4629 1590 4698 spiritus
1622 4629 1834 4698 corpori
1867 4643 2000 4684 con-

2116 4636 2194 4688 ιαὶ
2221 4631 2310 4687 διὰ
2337 4631 2538 4695 παντὸς
2562 4629 2758 4701 μέλους
2777 4627 2874 4682 καὶ
2897 4625 3101 4698 ἄρθρου
3125 4624 3350 4694 πορείαν
3372 4619 3521 4706 αύτῷ
3546 4635 3680 4672 κατο

434 4720 718 4786 formatus,
763 4732 1041 4792 totumque
1079 4723 1399 4790 pervadens,
1433 4722 1618 4776 eadem
1671 4719 1864 4785 forma,
1894 4735 2000 4791 qua

2116 4721 2398 4776 εσκεύασεν
2409 4723 2454 4754 ³⁸
2474 4737 2489 4754 ο
2527 4720 2556 4772 ὃ
2581 4717 2659 4789 τῷ
2687 4716 2899 4788 σώματι
2925 4712 3277 4785 ωμπλασθέν
3306 4713 3401 4765 καὶ
3427 4710 3516 4764 διὰ
3539 4726 3682 4762 παν-

434 4826 632 4881 corpus
660 4811 763 4866 hoc
791 4822 1089 4881 spectatur,
1112 4813 1401 4881 insignitus
1430 4822 1514 4868 est
1544 4826 1559 4865 :
1589 4821 1841 4865 naturam
1869 4825 2000 4864 vero

2116 4815 2188 4877 τὸς
2213 4812 2586 4882 διικνούμενον
2609 4809 2688 4880 τῷ
2717 4808 2871 4878 αύτῷ
2912 4807 3046 4861 εῐδει
3070 4805 3165 4858 τοῦ
3201 4802 3535 4874 βλεπομένου
3567 4799 3677 4852 σώ-

436 4900 767 4971 i‘rigidiorem
801 4903 980 4969 habet,
1015 4902 1082 4957 ad
1116 4903 1218 4956 tria
1242 4902 1352 4969 illa,
1375 4917 1471 4972 per
1491 4916 1610 4971 qua:
1631 4915 1826 4971 corpus
1850 4915 2000 4956 com-

2116 4922 2276 4976 ματος
2308 4903 2644 4966 τετύπωται,
2661 4900 2761 4969 τὴν
2784 4898 2974 4952 ούσιαν
3000 4896 3057 4950 δὲ
3078 4895 3413 4965 ψυχρότερον
3440 4891 3676 4960 ὑπάρχει

435 5000 650 5059 pactum
687 5000 792 5046 est.
829 4990 952 5046 Haec
982 4991 1089 5054 ille,
1112 5008 1216 5047 non
1239 4994 1372 5047 satis
1388 5002 1513 5062 apte
1544 4993 1611 5046 ad
1649 4991 1995 5047 Hebraeorum

2116 4997 2242 5069 πρὸς
2285 4996 2356 5050 τά
2397 4995 2546 5067 τρία,
2573 4991 2642 5046 δι’
2672 4985 2748 5045 ὧν
2797 4989 2858 5043 τὸ
2901 4988 3064 5058 σῶμα
3087 4989 3475 5058 συνήρμοσται.
3517 4982 3678 5036 Οὕτω

435 5083 502 5138 de
531 5082 766 5138 hominis
797 5093 990 5137 natura
1033 5083 1360 5148 doctrinam,
1407 5099 1585 5154 neque
1603 5086 1737 5139 satis
1761 5099 1792 5140 e
1823 5085 1998 5154 digni-

2116 5089 2208 5159 μὲν
2252 5084 2346 5142 οὖν
2389 5084 2624 5151 ἀναξίως
2644 5084 2744 5154 τῆς
2767 5099 2826 5136 τε
2855 5081 2963 5134 τῶν
2989 5079 3258 5134 Ἰουδαίων
3292 5078 3421 5148 περὶ
3463 5074 3676 5145 ἀνθρὼ-

435 5182 547 5226 tate
576 5172 904 5242 reliquorum
941 5187 970 5226 a
1010 5187 1071 5228 se
1099 5175 1302 5230 diserte
1349 5176 1674 5246 scriptorum
1727 5174 1992 5231 elocutus.

2116 5196 2205 5232 [του
2235 5177 2582 5244 φυσιολογίας
2606 5172 2780 5227 ταῦτα
2809 5173 2979 5226 εἰπὼν
3023 5171 3117 5225 καὶ
3147 5170 3244 5239 τῆς
3293 5168 3458 5238 ἄλλης
3505 5163 3672 5220 αὑτοῦ

437 5263 514 5319 De
564 5264 749 5318 mundi
793 5277 1010 5335 quoque
1073 5266 1420 5336 generatione
1470 5281 1566 5335 per
1611 5267 1990 5334 compendium

2116 5267 2227 5338 περὶ
2257 5266 2385 5326 τοὺς
2418 5265 2610 5333 λόγους
2655 5262 2971 5334 ἀσκήσεως,
2999 5259 3218 5324 διέξεισι
3255 5258 3350 5312 καὶ
3398 5255 3528 5328 περὶ
3568 5253 3673 5326 τῆς

1715 5379 1952 5435 γΑιιιιΕ
1995 5377 2401 5436 LECTIUNES.

1675 5479 1718 5510 ³³
1745 5476 1945 5549 ἐαυτῷ]
1974 5477 2136 5542 αὐτὸς
2162 5491 2283 5532 esse
2310 5476 2522 5531 videtur
2550 5472 2605 5528 in
2637 5472 2706 5526 A.

1939 5567 2172 5624 NOTAE.

510 5659 621 5732 (76)
649 5658 813 5731 Cujus
866 5661 931 5718 tle
978 5672 1277 5735 comparat.
1318 5661 1530 5719 Platon.
1579 5670 1633 5717 ct
1671 5660 1894 5718 Aristot.
1933 5660 2145 5720 libellus
2181 5659 2540 5729 Grzcccatque
2568 5654 2756 5711 Latine
2787 5650 2836 5707 in
2868 5649 3044 5706 medio
3070 5654 3172 5702 est.

2811 5471 2857 5503 ³⁸
2882 5465 3292 5539 παρεσκεύασεν
3321 5463 3386 5519 A.

505 5475 553 5510 ⁸³
581 5475 994 5548 μεταϐαίνωμεν
1047 5495 1108 5543 ς.
1186 5477 1233 5510 ³⁸
1255 5477 1348 5532 καὶ
1370 5492 1479 5534 om.
1513 5478 1577 5533 Α.
