3980 6234
277 254 344 319 85
1271 226 1793 294 BIBLIOTHECA.
1826 247 1898 262 --
1919 218 2134 283 CODD;
2171 207 2510 276 XLVIII-1..
2915 249 2924 266 ,
3460 183 3530 247 86

282 355 639 432 κοσμογονίας
665 346 1073 423 κεφαλαιωδῶς.
1110 344 1248 415 Περὶ
1279 345 1463 415 μέντοι
1500 335 1739 412 Χριστοῦ
1764 335 1860 390 τοῦ
1889 343 1936 396 Α
1966 325 2207 384 disserit.

284 429 540 522 ἀληθινοῦ
571 444 709 501 Θεοῦ
742 441 900 514 ἡμῶν
924 440 1001 503 ὡς
1034 437 1260 506 ἔγγιστα
1290 433 1551 502 θεολογεῖ,
1581 429 1771 500 κλῆσιν
1798 445 1860 481 τε

281 519 451 614 αὐτὴν
493 534 974 608 ἀναφθεγγόμενος
1014 525 1277 598 Χριστοῦ,
1305 525 1400 580 καί⁸
1436 523 1534 594 τὴν
1563 524 1626 576 ὲκ
1655 519 1860 592 πατρὸς

281 638 560 708 ἄφραστον
603 633 860 700 γέννησιν
903 622 1212 695 ἀμέμπτως
1235 615 1672 689 ἀναγράφων.’¹0
1713 629 1862 676 τινας

283 700 414 789 ἴσως
435 723 531 776 καὶ
572 716 909 791 ἁμφιδοξεῖν,
943 712 1020 775 ὡς
1039 709 1308 780 Ἰωσήπου
1340 705 1427 777 εἴη
1455 704 1518 756 τὸ
1552 700 1865 770 συνταγμά-

284 835 432 880 τιον,
461 813 829 870 ἀναπείσειεν.
863 805 1027 860 Οὐδὲν
1069 803 1129 858 δὲ
1173 801 1235 856 τὺ
1275 800 1376 868 τῆς
1421 796 1672 868 φράσεως
1719 791 1864 862 αὐτῷ

282 909 424 980 πρὸς
459 906 530 960 τὰ
565 904 833 959 ὑπόλοιπα
870 898 965 954 τοῦ
1004 896 1198 968 ἀνδρδς
1234 891 1442 948 ἀποδεῖ.
1697 931 1699 936 .

355 993 530 1074 Εὗρον
564 999 684 1052 δὲ’*
716 998 774 1049 ὲν
807 993 1200 1064 παραγραφαῖς
1229 989 1312 1043 ὅτι
1343 988 1444 1040 οὐκ
1473 983 1620 1038 ἔστιν
1651 984 1680 1036 ὁ
1708 981 1864 1050 λόγος

284 1071 583 1163 Ἰωσήπου,
617 1089 753 1144 ἀλλὰ
800 1087 962 1140 Γαΐου
1004 1082 1150 1146 τινὸς
1187 1077 1559 1152 πρεσϐυτέρου
1587 1071 1866 1143 ὲνκῬώμῃ

284 1186 672 1258 διατρίϐοντος,
697 1183 758 1236 ὃν
785 1196 916 1250 φασι
933 1175 1192 1241 συντάξαι
1218 1172 1449 1229 καὶτὸν
1476 1168 1864 1237 Λαόίἲρινθον⁸

285 1273 349 1334 οὗ
381 1278 479 1333 καὶ
509 1276 756 1344 διάλογος
785 1273 1009 1344 φέρεται
1035 1269 1174 1341 πρὸς
1199 1265 1442 1339 Πρόκλον
1465 1262 1588 1318 τινὰ
1617 1259 1869 1330 ὑπέρμα-

285 1387 381 1440 χον
404 1371 506 1441 τῆς
531 1367 640 1420 τῶν
664 1361 1049 1420 Μοντανιστῶν
1071 1360 1354 1430 αἱρέσεως.
1382 1352 1785 1421 Ἀνεπιγράφου
1811 1349 1870 1402 δὲ

285 1459 754 1528 καταλειφθέντος
784 1455 878 1510 τοῦ
915 1454 1074 1524 λόγου
1118 1450 1255 1520 φασὶ
1299 1449 1426 1511 τοὺς
1475 1445 1576 1516 μὲν
1603 1443 1870 1511 Ἰωσήπου

287 1551 596 1623 ἐπιγράψαι
615 1591 632 1618 ,
658 1551 787 1613 τοὺς
810 1549 867 1602 δὲ
896 1545 1187 1601 Ἰουστίνου
1215 1541 1309 1597 τοῦ
1347 1541 1651 1611 μάρτυρος,
1682 1534 1872 1596 ἄλλους

285 1647 342 1700 δὲ
365 1644 663 1716 Εἰρηναίου
680 1643 746 1708 ³⁸,
765 1641 954 1712 ὥσπερ
971 1639 1068 1694 καὶ
1094 1638 1202 1692 τὸν
1221 1631 1593 1701 Λαϐύρινθόν
1607 1645 1748 1692 τινες
1775 1627 1874 1680 ἐπ-

287 1735 538 1808 έγραψαν
575 1731 905 1806 Ὠριγένους.
949 1727 1106 1782 Ἐπεὶ
1147 1725 1311 1804 Γαΐου
1366 1721 1484 1775 ἐστὶ

283 1801 520 1898 άὸιῆθέίᾳ
540 1801 1104 1891 τοῦ-*έσυντεταχότος
1128 1818 1238 1872 τὸν
1259 1801 1650 1882 Λαϐύρινθον,
1680 1810 1756 1873 ὡς
1779 1808 1876 1862 καὶ

283 1916 451 1980 αὐτὸς
471 1919 531 1970 ὲν
553 1913 632 1986 τῷ
650 1914 794 1968 τέλει
811 1912 918 1967 τοῦ
937 1908 1309 1978 Λαϐυρίνθου
1331 1902 1728 1977 διεμαρτύρατο
1749 1901 1877 1956 ἐαυ-

284 2009 380 2063 τοῦ
416 2005 559 2064 εἰναι
573 2007 667 2062 τὸν
682 2005 820 2075 Περί
839 2004 950 2074 τῆς
977 2002 1084 2057 τοῦ
1100 1999 1330 2066 παντὸς
1361 1997 1582 2060 οὐσίας
1611 1992 1875 2061 λόγον.ζΕἰ

285 2105 328 2157 δ’
358 2105 554 2175 ἕτερος
582 2101 678 2155 καὶ
701 2100 800 2170 οὐχ
827 2091 984 2161 οὗτός
1021 2097 1192 2161 ἐστιν,
1221 2091 1375 2147 οΰπω
1409 2107 1502 2162 μοι
1529 2087 1755 2157 γέγονεν
1787 2083 1878 2137 εὖ·

285 2194 467 2266 δηλον.
500 2191 704 2261 Τοῦτον
751 2191 844 2245 τὸν
885 2189 1043 2242 Γάϊον
1073 2181 1442 2259 πρεσϐύτερόν
1471 2197 1602 2251 φασι
1647 2176 1878 2249 γεγενῆ-

289 2287 419 2342 σθαι
438 2286 543 2356 τῆς
569 2285 710 2339 κατὰ
722 2282 944 2355 Ῥώμην
968 2280 1058 2354 [57
1083 2277 1180 2350 IL]
1196 2274 1524 2346 Ἐκκλησίας
1546 2273 1638 2326 ἐπὶ
1664 2271 1884 2325 Οὐίκτοο

291 2396 384 2453 ρος
411 2379 507 2432 καὶ
535 2374 832 2447 Ζεφυρίνου
865 2373 970 2428 τῶν
998 2369 1320 2442 ἀρχιερέων,
1355 2362 1798 2438 χειροτονηθῆναι
1825 2359 1883 2414 δὲ

289 2471 458 2524 αὑτὸν
495 2471 592 2522 καὶ
622 2466 791 2520 ἐθνῶν
823 2464 1142 2518 ἐπίσκοπον.
1176 2459 1440 2526 Συντάξαι
1471 2458 1528 2511 δὲ
1555 2457 1650 2511 καὶ
1697 2455 1884 2525 ἕτερον

287 2563 452 2632 λόγον
484 2560 629 2622 ἰδίως
654 2557 796 2612 κατὰ
827 2557 925 2626 τῆς
946 2553 1292 2625 ’Δρτέμωνος
1321 2550 1605 2622 αἱρέσεως,
1628 2545 1887 2601 καὶκατὰ

291 2653 542 2727 Πρόκλου
577 2650 635 2705 δὲ
673 2646 1012 2704 σπουδαστοῦ
1055 2642 1340 2700 Μοντανοῦ
1379 2639 1678 2695 σπουδαίαν
1701 2637 1886 2692 διάλε-

291 2748 378 2814 ξιν
397 2746 444 2778 ⁸⁸
476 2743 880 2814 συντεταχέναι,
913 2741 972 2793 ὲν
999 2732 1034 2815 ᾖ
1061 2736 1415 2811 τρισκαίδεκα
1464 2733 1633 2804 μόνας
1667 2735 1886 2784 επιστο-

294 2838 396 2901 λὰς
449 2835 768 2908 ἀριθμεῖται
822 2831 1037 2887 Παύλου
1064 2873 1080 2898 ,
1135 2829 1236 2884 οὐκ
1290 2826 1560 2900 ὲγκρίνων
1607 2822 1706 2895 τὴν
1752 2819 1890 2892 πρὸς

307 2928 624 3001 Ἐϐραίους.

1008 3016 1145 3074 ΜΘ’.

296 3111 414 3169 Τοῦ
441 3113 736 3193 ἐπεργζοις
760 3111 1070 3193 [iniquiora
1095 3106 1204 3162 τοῦ
1231 3101 1714 3193 ’Δληεειξνίδρείαφ
1739 3096 1892 3153 κατὰ

476 3176 601 3236 τῶν
622 3176 952 3251 Νεστορίου
983 3176 1403 3248 ,ϐλασφημιῶν
1422 3177 1595 3244 λόγοι
1639 3179 1704 3225 ε’.

364 3273 719 3345 ’Δνεγνὼσθη
748 3271 844 3328 τοῦ
890 3275 948 3326 ὲν
992 3271 1168 3340 ἁγίοις
1217 3266 1491 3340 Κυρίλλου
1522 3262 1617 3318 τοῦ
1641 3259 1895 3325 ’Δλεξαν-

297 3367 544 3439 δρείας⁸⁴
568 3365 733 3422 Κατὰ
756 3364 876 3419 τῶν
900 3363 1008 3419 τοῦ
1033 3361 1366 3430 ΝεστορίΟυ
1381 3352 1816 3425 βλασφημιῶν,
1835 3352 1895 3404 ὲν

299 3461 486 3528 λόγοις
503 3458 962 3517 πέντε.Φυλάττει
985 3455 1043 3509 δὲ
1067 3456 1174 3508 κάν
1192 3452 1402 3514 τούτοις
1422 3448 1531 3504 τῶν
1555 3448 1770 3502 οἰκείων
1802 3445 1896 3499 λό-

297 3567 420 3622 γων
466 3550 561 3606 τὸν
607 3550 933 3622 χαρακτῆρα
975 3545 1162 3600 καὶτὸ
1197 3543 1430 3612 ἰδίωμα,
1475 3539 1811 3609 σαφέστερος
1839 3535 1897 3589 δέ

299 3645 418 3698 ἐστι
447 3642 542 3698 τοῦ
570 3642 710 3714 πρὸς
742 3640 1000 3712 Ἑρμείαν
1027 3641 1123 3693 καὶ⁹
1151 3636 1247 3691 τοῦ
1281 3635 1421 3704 Περί
1450 3633 1562 3703 τῆς
1605 3633 1677 3687 ὲν
1706 3630 1900 3684 Πνεύ-

297 3752 447 3804 ματι
472 3735 784 3802 λατρείας.
799 3734 859 3788 '0
881 3732 938 3786 δὲ
957 3731 1116 3801 λόγος
1139 3728 1290 3800 αὐτῷ
1313 3724 1683 3796 πεποιημένος
1700 3723 1796 3778 καὶ
1818 3723 1900 3785 εἰς

305 3827 622 3890 ἰδιάζουσαν
658 3826 808 3881 ἰδέαν
839 3823 1267 3895 ἐκϐεϐιασμένος
1286 3861 1304 3887 ,
1335 3821 1431 3874 καὶ
1477 3813 1590 3872 οἷον
1632 3815 1901 3887 λελυμένη

301 3921 407 3974 καὶ
441 3919 506 3974 τὸ
545 3919 748 3993 μέτρον
785 3917 1113 3990 ὑπερορῶσα
1151 3915 1390 3985 ποίησις.

1050 4010 1135 4065 N'.

305 4105 524 4160 Νικίου
557 4104 833 4175 μοναχοῦ
880 4101 1312 4237 καΞὰΙτῶνζτοῦ
1339 4098 1682 4154 Φιλοπόνου
1712 4107 1900 4162 κεφα-

993 4191 1142 4228 αιων
1214 4179 1250 4228 ’.

993 4179 1142 4228 αίων
1182 4179 1250 4228 C'.

381 4264 436 4339 ί¹
448 4267 478 4320 7
492 4265 589 4339 Ηο]
603 4263 943 4333 ’Δνεγνώσθη
959 4263 1158 4316 Νικίου
1171 4255 1584 4331 μοναχοῦξΚατὰ
1599 4253 1718 4308 τῶν
1731 4252 1840 4308 τοῦ
1857 4253 1903 4285 ⁸³

311 4361 663 4414 Φιλοπόνου
693 4358 1040 4428 κεφαλαίων
1063 4353 1235 4417 ἑπτὰ,
1257 4345 1333 4406 ὧν
1358 4347 1816 4420 διεμνημόνευσεν
1845 4345 1905 4398 ὲν

310 4449 392 4522 τῷ
421 4451 744 4521 καλουμένῳ
776 4446 942 4502 αὐτοῦ
981 4447 1126 4516 λόγῳ
1152 4440 1490 4510 Διαιτητής.
1517 4440 1674 4493 Ἔστι
1721 4436 1780 4490 δὲ
1805 4435 1904 4506 τὴν

314 4541 520 4611 φράσιν
547 4539 756 4604 ἁπλοῦς
807 4539 906 4592 καὶ
936 4536 1198 4607 σύντομος
1228 4536 1322 4589 καὶ
1353 4535 1474 4596 ταῖς
1514 4529 1904 4600 ἁντιρῤήσεσιν

318 4631 508 4693 ἰκανὸς
545 4630 641 4685 καὶ
678 4629 991 4700 ἀπέριττος.

391 4803 750 4876 Ἀνεγνώσθτι
760 4803 816 4858 δὲ
840 4802 934 4857 τοῦ
953 4799 1117 4856 αύτοῦ
1139 4801 1232 4856 καὶ
1250 4797 1411 4855 Κατὰ
1430 4797 1538 4852 τοῦ
1557 4790 1905 4856 δυσσεϐοῦς

320 4898 613 4967 Σεϐιὶρου,
638 4897 720 4950 ἔτι
755 4896 813 4950 δὲ
849 4895 944 4948 καὶ
985 4894 1152 4949 Κατὰ
1191 4889 1512 4958 Ἑλλήνων
1559 4887 1730 4955 ⁹ἰόγοι
1770 4882 1903 4936 δύο.

2239 324 2311 377 De
2353 319 2572 374 Christo
2597 320 2778 366 autem
2824 319 2955 362 vero
2998 303 3110 357 Deo
3148 295 3425 369 aptissime
3454 292 3535 346 lo-

1966 423 2171 494 quitur,
2213 415 2433 488 quando
2461 419 2518 466 et
2548 408 2718 476 ipsam
2763 398 2964 458 Chriin
3003 393 3422 466 appellationem
3456 382 3535 438 illi

1967 513 2235 578 attribuit,
2273 519 2325 565 et
2362 501 2780 562 inenarrabilem
2823 509 2890 550 ex
2921 491 3084 546 Patre
3125 481 3533 556 generationem

1969 607 2105 662 citra
2141 599 2615 672 reprehensionem
2643 587 2919 646 describit.
2953 583 3083 650 Quae
3107 592 3196 633 res
3227 565 3535 638 ambigendi

1971 701 2204 755 fortasse
2234 692 2468 762 cuipiam
2527 697 2744 742 causam
2775 679 3037 752 praebeat,
3077 672 3218 728 sitne
3249 669 3351 722 hoc
3379 660 3536 716 Iose-

1972 731 2204 755 Ιυιιιιδδυ
2234 731 2468 762 uulua...
2528 731 2744 742 ,μη---η
2781 731 2881 752 τη
3024 731 3035 738 ,

1972 792 2062 863 phi
2094 783 2410 858 opusculum
2438 800 2454 836 :
2485 779 2586 835 etsi
2620 773 2755 832 nihil
2786 766 2995 828 dicendi
3025 777 3222 836 genere
3250 775 3280 813 a
3315 751 3538 823 reliquis
3603 731 3624 756 ί

1971 884 2212 955 ejusdem
2238 875 2456 944 scriptis
2481 867 2731 926 discedit.

2044 969 2297 1042 Gomperi
2353 968 2668 1022 adnotatum
2717 957 2884 1013 fuisse
2913 994 2929 1022 ,
2990 965 3097 1005 non
3150 959 3272 1001 esse
3319 937 3539 1009 Iosephi

1978 1072 2081 1125 hoc
2135 1035 2310 1136 opus,
2360 1059 2457 1114 sed
2517 1055 2632 1112 Caii
2690 1049 2968 1118 cujusdam
3017 1037 3316 1113 presbyteri
3357 1035 3543 1089 Romae

1975 1125 2206 1225 agentis,
2235 1165 2395 1222 quem
2427 1154 2482 1202 et
2510 1149 2786 1206 auctorem
2822 1136 3030 1192 faciunt
3056 1125 3368 1198 Labyrinthi
3399 1139 3417 1178 :
3447 1137 3545 1176 cu-

1970 1217 2059 1321 jus
2089 1217 2526 1310 etiam-dialogus
2546 1243 2629 1290 est
2656 1233 2917 1286 adversus
2953 1223 3201 1280 Proclum
3227 1217 3539 1290 quemdam,

1977 1341 2208 1397 hmresis
2230 1334 2677 1392 Montanistarum
2709 1323 3073 1379 defensorem.
3103 1315 3236 1371 Cum
3264 1311 3405 1367 enim
3424 1310 3545 1364 sine

1979 1433 2134 1489 titulo
2179 1444 2312 1498 opus
2364 1425 2613 1481 relictum
2661 1425 2846 1480 esset,
2890 1412 2977 1467 alii
3047 1408 3262 1478 quidem
3311 1401 3546 1470 Josepho

1980 1521 2298 1590 inscriptum
2335 1515 2580 1571 referunt
2621 1507 2710 1562 alii
2743 1505 2958 1560 Justino
3009 1498 3254 1568 martyri,
3303 1491 3545 1548 nonnulli

1981 1583 2202 1679 Irenaeo,
2258 1604 2712 1677 quemadmodum
2772 1609 2827 1652 et
2885 1594 3268 1664 Labyrinthum
3303 1583 3548 1656 'Origetti

1534 1680 1755 1790 ἔπιεςιῆμᾷ
1805 1719 1872 1787 τῇ
1904 1699 1947 1753 Β
1977 1705 2195 1774 quidam
2227 1701 2486 1757 tribuere.
2515 1693 2726 1762 Alioqui
2751 1689 2866 1746 Caii
2898 1696 2981 1744 est
3010 1699 3145 1754 opus
3185 1680 3424 1752 ejusdem
3462 1692 3551 1730 re-

1979 1765 2138 1860 rera,
2199 1792 2291 1862 qui
2341 1787 2720 1858 Labyrintham
2767 1777 3074 1848 composuit
3119 1774 3288 1843 12a,
3331 1765 3553 1839 quando

1979 1888 2068 1942 ille
2103 1858 2306 1954 ipse—in
2333 1889 2577 1937 extremo
2615 1871 2943 1944 Labyrintlto
2995 1876 3250 1922 testatum
3309 1858 3551 1928 reliquit,

1979 1991 2102 2032 esse
2132 1989 2192 2030 se
2229 1971 2352 2027 libri
2389 1969 2464 2024 De
2493 1967 2726 2022 universi
2759 1967 2962 2031 ;natura
3015 1965 3312 2011 auctorem.
3353 1948 3552 2004 Verum

1980 2068 2069 2122 hic
2099 2081 2165 2118 ue
2190 2063 2326 2118 liber
2347 2059 2439 2114 ille
2463 2058 2557 2124 sit,
2589 2057 2656 2109 de
2702 2065 2811 2123 quo
2861 2049 3070 2120 agitur},
3105 2060 3174 2099 au
3205 2041 3366 2104 alius,
3414 2052 3556 2092 non-

1981 2160 2106 2214 dum
2161 2154 2292 2210 mihi
2346 2152 2533 2222 liquet.
2577 2147 2734 2202 Hunc
2778 2143 2968 2199 Caium
3014 2137 3128 2208 ('77)
3183 2134 3553 2205 presbyterum

1984 2251 2240 2306 Romanae
2280 2245 2538 2302 Ecclesia:
2571 2241 2744 2295 fuisse
2771 2235 3068 2297 afﬁrmant,
3111 2230 3213 2287 sub
3254 2227 3473 2284 Victore
3500 2237 3558 2278 et

1983 2341 2292 2414 Zephyrino
2329 2334 2714 2410 pontiﬁcibus,
2762 2329 3188 2394 ordinatumque
3234 2329 3288 2376 et
3317 2317 3556 2388 gentium

1983 2438 2318 2505 episcopum,
2352 2427 2641 2497 scripsisse
2675 2435 2891 2494 quoque
2933 2416 3259 2488 peculiarem
3291 2411 3454 2466 alium
3487 2407 3557 2461 li-

1984 2528 2142 2582 brum
2171 2498 2361 2579 contra
2393 2513 2704 2573 Artemonis
2749 2507 3000 2566 haeresim
3031 2503 3169 2574 (78),
3209 2508 3265 2555 et
3297 2498 3560 2554 adversus

1985 2617 2260 2678 Proclum,
2293 2609 2533 2666 Montani
2569 2605 2891 2667 studiosum,
2936 2604 3244 2652 accuratam
3297 2591 3560 2660 disputa-

1991 2712 2219 2772 tionem,
2249 2707 2303 2759 in
2337 2717 2442 2770 qua
2470 2697 2728 2754 tredecim
2759 2695 3021 2748 duntaxat
3043 2689 3106 2743 B.
3133 2685 3283 2742 Pauli
3307 2682 3562 2753 epistolas

1987 2805 2268 2858 cuumeret
2298 2795 2433 2866 (79),
2470 2806 2576 2847 non
2604 2796 2822 2858 recepta
2868 2785 2922 2840 in
2959 2794 3179 2837 censum
3219 2791 3304 2840 ea,
3331 2789 3451 2846 quas
3481 2782 3564 2829 est

1988 2896 2054 2950 ad
2090 2893 2368 2948 Hebraeos.

2681 2974 2724 3029 Χ
2735 2971 2851 3028 LIX

1915 3041 1958 3101 C
1992 3078 2146 3134 Beati
2177 3074 2370 3148 Cyrilli
2400 3068 2755 3128 Alexandrini
2782 3074 2963 3120 contra
2999 3059 3307 3116 Nestorium
3356 3053 3478 3108 iibri
3511 3067 3564 3105 ν.

2063 3238 2260 3293 Lectus
2290 3243 2374 3289 est
2412 3231 2474 3287 Β.
2512 3228 2746 3302 Cyrillus
2774 3221 3115 3281 Alexandria:
3147 3217 3433 3288 episcopus
3457 3211 3570 3267 Ad-

1994 3325 2571 3396 versusblasphemias.
2601 3317 2864 3380 Nestorii,
2897 3314 3046 3370 libris
3087 3311 3336 3382 quinque.
3379 3305 3574 3359 Servat

1997 3425 2052 3479 in
2093 3422 2176 3476 his
2207 3431 2428 3490 quoque
2473 3428 2629 3470 suum
2662 3409 2879 3466 dicendi
2931 3407 3332 3465 characterem,
3374 3406 3430 3453 et
3458 3409 3576 3449 ser-

1998 3512 2174 3569 monis
2197 3483 2603 3580 proprietatem.
2636 3501 2852 3556 Clarior
2881 3509 3010 3550 vero
3040 3501 3127 3548 est
3153 3504 3317 3562 quam
3348 3487 3414 3541 ad
3440 3483 3575 3540 Her-

1999 3606 2164 3662 miam
2192 3576 2464 3664 scribens,
2499 3594 2671 3650 autin
2707 3592 2858 3646 libris
2902 3588 2977 3643 De
3011 3583 3319 3640 adoratione
3357 3579 3414 3632 in
3448 3576 3572 3646 Spi—

2001 3699 2111 3752 ritu
2161 3694 2297 3766 (80).
2349 3691 2544 3746 Sermo
2593 3686 2667 3741 illi
2721 3682 3008 3744 contictus,
3069 3685 3125 3732 et
3176 3675 3242 3729 ad
3303 3671 3573 3742 prOpriam

2002 3765 2216 3847 dicendi
2251 3787 2481 3842 formam
2526 3788 2834 3843 contortus,
2883 3789 2947 3830 ac
2986 3769 3150 3828 veluti
3181 3765 3420 3823 solutum
3470 3776 3576 3818 nu-

1919 3888 1928 3905 ‘
2004 3892 2290 3948 merosque
2321 3875 2602 3947 negligens
2643 3878 2903 3926 metrum.

2774 3959 2835 4016 L.

2007 4067 2192 4122 Nicias
2223 4062 2509 4119 monachus
2541 4065 2729 4114 contra
2777 4051 3149 4121 Philopunum,
3201 4043 3473 4103 Severum,
3517 4053 3579 4091 ac

2699 4134 2895 4195 gentos.

2078 4229 2275 4285 Lectus
2304 4224 2490 4280 Nicias
2543 4221 2864 4282 monachus,
2908 4211 3108 4269 Contra
3162 4204 3444 4275 Philoponi
3487 4217 3580 4256 ca-

2009 4327 2118 4393 pita
2164 4333 2378 4392 septem,
2419 4331 2652 4387 quorum
2688 4310 3012 4367 meminerat
3041 4309 3093 4362 in
3129 4307 3269 4361 libro
3303 4316 3462 4373 quem
3499 4298 3584 4352 in-

2008 4392 2228 4483 scripsit
2266 4411 2564 4482 Διαιτήτην
2595 4407 2722 4477 (hoc
2753 4411 2858 4468 est,
2905 4401 3211 4461 arbitrium,
3265 4411 3377 4450 seu-
3407 4392 3586 4460 cogni-

2008 4507 2218 4573 torem),
2256 4503 2433 4575 stylus
2491 4499 2592 4571 ipsi
2657 4495 2889 4564 simplex
2951 4501 3120 4558 atque
3166 4486 3456 4564 concisus,
3531 4488 3587 4532 et

2008 4595 2449 4668 responsionibus
2520 4587 2858 4660 satisfaciens
2890 4621 2908 4651 ,
2979 4581 3311 4646 minimeque
3388 4571 3588 4627 redun-

2009 4693 2164 4747 dans.

2087 4779 2213 4850 Legi
2247 4775 2486 4846 ejusdem
2513 4780 2570 4826 et
2615 4769 2818 4826 Contra
2863 4765 3081 4836 impium
3137 4762 3384 4818 Severum
3414 4757 3588 4814 adlmc

2012 4875 2178 4931 etiam
2217 4870 2417 4926 Contra
2450 4874 2626 4936 gentes
2659 4862 2822 4916 libros
2865 4861 3021 4914 duos.

1621 5033 1858 5093 VARUS
1894 5023 2306 5087 LECTIONES.

417 5148 462 5180 "
486 5148 542 5201 δὲ
570 5163 678 5202 om.
713 5147 779 5200 A.
854 5145 906 5178 ³⁸
926 5143 1176 5216 εἰρηνέου
1231 5159 1293 5206 ς’.
1371 5141 1414 5173 ³³
1444 5137 1540 5193 τοῦ
1566 5138 1610 5192 Α
1647 5154 1660 5190 :
1694 5134 1862 5190 αὑτοῦ
1899 5149 1962 5197 ς.
2043 5128 2091 5160 ⁶⁰
2129 5119 2393 5196 διάλεξιν]
2425 5120 2481 5176 δὲ
2499 5119 2646 5187 λέξιν
2668 5119 2735 5171 Α.
2812 5115 2857 5147 ⁸⁸
2884 5112 3252 5182 ἁλεξανδρὲως
3281 5111 3345 5162 Α.

333 5232 448 5274 0m.
474 5222 540 5273 Δ.

3420 5110 3465 5139 ⁸¹
3496 5103 3590 5158 τοῦ

1859 5337 2093 5396 NOTAE.

417 5481 525 5552 (Π)
553 5479 690 5552 Vide
714 5478 779 5552 _B.
813 5475 962 5552 Hier.
991 5475 1045 5530 in
1091 5473 1370 5552 Catulario,
1419 5490 1469 5532 ε.
1512 5471 1605 5540 59,
1633 5480 1690 5527 οι
1715 5470 1917 5526 Euseb.

341 5544 443 5608 lib'.
476 5544 552 5614 vi,
579 5566 632 5605 c.
667 5549 771 5615 id;
798 5559 854 5603 et
886 5547 979 5601 lib.
1013 5562 1072 5611 tt,
1109 5560 1228 5614 cap.
1262 5544 1354 5600 24.

423 5613 546 5690 (78)
565 5621 642 5676 De
662 5613 768 5690 qua
803 5618 919 5689 lege
947 5615 1468 5690 'l'heodoretiatque
1496 5613 1740 5690 ﬁiceph.

426 5679 531 5764 (79)
553 5679 1162 5759 Qtta'item'sentcntia
1209 5679 1464 5743 tribuitur
1495 5679 1782 5756 llippdlyto
1819 5679 1917 5738 inf.

2019 5467 2488 5609 ωξέθξὲἒῧὶειοηι
2533 5530 2694 5609 hodie
2739 5542 2853 5609 κιίμ
2893 5518 3230 5609 DialogimDe
3266 5515 3599 5609 .adoratione

2020 5588 2422 5674 in‘spiriiu‘vet
2483 5604 2742 5664 ueritate,
2795 5596 2981 5651 Roma:
3031 5588 3160 5646 editi
3207 5592 3407 5656 interp.
3469 5588 3601 5640 Am.

2022 5679 2230 5750 Agellio
2249 5677 2420 5746 episc.
