3980 6234
413 222 480 283 87
1529 222 1792 283 ΡΗΟΤΙῙ
1829 222 1997 283 ΡΑΤῙ

2105 219 2338 281 .RCH/E
2377 220 2492 281 CP.
3609 218 3680 281 88

1156 338 1244 395 LI.

414 432 665 503 Ilesychii
696 432 983 504 presbyteri
1022 431 1300 556 Colnztont.
1346 431 1411 486 In
1455 450 1657 488 wneum
1706 445 1990 504 serpentem

1107 520 1123 556 ι
1164 519 1209 556 η
1246 519 1323 556 ιν.

1107 519 1209 556 um
1246 519 1323 558 ιν.

486 592 635 647 Lecti
696 600 826 647 sunt
872 592 1129 665 Hesychii
1176 593 1481 664 presbyteri
1535 594 1993 667 Constantinopo-

413 684 567 739 litani
600 683 668 739 In
694 702 897 741 evneum
923 695 1212 755 serpentem
1240 685 1368 740 libri
1404 696 1654 758 quatuor.
1690 687 1883 744 Sermo
1915 691 1991 745 illi

415 777 483 829 ad
513 778 934 835 ostentationem
967 787 1340 847 comparatus,
1380 790 1437 834 et
1477 782 1816 839 concitandis
1862 782 1993 839 οπε-

415 868 595 923 ctibus
627 870 920 924 meditatus
950 870 1253 925 videbatur.
1281 869 1383 927 Hic
1404 872 1681 929 orationes
1717 874 1993 944 tinguntur

415 957 615 1030 Moysis
643 961 709 1013 ad
759 959 1039 1029 populum,
1073 970 1130 1015 et
1164 960 1326 1032 hujus
1374 962 1617 1018 vicissim
1657 964 1725 1019 ad
1770 964 1991 1036 Moysen

414 1051 709 1107 artiﬁciosa
746 1052 1005 1123 alloquia.
1050 1054 1145 1110 Dei
1192 1070 1409 1126 quoque
1442 1058 1507 1112 ad
1540 1056 1760 1129 Moysen
1794 1067 1852 1113 et
1894 1074 1993 1130 po-

414 1143 621 1212 pulum,
676 1152 731 1197 et
786 1144 979 1199 horum
1035 1146 1319 1215 utriusque
1385 1165 1598 1203 rursum
1667 1150 1735 1204 ad
1798 1150 1991 1217 Deum,

415 1236 747 1303 precationis
808 1247 972 1306 atque
1041 1240 1410 1294 excusationis
1480 1241 1652 1295 forma
1711 1257 1994 1298 sermones

414 1327 724 1395 compositi.
792 1328 927 1401 12b
967 1328 1173 1397 Quibus
1217 1333 1557 1386 orationibus
1588 1349 1837 1401 magnam
1871 1336 1991 1391 libri

415 1424 627 1481 partem
672 1417 968 1481 consumit,
1019 1419 1210 1489 ingens
1257 1421 1399 1477 mole
1432 1422 1685 1477 volumen
1730 1423 1992 1481 elliciens.

414 1505 588 1565 Porro
628 1505 872 1577 Scriptor
908 1510 1044 1578 ipse,
1080 1521 1339 1580 quantum
1368 1528 1434 1569 ex
1465 1516 1567 1569 hoc
1590 1531 1755 1585 opere
1795 1517 1992 1588 dijudi-

417 1613 548 1653 care
586 1600 736 1665 licet,
780 1602 832 1654 in
864 1603 1183 1660 orthodoxis
1212 1614 1296 1660 est
1337 1608 1724 1664 numerandus.
1777 1678 1779 1681 τ

1157 1695 1267 1750 LII.

490 1778 740 1850 Synodus
764 1781 1044 1851 Sidetana,
1088 1785 1302 1855 aliaque
1324 1798 1509 1842 contra
1541 1789 1910 1847 Messaliauos.

483 1938 654 1995 Lecta
704 1944 943 2011 synodus
1004 1944 1163 2015 Sydze
1211 1945 1398 2001 habita
1448 1949 1708 2004 adversus
1742 1951 1989 2007 haeresim

414 2032 862 2095 Messalianorum
920 2036 1055 2105 (81},
1110 2038 1215 2094 hoc
1284 2050 1388 2104 est,
1464 2040 1822 2098 Euchetarum
1897 2059 1991 2098 seu

415 2122 897 2193 Adelphianorum.
980 2125 1204 2184 Prtefuit
1263 2131 1470 2201 synodo
1546 2133 1986 2203 Amphilochius.

415 2214 585 2271 lconii
652 2219 985 2290 episcopus,
1052 2223 1461 2278 considentibus
1516 2234 1571 2280 et
1624 2226 1747 2282 aliis
1799 2227 1992 2299 viginti

415 2307 656 2377 quinque
686 2310 976 2380 episcopis.
1028 2311 1087 2367 In
1128 2314 1317 2369 eodem
1372 2316 1489 2385 ipso
1533 2316 1669 2372 libro
1720 2319 1857 2374 lecta
1908 2330 1995 2377 est

416 2395 593 2463 ipsius
642 2399 835 2468 synodi
864 2401 931 2454 ad
982 2415 1236 2471 magnum
1291 2401 1631 2471 Flavianum,
1681 2407 1991 2478 episcopum

420 2487 745 2554 Antiochiae,
806 2489 1080 2563 Synodica
1140 2494 1393 2564 epistola,
1472 2513 1652 2553 rerum
1714 2510 1991 2570 gestarum

417 2580 683 2637 rationem
713 2584 965 2640 reddens.

489 2669 839 2744 Quapropter
867 2675 1036 2732 etiam
1071 2677 1187 2748 ipse
1236 2677 1530 2737 Flavianus
1588 2684 1854 2754 synodum
1909 2686 1993 2741 in-

420 2762 561 2819 dixit
606 2766 868 2822 adversus
907 2770 1126 2827 eosdem
1179 2772 1299 2828 illos
1341 2773 1647 2840 haereticos,
1689 2778 1995 2834 accedenti-

420 2853 523 2908 bus
561 2856 736 2913 tribus
770 2859 1082 2929 episcOpis;
1135 2860 1264 2917 Biza
1313 2862 1577 2921 Seleuciae
1616 2866 1754 2939 (82),
1786 2877 1842 2923 et
1878 2868 1994 2923 Ma-

420 2946 583 3002 rutha
606 2947 720 3017 (8'5)
748 2952 924 3020 gentis
957 2951 1423 3023 Supharenorum,
1451 2967 1508 3012 et
1545 2956 1716 3022 Sami,
1747 2960 1813 3013 ad
1857 2974 1993 3027 quos

420 3052 483 3094 se
515 3054 639 3094 cum
686 3044 1011 3114 presbyteri,
1051 3055 1165 3100 tum
1200 3046 1412 3105 diaconi
1472 3050 1537 3102 ad
1595 3052 1816 3119 triginta
1863 3035 2065 3107 con-c

416 3129 741 3197 junxerunt.
767 3131 949 3190 Noluit
972 3136 1084 3191 haac
1115 3140 1353 3206 synodus
1371 3140 1695 3209 Adelphium
1725 3144 1997 3212 poeniten-

422 3223 559 3278 tiam
587 3224 960 3296 proﬁtentem,
1014 3228 1376 3299 haresimque
1415 3231 1754 3300 abjurautem
1798 3235 1999 3290 admit-

421 3323 541 3372 tere
593 3333 609 3371 :
646 3317 791 3387 quod
834 3332 1011 3388 neque
1042 3334 1107 3374 ea
1149 3322 1421 3379 haereseos
1471 3324 1770 3396 abjuratio,
1821 3342 2000 3397 neque

421 3407 772 3477 pteniteutia,
805 3424 934 3465 vera
963 3421 1131 3483 atque
1159 3428 1227 3469 ex
1257 3416 1442 3471 animo
1478 3416 1621 3489 facta
1651 3419 1997 3487 probaretur.

423 3499 660 3559 Haeresis
692 3504 851 3574 hujus
876 3516 1128 3562 auctores
1156 3505 1309 3565 fuere
1334 3507 1654 3580 Adelphius,
1673 3527 1834 3585 quem
1862 3513 1999 3579 dixi,

422 3610 603 3661 neque
630 3599 1046 3666 monachorum,
1080 3614 1258 3670 neque
1296 3604 1643 3658 sacerdotum
1673 3606 1726 3658 in
1752 3607 1998 3662 ordinem

420 3688 618 3755 lectus,
642 3689 739 3744 sed
768 3689 1027 3757 plebeius,
1053 3707 1118 3753 ac
1142 3693 1406 3761 privatus,
1434 3706 1491 3750 et
1524 3696 1755 3765 Sabbas,
1806 3715 1998 3755 mona-

422 3777 651 3832 chorum
697 3778 942 3834 habitum
991 3781 1309 3850 praeferens,
1358 3801 1520 3854 quem
1561 3802 1626 3841 ex
1680 3789 1757 3847 rei
1801 3801 1997 3844 eventu

422 3871 704 3925 ἀπόκοπον
750 3869 876 3941 (hoc
914 3881 1017 3932 est.
1061 3866 1355 3944 Resectunz)
1399 3879 1753 3934 nominarunt
1794 3898 1807 3934 :
1861 3882 2000 3938 alter

425 3964 556 4017 item
583 3962 810 4028 Sabbas,
841 3974 895 4016 et
925 3962 1242 4021 Eustathius
1279 3970 1660 4037 venerandus;
1686 3981 1740 4027 et
1766 3972 1997 4040 Dadoes,

421 4064 481 4109 et
507 4053 830 4110 Semesones
858 4056 1018 4125 (83‘),
1059 4057 1321 4114 daemonis
1371 4061 1604 4125 zizania,
1666 4062 1865 4134 aliique
1915 4066 2001 4122 his

425 4146 787 4202 adhzereutes.
822 4147 1228 4204 Coudemnatus
1254 4166 1383 4206 vero
1411 4153 1729 4222 Adelphius,
1777 4155 2003 4227 ejusque

426 4249 785 4295 sectatores:
845 4256 1022 4309 neque
1085 4245 1420 4311 paenitentia:
1481 4248 1659 4300 locum
1703 4248 1998 4317 (quamvis,

2818 336 2941 398 ΝΜ.

2105 428 2403 497 Ἡσυχίου
2425 428 2840 552 πὸρεσϐυτέρρυ
2864 428 3569 497 Κωνσταντινουπόλεως
3592 432 3680 496 εἰς

2416 517 2449 552 τ
2484 517 2523 552 ν
2559 504 2830 552 murmur
2862 499 3023 552 ὄξοιν.
3061 501 3234 552 λόγιοι
3262 500 3333 552 δ’.

2416 499 2523 552 τὸν
2555 499 2830 568 χαλκοῦν
2862 499 3023 569 ὄφιν,
3061 501 3234 570 λόγοι
3262 500 3333 556 δ’.

2162 588 2508 662 Ἀνεγνώσθη
2548 591 2805 663 Ἦσυχίου
2830 590 3208 662 πρεσϐυτέρου
3238 592 3682 646 Κωνσταντινου-

2093 684 2303 745 πόλεως
2337 686 2441 750 Εἰς
2480 683 2588 738 τὸν
2614 684 2893 754 χαλκοῦν
2926 683 3069 754 ὄφιν
3100 684 3271 753 λόγοι
3300 682 3532 739 δ’.Ἒστι
3565 684 3621 737 δὲ
3650 685 3680 738 ὁ

2092 775 2251 845 λόγος
2277 777 2358 839 είς
2386 776 2647 843 ἐπίδειξιν
2671 777 3129 847 διεσκευασμένος
3176 777 3273 831 καὶ
3300 778 3357 829 ἐν
3391 776 3680 848 ἠθοποιίας

2092 868 2225 922 εἴδει
2249 867 2521 940 μεμελετη
2531 871 2712 939 μένος,
2741 870 2799 924 ὲν
2821 866 2902 934 οἷς
2921 869 3255 941 δημηγορίαι
3274 886 3334 922 τε
3357 868 3682 922 διατυποῦν-

2091 976 2184 1014 ται
2229 960 2325 1014 τοῦ
2369 960 2646 1026 Μωῦσέως
2692 960 2829 1034 πρὸς
2858 961 2951 1016 τὸν
2979 962 3129 1024 λαὸν,
3161 961 3259 1015 καὶ
3306 960 3484 1013 αὐτῶν
3515 960 3681 1015 πάλιν

2093 1052 2669 1125 κατασχηματίζονται
2696 1054 2833 1126 πρὸς
2860 1055 2950 1109 τὸν
2980 1055 3221 1108 Μωῠσέα
3253 1052 3525 1107 διαλαλιαὶ
3549 1093 3565 1118 ,
3600 1052 3680 1106 ἔτι
3798 1106 3808 1113 ,

2092 1146 2151 1200 δὲ
2185 1148 2279 1201 καὶ
2303 1147 2395 1200 τοῦ
2430 1147 2576 1201 θείου
2608 1148 2745 1218 πρός
2777 1164 2839 1201 τε
2878 1147 3115 1201 Μωῦσέα
3144 1147 3240 1199 καὶ
3284 1145 3377 1198 τὸν
3409 1144 3556 1211 λαὸν,
3585 1148 3679 1201 καὶ

2093 1238 2298 1293 τούτων
2324 1242 2383 1294 ὲν
2410 1244 2567 1311 τύπῳ
2589 1241 2827 1310 δεήσεων
2856 1241 2953 1296 καὶ
2979 1240 3275 1308 ἀπολογίας
3298 1240 3676 1310 ὲκπεποιημέ-

2092 1350 2175 1387 νοι
2209 1334 2389 1403 λόγοι·
2427 1336 2486 1387 ὲν
2517 1328 2601 1396 οἷς
2623 1334 2719 1386 καὶ
2751 1335 2780 1387 ό
2812 1332 2982 1396 πολὺς
3010 1331 3159 1403 αύτῷ
3180 1330 3562 1402 κατηνάλωται
3584 1330 3678 1383 τοῦ

2097 1425 2305 1497 βιϐλίου
2344 1424 2500 1494 λόγος
2525 1464 2540 1489 ,
2576 1424 2901 1495 πολύστιχον
2933 1424 3095 1493 ὄγκον
3140 1408 3680 1493 ἐμπεριειληφώς.’0

2093 1517 2152 1570 δέ
2179 1532 2244 1585 γε
2270 1516 2430 1586 ἀνὴρ,
2448 1515 2525 1579 ὡς
2552 1515 2701 1569 ἔστιν
2726 1517 2791 1570 ὲκ
2812 1515 2965 1569 τοῦδε
2990 1513 3158 1568 αὑτοῦ
3180 1512 3560 1584 τεκμηριῶσαι
3582 1512 3679 1567 τοῦ

2097 1608 2498 1678 συντάγματος,
2536 1606 2646 1662 τῶν
2684 1604 3106 1679 ὀρθοδοξούντων
3120 1603 3167 1637 ⁸³
3202 1603 3373 1658 ἐστίν.

2820 1694 2947 1751 NB'.

2098 1789 2378 1857 Σύνοδος
2414 1789 2756 1867 -τενοιιένη-
2775 1789 2845 1842 ἐν
2870 1787 3021 1867 Σίδῃ
3056 1786 3208 1867 κατὰ
3248 1784 3533 1867 αἱρέσεως
3561 1783 3673 1837 τῶι·

2404 1857 2822 1923 Μεσαζιιανῶν,
2858 1858 3052 1928 ἤγουν
3079 1857 3373 1927 Ενὺχιτῶν.

2166 1951 2508 2023 Ἀνεγνὼσθη
2560 1952 2778 2015 σύνοδος
2823 1949 3091 2021 γενομένη
3138 1952 3195 2002 ὲν
3241 1948 3370 2021 Σίδῃ
3400 1944 3542 2000 κατὰ
3579 1947 3679 2015 τῆς

2094 2043 2363 2113 αἱρέσεως
2421 2043 2532 2098 τῶν
2596 2041 2957 2097 Μεσαλιανῶν
3014 2041 3182 2112 ἤγουν
3250 2038 3496 2110 Εύχιτῶν
3557 2038 3678 2108 ἤτοι

2108 2136 2503 2205 Ἀδελφιανῶν·
2534 2135 2732 2207 ἐξῆρχε
2774 2134 2833 2188 δὲ
2871 2133 2973 2203 τῆς
3009 2132 3231 2186 συνόδου
3269 2129 3622 2199 Ἀμφιλόχιος
3650 2131 3680 2181 ὁ

2093 2230 2189 2284 τοῦ
2223 2231 2447 2284 Ἰκονίου
2464 2229 2531 2295 ⁸⁸,
2562 2227 2993 2300 συνεδρευόντων
3017 2224 3169 2296 αὐτῷ
3196 2225 3291 2278 καὶ
3320 2224 3523 2296 ἑτέρων
3553 2225 3678 2275 ἐπι-

2096 2327 2315 2381 σκόπων
2345 2327 2437 2381 τὸν
2465 2327 2699 2398 ἀριθμὸν
2740 2326 2905 2379 πέντε
2949 2324 3043 2377 καὶ
3074 2322 3301 2376 εἴκοσιν.
3321 2322 3409 2374 Ἐν
3441 2324 3506 2391 τῇ
3539 2320 3677 2389 αὐτῇ

2095 2419 2151 2473 δὲ
2184 2417 2348 2489 βίϐλῳ
2369 2417 2685 2489 ἀνεγνώσθη
2716 2416 2819 2485 τῆς
2843 2416 3015 2486 αὐτῆς
3042 2414 3263 2467 συνόδου
3294 2413 3429 2482 πρὸς
3454 2411 3547 2465 τὸν
3579 2410 3677 2481 μέν

2096 2526 2203 2578 γαν
2246 2508 2542 2564 Φλαϐιανδν
2578 2507 2672 2561 τὸν
2707 2505 3045 2577 ’Δντιοχείας
3088 2503 3350 2574 ἐπιστολὴ
3400 2500 3679 2572 συνοδικὴ,

2094 2602 2204 2656 τῶν
2244 2601 2657 2673 πεπραγμένων
2692 2600 2991 2670 ποιουμένη
3032 2599 3132 2670 τὴν
3168 2597 3541 2652 διδασκαλίαν.

2166 2694 2366 2766 Διόπερ
2398 2695 2494 2748 καὶ
2532 2693 2696 2757 αὐτὸς
2725 2690 3071 2763 συναθροίζει
3116 2690 3331 2745 σύνοδον
3376 2689 3521 2743 κατὰ
3571 2688 3683 2741 τῶν

2098 2787 2278 2843 αὐτῶν
2295 2787 2611 2859 αίρετικῶν,
2641 2785 3042 2857 συμπαρόντων
3066 2784 3165 2855 μὲν
3188 2781 3337 2853 αύτῷ
3367 2783 3685 2836 ἐπισκόπων

2097 2880 2288 2952 τριῶν,
2316 2880 2478 2943 Βίζου
2494 2878 2542 2912 ⁸⁸
2565 2877 2659 2931 τοῦ
2683 2876 3006 2940 Σελευκείας
3035 2876 3129 2929 καὶ
3151 2873 3418 2945 Μαρουθᾶ
3443 2872 3536 2925 τοῦ
3558 2872 3688 2925 Σου-

2099 2972 2358 3044 φαρηνῶν
2386 2971 2574 3035 ἔθνους
2605 2970 2701 3025 καὶ
2729 2970 2913 3039 Σάμου
2933 2985 2947 2999 ·
2982 2967 3344 3040 πρεσϐύτεροι
3368 2967 3427 3021 δὲ
3454 2967 3547 3018 καὶ
3571 2964 3687 3017 διάο

2102 3084 2249 3121 κονοι
2300 3066 2669 3139 συμπαρῆσαν
2724 3064 2886 3135 μέχρι
2934 3063 3245 3134 τριάκοντα.
3273 3063 3363 3114 Ἐν
3398 3058 3565 3131 ταύτῃ
3616 3059 3684 3128 τῇ

2101 3160 2307 3230 συνόδῳ
2365 3158 2655 3229 μετάνοιαν
2723 3156 3196 3227 ἐπαγγελλόμενον
3261 3153 3352 3206 τὸν
3410 3149 3688 3220 Ἀδελφιδν

2102 3252 2198 3324 140
2241 3251 2337 3323 R.]
2371 3251 2473 3305 οὐκ
2522 3248 2806 3314 ἐδέξαντο,
2858 3248 2981 3303 οὐδὲ
3024 3248 3123 3301 τὴν
3152 3246 3364 3315 αἵρεσιν
3408 3241 3689 3312 ἀπαρνού-

2102 3362 2264 3417 μενον
2290 3343 2640 3416 προσήκαντο
2658 3357 2674 3372 ·
2703 3341 2827 3396 οὐδὲ
2861 3341 2971 3412 γὰρ
3000 3339 3066 3394 ὲκ
3094 3339 3348 3410 καρδίας,
3371 3335 3495 3390 οὔτε
3521 3338 3556 3407 ὴ
3583 3334 3688 3404 τῆς

2098 3438 2368 3509 αἱρέσεως
2381 3435 2631 3507 ἄρνησις,
2647 3432 2773 3487 οὔτε
2795 3434 2829 3500 ἡ
2853 3433 3112 3504 μετάνοια
3132 3422 3689 3485 ὲπεδείκνυτοῘΗσαν

2100 3530 2158 3583 δὲ
2194 3529 2245 3582 oi
2279 3527 2483 3598 ταύτης
2511 3526 2839 3598 γεννήτορες
2866 3524 2967 3596 τῆς
2992 3523 3257 3596 αἱρέσεως
3284 3518 3561 3589 ’Δδελφιός
3602 3535 3691 3581 τις

2097 3623 2128 3675 ὁ
2155 3621 2362 3693 ῥηθεὶς,
2383 3618 2508 3674 οὔτε
2533 3618 2815 3690 μοναστῶν
2838 3616 2961 3671 οὔτε
2986 3617 3177 3688 ἱερέων
3201 3611 3689 3683 ὲγκατειλεγμένος

2098 3713 2310 3785 κλήρῳ,
2340 3711 2457 3767 ἀλλ’
2481 3712 2540 3767 ὲν
2562 3710 2773 3775 λαῖκοῖς
2804 3709 3214 3781 ἐξεταζόμενος,
3235 3708 3330 3763 καὶ
3361 3705 3540 3769 Σάϐας
3561 3705 3607 3737 ⁸⁵
3623 3701 3689 3756 τὸ

2099 3806 2209 3860 τῶν
2252 3804 2504 3877 μοναχῶν
2551 3805 2808 3867 ὑπεισδὺς
2861 3803 3071 3873 σχῆμα,
3108 3802 3168 3855 ὃν
3197 3803 3261 3855 ὲκ
3289 3800 3389 3871 τῆς
3436 3796 3689 3869 πράξεως

2101 3897 2328 3952 ἐκάλουν
2350 3896 2660 3959 ἀπόκοπον,
2692 3894 2789 3949 καὶ
2816 3894 3002 3962 ἕτερος
3034 3891 3239 3957 Σάϐας,
3264 3892 3360 3944 κα)⁸
3388 3888 3688 3951 Εὐστάθιος

2114 3990 2399 4059 Ἐδεσηνὸς
2415 3988 2460 4021 ⁸⁷
2490 3988 2582 4043 ml.
2608 3985 2829 4056 Δαδάνης
2859 3987 2953 4040 καὶ
2979 3983 3354 4055 Συμεώνηςδε,
3386 3981 3494 4036 τῶν
3521 3997 3692 4049 πονη-

2107 4081 2201 4152 ροῦ
2233 4080 2304 4135 τὰ
2336 4079 2584 4145 ζιζάνια,
2620 4078 2717 4133 καὶ
2743 4078 2922 4149 ἕτεροι
2962 4077 3176 4140 τούτοις
3210 4073 3686 4144 συμπαραφυόμεο

2103 4191 2204 4230 νοι.
2242 4170 2647 4243 Κατεκρίθηδὲ
2677 4168 2957 4237 ’Δδελφιὸς
2986 4168 3082 4222 καὶ⁵
3106 4168 3156 4221 οἱ
3187 4168 3283 4221 σὺν
3308 4164 3479 4235 αὐτῷ,
3501 4163 3679 4217 καίτοι

2108 4264 2397 4337 μετανοίας
2443 4262 2644 4326 τόπον,
2675 4262 2752 4325 ὡς
2798 4260 3031 4331 ἔφημεν,
3063 4257 3481 4330 ἐπιζητοῦντες
3535 4253 3678 4324 πλὴν

426 4343 489 4387 ut
549 4333 817 4400 diximus,
890 4334 1241 4406 quaesierint)
1280 4349 1591 4407 ,propterea
1645 4354 1997 4412 repererunt,

2105 4333 2310 4426 ταύτης
2340 4355 2441 4407 οὐκ
2467 4353 2681 4424 ἔτυχον,
2719 4352 2853 4405 διότι
2882 4350 3196 4422 ἐγγράφως,
3229 4348 3325 4411 οὒς
3357 4344 3682 4416 ἀνεθεμάτι-

425 4425 593 4493 quod,
628 4440 767 4497 quos
798 4427 1150 4483 anathemate
1183 4436 1439 4497 tanquam
1490 4430 1842 4491 Messalianos
1884 4452 2004 4491 cou-

427 4518 791 4583 demnarant,
845 4532 969 4573 cum
1028 4518 1115 4574 bis
1170 4519 1334 4573 veluti
1400 4525 1742 4581 consortibus
1800 4527 2005 4597 scripto

428 4610 836 4666 communicare
868 4610 1193 4680 deprehensi
1220 4622 1369 4671 sunt.

500 4699 673 4755 Porro
706 4703 924 4771 scripsit
976 4702 1264 4759 Flavianus
1299 4707 1365 4759 ad
1397 4703 1754 4763 Osroinenses
1798 4712 2003 4781 episto-

428 4792 559 4857 lam,
596 4808 659 4847 ea
682 4810 800 4863 quae
829 4806 980 4866 gesta
1005 4808 1207 4862 essent,
1233 4798 1573 4865 edocentem,
1611 4802 1662 4856 in
1696 4818 1801 4873 qua
1836 4805 2003 4860 etiam

430 4884 713 4939 haereticos
762 4889 1001 4955 punitos,
1056 4897 1113 4941 et
1150 4893 1652 4950 excommunicatos
1689 4896 1880 4961 refert,
1923 4911 2005 4952 re-

430 4990 803 5046 sponsumque
848 4989 954 5043 est,
991 4982 1233 5048 acceptis
1281 4983 1350 5037 ab
1380 4984 1648 5055 episcopis
1681 4986 1903 5055 litteris,
1948 4997 2004 5044 et

430 5067 696 5131 Flaviano
743 5087 842 5143 pro
886 5073 972 5129 his
1030 5073 1222 5143 gratia:
1275 5084 1431 5144 actae,
1482 5086 1647 5147 atque
1693 5094 1999 5135 assensum.

2107 4466 2210 4503 σαν
2235 4447 2313 4511 ὡς
2341 4445 2738 4507 Μεσαλιανοὺς,
2761 4443 2975 4507 τούτοις
3022 4442 3101 4506 ὡς
3146 4441 3441 4513 ὁμόφροσιν
3473 4435 3693 4507 ἐφωρά-

2106 4541 2282 4613 θησαν
2310 4539 2763 4610 κοινωνήσαντες.

2176 4719 2425 4791 Ἐγράφη
2472 4719 2529 4773 δὲ
2574 4715 2862 4788 Φλαϐιανῷ
2912 4714 3051 4787 πρὸς
3093 4714 3221 4778 τοὺς
3269 4709 3692 4783 ἑνὈσροήνηίυ

2106 4807 2364 4880 ἐπιστολὴ
2407 4808 2475 4862 τὰ
2506 4808 2637 4880 περὶ
2681 4808 2882 4871 αὐτοὺς
2928 4803 3244 4877 πραχθέντα
3276 4803 3691 4867 ὲκδιδὰσκουσα,

2108 4903 2168 4955 ἐν
2196 4893 2560 4975 ᾖέμφέρεται
2587 4900 2665 4963 ὡς
2687 4901 2736 4953 οἱ
2769 4897 3038 4970 αἱρετικοὶ
3063 4895 3448 4965 έτυπτήθησαν
3476 4895 3569 4947 καὶ
3591 4896 3692 4949 αν-

2109 4992 2576 5063 εθεματίσθησαν·
2603 4991 2696 5044 καὶ
2722 4990 3044 5060 ἀντεγράφη
3071 4986 3225 5059 παρὰ
3242 4986 3352 5039 τῶν
3374 4986 3693 5055 δεξαμένων

2111 5085 2427 5140 ἐπισκόπων
2459 5082 2746 5156 Φλαϐιανῷ
2795 5080 3119 5155 εὐχαριστία
3165 5079 3306 5150 ὑπὲρ
3350 5078 3554 5133 τούτων
3598 5079 3695 5132 καὶ

1699 5194 1934 5253 VARUE
1973 5197 2386 5255 LECTIONES.

506 5286 551 5365 ξ³
586 5285 977 5365 ὀρθοδόέωνς.
1048 5289 1115 5365 ’⁸⁵⁵
1135 5290 1802 5365 εἰκονίου-Λέπισκόπων
1826 5295 1983 5365 κεέὲν
2014 5314 2075 5361 ς’.
2149 5296 2195 5329 ⁸⁸
2219 5295 2384 5365 βύζου
2418 5312 2502 5351 στ.
2576 5295 2622 5328 ⁸⁸
2659 5294 2875 5357 Σάϐϐας
2933 5313 2993 5360 ς.
3031 5296 3111 5350 sic
3143 5302 3198 5349 et
3227 5291 3389 5347 infra.
3464 5295 3508 5327 θ’
3540 5293 3688 5346 ἐδεσ⁸

437 5355 567 5424 ηνὸς
588 5372 736 5410 corr.
757 5358 1103 5430 Δ,αξδεσμδς
1134 5377 1195 5429 pr
1225 5380 1239 5416 :
1277 5362 1558 5429 αἰδέσιμος
1598 5380 1660 5427 ς.

1757 5364 1803 5396 ⁸⁸
1826 5364 2017 5433 δαδόης
2042 5366 2134 5419 καὶ
2204 5364 2530 5436 σημεσώνης
2592 5384 2655 5431 ς.
2731 5366 2775 5399 ⁸⁸
2797 5366 2951 5438 ῥοϊνῃ
2992 5384 3054 5431 ς.

1919 5458 2154 5516 NOTAE.

503 5539 617 5615 (8|)
654 5542 726 5615 De
774 5559 879 5615 qua
917 5544 1047 5601 Vide
1082 5546 1407 5602 Theodoret.
1458 5547 1550 5603 lib.
1601 5563 1673 5615 tv,
1724 5562 1773 5603 ε.
1823 5549 1921 5615 10;
1962 5559 2014 5605 ct

433 5609 898 5690 Nicephnlibfxt.
934 5630 1058 5688 cap.
1091 5617 1184 5686 15,
1222 5620 1281 5674 S.
1325 5618 1515 5690 Epiph.

508 5683 623 5756 (82)
666 5683 724 5740 S.
740 5684 958 5743 Basilio.

2189 5547 2303 5617 (85)
2337 5548 2433 5602 llle
2481 5548 2707 5604 forsitan
2762 5549 3160 5619 Mesopotamia:
3210 5549 3380 5615 episc.
3436 5549 3489 5602 in
3547 5545 3685 5602 Hist.

2120 5621 2187 5675 «le
2220 5624 2380 5673 rebus
2415 5620 2475 5672 D.
2504 5620 2786 5689 Chrysost.
2823 5621 2979 5673 valde
3007 5621 3330 5673 celebratus.

2193 5690 2329 5760 (83‘)
2366 5691 2653 5761 Symeones
2700 5689 3043 5747 'l'beodoreto
3073 5700 3235 5758 atque
3268 5689 3494 5759 Nicepb.
