3980 6234
301 204 377 264 89
1472 215 1996 277 BIBLIOTHECA.
2031 242 2101 254 --
2127 217 2290 279 COD.
2323 218 2455 280 LII.
3474 215 3545 280 90

304 325 871 398 συμφωνία.Ἔγραψε
897 329 953 383 δὲ
986 332 1079 385 καὶ
1105 330 1332 396 Λιτώῖος
1373 334 1402 386 6
1440 332 1733 402 Ἀρμενίας
1766 323 1885 385 ἐπί-

2000 334 2217 406 Scripsit
2263 346 2318 392 et
2350 334 2559 391 Litoius
2605 333 2721 405 (84)
2787 332 3057 388 Armeniae
3106 330 3417 402 episcopus,
3480 335 3549 389 de

307 432 532 483 σκοπος,
560 416 1054 491 διαπυνθανόμενος
1078 424 1145 477 τὰ
1166 424 1292 493 περὶ
1315 424 1422 476 τῶν
1441 424 1850 477 Μεσαλιανιτῶν
1865 441 1879 455 °

300 505 403 585 aut
448 507 664 578 ἐγράφη
700 510 845 580 αὐτῷ
875 514 908 582 ἡ
938 516 1066 585 περ)⁸
1098 514 1275 568 αὐτῶν
1301 514 1555 587 συνοδικὴ
1584 515 1763 585 ψῆφος
1789 514 1884 569 καὶ

299 591 857 671 ’ἁπόφασις.Ἔγραψε
898 603 955 657 δέ
984 606 1013 657 6
1047 604 1219 674 μέγας
1248 590 1546 669 φλαϐιανδς
1570 609 1662 661 καὶ
1685 608 1885 677 ’Δρμε-

308 684 409 757 νίῳ
440 687 553 741 τινὶ
579 689 860 761 ἐπισκόπῳ
884 692 1012 764 περὶ
1037 694 1135 763 τῆς
1160 695 1331 764 αὐτῆς
1362 695 1676 760 ὑποθέσεως
1697 696 1884 750 δεύτε-

309 792 409 845 ρον
429 795 442 807 ·
471 780 531 831 ἐν
553 779 609 832 δὲ
632 782 701 851 τῇ
730 780 960 853 δευτέρᾳ
984 784 1239 855 ἐπιστολῇ
1268 784 1361 856 [18
1388 785 1483 856 Η.]
1511 788 1603 839 καὶ
1620 788 1666 819 ⁵ο
1693 786 1887 857 ἐγκλη-

309 885 399 920 σιν
442 871 736 940 προσάγει,
770 873 851 926 ὅτι
890 875 1223 945 προστασίας
1268 878 1414 942 τινὸς
1464 879 1593 950 παρ’
1623 879 1783 933 αὑτοῦ
1836 882 1884 933 οί

308 959 707 1016 Μεσαλιανϊται
753 965 1133 1035 τυγχάνουσιν.
1175 969 1419 1038 Ἔγραψε
1470 970 1656 1038 μέντοι
1710 972 1807 1025 καὶ
1857 975 1886 1027 6

310 1051 937 1117 Κωνσταντινουπόλεως
955 1058 1198 1122 Ἀττικὸς
1218 1062 1332 1123 τοῖς
1362 1062 1418 1113 ἐν
1445 1061 1741 1134 Παμφυλίᾳ
1764 1065 1886 1116 ἐπι-

312 1141 562 1207 σκόποις,
589 1144 677 1198 ἴνα
713 1147 1052 1217 πανταχόθεν
1087 1151 1214 1212 τοὺς
1246 1150 1620 1215 Μεσαλιανοὺς
1657 1151 1732 1212 ὡς
1775 1152 1884 1223 ἄγη

311 1234 411 1286 καὶ
441 1234 586 1306 μύση
610 1237 987 1291 ἀπελαύνωσιν
1006 1256 1018 1268 ·
1055 1239 1134 1294 ἔτι
1156 1242 1211 1295 δέ
1233 1244 1261 1295 6
1288 1242 1450 1307 αὐτὸς
1477 1243 1572 1296 καὶ
1599 1242 1733 1314 πρὸς
1754 1244 1888 1314 Ἀμ-

312 1325 557 1396 φιλόχιον
593 1328 685 1380 τὸν
724 1329 878 1399 Σίδης
914 1332 1137 1400 ὁμοίως.

383 1416 635 1489 Ἔγραψε
668 1420 725 1472 δὲ
755 1423 849 1474 καὶ
886 1422 1148 1487 Σισίννιος
1202 1425 1231 1477 ὁ
1265 1427 1889 1498 Κωνσταντινουπόλεως

311 1508 414 1560 καὶ
443 1509 697 1574 Θεόδοτος
739 1514 769 1567 6
810 1515 1139 1584 Ἀντιοχείας
1188 1520 1374 1591 κοινὴν
1410 1523 1701 1596 ἐπιστολὴν
1752 1528 1888 1596 πρὸς

314 1598 630 1668 Βερινιανδν
654 1604 746 1657 καὶ
780 1605 1127 1678 Ἀμφιλόχιον
1147 1610 1239 1663 κα)⁹
1264 1611 1482 1677 λοιποὺς
1504 1616 1629 1679 τοὺς
1650 1619 1708 1670 ἐν
1731 1619 1887 1688 Παμ-

1984 427 2321 483 Messalianis
2350 429 2710 497 interrogans,
2740 426 3077 495 missumque
3122 426 3187 480 ad
3218 425 3364 479 illum
3396 441 3553 495 syno-

1984 520 2163 575 dicum
2209 519 2274 574 de
2304 519 2410 573 illis
2455 519 2729 573 decretum
2769 527 2934 587 atque
2978 517 3267 573 sententia.
3321 517 3554 584 Scripsit

1983 624 2198 679 quoque
2245 624 2472 679 magnus
2516 608 2806 664 Flavianus
2854 608 3116 662 Armenio
3168 606 3385 661 cuidam
3438 606 3553 675 epi-

1983 713 2167 768 scopo,
2210 698 2349 769 13a
2396 699 2592 753 iterum
2620 686 2711 752 'de
2754 697 2943 753 eadem
2989 699 3106 767 ipsa
3136 712 3238 753 re;
3295 712 3400 767 qua
3434 696 3554 764 qui-

1983 790 2105 845 dem
2131 790 2300 843 altera
2327 789 2575 858 epistola,
2615 789 2780 843 etiam
2826 789 3075 858 queritur
3119 789 3184 842 et‘
3217 787 3551 856 expostulat,

1983 879 2271 949 patrocinii
2302 879 2445 946 apud
2487 880 2662 950 ipsum
2704 879 2908 947 aliquid
2960 878 3361 933 Messalianitas
3400 878 3551 931 inve-

1986 970 2123 1024 nire.
2157 969 2393 1037 Scripsit
2419 980 2473 1023 et
2503 969 2718 1024 Atticus
2767 967 3405 1037 Constantinopolitanus
3447 970 3557 1036 epi-

1985 1064 2164 1133 scopis
2188 1063 2240 1117 in
2272 1062 2585 1134 Pamphylia
2614 1064 3030 1129 assistentibus,
3060 1074 3118 1117 ut
3148 1064 3385 1132 undique
3412 1061 3555 1116 Mes-

1987 1155 2223 1210 salianos
2259 1155 2421 1210 veluti
2453 1170 2640 1210 sacros
2684 1170 2748 1209 ac
2792 1155 3146 1210 detestandos
3178 1154 3553 1208 exturbarent.

1986 1239 2126 1307 Quin
2166 1251 2220 1295 et
2246 1242 2382 1296 idem
2416 1242 2481 1296 ad
2516 1242 2957 1313 Amphilochium
3006 1242 3150 1297 Sidae
3180 1241 3557 1311 praesidentem

1931 1358 1937 1363 -
1987 1332 2241 1388 similiter
2267 1334 2512 1403 scripsit.

2060 1422 2331 1479 Sisinnius
2378 1425 2505 1480 item
2563 1423 3221 1496 Constantinopolitanus,
3280 1434 3334 1480 et
3381 1424 3561 1477 Theo-

1991 1515 2151 1571 dotus
2180 1516 2572 1580 Antiochenus,
2605 1532 2947 1573 communem
2994 1518 3279 1586 epistolam
3311 1517 3379 1570 ad
3412 1516 3563 1569 Beri-

1992 1605 2237 1670 nianum,
2282 1616 2338 1661 et
2368 1605 2826 1676 Amphilochium,
2870 1618 3206 1675 ceterosque
3254 1607 3306 1659 iu
3385 1604 3551 1658 Pam-

317 1691 484 1761 φυλία
513 1693 865 1761 ἐπισκόπους,
893 1693 962 1769 ἧς
983 1699 1014 1767 ἡ
1034 1702 1332 1772 ἐπιγραφὴ,
1352 1722 1369 1754 ι
1400 1704 1524 1767 Τοῖς
1542 1706 1889 1776 θεοφιλεστά-

2000 1697 2157 1766 philia
2189 1697 2471 1767 episcopos
2501 1698 2801 1768 scripsere,
2837 1700 2992 1767 cujus
3038 1698 3279 1766 epistolae
3314 1696 3430 1750 haec
3481 1696 3564 1750 in-

314 1800 431 1844 τοις
466 1785 897 1857 συλλειτουργοῖς
934 1789 1230 1863 Βερινιανῷ
1268 1795 1362 1848 καὶ
1403 1796 1753 1869 ’Δμφιλοχίῳ,
1797 1802 1890 1854 καὶ

316 1874 456 1926 πᾶσι
502 1878 617 1937 τοῖς
664 1879 723 1930 ἐν
772 1880 1068 1953 Παμφυλίᾳ
1111 1883 1449 1951 ἐπισκόποις,
1493 1889 1753 1953 Σισίννιος
1797 1892 1891 1945 καὶ

314 1962 577 2027 Θεόδοτος
628 1966 722 2018 καὶ
757 1970 906 2022 πᾶσα
946 1971 978 2036 ἡ
1011 1970 1143 2037 ἁγία
1182 1974 1457 2045 σύνοδοςή
1496 1979 1636 2031 κατά
1668 1978 1817 2033 θείαν
1844 1981 1888 2013 ⁵¹

316 2053 478 2123 χάριν
510 2059 938 2129 συγκροτηθεῖσα
970 2062 1027 2114 ἐν
1060 2066 1124 2135 τῇ
1162 2066 1519 2133 μεγαλοπόλει
1546 2072 1891 2127 Κωνσταντισ⁸

314 2147 575 2200 νουπόλει
614 2150 713 2217 τῆς
758 2154 1091 2221 χειροτονίας
1130 2156 1293 2211 ἓνεκα
1336 2159 1430 2212 τοῦ
1479 2160 1889 2230 θεοφιλεστάτου

316 2237 415 2289 καὶ
461 2237 767 2304 ἁγιωτάτου
793 2242 839 2273 ⁸¹
883 2245 1182 2299 ἐπισκόπου
1228 2249 1512 2314 Σισιννίου,
1562 2252 1891 2324 θεσπίσματι

316 2329 414 2381 τοῦ
458 2330 850 2387 εὐσεϐεστάτου
897 2336 990 2388 καὶ
1037 2337 1385 2409 φιλοχρίστου
1425 2342 1583 2413 ἡμῶν
1628 2343 1893 2414 βασιλέως

316 2418 627 2484 Θεοδοσίου,
652 2423 710 2476 ἐν
736 2425 922 2496 Κυρίῳ
943 2428 1173 2497 χαίρειν.
1210 2448 1229 2481 ι
1250 2431 1340 2484 Ἐν
1363 2432 1536 2507 ταύτῃ
1555 2437 1620 2506 τῇ
1642 2436 1890 2509 συνοδικῇ

318 2511 579 2586 ἐπιστολῇ
611 2515 706 2569 καὶ
740 2516 894 2570 Νέων
926 2519 1221 2583 ἐπίσκοπος
1242 2522 1601 2595 ἐξεφώνησεν,
1635 2527 1710 2590 ὼς
1740 2528 1893 2591 είτις

320 2604 463 2670 μετὰ
491 2603 585 2658 τὸν
630 2605 1072 2679 ἁναθεματισμδν
1106 2612 1385 2683 φωραθείη
1425 2614 1503 2682 τῷ
1544 2616 1720 2687 χρόνῳ
1754 2618 1893 2688 ἥδιὰ

321 2695 588 2765 ῥημάτων
620 2697 653 2767 ἢ
679 2698 768 2751 διὰ
800 2703 1143 2771 πραγμάτων
1172 2705 1250 2766 είς
1282 2706 1381 2776 τὴν
1412 2706 1647 2777 ὑποψίαν
1669 2709 1770 2780 τῆς
1806 2711 1894 2764 νό-

323 2805 420 2842 σου
454 2788 659 2860 ταύτης
707 2791 1018 2863 ἐμπίπτων,
1051 2796 1246 2867 μηκέτι
1283 2797 1468 2853 λοιπὸν
1520 2801 1680 2857 αὑτὸν
1711 2802 1896 2873 χώραν

319 2880 489 2950 ἔχειν,
530 2883 655 2953 μηδ’
689 2884 756 2939 ἂν
802 2886 1060 2956 μυριάκις
1103 2888 1507 2961 ἐπαγγέλληται
1530 2893 1593 2957 ⁵³,
1620 2894 1718 2964 τὴν
1744 2895 1896 2960 τάξιν

319 2973 675 3044 ἀναπληροῦν
716 2975 826 3029 τῶν
874 2979 1312 3046 μετανοούντων
1370 2984 1808 3051 συγκινδυνεύειν
1846 2990 1895 3022 ⁸⁸

1995 1791 2219 1859 scriptio
2246 1800 2368 1845 est:
2401 1809 2419 1841 ‹
2463 1792 2573 1845 Deo
2601 1792 2941 1846 charissimis
2990 1806 3270 1845 sacrorum
3314 1788 3560 1861 collegis,

1995 1881 2308 1949 Beriniano,
2362 1890 2417 1938 et
2451 1882 2856 1950 Amphilochio,
2905 1882 3269 1953 omnibusque
3319 1881 3453 1936 adeo
3506 1881 3561 1934 in

1996 1973 2308 2044 Pamphylia
2341 1973 2633 2045 episcopis,
2687 1975 2985 2039 Sisinnius,
3035 1984 3202 2044 atque
3249 1974 3564 2028 Theodotus

1996 2074 2050 2119 et
2080 2065 2333 2120 universa
2387 2078 2580 2122 sancta
2636 2069 2900 2138 synodus,
2952 2082 3072 2137 quae
3127 2066 3223 2121 Dei
3279 2065 3473 2137 gratia,
3508 2066 3563 2119 in

1997 2173 2191 2229 magna
2222 2160 2358 2213 urbe
2389 2158 2992 2229 Constantinopolitana
3033 2166 3220 2214 coacta
3269 2167 3379 2222 est,
3427 2173 3563 2212 con-

1998 2250 2247 2304 secrandi
2276 2252 2454 2321 gratia
2496 2250 2607 2307 Deo
2639 2251 2999 2306 amantissimi
3029 2250 3268 2319 episcopi
3314 2248 3564 2312 Sisinnii,

1992 2339 2147 2407 jussu
2176 2350 2231 2397 et
2278 2343 2603 2398 auctoritate
2660 2342 3002 2411 pientissimi,
3039 2351 3094 2398 et
3137 2341 3357 2398 Christo
3405 2341 3562 2394 chari

1998 2432 2350 2503 Imperatoris
2373 2434 2541 2489 nostri
2571 2433 2888 2499 Theodosii,
2922 2435 3149 2488 salutem
3178 2433 3230 2488 in
3262 2432 3507 2487 Domino.
3542 2448 3562 2481 ι

1999 2522 2057 2578 lu
2121 2540 2184 2579 ea
2234 2525 2347 2594 ipsa
2402 2526 2657 2596 synodica
2692 2526 2921 2594 epistola
2956 2524 3105 2579 Neon
3155 2524 3442 2593 episcopus
3472 2537 3569 2575 cx-

2001 2615 2274 2681 clamavit,
2316 2624 2396 2681 ut,
2447 2618 2493 2670 si
2543 2618 2667 2688 quis
2720 2627 2841 2687 post
2890 2615 3399 2671 anathematismnm
3459 2614 3569 2667 ullo

2001 2714 2249 2774 tempore
2278 2706 2648 2775 deprehensus
2696 2704 2883 2768 fuerit,
2943 2720 3003 2761 re
3050 2715 3141 2759 aut
3170 2704 3353 2771 verbo,
3387 2705 3439 2758 in
3480 2719 3571 2759 su-

2001 2796 2295 2866 spicionem
2332 2796 2485 2852 mala:
2526 2796 2688 2867 hujus
2740 2804 2905 2852 secta!
2953 2797 3233 2861 incidisse,
3291 2811 3568 2866 nunquam

2000 2900 2187 2960 postea
2221 2888 2394 2944 locum
2447 2898 2650 2955 teneat,
2698 2904 2767 2944 ne
2808 2890 2853 2944 si
2889 2890 3087 2945 millies
3120 2890 3338 2960 quidem
3393 2890 3571 2959 ρωπί-

2005 2982 2241 3037 tentibus
2269 2980 2598 3037 constitutas
2627 2995 2816 3049 ptenas
2844 2981 3105 3036 luiturum
3142 2997 3200 3037 se
3227 2981 3568 3051 polliceatur.

317 3064 378 3119 δὲ
394 3065 547 3135 αὐτῷ
565 3066 661 3119 καὶ
682 3067 773 3121 τὸν
803 3071 1202 3141 συγκροτοῦντα
1222 3074 1404 3141 αὑτὸν,
1438 3045 1546 3130 εἴτε
1571 3079 1892 3146 ἐπίσκοπος,

2000 3069 2123 3125 Pari
2148 3086 2270 3126 cum
2305 3070 2410 3125 hoc
2435 3045 2679 3141 periculo
2703 3081 2759 3125 et
2781 3085 2902 3124 eum
2931 3070 3171 3139 subjicit,
3203 3045 3296 3140 qui
3341 3084 3573 3124 consen-

320 3156 429 3209 εἴτε
464 3156 626 3220 ἄλλος
659 3176 744 3222 τις
774 3160 882 3229 εἴη.
932 3162 1175 3235 Ἑγράφη
1206 3165 1262 3218 δέ
1295 3167 1389 3220 καὶ
1418 3169 1676 3243 ἐπιστολὴ
1714 3171 1897 3228 Ἰωάν-

320 3262 412 3299 νου
454 3248 787 3319 Ἀντιοχείας
819 3253 868 3285 ⁸⁸
900 3252 1036 3324 πρὸς
1066 3255 1362 3328 Νεστόριον
1405 3261 1533 3331 περὶ
1564 3262 1674 3316 τῶν
1713 3265 1901 3319 Μεσα-

319 3336 597 3392 λιανιτῶν.
650 3340 942 3411 Έξηνεγκε
978 3344 1035 3397 δέ
1065 3345 1157 3399 καὶ
1200 3348 1388 3421 ὅρονή
1423 3351 1555 3421 ἁγία
1598 3355 1694 3409 καὶ
1723 3357 1901 3411 οίκου-

323 3430 526 3500 μινικὴ
561 3428 798 3495 σύνοδος,
833 3434 867 3504 ἡ
900 3435 958 3488 ἐν
1000 3434 1209 3509 Ἐφέσῳ
1242 3440 1423 3511 τρίτη.
1455 3443 1900 3515 ἀπογυμνώσασα

320 3520 507 3576 αὐτῶν
532 3521 580 3555 ⁵⁸
612 3522 708 3576 καὶ
734 3523 801 3578 τὰ
829 3525 887 3579 ἐν
911 3526 989 3597 τῷ
1017 3527 1297 3601 λεγομένῳ
1317 3532 1498 3587 αὑτῶν
1520 3533 1709 3608 βιϐλίῳ
1728 3537 1901 3610 ἀσκη-

321 3614 459 3686 τικῷ
505 3615 805 3688 βλάσφημα
847 3620 941 3674 καὶ
982 3624 1231 3693 αίρετικά
1285 3626 1577 3695 κεφάλαια,
1624 3632 1720 3684 καὶ
1766 3632 1902 3686 καθ-

322 3708 675 3763 υποϐαλοῦσα
694 3710 770 3782 τῷ
797 3712 1119 3785 ἀναθέματι.
1139 3717 1385 3788 Ἔγραψε
1407 3719 1465 3773 δὲ
1490 3722 1583 3774 καὶ
1609 3721 1903 3793 ’Δρχέλαος

322 3802 353 3853 6
379 3801 723 3871 Καισαρείας
745 3804 844 3875 τῆς
875 3806 1260 3862 Καππαδοκῶν
1289 3809 1586 3875 ἐπίσκοπος
1622 3813 1902 3883 ἀναθεμα-

322 3894 555 3961 τισμοῦς
570 3896 1017 3967 εἰκοσιτέσσαρας
1034 3897 1143 3952 τῶν
1157 3896 1468 3969 κεφαλαίων
1484 3902 1683 3958 αὐτῶν.
1704 3903 1788 3976 [41
1810 3903 1902 3978 8.]

326 3984 601 4049 Συνέταξε
633 3986 689 4038 δὲ
728 3987 848 4039 κατ’
897 3988 1075 4041 αὐτῶν
1112 3991 1207 4042 καὶ
1244 3990 1597 4062 Ἡρακλείδας
1624 3995 1652 4046 6
1683 3995 1905 4064 Νύσσης

326 4074 628 4140 ἐπίσκοπος
662 4078 947 4144 ἐπιστολὰς
972 4080 1087 4144 δύο,
1116 4074 1193 4135 ὧν
1216 4084 1273 4137 ἐν
1301 4087 1366 4156 τῇ
1396 4084 1625 4158 δευτέρᾳ
1653 4090 1746 4141 καὶ
1770 4089 1904 4159 χρῆ-

328 4184 415 4231 σις
447 4170 675 4241 φέρεται
703 4171 803 4241 τῆς
841 4172 1200 4246 ἀρχαιότητος
1250 4175 1357 4230 τῶν
1403 4179 1620 4232 σεπτῶν
1660 4180 1902 4237 εἰκόνων.

404 4437 655 4509 Ἔγραψε
677 4438 734 4491 δὲ
762 4439 938 4510 χρόνῳ
969 4439 1195 4511 ὕστερον
1225 4440 1317 4494 καὶ
1338 4438 1640 4513 Γερόντιος,
1666 4441 1904 4513 πρεσϐύ-

330 4549 490 4603 τερος
522 4534 619 4585 καὶ
652 4531 955 4601 ἡγούμενος
987 4532 1097 4585 τῶν
1132 4535 1190 4586 ἐν
1229 4533 1427 4586 Γλίτιδι
1464 4532 1735 4603 μοναχῶν,
1772 4532 1912 4604 πρὸς

346 4623 598 4676 Ἀλύπιον
630 4624 1057 4694 ἀρχιεπίσκοπον
1085 4624 1187 4694 τῆς
1216 4625 1273 4677 ἐν
1302 4626 1671 4699 Καππαδοκίᾳ
1697 4627 1907 4681 Καισα-

2001 3160 2099 3214 tiat
2131 3158 2549 3230 applaudatque,
2593 3160 2707 3215 sive
2742 3161 3052 3231 episcOpus,
3098 3158 3213 3213 sive
3260 3159 3381 3227 quis
3433 3157 3574 3211 alius

2001 3251 2088 3306 ille
2114 3252 2294 3309 fuerit.
2326 3251 2489 3307 Missa
2524 3267 2738 3323 quoque
2778 3251 3007 3321 epistola
3044 3249 3270 3305 Joannis
3313 3249 3426 3320 (85)
3463 3250 3575 3302 An-

2003 3343 2234 3399 tiocheni
2267 3346 2334 3399 ad
2362 3344 2693 3412 Nestorium,
2727 3344 2794 3398 de
2831 3342 3235 3398 Messaliauitis.
3264 3340 3413 3396 Fecit
3444 3341 3575 3417 item

2000 3435 2277 3489 decretum
2306 3435 2399 3507 (de
2447 3435 2553 3490 hoc
2584 3434 2699 3505 ipso
2726 3433 2996 3503 Adelphio
3023 3431 3306 3501 haeretico)
3343 3445 3495 3485 sacra
3521 3440 3577 3483 et

2001 3527 2338 3583 meumenica
2412 3528 2654 3600 synodus
2717 3525 2994 3597 Ephesina
3075 3525 3236 3580 tertia
3273 3563 3290 3589 ,
3332 3538 3453 3593 quae
3522 3530 3578 3577 et

2003 3619 2160 3674 illum
2244 3634 2367 3674 cum
2463 3618 2819 3689 blasphemiis
2914 3616 3292 3688 capitibusque
3400 3614 3577 3670 haere-

2002 3724 2166 3777 seos,
2221 3718 2486 3780 quotquot
2563 3711 2619 3766 in
2683 3709 2900 3764 illorum
2968 3708 3108 3765 libro
3175 3707 3425 3762 Ascetico
3489 3720 3579 3760 es-

2003 3813 2144 3867 sent,
2205 3802 2446 3868 detexit,
2515 3812 2571 3857 et
2624 3800 2956 3857 anathemati
3030 3799 3288 3869 subjecit.
3350 3796 3580 3866 Scripsit

2005 3904 2061 3951 ct
2139 3894 2442 3951 Archelaus
2493 3895 2755 3950 Caesareae
2837 3893 3200 3963 Cappadociae
3296 3892 3580 3959 episcopus

2005 3997 2238 4057 quatuor
2256 3997 2309 4041 et
2332 3986 2517 4056 viginti
2550 3987 3032 4039 anathematismos
3048 3983 3284 4052 capitum
3305 3982 3543 4064 ipsorum
3556 4020 3568 4032 .

2004 4074 2319 4143 Composuit
2378 4075 2640 4129 adversus
2696 4073 2817 4127 illos
2854 4083 2909 4127 et
2945 4072 3257 4126 Heraclidas
3302 4068 3582 4139 Nyssenus

2003 4169 2289 4238 episcopus
2315 4168 2449 4221 duas
2474 4166 2734 4236 epistolas
2766 4183 2780 4219 :
2815 4180 3043 4235 quarum
3105 4165 3157 4218 in
3201 4162 3371 4216 altera
3411 4163 3579 4215 etiam

2006 4261 2371 4316 testimonium
2399 4259 2667 4329 quoddam
2707 4257 2931 4313 all'ertur
2994 4272 3094 4327 pro
3122 4256 3449 4325 antiquitate
3485 4270 3579 4309 sa-u

1930 4387 1986 4448 Β
2010 4365 2220 4405 orarum
2253 4350 2569 4418 imaginum.

2082 4440 2388 4511 Insequenti
2420 4457 2547 4496 vero
2578 4449 2818 4506 tempore
2863 4439 3161 4495 Gerontius
3204 4451 3419 4506 quoque
3461 4450 3584 4504 prc-

2014 4534 2200 4604 sbyter
2219 4546 2273 4588 et
2304 4532 2591 4603 praefectus
2612 4531 3000 4587 monachorum
3033 4531 3086 4583 in
3110 4528 3330 4589 Glitide.
3365 4527 3585 4593 scripsit

2011 4627 2077 4681 ad
2128 4625 2382 4697 Alypium
2446 4625 2914 4694 archiepiscopum
2949 4623 3209 4676 Caesarea:
3233 4618 3583 4688 Cappadociae

340 4715 510 4785 ρείας,
547 4715 874 4786 ἐγκλήματα
922 4716 1064 4769 κατὰ
1109 4716 1424 4786 Λαμπετίου
1469 4718 1656 4782 κινῶν,
1706 4717 1765 4782 ὃς
1816 4721 1894 4774 κα¹

2012 4718 2261 4788 querelas
2299 4718 2477 4771 varias
2511 4718 2772 4770 adversus
2805 4714 3172 4783 Lampetium,
3230 4712 3320 4780 qui
3376 4710 3584 4780 primus

334 4809 549 4879 πρῶτος
590 4809 690 4878 τῆς
732 4808 1029 4879 εἰρημένης
1060 4809 1324 4879 αἱρέσεως
1373 4809 1595 4880 ἴσχυσεν
1644 4809 1910 4880 ἐκκλέψαι

2012 4827 2078 4867 ex
2108 4812 2250 4866 dicta
2306 4810 2498 4865 haeresi
2555 4809 2840 4877 subripere
2897 4805 3079 4860 furtim
3116 4804 3249 4875 13b
3290 4802 3583 4857 sacerdotii

334 4901 395 4953 τὸ
420 4900 520 4970 τῆς
546 4899 847 4971 ἱερωσύνης
877 4901 971 4953 καὶ
1013 4900 1265 4954 ὑπελθεῖν
1308 4900 1546 4969 ἀξίωμα,
1581 4900 1808 4970 βέϐηλος
1840 4901 1894 4955 ὢε

2011 4904 2354 4973 dignitatem,
2383 4916 2448 4956 ac
2466 4901 2648 4955 subire
2669 4900 2863 4968 potuit,
2894 4898 3179 4965 -prol'anus
3206 4897 3319 4965 ipse
3357 4908 3477 4947 cum
3499 4908 3586 4946 es-

339 4994 436 5048 καὶ
472 4993 746 5048 ἀπατεὼν.
786 4992 1039 5059 Ἀλόπιος
1071 4994 1128 5047 δὲ
1163 4994 1207 5027 ⁸⁷
1241 4995 1310 5048 τά
1353 4995 1635 5065 γραφέντα
1681 4994 1916 5065 δεξάμε-

2009 5004 2115 5061 set,
2144 5005 2304 5063 atque
2344 4995 2626 5064 imposmr.
2656 4991 2835 5059 Quare
2869 4991 3117 5062 Alypius,
3160 4988 3400 5058 acceptis
3438 4986 3583 5041 litte-

1602 5120 1607 5127 '
1638 5106 1871 5163 VARUE
1908 5106 2315 5165 LECTIONES.

407 5222 454 5253 ”
479 5223 573 5274 καὶ
600 5237 711 5275 om.
746 5225 804 5276 Α.
879 5223 926 5255 ⁸⁸
960 5222 1108 5277 θείαν

343 5290 387 5321 ⁵³
425 5293 714 5363 ἀντιοχὲως
740 5299 807 5348 A.
883 5293 932 5325 ⁵⁸
960 5290 1131 5347 αὑτὸν
1149 5312 1208 5359 ς.
1283 5295 1328 5327 ⁸⁷
1354 5295 1410 5347 δὲ
1444 5296 1528 5349 A:
1564 5298 1661 5351 καὶ
1733 5290 1797 5361 ς.

1112 5222 1132 5295 ]
1186 5223 1410 5297 θεοῦᾼᾼ.
1462 5227 1532 5297 7"
1571 5226 1662 5279 καὶ
1690 5226 1997 5293 ἁγιωτάτου
2031 5229 2155 5284 add.
2189 5228 2253 5282 Α.
2327 5227 2373 5261 ³³
2402 5225 2772 5297 ἐπαγγέληται
2808 5225 2873 5279 Α.

2950 5224 2995 5258 ⁸⁸
3033 5217 3447 5289 συγκενδυνεύει
3517 5228 3575 5276 ς,

1825 5408 2059 5466 NOTAE.

419 5503 526 5571 (84)
571 5504 794 5558 Letoius
821 5503 1078 5559 Ecclesiae
1120 5502 1475 5559 Melitiuensis
1516 5506 1685 5571 episc.
1735 5503 1912 5559 Theo-

359 5572 536 5628 doreto
562 5575 651 5643 lib.
686 5589 740 5629 tv
769 5574 911 5628 Hist.
952 5579 1069 5643 'cap.
1104 5575 1192 5639 10,
1232 5573 1473 5639 Latoius,
1505 5573 1733 5643 Niceph.

425 5644 531 5717 (85)
567 5642 900 5702 Patriarcba:
927 5645 1151 5715 accipio,
1207 5647 1298 5717 qui
1355 5644 1412 5701 S.
1463 5645 1741 5701 Theodoto
1794 5658 1915 5700 suc-

2020 5507 2203 5570 cessit,
2248 5512 2409 5572 atque
2444 5499 2508 5555 ad
2541 5495 2849 5572 Nestorium
2902 5493 3187 5564 scripsisse
3241 5492 3453 5563 legitur.
3485 5490 3582 5545 Ni-

2022 5568 2301 5647 cephalib.
2321 5568 2462 5639 'xw,
2494 5586 2623 5640 cap.
2657 5568 2748 5622 53.
