  <div class='ocr_page' id='page_1' title='image "/cluster/home/n/w/nwhite01/storage/ocr_20150623/103 pt.3/mdp.39015061933738/053.png"; bbox 0 0 3980 6234; ppageno 0'>
   <div class='ocr_carea' id='block_1_1' title="bbox 433 242 2025 313">
    <p class='ocr_par' dir='ltr' id='par_1_1' title="bbox 433 242 2025 312">
     <span class='ocr_line' id='line_1_1' title="bbox 433 242 2025 312; baseline 0.004 -6"><span class='ocrx_word' id='word_1_1' title='bbox 433 242 496 306; x_wconf 80' lang='grc'><strong>91</strong></span> <span class='ocrx_word' id='word_1_2' title='bbox 1579 249 1846 310; x_wconf 87' lang='lat' dir='ltr'><strong>PHOTII</strong></span> <span class='ocrx_word' id='word_1_3' title='bbox 1885 250 2025 312; x_wconf 82' lang='lat' dir='ltr'><strong>PAT</strong></span> 
     </span>
    </p>
   </div>
   <div class='ocr_carea' id='block_1_2' title="bbox 2130 242 3686 313">
    <p class='ocr_par' dir='ltr' id='par_1_2' title="bbox 2130 243 3686 313">
     <span class='ocr_line' id='line_1_2' title="bbox 2130 243 3686 313; baseline -0.001 -2"><span class='ocrx_word' id='word_1_4' title='bbox 2130 252 2392 313; x_wconf 67' lang='lat' dir='ltr'><strong>ARCHZE</strong></span> <span class='ocrx_word' id='word_1_5' title='bbox 2430 253 2540 312; x_wconf 76' lang='grc' dir='ltr'><strong>(ΣΡ.</strong></span> <span class='ocrx_word' id='word_1_6' title='bbox 3615 243 3686 309; x_wconf 75' lang='grc'><strong>92</strong></span> 
     </span>
    </p>
   </div>
   <div class='ocr_carea' id='block_1_3' title="bbox 435 357 2025 440">
    <p class='ocr_par' dir='ltr' id='par_1_3' title="bbox 435 357 2016 433">
     <span class='ocr_line' id='line_1_3' title="bbox 435 357 2016 433; baseline 0.003 -19"><span class='ocrx_word' id='word_1_7' title='bbox 435 362 532 427; x_wconf 90' lang='lat' dir='ltr'><strong>ris,</strong></span> <span class='ocrx_word' id='word_1_8' title='bbox 605 360 672 414; x_wconf 92' lang='lat' dir='ltr'><strong>ad</strong></span> <span class='ocrx_word' id='word_1_9' title='bbox 735 359 1047 416; x_wconf 86' lang='lat' dir='ltr'><strong>Hormizam</strong></span> <span class='ocrx_word' id='word_1_10' title='bbox 1085 357 1354 416; x_wconf 89' lang='lat' dir='ltr'><strong>Comanes</strong></span> <span class='ocrx_word' id='word_1_11' title='bbox 1409 361 1742 431; x_wconf 78' lang='lat' dir='ltr'><strong>episcopum,</strong></span> <span class='ocrx_word' id='word_1_12' title='bbox 1801 379 1922 433; x_wconf 62' lang='lat' dir='ltr'><strong>quae</strong></span> <span class='ocrx_word' id='word_1_13' title='bbox 1948 364 2016 418; x_wconf 90' lang='lat' dir='ltr'><strong>de</strong></span> 
     </span>
    </p>
   </div>
   <div class='ocr_carea' id='block_1_4' title="bbox 2130 357 3688 440">
    <p class='ocr_par' dir='ltr' id='par_1_4' title="bbox 2130 359 3688 436">
     <span class='ocr_line' id='line_1_4' title="bbox 2130 359 3688 436; baseline -0.006 -17"><span class='ocrx_word' id='word_1_14' title='bbox 2130 383 2226 431; x_wconf 68' lang='grc' dir='ltr'><strong>νος,</strong></span> <span class='ocrx_word' id='word_1_15' title='bbox 2255 366 2390 436; x_wconf 75' lang='grc' dir='ltr'><strong>πρὸς</strong></span> <span class='ocrx_word' id='word_1_16' title='bbox 2413 365 2505 418; x_wconf 84' lang='grc' dir='ltr'><strong>τὸν</strong></span> <span class='ocrx_word' id='word_1_17' title='bbox 2528 363 2827 418; x_wconf 84' lang='grc' dir='ltr'><strong>ἐπίσκοπον</strong></span> <span class='ocrx_word' id='word_1_18' title='bbox 2856 363 3116 433; x_wconf 82' lang='grc' dir='ltr'><strong>Κομάνης</strong></span> <span class='ocrx_word' id='word_1_19' title='bbox 3153 360 3417 434; x_wconf 78' lang='grc' dir='ltr'><strong>Ὀρμίζην</strong></span> <span class='ocrx_word' id='word_1_20' title='bbox 3438 359 3688 414; x_wconf 78' lang='grc' dir='ltr'><strong>ἐπιστέλ-</strong></span> 
     </span>
    </p>
   </div>
   <div class='ocr_carea' id='block_1_5' title="bbox 438 451 2014 521">
    <p class='ocr_par' dir='ltr' id='par_1_5' title="bbox 438 451 2014 521">
     <span class='ocr_line' id='line_1_5' title="bbox 438 451 2014 521; baseline 0.001 -17"><span class='ocrx_word' id='word_1_21' title='bbox 438 451 728 520; x_wconf 89' lang='lat' dir='ltr'><strong>Lampetio</strong></span> <span class='ocrx_word' id='word_1_22' title='bbox 752 459 1160 521; x_wconf 73' lang='lat' dir='ltr'><strong>spargerentur,</strong></span> <span class='ocrx_word' id='word_1_23' title='bbox 1203 451 1527 507; x_wconf 80' lang='lat' dir='ltr'><strong>excutienda</strong></span> <span class='ocrx_word' id='word_1_24' title='bbox 1565 452 1736 507; x_wconf 91' lang='lat' dir='ltr'><strong>misit.</strong></span> <span class='ocrx_word' id='word_1_25' title='bbox 1772 452 2014 508; x_wconf 87' lang='lat' dir='ltr'><strong>Accusa-</strong></span> 
     </span>
    </p>
   </div>
   <div class='ocr_carea' id='block_1_6' title="bbox 437 542 2014 614">
    <p class='ocr_par' dir='ltr' id='par_1_6' title="bbox 437 542 2014 614">
     <span class='ocr_line' id='line_1_6' title="bbox 437 542 2014 614; baseline 0.003 -18"><span class='ocrx_word' id='word_1_26' title='bbox 437 542 603 598; x_wconf 89' lang='lat' dir='ltr'><strong>tionis</strong></span> <span class='ocrx_word' id='word_1_27' title='bbox 621 551 781 596; x_wconf 90' lang='lat' dir='ltr'><strong>erant</strong></span> <span class='ocrx_word' id='word_1_28' title='bbox 819 543 994 613; x_wconf 88' lang='lat' dir='ltr'><strong>capita</strong></span> <span class='ocrx_word' id='word_1_29' title='bbox 1027 545 1141 598; x_wconf 76' lang='lat' dir='ltr'><strong>hare</strong></span> <span class='ocrx_word' id='word_1_30' title='bbox 1173 559 1189 598; x_wconf 90' lang='lat'><strong>:</strong></span> <span class='ocrx_word' id='word_1_31' title='bbox 1218 543 1450 597; x_wconf 71' lang='lat' dir='ltr'><strong>Puellam</strong></span> <span class='ocrx_word' id='word_1_32' title='bbox 1508 543 1654 598; x_wconf 83' lang='lat' dir='ltr'><strong>ulnis</strong></span> <span class='ocrx_word' id='word_1_33' title='bbox 1709 545 2014 614; x_wconf 83' lang='lat' dir='ltr'><strong>amplexum</strong></span> 
     </span>
    </p>
   </div>
   <div class='ocr_carea' id='block_1_7' title="bbox 439 633 2019 704">
    <p class='ocr_par' dir='ltr' id='par_1_7' title="bbox 439 633 2019 704">
     <span class='ocr_line' id='line_1_7' title="bbox 439 633 2019 704; baseline 0.004 -19"><span class='ocrx_word' id='word_1_34' title='bbox 439 645 601 701; x_wconf 91' lang='lat' dir='ltr'><strong>atque</strong></span> <span class='ocrx_word' id='word_1_35' title='bbox 640 635 1015 690; x_wconf 78' lang='lat' dir='ltr'><strong>exosculatum</strong></span> <span class='ocrx_word' id='word_1_36' title='bbox 1051 635 1244 690; x_wconf 80' lang='lat' dir='ltr'><strong>fuisse.</strong></span> <span class='ocrx_word' id='word_1_37' title='bbox 1300 633 1477 704; x_wconf 83' lang='lat' dir='ltr'><strong>Ipsum</strong></span> <span class='ocrx_word' id='word_1_38' title='bbox 1522 636 1860 704; x_wconf 88' lang='lat' dir='ltr'><strong>Lampetium</strong></span> <span class='ocrx_word' id='word_1_39' title='bbox 1892 654 2019 691; x_wconf 86' lang='lat' dir='ltr'><strong>nar-</strong></span> 
     </span>
    </p>
   </div>
   <div class='ocr_carea' id='block_1_8' title="bbox 407 727 2014 800">
    <p class='ocr_par' dir='ltr' id='par_1_8' title="bbox 407 727 2014 800">
     <span class='ocr_line' id='line_1_8' title="bbox 407 727 2014 800; baseline 0.007 -26"><span class='ocrx_word' id='word_1_40' title='bbox 407 742 614 791; x_wconf 71' lang='lat' dir='ltr'><strong>.rasse,</strong></span> <span class='ocrx_word' id='word_1_41' title='bbox 653 727 1048 800; x_wconf 85' lang='lat' dir='ltr'><strong>Hierosolymis</strong></span> <span class='ocrx_word' id='word_1_42' title='bbox 1101 743 1162 783; x_wconf 90' lang='lat' dir='ltr'><strong>se</strong></span> <span class='ocrx_word' id='word_1_43' title='bbox 1200 743 1323 782; x_wconf 93' lang='lat' dir='ltr'><strong>cum</strong></span> <span class='ocrx_word' id='word_1_44' title='bbox 1363 728 1667 783; x_wconf 83' lang='lat' dir='ltr'><strong>diaconissa</strong></span> <span class='ocrx_word' id='word_1_45' title='bbox 1731 745 2014 799; x_wconf 73' lang='lat' dir='ltr'><strong>peccasse;</strong></span> 
     </span>
    </p>
   </div>
   <div class='ocr_carea' id='block_1_9' title="bbox 443 819 2018 888">
    <p class='ocr_par' dir='ltr' id='par_1_9' title="bbox 443 819 2018 888">
     <span class='ocr_line' id='line_1_9' title="bbox 443 819 2018 888; baseline 0.001 -15"><span class='ocrx_word' id='word_1_46' title='bbox 443 821 839 874; x_wconf 86' lang='lat' dir='ltr'><strong>accedentibus</strong></span> <span class='ocrx_word' id='word_1_47' title='bbox 867 821 988 874; x_wconf 89' lang='lat' dir='ltr'><strong>dein</strong></span> <span class='ocrx_word' id='word_1_48' title='bbox 1017 819 1288 874; x_wconf 87' lang='lat' dir='ltr'><strong>nonnullis</strong></span> <span class='ocrx_word' id='word_1_49' title='bbox 1332 821 1422 888; x_wconf 88' lang='lat' dir='ltr'><strong>qui</strong></span> <span class='ocrx_word' id='word_1_50' title='bbox 1471 821 1659 874; x_wconf 91' lang='lat' dir='ltr'><strong>morbo</strong></span> <span class='ocrx_word' id='word_1_51' title='bbox 1698 821 2018 875; x_wconf 82' lang='lat' dir='ltr'><strong>medicinam</strong></span> 
     </span>
    </p>
   </div>
   <div class='ocr_carea' id='block_1_10' title="bbox 442 910 2021 982">
    <p class='ocr_par' dir='ltr' id='par_1_10' title="bbox 442 910 2021 982">
     <span class='ocr_line' id='line_1_10' title="bbox 442 910 2021 982; baseline 0.004 -23"><span class='ocrx_word' id='word_1_52' title='bbox 442 919 771 976; x_wconf 60' lang='lat' dir='ltr'><strong>quaererent,</strong></span> <span class='ocrx_word' id='word_1_53' title='bbox 807 910 1074 971; x_wconf 76' lang='lat' dir='ltr'><strong>adducite,</strong></span> <span class='ocrx_word' id='word_1_54' title='bbox 1111 911 1332 975; x_wconf 82' lang='lat' dir='ltr'><strong>dixisse,</strong></span> <span class='ocrx_word' id='word_1_55' title='bbox 1380 911 1662 981; x_wconf 84' lang='lat' dir='ltr'><strong>pulchram</strong></span> <span class='ocrx_word' id='word_1_56' title='bbox 1712 912 1843 966; x_wconf 91' lang='lat' dir='ltr'><strong>mihi</strong></span> <span class='ocrx_word' id='word_1_57' title='bbox 1871 913 2021 982; x_wconf 87' lang='lat' dir='ltr'><strong>puel-</strong></span> 
     </span>
    </p>
   </div>
   <div class='ocr_carea' id='block_1_11' title="bbox 443 998 2015 1071">
    <p class='ocr_par' dir='ltr' id='par_1_11' title="bbox 443 998 2015 1071">
     <span class='ocr_line' id='line_1_11' title="bbox 443 998 2015 1071; baseline 0.006 -21"><span class='ocrx_word' id='word_1_58' title='bbox 443 998 575 1062; x_wconf 86' lang='lat' dir='ltr'><strong>lam,</strong></span> <span class='ocrx_word' id='word_1_59' title='bbox 613 1001 1007 1070; x_wconf 86' lang='lat' dir='ltr'><strong>ostendamque</strong></span> <span class='ocrx_word' id='word_1_60' title='bbox 1066 1001 1160 1055; x_wconf 88' lang='lat' dir='ltr'><strong>tibi</strong></span> <span class='ocrx_word' id='word_1_61' title='bbox 1212 1002 1670 1057; x_wconf 86' lang='lat' dir='ltr'><strong>sanctimoniam:</strong></span> <span class='ocrx_word' id='word_1_62' title='bbox 1721 1017 1816 1058; x_wconf 91' lang='lat' dir='ltr'><strong>eos</strong></span> <span class='ocrx_word' id='word_1_63' title='bbox 1867 1005 2015 1071; x_wconf 89' lang='lat' dir='ltr'><strong>item,</strong></span> 
     </span>
    </p>
   </div>
   <div class='ocr_carea' id='block_1_12' title="bbox 445 1091 2022 1162">
    <p class='ocr_par' dir='ltr' id='par_1_12' title="bbox 445 1091 2022 1162">
     <span class='ocr_line' id='line_1_12' title="bbox 445 1091 2022 1162; baseline 0.006 -21"><span class='ocrx_word' id='word_1_64' title='bbox 445 1091 544 1159; x_wconf 92' lang='lat' dir='ltr'><strong>qui</strong></span> <span class='ocrx_word' id='word_1_65' title='bbox 590 1091 748 1145; x_wconf 86' lang='lat' dir='ltr'><strong>statis</strong></span> <span class='ocrx_word' id='word_1_66' title='bbox 776 1093 925 1148; x_wconf 83' lang='lat' dir='ltr'><strong>horis</strong></span> <span class='ocrx_word' id='word_1_67' title='bbox 951 1093 1264 1162; x_wconf 89' lang='lat' dir='ltr'><strong>psallerent,</strong></span> <span class='ocrx_word' id='word_1_68' title='bbox 1294 1093 1438 1150; x_wconf 66' lang='lat' dir='ltr'><strong>{uade</strong></span> <span class='ocrx_word' id='word_1_69' title='bbox 1470 1095 1726 1156; x_wconf 83' lang='lat' dir='ltr'><strong>irrisisse,</strong></span> <span class='ocrx_word' id='word_1_70' title='bbox 1761 1105 1814 1148; x_wconf 92' lang='lat' dir='ltr'><strong>et</strong></span> <span class='ocrx_word' id='word_1_71' title='bbox 1835 1096 2022 1150; x_wconf 83' lang='lat' dir='ltr'><strong>convi-</strong></span> 
     </span>
    </p>
   </div>
   <div class='ocr_carea' id='block_1_13' title="bbox 450 1181 2018 1256">
    <p class='ocr_par' dir='ltr' id='par_1_13' title="bbox 450 1181 2018 1256">
     <span class='ocr_line' id='line_1_13' title="bbox 450 1181 2018 1256; baseline 0.006 -23"><span class='ocrx_word' id='word_1_72' title='bbox 450 1181 538 1236; x_wconf 85' lang='lat' dir='ltr'><strong>tiis</strong></span> <span class='ocrx_word' id='word_1_73' title='bbox 568 1181 916 1248; x_wconf 83' lang='lat' dir='ltr'><strong>insectatum,</strong></span> <span class='ocrx_word' id='word_1_74' title='bbox 979 1194 1236 1254; x_wconf 85' lang='lat' dir='ltr'><strong>tanquam</strong></span> <span class='ocrx_word' id='word_1_75' title='bbox 1299 1187 1400 1256; x_wconf 89' lang='lat' dir='ltr'><strong>legi</strong></span> <span class='ocrx_word' id='word_1_76' title='bbox 1448 1187 1624 1241; x_wconf 86' lang='lat' dir='ltr'><strong>adhuc</strong></span> <span class='ocrx_word' id='word_1_77' title='bbox 1671 1188 2018 1254; x_wconf 74' lang='lat' dir='ltr'><strong>servientes;</strong></span> 
     </span>
    </p>
   </div>
   <div class='ocr_carea' id='block_1_14' title="bbox 446 1272 2023 1348">
    <p class='ocr_par' dir='ltr' id='par_1_14' title="bbox 446 1272 2023 1348">
     <span class='ocr_line' id='line_1_14' title="bbox 446 1272 2023 1348; baseline 0.004 -23"><span class='ocrx_word' id='word_1_78' title='bbox 446 1272 657 1340; x_wconf 86' lang='lat' dir='ltr'><strong>aliaque</strong></span> <span class='ocrx_word' id='word_1_79' title='bbox 674 1273 854 1328; x_wconf 90' lang='lat' dir='ltr'><strong>multa</strong></span> <span class='ocrx_word' id='word_1_80' title='bbox 892 1276 941 1328; x_wconf 88' lang='lat' dir='ltr'><strong>id</strong></span> <span class='ocrx_word' id='word_1_81' title='bbox 983 1291 1153 1343; x_wconf 87' lang='lat' dir='ltr'><strong>genus</strong></span> <span class='ocrx_word' id='word_1_82' title='bbox 1174 1275 1377 1330; x_wconf 86' lang='lat' dir='ltr'><strong>nefaria</strong></span> <span class='ocrx_word' id='word_1_83' title='bbox 1409 1277 1462 1331; x_wconf 89' lang='lat' dir='ltr'><strong>in</strong></span> <span class='ocrx_word' id='word_1_84' title='bbox 1492 1278 1585 1332; x_wconf 94' lang='lat' dir='ltr'><strong>illo</strong></span> <span class='ocrx_word' id='word_1_85' title='bbox 1609 1287 2023 1348; x_wconf 80' lang='lat' dir='ltr'><strong>accusata,qu:e</strong></span> 
     </span>
    </p>
   </div>
   <div class='ocr_carea' id='block_1_15' title="bbox 446 1362 2041 1436">
    <p class='ocr_par' dir='ltr' id='par_1_15' title="bbox 446 1362 2041 1436">
     <span class='ocr_line' id='line_1_15' title="bbox 446 1362 2041 1436; baseline 0.004 -18"><span class='ocrx_word' id='word_1_86' title='bbox 446 1379 476 1418; x_wconf 87' lang='lat' dir='ltr'><strong>a</strong></span> <span class='ocrx_word' id='word_1_87' title='bbox 506 1363 840 1422; x_wconf 85' lang='lat' dir='ltr'><strong>Messalianis</strong></span> <span class='ocrx_word' id='word_1_88' title='bbox 876 1375 930 1421; x_wconf 90' lang='lat' dir='ltr'><strong>et</strong></span> <span class='ocrx_word' id='word_1_89' title='bbox 957 1367 1115 1434; x_wconf 85' lang='lat' dir='ltr'><strong>ﬁunt,</strong></span> <span class='ocrx_word' id='word_1_90' title='bbox 1143 1378 1194 1422; x_wconf 92' lang='lat' dir='ltr'><strong>et</strong></span> <span class='ocrx_word' id='word_1_91' title='bbox 1227 1369 1498 1423; x_wconf 87' lang='lat' dir='ltr'><strong>dicuntur.</strong></span> <span class='ocrx_word' id='word_1_92' title='bbox 1553 1362 2041 1436; x_wconf 12' lang='lat' dir='ltr'><strong>Quemadmodum.</strong></span> 
     </span>
    </p>
   </div>
   <div class='ocr_carea' id='block_1_16' title="bbox 448 1458 2022 1530">
    <p class='ocr_par' dir='ltr' id='par_1_16' title="bbox 448 1458 2022 1530">
     <span class='ocr_line' id='line_1_16' title="bbox 448 1458 2022 1530; baseline 0.005 -22"><span class='ocrx_word' id='word_1_93' title='bbox 448 1466 502 1508; x_wconf 86' lang='lat' dir='ltr'><strong>et</strong></span> <span class='ocrx_word' id='word_1_94' title='bbox 535 1472 658 1523; x_wconf 86' lang='lat' dir='ltr'><strong>nos,</strong></span> <span class='ocrx_word' id='word_1_95' title='bbox 721 1458 918 1526; x_wconf 86' lang='lat' dir='ltr'><strong>inquit,</strong></span> <span class='ocrx_word' id='word_1_96' title='bbox 982 1459 1107 1512; x_wconf 91' lang='lat' dir='ltr'><strong>dum</strong></span> <span class='ocrx_word' id='word_1_97' title='bbox 1140 1475 1238 1527; x_wconf 87' lang='lat' dir='ltr'><strong>pro</strong></span> <span class='ocrx_word' id='word_1_98' title='bbox 1264 1461 1408 1515; x_wconf 80' lang='lat' dir='ltr'><strong>virili</strong></span> <span class='ocrx_word' id='word_1_99' title='bbox 1470 1476 1734 1515; x_wconf 89' lang='lat' dir='ltr'><strong>conamur</strong></span> <span class='ocrx_word' id='word_1_100' title='bbox 1761 1463 2022 1530; x_wconf 89' lang='lat' dir='ltr'><strong>quosdam</strong></span> 
     </span>
    </p>
   </div>
   <div class='ocr_carea' id='block_1_17' title="bbox 447 1548 2024 1622">
    <p class='ocr_par' dir='ltr' id='par_1_17' title="bbox 447 1548 2024 1622">
     <span class='ocr_line' id='line_1_17' title="bbox 447 1548 2024 1622; baseline 0.006 -23"><span class='ocrx_word' id='word_1_101' title='bbox 447 1548 717 1602; x_wconf 86' lang='lat' dir='ltr'><strong>abducere</strong></span> <span class='ocrx_word' id='word_1_102' title='bbox 755 1549 823 1602; x_wconf 89' lang='lat' dir='ltr'><strong>ab</strong></span> <span class='ocrx_word' id='word_1_103' title='bbox 862 1550 964 1604; x_wconf 91' lang='lat' dir='ltr'><strong>hoc</strong></span> <span class='ocrx_word' id='word_1_104' title='bbox 985 1563 1190 1615; x_wconf 82' lang='lat' dir='ltr'><strong>errore,</strong></span> <span class='ocrx_word' id='word_1_105' title='bbox 1251 1552 1341 1620; x_wconf 93' lang='lat' dir='ltr'><strong>qui</strong></span> <span class='ocrx_word' id='word_1_106' title='bbox 1376 1567 1546 1621; x_wconf 89' lang='lat' dir='ltr'><strong>nuper</strong></span> <span class='ocrx_word' id='word_1_107' title='bbox 1569 1551 1729 1607; x_wconf 89' lang='lat' dir='ltr'><strong>istinc</strong></span> <span class='ocrx_word' id='word_1_108' title='bbox 1759 1553 2024 1622; x_wconf 83' lang='lat' dir='ltr'><strong>pullulare</strong></span> 
     </span>
    </p>
   </div>
   <div class='ocr_carea' id='block_1_18' title="bbox 447 1639 2020 1713">
    <p class='ocr_par' dir='ltr' id='par_1_18' title="bbox 447 1639 2020 1713">
     <span class='ocr_line' id='line_1_18' title="bbox 447 1639 2020 1713; baseline 0.004 -21"><span class='ocrx_word' id='word_1_109' title='bbox 447 1639 641 1706; x_wconf 71' lang='lat' dir='ltr'><strong>coepit,</strong></span> <span class='ocrx_word' id='word_1_110' title='bbox 668 1640 940 1707; x_wconf 75' lang='lat' dir='ltr'><strong>ingentem</strong></span> <span class='ocrx_word' id='word_1_111' title='bbox 968 1657 1100 1696; x_wconf 87' lang='lat' dir='ltr'><strong>sane</strong></span> <span class='ocrx_word' id='word_1_112' title='bbox 1131 1643 1470 1710; x_wconf 89' lang='lat' dir='ltr'><strong>putredinem</strong></span> <span class='ocrx_word' id='word_1_113' title='bbox 1528 1645 2020 1713; x_wconf 89' lang='lat' dir='ltr'><strong>perturbationum,</strong></span> 
     </span>
    </p>
   </div>
   <div class='ocr_carea' id='block_1_19' title="bbox 2114 446 3688 528">
    <p class='ocr_par' dir='ltr' id='par_1_19' title="bbox 2114 446 3688 528">
     <span class='ocr_line' id='line_1_19' title="bbox 2114 446 3688 528; baseline -0.002 -19"><span class='ocrx_word' id='word_1_114' title='bbox 2114 457 2195 511; x_wconf 87' lang='grc' dir='ltr'><strong>λει</strong></span> <span class='ocrx_word' id='word_1_115' title='bbox 2221 458 2287 511; x_wconf 81' lang='grc' dir='ltr'><strong>τὰ</strong></span> <span class='ocrx_word' id='word_1_116' title='bbox 2311 475 2377 509; x_wconf 90' lang='grc' dir='ltr'><strong>πε</strong></span> <span class='ocrx_word' id='word_1_117' title='bbox 2387 457 2441 528; x_wconf 81' lang='lat' dir='ltr'><strong>pl.</strong></span> <span class='ocrx_word' id='word_1_118' title='bbox 2470 456 2783 526; x_wconf 90' lang='grc' dir='ltr'><strong>Λαμπετίου</strong></span> <span class='ocrx_word' id='word_1_119' title='bbox 2808 455 3059 522; x_wconf 78' lang='grc' dir='ltr'><strong>ἐξετάσαι</strong></span> <span class='ocrx_word' id='word_1_120' title='bbox 3077 453 3366 525; x_wconf 79' lang='grc' dir='ltr'><strong>λεγόμενα.</strong></span> <span class='ocrx_word' id='word_1_121' title='bbox 3395 451 3506 506; x_wconf 74' lang='grc' dir='ltr'><strong>Καὶ</strong></span> <span class='ocrx_word' id='word_1_122' title='bbox 3526 446 3595 522; x_wconf 78' lang='grc' dir='ltr'><strong>ἦν</strong></span> <span class='ocrx_word' id='word_1_123' title='bbox 3618 450 3688 506; x_wconf 78' lang='grc' dir='ltr'><strong>τὰ</strong></span> 
     </span>
    </p>
   </div>
   <div class='ocr_carea' id='block_1_20' title="bbox 2115 541 3690 618">
    <p class='ocr_par' dir='ltr' id='par_1_20' title="bbox 2115 541 3690 618">
     <span class='ocr_line' id='line_1_20' title="bbox 2115 541 3690 618; baseline -0.004 -17"><span class='ocrx_word' id='word_1_124' title='bbox 2115 545 2514 618; x_wconf 86' lang='grc' dir='ltr'><strong>ἐγκαλούμενα,</strong></span> <span class='ocrx_word' id='word_1_125' title='bbox 2553 547 2634 600; x_wconf 80' lang='grc' dir='ltr'><strong>ὅτι</strong></span> <span class='ocrx_word' id='word_1_126' title='bbox 2662 545 2832 615; x_wconf 82' lang='grc' dir='ltr'><strong>κόρην</strong></span> <span class='ocrx_word' id='word_1_127' title='bbox 2863 543 3003 598; x_wconf 84' lang='grc' dir='ltr'><strong>κατὰ</strong></span> <span class='ocrx_word' id='word_1_128' title='bbox 3047 543 3222 614; x_wconf 82' lang='grc' dir='ltr'><strong>στόμα</strong></span> <span class='ocrx_word' id='word_1_129' title='bbox 3254 541 3420 612; x_wconf 84' lang='grc' dir='ltr'><strong>φιλῶν</strong></span> <span class='ocrx_word' id='word_1_130' title='bbox 3454 543 3690 611; x_wconf 85' lang='grc' dir='ltr'><strong>ἐνηγκα-</strong></span> 
     </span>
    </p>
   </div>
   <div class='ocr_carea' id='block_1_21' title="bbox 2115 631 3689 704">
    <p class='ocr_par' dir='ltr' id='par_1_21' title="bbox 2115 631 3689 704">
     <span class='ocr_line' id='line_1_21' title="bbox 2115 631 3689 704; baseline -0.003 -16"><span class='ocrx_word' id='word_1_131' title='bbox 2115 637 2314 703; x_wconf 78' lang='grc' dir='ltr'><strong>λίζετο,</strong></span> <span class='ocrx_word' id='word_1_132' title='bbox 2346 637 2442 690; x_wconf 73' lang='grc' dir='ltr'><strong>καὶ</strong></span> <span class='ocrx_word' id='word_1_133' title='bbox 2466 637 2548 689; x_wconf 84' lang='grc' dir='ltr'><strong>ὅτι</strong></span> <span class='ocrx_word' id='word_1_134' title='bbox 2577 635 2739 698; x_wconf 85' lang='grc' dir='ltr'><strong>αὐτὸς</strong></span> <span class='ocrx_word' id='word_1_135' title='bbox 2771 635 2977 698; x_wconf 81' lang='grc' dir='ltr'><strong>ἐκεῖνος</strong></span> <span class='ocrx_word' id='word_1_136' title='bbox 3014 633 3119 704; x_wconf 84' lang='grc' dir='ltr'><strong>ἐφη</strong></span> <span class='ocrx_word' id='word_1_137' title='bbox 3148 632 3460 704; x_wconf 85' lang='grc' dir='ltr'><strong>Λαμπέτιος</strong></span> <span class='ocrx_word' id='word_1_138' title='bbox 3490 631 3548 684; x_wconf 84' lang='grc' dir='ltr'><strong>ἐν</strong></span> <span class='ocrx_word' id='word_1_139' title='bbox 3587 631 3689 684; x_wconf 83' lang='grc' dir='ltr'><strong>Ἰε-</strong></span> 
     </span>
    </p>
   </div>
   <div class='ocr_carea' id='block_1_22' title="bbox 2119 723 3691 799">
    <p class='ocr_par' dir='ltr' id='par_1_22' title="bbox 2119 723 3691 799">
     <span class='ocr_line' id='line_1_22' title="bbox 2119 723 3691 799; baseline -0.004 -18"><span class='ocrx_word' id='word_1_140' title='bbox 2119 728 2435 799; x_wconf 88' lang='grc' dir='ltr'><strong>ροσολύμοις</strong></span> <span class='ocrx_word' id='word_1_141' title='bbox 2481 727 2618 798; x_wconf 85' lang='grc' dir='ltr'><strong>μετά</strong></span> <span class='ocrx_word' id='word_1_142' title='bbox 2651 744 2796 790; x_wconf 88' lang='grc' dir='ltr'><strong>τινος</strong></span> <span class='ocrx_word' id='word_1_143' title='bbox 2834 725 3179 796; x_wconf 87' lang='grc' dir='ltr'><strong>διακονίσσης</strong></span> <span class='ocrx_word' id='word_1_144' title='bbox 3217 725 3563 794; x_wconf 80' lang='grc' dir='ltr'><strong>ἐξαμαρτεῖν,</strong></span> <span class='ocrx_word' id='word_1_145' title='bbox 3594 723 3691 775; x_wconf 77' lang='grc' dir='ltr'><strong>καὶ</strong></span> 
     </span>
    </p>
   </div>
   <div class='ocr_carea' id='block_1_23' title="bbox 2117 813 3690 889">
    <p class='ocr_par' dir='ltr' id='par_1_23' title="bbox 2117 813 3690 889">
     <span class='ocr_line' id='line_1_23' title="bbox 2117 813 3690 889; baseline -0.004 -16"><span class='ocrx_word' id='word_1_146' title='bbox 2117 821 2197 873; x_wconf 83' lang='grc' dir='ltr'><strong>ὅτι</strong></span> <span class='ocrx_word' id='word_1_147' title='bbox 2231 819 2636 889; x_wconf 81' lang='grc' dir='ltr'><strong>προσελθόντων</strong></span> <span class='ocrx_word' id='word_1_148' title='bbox 2656 818 2702 850; x_wconf 81' lang='grc'><strong>⁸⁸</strong></span> <span class='ocrx_word' id='word_1_149' title='bbox 2727 817 2889 871; x_wconf 86' lang='grc' dir='ltr'><strong>τινῶν</strong></span> <span class='ocrx_word' id='word_1_150' title='bbox 2917 819 3012 871; x_wconf 79' lang='grc' dir='ltr'><strong>καὶ</strong></span> <span class='ocrx_word' id='word_1_151' title='bbox 3032 818 3338 887; x_wconf 80' lang='grc' dir='ltr'><strong>νοσήματος</strong></span> <span class='ocrx_word' id='word_1_152' title='bbox 3369 817 3512 869; x_wconf 87' lang='grc' dir='ltr'><strong>ῐασιν</strong></span> <span class='ocrx_word' id='word_1_153' title='bbox 3542 813 3690 879; x_wconf 84' lang='grc' dir='ltr'><strong>ἐξαι-</strong></span> 
     </span>
    </p>
   </div>
   <div class='ocr_carea' id='block_1_24' title="bbox 2119 905 3692 981">
    <p class='ocr_par' dir='ltr' id='par_1_24' title="bbox 2119 905 3692 981">
     <span class='ocr_line' id='line_1_24' title="bbox 2119 905 3692 981; baseline -0.004 -16"><span class='ocrx_word' id='word_1_154' title='bbox 2119 930 2210 965; x_wconf 90' lang='grc' dir='ltr'><strong>του</strong></span> <span class='ocrx_word' id='word_1_155' title='bbox 2219 912 2394 981; x_wconf 85' lang='grc' dir='ltr'><strong>μένων</strong></span> <span class='ocrx_word' id='word_1_156' title='bbox 2417 911 2543 980; x_wconf 80' lang='grc' dir='ltr'><strong>ἔφη,</strong></span> <span class='ocrx_word' id='word_1_157' title='bbox 2560 929 2577 962; x_wconf 84' lang='lat' dir='ltr'><strong>t</strong></span> <span class='ocrx_word' id='word_1_158' title='bbox 2602 911 2732 980; x_wconf 86' lang='grc' dir='ltr'><strong>φέρε</strong></span> <span class='ocrx_word' id='word_1_159' title='bbox 2753 909 2881 979; x_wconf 86' lang='grc' dir='ltr'><strong>μίαν</strong></span> <span class='ocrx_word' id='word_1_160' title='bbox 2908 909 3075 980; x_wconf 76' lang='grc' dir='ltr'><strong>κόρην</strong></span> <span class='ocrx_word' id='word_1_161' title='bbox 3104 907 3239 978; x_wconf 85' lang='grc' dir='ltr'><strong>πρὸς</strong></span> <span class='ocrx_word' id='word_1_162' title='bbox 3267 906 3366 978; x_wconf 83' lang='grc' dir='ltr'><strong>ἐμὲ</strong></span> <span class='ocrx_word' id='word_1_163' title='bbox 3383 905 3573 976; x_wconf 80' lang='grc' dir='ltr'><strong>καλὴν,</strong></span> <span class='ocrx_word' id='word_1_164' title='bbox 3597 905 3692 960; x_wconf 75' lang='grc' dir='ltr'><strong>καὶ</strong></span> 
     </span>
    </p>
   </div>
   <div class='ocr_carea' id='block_1_25' title="bbox 2118 996 3686 1074">
    <p class='ocr_par' dir='ltr' id='par_1_25' title="bbox 2118 996 3686 1074">
     <span class='ocr_line' id='line_1_25' title="bbox 2118 996 3686 1074; baseline -0.005 -16"><span class='ocrx_word' id='word_1_165' title='bbox 2118 1003 2279 1069; x_wconf 88' lang='grc' dir='ltr'><strong>δείξω</strong></span> <span class='ocrx_word' id='word_1_166' title='bbox 2313 1021 2396 1056; x_wconf 92' lang='grc' dir='ltr'><strong>σοι</strong></span> <span class='ocrx_word' id='word_1_167' title='bbox 2429 1003 2758 1074; x_wconf 85' lang='grc' dir='ltr'><strong>ἁγιωσύνην,</strong></span> <span class='ocrx_word' id='word_1_168' title='bbox 2792 1021 2812 1054; x_wconf 75' lang='grc' dir='ltr'><strong>ι</strong></span> <span class='ocrx_word' id='word_1_169' title='bbox 2846 1001 2939 1055; x_wconf 74' lang='grc' dir='ltr'><strong>καὶ</strong></span> <span class='ocrx_word' id='word_1_170' title='bbox 2971 1002 3052 1054; x_wconf 84' lang='grc' dir='ltr'><strong>ὅτι</strong></span> <span class='ocrx_word' id='word_1_171' title='bbox 3093 1001 3220 1064; x_wconf 83' lang='grc' dir='ltr'><strong>τοὺς</strong></span> <span class='ocrx_word' id='word_1_172' title='bbox 3247 999 3345 1063; x_wconf 85' lang='grc' dir='ltr'><strong>τὰς</strong></span> <span class='ocrx_word' id='word_1_173' title='bbox 3374 997 3523 1069; x_wconf 83' lang='grc' dir='ltr'><strong>ὥρας</strong></span> <span class='ocrx_word' id='word_1_174' title='bbox 3553 996 3686 1067; x_wconf 79' lang='grc' dir='ltr'><strong>ψάλο</strong></span> 
     </span>
    </p>
   </div>
   <div class='ocr_carea' id='block_1_26' title="bbox 2121 1087 3692 1165">
    <p class='ocr_par' dir='ltr' id='par_1_26' title="bbox 2121 1087 3692 1165">
     <span class='ocr_line' id='line_1_26' title="bbox 2121 1087 3692 1165; baseline -0.005 -17"><span class='ocrx_word' id='word_1_175' title='bbox 2121 1096 2310 1158; x_wconf 86' lang='grc' dir='ltr'><strong>λοντας</strong></span> <span class='ocrx_word' id='word_1_176' title='bbox 2341 1092 2739 1165; x_wconf 82' lang='grc' dir='ltr'><strong>ἐξεμυκτήριζε</strong></span> <span class='ocrx_word' id='word_1_177' title='bbox 2773 1093 2867 1146; x_wconf 76' lang='grc' dir='ltr'><strong>καὶ</strong></span> <span class='ocrx_word' id='word_1_178' title='bbox 2893 1092 3140 1164; x_wconf 82' lang='grc' dir='ltr'><strong>διέσυρεν</strong></span> <span class='ocrx_word' id='word_1_179' title='bbox 3171 1091 3246 1154; x_wconf 89' lang='grc' dir='ltr'><strong>ὡς</strong></span> <span class='ocrx_word' id='word_1_180' title='bbox 3283 1089 3388 1144; x_wconf 80' lang='grc' dir='ltr'><strong>ὑπὸ</strong></span> <span class='ocrx_word' id='word_1_181' title='bbox 3420 1089 3583 1161; x_wconf 86' lang='grc' dir='ltr'><strong>νόμον</strong></span> <span class='ocrx_word' id='word_1_182' title='bbox 3611 1087 3692 1141; x_wconf 81' lang='grc' dir='ltr'><strong>ἐτι</strong></span> 
     </span>
    </p>
   </div>
   <div class='ocr_carea' id='block_1_27' title="bbox 2121 1179 3702 1256">
    <p class='ocr_par' dir='ltr' id='par_1_27' title="bbox 2121 1179 3702 1256">
     <span class='ocr_line' id='line_1_27' title="bbox 2121 1179 3702 1256; baseline -0.003 -17"><span class='ocrx_word' id='word_1_183' title='bbox 2121 1186 2509 1256; x_wconf 85' lang='grc' dir='ltr'><strong>τυγχάνοντας.</strong></span> <span class='ocrx_word' id='word_1_184' title='bbox 2543 1185 2653 1238; x_wconf 82' lang='lat' dir='ltr'><strong>Kal.</strong></span> <span class='ocrx_word' id='word_1_185' title='bbox 2680 1183 2814 1238; x_wconf 81' lang='grc' dir='ltr'><strong>ἄλλα</strong></span> <span class='ocrx_word' id='word_1_186' title='bbox 2848 1183 2984 1238; x_wconf 76' lang='grc' dir='ltr'><strong>ἅττα</strong></span> <span class='ocrx_word' id='word_1_187' title='bbox 3028 1181 3263 1252; x_wconf 81' lang='grc' dir='ltr'><strong>ἀθέμιτα</strong></span> <span class='ocrx_word' id='word_1_188' title='bbox 3299 1179 3630 1250; x_wconf 85' lang='grc' dir='ltr'><strong>διεϐέϐλητο,</strong></span> <span class='ocrx_word' id='word_1_189' title='bbox 3655 1179 3702 1234; x_wconf 64' lang='grc' dir='ltr'><strong>ὃ.</strong></span> 
     </span>
    </p>
   </div>
   <div class='ocr_carea' id='block_1_28' title="bbox 2122 1269 3693 1346">
    <p class='ocr_par' dir='ltr' id='par_1_28' title="bbox 2122 1269 3693 1346">
     <span class='ocr_line' id='line_1_28' title="bbox 2122 1269 3693 1346; baseline -0.004 -16"><span class='ocrx_word' id='word_1_190' title='bbox 2122 1279 2232 1339; x_wconf 77' lang='grc' dir='ltr'><strong>τοῖς</strong></span> <span class='ocrx_word' id='word_1_191' title='bbox 2260 1276 2622 1340; x_wconf 86' lang='grc' dir='ltr'><strong>Μεσαλιανοῖς</strong></span> <span class='ocrx_word' id='word_1_192' title='bbox 2674 1276 2767 1329; x_wconf 79' lang='grc' dir='ltr'><strong>καὶ</strong></span> <span class='ocrx_word' id='word_1_193' title='bbox 2809 1279 3045 1329; x_wconf 87' lang='grc' dir='ltr'><strong>ποιεῖται</strong></span> <span class='ocrx_word' id='word_1_194' title='bbox 3093 1273 3186 1328; x_wconf 77' lang='grc' dir='ltr'><strong>καὶ</strong></span> <span class='ocrx_word' id='word_1_195' title='bbox 3229 1273 3469 1346; x_wconf 77' lang='grc' dir='ltr'><strong>λέγεται,</strong></span> <span class='ocrx_word' id='word_1_196' title='bbox 3511 1269 3693 1334; x_wconf 84' lang='grc' dir='ltr'><strong>καθὼς</strong></span> 
     </span>
    </p>
   </div>
   <div class='ocr_carea' id='block_1_29' title="bbox 2123 1363 3697 1440">
    <p class='ocr_par' dir='ltr' id='par_1_29' title="bbox 2123 1363 3697 1440">
     <span class='ocr_line' id='line_1_29' title="bbox 2123 1363 3697 1440; baseline -0.003 -17"><span class='ocrx_word' id='word_1_197' title='bbox 2123 1369 2217 1423; x_wconf 74' lang='grc' dir='ltr'><strong>καὶ</strong></span> <span class='ocrx_word' id='word_1_198' title='bbox 2249 1371 2430 1440; x_wconf 81' lang='grc' dir='ltr'><strong>ἡμεῖς,</strong></span> <span class='ocrx_word' id='word_1_199' title='bbox 2457 1371 2533 1432; x_wconf 85' lang='grc' dir='ltr'><strong>ὼς</strong></span> <span class='ocrx_word' id='word_1_200' title='bbox 2561 1363 2672 1423; x_wconf 73' lang='grc' dir='ltr'><strong>οἷόν</strong></span> <span class='ocrx_word' id='word_1_201' title='bbox 2703 1385 2764 1421; x_wconf 87' lang='grc' dir='ltr'><strong>τε</strong></span> <span class='ocrx_word' id='word_1_202' title='bbox 2793 1370 2946 1438; x_wconf 81' lang='grc' dir='ltr'><strong>ἡμῖν,</strong></span> <span class='ocrx_word' id='word_1_203' title='bbox 2970 1367 3123 1429; x_wconf 81' lang='grc' dir='ltr'><strong>τινὰς</strong></span> <span class='ocrx_word' id='word_1_204' title='bbox 3144 1367 3245 1435; x_wconf 79' lang='grc' dir='ltr'><strong>τῆς</strong></span> <span class='ocrx_word' id='word_1_205' title='bbox 3277 1365 3532 1437; x_wconf 82' lang='grc' dir='ltr'><strong>τοιαύτης</strong></span> <span class='ocrx_word' id='word_1_206' title='bbox 3559 1363 3697 1418; x_wconf 87' lang='grc' dir='ltr'><strong>πλά-</strong></span> 
     </span>
    </p>
   </div>
   <div class='ocr_carea' id='block_1_30' title="bbox 2123 1453 3696 1529">
    <p class='ocr_par' dir='ltr' id='par_1_30' title="bbox 2123 1453 3696 1529">
     <span class='ocr_line' id='line_1_30' title="bbox 2123 1453 3696 1529; baseline -0.003 -18"><span class='ocrx_word' id='word_1_207' title='bbox 2123 1475 2221 1529; x_wconf 92' lang='grc' dir='ltr'><strong>νης</strong></span> <span class='ocrx_word' id='word_1_208' title='bbox 2282 1457 2605 1526; x_wconf 83' lang='grc' dir='ltr'><strong>ἀπάγοντες,</strong></span> <span class='ocrx_word' id='word_1_209' title='bbox 2647 1456 2737 1528; x_wconf 82' lang='grc'><strong>[19</strong></span> <span class='ocrx_word' id='word_1_210' title='bbox 2791 1455 2884 1527; x_wconf 73' lang='grc' dir='ltr'><strong>Η.]</strong></span> <span class='ocrx_word' id='word_1_211' title='bbox 2934 1455 3060 1526; x_wconf 80' lang='grc' dir='ltr'><strong>ἄρτι</strong></span> <span class='ocrx_word' id='word_1_212' title='bbox 3111 1455 3429 1526; x_wconf 79' lang='grc' dir='ltr'><strong>βλαστάνειν</strong></span> <span class='ocrx_word' id='word_1_213' title='bbox 3486 1453 3696 1508; x_wconf 85' lang='grc' dir='ltr'><strong>ἐκεῖθεν</strong></span> 
     </span>
    </p>
   </div>
   <div class='ocr_carea' id='block_1_31' title="bbox 2125 1544 3697 1619">
    <p class='ocr_par' dir='ltr' id='par_1_31' title="bbox 2125 1544 3697 1619">
     <span class='ocr_line' id='line_1_31' title="bbox 2125 1544 3697 1619; baseline -0.003 -18"><span class='ocrx_word' id='word_1_214' title='bbox 2125 1546 2438 1619; x_wconf 85' lang='grc' dir='ltr'><strong>ἀρξαμένης</strong></span> <span class='ocrx_word' id='word_1_215' title='bbox 2466 1549 2532 1610; x_wconf 77' lang='grc'><strong>³⁸,</strong></span> <span class='ocrx_word' id='word_1_216' title='bbox 2571 1545 2773 1618; x_wconf 77' lang='grc' dir='ltr'><strong>πολλὴν</strong></span> <span class='ocrx_word' id='word_1_217' title='bbox 2822 1546 3090 1617; x_wconf 86' lang='grc' dir='ltr'><strong>σηπεδόνα</strong></span> <span class='ocrx_word' id='word_1_218' title='bbox 3137 1544 3328 1599; x_wconf 85' lang='grc' dir='ltr'><strong>παθῶν</strong></span> <span class='ocrx_word' id='word_1_219' title='bbox 3375 1544 3470 1598; x_wconf 73' lang='grc' dir='ltr'><strong>καὶ</strong></span> <span class='ocrx_word' id='word_1_220' title='bbox 3498 1544 3697 1605; x_wconf 83' lang='grc' dir='ltr'><strong>κακίας</strong></span> 
     </span>
    </p>
   </div>
   <div class='ocr_carea' id='block_1_32' title="bbox 2123 1633 3696 1708">
    <p class='ocr_par' dir='ltr' id='par_1_32' title="bbox 2123 1633 3696 1708">
     <span class='ocr_line' id='line_1_32' title="bbox 2123 1633 3696 1708; baseline -0.003 -18"><span class='ocrx_word' id='word_1_221' title='bbox 2123 1637 2224 1701; x_wconf 83' lang='grc' dir='ltr'><strong>τὰς</strong></span> <span class='ocrx_word' id='word_1_222' title='bbox 2252 1637 2476 1691; x_wconf 76' lang='grc' dir='ltr'><strong>ἐκείνων</strong></span> <span class='ocrx_word' id='word_1_223' title='bbox 2507 1636 2685 1708; x_wconf 79' lang='grc' dir='ltr'><strong>ψυχὰς</strong></span> <span class='ocrx_word' id='word_1_224' title='bbox 2707 1636 3140 1707; x_wconf 76' lang='grc' dir='ltr'><strong>ἐπιϐοσκομένην</strong></span> <span class='ocrx_word' id='word_1_225' title='bbox 3169 1636 3513 1706; x_wconf 79' lang='grc' dir='ltr'><strong>ἑωράκαμεν.</strong></span> <span class='ocrx_word' id='word_1_226' title='bbox 3555 1633 3696 1687; x_wconf 83' lang='grc' dir='ltr'><strong>Ἀλλ’</strong></span> 
     </span>
    </p>
   </div>
   <div class='ocr_carea' id='block_1_33' title="bbox 449 1724 2025 1804">
    <p class='ocr_par' dir='ltr' id='par_1_33' title="bbox 449 1730 2021 1804">
     <span class='ocr_line' id='line_1_33' title="bbox 449 1730 2021 1804; baseline 0.006 -22"><span class='ocrx_word' id='word_1_227' title='bbox 449 1738 612 1798; x_wconf 90' lang='lat' dir='ltr'><strong>atque</strong></span> <span class='ocrx_word' id='word_1_228' title='bbox 648 1730 1032 1799; x_wconf 87' lang='lat' dir='ltr'><strong>improbitatis,</strong></span> <span class='ocrx_word' id='word_1_229' title='bbox 1061 1747 1248 1787; x_wconf 90' lang='lat' dir='ltr'><strong>eorum</strong></span> <span class='ocrx_word' id='word_1_230' title='bbox 1280 1734 1572 1801; x_wconf 85' lang='lat' dir='ltr'><strong>depascere</strong></span> <span class='ocrx_word' id='word_1_231' title='bbox 1593 1737 1805 1790; x_wconf 87' lang='lat' dir='ltr'><strong>animos</strong></span> <span class='ocrx_word' id='word_1_232' title='bbox 1827 1737 2021 1804; x_wconf 88' lang='lat' dir='ltr'><strong>depre—</strong></span> 
     </span>
    </p>
   </div>
   <div class='ocr_carea' id='block_1_34' title="bbox 2130 1724 3698 1804">
    <p class='ocr_par' dir='ltr' id='par_1_34' title="bbox 2130 1725 3698 1801">
     <span class='ocr_line' id='line_1_34' title="bbox 2130 1725 3698 1801; baseline -0.003 -17"><span class='ocrx_word' id='word_1_233' title='bbox 2130 1732 2153 1784; x_wconf 78' lang='grc' dir='ltr'>ὄ</span> <span class='ocrx_word' id='word_1_234' title='bbox 2185 1747 2249 1800; x_wconf 89' lang='grc' dir='ltr'><strong>γε</strong></span> <span class='ocrx_word' id='word_1_235' title='bbox 2286 1729 2605 1799; x_wconf 84' lang='grc' dir='ltr'><strong>Λαμπέτιος</strong></span> <span class='ocrx_word' id='word_1_236' title='bbox 2645 1728 2902 1801; x_wconf 82' lang='grc' dir='ltr'><strong>Ὀρμίζου</strong></span> <span class='ocrx_word' id='word_1_237' title='bbox 2940 1729 3038 1797; x_wconf 76' lang='grc' dir='ltr'><strong>μὲν</strong></span> <span class='ocrx_word' id='word_1_238' title='bbox 3082 1726 3179 1781; x_wconf 80' lang='grc' dir='ltr'><strong>τοῦ</strong></span> <span class='ocrx_word' id='word_1_239' title='bbox 3215 1726 3513 1780; x_wconf 74' lang='grc' dir='ltr'><strong>ἐπισκόπου</strong></span> <span class='ocrx_word' id='word_1_240' title='bbox 3542 1725 3698 1780; x_wconf 81' lang='grc' dir='ltr'><strong>δικά-</strong></span> 
     </span>
    </p>
   </div>
   <div class='ocr_carea' id='block_1_35' title="bbox 451 1821 2023 1898">
    <p class='ocr_par' dir='ltr' id='par_1_35' title="bbox 451 1821 2023 1898">
     <span class='ocr_line' id='line_1_35' title="bbox 451 1821 2023 1898; baseline 0.007 -24"><span class='ocrx_word' id='word_1_241' title='bbox 451 1821 764 1877; x_wconf 91' lang='lat' dir='ltr'><strong>hendimus.</strong></span> <span class='ocrx_word' id='word_1_242' title='bbox 799 1821 996 1878; x_wconf 84' lang='lat' dir='ltr'><strong>Verum</strong></span> <span class='ocrx_word' id='word_1_243' title='bbox 1027 1824 1112 1878; x_wconf 91' lang='lat' dir='ltr'><strong>hic</strong></span> <span class='ocrx_word' id='word_1_244' title='bbox 1131 1822 1467 1895; x_wconf 85' lang='lat' dir='ltr'><strong>Lampetius,</strong></span> <span class='ocrx_word' id='word_1_245' title='bbox 1496 1825 1748 1883; x_wconf 84' lang='lat' dir='ltr'><strong>Hormiza</strong></span> <span class='ocrx_word' id='word_1_246' title='bbox 1769 1829 2023 1898; x_wconf 91' lang='lat' dir='ltr'><strong>episcopo</strong></span> 
     </span>
    </p>
   </div>
   <div class='ocr_carea' id='block_1_36' title="bbox 445 1912 2022 1989">
    <p class='ocr_par' dir='ltr' id='par_1_36' title="bbox 445 1912 2022 1989">
     <span class='ocr_line' id='line_1_36' title="bbox 445 1912 2022 1989; baseline 0.008 -25"><span class='ocrx_word' id='word_1_247' title='bbox 445 1912 648 1981; x_wconf 83' lang='lat' dir='ltr'><strong>judice,</strong></span> <span class='ocrx_word' id='word_1_248' title='bbox 674 1923 728 1967; x_wconf 91' lang='lat' dir='ltr'><strong>et</strong></span> <span class='ocrx_word' id='word_1_249' title='bbox 756 1912 1027 1989; x_wconf 85' lang='lat' dir='ltr'><strong>Gerontio</strong></span> <span class='ocrx_word' id='word_1_250' title='bbox 1062 1917 1385 1987; x_wconf 88' lang='lat' dir='ltr'><strong>presbytero</strong></span> <span class='ocrx_word' id='word_1_251' title='bbox 1415 1925 1620 1984; x_wconf 88' lang='lat' dir='ltr'><strong>actore,</strong></span> <span class='ocrx_word' id='word_1_252' title='bbox 1645 1919 1840 1989; x_wconf 84' lang='lat' dir='ltr'><strong>partim</strong></span> <span class='ocrx_word' id='word_1_253' title='bbox 1866 1921 2022 1975; x_wconf 85' lang='lat' dir='ltr'><strong>testi-</strong></span> 
     </span>
    </p>
   </div>
   <div class='ocr_carea' id='block_1_37' title="bbox 448 1987 2021 2078">
    <p class='ocr_par' dir='ltr' id='par_1_37' title="bbox 448 1987 2021 2078">
     <span class='ocr_line' id='line_1_37' title="bbox 448 1987 2021 2078; baseline 0.006 -22"><span class='ocrx_word' id='word_1_254' title='bbox 448 2005 552 2056; x_wconf 88' lang='lat' dir='ltr'><strong>hus</strong></span> <span class='ocrx_word' id='word_1_255' title='bbox 581 1987 888 2073; x_wconf 77' lang='lat' dir='ltr'><strong>convictus,</strong></span> <span class='ocrx_word' id='word_1_256' title='bbox 941 2006 1139 2075; x_wconf 88' lang='lat' dir='ltr'><strong>partim</strong></span> <span class='ocrx_word' id='word_1_257' title='bbox 1195 2022 1290 2062; x_wconf 92' lang='lat' dir='ltr'><strong>sua</strong></span> <span class='ocrx_word' id='word_1_258' title='bbox 1340 2010 1456 2078; x_wconf 86' lang='lat' dir='ltr'><strong>ipse</strong></span> <span class='ocrx_word' id='word_1_259' title='bbox 1485 2008 1832 2066; x_wconf 82' lang='lat' dir='ltr'><strong>confessione</strong></span> <span class='ocrx_word' id='word_1_260' title='bbox 1875 2026 2021 2076; x_wconf 88' lang='lat' dir='ltr'><strong>reus,</strong></span> 
     </span>
    </p>
   </div>
   <div class='ocr_carea' id='block_1_38' title="bbox 450 2095 2023 2170">
    <p class='ocr_par' dir='ltr' id='par_1_38' title="bbox 450 2095 2023 2170">
     <span class='ocr_line' id='line_1_38' title="bbox 450 2095 2023 2170; baseline 0.008 -24"><span class='ocrx_word' id='word_1_261' title='bbox 450 2095 692 2148; x_wconf 89' lang='lat' dir='ltr'><strong>omnium</strong></span> <span class='ocrx_word' id='word_1_262' title='bbox 720 2096 942 2150; x_wconf 86' lang='lat' dir='ltr'><strong>calculis</strong></span> <span class='ocrx_word' id='word_1_263' title='bbox 969 2099 1264 2152; x_wconf 88' lang='lat' dir='ltr'><strong>sacerdotii</strong></span> <span class='ocrx_word' id='word_1_264' title='bbox 1323 2101 1586 2170; x_wconf 87' lang='lat' dir='ltr'><strong>dignitate</strong></span> <span class='ocrx_word' id='word_1_265' title='bbox 1628 2102 2023 2158; x_wconf 83' lang='lat' dir='ltr'><strong>submovetur:</strong></span> 
     </span>
    </p>
   </div>
   <div class='ocr_carea' id='block_1_39' title="bbox 451 2187 2021 2263">
    <p class='ocr_par' dir='ltr' id='par_1_39' title="bbox 451 2187 2021 2263">
     <span class='ocr_line' id='line_1_39' title="bbox 451 2187 2021 2263; baseline 0.008 -25"><span class='ocrx_word' id='word_1_266' title='bbox 451 2187 783 2240; x_wconf 83' lang='lat' dir='ltr'><strong>assentiente</strong></span> <span class='ocrx_word' id='word_1_267' title='bbox 803 2190 968 2243; x_wconf 88' lang='lat' dir='ltr'><strong>etiam</strong></span> <span class='ocrx_word' id='word_1_268' title='bbox 999 2190 1194 2261; x_wconf 80' lang='lat' dir='ltr'><strong>Alypio</strong></span> <span class='ocrx_word' id='word_1_269' title='bbox 1243 2191 1591 2260; x_wconf 75' lang='lat' dir='ltr'><strong>Caasariensi,</strong></span> <span class='ocrx_word' id='word_1_270' title='bbox 1641 2195 1734 2263; x_wconf 90' lang='lat' dir='ltr'><strong>qui</strong></span> <span class='ocrx_word' id='word_1_271' title='bbox 1762 2195 2021 2250; x_wconf 90' lang='lat' dir='ltr'><strong>miserum</strong></span> 
     </span>
    </p>
   </div>
   <div class='ocr_carea' id='block_1_40' title="bbox 451 2273 2022 2354">
    <p class='ocr_par' dir='ltr' id='par_1_40' title="bbox 451 2273 2022 2354">
     <span class='ocr_line' id='line_1_40' title="bbox 451 2273 2022 2354; baseline 0.009 -27"><span class='ocrx_word' id='word_1_272' title='bbox 451 2273 598 2328; x_wconf 92' lang='lat' dir='ltr'><strong>illum</strong></span> <span class='ocrx_word' id='word_1_273' title='bbox 626 2277 907 2349; x_wconf 88' lang='lat' dir='ltr'><strong>(deceptus</strong></span> <span class='ocrx_word' id='word_1_274' title='bbox 933 2281 1071 2353; x_wconf 83' lang='lat' dir='ltr'><strong>ipse)</strong></span> <span class='ocrx_word' id='word_1_275' title='bbox 1106 2282 1484 2354; x_wconf 88' lang='lat' dir='ltr'><strong>presbyterum</strong></span> <span class='ocrx_word' id='word_1_276' title='bbox 1528 2285 1831 2341; x_wconf 90' lang='lat' dir='ltr'><strong>ordinarat.</strong></span> <span class='ocrx_word' id='word_1_277' title='bbox 1875 2286 2022 2341; x_wconf 87' lang='lat' dir='ltr'><strong>Idem</strong></span> 
     </span>
    </p>
   </div>
   <div class='ocr_carea' id='block_1_41' title="bbox 448 2369 2024 2449">
    <p class='ocr_par' dir='ltr' id='par_1_41' title="bbox 448 2369 2024 2449">
     <span class='ocr_line' id='line_1_41' title="bbox 448 2369 2024 2449; baseline 0.009 -31"><span class='ocrx_word' id='word_1_278' title='bbox 448 2381 579 2422; x_wconf 87' lang='lat' dir='ltr'><strong>vero</strong></span> <span class='ocrx_word' id='word_1_279' title='bbox 601 2369 1058 2429; x_wconf 90' lang='lat' dir='ltr'><strong>sceleratissimus</strong></span> <span class='ocrx_word' id='word_1_280' title='bbox 1104 2375 1421 2445; x_wconf 90' lang='lat' dir='ltr'><strong>Lampetius</strong></span> <span class='ocrx_word' id='word_1_281' title='bbox 1471 2375 1672 2432; x_wconf 87' lang='lat' dir='ltr'><strong>librum</strong></span> <span class='ocrx_word' id='word_1_282' title='bbox 1734 2379 2024 2449; x_wconf 87' lang='lat' dir='ltr'><strong>quemdam</strong></span> 
     </span>
    </p>
   </div>
   <div class='ocr_carea' id='block_1_42' title="bbox 449 2460 2027 2534">
    <p class='ocr_par' dir='ltr' id='par_1_42' title="bbox 449 2460 2027 2534">
     <span class='ocr_line' id='line_1_42' title="bbox 449 2460 2027 2534; baseline 0.011 -26"><span class='ocrx_word' id='word_1_283' title='bbox 449 2460 772 2527; x_wconf 83' lang='lat' dir='ltr'><strong>composuit,</strong></span> <span class='ocrx_word' id='word_1_284' title='bbox 801 2477 962 2531; x_wconf 88' lang='lat' dir='ltr'><strong>quem</strong></span> <span class='ocrx_word' id='word_1_285' title='bbox 997 2468 1394 2522; x_wconf 79' lang='lat' dir='ltr'><strong>Testamentum</strong></span> <span class='ocrx_word' id='word_1_286' title='bbox 1423 2469 1742 2534; x_wconf 84' lang='lat' dir='ltr'><strong>nominavit,</strong></span> <span class='ocrx_word' id='word_1_287' title='bbox 1805 2470 1897 2524; x_wconf 90' lang='lat' dir='ltr'><strong>cui</strong></span> <span class='ocrx_word' id='word_1_288' title='bbox 1924 2471 2027 2525; x_wconf 91' lang='lat' dir='ltr'><strong>im-</strong></span> 
     </span>
    </p>
   </div>
   <div class='ocr_carea' id='block_1_43' title="bbox 451 2551 2024 2631">
    <p class='ocr_par' dir='ltr' id='par_1_43' title="bbox 451 2551 2024 2631">
     <span class='ocr_line' id='line_1_43' title="bbox 451 2551 2024 2631; baseline 0.011 -31"><span class='ocrx_word' id='word_1_289' title='bbox 451 2551 668 2617; x_wconf 87' lang='lat' dir='ltr'><strong>pietatis</strong></span> <span class='ocrx_word' id='word_1_290' title='bbox 692 2566 803 2607; x_wconf 68' lang='lat' dir='ltr'><strong>suae</strong></span> <span class='ocrx_word' id='word_1_291' title='bbox 829 2552 1082 2626; x_wconf 83' lang='lat' dir='ltr'><strong>dogmata</strong></span> <span class='ocrx_word' id='word_1_292' title='bbox 1103 2560 1348 2626; x_wconf 68' lang='lat' dir='ltr'><strong>quaedam</strong></span> <span class='ocrx_word' id='word_1_293' title='bbox 1374 2561 1652 2631; x_wconf 89' lang='lat' dir='ltr'><strong>inspersit,</strong></span> <span class='ocrx_word' id='word_1_294' title='bbox 1686 2577 1808 2616; x_wconf 89' lang='lat' dir='ltr'><strong>eum</strong></span> <span class='ocrx_word' id='word_1_295' title='bbox 1827 2562 2024 2617; x_wconf 90' lang='lat' dir='ltr'><strong>librum</strong></span> 
     </span>
    </p>
   </div>
   <div class='ocr_carea' id='block_1_44' title="bbox 459 2642 2027 2724">
    <p class='ocr_par' dir='ltr' id='par_1_44' title="bbox 459 2642 2027 2724">
     <span class='ocr_line' id='line_1_44' title="bbox 459 2642 2027 2724; baseline 0.01 -30"><span class='ocrx_word' id='word_1_296' title='bbox 459 2642 714 2709; x_wconf 83' lang='lat' dir='ltr'><strong>Severus,</strong></span> <span class='ocrx_word' id='word_1_297' title='bbox 745 2646 836 2713; x_wconf 93' lang='lat' dir='ltr'><strong>qui</strong></span> <span class='ocrx_word' id='word_1_298' title='bbox 868 2649 1262 2704; x_wconf 85' lang='lat' dir='ltr'><strong>Antiochenam</strong></span> <span class='ocrx_word' id='word_1_299' title='bbox 1289 2651 1484 2708; x_wconf 89' lang='lat' dir='ltr'><strong>invasit</strong></span> <span class='ocrx_word' id='word_1_300' title='bbox 1513 2655 1718 2716; x_wconf 86' lang='lat' dir='ltr'><strong>sedem,</strong></span> <span class='ocrx_word' id='word_1_301' title='bbox 1748 2655 2027 2724; x_wconf 84' lang='lat' dir='ltr'><strong>presbyter</strong></span> 
     </span>
    </p>
   </div>
   <div class='ocr_carea' id='block_1_45' title="bbox 452 2733 2022 2815">
    <p class='ocr_par' dir='ltr' id='par_1_45' title="bbox 452 2733 2022 2815">
     <span class='ocr_line' id='line_1_45' title="bbox 452 2733 2022 2815; baseline 0.011 -31"><span class='ocrx_word' id='word_1_302' title='bbox 452 2733 619 2786; x_wconf 86' lang='lat' dir='ltr'><strong>etiam</strong></span> <span class='ocrx_word' id='word_1_303' title='bbox 653 2738 923 2793; x_wconf 83' lang='lat' dir='ltr'><strong>exsiSIens</strong></span> <span class='ocrx_word' id='word_1_304' title='bbox 945 2739 1227 2799; x_wconf 86' lang='lat' dir='ltr'><strong>refutavit.</strong></span> <span class='ocrx_word' id='word_1_305' title='bbox 1281 2744 1516 2811; x_wconf 87' lang='lat' dir='ltr'><strong>Alpheus</strong></span> <span class='ocrx_word' id='word_1_306' title='bbox 1553 2754 1732 2799; x_wconf 84' lang='lat' dir='ltr'><strong>tamen</strong></span> <span class='ocrx_word' id='word_1_307' title='bbox 1787 2747 2022 2815; x_wconf 89' lang='lat' dir='ltr'><strong>quidam,</strong></span> 
     </span>
    </p>
   </div>
   <div class='ocr_carea' id='block_1_46' title="bbox 451 2823 2028 2907">
    <p class='ocr_par' dir='ltr' id='par_1_46' title="bbox 451 2823 2028 2907">
     <span class='ocr_line' id='line_1_46' title="bbox 451 2823 2028 2907; baseline 0.009 -29"><span class='ocrx_word' id='word_1_308' title='bbox 451 2823 949 2883; x_wconf 81' lang='lat' dir='ltr'><strong>Rhinocorurorum</strong></span> <span class='ocrx_word' id='word_1_309' title='bbox 1004 2832 1331 2902; x_wconf 89' lang='lat' dir='ltr'><strong>episcopus,</strong></span> <span class='ocrx_word' id='word_1_310' title='bbox 1383 2833 1721 2905; x_wconf 90' lang='lat' dir='ltr'><strong>Lampetium</strong></span> <span class='ocrx_word' id='word_1_311' title='bbox 1772 2837 2028 2907; x_wconf 77' lang='lat' dir='ltr'><strong>Apologia</strong></span> 
     </span>
    </p>
   </div>
   <div class='ocr_carea' id='block_1_47' title="bbox 451 2913 2026 2994">
    <p class='ocr_par' dir='ltr' id='par_1_47' title="bbox 451 2913 2026 2994">
     <span class='ocr_line' id='line_1_47' title="bbox 451 2913 2026 2994; baseline 0.011 -26"><span class='ocrx_word' id='word_1_312' title='bbox 451 2913 716 2978; x_wconf 74' lang='lat' dir='ltr'><strong>defendit.</strong></span> <span class='ocrx_word' id='word_1_313' title='bbox 749 2921 902 2987; x_wconf 88' lang='lat' dir='ltr'><strong>quasi</strong></span> <span class='ocrx_word' id='word_1_314' title='bbox 942 2921 1312 2988; x_wconf 44' lang='lat' dir='ltr'><strong>nihil&#39;eorum,</strong></span> <span class='ocrx_word' id='word_1_315' title='bbox 1370 2925 1437 2979; x_wconf 93' lang='lat' dir='ltr'><strong>de</strong></span> <span class='ocrx_word' id='word_1_316' title='bbox 1481 2926 1677 2994; x_wconf 88' lang='lat' dir='ltr'><strong>quibus</strong></span> <span class='ocrx_word' id='word_1_317' title='bbox 1736 2943 2026 2984; x_wconf 87' lang='lat' dir='ltr'><strong>accusare-</strong></span> 
     </span>
    </p>
   </div>
   <div class='ocr_carea' id='block_1_48' title="bbox 453 3006 2028 3074">
    <p class='ocr_par' dir='ltr' id='par_1_48' title="bbox 453 3006 2028 3074">
     <span class='ocr_line' id='line_1_48' title="bbox 453 3006 2028 3074; baseline 0.011 -20"><span class='ocrx_word' id='word_1_318' title='bbox 453 3012 560 3070; x_wconf 88' lang='lat' dir='ltr'><strong>tur,</strong></span> <span class='ocrx_word' id='word_1_319' title='bbox 583 3006 941 3074; x_wconf 75' lang='lat' dir='ltr'><strong>autdixisset,</strong></span> <span class='ocrx_word' id='word_1_320' title='bbox 975 3022 1065 3065; x_wconf 91' lang='lat' dir='ltr'><strong>aut</strong></span> <span class='ocrx_word' id='word_1_321' title='bbox 1103 3011 1341 3067; x_wconf 78' lang='lat' dir='ltr'><strong>fecisset.</strong></span> <span class='ocrx_word' id='word_1_322' title='bbox 1389 3014 1501 3068; x_wconf 82' lang='lat' dir='ltr'><strong>Etsi</strong></span> <span class='ocrx_word' id='word_1_323' title='bbox 1548 3024 1727 3070; x_wconf 89' lang='lat' dir='ltr'><strong>autem</strong></span> <span class='ocrx_word' id='word_1_324' title='bbox 1774 3017 1827 3070; x_wconf 93' lang='lat' dir='ltr'><strong>in</strong></span> <span class='ocrx_word' id='word_1_325' title='bbox 1879 3017 2028 3072; x_wconf 91' lang='lat' dir='ltr'><strong>edito</strong></span> 
     </span>
    </p>
   </div>
   <div class='ocr_carea' id='block_1_49' title="bbox 451 3095 2013 3177">
    <p class='ocr_par' dir='ltr' id='par_1_49' title="bbox 451 3095 2013 3177">
     <span class='ocr_line' id='line_1_49' title="bbox 451 3095 2013 3177; baseline 0.009 -30"><span class='ocrx_word' id='word_1_326' title='bbox 451 3095 686 3163; x_wconf 88' lang='lat' dir='ltr'><strong>quodam</strong></span> <span class='ocrx_word' id='word_1_327' title='bbox 723 3113 752 3152; x_wconf 88' lang='lat' dir='ltr'><strong>a</strong></span> <span class='ocrx_word' id='word_1_328' title='bbox 784 3114 844 3154; x_wconf 85' lang='lat' dir='ltr'><strong>se</strong></span> <span class='ocrx_word' id='word_1_329' title='bbox 873 3100 1014 3156; x_wconf 89' lang='lat' dir='ltr'><strong>libro</strong></span> <span class='ocrx_word' id='word_1_330' title='bbox 1034 3103 1272 3173; x_wconf 85' lang='lat' dir='ltr'><strong>Alpheus</strong></span> <span class='ocrx_word' id='word_1_331' title='bbox 1294 3103 1398 3160; x_wconf 93' lang='lat' dir='ltr'><strong>iste</strong></span> <span class='ocrx_word' id='word_1_332' title='bbox 1453 3106 1608 3172; x_wconf 89' lang='lat' dir='ltr'><strong>nihil,</strong></span> <span class='ocrx_word' id='word_1_333' title='bbox 1639 3117 1899 3177; x_wconf 89' lang='lat' dir='ltr'><strong>quantum</strong></span> <span class='ocrx_word' id='word_1_334' title='bbox 1921 3124 2013 3163; x_wconf 85' lang='lat' dir='ltr'><strong>co-</strong></span> 
     </span>
    </p>
   </div>
   <div class='ocr_carea' id='block_1_50' title="bbox 453 3191 2032 3264">
    <p class='ocr_par' dir='ltr' id='par_1_50' title="bbox 453 3191 2032 3264">
     <span class='ocr_line' id='line_1_50' title="bbox 453 3191 2032 3264; baseline 0.013 -24"><span class='ocrx_word' id='word_1_335' title='bbox 453 3202 738 3256; x_wconf 91' lang='lat' dir='ltr'><strong>gnoscere</strong></span> <span class='ocrx_word' id='word_1_336' title='bbox 789 3191 938 3264; x_wconf 59' lang='lat' dir='ltr'><strong>lictu,</strong></span> <span class='ocrx_word' id='word_1_337' title='bbox 983 3195 1365 3261; x_wconf 87' lang='lat' dir='ltr'><strong>calumniatur,</strong></span> <span class='ocrx_word' id='word_1_338' title='bbox 1400 3198 1650 3255; x_wconf 86' lang='lat' dir='ltr'><strong>abdicare</strong></span> <span class='ocrx_word' id='word_1_339' title='bbox 1679 3201 2032 3260; x_wconf 87' lang='lat' dir='ltr'><strong>nihilominus</strong></span> 
     </span>
    </p>
   </div>
   <div class='ocr_carea' id='block_1_51' title="bbox 453 3287 2022 3360">
    <p class='ocr_par' dir='ltr' id='par_1_51' title="bbox 453 3287 2022 3360">
     <span class='ocr_line' id='line_1_51' title="bbox 453 3287 2022 3360; baseline 0.011 -29"><span class='ocrx_word' id='word_1_340' title='bbox 453 3289 708 3349; x_wconf 86' lang='lat' dir='ltr'><strong>tauquam</strong></span> <span class='ocrx_word' id='word_1_341' title='bbox 740 3287 984 3342; x_wconf 89' lang='lat' dir='ltr'><strong>sentiens</strong></span> <span class='ocrx_word' id='word_1_342' title='bbox 1005 3302 1126 3340; x_wconf 89' lang='lat' dir='ltr'><strong>cum</strong></span> <span class='ocrx_word' id='word_1_343' title='bbox 1157 3287 1454 3360; x_wconf 84' lang='lat' dir='ltr'><strong>Lampetio,</strong></span> <span class='ocrx_word' id='word_1_344' title='bbox 1485 3301 1706 3348; x_wconf 87' lang='lat' dir='ltr'><strong>coaetus</strong></span> <span class='ocrx_word' id='word_1_345' title='bbox 1731 3303 1836 3348; x_wconf 91' lang='lat' dir='ltr'><strong>est.</strong></span> <span class='ocrx_word' id='word_1_346' title='bbox 1869 3294 2022 3349; x_wconf 88' lang='lat' dir='ltr'><strong>Alter</strong></span> 
     </span>
    </p>
   </div>
   <div class='ocr_carea' id='block_1_52' title="bbox 449 3370 2032 3449">
    <p class='ocr_par' dir='ltr' id='par_1_52' title="bbox 449 3370 2032 3449">
     <span class='ocr_line' id='line_1_52' title="bbox 449 3370 2032 3449; baseline 0.01 -26"><span class='ocrx_word' id='word_1_347' title='bbox 449 3370 718 3439; x_wconf 86' lang='lat' dir='ltr'><strong>Alpheus,</strong></span> <span class='ocrx_word' id='word_1_348' title='bbox 794 3377 1113 3446; x_wconf 74' lang='lat' dir='ltr'><strong>praeceptori</strong></span> <span class='ocrx_word' id='word_1_349' title='bbox 1201 3380 1569 3449; x_wconf 83' lang='lat' dir='ltr'><strong>cognominis,</strong></span> <span class='ocrx_word' id='word_1_350' title='bbox 1654 3398 1682 3436; x_wconf 88' lang='lat' dir='ltr'><strong>a</strong></span> <span class='ocrx_word' id='word_1_351' title='bbox 1741 3381 2032 3439; x_wconf 89' lang='lat' dir='ltr'><strong>Timotheo</strong></span> 
     </span>
    </p>
   </div>
   <div class='ocr_carea' id='block_1_53' title="bbox 451 3461 2034 3540">
    <p class='ocr_par' dir='ltr' id='par_1_53' title="bbox 451 3461 2034 3540">
     <span class='ocr_line' id='line_1_53' title="bbox 451 3461 2034 3540; baseline 0.01 -26"><span class='ocrx_word' id='word_1_352' title='bbox 451 3461 820 3518; x_wconf 82' lang='lat' dir='ltr'><strong>Alexandrino</strong></span> <span class='ocrx_word' id='word_1_353' title='bbox 851 3467 1136 3540; x_wconf 84' lang='lat' dir='ltr'><strong>presbyter</strong></span> <span class='ocrx_word' id='word_1_354' title='bbox 1158 3471 1464 3538; x_wconf 86' lang='lat' dir='ltr'><strong>ordinatus,</strong></span> <span class='ocrx_word' id='word_1_355' title='bbox 1494 3472 1563 3526; x_wconf 92' lang='lat' dir='ltr'><strong>ob</strong></span> <span class='ocrx_word' id='word_1_356' title='bbox 1591 3475 1835 3528; x_wconf 87' lang='lat' dir='ltr'><strong>eamdem</strong></span> <span class='ocrx_word' id='word_1_357' title='bbox 1863 3475 2034 3530; x_wconf 66' lang='lat' dir='ltr'><strong>haere-</strong></span> 
     </span>
    </p>
   </div>
   <div class='ocr_carea' id='block_1_54' title="bbox 457 3556 2033 3630">
    <p class='ocr_par' dir='ltr' id='par_1_54' title="bbox 457 3556 2033 3630">
     <span class='ocr_line' id='line_1_54' title="bbox 457 3556 2033 3630; baseline 0.008 -22"><span class='ocrx_word' id='word_1_358' title='bbox 457 3556 562 3609; x_wconf 91' lang='lat' dir='ltr'><strong>sim</strong></span> <span class='ocrx_word' id='word_1_359' title='bbox 611 3558 982 3625; x_wconf 82' lang='lat' dir='ltr'><strong>submovetur,</strong></span> <span class='ocrx_word' id='word_1_360' title='bbox 1047 3568 1107 3616; x_wconf 95' lang='lat' dir='ltr'><strong>ut</strong></span> <span class='ocrx_word' id='word_1_361' title='bbox 1155 3561 1454 3630; x_wconf 66' lang='lat' dir='ltr'><strong>Ptolomaei,</strong></span> <span class='ocrx_word' id='word_1_362' title='bbox 1525 3564 2033 3620; x_wconf 79' lang='lat' dir='ltr'><strong>Rhinocorurorum</strong></span> 
     </span>
    </p>
   </div>
   <div class='ocr_carea' id='block_1_55' title="bbox 453 3647 2037 3725">
    <p class='ocr_par' dir='ltr' id='par_1_55' title="bbox 453 3647 2037 3725">
     <span class='ocr_line' id='line_1_55' title="bbox 453 3647 2037 3725; baseline 0.01 -28"><span class='ocrx_word' id='word_1_363' title='bbox 453 3661 671 3715; x_wconf 89' lang='lat' dir='ltr'><strong>quoque</strong></span> <span class='ocrx_word' id='word_1_364' title='bbox 697 3647 962 3720; x_wconf 89' lang='lat' dir='ltr'><strong>episcopi,</strong></span> <span class='ocrx_word' id='word_1_365' title='bbox 991 3654 1060 3707; x_wconf 89' lang='lat' dir='ltr'><strong>ad</strong></span> <span class='ocrx_word' id='word_1_366' title='bbox 1081 3655 1331 3709; x_wconf 89' lang='lat' dir='ltr'><strong>eumdem</strong></span> <span class='ocrx_word' id='word_1_367' title='bbox 1355 3655 1532 3725; x_wconf 90' lang='lat' dir='ltr'><strong>ipsum</strong></span> <span class='ocrx_word' id='word_1_368' title='bbox 1573 3655 1917 3712; x_wconf 83' lang='lat' dir='ltr'><strong>Timotheum</strong></span> <span class='ocrx_word' id='word_1_369' title='bbox 1948 3671 2037 3713; x_wconf 90' lang='lat' dir='ltr'><strong>re-</strong></span> 
     </span>
    </p>
   </div>
   <div class='ocr_carea' id='block_1_56' title="bbox 454 3735 886 3794">
    <p class='ocr_par' dir='ltr' id='par_1_56' title="bbox 454 3735 886 3794">
     <span class='ocr_line' id='line_1_56' title="bbox 454 3735 886 3794; baseline 0.012 -5"><span class='ocrx_word' id='word_1_370' title='bbox 454 3735 584 3792; x_wconf 90' lang='lat' dir='ltr'><strong>latio</strong></span> <span class='ocrx_word' id='word_1_371' title='bbox 622 3746 886 3794; x_wconf 88' lang='lat' dir='ltr'><strong>testatur.</strong></span> 
     </span>
    </p>
   </div>
   <div class='ocr_carea' id='block_1_57' title="bbox 1178 3834 1315 3894">
    <p class='ocr_par' dir='ltr' id='par_1_57' title="bbox 1178 3834 1315 3894">
     <span class='ocr_line' id='line_1_57' title="bbox 1178 3834 1315 3894; baseline 0.007 -1"><span class='ocrx_word' id='word_1_372' title='bbox 1178 3834 1315 3894; x_wconf 81' lang='lat' dir='ltr'>LIII.</span> 
     </span>
    </p>
   </div>
   <div class='ocr_carea' id='block_1_58' title="bbox 455 3916 2020 3998">
    <p class='ocr_par' dir='ltr' id='par_1_58' title="bbox 455 3916 2020 3998">
     <span class='ocr_line' id='line_1_58' title="bbox 455 3916 2020 3998; baseline 0.011 -26"><span class='ocrx_word' id='word_1_373' title='bbox 455 3916 701 3990; x_wconf 74' lang='lat' dir='ltr'><strong>Synodus</strong></span> <span class='ocrx_word' id='word_1_374' title='bbox 729 3919 1161 3998; x_wconf 54' lang='lat' dir='ltr'><strong>Carthaginiensis</strong></span> <span class='ocrx_word' id='word_1_375' title='bbox 1204 3938 1252 3981; x_wconf 85' lang='lat' dir='ltr'><strong>et</strong></span> <span class='ocrx_word' id='word_1_376' title='bbox 1285 3925 1494 3998; x_wconf 80' lang='lat' dir='ltr'><strong>Scripta</strong></span> <span class='ocrx_word' id='word_1_377' title='bbox 1541 3931 1785 3996; x_wconf 64' lang='lat' dir='ltr'><strong>quaedam</strong></span> <span class='ocrx_word' id='word_1_378' title='bbox 1833 3943 2020 3989; x_wconf 84' lang='lat' dir='ltr'><strong>contra</strong></span> 
     </span>
    </p>
   </div>
   <div class='ocr_carea' id='block_1_59' title="bbox 828 3992 1667 4068">
    <p class='ocr_par' dir='ltr' id='par_1_59' title="bbox 828 3992 1667 4068">
     <span class='ocr_line' id='line_1_59' title="bbox 828 3992 1667 4068; baseline 0.012 -23"><span class='ocrx_word' id='word_1_379' title='bbox 828 3992 1129 4063; x_wconf 80' lang='lat' dir='ltr'><strong>Pelagium,</strong></span> <span class='ocrx_word' id='word_1_380' title='bbox 1167 4006 1323 4068; x_wconf 79' lang='lat' dir='ltr'><strong>atque</strong></span> <span class='ocrx_word' id='word_1_381' title='bbox 1358 3992 1667 4056; x_wconf 65' lang='lat' dir='ltr'><strong>Calatiam.</strong></span> 
     </span>
    </p>
   </div>
   <div class='ocr_carea' id='block_1_60' title="bbox 523 4081 2031 4163">
    <p class='ocr_par' dir='ltr' id='par_1_60' title="bbox 523 4081 2031 4163">
     <span class='ocr_line' id='line_1_60' title="bbox 523 4081 2031 4163; baseline 0.01 -27"><span class='ocrx_word' id='word_1_382' title='bbox 523 4081 722 4139; x_wconf 85' lang='lat' dir='ltr'><strong>Lectus</strong></span> <span class='ocrx_word' id='word_1_383' title='bbox 741 4083 895 4151; x_wconf 89' lang='lat' dir='ltr'><strong>liber,</strong></span> <span class='ocrx_word' id='word_1_384' title='bbox 921 4101 1014 4142; x_wconf 90' lang='lat' dir='ltr'><strong>seu</strong></span> <span class='ocrx_word' id='word_1_385' title='bbox 1043 4086 1284 4158; x_wconf 78' lang='lat' dir='ltr'><strong>Synodus</strong></span> <span class='ocrx_word' id='word_1_386' title='bbox 1301 4093 1552 4146; x_wconf 74' lang='lat' dir='ltr'><strong>adversus</strong></span> <span class='ocrx_word' id='word_1_387' title='bbox 1568 4091 1841 4163; x_wconf 71' lang='lat' dir='ltr'><strong>Pelagium</strong></span> <span class='ocrx_word' id='word_1_388' title='bbox 1857 4105 1906 4149; x_wconf 86' lang='lat' dir='ltr'><strong>et</strong></span> <span class='ocrx_word' id='word_1_389' title='bbox 1925 4095 2031 4151; x_wconf 82' lang='lat' dir='ltr'><strong>Ce-</strong></span> 
     </span>
    </p>
   </div>
   <div class='ocr_carea' id='block_1_61' title="bbox 455 4177 2037 4251">
    <p class='ocr_par' dir='ltr' id='par_1_61' title="bbox 455 4177 2037 4251">
     <span class='ocr_line' id='line_1_61' title="bbox 455 4177 2037 4251; baseline 0.01 -23"><span class='ocrx_word' id='word_1_390' title='bbox 455 4177 642 4230; x_wconf 76' lang='lat' dir='ltr'><strong>lestum</strong></span> <span class='ocrx_word' id='word_1_391' title='bbox 669 4177 804 4248; x_wconf 85' lang='lat'><strong>(86),</strong></span> <span class='ocrx_word' id='word_1_392' title='bbox 837 4179 1171 4250; x_wconf 75' lang='lat' dir='ltr'><strong>Carthagine</strong></span> <span class='ocrx_word' id='word_1_393' title='bbox 1215 4185 1268 4236; x_wconf 91' lang='lat' dir='ltr'><strong>in</strong></span> <span class='ocrx_word' id='word_1_394' title='bbox 1299 4199 1507 4239; x_wconf 89' lang='lat' dir='ltr'><strong>summa</strong></span> <span class='ocrx_word' id='word_1_395' title='bbox 1535 4186 1648 4240; x_wconf 74' lang='lat' dir='ltr'><strong>aede</strong></span> <span class='ocrx_word' id='word_1_396' title='bbox 1681 4186 1888 4251; x_wconf 90' lang='lat' dir='ltr'><strong>habita,</strong></span> <span class='ocrx_word' id='word_1_397' title='bbox 1925 4188 2037 4244; x_wconf 79' lang='lat' dir='ltr'><strong>llo-</strong></span> 
     </span>
    </p>
   </div>
   <div class='ocr_carea' id='block_1_62' title="bbox 456 4268 2035 4351">
    <p class='ocr_par' dir='ltr' id='par_1_62' title="bbox 456 4268 2035 4351">
     <span class='ocr_line' id='line_1_62' title="bbox 456 4268 2035 4351; baseline 0.008 -30"><span class='ocrx_word' id='word_1_398' title='bbox 456 4269 612 4322; x_wconf 91' lang='lat' dir='ltr'><strong>norio</strong></span> <span class='ocrx_word' id='word_1_399' title='bbox 627 4268 805 4325; x_wconf 82' lang='lat' dir='ltr'><strong>Felice</strong></span> <span class='ocrx_word' id='word_1_400' title='bbox 823 4269 1132 4328; x_wconf 89' lang='lat' dir='ltr'><strong>Occidentis</strong></span> <span class='ocrx_word' id='word_1_401' title='bbox 1153 4274 1368 4344; x_wconf 88' lang='lat' dir='ltr'><strong>imperii</strong></span> <span class='ocrx_word' id='word_1_402' title='bbox 1403 4275 1614 4330; x_wconf 90' lang='lat' dir='ltr'><strong>clavum</strong></span> <span class='ocrx_word' id='word_1_403' title='bbox 1636 4287 1875 4333; x_wconf 90' lang='lat' dir='ltr'><strong>tenente.</strong></span> <span class='ocrx_word' id='word_1_404' title='bbox 1897 4279 2035 4351; x_wconf 61' lang='grc' dir='ltr'><strong>ιάα</strong></span> 
     </span>
    </p>
   </div>
   <div class='ocr_carea' id='block_1_63' title="bbox 2123 1815 3696 1893">
    <p class='ocr_par' dir='ltr' id='par_1_63' title="bbox 2123 1815 3696 1893">
     <span class='ocr_line' id='line_1_63' title="bbox 2123 1815 3696 1893; baseline -0.004 -17"><span class='ocrx_word' id='word_1_405' title='bbox 2123 1822 2328 1888; x_wconf 77' lang='grc' dir='ltr'><strong>ζοντος,</strong></span> <span class='ocrx_word' id='word_1_406' title='bbox 2349 1821 2416 1874; x_wconf 86' lang='grc' dir='ltr'><strong>Γε</strong></span> <span class='ocrx_word' id='word_1_407' title='bbox 2425 1819 2635 1893; x_wconf 89' lang='grc' dir='ltr'><strong>ροντίου</strong></span> <span class='ocrx_word' id='word_1_408' title='bbox 2653 1819 2709 1874; x_wconf 87' lang='grc' dir='ltr'><strong>δέ</strong></span> <span class='ocrx_word' id='word_1_409' title='bbox 2725 1821 2820 1874; x_wconf 78' lang='grc' dir='ltr'><strong>τοῦ</strong></span> <span class='ocrx_word' id='word_1_410' title='bbox 2845 1819 3220 1893; x_wconf 88' lang='grc' dir='ltr'><strong>πρεσϐυτέρου</strong></span> <span class='ocrx_word' id='word_1_411' title='bbox 3243 1815 3696 1890; x_wconf 84' lang='grc' dir='ltr'><strong>κατηγοροῦντος,</strong></span> 
     </span>
    </p>
   </div>
   <div class='ocr_carea' id='block_1_64' title="bbox 2122 1909 3700 1984">
    <p class='ocr_par' dir='ltr' id='par_1_64' title="bbox 2122 1909 3700 1984">
     <span class='ocr_line' id='line_1_64' title="bbox 2122 1909 3700 1984; baseline -0.003 -18"><span class='ocrx_word' id='word_1_412' title='bbox 2122 1913 2217 1966; x_wconf 76' lang='grc' dir='ltr'><strong>καὶ</strong></span> <span class='ocrx_word' id='word_1_413' title='bbox 2248 1912 2315 1966; x_wconf 85' lang='grc' dir='ltr'><strong>τὰ</strong></span> <span class='ocrx_word' id='word_1_414' title='bbox 2352 1912 2451 1982; x_wconf 86' lang='grc' dir='ltr'><strong>μὲν</strong></span> <span class='ocrx_word' id='word_1_415' title='bbox 2479 1911 2566 1966; x_wconf 83' lang='grc' dir='ltr'><strong>διὰ</strong></span> <span class='ocrx_word' id='word_1_416' title='bbox 2598 1911 2890 1984; x_wconf 88' lang='grc' dir='ltr'><strong>μαρτύρων</strong></span> <span class='ocrx_word' id='word_1_417' title='bbox 2933 1910 3291 1982; x_wconf 83' lang='grc' dir='ltr'><strong>ἐξελεγχθεὶς,</strong></span> <span class='ocrx_word' id='word_1_418' title='bbox 3325 1910 3394 1964; x_wconf 77' lang='grc' dir='ltr'><strong>τά</strong></span> <span class='ocrx_word' id='word_1_419' title='bbox 3433 1911 3490 1963; x_wconf 80' lang='grc' dir='ltr'><strong>δέ</strong></span> <span class='ocrx_word' id='word_1_420' title='bbox 3514 1909 3592 1980; x_wconf 85' lang='grc' dir='ltr'><strong>τῷ</strong></span> <span class='ocrx_word' id='word_1_421' title='bbox 3616 1911 3700 1962; x_wconf 83' lang='lat' dir='ltr'><strong>ol-</strong></span> 
     </span>
    </p>
   </div>
   <div class='ocr_carea' id='block_1_65' title="bbox 2123 2003 3702 2077">
    <p class='ocr_par' dir='ltr' id='par_1_65' title="bbox 2123 2003 3702 2077">
     <span class='ocr_line' id='line_1_65' title="bbox 2123 2003 3702 2077; baseline -0.001 -19"><span class='ocrx_word' id='word_1_422' title='bbox 2123 2004 2255 2076; x_wconf 87' lang='grc' dir='ltr'><strong>κείῳ</strong></span> <span class='ocrx_word' id='word_1_423' title='bbox 2281 2005 2518 2075; x_wconf 85' lang='grc' dir='ltr'><strong>στόματι</strong></span> <span class='ocrx_word' id='word_1_424' title='bbox 2543 2005 2894 2077; x_wconf 77' lang='grc' dir='ltr'><strong>περιπαρεὶς,</strong></span> <span class='ocrx_word' id='word_1_425' title='bbox 2925 2005 3165 2068; x_wconf 84' lang='grc' dir='ltr'><strong>ἀπάσαις</strong></span> <span class='ocrx_word' id='word_1_426' title='bbox 3189 2003 3392 2074; x_wconf 83' lang='grc' dir='ltr'><strong>ψήφοις</strong></span> <span class='ocrx_word' id='word_1_427' title='bbox 3414 2003 3514 2073; x_wconf 84' lang='grc' dir='ltr'><strong>τῆς</strong></span> <span class='ocrx_word' id='word_1_428' title='bbox 3545 2005 3702 2070; x_wconf 86' lang='grc' dir='ltr'><strong>ίερω-</strong></span> 
     </span>
    </p>
   </div>
   <div class='ocr_carea' id='block_1_66' title="bbox 2124 2096 3700 2168">
    <p class='ocr_par' dir='ltr' id='par_1_66' title="bbox 2124 2096 3700 2168">
     <span class='ocr_line' id='line_1_66' title="bbox 2124 2096 3700 2168; baseline -0.001 -18"><span class='ocrx_word' id='word_1_429' title='bbox 2124 2096 2293 2168; x_wconf 91' lang='grc' dir='ltr'><strong>σύνης</strong></span> <span class='ocrx_word' id='word_1_430' title='bbox 2331 2096 2661 2168; x_wconf 75' lang='grc' dir='ltr'><strong>καθῄρηται,</strong></span> <span class='ocrx_word' id='word_1_431' title='bbox 2714 2097 3007 2168; x_wconf 72' lang='grc' dir='ltr'><strong>συμψήφου</strong></span> <span class='ocrx_word' id='word_1_432' title='bbox 3055 2097 3422 2167; x_wconf 86' lang='grc' dir='ltr'><strong>γεγενημένου</strong></span> <span class='ocrx_word' id='word_1_433' title='bbox 3468 2096 3564 2151; x_wconf 76' lang='grc' dir='ltr'><strong>καὶ</strong></span> <span class='ocrx_word' id='word_1_434' title='bbox 3603 2096 3700 2149; x_wconf 80' lang='grc' dir='ltr'><strong>τοῦ</strong></span> 
     </span>
    </p>
   </div>
   <div class='ocr_carea' id='block_1_67' title="bbox 2123 2188 3702 2260">
    <p class='ocr_par' dir='ltr' id='par_1_67' title="bbox 2123 2188 3702 2260">
     <span class='ocr_line' id='line_1_67' title="bbox 2123 2188 3702 2260; baseline -0.001 -17"><span class='ocrx_word' id='word_1_435' title='bbox 2123 2189 2463 2260; x_wconf 81' lang='grc' dir='ltr'><strong>Καισαρείας</strong></span> <span class='ocrx_word' id='word_1_436' title='bbox 2503 2188 2782 2255; x_wconf 86' lang='grc' dir='ltr'><strong>Ἀλυπίου,</strong></span> <span class='ocrx_word' id='word_1_437' title='bbox 2829 2189 2889 2254; x_wconf 82' lang='grc' dir='ltr'><strong>ὃς</strong></span> <span class='ocrx_word' id='word_1_438' title='bbox 2938 2190 3157 2245; x_wconf 73' lang='grc' dir='ltr'><strong>καὶτὸν</strong></span> <span class='ocrx_word' id='word_1_439' title='bbox 3209 2190 3443 2244; x_wconf 78' lang='grc' dir='ltr'><strong>δείλαιον</strong></span> <span class='ocrx_word' id='word_1_440' title='bbox 3493 2189 3702 2242; x_wconf 84' lang='grc' dir='ltr'><strong>ἐκεῖνον</strong></span> 
     </span>
    </p>
   </div>
   <div class='ocr_carea' id='block_1_68' title="bbox 2123 2280 3703 2355">
    <p class='ocr_par' dir='ltr' id='par_1_68' title="bbox 2123 2280 3703 2355">
     <span class='ocr_line' id='line_1_68' title="bbox 2123 2280 3703 2355; baseline 0.001 -21"><span class='ocrx_word' id='word_1_441' title='bbox 2123 2280 2491 2353; x_wconf 78' lang='grc' dir='ltr'><strong>ἐξαπατηθεὶς</strong></span> <span class='ocrx_word' id='word_1_442' title='bbox 2547 2283 2627 2346; x_wconf 77' lang='grc' dir='ltr'><strong>είς</strong></span> <span class='ocrx_word' id='word_1_443' title='bbox 2672 2282 2764 2336; x_wconf 83' lang='grc' dir='ltr'><strong>τὸν</strong></span> <span class='ocrx_word' id='word_1_444' title='bbox 2811 2281 2908 2336; x_wconf 79' lang='grc' dir='ltr'><strong>τοῦ</strong></span> <span class='ocrx_word' id='word_1_445' title='bbox 2968 2282 3366 2355; x_wconf 88' lang='grc' dir='ltr'><strong>πρεσϐυτερίου</strong></span> <span class='ocrx_word' id='word_1_446' title='bbox 3400 2283 3445 2315; x_wconf 83' lang='grc'><strong>⁶⁰</strong></span> <span class='ocrx_word' id='word_1_447' title='bbox 3499 2281 3703 2352; x_wconf 81' lang='grc' dir='ltr'><strong>βαθμὸν</strong></span> 
     </span>
    </p>
   </div>
   <div class='ocr_carea' id='block_1_69' title="bbox 2124 2367 3705 2445">
    <p class='ocr_par' dir='ltr' id='par_1_69' title="bbox 2124 2367 3705 2445">
     <span class='ocr_line' id='line_1_69' title="bbox 2124 2367 3705 2445; baseline 0.001 -21"><span class='ocrx_word' id='word_1_448' title='bbox 2124 2373 2387 2443; x_wconf 85' lang='grc' dir='ltr'><strong>ἐτύγχανε</strong></span> <span class='ocrx_word' id='word_1_449' title='bbox 2435 2371 2837 2444; x_wconf 89' lang='grc' dir='ltr'><strong>προενηνοχώς.</strong></span> <span class='ocrx_word' id='word_1_450' title='bbox 2883 2367 3052 2438; x_wconf 80' lang='grc' dir='ltr'><strong>Οὗτος</strong></span> <span class='ocrx_word' id='word_1_451' title='bbox 3109 2373 3167 2428; x_wconf 89' lang='grc' dir='ltr'><strong>δέ</strong></span> <span class='ocrx_word' id='word_1_452' title='bbox 3213 2376 3243 2428; x_wconf 87' lang='grc' dir='ltr'><strong>ό</strong></span> <span class='ocrx_word' id='word_1_453' title='bbox 3294 2372 3705 2445; x_wconf 89' lang='grc' dir='ltr'><strong>τρισαλιτήριος</strong></span> 
     </span>
    </p>
   </div>
   <div class='ocr_carea' id='block_1_70' title="bbox 2123 2459 3706 2532">
    <p class='ocr_par' dir='ltr' id='par_1_70' title="bbox 2123 2459 3706 2532">
     <span class='ocr_line' id='line_1_70' title="bbox 2123 2459 3706 2532; baseline 0 -17"><span class='ocrx_word' id='word_1_454' title='bbox 2123 2462 2437 2532; x_wconf 86' lang='grc' dir='ltr'><strong>Λαμπέτιος</strong></span> <span class='ocrx_word' id='word_1_455' title='bbox 2467 2461 2563 2516; x_wconf 80' lang='grc' dir='ltr'><strong>καὶ</strong></span> <span class='ocrx_word' id='word_1_456' title='bbox 2597 2461 2756 2531; x_wconf 87' lang='grc' dir='ltr'><strong>λόγον</strong></span> <span class='ocrx_word' id='word_1_457' title='bbox 2784 2461 2908 2515; x_wconf 76' lang='grc' dir='ltr'><strong>τινὰ</strong></span> <span class='ocrx_word' id='word_1_458' title='bbox 2939 2461 3257 2532; x_wconf 85' lang='grc' dir='ltr'><strong>συνέθηκεν,</strong></span> <span class='ocrx_word' id='word_1_459' title='bbox 3278 2459 3338 2515; x_wconf 82' lang='grc' dir='ltr'><strong>ὃν</strong></span> <span class='ocrx_word' id='word_1_460' title='bbox 3366 2459 3461 2514; x_wconf 81' lang='grc' dir='ltr'><strong>καὶ</strong></span> <span class='ocrx_word' id='word_1_461' title='bbox 3495 2459 3706 2526; x_wconf 79' lang='grc' dir='ltr'><strong>Διαθή·</strong></span> 
     </span>
    </p>
   </div>
   <div class='ocr_carea' id='block_1_71' title="bbox 2127 2546 3706 2626">
    <p class='ocr_par' dir='ltr' id='par_1_71' title="bbox 2127 2546 3706 2626">
     <span class='ocr_line' id='line_1_71' title="bbox 2127 2546 3706 2626; baseline -0.003 -18"><span class='ocrx_word' id='word_1_462' title='bbox 2127 2571 2248 2623; x_wconf 77' lang='grc' dir='ltr'><strong>κην</strong></span> <span class='ocrx_word' id='word_1_463' title='bbox 2280 2555 2640 2620; x_wconf 76' lang='grc' dir='ltr'><strong>ἐπεκάλεσεν,</strong></span> <span class='ocrx_word' id='word_1_464' title='bbox 2674 2546 2787 2626; x_wconf 84' lang='grc' dir='ltr'><strong>ἐνῇ</strong></span> <span class='ocrx_word' id='word_1_465' title='bbox 2817 2553 2908 2608; x_wconf 88' lang='grc' dir='ltr'><strong>καί</strong></span> <span class='ocrx_word' id='word_1_466' title='bbox 2937 2555 3114 2607; x_wconf 62' lang='grc' dir='ltr'><strong>τιναίίι</strong></span> <span class='ocrx_word' id='word_1_467' title='bbox 3142 2553 3240 2623; x_wconf 84' lang='grc' dir='ltr'><strong>τῆς</strong></span> <span class='ocrx_word' id='word_1_468' title='bbox 3269 2550 3586 2614; x_wconf 89' lang='grc' dir='ltr'><strong>δυσσεϐείας</strong></span> <span class='ocrx_word' id='word_1_469' title='bbox 3609 2550 3706 2604; x_wconf 86' lang='grc' dir='ltr'><strong>αὑ-</strong></span> 
     </span>
    </p>
   </div>
   <div class='ocr_carea' id='block_1_72' title="bbox 2125 2645 3704 2720">
    <p class='ocr_par' dir='ltr' id='par_1_72' title="bbox 2125 2645 3704 2720">
     <span class='ocr_line' id='line_1_72' title="bbox 2125 2645 3704 2720; baseline -0.003 -18"><span class='ocrx_word' id='word_1_470' title='bbox 2125 2647 2220 2702; x_wconf 79' lang='grc' dir='ltr'><strong>τοῦ</strong></span> <span class='ocrx_word' id='word_1_471' title='bbox 2243 2648 2573 2720; x_wconf 88' lang='grc' dir='ltr'><strong>ἐνέσπαρται</strong></span> <span class='ocrx_word' id='word_1_472' title='bbox 2593 2665 2611 2681; x_wconf 76' lang='grc' dir='ltr'><strong>ο</strong></span> <span class='ocrx_word' id='word_1_473' title='bbox 2635 2648 2702 2720; x_wconf 79' lang='grc' dir='ltr'><strong>ἢν</strong></span> <span class='ocrx_word' id='word_1_474' title='bbox 2730 2648 2825 2702; x_wconf 71' lang='grc' dir='ltr'><strong>καὶ</strong></span> <span class='ocrx_word' id='word_1_475' title='bbox 2850 2647 2987 2719; x_wconf 87' lang='grc' dir='ltr'><strong>Σεϐἦ</strong></span> <span class='ocrx_word' id='word_1_476' title='bbox 2998 2664 3087 2717; x_wconf 88' lang='grc' dir='ltr'><strong>ρος</strong></span> <span class='ocrx_word' id='word_1_477' title='bbox 3108 2648 3152 2679; x_wconf 71' lang='grc' dir='ltr'><strong>θ’</strong></span> <span class='ocrx_word' id='word_1_478' title='bbox 3183 2649 3211 2701; x_wconf 89' lang='grc' dir='ltr'>ὁ</span> <span class='ocrx_word' id='word_1_479' title='bbox 3243 2647 3335 2701; x_wconf 81' lang='grc' dir='ltr'><strong>τὸν</strong></span> <span class='ocrx_word' id='word_1_480' title='bbox 3375 2645 3704 2716; x_wconf 82' lang='grc' dir='ltr'><strong>Ἀντιοχικὸν</strong></span> 
     </span>
    </p>
   </div>
   <div class='ocr_carea' id='block_1_73' title="bbox 2128 2738 3702 2810">
    <p class='ocr_par' dir='ltr' id='par_1_73' title="bbox 2128 2738 3702 2810">
     <span class='ocr_line' id='line_1_73' title="bbox 2128 2738 3702 2810; baseline -0.001 -17"><span class='ocrx_word' id='word_1_481' title='bbox 2128 2739 2316 2809; x_wconf 87' lang='grc' dir='ltr'><strong>θρόνον</strong></span> <span class='ocrx_word' id='word_1_482' title='bbox 2345 2739 2624 2803; x_wconf 84' lang='grc' dir='ltr'><strong>ύπεισδὺς,</strong></span> <span class='ocrx_word' id='word_1_483' title='bbox 2655 2739 2736 2794; x_wconf 76' lang='grc' dir='ltr'><strong>ἔτι</strong></span> <span class='ocrx_word' id='word_1_484' title='bbox 2781 2739 3170 2810; x_wconf 88' lang='grc' dir='ltr'><strong>πρεσϐυτέρων</strong></span> <span class='ocrx_word' id='word_1_485' title='bbox 3209 2738 3421 2810; x_wconf 87' lang='grc' dir='ltr'><strong>ἐπέχων</strong></span> <span class='ocrx_word' id='word_1_486' title='bbox 3451 2738 3607 2803; x_wconf 83' lang='grc' dir='ltr'><strong>τάξιν</strong></span> <span class='ocrx_word' id='word_1_487' title='bbox 3636 2738 3702 2800; x_wconf 81' lang='grc'><strong>⁸³,</strong></span> 
     </span>
    </p>
   </div>
   <div class='ocr_carea' id='block_1_74' title="bbox 2127 2830 3707 2902">
    <p class='ocr_par' dir='ltr' id='par_1_74' title="bbox 2127 2830 3707 2902">
     <span class='ocr_line' id='line_1_74' title="bbox 2127 2830 3707 2902; baseline -0.001 -18"><span class='ocrx_word' id='word_1_488' title='bbox 2127 2831 2442 2902; x_wconf 79' lang='grc' dir='ltr'><strong>ἀνέτρεψεν.</strong></span> <span class='ocrx_word' id='word_1_489' title='bbox 2489 2831 2737 2900; x_wconf 79' lang='grc' dir='ltr'><strong>Ἀλφειὸς</strong></span> <span class='ocrx_word' id='word_1_490' title='bbox 2771 2831 2817 2864; x_wconf 67' lang='grc' dir='ltr'>αδ</span> <span class='ocrx_word' id='word_1_491' title='bbox 2849 2831 3032 2900; x_wconf 89' lang='grc' dir='ltr'><strong>μέντοι</strong></span> <span class='ocrx_word' id='word_1_492' title='bbox 3071 2849 3155 2895; x_wconf 91' lang='grc' dir='ltr'><strong>τις</strong></span> <span class='ocrx_word' id='word_1_493' title='bbox 3193 2831 3491 2896; x_wconf 77' lang='grc' dir='ltr'><strong>ἐπίσκοπος</strong></span> <span class='ocrx_word' id='word_1_494' title='bbox 3532 2830 3707 2884; x_wconf 83' lang='grc' dir='ltr'><strong>Ῥινο-</strong></span> 
     </span>
    </p>
   </div>
   <div class='ocr_carea' id='block_1_75' title="bbox 2127 2920 3706 2995">
    <p class='ocr_par' dir='ltr' id='par_1_75' title="bbox 2127 2920 3706 2995">
     <span class='ocr_line' id='line_1_75' title="bbox 2127 2920 3706 2995; baseline -0.002 -20"><span class='ocrx_word' id='word_1_495' title='bbox 2127 2923 2410 2993; x_wconf 87' lang='grc' dir='ltr'><strong>κορούρων</strong></span> <span class='ocrx_word' id='word_1_496' title='bbox 2438 2923 2485 2955; x_wconf 79' lang='grc'><strong>⁸⁵</strong></span> <span class='ocrx_word' id='word_1_497' title='bbox 2518 2922 3010 2995; x_wconf 84' lang='grc' dir='ltr'><strong>ὑπεραπολογεϊται</strong></span> <span class='ocrx_word' id='word_1_498' title='bbox 3059 2921 3376 2993; x_wconf 89' lang='grc' dir='ltr'><strong>Λαμπετίου</strong></span> <span class='ocrx_word' id='word_1_499' title='bbox 3409 2921 3484 2986; x_wconf 88' lang='grc' dir='ltr'><strong>ὡς</strong></span> <span class='ocrx_word' id='word_1_500' title='bbox 3537 2920 3706 2992; x_wconf 82' lang='grc' dir='ltr'><strong>μηδὲν</strong></span> 
     </span>
    </p>
   </div>
   <div class='ocr_carea' id='block_1_76' title="bbox 2129 3007 3708 3086">
    <p class='ocr_par' dir='ltr' id='par_1_76' title="bbox 2129 3007 3708 3086">
     <span class='ocr_line' id='line_1_76' title="bbox 2129 3007 3708 3086; baseline -0.001 -19"><span class='ocrx_word' id='word_1_501' title='bbox 2129 3007 2204 3068; x_wconf 82' lang='grc' dir='ltr'><strong>ὧν</strong></span> <span class='ocrx_word' id='word_1_502' title='bbox 2232 3013 2494 3086; x_wconf 78' lang='grc' dir='ltr'><strong>ἐνεκλήθη</strong></span> <span class='ocrx_word' id='word_1_503' title='bbox 2524 3013 2556 3084; x_wconf 79' lang='grc' dir='ltr'>ἢ</span> <span class='ocrx_word' id='word_1_504' title='bbox 2595 3015 2839 3077; x_wconf 72' lang='grc' dir='ltr'><strong>εἰπόντος</strong></span> <span class='ocrx_word' id='word_1_505' title='bbox 2863 3014 2897 3084; x_wconf 80' lang='grc' dir='ltr'>ἢ</span> <span class='ocrx_word' id='word_1_506' title='bbox 2929 3015 3258 3084; x_wconf 86' lang='grc' dir='ltr'><strong>ποιήσαντος</strong></span> <span class='ocrx_word' id='word_1_507' title='bbox 3279 3027 3292 3042; x_wconf 83' lang='grc'><strong><em>⁸</em></strong></span> <span class='ocrx_word' id='word_1_508' title='bbox 3333 3013 3626 3082; x_wconf 87' lang='grc' dir='ltr'><strong>ἐκθέμενος</strong></span> <span class='ocrx_word' id='word_1_509' title='bbox 3651 3012 3708 3071; x_wconf 74' lang='grc' dir='ltr'><strong>δι</strong></span> 
     </span>
    </p>
   </div>
   <div class='ocr_carea' id='block_1_77' title="bbox 2131 3103 3706 3176">
    <p class='ocr_par' dir='ltr' id='par_1_77' title="bbox 2131 3103 3706 3176">
     <span class='ocr_line' id='line_1_77' title="bbox 2131 3103 3706 3176; baseline -0.001 -19"><span class='ocrx_word' id='word_1_510' title='bbox 2131 3105 2228 3158; x_wconf 74' lang='grc' dir='ltr'><strong>καὶ</strong></span> <span class='ocrx_word' id='word_1_511' title='bbox 2255 3105 2414 3176; x_wconf 87' lang='grc' dir='ltr'><strong>λόγον</strong></span> <span class='ocrx_word' id='word_1_512' title='bbox 2455 3105 2578 3158; x_wconf 83' lang='grc' dir='ltr'><strong>τινὰ</strong></span> <span class='ocrx_word' id='word_1_513' title='bbox 2604 3105 2755 3159; x_wconf 80' lang='grc' dir='ltr'><strong>οὐδὲν</strong></span> <span class='ocrx_word' id='word_1_514' title='bbox 2804 3107 2862 3160; x_wconf 89' lang='grc' dir='ltr'><strong>ἐν</strong></span> <span class='ocrx_word' id='word_1_515' title='bbox 2902 3104 3076 3176; x_wconf 81' lang='grc' dir='ltr'><strong>αὐτῷ,</strong></span> <span class='ocrx_word' id='word_1_516' title='bbox 3111 3105 3236 3159; x_wconf 83' lang='grc' dir='ltr'><strong>ὅσον</strong></span> <span class='ocrx_word' id='word_1_517' title='bbox 3289 3104 3404 3159; x_wconf 83' lang='grc' dir='ltr'><strong>ἐστι</strong></span> <span class='ocrx_word' id='word_1_518' title='bbox 3453 3103 3706 3170; x_wconf 82' lang='grc' dir='ltr'><strong>συνιδεῖν,</strong></span> 
     </span>
    </p>
   </div>
   <div class='ocr_carea' id='block_1_78' title="bbox 2135 3193 3707 3269">
    <p class='ocr_par' dir='ltr' id='par_1_78' title="bbox 2135 3193 3707 3269">
     <span class='ocr_line' id='line_1_78' title="bbox 2135 3193 3707 3269; baseline -0.002 -20"><span class='ocrx_word' id='word_1_519' title='bbox 2135 3195 2480 3269; x_wconf 75' lang='grc' dir='ltr'><strong>βλασφημεῖ·</strong></span> <span class='ocrx_word' id='word_1_520' title='bbox 2527 3195 2807 3268; x_wconf 86' lang='grc' dir='ltr'><strong>καθῃρέθη</strong></span> <span class='ocrx_word' id='word_1_521' title='bbox 2837 3195 3020 3266; x_wconf 90' lang='grc' dir='ltr'><strong>μέντοι</strong></span> <span class='ocrx_word' id='word_1_522' title='bbox 3054 3211 3118 3265; x_wconf 85' lang='grc' dir='ltr'><strong>γε</strong></span> <span class='ocrx_word' id='word_1_523' title='bbox 3159 3195 3237 3259; x_wconf 86' lang='grc' dir='ltr'><strong>ὡς</strong></span> <span class='ocrx_word' id='word_1_524' title='bbox 3283 3196 3350 3249; x_wconf 83' lang='grc' dir='ltr'><strong>τὰ</strong></span> <span class='ocrx_word' id='word_1_525' title='bbox 3391 3193 3707 3265; x_wconf 87' lang='grc' dir='ltr'><strong>Λαμπετίου</strong></span> 
     </span>
    </p>
   </div>
   <div class='ocr_carea' id='block_1_79' title="bbox 2134 3284 3710 3360">
    <p class='ocr_par' dir='ltr' id='par_1_79' title="bbox 2134 3284 3710 3360">
     <span class='ocr_line' id='line_1_79' title="bbox 2134 3284 3710 3360; baseline -0.003 -18"><span class='ocrx_word' id='word_1_526' title='bbox 2134 3290 2367 3360; x_wconf 84' lang='grc' dir='ltr'><strong>φρονῶν.</strong></span> <span class='ocrx_word' id='word_1_527' title='bbox 2400 3287 2510 3342; x_wconf 74' lang='grc' dir='ltr'><strong>Καὶ</strong></span> <span class='ocrx_word' id='word_1_528' title='bbox 2557 3284 2805 3357; x_wconf 74' lang='grc' dir='ltr'><strong>Ἀλφειὸς</strong></span> <span class='ocrx_word' id='word_1_529' title='bbox 2848 3288 2906 3342; x_wconf 86' lang='grc' dir='ltr'><strong>δέ</strong></span> <span class='ocrx_word' id='word_1_530' title='bbox 2959 3305 3044 3351; x_wconf 88' lang='grc' dir='ltr'><strong>τις</strong></span> <span class='ocrx_word' id='word_1_531' title='bbox 3091 3287 3271 3353; x_wconf 80' lang='grc' dir='ltr'><strong>ἄλλος,</strong></span> <span class='ocrx_word' id='word_1_532' title='bbox 3300 3286 3592 3356; x_wconf 85' lang='grc' dir='ltr'><strong>ὁμώνυμος</strong></span> <span class='ocrx_word' id='word_1_533' title='bbox 3631 3285 3710 3354; x_wconf 80' lang='grc' dir='ltr'><strong>τῷ</strong></span> 
     </span>
    </p>
   </div>
   <div class='ocr_carea' id='block_1_80' title="bbox 2133 3377 3709 3455">
    <p class='ocr_par' dir='ltr' id='par_1_80' title="bbox 2133 3377 3709 3455">
     <span class='ocr_line' id='line_1_80' title="bbox 2133 3377 3709 3455; baseline -0.003 -21"><span class='ocrx_word' id='word_1_534' title='bbox 2133 3382 2440 3450; x_wconf 84' lang='grc' dir='ltr'><strong>καθηγητῇ,</strong></span> <span class='ocrx_word' id='word_1_535' title='bbox 2473 3381 2869 3452; x_wconf 75' lang='grc' dir='ltr'><strong>χειροτονηθεὶς</strong></span> <span class='ocrx_word' id='word_1_536' title='bbox 2902 3379 3273 3455; x_wconf 74' lang='grc' dir='ltr'><strong>πρεσϐύτερος</strong></span> <span class='ocrx_word' id='word_1_537' title='bbox 3307 3377 3412 3433; x_wconf 84' lang='grc' dir='ltr'><strong>ὑπὸ</strong></span> <span class='ocrx_word' id='word_1_538' title='bbox 3444 3377 3709 3448; x_wconf 87' lang='grc' dir='ltr'><strong>Τιμοθέου</strong></span> 
     </span>
    </p>
   </div>
   <div class='ocr_carea' id='block_1_81' title="bbox 2132 3468 3712 3546">
    <p class='ocr_par' dir='ltr' id='par_1_81' title="bbox 2132 3468 3712 3546">
     <span class='ocr_line' id='line_1_81' title="bbox 2132 3468 3712 3546; baseline -0.002 -20"><span class='ocrx_word' id='word_1_539' title='bbox 2132 3473 2229 3526; x_wconf 85' lang='grc' dir='ltr'><strong>τοῦ</strong></span> <span class='ocrx_word' id='word_1_540' title='bbox 2259 3472 2668 3544; x_wconf 82' lang='grc' dir='ltr'><strong>Ἀλεξανδρείας</strong></span> <span class='ocrx_word' id='word_1_541' title='bbox 2696 3474 2764 3538; x_wconf 77' lang='grc'><strong>⁸⁸,</strong></span> <span class='ocrx_word' id='word_1_542' title='bbox 2799 3472 2888 3526; x_wconf 83' lang='grc' dir='ltr'><strong>διὰ</strong></span> <span class='ocrx_word' id='word_1_543' title='bbox 2915 3473 3014 3546; x_wconf 83' lang='grc' dir='ltr'><strong>τὴν</strong></span> <span class='ocrx_word' id='word_1_544' title='bbox 3059 3472 3228 3542; x_wconf 84' lang='grc' dir='ltr'><strong>αὐτὴν</strong></span> <span class='ocrx_word' id='word_1_545' title='bbox 3255 3469 3533 3542; x_wconf 80' lang='grc' dir='ltr'><strong>καθῃρέθη</strong></span> <span class='ocrx_word' id='word_1_546' title='bbox 3566 3468 3712 3542; x_wconf 75' lang='grc' dir='ltr'><strong>αἴρε-</strong></span> 
     </span>
    </p>
   </div>
   <div class='ocr_carea' id='block_1_82' title="bbox 2136 3561 3712 3636">
    <p class='ocr_par' dir='ltr' id='par_1_82' title="bbox 2136 3561 3712 3636">
     <span class='ocr_line' id='line_1_82' title="bbox 2136 3561 3712 3636; baseline -0.004 -17"><span class='ocrx_word' id='word_1_547' title='bbox 2136 3582 2242 3632; x_wconf 92' lang='grc' dir='ltr'><strong>σιν,</strong></span> <span class='ocrx_word' id='word_1_548' title='bbox 2275 3564 2350 3628; x_wconf 82' lang='grc' dir='ltr'><strong>ὡς</strong></span> <span class='ocrx_word' id='word_1_549' title='bbox 2373 3565 2408 3635; x_wconf 83' lang='grc' dir='ltr'><strong>ή</strong></span> <span class='ocrx_word' id='word_1_550' title='bbox 2430 3563 2526 3617; x_wconf 79' lang='grc' dir='ltr'><strong>τοῦ</strong></span> <span class='ocrx_word' id='word_1_551' title='bbox 2551 3563 2886 3636; x_wconf 85' lang='grc' dir='ltr'><strong>Πτολεμαίου</strong></span> <span class='ocrx_word' id='word_1_552' title='bbox 2910 3561 3004 3618; x_wconf 80' lang='grc' dir='ltr'><strong>τοῦ</strong></span> <span class='ocrx_word' id='word_1_553' title='bbox 3044 3561 3465 3634; x_wconf 85' lang='grc' dir='ltr'><strong>Ῥινοκορούρων</strong></span> <span class='ocrx_word' id='word_1_554' title='bbox 3491 3561 3712 3614; x_wconf 73' lang='grc' dir='ltr'><strong>ἐπισκό-</strong></span> 
     </span>
    </p>
   </div>
   <div class='ocr_carea' id='block_1_83' title="bbox 2135 3651 3711 3727">
    <p class='ocr_par' dir='ltr' id='par_1_83' title="bbox 2135 3651 3711 3727">
     <span class='ocr_line' id='line_1_83' title="bbox 2135 3651 3711 3727; baseline -0.004 -16"><span class='ocrx_word' id='word_1_555' title='bbox 2135 3675 2240 3712; x_wconf 90' lang='grc' dir='ltr'><strong>που</strong></span> <span class='ocrx_word' id='word_1_556' title='bbox 2291 3656 2430 3727; x_wconf 82' lang='grc' dir='ltr'><strong>πρὸς</strong></span> <span class='ocrx_word' id='word_1_557' title='bbox 2481 3653 2748 3726; x_wconf 85' lang='grc' dir='ltr'><strong>Τιμόθεον</strong></span> <span class='ocrx_word' id='word_1_558' title='bbox 2791 3655 2884 3710; x_wconf 79' lang='grc' dir='ltr'><strong>τὸν</strong></span> <span class='ocrx_word' id='word_1_559' title='bbox 2945 3654 3346 3727; x_wconf 85' lang='grc' dir='ltr'><strong>προειρημένον</strong></span> <span class='ocrx_word' id='word_1_560' title='bbox 3404 3651 3711 3707; x_wconf 87' lang='grc' dir='ltr'><strong>ἐκδιδάσκει</strong></span> 
     </span>
    </p>
   </div>
   <div class='ocr_carea' id='block_1_84' title="bbox 2137 3749 2407 3820">
    <p class='ocr_par' dir='ltr' id='par_1_84' title="bbox 2137 3749 2407 3820">
     <span class='ocr_line' id='line_1_84' title="bbox 2137 3749 2407 3820; baseline -0.011 -16"><span class='ocrx_word' id='word_1_561' title='bbox 2137 3749 2407 3820; x_wconf 81' lang='grc' dir='ltr'><strong>ὰναφορά.</strong></span> 
     </span>
    </p>
   </div>
   <div class='ocr_carea' id='block_1_85' title="bbox 2879 3838 3008 3892">
    <p class='ocr_par' dir='ltr' id='par_1_85' title="bbox 2879 3838 3008 3892">
     <span class='ocr_line' id='line_1_85' title="bbox 2879 3838 3008 3892; baseline 0 0"><span class='ocrx_word' id='word_1_562' title='bbox 2879 3838 3008 3892; x_wconf 80' lang='lat' dir='ltr'><strong>NI&quot;.</strong></span> 
     </span>
    </p>
   </div>
   <div class='ocr_carea' id='block_1_86' title="bbox 2137 3926 3714 4000">
    <p class='ocr_par' dir='ltr' id='par_1_86' title="bbox 2137 3926 3714 4000">
     <span class='ocr_line' id='line_1_86' title="bbox 2137 3926 3714 4000; baseline -0.003 -14"><span class='ocrx_word' id='word_1_563' title='bbox 2137 3932 2404 3999; x_wconf 77' lang='grc' dir='ltr'><strong>Σύνοδυς</strong></span> <span class='ocrx_word' id='word_1_564' title='bbox 2431 3930 2583 3987; x_wconf 79' lang='grc' dir='ltr'><strong>κατὰ</strong></span> <span class='ocrx_word' id='word_1_565' title='bbox 2613 3931 2913 4000; x_wconf 79' lang='grc' dir='ltr'><strong>Πελαγίου</strong></span> <span class='ocrx_word' id='word_1_566' title='bbox 2960 3930 3059 3984; x_wconf 77' lang='grc' dir='ltr'><strong>καὶ</strong></span> <span class='ocrx_word' id='word_1_567' title='bbox 3080 3927 3424 4000; x_wconf 13' lang='grc' dir='ltr'><strong>,Κελεστιου</strong></span> <span class='ocrx_word' id='word_1_568' title='bbox 3452 3926 3523 3980; x_wconf 76' lang='grc' dir='ltr'><strong>ἐν</strong></span> <span class='ocrx_word' id='word_1_569' title='bbox 3547 3929 3714 3998; x_wconf 83' lang='grc' dir='ltr'><strong>Καρ-</strong></span> 
     </span>
    </p>
   </div>
   <div class='ocr_carea' id='block_1_87' title="bbox 2277 3999 3207 4076">
    <p class='ocr_par' dir='ltr' id='par_1_87' title="bbox 2277 3999 3207 4076">
     <span class='ocr_line' id='line_1_87' title="bbox 2277 3999 3207 4076; baseline 0.001 -21"><span class='ocrx_word' id='word_1_570' title='bbox 2277 4073 2280 4076; x_wconf 14' lang='grc'><strong>,</strong></span> <span class='ocrx_word' id='word_1_571' title='bbox 2648 3999 2872 4070; x_wconf 56' lang='lat' dir='ltr'><strong>duram</strong></span> <span class='ocrx_word' id='word_1_572' title='bbox 2900 3999 3207 4057; x_wconf 86' lang='grc' dir='ltr'><strong>συστᾶσα.</strong></span> 
     </span>
    </p>
   </div>
   <div class='ocr_carea' id='block_1_88' title="bbox 2205 4091 3714 4164">
    <p class='ocr_par' dir='ltr' id='par_1_88' title="bbox 2205 4091 3714 4164">
     <span class='ocr_line' id='line_1_88' title="bbox 2205 4091 3714 4164; baseline 0 -18"><span class='ocrx_word' id='word_1_573' title='bbox 2205 4092 2546 4164; x_wconf 77' lang='grc' dir='ltr'><strong>Ἀνεγνὼσθη</strong></span> <span class='ocrx_word' id='word_1_574' title='bbox 2570 4092 2828 4164; x_wconf 87' lang='grc' dir='ltr'><strong>βιϐλίονή</strong></span> <span class='ocrx_word' id='word_1_575' title='bbox 2867 4091 3028 4147; x_wconf 84' lang='grc' dir='ltr'><strong>Κατὰ</strong></span> <span class='ocrx_word' id='word_1_576' title='bbox 3058 4093 3360 4162; x_wconf 73' lang='grc' dir='ltr'><strong>Πελαγίου</strong></span> <span class='ocrx_word' id='word_1_577' title='bbox 3389 4091 3489 4147; x_wconf 76' lang='grc' dir='ltr'><strong>καὶ</strong></span> <span class='ocrx_word' id='word_1_578' title='bbox 3527 4095 3714 4148; x_wconf 72' lang='grc' dir='ltr'><strong>Κελε-</strong></span> 
     </span>
    </p>
   </div>
   <div class='ocr_carea' id='block_1_89' title="bbox 2137 4183 3716 4257">
    <p class='ocr_par' dir='ltr' id='par_1_89' title="bbox 2137 4183 3716 4257">
     <span class='ocr_line' id='line_1_89' title="bbox 2137 4183 3716 4257; baseline -0.002 -16"><span class='ocrx_word' id='word_1_579' title='bbox 2137 4185 2310 4241; x_wconf 82' lang='grc' dir='ltr'><strong>στίου</strong></span> <span class='ocrx_word' id='word_1_580' title='bbox 2323 4185 2367 4218; x_wconf 71' lang='grc'><strong>⁸⁷</strong></span> <span class='ocrx_word' id='word_1_581' title='bbox 2381 4186 2646 4251; x_wconf 76' lang='grc' dir='ltr'><strong>σύνοδος</strong></span> <span class='ocrx_word' id='word_1_582' title='bbox 2661 4186 2719 4239; x_wconf 83' lang='grc' dir='ltr'><strong>ἐν</strong></span> <span class='ocrx_word' id='word_1_583' title='bbox 2734 4183 3063 4257; x_wconf 83' lang='grc' dir='ltr'><strong>Καρθαγένῃ</strong></span> <span class='ocrx_word' id='word_1_584' title='bbox 3085 4185 3327 4238; x_wconf 79' lang='grc' dir='ltr'><strong>συστᾶσα</strong></span> <span class='ocrx_word' id='word_1_585' title='bbox 3340 4185 3398 4237; x_wconf 91' lang='grc' dir='ltr'><strong>ἐν</strong></span> <span class='ocrx_word' id='word_1_586' title='bbox 3418 4187 3481 4255; x_wconf 84' lang='grc' dir='ltr'><strong>τῇ</strong></span> <span class='ocrx_word' id='word_1_587' title='bbox 3503 4183 3716 4255; x_wconf 76' lang='grc' dir='ltr'><strong>μεγάλῃ</strong></span> 
     </span>
    </p>
   </div>
   <div class='ocr_carea' id='block_1_90' title="bbox 2138 4274 3716 4348">
    <p class='ocr_par' dir='ltr' id='par_1_90' title="bbox 2138 4274 3716 4348">
     <span class='ocr_line' id='line_1_90' title="bbox 2138 4274 3716 4348; baseline -0.001 -18"><span class='ocrx_word' id='word_1_588' title='bbox 2138 4277 2405 4348; x_wconf 73' lang='grc' dir='ltr'><strong>ἐκκλησίᾳ</strong></span> <span class='ocrx_word' id='word_1_589' title='bbox 2450 4276 2695 4331; x_wconf 80' lang='grc' dir='ltr'><strong>Φαύστου</strong></span> <span class='ocrx_word' id='word_1_590' title='bbox 2736 4276 2996 4348; x_wconf 83' lang='grc' dir='ltr'><strong>Ὀνωρίου</strong></span> <span class='ocrx_word' id='word_1_591' title='bbox 3027 4277 3089 4329; x_wconf 80' lang='grc' dir='ltr'><strong>τὸ</strong></span> <span class='ocrx_word' id='word_1_592' title='bbox 3124 4277 3224 4348; x_wconf 83' lang='grc' dir='ltr'><strong>τῆς</strong></span> <span class='ocrx_word' id='word_1_593' title='bbox 3268 4276 3524 4347; x_wconf 80' lang='grc' dir='ltr'><strong>ἑσπερίου</strong></span> <span class='ocrx_word' id='word_1_594' title='bbox 3559 4274 3716 4346; x_wconf 86' lang='grc' dir='ltr'><strong>βασι-</strong></span> 
     </span>
    </p>
   </div>
   <div class='ocr_carea' id='block_1_91' title="bbox 459 4359 2025 4450">
    <p class='ocr_par' dir='ltr' id='par_1_91' title="bbox 459 4359 2025 4438">
     <span class='ocr_line' id='line_1_91' title="bbox 459 4359 2025 4438; baseline 0.01 -25"><span class='ocrx_word' id='word_1_595' title='bbox 459 4359 723 4418; x_wconf 67' lang='grc' dir='ltr'><strong>Ρτιεεθὰἰι</strong></span> <span class='ocrx_word' id='word_1_596' title='bbox 773 4364 826 4418; x_wconf 90' lang='lat' dir='ltr'><strong>in</strong></span> <span class='ocrx_word' id='word_1_597' title='bbox 882 4374 953 4418; x_wconf 84' lang='lat' dir='ltr'><strong>ea</strong></span> <span class='ocrx_word' id='word_1_598' title='bbox 995 4365 1246 4421; x_wconf 88' lang='lat' dir='ltr'><strong>Aurelius</strong></span> <span class='ocrx_word' id='word_1_599' title='bbox 1300 4369 1610 4438; x_wconf 85' lang='lat' dir='ltr'><strong>episcopus,</strong></span> <span class='ocrx_word' id='word_1_600' title='bbox 1672 4380 1726 4424; x_wconf 90' lang='lat' dir='ltr'><strong>et</strong></span> <span class='ocrx_word' id='word_1_601' title='bbox 1776 4371 2025 4428; x_wconf 75' lang='lat' dir='ltr'><strong>Dotiamni</strong></span> 
     </span>
    </p>
   </div>
   <div class='ocr_carea' id='block_1_92' title="bbox 2130 4359 3720 4450">
    <p class='ocr_par' dir='ltr' id='par_1_92' title="bbox 2138 4367 3720 4442">
     <span class='ocr_line' id='line_1_92' title="bbox 2138 4367 3720 4442; baseline -0.001 -19"><span class='ocrx_word' id='word_1_602' title='bbox 2138 4369 2288 4433; x_wconf 87' lang='grc' dir='ltr'><strong>λείας</strong></span> <span class='ocrx_word' id='word_1_603' title='bbox 2337 4369 2701 4442; x_wconf 82' lang='grc' dir='ltr'><strong>φρουροῦντος</strong></span> <span class='ocrx_word' id='word_1_604' title='bbox 2740 4369 2992 4440; x_wconf 80' lang='grc' dir='ltr'><strong>ἀξίωμαο</strong></span> <span class='ocrx_word' id='word_1_605' title='bbox 3030 4369 3227 4442; x_wconf 82' lang='grc' dir='ltr'><strong>ἐξῆρχε</strong></span> <span class='ocrx_word' id='word_1_606' title='bbox 3267 4369 3326 4424; x_wconf 81' lang='grc' dir='ltr'><strong>δὲ</strong></span> <span class='ocrx_word' id='word_1_607' title='bbox 3367 4367 3574 4440; x_wconf 79' lang='grc' dir='ltr'><strong>ταύτης</strong></span> <span class='ocrx_word' id='word_1_608' title='bbox 3616 4369 3720 4439; x_wconf 84' lang='grc' dir='ltr'><strong>τῆς</strong></span> 
     </span>
    </p>
   </div>
   <div class='ocr_carea' id='block_1_93' title="bbox 455 4452 2025 4534">
    <p class='ocr_par' dir='ltr' id='par_1_93' title="bbox 455 4452 2025 4528">
     <span class='ocr_line' id='line_1_93' title="bbox 455 4452 2025 4528; baseline 0.005 -20"><span class='ocrx_word' id='word_1_609' title='bbox 455 4452 713 4508; x_wconf 89' lang='lat' dir='ltr'><strong>Pteutesii</strong></span> <span class='ocrx_word' id='word_1_610' title='bbox 752 4456 940 4525; x_wconf 70' lang='lat' dir='ltr'><strong>prima:</strong></span> <span class='ocrx_word' id='word_1_611' title='bbox 969 4457 1114 4511; x_wconf 84' lang='lat' dir='ltr'><strong>sedis</strong></span> <span class='ocrx_word' id='word_1_612' title='bbox 1144 4456 1446 4528; x_wconf 58' lang='lat' dir='ltr'><strong>Byzacenw</strong></span> <span class='ocrx_word' id='word_1_613' title='bbox 1469 4459 1760 4527; x_wconf 68' lang='lat' dir='ltr'><strong>provinciae</strong></span> <span class='ocrx_word' id='word_1_614' title='bbox 1787 4476 1802 4513; x_wconf 89' lang='lat'><strong>:</strong></span> <span class='ocrx_word' id='word_1_615' title='bbox 1841 4461 2025 4528; x_wconf 75' lang='lat' dir='ltr'><strong>quibus</strong></span> 
     </span>
    </p>
   </div>
   <div class='ocr_carea' id='block_1_94' title="bbox 2130 4452 3720 4534">
    <p class='ocr_par' dir='ltr' id='par_1_94' title="bbox 2137 4459 3720 4534">
     <span class='ocr_line' id='line_1_94' title="bbox 2137 4459 3720 4534; baseline -0.001 -18"><span class='ocrx_word' id='word_1_616' title='bbox 2137 4462 2357 4516; x_wconf 90' lang='grc' dir='ltr'><strong>συνόδου</strong></span> <span class='ocrx_word' id='word_1_617' title='bbox 2399 4463 2669 4534; x_wconf 82' lang='grc' dir='ltr'><strong>Αὐρήλιος</strong></span> <span class='ocrx_word' id='word_1_618' title='bbox 2696 4462 2742 4494; x_wconf 77' lang='grc'><strong>⁸⁸</strong></span> <span class='ocrx_word' id='word_1_619' title='bbox 2764 4461 3065 4526; x_wconf 85' lang='grc' dir='ltr'><strong>ἐπίσκοπος</strong></span> <span class='ocrx_word' id='word_1_620' title='bbox 3112 4462 3207 4515; x_wconf 78' lang='grc' dir='ltr'><strong>καὶ</strong></span> <span class='ocrx_word' id='word_1_621' title='bbox 3243 4460 3495 4524; x_wconf 84' lang='grc' dir='ltr'><strong>Δοτιανδς</strong></span> <span class='ocrx_word' id='word_1_622' title='bbox 3528 4462 3574 4494; x_wconf 69' lang='grc' dir='ltr'><strong>θ’</strong></span> <span class='ocrx_word' id='word_1_623' title='bbox 3611 4459 3720 4515; x_wconf 84' lang='grc' dir='ltr'><strong>Τε-</strong></span> 
     </span>
    </p>
   </div>
   <div class='ocr_carea' id='block_1_95' title="bbox 461 4543 2036 4622">
    <p class='ocr_par' dir='ltr' id='par_1_95' title="bbox 461 4543 2036 4622">
     <span class='ocr_line' id='line_1_95' title="bbox 461 4543 2036 4622; baseline 0.008 -25"><span class='ocrx_word' id='word_1_624' title='bbox 461 4543 754 4599; x_wconf 81' lang='lat' dir='ltr'><strong>adfuerunt</strong></span> <span class='ocrx_word' id='word_1_625' title='bbox 781 4546 950 4602; x_wconf 87' lang='lat' dir='ltr'><strong>variis</strong></span> <span class='ocrx_word' id='word_1_626' title='bbox 985 4563 1015 4603; x_wconf 92' lang='lat' dir='ltr'><strong>e</strong></span> <span class='ocrx_word' id='word_1_627' title='bbox 1046 4549 1346 4618; x_wconf 87' lang='lat' dir='ltr'><strong>provinciis</strong></span> <span class='ocrx_word' id='word_1_628' title='bbox 1375 4552 1684 4607; x_wconf 85' lang='lat' dir='ltr'><strong>sacerdotio</strong></span> <span class='ocrx_word' id='word_1_629' title='bbox 1717 4561 2036 4622; x_wconf 71' lang='lat' dir='ltr'><strong>praestantes</strong></span> 
     </span>
    </p>
   </div>
   <div class='ocr_carea' id='block_1_96' title="bbox 453 4635 1655 4712">
    <p class='ocr_par' dir='ltr' id='par_1_96' title="bbox 453 4635 1655 4712">
     <span class='ocr_line' id='line_1_96' title="bbox 453 4635 1655 4712; baseline 0.009 -26"><span class='ocrx_word' id='word_1_630' title='bbox 453 4635 584 4700; x_wconf 90' lang='lat' dir='ltr'><strong>viri,</strong></span> <span class='ocrx_word' id='word_1_631' title='bbox 613 4650 839 4691; x_wconf 87' lang='lat' dir='ltr'><strong>numero</strong></span> <span class='ocrx_word' id='word_1_632' title='bbox 857 4638 1081 4692; x_wconf 88' lang='lat' dir='ltr'><strong>&#39;ducenti</strong></span> <span class='ocrx_word' id='word_1_633' title='bbox 1103 4648 1339 4707; x_wconf 92' lang='lat' dir='ltr'><strong>quatuor</strong></span> <span class='ocrx_word' id='word_1_634' title='bbox 1360 4650 1415 4695; x_wconf 86' lang='lat' dir='ltr'><strong>et</strong></span> <span class='ocrx_word' id='word_1_635' title='bbox 1441 4641 1655 4712; x_wconf 85' lang='lat' dir='ltr'><strong>viginti.</strong></span> 
     </span>
    </p>
   </div>
   <div class='ocr_carea' id='block_1_97' title="bbox 529 4727 2034 4804">
    <p class='ocr_par' dir='ltr' id='par_1_97' title="bbox 529 4727 2034 4804">
     <span class='ocr_line' id='line_1_97' title="bbox 529 4727 2034 4804; baseline 0.007 -24"><span class='ocrx_word' id='word_1_636' title='bbox 529 4727 758 4781; x_wconf 85' lang='lat' dir='ltr'><strong>Damnat</strong></span> <span class='ocrx_word' id='word_1_637' title='bbox 796 4728 910 4784; x_wconf 64' lang='lat' dir='ltr'><strong>haec</strong></span> <span class='ocrx_word' id='word_1_638' title='bbox 943 4732 1181 4800; x_wconf 88' lang='lat' dir='ltr'><strong>synodus</strong></span> <span class='ocrx_word' id='word_1_639' title='bbox 1204 4732 1554 4788; x_wconf 82' lang='lat' dir='ltr'><strong>anathemate</strong></span> <span class='ocrx_word' id='word_1_640' title='bbox 1595 4748 1714 4799; x_wconf 89' lang='lat' dir='ltr'><strong>eos,</strong></span> <span class='ocrx_word' id='word_1_641' title='bbox 1769 4734 2034 4804; x_wconf 86' lang='lat' dir='ltr'><strong>quiasse-</strong></span> 
     </span>
    </p>
   </div>
   <div class='ocr_carea' id='block_1_98' title="bbox 455 4817 2031 4892">
    <p class='ocr_par' dir='ltr' id='par_1_98' title="bbox 455 4817 2031 4892">
     <span class='ocr_line' id='line_1_98' title="bbox 455 4817 2031 4892; baseline 0.007 -25"><span class='ocrx_word' id='word_1_642' title='bbox 455 4824 640 4870; x_wconf 86' lang='lat' dir='ltr'><strong>rercnt</strong></span> <span class='ocrx_word' id='word_1_643' title='bbox 672 4817 784 4886; x_wconf 85' lang='lat'><strong>(87)</strong></span> <span class='ocrx_word' id='word_1_644' title='bbox 822 4820 1089 4875; x_wconf 87' lang='lat' dir='ltr'><strong>Adamum</strong></span> <span class='ocrx_word' id='word_1_645' title='bbox 1117 4823 1402 4878; x_wconf 87' lang='lat' dir='ltr'><strong>mortalem</strong></span> <span class='ocrx_word' id='word_1_646' title='bbox 1428 4839 1548 4879; x_wconf 90' lang='lat' dir='ltr'><strong>esse</strong></span> <span class='ocrx_word' id='word_1_647' title='bbox 1576 4825 1877 4892; x_wconf 90' lang='lat' dir='ltr'><strong>conditum,</strong></span> <span class='ocrx_word' id='word_1_648' title='bbox 1925 4841 2031 4879; x_wconf 90' lang='lat' dir='ltr'><strong>non</strong></span> 
     </span>
    </p>
   </div>
   <div class='ocr_carea' id='block_1_99' title="bbox 457 4912 2035 4983">
    <p class='ocr_par' dir='ltr' id='par_1_99' title="bbox 457 4912 2035 4983">
     <span class='ocr_line' id='line_1_99' title="bbox 457 4912 2035 4983; baseline 0.008 -23"><span class='ocrx_word' id='word_1_649' title='bbox 457 4919 635 4962; x_wconf 83' lang='lat' dir='ltr'><strong>autem</strong></span> <span class='ocrx_word' id='word_1_650' title='bbox 669 4912 1129 4980; x_wconf 64' lang='lat' dir='ltr'><strong>praevaricationis</strong></span> <span class='ocrx_word' id='word_1_651' title='bbox 1164 4930 1352 4983; x_wconf 88' lang='lat' dir='ltr'><strong>causa,</strong></span> <span class='ocrx_word' id='word_1_652' title='bbox 1388 4927 1564 4973; x_wconf 91' lang='lat' dir='ltr'><strong>morte</strong></span> <span class='ocrx_word' id='word_1_653' title='bbox 1603 4918 1910 4972; x_wconf 85' lang='lat' dir='ltr'><strong>multatum.</strong></span> <span class='ocrx_word' id='word_1_654' title='bbox 1946 4917 2035 4972; x_wconf 85' lang='lat' dir='ltr'><strong>Si-</strong></span> 
     </span>
    </p>
   </div>
   <div class='ocr_carea' id='block_1_100' title="bbox 457 5000 2031 5080">
    <p class='ocr_par' dir='ltr' id='par_1_100' title="bbox 457 5000 2031 5080">
     <span class='ocr_line' id='line_1_100' title="bbox 457 5000 2031 5080; baseline 0.007 -26"><span class='ocrx_word' id='word_1_655' title='bbox 457 5000 657 5057; x_wconf 86' lang='lat' dir='ltr'><strong>militer</strong></span> <span class='ocrx_word' id='word_1_656' title='bbox 686 5011 743 5058; x_wconf 88' lang='lat' dir='ltr'><strong>et</strong></span> <span class='ocrx_word' id='word_1_657' title='bbox 770 5017 866 5059; x_wconf 89' lang='lat' dir='ltr'><strong>eos</strong></span> <span class='ocrx_word' id='word_1_658' title='bbox 907 5005 1000 5075; x_wconf 89' lang='lat' dir='ltr'><strong>qui</strong></span> <span class='ocrx_word' id='word_1_659' title='bbox 1033 5021 1221 5063; x_wconf 91' lang='lat' dir='ltr'><strong>recens</strong></span> <span class='ocrx_word' id='word_1_660' title='bbox 1257 5019 1415 5066; x_wconf 89' lang='lat' dir='ltr'><strong>natos</strong></span> <span class='ocrx_word' id='word_1_661' title='bbox 1458 5010 1694 5067; x_wconf 86' lang='lat' dir='ltr'><strong>infantes</strong></span> <span class='ocrx_word' id='word_1_662' title='bbox 1723 5011 2031 5080; x_wconf 79' lang='lat' dir='ltr'><strong>&#39;baptismo</strong></span> 
     </span>
    </p>
   </div>
   <div class='ocr_carea' id='block_1_101' title="bbox 2137 4552 3723 4626">
    <p class='ocr_par' dir='ltr' id='par_1_101' title="bbox 2137 4552 3723 4626">
     <span class='ocr_line' id='line_1_101' title="bbox 2137 4552 3723 4626; baseline -0.001 -18"><span class='ocrx_word' id='word_1_663' title='bbox 2137 4554 2457 4608; x_wconf 87' lang='grc' dir='ltr'><strong>πτεντεσίου</strong></span> <span class='ocrx_word' id='word_1_664' title='bbox 2489 4555 2538 4588; x_wconf 78' lang='grc'><strong>⁷⁸</strong></span> <span class='ocrx_word' id='word_1_665' title='bbox 2568 4554 2664 4608; x_wconf 79' lang='grc' dir='ltr'><strong>τοῦ</strong></span> <span class='ocrx_word' id='word_1_666' title='bbox 2698 4553 2917 4625; x_wconf 84' lang='grc' dir='ltr'><strong>πρώτου</strong></span> <span class='ocrx_word' id='word_1_667' title='bbox 2944 4553 3137 4626; x_wconf 90' lang='grc' dir='ltr'><strong>θρόνου</strong></span> <span class='ocrx_word' id='word_1_668' title='bbox 3159 4555 3201 4586; x_wconf 82' lang='grc'><strong>⁷⁸</strong></span> <span class='ocrx_word' id='word_1_669' title='bbox 3243 4552 3512 4624; x_wconf 88' lang='grc' dir='ltr'><strong>ἐπαρχίας</strong></span> <span class='ocrx_word' id='word_1_670' title='bbox 3543 4552 3723 4617; x_wconf 80' lang='grc' dir='ltr'><strong>Βυζα-</strong></span> 
     </span>
    </p>
   </div>
   <div class='ocr_carea' id='block_1_102' title="bbox 2135 4641 3722 4717">
    <p class='ocr_par' dir='ltr' id='par_1_102' title="bbox 2135 4641 3722 4717">
     <span class='ocr_line' id='line_1_102' title="bbox 2135 4641 3722 4717; baseline -0.002 -18"><span class='ocrx_word' id='word_1_671' title='bbox 2135 4647 2326 4717; x_wconf 82' lang='grc' dir='ltr'><strong>κηνῆς.</strong></span> <span class='ocrx_word' id='word_1_672' title='bbox 2342 4641 2425 4710; x_wconf 79' lang='grc' dir='ltr'><strong>οἷς</strong></span> <span class='ocrx_word' id='word_1_673' title='bbox 2442 4646 2769 4717; x_wconf 89' lang='grc' dir='ltr'><strong>συνήδρευον</strong></span> <span class='ocrx_word' id='word_1_674' title='bbox 2788 4647 2854 4700; x_wconf 88' lang='grc' dir='ltr'><strong>ἐκ</strong></span> <span class='ocrx_word' id='word_1_675' title='bbox 2873 4645 3146 4717; x_wconf 83' lang='grc' dir='ltr'><strong>διαφόρων</strong></span> <span class='ocrx_word' id='word_1_676' title='bbox 3172 4645 3451 4716; x_wconf 85' lang='grc' dir='ltr'><strong>ἐπαρχιῶν</strong></span> <span class='ocrx_word' id='word_1_677' title='bbox 3465 4645 3511 4677; x_wconf 80' lang='grc'><strong>⁷¹</strong></span> <span class='ocrx_word' id='word_1_678' title='bbox 3525 4643 3722 4715; x_wconf 79' lang='grc' dir='ltr'><strong>ἄνδρες</strong></span> 
     </span>
    </p>
   </div>
   <div class='ocr_carea' id='block_1_103' title="bbox 2133 4736 3409 4811">
    <p class='ocr_par' dir='ltr' id='par_1_103' title="bbox 2133 4736 3409 4811">
     <span class='ocr_line' id='line_1_103' title="bbox 2133 4736 3409 4811; baseline 0.001 -22"><span class='ocrx_word' id='word_1_679' title='bbox 2133 4737 2530 4807; x_wconf 85' lang='grc' dir='ltr'><strong>διαπρέποντες</strong></span> <span class='ocrx_word' id='word_1_680' title='bbox 2559 4737 2826 4811; x_wconf 82' lang='grc' dir='ltr'><strong>ἱερωσύνῃ</strong></span> <span class='ocrx_word' id='word_1_681' title='bbox 2849 4777 2862 4801; x_wconf 93' lang='grc'><strong>,</strong></span> <span class='ocrx_word' id='word_1_682' title='bbox 2893 4738 2986 4792; x_wconf 80' lang='grc' dir='ltr'><strong>τὸν</strong></span> <span class='ocrx_word' id='word_1_683' title='bbox 3010 4736 3242 4809; x_wconf 81' lang='grc' dir='ltr'><strong>ἀριθμὸν</strong></span> <span class='ocrx_word' id='word_1_684' title='bbox 3277 4743 3409 4791; x_wconf 69' lang='grc' dir='ltr'><strong>σκεν.</strong></span> 
     </span>
    </p>
   </div>
   <div class='ocr_carea' id='block_1_104' title="bbox 2213 4823 3725 4899">
    <p class='ocr_par' dir='ltr' id='par_1_104' title="bbox 2213 4823 3725 4899">
     <span class='ocr_line' id='line_1_104' title="bbox 2213 4823 3725 4899; baseline -0.001 -20"><span class='ocrx_word' id='word_1_685' title='bbox 2213 4825 2364 4896; x_wconf 75' lang='grc' dir='ltr'><strong>Αὕτη</strong></span> <span class='ocrx_word' id='word_1_686' title='bbox 2394 4829 2428 4898; x_wconf 82' lang='grc' dir='ltr'><strong>ἡ</strong></span> <span class='ocrx_word' id='word_1_687' title='bbox 2459 4826 2678 4893; x_wconf 87' lang='grc' dir='ltr'><strong>σύνοδος</strong></span> <span class='ocrx_word' id='word_1_688' title='bbox 2702 4829 2825 4891; x_wconf 78' lang='grc' dir='ltr'><strong>τοὺς</strong></span> <span class='ocrx_word' id='word_1_689' title='bbox 2859 4827 3054 4899; x_wconf 81' lang='grc' dir='ltr'><strong>θνητὸν</strong></span> <span class='ocrx_word' id='word_1_690' title='bbox 3098 4827 3403 4895; x_wconf 79' lang='grc' dir='ltr'><strong>πλασθῆναι</strong></span> <span class='ocrx_word' id='word_1_691' title='bbox 3426 4826 3519 4880; x_wconf 81' lang='grc' dir='ltr'><strong>τὸν</strong></span> <span class='ocrx_word' id='word_1_692' title='bbox 3542 4823 3725 4894; x_wconf 78' lang='grc' dir='ltr'><strong>Ἀδὰμ</strong></span> 
     </span>
    </p>
   </div>
   <div class='ocr_carea' id='block_1_105' title="bbox 2145 4915 3725 4990">
    <p class='ocr_par' dir='ltr' id='par_1_105' title="bbox 2145 4915 3725 4990">
     <span class='ocr_line' id='line_1_105' title="bbox 2145 4915 3725 4990; baseline 0.001 -22"><span class='ocrx_word' id='word_1_693' title='bbox 2145 4915 2406 4986; x_wconf 87' lang='grc' dir='ltr'><strong>λέγοντας</strong></span> <span class='ocrx_word' id='word_1_694' title='bbox 2438 4915 2530 4988; x_wconf 72' lang='grc'><strong>144</strong></span> <span class='ocrx_word' id='word_1_695' title='bbox 2558 4916 2651 4990; x_wconf 71' lang='lat' dir='ltr'><strong>IL]</strong></span> <span class='ocrx_word' id='word_1_696' title='bbox 2685 4917 2817 4970; x_wconf 82' lang='grc' dir='ltr'><strong>ἀλλὰ</strong></span> <span class='ocrx_word' id='word_1_697' title='bbox 2855 4917 2930 4988; x_wconf 79' lang='grc' dir='ltr'><strong>μὴ</strong></span> <span class='ocrx_word' id='word_1_698' title='bbox 2964 4919 3030 4972; x_wconf 80' lang='grc' dir='ltr'><strong>ἐκ</strong></span> <span class='ocrx_word' id='word_1_699' title='bbox 3077 4917 3441 4990; x_wconf 87' lang='grc' dir='ltr'><strong>παραϐάσεως</strong></span> <span class='ocrx_word' id='word_1_700' title='bbox 3487 4916 3645 4970; x_wconf 80' lang='grc' dir='ltr'><strong>τοῦτο</strong></span> <span class='ocrx_word' id='word_1_701' title='bbox 3671 4918 3725 4950; x_wconf 76' lang='grc'>’³</span> 
     </span>
    </p>
   </div>
   <div class='ocr_carea' id='block_1_106' title="bbox 2145 5008 3725 5082">
    <p class='ocr_par' dir='ltr' id='par_1_106' title="bbox 2145 5008 3725 5082">
     <span class='ocr_line' id='line_1_106' title="bbox 2145 5008 3725 5082; baseline 0.003 -22"><span class='ocrx_word' id='word_1_702' title='bbox 2145 5009 2609 5080; x_wconf 84' lang='grc' dir='ltr'><strong>καταδικασθῆναι</strong></span> <span class='ocrx_word' id='word_1_703' title='bbox 2663 5008 3052 5082; x_wconf 79' lang='grc' dir='ltr'><strong>ἀναθεματίζει</strong></span> <span class='ocrx_word' id='word_1_704' title='bbox 3079 5023 3096 5041; x_wconf 76' lang='grc' dir='ltr'><strong><em>ο</em></strong></span> <span class='ocrx_word' id='word_1_705' title='bbox 3157 5008 3419 5075; x_wconf 85' lang='grc' dir='ltr'><strong>ὡσαύτως</strong></span> <span class='ocrx_word' id='word_1_706' title='bbox 3468 5009 3597 5073; x_wconf 83' lang='grc' dir='ltr'><strong>τοὺς</strong></span> <span class='ocrx_word' id='word_1_707' title='bbox 3651 5011 3725 5064; x_wconf 62' lang='grc' dir='ltr'><strong>τὰ</strong></span> 
     </span>
    </p>
   </div>
   <div class='ocr_carea' id='block_1_107' title="bbox 1746 5121 2417 5179">
    <p class='ocr_par' dir='ltr' id='par_1_107' title="bbox 1746 5121 2417 5179">
     <span class='ocr_line' id='line_1_107' title="bbox 1746 5121 2417 5179; baseline -0.001 -1"><span class='ocrx_word' id='word_1_708' title='bbox 1746 5123 1981 5179; x_wconf 77' lang='lat' dir='ltr'><strong>VARUE</strong></span> <span class='ocrx_word' id='word_1_709' title='bbox 2014 5121 2417 5178; x_wconf 78' lang='lat' dir='ltr'><strong>LECTIONES.</strong></span> 
     </span>
    </p>
   </div>
   <div class='ocr_carea' id='block_1_108' title="bbox 525 5210 2154 5292">
    <p class='ocr_par' dir='ltr' id='par_1_108' title="bbox 525 5210 2154 5292">
     <span class='ocr_line' id='line_1_108' title="bbox 525 5210 2154 5292; baseline 0.007 -30"><span class='ocrx_word' id='word_1_710' title='bbox 525 5210 572 5292; x_wconf 41' lang='lat'><strong>5&quot;</strong></span> <span class='ocrx_word' id='word_1_711' title='bbox 602 5211 998 5292; x_wconf 66' lang='grc' dir='ltr'><strong>ἐλθόντων</strong></span> <span class='ocrx_word' id='word_1_712' title='bbox 1028 5216 1447 5292; x_wconf 28' lang='grc' dir='ltr'><strong>⁸⁹μάρξαμένους</strong></span> <span class='ocrx_word' id='word_1_713' title='bbox 1473 5221 1554 5292; x_wconf 81' lang='lat' dir='ltr'><strong>A._</strong></span> <span class='ocrx_word' id='word_1_714' title='bbox 1614 5221 1663 5252; x_wconf 77' lang='lat'><strong>”</strong></span> <span class='ocrx_word' id='word_1_715' title='bbox 1690 5220 2065 5292; x_wconf 83' lang='grc' dir='ltr'><strong>πρεσϐυτέρου</strong></span> <span class='ocrx_word' id='word_1_716' title='bbox 2093 5237 2154 5292; x_wconf 76' lang='grc' dir='ltr'><strong>ς.</strong></span> 
     </span>
    </p>
   </div>
   <div class='ocr_carea' id='block_1_109' title="bbox 456 5280 2761 5361">
    <p class='ocr_par' dir='ltr' id='par_1_109' title="bbox 456 5280 2761 5361">
     <span class='ocr_line' id='line_1_109' title="bbox 456 5280 2761 5361; baseline -0.003 -10"><span class='ocrx_word' id='word_1_717' title='bbox 456 5280 669 5361; x_wconf 68' lang='grc' dir='ltr'><strong>ὲῖτέχῳν</strong></span> <span class='ocrx_word' id='word_1_718' title='bbox 719 5300 794 5361; x_wconf 45' lang='grc' dir='ltr'><em>ςλ</em></span> <span class='ocrx_word' id='word_1_719' title='bbox 857 5285 902 5361; x_wconf 64' lang='lat' dir='ltr'><strong>f&quot;</strong></span> <span class='ocrx_word' id='word_1_720' title='bbox 933 5280 1357 5361; x_wconf 34' lang='grc' dir='ltr'><strong>⁸(διλεριὸ-ςίἰξεὶιι</strong></span> <span class='ocrx_word' id='word_1_721' title='bbox 1387 5280 1444 5344; x_wconf 80' lang='lat' dir='ltr'><strong>et</strong></span> <span class='ocrx_word' id='word_1_722' title='bbox 1473 5289 1638 5345; x_wconf 84' lang='lat' dir='ltr'><strong>infra.</strong></span> <span class='ocrx_word' id='word_1_723' title='bbox 1714 5280 1758 5324; x_wconf 61' lang='lat'><strong>&#39;3</strong></span> <span class='ocrx_word' id='word_1_724' title='bbox 1796 5280 2230 5361; x_wconf 69' lang='grc' dir='ltr'><strong>ρινοκᾴυρούρων</strong></span> <span class='ocrx_word' id='word_1_725' title='bbox 2257 5288 2550 5361; x_wconf 28' lang='grc' dir='ltr'><strong>Αηείοᾘει</strong></span> <span class='ocrx_word' id='word_1_726' title='bbox 2595 5280 2761 5343; x_wconf 65' lang='lat' dir='ltr'><strong>infra.</strong></span> 
     </span>
    </p>
   </div>
   <div class='ocr_carea' id='block_1_110' title="bbox 2266 5212 3726 5285">
    <p class='ocr_par' dir='ltr' id='par_1_110' title="bbox 2266 5212 3726 5285">
     <span class='ocr_line' id='line_1_110' title="bbox 2266 5212 3726 5285; baseline -0.003 -14"><span class='ocrx_word' id='word_1_727' title='bbox 2266 5218 2311 5250; x_wconf 81' lang='grc'>⁶⁸</span> <span class='ocrx_word' id='word_1_728' title='bbox 2349 5233 2476 5271; x_wconf 90' lang='grc' dir='ltr'><strong>τινα</strong></span> <span class='ocrx_word' id='word_1_729' title='bbox 2537 5214 2648 5270; x_wconf 84' lang='grc' dir='ltr'><strong>τῶν</strong></span> <span class='ocrx_word' id='word_1_730' title='bbox 2695 5220 2796 5285; x_wconf 88' lang='grc' dir='ltr'><strong>τῆς</strong></span> <span class='ocrx_word' id='word_1_731' title='bbox 2827 5235 2890 5282; x_wconf 84' lang='grc' dir='ltr'><strong>ς.</strong></span> <span class='ocrx_word' id='word_1_732' title='bbox 2981 5218 3026 5249; x_wconf 82' lang='grc'><strong>⁶¹</strong></span> <span class='ocrx_word' id='word_1_733' title='bbox 3059 5215 3288 5285; x_wconf 83' lang='grc' dir='ltr'><strong>σευῆρος</strong></span> <span class='ocrx_word' id='word_1_734' title='bbox 3357 5232 3419 5279; x_wconf 83' lang='grc' dir='ltr'><strong>ς.</strong></span> <span class='ocrx_word' id='word_1_735' title='bbox 3495 5213 3540 5247; x_wconf 76' lang='grc'><strong>⁸³</strong></span> <span class='ocrx_word' id='word_1_736' title='bbox 3565 5212 3726 5285; x_wconf 81' lang='grc' dir='ltr'><strong>τάξιν</strong></span> 
     </span>
    </p>
   </div>
   <div class='ocr_carea' id='block_1_111' title="bbox 2727 5237 3726 5358">
    <p class='ocr_par' dir='ltr' id='par_1_111' title="bbox 2727 5237 3726 5358">
     <span class='ocr_line' id='line_1_111' title="bbox 2727 5237 3726 5289; baseline -0.011 -13"><span class='ocrx_word' id='word_1_737' title='bbox 2727 5237 2796 5289; x_wconf 82' lang='grc' dir='ltr'><strong>ης</strong></span> <span class='ocrx_word' id='word_1_738' title='bbox 2827 5237 2890 5282; x_wconf 84' lang='grc' dir='ltr'><strong>ς.</strong></span> <span class='ocrx_word' id='word_1_739' title='bbox 2981 5237 3026 5249; x_wconf 80' lang='grc' dir='ltr'><strong>ν·</strong></span> <span class='ocrx_word' id='word_1_740' title='bbox 3059 5237 3288 5285; x_wconf 85' lang='grc' dir='ltr'><strong>σευηρος</strong></span> <span class='ocrx_word' id='word_1_741' title='bbox 3357 5237 3419 5279; x_wconf 82' lang='grc' dir='ltr'><strong>ς.</strong></span> <span class='ocrx_word' id='word_1_742' title='bbox 3496 5237 3540 5247; x_wconf 77' lang='grc' dir='ltr'><strong>ν-</strong></span> <span class='ocrx_word' id='word_1_743' title='bbox 3565 5237 3726 5278; x_wconf 81' lang='grc' dir='ltr'><strong>ταςιν</strong></span> 
     </span>
     <span class='ocr_line' id='line_1_112' title="bbox 2727 5283 3726 5358; baseline -0.005 -18"><span class='ocrx_word' id='word_1_744' title='bbox 2727 5306 2761 5343; x_wconf 83' lang='grc' dir='ltr'><strong>ι.</strong></span> <span class='ocrx_word' id='word_1_745' title='bbox 2875 5290 2920 5320; x_wconf 83' lang='grc'><strong>⁶⁶</strong></span> <span class='ocrx_word' id='word_1_746' title='bbox 2942 5286 3318 5358; x_wconf 78' lang='grc' dir='ltr'><strong>ἀλεξανδρέως</strong></span> <span class='ocrx_word' id='word_1_747' title='bbox 3357 5285 3420 5338; x_wconf 76' lang='grc' dir='ltr'><strong>Α.</strong></span> <span class='ocrx_word' id='word_1_748' title='bbox 3497 5285 3541 5358; x_wconf 51' lang='grc' dir='ltr'><strong>θ’(</strong></span> <span class='ocrx_word' id='word_1_749' title='bbox 3563 5283 3726 5337; x_wconf 79' lang='grc' dir='ltr'><strong>κελεο</strong></span> 
     </span>
    </p>
   </div>
   <div class='ocr_carea' id='block_1_112' title="bbox 460 5351 3724 5435">
    <p class='ocr_par' dir='ltr' id='par_1_112' title="bbox 460 5351 3724 5435">
     <span class='ocr_line' id='line_1_113' title="bbox 460 5351 3724 5435; baseline 0.002 -32"><span class='ocrx_word' id='word_1_750' title='bbox 460 5351 575 5435; x_wconf 67' lang='grc' dir='ltr'><strong>σίου</strong></span> <span class='ocrx_word' id='word_1_751' title='bbox 751 5351 1059 5435; x_wconf 46' lang='grc' dir='ltr'><strong>⁶⁸Ααύρίλιος</strong></span> <span class='ocrx_word' id='word_1_752' title='bbox 1089 5359 1128 5410; x_wconf 85' lang='grc' dir='ltr'>Α</span> <span class='ocrx_word' id='word_1_753' title='bbox 1164 5359 1438 5435; x_wconf 71' lang='grc' dir='ltr'><strong>εάϐρίλιος</strong></span> <span class='ocrx_word' id='word_1_754' title='bbox 1493 5377 1556 5423; x_wconf 81' lang='grc' dir='ltr'><strong>ς.</strong></span> <span class='ocrx_word' id='word_1_755' title='bbox 1633 5361 1678 5435; x_wconf 61' lang='grc' dir='ltr'><strong>ξ’</strong></span> <span class='ocrx_word' id='word_1_756' title='bbox 1708 5351 2290 5435; x_wconf 41' lang='grc' dir='ltr'><strong>δοτιανὸςηδιάξτινος</strong></span> <span class='ocrx_word' id='word_1_757' title='bbox 2315 5357 2387 5435; x_wconf 61' lang='grc' dir='ltr'><strong>ΑΖ</strong></span> <span class='ocrx_word' id='word_1_758' title='bbox 2454 5358 2503 5435; x_wconf 56' lang='grc' dir='ltr'><strong>ξθ</strong></span> <span class='ocrx_word' id='word_1_759' title='bbox 2533 5359 3018 5435; x_wconf 38' lang='grc' dir='ltr'><strong>τ-επεεντεσίου-Αε</strong></span> <span class='ocrx_word' id='word_1_760' title='bbox 3059 5351 3154 5435; x_wconf 79' lang='grc' dir='ltr'><strong>τοῦ</strong></span> <span class='ocrx_word' id='word_1_761' title='bbox 3177 5351 3239 5411; x_wconf 74' lang='grc' dir='ltr'><strong>τε</strong></span> <span class='ocrx_word' id='word_1_762' title='bbox 3279 5353 3607 5435; x_wconf 59' lang='grc' dir='ltr'><strong>πτεντεςίου</strong></span> <span class='ocrx_word' id='word_1_763' title='bbox 3655 5371 3724 5419; x_wconf 78' lang='grc' dir='ltr'><strong>ς.</strong></span> 
     </span>
    </p>
   </div>
   <div class='ocr_carea' id='block_1_113' title="bbox 459 5420 3724 5502">
    <p class='ocr_par' dir='ltr' id='par_1_113' title="bbox 459 5420 3724 5502">
     <span class='ocr_line' id='line_1_114' title="bbox 459 5420 3724 5502; baseline 0.002 -29"><span class='ocrx_word' id='word_1_764' title='bbox 459 5420 500 5451; x_wconf 82' lang='grc'><strong>⁷¹</strong></span> <span class='ocrx_word' id='word_1_765' title='bbox 535 5421 754 5492; x_wconf 89' lang='grc' dir='ltr'><strong>πρώτου</strong></span> <span class='ocrx_word' id='word_1_766' title='bbox 793 5420 1008 5498; x_wconf 81' lang='grc' dir='ltr'><strong>θρόνου]</strong></span> <span class='ocrx_word' id='word_1_767' title='bbox 1037 5420 1430 5500; x_wconf 16' lang='grc' dir='ltr'><strong>πρωτοθρόνουή</strong></span> <span class='ocrx_word' id='word_1_768' title='bbox 1453 5420 1596 5484; x_wconf 81' lang='lat' dir='ltr'><strong>corr.</strong></span> <span class='ocrx_word' id='word_1_769' title='bbox 1624 5431 1692 5484; x_wconf 79' lang='grc' dir='ltr'><strong>Α..</strong></span> <span class='ocrx_word' id='word_1_770' title='bbox 1733 5431 1784 5462; x_wconf 65' lang='grc' dir='ltr'><strong><em>τι</em></strong></span> <span class='ocrx_word' id='word_1_771' title='bbox 1812 5420 2081 5502; x_wconf 72' lang='grc' dir='ltr'><strong>ἐπαρχίας</strong></span> <span class='ocrx_word' id='word_1_772' title='bbox 2110 5420 2424 5500; x_wconf 72' lang='grc' dir='ltr'><strong>βυξακηνῆς</strong></span> <span class='ocrx_word' id='word_1_773' title='bbox 2441 5427 2518 5495; x_wconf 59' lang='lat' dir='ltr'><strong>At</strong></span> <span class='ocrx_word' id='word_1_774' title='bbox 2555 5425 2880 5502; x_wconf 74' lang='grc' dir='ltr'><strong>Βυξακηνῆς</strong></span> <span class='ocrx_word' id='word_1_775' title='bbox 2913 5429 3185 5499; x_wconf 86' lang='grc' dir='ltr'><strong>ἐπαρχίας</strong></span> <span class='ocrx_word' id='word_1_776' title='bbox 3233 5445 3295 5492; x_wconf 82' lang='grc' dir='ltr'><strong>ς.</strong></span> <span class='ocrx_word' id='word_1_777' title='bbox 3337 5425 3384 5458; x_wconf 83' lang='grc'><strong>⁷⁸</strong></span> <span class='ocrx_word' id='word_1_778' title='bbox 3411 5424 3602 5479; x_wconf 81' lang='grc' dir='ltr'><strong>τοῦτον</strong></span> <span class='ocrx_word' id='word_1_779' title='bbox 3657 5441 3724 5490; x_wconf 85' lang='grc' dir='ltr'><strong>ς.</strong></span> 
     </span>
    </p>
   </div>
   <div class='ocr_carea' id='block_1_114' title="bbox 1972 5523 2205 5580">
    <p class='ocr_par' dir='ltr' id='par_1_114' title="bbox 1972 5523 2205 5580">
     <span class='ocr_line' id='line_1_115' title="bbox 1972 5523 2205 5580; baseline -0.004 -1"><span class='ocrx_word' id='word_1_780' title='bbox 1972 5523 2205 5580; x_wconf 73' lang='grc' dir='ltr'><strong>ΝΟΤΑΞΣ.</strong></span> 
     </span>
    </p>
   </div>
   <div class='ocr_carea' id='block_1_115' title="bbox 534 5606 2025 5693">
    <p class='ocr_par' dir='ltr' id='par_1_115' title="bbox 534 5606 2025 5693">
     <span class='ocr_line' id='line_1_116' title="bbox 534 5606 2025 5693; baseline 0.011 -32"><span class='ocrx_word' id='word_1_781' title='bbox 534 5606 648 5693; x_wconf 73' lang='lat'><strong>(86)</strong></span> <span class='ocrx_word' id='word_1_782' title='bbox 679 5607 842 5680; x_wconf 86' lang='lat' dir='ltr'><strong>Cujus</strong></span> <span class='ocrx_word' id='word_1_783' title='bbox 863 5612 1080 5693; x_wconf 63' lang='lat' dir='ltr'><strong>epistol.</strong></span> <span class='ocrx_word' id='word_1_784' title='bbox 1103 5615 1414 5686; x_wconf 83' lang='lat' dir='ltr'><strong>synodalem</strong></span> <span class='ocrx_word' id='word_1_785' title='bbox 1448 5616 1617 5676; x_wconf 87' lang='lat' dir='ltr'><strong>habes</strong></span> <span class='ocrx_word' id='word_1_786' title='bbox 1646 5628 1684 5678; x_wconf 93' lang='lat' dir='ltr'><strong>t.</strong></span> <span class='ocrx_word' id='word_1_787' title='bbox 1712 5619 1756 5676; x_wconf 91' lang='lat' dir='ltr'><strong>ll</strong></span> <span class='ocrx_word' id='word_1_788' title='bbox 1787 5619 2025 5693; x_wconf 86' lang='lat' dir='ltr'><strong>Operutu</strong></span> 
     </span>
    </p>
   </div>
   <div class='ocr_carea' id='block_1_116' title="bbox 463 5677 1086 5752">
    <p class='ocr_par' dir='ltr' id='par_1_116' title="bbox 463 5677 1086 5752">
     <span class='ocr_line' id='line_1_117' title="bbox 463 5677 1086 5752; baseline 0.008 -20"><span class='ocrx_word' id='word_1_789' title='bbox 463 5677 525 5733; x_wconf 91' lang='lat' dir='ltr'><strong>D.</strong></span> <span class='ocrx_word' id='word_1_790' title='bbox 548 5677 777 5752; x_wconf 58' lang='lat' dir='ltr'><strong>August.</strong></span> <span class='ocrx_word' id='word_1_791' title='bbox 805 5677 965 5752; x_wconf 78' lang='lat' dir='ltr'><strong>epist.</strong></span> <span class='ocrx_word' id='word_1_792' title='bbox 999 5683 1086 5738; x_wconf 85' lang='lat'><strong>90.</strong></span> 
     </span>
    </p>
   </div>
   <div class='ocr_carea' id='block_1_117' title="bbox 2211 5615 3724 5689">
    <p class='ocr_par' dir='ltr' id='par_1_117' title="bbox 2211 5615 3724 5689">
     <span class='ocr_line' id='line_1_118' title="bbox 2211 5615 3724 5689; baseline -0.002 -16"><span class='ocrx_word' id='word_1_793' title='bbox 2211 5619 2325 5689; x_wconf 88' lang='lat'><strong>(87)</strong></span> <span class='ocrx_word' id='word_1_794' title='bbox 2358 5619 2533 5685; x_wconf 84' lang='lat' dir='ltr'><strong>Quam</strong></span> <span class='ocrx_word' id='word_1_795' title='bbox 2584 5621 2916 5676; x_wconf 89' lang='lat' dir='ltr'><strong>sententiam</strong></span> <span class='ocrx_word' id='word_1_796' title='bbox 2950 5634 3166 5688; x_wconf 83' lang='lat' dir='ltr'><strong>quoque</strong></span> <span class='ocrx_word' id='word_1_797' title='bbox 3225 5616 3469 5674; x_wconf 73' lang='lat' dir='ltr'><strong>tenuisse</strong></span> <span class='ocrx_word' id='word_1_798' title='bbox 3510 5615 3724 5673; x_wconf 70' lang='lat' dir='ltr'><strong>dicetur</strong></span> 
     </span>
    </p>
   </div>
   <div class='ocr_carea' id='block_1_118' title="bbox 2136 5689 3281 5749">
    <p class='ocr_par' dir='ltr' id='par_1_118' title="bbox 2136 5689 3281 5749">
     <span class='ocr_line' id='line_1_119' title="bbox 2136 5689 3281 5749; baseline -0.002 -3"><span class='ocrx_word' id='word_1_799' title='bbox 2136 5690 2450 5746; x_wconf 77' lang='lat' dir='ltr'><strong>Theodorus</strong></span> <span class='ocrx_word' id='word_1_800' title='bbox 2480 5691 2856 5749; x_wconf 73' lang='lat' dir='ltr'><strong>Autiocheuus</strong></span> <span class='ocrx_word' id='word_1_801' title='bbox 2889 5690 2986 5747; x_wconf 85' lang='lat' dir='ltr'><strong>inl‘.</strong></span> <span class='ocrx_word' id='word_1_802' title='bbox 3010 5692 3130 5746; x_wconf 91' lang='lat' dir='ltr'><strong>cod.</strong></span> <span class='ocrx_word' id='word_1_803' title='bbox 3163 5689 3281 5744; x_wconf 79' lang='grc'>177.</span> 
     </span>
    </p>
   </div>
  </div>
