3980 6234
471 279 544 342 95
1559 271 1754 333 PHOT
1762 273 1820 332 ΙΙ
1854 269 2031 332 PATF

2139 268 2362 330 RCHE
2399 269 2511 329 CP.
3616 253 3688 317 96

473 387 637 442 morti
663 386 860 441 tradita
893 384 999 456 est)
1044 399 1144 455 pro
1188 385 1378 440 merito
1422 382 1715 449 voluntatis
1779 384 2031 436 uniuscu-

2135 380 2406 450 ἁμαρτίαν
2431 379 2531 449 τῆς
2564 375 2663 443 μὲν
2693 374 3089 445 μακαριότητος
3126 366 3434 422 ἐκπεσοῦσα
3469 367 3564 420 καὶ
3593 366 3690 420 τοῦ

469 480 698 548 jusque;
732 478 991 548 Spiritum
1037 485 1279 532 sanctum
1332 483 1386 530 et
1417 474 1711 544 appellare,
1767 485 1822 529 et
1849 475 2024 544 repel-

473 571 607 626 lere.
661 568 964 625 Nestoriani
1004 584 1134 624 vero
1171 569 1238 622 de
1297 568 1430 637 ipso
1465 567 1626 621 etiam
1665 569 1908 634 corporis
1943 581 2031 621 ca-

472 663 584 732 pite
605 661 845 723 Christo,
875 661 1062 714 eadem
1116 659 1340 721 sentire,
1386 667 1442 712 et
1485 657 1752 711 affirmare
1807 657 2028 712 audent.

474 753 739 806 Asserunt
767 752 934 813 enim,
967 748 1400 818 quandoquidem
1425 757 1618 802 nostra!
1645 747 1894 802 Christus
1935 762 2030 800 na-

473 851 608 898 tura:
632 845 700 896 sit
726 843 993 912 particeps
1023 840 1217 904 factus,
1269 849 1326 894 et
1370 841 1511 894 Deus
1549 854 1742 894 omnes
1783 838 2029 892 homines

473 936 725 990 similiter
763 933 943 987 salvos
975 933 1090 986 ﬁeri
1125 933 1275 997 velit,
1337 931 1822 1001 unumqucmlibet,
1865 930 2028 984 etiam

479 1041 578 1095 per
636 1023 846 1076 arbitrii
899 1023 980 1075 sui
1039 1022 1364 1086 libertatem,
1417 1022 1692 1090 proprium
1750 1032 2028 1089 peccatum

473 1119 764 1183 corrigere,
823 1122 878 1168 et
937 1112 1048 1167 Deo
1073 1112 1294 1181 dignum
1330 1127 1388 1166 se
1427 1111 1624 1167 facere.
1669 1112 2028 1179 Quamobrem

473 1206 564 1273 qui
595 1221 658 1259 ex
683 1205 847 1258 Maria
889 1204 959 1259 sit
989 1205 1188 1267 editus,
1248 1219 1353 1258 non
1383 1217 1504 1258 esse
1530 1202 1784 1266 Verbum,
1844 1203 1935 1256 sed
1964 1217 2031 1256 ex

471 1312 532 1351 ea
563 1297 823 1365 genitum,
847 1297 916 1350 ob
941 1295 1203 1349 naturalis
1233 1295 1528 1350 voluntatis
1562 1295 1900 1363 dignitatem,
1932 1294 2031 1347 ha-

467 1387 601 1442 bere
631 1389 852 1442 verbum
901 1388 1274 1441 concomitans
1311 1406 1326 1444 :
1362 1403 1486 1444 cum
1543 1388 1658 1442 sola
1700 1389 1802 1443 ista
1838 1386 2031 1443 nobili-

473 1484 606 1542 tate,
647 1480 913 1532 eteadem
944 1479 1304 1553 appellatione
1349 1480 1715 1535 communicet
1771 1495 1892 1534 cum
1941 1491 2032 1532 ra-

471 1573 620 1626 tione
646 1571 943 1628 ﬁliationis.

2129 469 2264 523 Θεοῦ
2289 468 2636 539 χωρισθεῖσα,
2665 463 2742 533 τῷ
2778 464 2835 517 δὲ
2867 462 3080 531 Θανάτῳ
3117 458 3504 530 παραδοθεῖσα,
3549 455 3691 528 αὕτη

2129 562 2272 614 κατά
2291 559 2389 631 τὴν
2413 559 2510 628 τῆς
2534 555 2905 627 προαιρέσεως
2929 553 3084 621 ἀξίαν
3113 551 3173 606 τὺ
3197 549 3422 620 Πνεῦμα
3449 549 3508 603 τὸ
3537 548 3692 618 ἅγιον

2129 653 2226 706 κα)⁵
2259 650 2646 723 προσκαλεῖται
2679 648 2775 702 καὶ
2805 646 3133 700 ἀπωθεῖται·
3169 644 3217 697 οί
3245 642 3302 696 δέ
3339 641 3691 712 Νεστοριανοὶ

2129 744 2225 798 καὶ
2251 744 2381 812 περ).
2409 741 2578 812 αὐτὴν
2609 739 2708 810 τὴν
2735 739 2830 793 τοῦ
2862 736 3114 807 σώματος
3141 734 3404 806 κεφαλὴν,
3431 733 3522 787 τὸν
3549 735 3688 804 Χρι-

2131 833 2275 897 στὸν,
2298 835 2397 903 τὴν
2423 833 2593 902 αὐτὴν
2619 832 2856 886 διάνοιαν
2879 831 2972 884 καὶ
2991 830 3196 899 τόλμαν
3221 828 3425 898 ἔχουσι.
3455 827 3691 894 Λέγουσι

2129 927 2238 996 γάρ
2263 927 2343 978 ὅτι
2363 925 2485 978 ἐπεὶ
2521 924 2621 994 τῆς
2653 923 2922 995 ἡμετέρας
2965 921 3180 992 φύσεώς
3210 921 3356 973 ἐστιν
3383 921 3412 971 6
3434 917 3688 987 Χριστὸς,

2129 1021 2157 1072 6
2180 1019 2237 1072 δέ
2263 1017 2395 1080 Θεὸς
2422 1017 2626 1079 πάντας
2669 1014 2988 1086 ἀνθρώπους
3031 1012 3232 1083 ὁμοίως
3275 1011 3420 1065 θέλει
3449 1009 3690 1079 σωθῆναι

2129 1110 2228 1164 καὶ
2273 1109 2454 1180 οἰκείᾳ
2488 1108 2805 1179 προαιρέσει
2850 1104 2941 1178 [45
2963 1103 3058 1176 Κ]
3109 1104 3340 1157 ἕκαστον
3385 1101 3446 1155 τὸ
3496 1099 3690 1154 ἑαυτοῦ

2130 1205 2376 1272 πταῖσμα
2402 1198 2884 1270 ἐπανορθώσασθαι
2913 1198 3007 1251 καὶ
3033 1196 3183 1261 ἀξιον
3221 1194 3414 1248 ἐαυτὸν
3447 1192 3612 1247 αὑτοῦ
3645 1192 3690 1222 ’⁷

2130 1295 2377 1364 ποιῆσαι,
2406 1292 2493 1346 διὰ
2526 1291 2685 1345 τοῦτο
2713 1291 2814 1344 ούκ
2841 1290 2987 1343 ἐστιν
3008 1291 3036 1342 6
3062 1289 3234 1356 Λόγος
3257 1290 3285 1340 6
3313 1285 3546 1355 τεχθεὶς
3574 1282 3688 1336 ἀλλ’

2129 1388 2159 1441 6
2182 1387 2227 1420 "
2255 1385 2535 1456 γεννηθεὶς
2566 1385 2633 1438 ἐκ
2666 1384 2885 1454 Μαρίας
2909 1382 2998 1435 διὰ
3024 1382 3124 1452 τὴν
3161 1381 3257 1450 τῆς
3287 1381 3522 1448 φυσικῆς
3557 1393 3690 1447 προ-

2130 1477 2399 1548 αιρέσεως,
2441 1474 2596 1543 ἀξίαν
2626 1470 2770 1544 εῖχεν
2793 1473 3062 1543 ἑπόμενον
3101 1472 3193 1526 τὸν
3231 1471 3407 1539 λόγον,
3441 1469 3579 1541 μόνῃ
3623 1469 3692 1537 τῇ

2129 1568 2260 1640 ἀξίᾳ
2287 1568 2382 1621 καὶ
2405 1571 2471 1639 τῇ
2494 1565 2782 1637 ὁμωνυμίᾳ
2801 1562 3210 1633 κεκοινωνηκὼς
3223 1562 3363 1632 λόγῳ
3384 1561 3482 1631 τῆς
3511 1561 3694 1628 υίότη-

2131 1676 2243 1724 τος.

542 1747 710 1802 Porro
761 1749 875 1804 hare
924 1748 1138 1818 quidem
1186 1747 1512 1818 Pelagiana,
1563 1763 1657 1803 seu
1722 1747 2029 1803 Celestiana

2202 1715 2352 1818 Λῦτη
2379 1751 2558 1820 μέντοι
2585 1750 2619 1821 ἡ
2645 1747 2953 1820 Πελαγιανὴ
2983 1747 3102 1818 ἦτοι
3127 1743 3459 1814 Κελεστιανὴ
3486 1741 3697 1812 αἵρεσις

471 1837 713 1901 hazresis,
758 1855 862 1895 non
894 1841 947 1893 in
974 1839 1196 1894 Oriente
1228 1841 1484 1894 duntaxat
1527 1840 1713 1910 viguit,
1738 1840 1831 1894 sed
1869 1840 2030 1894 etiam

471 1929 816 1986 Occidentem
867 1933 1126 2002 pervasit,
1158 1941 1212 1986 et
1239 1931 1571 2002 Carthagine
1629 1931 1683 1986 in
1731 1931 1914 1986 Africa
1965 1932 2032 1985 ab

469 2020 688 2075 Aurelio
731 2032 890 2091 atque
922 2023 1226 2092 Augustino
1269 2024 1624 2093 deprehensa,
1673 2033 1726 2077 et
1763 2024 2030 2088 convicta,

471 2113 746 2180 variisque
778 2112 987 2183 publice
1013 2116 1253 2170 conciliis
1284 2115 1560 2170 damnata.
1584 2113 1751 2182 Ejecti
1787 2129 1914 2168 vero
1941 2115 2032 2183 qui

471 2217 592 2256 cum
623 2203 706 2258 his
751 2206 1033 2271 sentirent,
1073 2215 1330 2277 tanquam
1375 2206 1632 2267 haeretici,
1661 2216 1816 2260 extra
1845 2205 2034 2260 Eccle-

469 2293 630 2357 siam,
654 2297 977 2364 temporibus
991 2299 1360 2366 episcoporum
1379 2297 1658 2366 Theophili
1675 2299 2031 2364 Alexandriae,

469 2393 524 2438 et
566 2386 859 2442 Innocentii
895 2388 1043 2445 urbis
1093 2390 1293 2455 Roma,
1333 2399 1440 2446 tam
1489 2406 1519 2445 a
1560 2390 1843 2455 Romanis,
1870 2406 2032 2460 quam

470 2475 769 2543 Africanis,
793 2479 1111 2549 casterisque
1143 2481 1449 2537 Occidentis
1468 2482 1754 2551 episcopis.
1783 2483 2034 2536 Attamen

473 2564 715 2636 Pelagius
767 2569 876 2635 hic,
927 2570 980 2625 in
1029 2586 1092 2624 ea
1139 2573 1342 2643 synodo
1379 2588 1499 2642 qua:
1523 2573 1576 2626 in
1609 2572 1890 2628 Palaestina
1917 2569 2033 2644 (93)

471 2660 766 2725 convenit,
805 2660 892 2714 cui
935 2663 1340 2728 quatuordecim
1395 2665 1658 2732 praesules
1715 2665 2034 2728 intererant,

469 2748 746 2804 absolutus
772 2759 878 2816 est,
900 2766 1021 2805 cum
1045 2752 1147 2806 alia
1180 2753 1394 2823 quidem
1416 2754 1746 2824 obiectorum
1772 2755 2033 2824 capitum,

472 2847 530 2892 ut
561 2839 748 2905 stulta,
776 2842 995 2898 omnino
1017 2846 1354 2915 abnegasset,
1395 2856 1556 2916 atque
1578 2849 1908 2913 damnasset,
1933 2847 2036 2901 alia

469 2946 601 2987 vero
638 2947 670 2987 a
720 2948 778 2989 se
822 2936 1035 3005 quidem
1095 2938 1232 2992 dicta
1277 2937 1556 2994 confessus
1613 2948 1778 3003 esset,
1827 2956 1931 2994 non
1974 2953 2040 2992 eo

2133 1843 2384 1915 ἤκμασεν
2417 1844 2475 1896 ἐν
2502 1845 2567 1914 τῇ
2594 1841 2846 1913 ἀνατολῇ,
2885 1840 3088 1911 διεδόθη
3121 1839 3180 1892 δέ
3210 1838 3302 1892 καὶ
3331 1839 3390 1890 ἐν
3423 1838 3488 1907 τῇ
3524 1835 3694 1889 δύσει.

2133 1936 2246 1991 Καὶ
2269 1939 2327 1990 ἐν
2355 1935 2452 2006 μὲν
2474 1939 2540 2007 τῇ
2566 1934 2890 2005 Καρταγένῃ
2916 1935 2962 1966 ⁷⁸
2991 1933 3093 2002 τῆς
3125 1933 3387 2002 Ἀφρικῆς
3407 1927 3696 1998 διηλέγχθη

2136 2029 2232 2082 καὶ
2282 2028 2539 2100 ἐφωράθη
2587 2028 2692 2081 ὑπὸ
2739 2044 2799 2080 τε
2843 2024 3113 2096 Λύρηλίου
3161 2022 3258 2076 καὶ
3309 2020 3696 2089 Δύγουστίνου,

2135 2119 2494 2190 ἀπεκηρύχθη
2518 2119 2574 2173 δέ
2607 2119 2881 2190 διαφόροις
2909 2116 3166 2180 συνόδοις.
3217 2112 3614 2184 Ἐξεϐλήθησαν
3641 2112 3699 2164 δέ

2137 2210 2233 2265 καὶ
2265 2211 2314 2264 οί
2343 2209 2484 2263 οὕτω
2513 2209 2834 2282 φρονοῦντες
2861 2205 3309 2276 τῆςἚκκλησίας
3326 2205 3402 2267 ὡς
3434 2202 3700 2272 αίρετικοὶ

2136 2303 2196 2355 ἐν
2222 2304 2336 2365 τοῖς
2364 2302 2572 2372 χρόνοις
2598 2300 2855 2369 Θεοφίλου
2876 2298 2971 2352 τοῦ
3007 2296 3411 2366 Ἀλεξανδρείας
3440 2295 3535 2349 καὶ
3575 2295 3702 2349 Ἰνο-

2137 2391 2347 2444 κεντίου
2384 2391 2602 2462 Ῥώμης
2647 2389 2754 2443 ὑπό
2796 2407 2857 2442 τε
2893 2388 3176 2459 Ῥωμαίων
3225 2391 3319 2440 καὶ
3352 2387 3577 2456 ’Ἄφρων
3607 2384 3702 2438 καὶ

2135 2482 2245 2537 τῶν
2268 2483 2470 2536 λοιπῶν
2498 2481 2728 2535 δυτικῶν
2755 2479 3092 2534 ἐπισκόπων.
3135 2477 3192 2534 Ὁ
3222 2477 3406 2548 μέντοι
3437 2473 3702 2543 Πελάγιος

2136 2576 2196 2628 ἐν
2216 2574 2551 2647 Παλαιστίνῃ
2579 2572 2798 2626 συνόδου
2827 2571 3100 2641 συστάσης
3120 2567 3638 2639 (τεσσαρεσκαίδεκα
3654 2568 3702 2599 ⁸⁸

2137 2666 2195 2720 δὲ
2229 2664 2326 2736 τὴν
2353 2663 2568 2718 σύνοδον
2601 2661 2872 2733 ἐπλήρουν
2897 2658 3192 2732 ἀρχιερεῖς)
3222 2657 3476 2730 ὴθωώθη,
3509 2657 3578 2711 τὰ
3601 2657 3702 2726 μὲν

2136 2757 2248 2812 τῶν
2281 2754 2592 2826 κεφαλαίων
2634 2753 2912 2816 παντελῶς
2959 2750 3397 2823 ἐξαρνησάμενος
3437 2749 3512 2813 ὡς
3543 2749 3704 2820 μωρὰ

2139 2855 2234 2910 καὶ
2263 2851 2684 2923 ἀναθεματίσας,
2717 2851 2785 2904 τά
2812 2849 2870 2902 δὲ
2909 2847 3188 2920 είρηκέναι
3223 2847 3323 2918 μὲν
3351 2847 3548 2916 φήσας,
3579 2844 3703 2915 οὐχ).

2138 2945 2198 2999 δέ
2221 2945 2297 3008 ὡς
2327 2946 2377 2997 oi
2399 2944 2693 3011 κατήγοροι
2726 2939 3061 3010 ἐξειλήφασι,
3094 2935 3394 3008 συμφώνως
3413 2936 3469 2988 δὲ
3501 2935 3702 3005 μᾶλλον

474 3031 651 3077 tamen
673 3038 852 3091 sensu,
878 3043 984 3095 quo
1022 3039 1365 3085 accusatores
1389 3031 1476 3085 illa
1505 3033 2030 3100 interpretarentur:

2135 3039 2199 3110 τῇ
2231 3034 2488 3105 καθολικῇ
2516 3032 2832 3102 Ἐκκλησία.
2857 3033 2920 3084 Ol
2943 3031 3122 3102 μέντοι
3148 3026 3578 3098 κατηγοροῦντες
3603 3027 3703 3081 αύ-

473 3121 530 3166 at
555 3125 712 3182 prout
751 3132 872 3171 cum
897 3118 1152 3174 Ecclesiae
1173 3123 1454 3178 catholica:
1487 3126 1730 3178 doctrina
1759 3130 2035 3194 conspira-

473 3211 613 3255 rent.
655 3204 1011 3260 AccuSatores
1052 3207 1495 3278 erantNeporus,
1530 3221 1585 3266 et
1611 3210 1876 3278 Lazarus,
1906 3215 2034 3270 Gal-

472 3290 560 3346 lici
613 3294 874 3365 episcopi,
926 3297 1062 3368 15a
1109 3301 1201 3367 qui
1259 3303 1545 3370 qumstioni
1588 3303 1657 3358 de
1713 3303 1802 3358 illo
1843 3306 2036 3361 habin

470 3399 580 3439 non
633 3386 949 3454 interfuere,
993 3393 1063 3444 ob
1111 3392 1334 3447 alterius
1372 3408 1558 3447 eorum
1609 3395 2031 3450 invaletudinem

472 3479 684 3534 veniam
735 3483 958 3548 precati,
1009 3498 1077 3538 ne
1122 3499 1184 3539 se
1234 3486 1510 3540 sisterent.
1558 3487 1649 3541 Sic
1705 3489 2034 3558 Augustinus

473 3569 590 3639 (94)
626 3572 680 3626 in
709 3572 776 3628 iis
806 3588 927 3642 qua
949 3577 1015 3630 ad
1047 3576 1323 3632 Aurelium
1349 3577 1694 3650 Carthaginis
1721 3581 2033 3652 episcopum

471 3661 708 3730 scripsit,
747 3664 949 3720 refert.

541 3747 671 3804 Post
711 3753 884 3806 sancti
921 3754 1203 3822 Augustini
1239 3766 1469 3812 mortem
1492 3767 1774 3828 cmperunt
1814 3761 2033 3829 quidam

472 3838 527 3897 in
559 3839 704 3896 clero
733 3840 954 3910 impium
992 3843 1120 3899 illud
1156 3845 1346 3917 dogma
1377 3863 1662 3915 asserere;
1699 3851 1837 3905 male
1871 3853 2033 3906 etiam

472 3933 620 4003 loqui
651 3936 718 3990 de
736 3935 1066 4007 lAngustino,
1093 3947 1256 4008 atque
1298 3941 1435 3995 adeo
1464 3941 1716 3998 convitiis
1741 3943 2032 4010 incessere,

474 4035 728 4096 tanquam
773 4029 982 4084 arbitrii
1025 4030 1327 4086 libertatem
1397 4033 1687 4088 tollendam
1739 4035 2032 4092 docuisset.

471 4117 671 4172 Verum
726 4117 1029 4176 Celestinus
1086 4124 1324 4192 pontifex
1383 4125 1678 4192 Romanus,
1717 4127 1784 4180 de
1845 4138 2036 4184 sancto

471 4206 610 4272 viro,
643 4217 701 4263 et
730 4220 921 4264 contra
944 4227 1038 4267 eos
1060 4214 1147 4282 qui
1183 4215 1320 4270 hanc
1345 4216 1594 4271 hasresim
1627 4219 2031 4284 resuscitarent,

468 4296 589 4366 ejus
636 4315 747 4355 ora;
788 4303 1054 4373 episcopis
1098 4307 1345 4362 scribens
1389 4309 1523 4380 (95),
1565 4324 1810 4366 errorem
1861 4327 2036 4383 nuper

2140 3127 2235 3180 τοῦ
2265 3126 2510 3194 Νέπορος
2547 3119 2616 3192 ἦν
2651 3123 2746 3176 καὶ
2777 3121 3026 3192 Λάζαρος
3058 3120 3107 3173 oi
3155 3119 3345 3174 Γάλλοι
3390 3118 3699 3180 ἐπίσκοποι,

2140 3218 2190 3272 οἳ
2219 3217 2338 3270 οὐδὲ
2375 3215 2734 3286 παρεγένοντο
2761 3213 2820 3266 ἐν
2862 3216 2929 3283 τῇ
2974 3210 3217 3276 ἐξετάσει
3255 3210 3439 3278 αὑτοῦ,
3483 3209 3572 3263 διά
3603 3209 3702 3279 τὴν

2141 3308 2383 3363 κάκωσιν
2421 3305 2652 3376 θατέρου
2678 3302 2858 3357 αὐτῶν
2896 3303 2997 3376 τὴν
3025 3302 3327 3375 παρουσίαν
3356 3301 3701 3374 παραιτησά-

2144 3416 2316 3470 μενοι.
2373 3397 2556 3461 Οὕτως
2589 3396 2948 3464 Λύγουστῖνος
2999 3396 3058 3447 ἐν
3095 3397 3210 3460 τοῖς
3261 3395 3400 3466 πρὸς
3432 3393 3704 3466 Δύρὴλιον

2140 3490 2232 3545 τὸν
2259 3489 2616 3561 Καρταγένης
2643 3488 2830 3544 πάπαν
2861 3486 3132 3552 διέξεισιν.

2213 3758 2300 3832 IS!
2327 3755 2398 3830 Η]
2417 3755 2568 3812 Μετά
2587 3755 2770 3828 μέντοι
2795 3771 2859 3824 γε
2879 3754 3106 3810 θάνατον
3121 3751 3216 3808 τοῦ
3233 3752 3292 3806 ἐν
3303 3751 3476 3822 ἁγίοις
3496 3751 3705 3819 Δύγουι

2141 3853 2321 3905 στίνου
2337 3849 2570 3922 ἧρξαντό
2587 3865 2732 3912 τινες
2753 3847 2861 3912 τῷν
2874 3849 2932 3900 ἐν
2944 3844 3021 3917 τῷ
3044 3844 3229 3917 κλήρῳ
3244 3844 3305 3898 τδ
3331 3844 3428 3914 μὲν
3443 3843 3502 3896 δυ
3511 3843 3705 3906 σσεὸἐς

2141 3942 2428 4014 κρατύνειν
2441 3943 2642 4012 δόγμα.
2656 3941 2841 4004 κακῶς
2851 3941 2908 3993 δὲ
2919 3940 3099 4008 λέγειν
3113 3938 3468 4007 Αὖγουστῖνον
3482 3936 3575 3990 καὶ
3591 3936 3704 3990 δια-
3732 3975 3742 3984 .

2141 4034 2327 4105 σύρειν
2353 4033 2428 4097 ὡς
2451 4033 2728 4103 ἀναίρεσιν
2751 4030 2844 4084 τοῦ
2871 4030 3214 4097 αὐτεξουσίου
3241 4028 3698 4099 εἰσηγησάμενον·
3757 4093 3764 4097 _

2139 4126 2274 4181 ἀλλὰ
2320 4127 2417 4181 καὶ
2449 4125 2770 4187 Κελεστῖνος
2814 4125 2843 4176 6
2889 4122 3103 4194 Ῥώμης
3135 4121 3275 4192 ὑπέρ
3304 4139 3364 4175 τε
3408 4121 3502 4174 τού
3553 4119 3703 4172 θείου
3740 4127 3748 4136 ’

2140 4218 2332 4290 ἀνδρὸς
2355 4217 2451 4272 καὶ
2477 4216 2617 4270 κατὰ
2659 4216 2768 4269 τῶν
2797 4213 3188 4268 ἀνακινούντων
3214 4213 3312 4282 τὴν
3345 4212 3558 4282 αἵρεσιν
3586 4212 3702 4274 τοῖς

2141 4309 2422 4383 ἐγχωρίοις
2433 4308 2658 4379 γράφων
2676 4306 3011 4370 ἐπισκόποις,
3027 4305 3124 4376 τὴν
3147 4305 3472 4375 κινουμένην
3491 4302 3702 4373 πλάνην

470 4401 781 4445 revocatum
826 4394 1088 4451 cohibuit.
1139 4398 1270 4452 Cum
1307 4402 1564 4468 temporis
1592 4401 1712 4456 dein
1744 4419 2030 4474 progressu

2135 4401 2384 4472 ἔστησεν.
2424 4399 2632 4470 Χρόνου
2657 4397 2714 4450 δέ
2735 4396 3019 4465 παριόντος
3050 4395 3141 4448 καὶ
3164 4395 3270 4448 τῶν
3293 4395 3400 4448 ἀπὸ
3421 4395 3519 4464 τῆς
3551 4394 3704 4463 αἱρέ-

467 4492 632 4536 secta:
671 4483 829 4552 hujus
863 4485 1108 4546 homines
1133 4504 1233 4557 per
1263 4490 1484 4545 haeresis
1509 4508 1618 4546 suae
1637 4493 2032 4563 abjurationem

466 4573 720 4631 Ecclesia:
745 4579 978 4633 restituti
994 4590 1198 4648 essent,
1222 4583 1414 4635 iterum
1442 4584 1638 4638 malum
1662 4587 1729 4639 ab
1755 4587 1859 4641 illis
1880 4587 2031 4656 prin-

467 4667 665 4735 cipium
715 4672 979 4739 sumpsit,
1030 4681 1089 4726 ut
1144 4673 1386 4744 Septimo
1427 4677 1679 4745 episcOpo
1739 4693 2031 4734 renascens

465 4760 652 4812 eadem
692 4759 826 4825 lues,
878 4772 1163 4832 antequam
1196 4764 1406 4836 longius
1455 4775 1714 4836 serperet,
1753 4767 1914 4823 fuerit
1940 4785 2028 4823 rc-

463 4850 760 4920 primenda,
791 4853 934 4909 datis
966 4857 1030 4908 ad
1061 4856 1288 4911 Leonem
1323 4859 1454 4929 (96);
1486 4856 1671 4913 Romae
1701 4869 1811 4912 tum
1840 4861 2023 4915 sedem

463 4941 810 5009 apostolicam
832 4951 1126 5012 tenentem,
1154 4947 1373 5015 litteris,
1393 4949 1482 5020 qui
1509 4948 1620 5004 Leo
1651 4949 1877 5004 ferventi
1905 4951 2024 5006 zelo

2140 4509 2279 4555 σεως
2327 4492 2414 4544 διὰ
2443 4491 2503 4542 τὸ
2551 4487 2942 4558 ἀναθεματίσαι
3004 4488 3103 4555 τὴν
3145 4487 3348 4539 οίκείαν
3377 4486 3588 4557 αἵρεσιν
3629 4487 3699 4554 τῇ

2149 4583 2445 4653 Ἐκκλησία
2487 4579 2960 4650 παραδεχθέντων,
3005 4577 3164 4630 πάλιν
3199 4577 3256 4642 ἐξ
3302 4576 3479 4629 αὐτῶν
3523 4576 3701 4646 ἀρχὴν

2135 4673 2406 4744 ἐλάμῦανε
2449 4672 2507 4726 τὸ
2538 4670 2706 4724 κακόν
2733 4685 2745 4698 ’
2779 4669 2912 4722 ἀλλὰ
2949 4669 3216 4738 Σέπτιμος
3255 4665 3551 4730 ἐπίσκοπος
3592 4669 3698 4738 ἀρ-

2134 4765 2372 4838 χομένης
2398 4763 2498 4833 τῆς
2527 4762 2704 4832 λύμης
2741 4761 2937 4831 ἐπέσχε
2966 4762 3065 4830 τὴν
3093 4760 3262 4830 φοράν
3280 4800 3294 4825 ,
3318 4758 3535 4829 γράψας
3556 4758 3694 4829 πρὸς

2131 4859 2337 4914 Λέοντα
2365 4856 2454 4910 τὸν
2517 4854 2736 4926 Ῥώμης
2786 4852 3084 4924 τηνικαῦτα
3139 4850 3534 4921 προεδρεύοντα
3562 4891 3576 4915 ,
3625 4850 3690 4914 ὃς

2129 4949 2382 5021 διαπύρῳ
2411 4947 2559 5020 ζήλῳ
2583 4945 2725 5000 κατὰ
2746 4945 2845 5015 τῆς
2871 4943 3187 5007 δυσσεϐείας
3211 4943 3532 5012 ἠγωνίσατο.
3554 4942 3692 4996 Μετ’

1721 5066 1954 5122 νΑῐὶίᾸΕ
1994 5065 2401 5124 LECTIONES.

531 5171 576 5202 "
597 5171 761 5226 αὑτοῦ
781 5172 824 5228 Α
869 5192 884 5230 :
923 5175 1086 5241 αὐτὸς
1137 5194 1198 5242 ς.
1276 5179 1321 5212 ⁷⁸
1347 5179 1461 5235 ἀλλ’
1487 5177 1536 5233 όΊ
1567 5180 1682 5233 ἀλλ’
1711 5180 1793 5233 ὅτι
1833 5179 1899 5236 Λ.

463 5257 630 5313 σαρες
678 5259 740 5306 ς.

2011 5181 2058 5214 ⁷ο
2097 5179 2408 5253 χαρταγένη
2446 5187 2513 5243 A,
2544 5192 2635 5246 qut
2667 5184 2723 5231 et
2761 5177 2900 5234 infra
2929 5171 3289 5249 χαρταγένηςο
3364 5173 3411 5206 ⁸⁸
3435 5173 3700 5229 δεκατέτ-

1942 5367 2170 5424 NOTAE.

460 5474 644 5597 “(593)
675 5473 932 5548 Diospoli.
969 5475 1032 5533 V.
1075 5476 1138 5532 D.
1178 5478 1374 5535 Baron.
1413 5489 1544 5535 tom.
1591 5477 1656 5546 V,
1688 5480 1754 5534 ad
1785 5494 1874 5532 an.
1914 5479 2015 5533 Ch.

536 5614 647 5688 (96)
671 5613 845 5688 forte
895 5618 988 5688 lib.
1033 5618 1107 5672 De
1147 5619 1304 5688 gestis
1343 5616 1565 5688 Pelagii,
1598 5619 1748 5687 cujus
1779 5620 1890 5687 ipse
1913 5633 2025 5671 me-

462 5685 619 5739 tninit
671 5685 760 5740 lib.
807 5703 842 5740 ll
901 5685 1300 5757 Retractfcap.
1341 5690 1394 5743 4.
1451 5685 1742 5746 Vcrntn‘is
1801 5685 2025 5758 putatur

2130 5477 2502 5535 intercidisse.

2202 5549 2312 5617 (95)
2350 5551 2485 5617 (Quae
2533 5545 2704 5617 Epist.
2750 5553 2926 5600 exstat
2981 5554 3111 5600 tom.
3163 5541 3252 5599 νη
3297 5541 3357 5596 Β.
3403 5541 3695 5611 Augustin.

2201 5615 2314 5688 (96)
2347 5616 2473 5687 Ejus
2504 5615 2738 5671 nominis
2771 5616 3025 5685 primum.
