3980 6234
226 347 288 410 97
1284 314 1807 406 BIBLIOTHECA.
1838 365 1906 376 —
1933 335 2148 398 cono.
2176 328 2447 393 LV-LVI.
3414 311 3486 372 93

223 461 285 513 ού
315 457 450 511 πολὺ
481 458 545 513 δὲ
577 460 742 514 πάλιν
774 457 961 532 ὥσπερ
1001 459 1267 530 ἀναφύειν
1287 459 1388 529 τῆς
1418 461 1626 531 πικρᾶς
1661 458 1819 529 ῥίζης

1936 459 2110 506 :onlra
2163 446 2362 515 impios
2410 439 2758 512 depugnavit.
2796 438 2929 493 Post
2978 449 3084 489 non
3132 433 3223 489 diu
3270 444 3488 486 rursum

228 550 699 622 ἀναισχύντουσης
721 591 736 615 ,
764 552 823 605 ὲν
852 553 917 621 τῇ
952 551 1142 624 Ῥώμῃ
1169 552 1314 614 τινες
1358 551 1500 623 ύπὲρ
1527 551 1627 621 τῆς
1660 550 1813 620 αἱρέ-

234 660 373 705 σεως
412 640 923 716 ἐπαρρησιάζοντοο
951 642 1088 696 ἀλλὰ
1110 642 1425 715 Πρόσπερός
1456 660 1539 706 τις
1554 682 1575 709 ,
1609 642 1816 713 ἀνθρω-

232 753 336 800 πος
360 736 437 799 ὡς
468 736 691 807 ἀληθῶς
709 736 803 790 τοῦ
838 735 975 791 Θεοῦ
996 777 1013 805 ,
1038 734 1315 799 λιϐἐλλους
1344 736 1465 789 κατ’
1492 734 1672 790 αὐτῶν
1692 736 1815 787 ἔπι-

230 829 485 895 δεδωκὼς
533 830 766 900 ἀφανεῖς
803 832 1010 896 αὐτοὺς
1053 831 1462 902 ἀπειργάσατο,
1488 830 1568 884 ἔτι
1591 830 1818 893 Λέοντος

231 919 333 973 τοῦ
354 923 763 993 προειρημένου
793 928 886 976 τὸν
926 923 1237 995 Ῥωμαϊκὸν
1288 922 1477 993 θρόνον
1524 922 1815 985 ίθύνοντος.

244 1013 686 1085 ’Δνεθεματίσθη
712 1016 770 1068 δὲ
799 1014 938 1087 αὕτη
966 1017 1001 1086 ἡ
1029 1015 1241 1086 αἵρεσις
1268 1016 1362 1068 καὶ
1385 1016 1443 1069 ἐν
1461 1017 1525 1087 τῇ
1557 1013 1819 1083 Ἐφεσίων

234 1106 373 1176 ἁγία
394 1105 615 1177 συνόδῳ.
654 1105 1065 1178 Ἀναθεματίζει
1084 1108 1142 1161 δὲ
1164 1110 1259 1162 καὶ
1296 1108 1545 1178 Ἰωάννης
1575 1108 1604 1160 ὀ
1638 1105 1822 1172 Ἀλεξα

236 1200 496 1269 ανδρείας
540 1201 598 1253 ὲν
632 1202 699 1270 τῇ
735 1201 870 1270 πρὸς
892 1200 1149 1255 Γελὰσιον
1178 1203 1271 1256 τὸν
1310 1201 1529 1273 Ῥώμης
1556 1199 1822 1271 ἀπολογίᾳ

236 1290 301 1341 ού
334 1288 496 1358 μόνον
517 1290 619 1360 τὴν
642 1289 985 1362 Πελαγιανὴν
1015 1292 1250 1363 αἳρεσιν,
1273 1291 1413 1347 ἀλλὰ
1438 1294 1531 1346 καὶ
1556 1290 1822 1360 Πελάγων

238 1381 333 1433 καὶ
361 1380 693 1447 Κελέστιον,
750 1382 845 1435 καὶ
893 1381 975 1437 ἔτι
1041 1384 1364 1451 Ἰουλιανὸν,
1413 1384 1473 1448 ὃς
1502 1384 1595 1437 καὶ
1643 1381 1822 1437 αὐτῶν

237 1472 492 1544 ἐγνώσθη
521 1474 783 1545 διάδοχος.

972 1733 1081 1786 NE’

1918 542 2083 596 veluti
2112 540 2396 603 exsistere,
2445 546 2610 607 atque
2649 534 2836 591 enasci
2869 548 2899 587 e
2934 532 3073 585 mala
3101 529 3281 583 radice
3308 527 3489 594 impu-

1915 635 2105 691 denter
2134 647 2258 688 cum
2289 630 2563 699 coepisset,
2589 626 2774 683 Romae
2802 625 2966 681 etiam
2990 622 3205 692 quidem
3252 632 3351 688 pro
3379 618 3492 671 haz-

1919 727 2027 782 resi
2077 724 2246 779 libere
2291 724 2457 778 locuti
2490 731 2617 778 sunt
2651 739 2666 788 ;
2701 735 2839 791 quos
2872 719 3125 787 Prosper,
3167 716 3329 770 homo
3363 726 3495 766 sane

1917 818 2132 873 divinus
2174 816 2308 887 (97),
2339 816 2537 871 libellis
2566 815 2831 871 adversus
2871 827 2966 868 eos
3000 812 3052 865 in
3087 808 3277 879 vulgus
3312 805 3492 869 editis,

1919 909 2080 964 facile
2128 908 2439 976 dissipavit,
2489 908 2880 976 exstinxitque,
2924 904 3110 959 Leone
3156 902 3449 955 etiamnum
3476 935 3491 958 ,

1919 1016 2078 1071 quem
2123 999 2379 1065 diximus,
2422 997 2722 1052 Romanam
2756 998 2941 1052 sedem
2971 996 3331 1066 gubernante.
3364 991 3495 1042 Haec

1922 1093 2110 1149 eadem
2180 1089 2404 1144 haeresis
2450 1089 2793 1143 anathemate
2840 1088 2969 1141 item
3024 1086 3277 1139 damnata
3327 1090 3411 1136 est
3444 1081 3499 1135 in

1921 1202 2076 1242 sacra
2106 1184 2377 1255 Ephesina
2412 1183 2640 1253 synodo.
2696 1180 2980 1234 Damnavit
3017 1189 3071 1234 et
3100 1176 3337 1232 Joannes
3368 1173 3497 1228 Ale-

1922 1277 2223 1332 aandrinus
2250 1276 2559 1345 episcopus,
2578 1273 2631 1327 in
2657 1272 2916 1342 Apologia
2950 1271 3016 1324 ad
3036 1269 3313 1324 Gelasium
3352 1264 3502 1320 urbis

1923 1367 2254 1437 episcopum,
2286 1381 2394 1420 non
2431 1366 2604 1421 solum
2630 1363 2972 1433 Pelagianam
3006 1360 3280 1423 haeresim,
3312 1371 3501 1411 verum

1923 1458 2084 1512 etiam
2137 1456 2409 1527 Pelagium
2457 1458 2654 1526 ipsum,
2690 1465 2853 1525 atque
2884 1452 3197 1516 Celestium,
3244 1464 3348 1503 una
3380 1461 3503 1500 cum

1923 1548 2161 1615 Juliano,
2189 1549 2281 1619 qui
2313 1549 2366 1603 in
2392 1548 2493 1604 hac
2514 1547 2650 1617 ipsis
2668 1558 2815 1603 secta
2847 1547 3178 1601 successisse
3200 1539 3505 1610 deprehen-

1926 1656 2021 1695 sus
2055 1649 2157 1695 est.

2654 1731 2773 1785 LV.

246 1820 531 1876 Ἰωάννου
564 1821 672 1876 τοῦ
704 1825 1045 1879 Φιλοπόνου
1088 1824 1239 1879 κατὰ
1271 1823 1380 1892 τῆς
1410 1825 1586 1893 ἁγίας
1605 1824 1706 1879 και
1743 1826 1828 1880 ol-

1936 1823 2161 1877 loannes
2230 1822 2557 1893 Philoponus
2611 1834 2657 1875 et
2713 1822 2949 1875 Joannes
3004 1820 3256 1891 ﬁgentes
3318 1833 3506 1876 contra

530 1894 894 1963 κουμενικῆς
928 1893 1215 1963 τετάρτης
1253 1896 1541 1949 συνόδου.

310 1982 661 2056 ’Δνεγνὼσθη
676 1985 924 2040 Ἰωάννου
938 1987 1307 2057 τοῦτφιλοπόν
1317 2004 1411 2053 ου,
1429 1987 1630 2057 μᾶλλον
1641 1987 1698 2041 δὲ
1711 1990 1828 2044 Ma-

244 2080 593 2141 ταιοπόνου,
611 2078 761 2132 κατὰ
774 2078 886 2148 τῆς
898 2079 1071 2149 ἁγίας
1084 2080 1185 2135 καὶ
1194 2080 1615 2151 οικουμενικῆς
1631 2080 1828 2149 τετάρ-

243 2184 348 2233 της
364 2166 663 2221 συνόδου.
681 2168 769 2221 Ἐν
779 2161 860 2232 οἷς
876 2168 1100 2241 ὲστιτὴν
1117 2172 1217 2241 μὲν
1233 2170 1431 2239 φράσιν
1442 2171 1626 2239 ὅμοιος
1636 2168 1824 2243 [48Η.]

246 2258 461 2328 ἑαυτῷ,
502 2257 667 2311 ὠθεῖν
688 2260 747 2313 δὲ
775 2263 1031 2332 πειρᾶται
1062 2263 1433 2331 ἀναισχύντως
1478 2263 1580 2334 τὴν
1611 2262 1828 2317 σύνοδον

246 2351 325 2410 εἰς
351 2352 414 2402 τὺ
438 2351 741 2421 Νεπορίου
785 2353 1038 2424 φρόνημα
1064 2394 1080 2418 ,
1113 2356 1207 2407 καὶ
1237 2354 1385 2423 λέγει
1428 2354 1827 2419 καταδέξασθαι

244 2441 346 2512 τὴν
374 2441 597 2496 σύνοδον
626 2446 719 2497 τὸν
748 2446 1190 2516 ἀναθεματισμὺν
1212 2446 1507 2517 Νεπορίου
1538 2445 1633 2499 ἆτε
1659 2445 1827 2516 μηδὲν

265 2535 583 2605 ἡγουμένην
605 2539 685 2599 εἰς
712 2537 996 2608 ἄνθρωπον
1024 2536 1352 2609 ἐξαμαρτεῖν
1381 2538 1711 2609 ὲπιγυρώσει
1740 2538 1829 2592 δό-

246 2642 491 2694 γματος,
529 2628 559 2681 ὃ
606 2629 704 2681 καὶ
736 2628 898 2693 αὐτὸς
946 2631 977 2683 ό
1029 2628 1356 2700 βαλλόμενος
1400 2630 1478 2701 τῷ
1527 2630 1830 2702 ἀναθέματι

246 2720 474 2772 πάντων
501 2718 868 2789 ύπεριτίμα⁸¹
903 2720 1000 2772 καὶ⁵
1025 2720 1254 2791 ἔστεργε
1281 2760 1296 2785 ,
1324 2722 1556 2791 πρᾶγμα
1578 2722 1831 2775 πλάττων

250 2809 352 2861 καὶ
404 2808 863 2879 τερατευόμενος,
898 2808 927 2861 ὃ
954 2808 1053 2879 τῆς
1083 2810 1293 2862 ἐκείνου
1344 2809 1542 2877 φρενὸς
1591 2812 1686 2862 καὶ⁵
1729 2808 1832 2877 τῆς

249 2903 592 2973 ἁστηρὶκτου
626 2901 853 2972 γνώμης
878 2901 1217 2972 καθέστηκεν
1241 2901 1412 2965 ἀξιον.
1463 2900 1698 2955 Τοιαῦτα
1734 2902 1832 2971 μὲν

254 2997 403 3047 κατά
452 2993 656 3064 ταύτης
693 2994 1041 3064 ματαιολογεῖ
1063 2993 1158 3047 καὶ
1201 2993 1557 3065 θρασύνεται,
1609 2995 1668 3046 ὲν
1684 2994 1833 3065 τμή-

256 3102 397 3153 μασι
430 3086 489 3139 δὲ
517 3086 782 3156 τέσσαρσι
819 3090 1052 3140 ποιεῖται
1090 3092 1191 3156 τὴν
1220 3087 1349 3156 ὅλην
1380 3087 1502 3140 κατ’
1524 3088 1696 3157 αὐτῆς
1723 3104 1835 3141 κω-

258 3178 501 3248 μῳδίαν,
543 3178 699 3232 οὐδὲν
756 3179 985 3232 πιθανὸν
1014 3178 1047 3247 ἢ
1076 3179 1311 3243 διανοίας
1344 3178 1520 3247 λέγων
1551 3180 1833 3249 ἐχόμενον.

328 3356 680 3427 Ἀνεγνώσθη
707 3357 766 3410 δὲ
792 3358 850 3410 ὲν
876 3357 954 3427 τῷ
982 3356 1129 3427 αὐτῷ
1153 3357 1250 3412 καὶ
1271 3357 1519 3412 Ἰωάννου
1537 3358 1721 3423 ἄλλου,
1737 3358 1837 3428 τὴν

259 3450 563 3521 θρησκείαν
590 3448 980 3519 Νεστοριανοῦ,
998 3450 1162 3503 Κατὰ
1186 3447 1294 3516 τῆς
1328 3449 1521 3518 αὐτῆς
1553 3450 1725 3519 ἁγίας
1746 3467 1840 3504 τε·

256 3545 479 3611 τάρτης
508 3543 802 3598 συνόδου.
836 3538 1003 3606 Οὗτός
1034 3545 1150 3595 ἐστι
1199 3544 1229 3596 ό
1254 3544 1543 3614 Αίγεάτης,
1578 3544 1841 3614 δυσσεὸὴς

261 3638 389 3706 μὲν,
414 3636 747 3706 καλλιεπείᾳ,
773 3635 832 3688 δὲ
861 3635 958 3688 καὶ
987 3635 1064 3705 τῷ
1090 3636 1207 3705 ήδεῖ
1236 3636 1375 3704 μετὰ
1402 3637 1504 3707 τῆς
1537 3636 1840 3707 σαφηνείας

259 3732 353 3783 καὶ
381 3730 774 3801 λαμπρότητος
804 3727 1167 3799 κεχρημένςκ.

995 3905 1142 3974 NG’.

403 3998 789 4068 Θεοδωρήτου
818 3998 1016 4068 Κύρου
1052 3999 1206 4054 κατὰ
1234 3999 1351 4054 τῶν
1389 4000 1700 4069 αἱρέσεων.

328 4092 678 4163 ’Δνεγνὼσθη
695 4092 1042 4164 Θεοδωρήτου
1055 4092 1241 4165 Κύρου
1253 4094 1404 4149 κατὰ
1422 4093 1541 4147 τῶν
1556 4094 1846 4161 αἱρέσεων

262 4190 369 4242 τῶν
398 4190 510 4241 ἀπὸ
542 4188 795 4258 Σίμωνος
825 4187 1149 4259 ἀρξαμένων
1177 4189 1276 4243 καὶ
1312 4190 1505 4261 μέχρις
1536 4183 1611 4244 ὧν
1639 4191 1846 4253 ἐκεῖνος

264 4283 362 4354 τὴν
388 4280 580 4353 ἀκμὴν
599 4281 897 4352 κατείληφε
918 4281 1025 4352 τὴν
1053 4280 1288 4352 βλάστην
1314 4281 1843 4353 προόαλλομένων⁸⁸σ

267 4375 586 4445 Προσφωνεί
625 4372 801 4427 ταῦτα
842 4373 1132 4444 Σπορακίῳ
1161 4374 1242 4437 εἰς
1275 4375 1492 4444 αἴτησιν
1515 4374 1619 4444 τῆς
1654 4374 1843 4428 τοιαύ-

2434 1906 2683 1962 quartam
2726 1894 3008 1960 synodum.

1997 1985 2193 2040 Lectus
2220 1994 2305 2040 est
2335 1984 2473 2039 liber
2496 1982 3034 2038 «Ιοειιιιίεφιλοπόνου
3056 1980 3191 2052 (98),
3212 1991 3304 2057 aut
3326 1982 3508 2050 potius

1928 2074 2309 2132 Ματαιοπόνου
2361 2074 2437 2147 [id
2484 2084 2592 2140 est,
2645 2075 2845 2129 labaris
2879 2075 3131 2137 amantis,
3183 2089 3275 2127 seu
3332 2076 3510 2141 potius

1928 2165 2221 2240 amantis,]
2252 2166 2515 2221 Adversus
2545 2182 2753 2220 sacram
2781 2175 2829 2219 et
2861 2166 3234 2219 mcumenicam
3263 2175 3509 2235 quartam

1928 2257 2206 2327 synodum.
2251 2255 2350 2311 Hic
2382 2255 2521 2327 stylo
2555 2256 2637 2311 sui
2678 2255 2875 2311 similis
2918 2265 3005 2310 est
3039 2253 3171 2324 (99).
3208 2252 3511 2324 lmpingere

1928 2364 2059 2403 vero
2091 2349 2431 2420 impudenter
2459 2359 2690 2403 conatur
2712 2348 2758 2403 ei
2782 2348 2990 2418 synodo
3015 2347 3247 2401 Nestorii
3279 2357 3510 2407 sectam,

1930 2451 2093 2511 atque
2119 2442 2186 2495 ab
2211 2440 2297 2494 illa
2331 2441 2489 2511 hujus
2512 2439 3023 2495 anathetnatismnm
3057 2447 3331 2507 receptum
3362 2452 3509 2499 esse,

1930 2534 2074 2603 quod
2103 2532 2235 2587 nihil
2275 2548 2336 2588 se
2374 2542 2588 2603 putaret
2615 2534 2667 2586 in
2712 2532 2990 2587 hominem
3032 2545 3258 2600 peccare
3290 2530 3513 2597 quando

1931 2623 2127 2693 dogma
2178 2622 2340 2695 [ejus]
2396 2624 2696 2677 sanciatur.
2745 2621 2899 2689 Quod
2947 2622 3145 2676 factum
3198 2622 3360 2674 etiam
3398 2620 3515 2689 ipse

1933 2714 2267 2769 anathemati
2333 2714 2611 2783 subjectus
2682 2711 2972 2768 Nestorius
3036 2713 3288 2767 omnibus
3352 2713 3515 2766 rebus

1934 2812 2245 2873 anteponat,
2295 2804 2642 2874 adametque,
2698 2804 2799 2858 huc
2850 2804 3081 2873 agendo,
3128 2813 3293 2872 atque
3336 2803 3516 2870 prodi-

1934 2898 2084 2967 giose
2120 2897 2389 2965 ﬁngendo,
2420 2882 2564 2967 quod
2613 2897 2732 2965 ejus
2764 2897 3038 2966 ingenium
3084 2895 3391 2964 mentisque
3431 2895 3514 2948 in-

1934 2988 2285 3045 Stabilitatem
2323 2990 2534 3044 deceat.
2584 2988 2666 3044 Ac
2705 2988 2841 3043 tales
2878 2988 3097 3058 quidem
3142 2988 3233 3042 hic
3281 2988 3517 3056 scriptor

1938 3096 2112 3150 nugas
2163 3080 2422 3136 audacter
2452 3081 2737 3151 iactitans,
2768 3092 3002 3151 quatuor
3048 3081 3293 3150 partibus
3343 3089 3514 3134 totam

1939 3170 2261 3227 comoediam
2309 3172 2569 3228 adversus
2629 3175 2896 3245 synodum
2946 3172 3218 3237 absolvit,
3270 3188 3329 3227 re
3372 3171 3519 3226 nulla

1940 3264 2045 3320 ﬁde
2079 3266 2259 3335 digna,
2298 3282 2475 3338 neque
2508 3268 2643 3321 adeo
2671 3281 2816 3322 sana:
2852 3268 3049 3322 mentis
3085 3266 3267 3321 allata.

2014 3356 2148 3426 15b
2181 3356 2381 3414 Lectus
2427 3370 2512 3413 est
2560 3358 2615 3412 in
2653 3358 2843 3413 eodem
2890 3358 3164 3413 volumine
3213 3368 3266 3411 et
3296 3356 3523 3411 Joannis

1941 3446 2163 3503 alterius
2179 3449 2245 3504 de
2264 3460 2412 3505 secta
2444 3447 2675 3503 Nestorii
2702 3449 2801 3515 (1),
2828 3448 3027 3502 Contra
3052 3450 3287 3502 eamdem
3311 3465 3519 3501 sacram

1939 3552 2186 3611 quartam
2218 3543 2479 3612 synodum
2506 3542 2660 3596 liber.
2688 3541 2852 3611 Cujus
2904 3551 3094 3597 auctor
3137 3542 3398 3612 [Egestas
3431 3542 3521 3597 ille

1941 3642 2066 3699 est,
2120 3632 2317 3703 impius
2377 3635 2597 3701 quidem
2668 3634 2874 3699 homo,
2927 3642 3181 3688 caeterum
3230 3632 3517 3685 verborum

1943 3724 2228 3791 splendore
2266 3741 2331 3779 ac
2358 3725 2646 3790 suavitate,
2697 3741 2817 3780 cum
2859 3727 3242 3797 perspicuitate
3274 3733 3329 3780 et
3356 3724 3522 3779 clari-

1944 3824 2057 3872 tate
2090 3834 2241 3875 usus.

2654 3909 2764 3964 LVI
2799 3952 2813 3966 .

2228 4002 2538 4057 Theodoreti
2572 4016 2752 4057 contra
2784 4005 3003 4057 ha'reses
3032 4005 3151 4059 libri
3183 4021 3234 4059 ν.

2015 4095 2212 4151 Lectus
2245 4096 2574 4151 Theodoreti
2626 4098 2851 4165 episcopi
2886 4097 3013 4168 Cyri
3040 4098 3169 4152 liber
3200 4108 3384 4153 contra
3415 4098 3522 4154 lue-

1946 4202 2103 4251 reses,
2134 4196 2402 4259 quotquot
2426 4204 2453 4243 a
2488 4188 2713 4244 Simone
2750 4189 2902 4260 Mago
2923 4191 2988 4245 ad
3014 4192 3178 4259 ipsius
3218 4208 3387 4260 usque
3406 4192 3519 4262 jam

1946 4282 2321 4335 conﬁrmatam
2364 4292 2581 4337 aetatem
2633 4284 3055 4348 egerminarant.
3116 4284 3336 4340 Dedicat
3380 4287 3522 4341 hunc

1948 4371 2209 4442 Sporacio
2235 4374 2525 4443 postulanti
2560 4374 2679 4427 talia
2719 4376 2940 4429 audire:
2966 4384 3021 4429 et
3046 4377 3219 4445 pergit
3261 4392 3424 4445 porro
3455 4379 3521 4431 ad

267 4484 365 4536 της
390 4466 683 4537 φιληκοΐας
710 4466 1062 4521 καταστάντι.
1097 4467 1436 4535 Κατέρχεται
1465 4465 1521 4518 δὲ
1555 4467 1717 4536 μέχρι
1740 4467 1829 4520 Νε-

1946 4462 2275 4529 Nestorium,
2326 4464 2550 4534 ejusque
2591 4465 2871 4533 haeresim,
2905 4468 3058 4535 cujus
3106 4484 3313 4523 meram
3347 4470 3524 4523 fundit

272 4560 486 4629 στορίου
525 4558 626 4612 καὶ
658 4558 757 4628 τῆς
808 4559 1071 4627 αἱρέσεως
1102 4558 1269 4611 αὑτοῦ
1291 4597 1306 4621 ,
1338 4558 1573 4628 ἄκρατον
1599 4556 1617 4629 [
1640 4558 1711 4612 22
1732 4556 1829 4613 Η.’

1942 4558 2422 4628 reprehensionem
2471 4575 2488 4623 ;
2536 4561 2604 4613 ad
2656 4562 2828 4629 ipsam
2876 4576 3088 4629 quaque
3126 4563 3522 4633 Eutychianam

270 4650 434 4704 αὐτοῦ
456 4649 747 4719 διαταχέων
764 4648 856 4701 τὸν
875 4648 1118 4721 ἔλεγχον.
1138 4648 1357 4719 Πρόεισι
1378 4647 1437 4700 δὲ
1448 4649 1542 4701 καὶ
1569 4649 1729 4723 μέχρι
1748 4650 1829 4719 τῆς

1946 4651 2195 4706 baresim
2220 4650 2590 4719 progrediens.
2622 4650 2674 4704 In
2699 4652 2886 4718 quinto
2920 4667 3046 4706 vero
3077 4652 3215 4706 libro
3243 4652 3346 4722 (tot
3377 4656 3523 4707 enim

271 4742 611 4813 Εὑτυχιανῆς
632 4742 918 4813 αἱρέσεως.
963 4742 1050 4793 Ἐν
1073 4740 1129 4793 δὲ
1158 4740 1238 4810 τῷ
1261 4741 1497 4811 πέμπτῳ
1522 4741 1667 4812 λόγῳ
1692 4745 1829 4810 (τοσ.

1947 4746 2113 4801 hocce
2170 4742 2473 4799 coniiciunt
2527 4744 2715 4812 opus)
2774 4743 3077 4796 divinorum
3139 4756 3525 4815 tectorumque

269 4836 415 4888 οὗτοι
446 4835 503 4888 δὲ
530 4834 685 4895 ὖντες
713 4831 776 4884 τὸ
807 4829 1011 4901 βιϐλίον
1037 4828 1407 4901 τυγχάνουσι)
1438 4831 1546 4886 τῶν
1574 4831 1732 4885 θείων
1755 4831 1829 4885 sta‘

1945 4839 2255 4907 dogmatum
2312 4836 2552 4902 epitome
2585 4850 2683 4905 per
2712 4836 3172 4905 comparationem
3204 4853 3325 4892 cum
3354 4841 3525 4895 luere-

273 4929 448 4999 ὀρθῶν
472 4926 765 4997 δογμάτων
790 4924 893 4995 τὴν
922 4923 1254 4994 ὲπιτομὴν⁸³
1283 4926 1342 4977 ὲν
1370 4924 1671 4995 παραθέσει
1697 4942 1829 4996 ποιη-

1950 4930 2183 4983 ticornm
2204 4928 2396 4981 fabulis
2421 4927 2582 4991 facta,
2624 4942 2781 4996 quam
2813 4942 2918 4982 non
2948 4929 3231 4984 confusum
3255 4946 3365 4999 prae
3398 4931 3525 4995 illis,

278 5024 508 5093 σάμενος
527 5019 666 5090 πρὸς
697 5015 798 5080 τάς
828 5015 1110 5084 αίρετικάς
1144 5014 1456 5085 ἀδολεσχίας
1478 5056 1493 5081 ,
1512 5016 1570 5069 τὸ
1599 5015 1829 5086 ἀσύγχυ.

1954 5020 2049 5075 sed
2094 5020 2371 5074 sincerum
2398 5059 2412 5081 ,
2466 5029 2628 5087 atque
2675 5019 3149 5085 irrepreltensibile
3195 5024 3522 5077 catholicum

278 5116 419 5167 τον⁸⁸
454 5112 624 5181 αὐτῆς
658 5111 757 5164 καὶ
789 5108 1029 5181 καθαρὸν
1048 5108 1378 5161 ἐπιδεικνύει
1409 5110 1501 5161 καὶ
1520 5108 1829 5179 ἀμώμητον

1954 5113 2143 5181 dogma
2193 5113 2293 5176 sit,
2323 5111 2691 5167 demonstrat.
2760 5111 2945 5183 Stylus
2987 5115 3112 5170 huic
3174 5117 3525 5185 perspicuus,

284 5209 433 5261 Ἐστι
457 5208 515 5262 δὲ
542 5207 641 5278 τὴν
695 5202 899 5274 φράσιν
923 5200 1102 5272 σαφὴς
1126 5200 1221 5255 καὶ⁵
1248 5200 1562 5272 ἀπέριττος.

1954 5204 2283 5273 minimeque
2312 5204 2640 5260 redundans.

1550 5311 1788 5368 VARLE
1842 5311 2248 5372 LECTIONES.

347 5415 390 5447 ⁸¹
444 5414 746 5487 περιετῐμα
774 5429 836 5477 ς.
862 5411 1115 5487 πράττων
1142 5428 1205 5476 ς’.
1277 5410 1326 5445 ⁸⁸
1352 5408 1534 5466 malim
1564 5410 2014 5483 προδαλομένων,
2100 5411 2147 5443 ⁸³
2178 5412 2473 5486 ἐπιστολὴν
2512 5427 2656 5469 corr.
2684 5412 2725 5467 Α
2756 5432 2769 5468 :
2795 5413 2841 5468 δ’
2871 5411 3136 5484 ἐπιτομὴν
3157 5429 3217 5478 ς.
3282 5412 3329 5444 ⁸⁸
3354 5411 3524 5482 άσύγ·

285 5485 463 5558 χυτονῖ
490 5484 825 5557 ἀσύγκριτον
846 5484 914 5537 Α.
2378 5504 2381 5505 ν

964 5565 971 5571 ’
1796 5565 2032 5623 NOTAE.

358 5679 462 5748 (97)
510 5680 780 5744 Quatuor,
817 5688 956 5745 quos
1010 5671 1178 5728 habes
1210 5677 1454 5726 extremo
1481 5677 1612 5726 tom.
1646 5666 1739 5727 νη
1788 5668 1849 5723 Β.
2029 5668 2395 5748 (99)__Con_su_le
2426 5673 2487 5726 D.
2524 5672 2736 5748 Bai-on.
2759 5684 2889 5748 tom.
2921 5674 2986 5731 IV
3024 5676 3217 5730 Annal.

292 5741 455 5813 Aug.’
522 5741 554 5744 ’⁷
834 5741 852 5745 ⁷
1281 5810 1323 5813 μ
1372 5810 1382 5813 _
1516 5810 1523 5813 _
2029 5744 2106 5811 (Ι)
2134 5741 2373 5797 Meminit
2402 5758 2523 5813 sup.
2558 5749 2677 5801 cod.
2715 5746 2803 5801 tl.

362 5810 466 5887 (98)
496 5818 730 5876 Consule
770 5818 832 5871 D.
862 5815 1060 5869 Baron.
1110 5820 1242 5867 tom.
1281 5810 1323 5866 ν
1351 5810 1542 5864 Annal.
