3980 6234
443 336 517 404 99
1528 344 1792 406 ΡΗΟΤΙΙ
1829 344 2028 405 ΡΑΤΒ

2134 341 2336 404 10ΙῖᾹέ
2370 341 2478 402 CP.

2047 463 2095 517 Α

1143 454 1274 510 LVII
1301 496 1316 510 .

487 549 716 619 Appiani
749 549 1094 605 Alexandrini
1121 550 1367 605 Historiae
1393 547 1646 601 Romana:
1681 545 1803 600 libri
1832 560 1981 600 xxiv.

517 640 682 696 Lecta
725 654 810 698 est
867 643 1095 710 Appiani
1156 641 1395 694 Romana
1446 640 1694 704 historia,
1732 639 1808 709 (2)
1848 639 2022 692 tribus

451 731 666 798 quidem
703 732 1085 791 voluminibus,
1135 731 1254 783 libri
1286 745 1413 784 vero
1449 741 1684 798 quatuor
1713 738 1770 784 et
1807 727 2019 794 viginti.

450 821 686 887 Quorum
711 823 916 892 primus
951 823 1016 876 de
1043 828 1248 890 septem
1278 820 1535 892 Regibus,
1567 820 1818 882 Romulo,
1848 818 2021 872 Numa

450 913 712 982 Pompilio
744 915 840 984 (5),
875 914 1024 966 Ancu
1052 912 1300 974 Hostilio,
1324 923 1379 967 et
1417 913 1584 967 altero
1613 914 1763 966 Anco
1797 908 2020 974 Marcio,

448 1004 636 1059 Numa:
671 1017 881 1074 nepote,
917 1005 1232 1074 Tarquinio,
1283 1007 1472 1060 Servio
1502 1004 1679 1059 Tullio
1704 1003 1803 1074 (4),
1829 1011 1884 1057 et
1912 999 2021 1054 Lu-

450 1097 535 1150 cio
563 1095 855 1165 Tarquinio
896 1112 1082 1166 agens,
1139 1111 1327 1150 eorum
1375 1112 1562 1165 opera,
1615 1108 1808 1164 resque
1841 1101 2022 1162 gestas

452 1190 715 1244 continet.
766 1189 967 1242 Horqu
1011 1203 1200 1255 regum
1235 1190 1462 1257 primus,
1492 1197 1685 1241 auctor
1713 1186 1840 1241 licet
1870 1183 2021 1237 urbis

452 1282 658 1345 Romae,
691 1295 754 1335 ac
775 1281 1024 1334 conditor
1056 1279 1240 1346 fuerit,
1272 1289 1326 1334 et
1361 1289 1585 1349 paterno
1611 1276 1789 1347 potius
1816 1277 2022 1341 animo,

454 1385 613 1438 quam
660 1371 942 1439 tyrannice
975 1368 1362 1436 imperaverit;
1398 1381 1572 1427 caesus
1595 1376 1772 1420 tamen
1802 1375 1905 1428 est,
1941 1365 2025 1416 vel

455 1464 536 1529 (ut
561 1460 682 1514 aliis
718 1460 914 1529 placet)
946 1453 1229 1529 disparuit.
1276 1459 1444 1521 Alter,
1482 1458 1654 1511 nihilo
1689 1458 2027 1523 praecedente

454 1551 508 1605 in
549 1551 864 1617 imperando
897 1549 1139 1612 inferior,
1186 1564 1249 1603 ac
1296 1548 1435 1604 forte
1463 1549 1825 1617 praestantior,
1858 1547 2024 1602 vitam

455 1651 644 1697 exacta
669 1652 828 1694 aetate
853 1641 1043 1694 finivit.
1077 1639 1292 1694 Tertius
1314 1641 1538 1695 fulmine
1561 1641 1697 1695 ictus
1723 1651 1825 1695 est.
1858 1641 2029 1706 Quar-

457 1744 546 1788 tus
577 1734 765 1786 morbo
786 1733 896 1786 vita
922 1733 1174 1786 decessit.
1203 1732 1435 1799 Quintus
1467 1747 1496 1785 a
1529 1731 1839 1802 pastoribus
1867 1730 2028 1800 jugu-

3587 321 3690 389 100

2834 442 2952 497 NZ'.

2311 539 2643 596 Ἀππιανοῦ
2679 534 2975 607 Ῥωμαικὰ
3010 531 3080 586 ἐν
3101 529 3366 596 βιϐλίοις
3392 528 3493 583 κδ’.

2201 633 2540 705 Ἀνεγνώσθη
2577 628 2876 685 Ἀππιανοῦ
2913 621 3207 694 Ῥωμαϊκὴ
3227 619 3559 689 ίστορία,ὲν
3592 615 3692 687 μὲν

2118 729 2335 798 τεύχεσι
2361 729 2508 797 τρισί⁹
2529 763 2545 789 ,
2567 723 2745 792 λόγοις
2773 720 2831 775 δὲ
2857 716 2953 772 κδ’.
2975 711 3074 772 Ὧν
3099 718 3128 770 6
3155 715 3254 784 μὲν
3283 712 3502 784 πρῶτος
3528 709 3694 779 τόμος

2118 819 2228 873 τῶν
2261 816 2400 871 ἐπτὰ
2445 813 2706 887 βασιλέων
2726 852 2742 877 ,
2786 808 3066 881 Ῥωμύλου
3087 847 3103 871 ,
3133 807 3328 876 Νουμᾶ
3359 799 3694 872 Πομπιλίου,

2124 913 2330 980 ’Δγκου
2368 908 2631 964 Ὁστιλίου
2655 947 2670 973 ,
2701 905 2797 960 καὶ⁸
2832 905 3039 971 Ἀγκου
3072 903 3259 971 ἑτέρου
3283 898 3377 952 τοῦ
3413 897 3507 951 καὶ
3535 897 3696 966 Μαρ-

2119 1001 2240 1054 κίου
2267 1041 2283 1067 ,
2319 999 2570 1067 ὲπιγόνου
2599 995 2795 1064 Νουμᾶ
2819 1032 2833 1056 ,
2861 991 3168 1063 Ταρκυνίου
3182 989 3250 1053 ⁸⁸,
3287 987 3530 1057 Ἐρουίου
3560 981 3697 1036 Τυλ-

2120 1089 2236 1142 λίου
2259 1130 2274 1154 ,
2311 1088 2406 1157 καὶ
2440 1082 2748 1155 Ταρκυνίου
2779 1080 3012 1134 Λευκίου
3059 1076 3155 1130 τοῦ
3185 1072 3489 1147 Ταρκυνίου
3509 1110 3524 1134 ,
3571 1069 3697 1123 τού-

2121 1198 2229 1234 των
2272 1156 2380 1234 τῶν
2435 1179 2574 1231 ἑπτὰ
2601 1177 2736 1245 ἔργα
2771 1191 2830 1226 τε
2855 1175 2949 1228 καὶ
2982 1171 3210 1242 πράξεις
3243 1168 3505 1239 περιέχει.
3537 1156 3639 1216 Ὧν
3665 1162 3695 1215 6

2124 1272 2340 1343 πρῶτος
2379 1271 2605 1339 κτίστης
2632 1285 2693 1320 τε
2737 1266 2954 1336 Ῥώμης
2987 1263 3080 1316 καὶ
3125 1262 3369 1330 οἰκιστὴς
3420 1254 3696 1326 γεγονὼς,

2123 1361 2294 1432 ἄρξας
2346 1377 2407 1412 τε
2460 1354 2744 1428 πατρικῶς
2791 1348 2993 1424 μᾶλλον
3043 1351 3076 1420 ἢ
3123 1347 3487 1421 τυραννικῶς,
3548 1346 3698 1414 ὅμως

2125 1431 2339 1519 ἐσφάγη
2360 1489 2374 1512 ,
2398 1448 2431 1518 ἢ
2462 1447 2534 1507 ὡς
2558 1445 2706 1498 ἄλλοι
2729 1443 2890 1512 φασὶν
2910 1481 2923 1502 ,
2949 1438 3241 1509 ἠφανίσθη.
3282 1437 3338 1489 '0
3363 1435 3419 1487 δὲ
3444 1431 3699 1502 δεύτερος

2125 1541 2276 1594 οὐδὲν
2295 1536 2455 1612 ἦττον
2493 1532 2890 1608 βεϐασιλευκὼς
2910 1531 2988 1597 ⁸⁸,
3020 1532 3068 1582 εί
3105 1529 3181 1599 μὴ
3211 1528 3309 1581 καὶ
3346 1524 3548 1597 μᾶλλον
3571 1565 3588 1588 ,
3611 1521 3704 1575 τὸν

2127 1629 2324 1686 ἑαυτοῦ
2361 1629 2474 1700 βίον
2521 1627 2841 1697 ἐτελεύτησε
2876 1622 3118 1694 ζήσας⁸⁷.
3163 1620 3222 1672 Ὀ
3251 1619 3309 1672 δὲ
3343 1618 3524 1688 τρίτος
3578 1619 3705 1668 ὲκε-

2131 1721 2382 1794 ραυνώθη
2407 1737 2422 1753 ο
2454 1719 2597 1788 νόσῳ
2622 1719 2679 1772 δὲ
2717 1719 2809 1772 τὸν
2841 1717 2956 1786 βίον
2989 1718 3018 1767 6
3051 1713 3310 1783 τέταρτος
3362 1707 3661 1776 ὑπεξῆλθεν
3685 1719 3700 1733 ο

457 1825 594 1880 latus
636 1825 816 1895 periit.
873 1823 1070 1878 Sextus
1104 1824 1354 1878 similiter
1406 1839 1597 1889 caesus,
1640 1824 1805 1877 vitam
1855 1799 2029 1878 morte

2134 1815 2155 1865 6
2190 1813 2249 1866 δὲ
2294 1811 2546 1882 πέμπτος
2576 1813 2682 1862 ὑπὸ
2732 1807 3002 1878 ποιμένων
3036 1803 3249 1872 ἐσφάγη
3273 1842 3288 1867 ,
3324 1801 3418 1853 καὶ
3465 1801 3494 1852 6
3545 1799 3707 1858 ’έκτος

456 1921 824 1972 commutavit.
853 1917 1125 1987 Septimus
1156 1925 1208 1972 et
1243 1917 1372 1970 urbe
1439 1927 1491 1971 et
1539 1932 1705 1986 regno
1742 1917 1811 1970 ob
1843 1925 2026 1987 tyran-

459 2011 636 2064 nidem
683 2019 909 2064 exactus
940 2017 1043 2062 est.
1078 2007 1204 2062 Inde
1236 2009 1412 2062 soluto
1442 2023 1627 2078 regno,
1677 2010 1743 2061 ad
1777 2007 2030 2062 consules

457 2099 746 2170 imperium
803 2100 1148 2155 translatum.
1203 2098 1326 2154 Haec
1366 2100 1584 2168 quidem
1634 2101 1839 2167 primus
1893 2098 2031 2152 liber

457 2193 836 2260 cOmplectitur
867 2209 878 2245 :
916 2192 1058 2243 unde
1084 2190 1384 2258 inscriptio,
1412 2189 1772 2244 Romanorum
1797 2189 2030 2259 Regalis.

457 2280 738 2334 Secundus
767 2279 903 2332 liber
926 2278 1106 2341 habet,
1141 2291 1259 2344 quae
1291 2280 1343 2331 in
1374 2278 1578 2346 reliqua
1612 2276 1784 2342 Italia,
1808 2286 2030 2345 excepta

455 2390 543 2440 ea,
579 2390 698 2444 qua:
728 2376 793 2428 ad
841 2388 989 2427 mare
1017 2371 1221 2425 lonimn
1251 2384 1353 2438 est,
1380 2384 1528 2442 gesta
1554 2383 1678 2427 sunt
1707 2373 1864 2442 :ejus
1901 2373 2032 2425 titu-

458 2470 582 2520 lus:
635 2465 994 2519 Romanorum
1041 2461 1258 2518 Italica.
1295 2464 1542 2534 Sequens
1595 2465 1732 2518 liber
1758 2463 2032 2519 Romanu-

459 2574 578 2613 rum
609 2558 745 2612 bella
783 2574 906 2612 cum
947 2559 1284 2612 Samnitibus
1317 2557 1483 2611 refert
1515 2559 1654 2626 (qua:
1691 2571 1822 2626 gens
1849 2557 2034 2624 copio-

458 2666 541 2715 sa,
570 2660 984 2719 expugnatuque
1021 2647 1272 2712 dilﬁcilis,
1315 2657 1372 2702 ut
1440 2649 1523 2700 vix
1569 2648 1724 2701 annis
1758 2648 2031 2717 octoginta

460 2742 688 2796 Bonitani
716 2742 853 2796 bello
877 2742 1126 2810 subigere
1143 2741 1433 2810 potuerint)
1457 2753 1682 2808 qumque
1703 2750 1891 2808 gentes
1910 2755 2030 2792 cum

459 2836 567 2888 illis
623 2832 818 2887 bellum
881 2833 1182 2902 gesserint.
1237 2832 1551 2885 inscribitur
1601 2847 1614 2883 :
1674 2829 2033 2883 Romanorum

461 2923 774 2978 Samnitico.
825 2921 1064 2988 Quartus
1112 2937 1260 2985 vero,
1304 2919 1445 2989 quod
1496 2935 1616 2973 cum
1644 2918 1811 2974 Gallis
1837 2918 2036 2973 Roma-

462 3033 654 3069 normn
711 3015 849 3068 bella
913 3015 1150 3081 referat,
1219 3014 1531 3067 inscribitur
1594 3030 1609 3068 :
1679 3011 2036 3066 Romanorum

467 3108 604 3179 16a
637 3106 856 3162 Celtica.
890 3106 981 3161 Sic
1019 3117 1073 3162 et
1111 3107 1302 3176 reliqui
1362 3107 1553 3161 ordine
1589 3105 1730 3160 libri.
1780 3106 2031 3171 Quintus,

2127 1906 2331 1975 ὁμοίως
2367 1906 2548 1974 σφαγῇ
2573 1899 2910 1972 κατέστρεψε
2927 1899 2974 1928 ⁸⁸
3007 1897 3098 1950 τὸν
3127 1895 3258 1965 βίον.
3306 1893 3364 1947 '0
3390 1893 3447 1945 δὲ
3475 1890 3710 1959 ἕϐδομος

2129 1993 2333 2062 καὶτῆς
2351 1992 2560 2054 πόλεως
2579 1991 2784 2059 καὶτῆς
2804 1986 3083 2058 βασιλείας
3099 1981 3436 2055 παρανομῶν
3449 1977 3708 2048 ἐξηλάθη·

2128 2081 2190 2146 ἐξ
2227 2073 2288 2133 οὗ
2323 2079 2425 2149 τῆς
2459 2078 2738 2149 βασιλείας
2776 2074 3178 2144 καταλυθείσης
3208 2074 3286 2135 εἰς
3311 2072 3435 2134 τοὺς
3469 2069 3712 2129 ὑπάτους

2129 2174 2196 2228 τὰ
2228 2172 2326 2243 τῆς
2350 2173 2523 2244 ἀρχῆς
2553 2169 2838 2240 μετετέθη.
2876 2170 2945 2222 Ἀ
2972 2168 3071 2239 μὲν
3097 2163 3188 2220 οὖν
3201 2165 3247 2197 ⁸⁸
3269 2165 3297 2218 ὁ
3320 2163 3534 2234 πρῶτος
3555 2161 3714 2228 λόγος

2130 2265 2412 2335 περιέχει,
2463 2263 2639 2317 ταῦτά
2672 2264 2790 2315 ἐστι
2819 2279 2834 2292 ·
2883 2262 3250 2330 ἐπιγράφεται
3269 2257 3328 2310 δὲ
3369 2252 3716 2322 Ῥωμαϊκῶν

2125 2355 2444 2425 βασιλική·
2474 2357 2502 2408 6
2521 2354 2577 2407 δὲ
2602 2352 2853 2424 δεύτερος
2871 2352 2939 2406 τὰ
2972 2354 3052 2414 είς
3083 2351 3182 2420 τὴν
3209 2349 3375 2418 ἄλλην
3390 2347 3436 2378 ὀ
3482 2345 3716 2398 Ἰταλίαν

2131 2447 2302 2519 χωρὶς
2325 2448 2425 2516 τῆς
2444 2446 2594 2516 παρὰ
2619 2445 2709 2498 τὸν
2734 2445 2933 2497 κόλπον
2968 2443 3061 2494 τὸν
3103 2439 3286 2493 Ἰόνιον
3311 2440 3354 2472 ⁰¹
3385 2455 3400 2470 ·
3433 2431 3497 2490 οὗ
3529 2437 3562 2505 ἡ
3584 2437 3714 2486 ἐπι-

2133 2537 2320 2608 γραφὴ
2353 2533 2693 2604 Ῥωμαϊκῶν
2731 2532 3014 2598 Ἰταλική.
3054 2531 3112 2584 '0
3135 2530 3192 2583 δὲ
3233 2526 3430 2598 ἑφεξῆς
3467 2524 3716 2596 περιέχει

2131 2630 2223 2684 τὸν
2269 2629 2404 2700 πρὸς
2435 2629 2560 2691 τοὺς
2593 2627 2858 2688 Σαυνίτας
2905 2623 3200 2693 Ῥωμαίων
3239 2621 3510 2690 πόλεμον,
3563 2617 3716 2678 ἔθνος

2137 2720 2282 2792 μέγα
2327 2737 2385 2772 τε
2425 2721 2519 2772 καὶ
2558 2716 2794 2788 χαλεπὸν
2846 2715 3108 2784 πολέμοις
3155 2712 3409 2781 γεγονὸς,
3457 2710 3598 2779 ὅπερ
3657 2709 3718 2758 ὲν

2135 2811 2312 2865 ἐτεσιν
2358 2810 2689 2879 ὀγδοήκοντα
2731 2809 2992 2878 Ῥωμαῖοι
3025 2804 3392 2876 πολεμοῦντες
3422 2803 3574 2874 μόλις
3611 2801 3717 2852 ύπ-

2136 2904 2406 2975 ηγάγοντο
2429 2941 2444 2967 ,
2494 2902 2592 2954 σὺν
2619 2901 2802 2962 αὐτοῖς
2831 2899 2888 2952 δὲ
2925 2899 3020 2952 καὶ
3062 2898 3164 2951 ὅσα
3205 2897 3389 2957 αὐτοῖς
3421 2893 3720 2961 συνεμάχει

2137 2995 2268 3065 έθνη
2290 3010 2304 3024 ο
2334 2993 2699 3064 ἐπιγράφεται
2728 2991 2784 3044 δὲ
2824 2989 3167 3058 Ῥωμαϊκῶν
3195 2989 3544 3054 Σαυνιτικὴ.
3574 2985 3634 3036 Ὀ
3659 2983 3717 3037 δὲ

2139 3087 2400 3156 τέταρτος
2423 3126 2439 3151 ,
2466 3083 2590 3137 ἐπεὶ
2631 3083 2723 3136 τὸν
2756 3081 2892 3152 πρὸς
2919 3079 3157 3143 Κελτοὺς
3177 3081 3221 3111 θ’
3262 3077 3507 3149 περιέχει
3579 3074 3720 3126 Ῥω-

467 3151 603 3179 ‘vs
639 3151 856 3162 νων...
891 3151 981 3161 -.ν
1022 3151 1073 3162 ν.
1111 3151 1302 3176 .-...,...
1364 3151 1553 3161 -.......,
1786 3151 2030 3171 ,νην-η

461 3200 826 3255 Romanorum
857 3198 1058 3265 Sicula,
1092 3211 1138 3253 et
1172 3197 1473 3261 lnsularis,‘
1506 3198 1646 3265 quod
1678 3213 1800 3251 cum
1835 3195 2030 3252 Siculis

2146 3151 2321 3250 μαίων
2367 3177 2638 3246 πόλεμον,
2693 3151 3062 3244 ἐπιγράφεται
3112 3165 3455 3238 Ῥωμαϊκῶν
3484 3164 3588 3236 149
3627 3161 3721 3234 1L]

459 3303 515 3347 et
559 3293 825 3347 lnsulanis
851 3303 997 3360 gesta
1054 3299 1462 3345 commemoret.
1520 3288 1736 3354 Sextus,
1771 3285 2035 3341 Romano-

460 3399 580 3436 rum
616 3382 846 3436 lberica.
901 3381 1200 3449 Septimus,
1254 3378 1611 3432 Romanorum
1643 3374 2035 3440 Hannibalica;

461 3478 603 3546 quod
630 3492 752 3531 cum
799 3473 1103 3530 Hannibale
1133 3472 1396 3527 Punicum
1447 3470 1642 3524 bellum
1681 3468 1898 3524 referat.
1932 3465 2038 3522 0c-

463 3579 641 3630 tavus,
691 3566 909 3636 Libyca,
945 3565 1150 3620 Punica
1182 3572 1232 3617 et
1267 3561 1575 3616 Numidica.
1611 3560 1814 3626 Nonus,
1843 3557 2040 3612 Roma-

463 3677 652 3716 norum
709 3660 1072 3714 Macedonica.
1115 3657 1382 3721 Decimus,
1440 3654 1803 3709 Romanorum
1851 3651 2038 3706 Graeca

460 3766 508 3809 et
545 3751 754 3808 Ionica.
794 3751 1147 3813 Undecimus,
1183 3748 1546 3802 Romanorum
1572 3746 1797 3816 Syriaco
1823 3755 1869 3799 et
1901 3743 2040 3798 Par-

462 3847 624 3898 thica.
676 3842 1061 3902 Duodecimus,
1121 3839 1490 3893 Romanorum
1545 3836 1939 3891 Mithridatico.
1973 3835 2039 3889 Et

461 3936 728 3993 hactenus
762 3933 982 4003 quidem
1012 3947 1134 4001 quae
1167 3932 1434 3984 adversus
1459 3940 1678 3983 exteras
1700 3938 1888 3998 gentes
1924 3925 2037 3980 Ro-

462 4028 641 4083 manis
668 4026 811 4080 edita
867 4024 1134 4087 facinora,
1187 4023 1438 4092 bellaque
1483 4031 1658 4092 gesta,
1707 4030 2035 4085 narrantur;

462 4121 762 4188 eademque
796 4117 902 4172 hoc
949 4116 1145 4170 ordine
1201 4130 1300 4184 per
1350 4115 1522 4168 libros
1573 4112 1860 4167 distributa
1893 4119 2036 4164 sunt.

462 4211 595 4280 Quae
631 4223 762 4264 vero
792 4209 936 4262 inter
970 4222 1029 4261 se
1066 4206 1300 4262 Romani
1338 4205 1730 4259 tumultuantes
1771 4200 1904 4255 bella
1929 4209 2041 4272 ges-

461 4311 674 4366 serunt,
703 4300 960 4369 deinceps
995 4299 1118 4352 libri
1157 4305 1620 4358 commemorant,
1654 4307 1882 4364 quorum
1917 4293 2040 4345 inde

464 4394 654 4450 titulus
683 4411 698 4448 :
733 4393 988 4447 Civilium
1025 4389 1294 4444 Bellorum
1327 4390 1564 4458 primus,
1611 4386 1896 4447 secundus,
1936 4393 2041 4435 ter-

2143 3269 2424 3337 Κελτική.
2456 3269 2568 3323 Καὶ
2595 3270 2644 3321 oi.
2674 3267 2850 3320 λοιποὶ
2878 3264 3019 3319 κατὰ
3046 3264 3136 3318 τὸν
3163 3263 3326 3316 αὑτὸν
3353 3259 3533 3328 λόγον,
3566 3261 3594 3312 6
3621 3258 3722 3326 μὲν

2141 3363 2393 3432 πέμπτος
2425 3355 2766 3428 Ῥωμαϊκῶν
2783 3355 3068 3423 Σικελικὴ
3093 3353 3193 3407 καὶ
3209 3351 3558 3419 νησιωτικὴ,
3595 3348 3722 3400 ἐπεὶ

2143 3451 2282 3522 πρὸς
2303 3448 2606 3511 Σικελοὺς⁹³
2622 3446 2716 3500 καὶ
2741 3443 3032 3515 νησιώτας·
3057 3445 3086 3495 6
3110 3441 3166 3494 δὲ
3191 3442 3347 3502 ἕκτος
3379 3435 3724 3506 Ῥωμαϊκῶν

2155 3541 2438 3612 Ἰϐηρικήο
2457 3543 2485 3594 ὁ
2511 3540 2568 3593 δὲ
2586 3539 2814 3608 ἕϐδομος
2828 3533 3170 3604 Ῥωμαϊκῶν
3191 3530 3563 3596 Ἀννιϐαϊκὴ,
3590 3527 3718 3579 ἐπεὶ

2143 3637 2234 3691 τὸν
2264 3635 2400 3707 πρὸς
2461 3631 2707 3686 Ἀννίϐαν
2723 3631 2769 3663 ⁸⁸
2798 3629 2890 3683 τὸν
2930 3625 3299 3697 Καρχηδόνιον
3341 3621 3588 3692 περιέχει
3620 3617 3724 3670 πό-

2144 3727 2201 3780 λε
2209 3744 2328 3798 μον,
2349 3727 2378 3778 6
2392 3725 2577 3793 ὄγδοος
2593 3719 2936 3792 Ῥωμαϊκῶν
2953 3716 3179 3785 Λιϐυκὴ
3197 3716 3265 3781 ⁸⁸,
3300 3709 3724 3782 Καρχηδονικὴ

2143 3819 2240 3870 καὶ
2261 3812 2587 3883 Νομαδική·
2611 3815 2640 3866 6
2662 3812 2717 3866 δὲ
2746 3811 2932 3874 ἔνατος
2964 3805 3303 3878 Ῥωμαϊκῶν
3315 3801 3722 3867 Μακεδονική·

2142 3910 2172 3961 6
2207 3907 2266 3960 δὲ
2308 3907 2531 3969 δέκατος
2572 3901 2913 3973 Ῥωμαϊκῶν
2961 3897 3286 3967 Ἑλληνικὴ
3310 3898 3410 3950 καί
3457 3893 3724 3960 Ἰωνική·

2143 4003 2172 4054 6
2195 3999 2252 4052 δὲ
2274 4000 2554 4061 ἑνδέκατος
2581 3993 2925 4064 Ῥωμαϊκῶν
2943 3992 3207 4061 Συριακὴ
3232 3987 3627 4058 καίηαρθική
3654 4004 3667 4016 ·
3699 3987 3731 4038 ό

2145 4093 2201 4146 δὲ
2228 4091 2528 4154 δωδέκατος
2561 4086 2903 4158 Ῥωμαϊκῶν
2928 4083 3359 4153 Μιθριδάτειος.
3387 4080 3498 4133 Καὶ
3521 4077 3592 4131 τὰ
3625 4077 3728 4147 μὲν

2145 4183 2280 4256 πρὸς
2297 4181 2626 4250 ἀλλοφύλους
2649 4177 2942 4250 Ῥωμαίοις
2965 4173 3377 4242 ὲπιδεδειγμένα
3389 4169 3530 4240 ἔργα
3546 4184 3608 4220 τε
3628 4167 3733 4220 καὶ

2144 4279 2193 4330 οἱ
2211 4276 2435 4345 πόλεμοι
2455 4273 2501 4306 ⁸⁸
2525 4274 2584 4324 ὲν
2600 4271 2810 4334 τούτοις
2827 4269 2925 4323 καὶ
2951 4266 3094 4321 οὕτω
3111 4265 3372 4336 τυγχάνει
3400 4265 3514 4326 τοῖς
3541 4261 3732 4329 λόγοις

2146 4367 2384 4422 ἐνταῦθα
2415 4363 2718 4436 διῃρημένα
2737 4379 2753 4396 ο
2779 4363 2878 4415 ὅσα
2898 4361 2956 4414 δὲ
2981 4361 3134 4413 αὐτοὶ
3169 4359 3427 4428 Ῥωμαῖοι
3460 4355 3598 4424 πρὸς
3632 4352 3735 4405 ἁλ-

463 4490 590 4552 tius,
610 4493 665 4539 et
689 4484 884 4539 ordine
919 4481 984 4534 ad
1014 4496 1210 4534 nonum
1269 4450 1441 4547 usque
1469 4450 1690 4540 librum,
1723 4477 1814 4545 qui
1842 4475 1892 4528 in
1921 4473 2030 4527 uni-

2145 4465 2339 4535 λήλους
2365 4463 2694 4516 ἐστασίασαν
2719 4459 2816 4514 καὶ
2835 4459 3183 4528 ἐπολέμησαν
3199 4495 3214 4521 ,
3237 4458 3292 4509 αἱ
3321 4452 3521 4523 ἑφεξῆς
3546 4450 3732 4520 βίϐλοι

459 4591 680 4634 versum
715 4575 923 4644 primus
956 4581 1118 4628 estet
1146 4568 1648 4625 vicesimus.Liber
1682 4577 1860 4622 autem
1897 4567 2030 4619 vice-

2145 4557 2424 4625 δηλοῦσιν,
2442 4553 2755 4626 ἐπιγραφὴν
2775 4552 3073 4623 δεξάμεναι
3104 4548 3415 4620 ἐμφυλίων
3431 4544 3640 4613 πρώτη
3659 4544 3731 4604 θ’.

461 4669 634 4723 simus
683 4667 976 4731 secundus,
1013 4662 1335 4718 inscribitur
1378 4649 1750 4714 Ekatontoetia
1798 4656 1875 4726 (id
1931 4664 2037 4721 est,

465 4775 726 4814 annorum
754 4755 1047 4821 centuria.)
1079 4755 1380 4824 Insequeris
1431 4753 1588 4818 liber,
1623 4751 1846 4805 Dacica.
1875 4747 2038 4802 Vice-

466 4851 641 4905 simus
696 4860 945 4919 qnartus,
977 4848 1232 4901 Arabica.
1280 4846 1605 4913 Atque‘ista
1659 4842 1925 4896 universa:
1959 4839 2042 4893 lti-

464 4943 648 5000 st0ria:
669 4942 888 5012 partitio
909 4949 1012 4995 est.
1041 4940 1309 4994 Bellorum
1339 4948 1520 4992 autem
1541 4934 1780 4990 civilium
1799 4930 1953 4986 libris
1977 4944 2040 4984 ea

461 5036 696 5105 primum
730 5033 1102 5096 continentur,
1149 5045 1266 5100 qua:
1294 5028 1495 5084 Marius
1526 5034 1582 5082 et
1628 5024 1777 5094 Sylla
1818 5022 1960 5075 'nter
1985 5035 2044 5076 se

2145 4649 2457 4718 ἐμφυλίων
2492 4646 2759 4714 δευτέρα,
2785 4647 2881 4698 καὶ
2929 4645 3058 4714 ἑξῆς
3104 4643 3267 4713 μέχρι
3309 4640 3407 4712 τῆς
3442 4635 3737 4709 ἐμφυλίων

2150 4740 2250 4812 μὲν
2283 4741 2477 4810 ἐνάτης
2500 4777 2517 4805 ,
2565 4739 2663 4808 τῆς
2693 4739 2750 4790 δὲ
2779 4737 2907 4806 ὅλης
2938 4736 3179 4807 ἱστορίας
3197 4735 3447 4803 εὶκοστῆς
3472 4730 3733 4802 πρώτης.

2158 4833 2220 4885 '0
2255 4831 2314 4884 δὲ
2361 4829 2606 4892 εἰκοστὸς
2644 4827 2897 4897 δεύτερος
2928 4826 3086 4894 λόγος
3125 4826 3494 4896 ἐπιγράφεται
3551 4824 3736 4878 Ἑκα-

2148 4924 2461 4978 τονταετία
2479 4963 2494 4986 ,
2527 4922 2556 4974 6
2591 4921 2649 4974 δὲ
2687 4920 2887 4989 ἑφεξῆς
2933 4917 3158 4985 Δακικὴ
3183 4957 3198 4981 ,
3224 4916 3446 4970 ικαὶόθκ
3473 4914 3740 4977 εἰκοστὸς

2148 5017 2406 5089 τέταρτος
2453 5012 2719 5082 Ἀράϐιος
2733 5013 2801 5067 ’⁸.

1752 5137 1985 5196 VARUE
2016 5131 2424 5192 LECTIONES.

531 5240 579 5275 ⁸⁸
603 5239 695 5294 τοῦ
721 5238 1027 5312 Ταρκυνίου
1060 5237 1186 5312 add.

462 5308 823 5367 HcesclieliusL
933 5310 980 5341 ⁸⁸
1012 5308 1314 5377 κατέτρεψε
1383 5324 1470 5377 νς.

461 5400 525 5446 ς.
624 5382 667 5414 ⁹¹
695 5381 870 5434 ίώνιον
891 5399 952 5446 ς.

1579 5305 1623 5336 ⁸ο
1663 5302 1757 5355 οὖν
1785 5319 1894 5357 om.
1929 5307 1995 5356 A.

592 5447 648 5484 ’³⁸
677 5430 1018 5524 satiricis.
1095 5430 1352 5519 "imptum;
1382 5443 1505 5514 -β
1534 5430 1615 5498 ΑΞ
1647 5430 1863 5512 πρῶτος
1892 5430 1961 5482 -ξ
1992 5430 2243 5508 δεύτερος
2304 5453 2366 5500 ς.
2443 5436 2491 5468 ⁹⁸
2515 5437 2610 5488 καὶ
2635 5437 2662 5486 6
2693 5434 2736 5488 A
2763 5450 2778 5487 :
2837 5432 2866 5485 6
2893 5430 2951 5485 δὲ
2983 5437 3047 5494 ς’.

1408 5236 1456 5268 ⁸⁸
1492 5233 1900 5305 βεϐασιλευκὼς
1930 5227 1989 5284 εὖ
2046 5229 2534 5305 elucasaubontts‘.

2109 5300 2156 5333 9°
2181 5301 2248 5350 τὰ
2301 5299 2380 5357 είς
2408 5294 2530 5366 τὴν]
2578 5286 2935 5366 ταῦτᾶέστ-ιν
2961 5289 3072 5366 _:
3106 5289 3351 5366 περιέχει
3398 5286 3580 5366 τρὶ-είς
3606 5289 3741 5366 fi}?

2639 5223 2684 5254 ⁸⁷
2713 5223 2885 5292 ζήσας
2908 5262 2923 5292 ,
2965 5220 3104 5292 deest
3151 5232 3416 5292 annorum
3443 5230 3740 5292 _numenu

1363 5356 1606 5436 Att-oi);
1629 5356 1868 5434 κόλπους
1917 5389 2004 5441 ς,
2061 5370 2109 5441 ξ’
2134 5369 2271 5438 πρὸς
2303 5356 2717 5441 τούςᾼὶξιῖιελο-ὺς
2748 5379 2811 5426 ς.
2847 5356 3201 5441 ᾖξ-άνίδατοιν
3460 5357 3507 5387 ’⁸
3531 5356 3738 5430 λυδικὴ

3153 5429 3198 5460 ⁹⁹
3223 5426 3490 5498 ἁρῤάσιος
3541 5443 3609 5491 ς.

1967 5528 2208 5585 NOTAE.

531 5639 608 5710 (2)
640 5636 714 5691 De
751 5652 857 5710 qua
901 5647 957 5690 et
991 5633 1189 5710 Suidas
1233 5627 1641 5710 :"eamdetnque
1692 5626 1758 5678 ad
1789 5624 2028 5710 verbum

460 5695 603 5782 pene
645 5695 976 5782 descriptam
1007 5720 1037 5759 e
1073 5704 1222 5782 Plu_t._
1256 5697 1805 5782 Yitishobserva'r'unt
1860 5695 2027 5747 docti.

531 5781 607 5851 (ὅ)
655 5780 793 5848 Lege
833 5765 1014 5842 Tullo,
1048 5790 1112 5828 ex
1165 5771 1338 5836 Livio,
1397 5767 1615 5836 Dionys.
1673 5765 1944 5820 llalicarn.
1975 5774 2030 5818 et

2138 5619 2288 5814 ἰ
2335 5686 2486 5752 Quod
2538 5701 2691 5742 serva
2741 5693 2900 5739 natus
2954 5689 3121 5736 esset.
3177 5678 3402 5750 Dionys.
3459 5677 3730 5738 “alicam

2161 5777 2172 5814 ι
2219 5797 2232 5812 .
2273 5774 2344 5813 ιν.

2161 5774 2232 5814 ΙΙ).
2273 5774 2344 5813 ιν.
