  <div class='ocr_page' id='page_1' title='image "/cluster/home/n/w/nwhite01/storage/ocr_20150623/103 pt.3/mdp.39015061933738/058.png"; bbox 0 0 3980 6234; ppageno 0'>
   <div class='ocr_carea' id='block_1_1' title="bbox 270 312 368 380">
    <p class='ocr_par' dir='ltr' id='par_1_1' title="bbox 270 312 368 380">
     <span class='ocr_line' id='line_1_1' title="bbox 270 312 368 380; baseline -0.041 0"><span class='ocrx_word' id='word_1_1' title='bbox 270 312 368 380; x_wconf 79' lang='grc'>101</span> 
     </span>
    </p>
   </div>
   <div class='ocr_carea' id='block_1_2' title="bbox 1432 308 2472 375">
    <p class='ocr_par' dir='ltr' id='par_1_2' title="bbox 1432 308 2472 375">
     <span class='ocr_line' id='line_1_2' title="bbox 1432 308 2472 375; baseline -0.007 0"><span class='ocrx_word' id='word_1_2' title='bbox 1432 311 1965 375; x_wconf 84' lang='lat' dir='ltr'>BIBLIOTHECA.</span> <span class='ocrx_word' id='word_1_3' title='bbox 1993 335 2062 348; x_wconf 88' lang='lat'>—</span> <span class='ocrx_word' id='word_1_4' title='bbox 2098 309 2261 371; x_wconf 89' lang='lat' dir='ltr'>COD.</span> <span class='ocrx_word' id='word_1_5' title='bbox 2292 308 2472 371; x_wconf 83' lang='lat' dir='ltr'>LVII.</span> 
     </span>
    </p>
   </div>
   <div class='ocr_carea' id='block_1_3' title="bbox 3447 303 3550 371">
    <p class='ocr_par' dir='ltr' id='par_1_3' title="bbox 3447 303 3550 371">
     <span class='ocr_line' id='line_1_3' title="bbox 3447 303 3550 371; baseline 0.019 -2"><span class='ocrx_word' id='word_1_6' title='bbox 3447 303 3550 371; x_wconf 75' lang='lat'><strong>109.</strong></span> 
     </span>
    </p>
   </div>
   <div class='ocr_carea' id='block_1_4' title="bbox 337 425 1876 504">
    <p class='ocr_par' dir='ltr' id='par_1_4' title="bbox 337 429 1858 504">
     <span class='ocr_line' id='line_1_4' title="bbox 337 429 1858 504; baseline -0.001 -20"><span class='ocrx_word' id='word_1_7' title='bbox 337 429 500 484; x_wconf 77' lang='grc' dir='ltr'>Οὕτω</span> <span class='ocrx_word' id='word_1_8' title='bbox 525 430 630 500; x_wconf 71' lang='grc' dir='ltr'>μὲν</span> <span class='ocrx_word' id='word_1_9' title='bbox 657 430 758 502; x_wconf 82' lang='grc' dir='ltr'>τῆς</span> <span class='ocrx_word' id='word_1_10' title='bbox 780 430 907 502; x_wconf 79' lang='grc' dir='ltr'>ὅλης</span> <span class='ocrx_word' id='word_1_11' title='bbox 934 431 1176 503; x_wconf 79' lang='grc' dir='ltr'>ἱστορίας</span> <span class='ocrx_word' id='word_1_12' title='bbox 1206 432 1240 504; x_wconf 76' lang='grc' dir='ltr'>ἡ</span> <span class='ocrx_word' id='word_1_13' title='bbox 1271 431 1555 502; x_wconf 86' lang='grc' dir='ltr'>διαίρεσις.</span> <span class='ocrx_word' id='word_1_14' title='bbox 1597 430 1858 502; x_wconf 88' lang='grc' dir='ltr'>Ἐμπερι-</span> 
     </span>
    </p>
   </div>
   <div class='ocr_carea' id='block_1_5' title="bbox 1984 425 3552 504">
    <p class='ocr_par' dir='ltr' id='par_1_5' title="bbox 1984 425 3552 500">
     <span class='ocr_line' id='line_1_5' title="bbox 1984 425 3552 500; baseline -0.001 -16"><span class='ocrx_word' id='word_1_15' title='bbox 1984 429 2344 500; x_wconf 70' lang='lat' dir='ltr'><strong>telligerantes</strong></span> <span class='ocrx_word' id='word_1_16' title='bbox 2398 437 2702 498; x_wconf 74' lang='lat' dir='ltr'>patrarunt.</span> <span class='ocrx_word' id='word_1_17' title='bbox 2755 426 2956 483; x_wconf 80' lang='lat' dir='ltr'>Deinde</span> <span class='ocrx_word' id='word_1_18' title='bbox 2996 440 3117 496; x_wconf 69' lang='lat' dir='ltr'><strong>quas</strong></span> <span class='ocrx_word' id='word_1_19' title='bbox 3162 425 3454 498; x_wconf 75' lang='lat' dir='ltr'>Pompeius</span> <span class='ocrx_word' id='word_1_20' title='bbox 3492 437 3552 482; x_wconf 84' lang='lat' dir='ltr'>et</span> 
     </span>
    </p>
   </div>
   <div class='ocr_carea' id='block_1_6' title="bbox 274 521 1866 596">
    <p class='ocr_par' dir='ltr' id='par_1_6' title="bbox 274 521 1866 596">
     <span class='ocr_line' id='line_1_6' title="bbox 274 521 1866 596; baseline -0.002 -19"><span class='ocrx_word' id='word_1_21' title='bbox 274 523 460 594; x_wconf 81' lang='grc' dir='ltr'>ἑχεται</span> <span class='ocrx_word' id='word_1_22' title='bbox 493 521 516 596; x_wconf 88' lang='grc'>[</span> <span class='ocrx_word' id='word_1_23' title='bbox 539 524 614 579; x_wconf 76' lang='lat'>23</span> <span class='ocrx_word' id='word_1_24' title='bbox 647 523 686 577; x_wconf 81' lang='lat' dir='ltr'>ll</span> <span class='ocrx_word' id='word_1_25' title='bbox 710 523 803 596; x_wconf 87' lang='grc' dir='ltr'>]δὲ</span> <span class='ocrx_word' id='word_1_26' title='bbox 825 527 938 588; x_wconf 88' lang='grc' dir='ltr'>τοῖς</span> <span class='ocrx_word' id='word_1_27' title='bbox 966 525 1251 595; x_wconf 79' lang='grc' dir='ltr'>ἐμφυλίοις</span> <span class='ocrx_word' id='word_1_28' title='bbox 1273 525 1490 596; x_wconf 84' lang='grc' dir='ltr'>πρῶτον</span> <span class='ocrx_word' id='word_1_29' title='bbox 1517 525 1617 596; x_wconf 82' lang='grc' dir='ltr'>μὲν</span> <span class='ocrx_word' id='word_1_30' title='bbox 1642 524 1712 578; x_wconf 84' lang='grc' dir='ltr'>τὰ</span> <span class='ocrx_word' id='word_1_31' title='bbox 1736 524 1866 593; x_wconf 77' lang='grc' dir='ltr'>περὶ</span> 
     </span>
    </p>
   </div>
   <div class='ocr_carea' id='block_1_7' title="bbox 272 615 1870 688">
    <p class='ocr_par' dir='ltr' id='par_1_7' title="bbox 272 615 1870 688">
     <span class='ocr_line' id='line_1_7' title="bbox 272 615 1870 688; baseline -0.003 -16"><span class='ocrx_word' id='word_1_32' title='bbox 272 617 490 688; x_wconf 82' lang='grc' dir='ltr'>Μάριον</span> <span class='ocrx_word' id='word_1_33' title='bbox 513 617 618 669; x_wconf 78' lang='grc' dir='ltr'>καὶ</span> <span class='ocrx_word' id='word_1_34' title='bbox 645 616 857 671; x_wconf 81' lang='grc' dir='ltr'>Σύλλαν</span> <span class='ocrx_word' id='word_1_35' title='bbox 882 616 1140 687; x_wconf 82' lang='grc' dir='ltr'>ἀλλήλοιν</span> <span class='ocrx_word' id='word_1_36' title='bbox 1181 616 1681 687; x_wconf 73' lang='grc' dir='ltr'>ἐκπολεμησάντοιν</span> <span class='ocrx_word' id='word_1_37' title='bbox 1705 655 1722 682; x_wconf 81' lang='grc'>,</span> <span class='ocrx_word' id='word_1_38' title='bbox 1767 615 1870 668; x_wconf 79' lang='grc' dir='ltr'>ἑπ-</span> 
     </span>
    </p>
   </div>
   <div class='ocr_carea' id='block_1_8' title="bbox 277 705 1867 777">
    <p class='ocr_par' dir='ltr' id='par_1_8' title="bbox 277 705 1867 777">
     <span class='ocr_line' id='line_1_8' title="bbox 277 705 1867 777; baseline -0.003 -17"><span class='ocrx_word' id='word_1_39' title='bbox 277 725 397 761; x_wconf 90' lang='grc' dir='ltr'>ειτα</span> <span class='ocrx_word' id='word_1_40' title='bbox 425 706 549 776; x_wconf 59' lang='grc' dir='ltr'>τά,¹</span> <span class='ocrx_word' id='word_1_41' title='bbox 589 709 722 777; x_wconf 79' lang='grc' dir='ltr'>περὶ</span> <span class='ocrx_word' id='word_1_42' title='bbox 746 708 1033 777; x_wconf 78' lang='grc' dir='ltr'>Πομπήϊον</span> <span class='ocrx_word' id='word_1_43' title='bbox 1064 707 1160 760; x_wconf 77' lang='grc' dir='ltr'>καὶ</span> <span class='ocrx_word' id='word_1_44' title='bbox 1201 707 1417 760; x_wconf 80' lang='grc' dir='ltr'>Ἰούλιον</span> <span class='ocrx_word' id='word_1_45' title='bbox 1437 705 1530 759; x_wconf 80' lang='grc' dir='ltr'>τὸν</span> <span class='ocrx_word' id='word_1_46' title='bbox 1579 705 1867 774; x_wconf 86' lang='grc' dir='ltr'>Καίσαρα,</span> 
     </span>
    </p>
   </div>
   <div class='ocr_carea' id='block_1_9' title="bbox 277 798 1870 869">
    <p class='ocr_par' dir='ltr' id='par_1_9' title="bbox 277 798 1870 869">
     <span class='ocr_line' id='line_1_9' title="bbox 277 798 1870 869; baseline -0.002 -17"><span class='ocrx_word' id='word_1_47' title='bbox 277 799 374 852; x_wconf 78' lang='grc' dir='ltr'>καὶ</span> <span class='ocrx_word' id='word_1_48' title='bbox 404 798 626 852; x_wconf 85' lang='grc' dir='ltr'>τούτοιν</span> <span class='ocrx_word' id='word_1_49' title='bbox 646 801 706 859; x_wconf 80' lang='grc' dir='ltr'>ἐς</span> <span class='ocrx_word' id='word_1_50' title='bbox 733 799 994 869; x_wconf 84' lang='grc' dir='ltr'>ἀλλήλους</span> <span class='ocrx_word' id='word_1_51' title='bbox 1027 800 1444 853; x_wconf 80' lang='grc' dir='ltr'>στασιασάντοιν</span> <span class='ocrx_word' id='word_1_52' title='bbox 1472 799 1566 852; x_wconf 73' lang='grc' dir='ltr'>καὶ</span> <span class='ocrx_word' id='word_1_53' title='bbox 1599 798 1870 868; x_wconf 82' lang='grc' dir='ltr'>μεγάλαις</span> 
     </span>
    </p>
   </div>
   <div class='ocr_carea' id='block_1_10' title="bbox 281 884 1874 957">
    <p class='ocr_par' dir='ltr' id='par_1_10' title="bbox 281 884 1874 957">
     <span class='ocr_line' id='line_1_10' title="bbox 281 884 1874 957; baseline -0.003 -17"><span class='ocrx_word' id='word_1_54' title='bbox 281 887 488 957; x_wconf 81' lang='grc' dir='ltr'>μάχαις</span> <span class='ocrx_word' id='word_1_55' title='bbox 525 888 922 957; x_wconf 84' lang='grc' dir='ltr'>προραγέντοιν</span> <span class='ocrx_word' id='word_1_56' title='bbox 946 927 962 953; x_wconf 89' lang='grc'>,</span> <span class='ocrx_word' id='word_1_57' title='bbox 986 888 1075 940; x_wconf 84' lang='grc' dir='ltr'>ὅτε</span> <span class='ocrx_word' id='word_1_58' title='bbox 1115 887 1209 939; x_wconf 69' lang='grc' dir='ltr'>καὶ⁹</span> <span class='ocrx_word' id='word_1_59' title='bbox 1240 889 1272 956; x_wconf 81' lang='grc' dir='ltr'>ἡ</span> <span class='ocrx_word' id='word_1_60' title='bbox 1299 886 1440 957; x_wconf 84' lang='grc' dir='ltr'>τύχη</span> <span class='ocrx_word' id='word_1_61' title='bbox 1467 886 1632 939; x_wconf 81' lang='grc' dir='ltr'>πλέον</span> <span class='ocrx_word' id='word_1_62' title='bbox 1668 884 1874 952; x_wconf 83' lang='grc' dir='ltr'>Ἰουλίῳ</span> 
     </span>
    </p>
   </div>
   <div class='ocr_carea' id='block_1_11' title="bbox 283 973 1872 1046">
    <p class='ocr_par' dir='ltr' id='par_1_11' title="bbox 283 973 1872 1046">
     <span class='ocr_line' id='line_1_11' title="bbox 283 973 1872 1046; baseline -0.001 -20"><span class='ocrx_word' id='word_1_63' title='bbox 283 975 460 1044; x_wconf 78' lang='grc' dir='ltr'>ῥοπὴν</span> <span class='ocrx_word' id='word_1_64' title='bbox 507 973 871 1046; x_wconf 76' lang='grc' dir='ltr'>παρασχοῦσα</span> <span class='ocrx_word' id='word_1_65' title='bbox 901 977 958 1039; x_wconf 80' lang='grc' dir='ltr'>ἐς</span> <span class='ocrx_word' id='word_1_66' title='bbox 1010 975 1157 1028; x_wconf 85' lang='grc' dir='ltr'>νῶτα</span> <span class='ocrx_word' id='word_1_67' title='bbox 1207 976 1302 1029; x_wconf 77' lang='grc' dir='ltr'>καὶ</span> <span class='ocrx_word' id='word_1_68' title='bbox 1348 975 1528 1046; x_wconf 81' lang='grc' dir='ltr'>φυγὴν</span> <span class='ocrx_word' id='word_1_69' title='bbox 1582 975 1872 1044; x_wconf 82' lang='grc' dir='ltr'>Πομπήϊον</span> 
     </span>
    </p>
   </div>
   <div class='ocr_carea' id='block_1_12' title="bbox 280 1061 1873 1134">
    <p class='ocr_par' dir='ltr' id='par_1_12' title="bbox 280 1061 1873 1134">
     <span class='ocr_line' id='line_1_12' title="bbox 280 1061 1873 1134; baseline -0.001 -19"><span class='ocrx_word' id='word_1_70' title='bbox 280 1061 546 1132; x_wconf 71' lang='grc' dir='ltr'>ἔτρεψεν·</span> <span class='ocrx_word' id='word_1_71' title='bbox 574 1061 772 1132; x_wconf 77' lang='grc' dir='ltr'>ἐφεξῆς</span> <span class='ocrx_word' id='word_1_72' title='bbox 794 1063 850 1116; x_wconf 85' lang='grc' dir='ltr'>δὲ</span> <span class='ocrx_word' id='word_1_73' title='bbox 869 1063 937 1116; x_wconf 82' lang='grc' dir='ltr'>τά</span> <span class='ocrx_word' id='word_1_74' title='bbox 964 1063 1093 1134; x_wconf 79' lang='grc' dir='ltr'>περὶ</span> <span class='ocrx_word' id='word_1_75' title='bbox 1131 1062 1442 1117; x_wconf 82' lang='grc' dir='ltr'>Ἀντώνιον¹</span> <span class='ocrx_word' id='word_1_76' title='bbox 1463 1064 1558 1116; x_wconf 73' lang='grc' dir='ltr'>καὶ</span> <span class='ocrx_word' id='word_1_77' title='bbox 1588 1062 1873 1115; x_wconf 85' lang='grc' dir='ltr'>Ὀκτάυῖον</span> 
     </span>
    </p>
   </div>
   <div class='ocr_carea' id='block_1_13' title="bbox 280 1149 1872 1222">
    <p class='ocr_par' dir='ltr' id='par_1_13' title="bbox 280 1149 1872 1222">
     <span class='ocr_line' id='line_1_13' title="bbox 280 1149 1872 1222; baseline -0.002 -18"><span class='ocrx_word' id='word_1_78' title='bbox 280 1150 547 1220; x_wconf 69' lang='grc' dir='ltr'>Καίσαρα</span> <span class='ocrx_word' id='word_1_79' title='bbox 577 1191 592 1216; x_wconf 91' lang='grc'>,</span> <span class='ocrx_word' id='word_1_80' title='bbox 622 1150 715 1202; x_wconf 81' lang='grc' dir='ltr'>τὸν</span> <span class='ocrx_word' id='word_1_81' title='bbox 764 1151 862 1204; x_wconf 71' lang='grc' dir='ltr'>καὶ</span> <span class='ocrx_word' id='word_1_82' title='bbox 893 1149 1207 1218; x_wconf 76' lang='grc' dir='ltr'>Αὔγουστον</span> <span class='ocrx_word' id='word_1_83' title='bbox 1233 1193 1248 1218; x_wconf 94' lang='grc'>,</span> <span class='ocrx_word' id='word_1_84' title='bbox 1285 1152 1421 1222; x_wconf 86' lang='grc' dir='ltr'>πρὸς</span> <span class='ocrx_word' id='word_1_85' title='bbox 1445 1152 1572 1215; x_wconf 81' lang='grc' dir='ltr'>τοὺς</span> <span class='ocrx_word' id='word_1_86' title='bbox 1609 1149 1872 1220; x_wconf 81' lang='grc' dir='ltr'>ἀνδροφό-</span> 
     </span>
    </p>
   </div>
   <div class='ocr_carea' id='block_1_14' title="bbox 278 1235 1876 1309">
    <p class='ocr_par' dir='ltr' id='par_1_14' title="bbox 278 1235 1876 1309">
     <span class='ocr_line' id='line_1_14' title="bbox 278 1235 1876 1309; baseline -0.001 -19"><span class='ocrx_word' id='word_1_87' title='bbox 278 1254 408 1300; x_wconf 68' lang='lat' dir='ltr'><strong>you;</strong></span> <span class='ocrx_word' id='word_1_88' title='bbox 456 1235 554 1290; x_wconf 90' lang='grc' dir='ltr'>τοῦ</span> <span class='ocrx_word' id='word_1_89' title='bbox 597 1240 865 1308; x_wconf 81' lang='grc' dir='ltr'>προτέρου</span> <span class='ocrx_word' id='word_1_90' title='bbox 911 1238 1226 1309; x_wconf 83' lang='grc' dir='ltr'>Καίσαρος,</span> <span class='ocrx_word' id='word_1_91' title='bbox 1277 1238 1400 1291; x_wconf 87' lang='grc' dir='ltr'>καθ’</span> <span class='ocrx_word' id='word_1_92' title='bbox 1449 1238 1507 1292; x_wconf 83' lang='grc' dir='ltr'>ὃν</span> <span class='ocrx_word' id='word_1_93' title='bbox 1552 1237 1744 1308; x_wconf 85' lang='grc' dir='ltr'>καιρὸν</span> <span class='ocrx_word' id='word_1_94' title='bbox 1779 1237 1876 1291; x_wconf 74' lang='grc' dir='ltr'>καὶ</span> 
     </span>
    </p>
   </div>
   <div class='ocr_carea' id='block_1_15' title="bbox 281 1327 1876 1399">
    <p class='ocr_par' dir='ltr' id='par_1_15' title="bbox 281 1327 1876 1399">
     <span class='ocr_line' id='line_1_15' title="bbox 281 1327 1876 1399; baseline -0.001 -18"><span class='ocrx_word' id='word_1_95' title='bbox 281 1327 474 1381; x_wconf 79' lang='grc' dir='ltr'>πολλοὶ</span> <span class='ocrx_word' id='word_1_96' title='bbox 501 1327 612 1379; x_wconf 82' lang='grc' dir='ltr'>τῶν</span> <span class='ocrx_word' id='word_1_97' title='bbox 644 1329 934 1397; x_wconf 84' lang='grc' dir='ltr'>ἐπισήμων</span> <span class='ocrx_word' id='word_1_98' title='bbox 964 1328 1251 1398; x_wconf 89' lang='grc' dir='ltr'>Ῥωμαίων</span> <span class='ocrx_word' id='word_1_99' title='bbox 1275 1329 1430 1399; x_wconf 84' lang='grc' dir='ltr'>δίκης</span> <span class='ocrx_word' id='word_1_100' title='bbox 1458 1329 1675 1399; x_wconf 86' lang='grc' dir='ltr'>ἁπάσης</span> <span class='ocrx_word' id='word_1_101' title='bbox 1704 1327 1876 1399; x_wconf 69' lang='grc' dir='ltr'>χωρὶς</span> 
     </span>
    </p>
   </div>
   <div class='ocr_carea' id='block_1_16' title="bbox 278 1417 1870 1491">
    <p class='ocr_par' dir='ltr' id='par_1_16' title="bbox 278 1417 1870 1491">
     <span class='ocr_line' id='line_1_16' title="bbox 278 1417 1870 1491; baseline -0.003 -17"><span class='ocrx_word' id='word_1_102' title='bbox 278 1420 378 1491; x_wconf 79' lang='grc' dir='ltr'>τὴν</span> <span class='ocrx_word' id='word_1_103' title='bbox 414 1421 510 1472; x_wconf 73' lang='grc' dir='ltr'>ἐπὶ</span> <span class='ocrx_word' id='word_1_104' title='bbox 549 1417 764 1490; x_wconf 81' lang='grc' dir='ltr'>Θανάτῳ</span> <span class='ocrx_word' id='word_1_105' title='bbox 797 1419 1121 1491; x_wconf 81' lang='grc' dir='ltr'>ἀπήχθησαν</span> <span class='ocrx_word' id='word_1_106' title='bbox 1145 1437 1159 1450; x_wconf 91' lang='grc'><strong>·</strong></span> <span class='ocrx_word' id='word_1_107' title='bbox 1192 1421 1504 1473; x_wconf 87' lang='grc' dir='ltr'>τελευταῖον</span> <span class='ocrx_word' id='word_1_108' title='bbox 1529 1421 1587 1473; x_wconf 84' lang='grc' dir='ltr'>δὲ</span> <span class='ocrx_word' id='word_1_109' title='bbox 1613 1421 1649 1474; x_wconf 75' lang='grc' dir='ltr'>ἃ.</span> <span class='ocrx_word' id='word_1_110' title='bbox 1674 1421 1732 1483; x_wconf 78' lang='grc' dir='ltr'>ἐς</span> <span class='ocrx_word' id='word_1_111' title='bbox 1771 1419 1870 1472; x_wconf 82' lang='grc' dir='ltr'>άλ-</span> 
     </span>
    </p>
   </div>
   <div class='ocr_carea' id='block_1_17' title="bbox 281 1512 1874 1585">
    <p class='ocr_par' dir='ltr' id='par_1_17' title="bbox 281 1512 1874 1585">
     <span class='ocr_line' id='line_1_17' title="bbox 281 1512 1874 1585; baseline -0.001 -19"><span class='ocrx_word' id='word_1_112' title='bbox 281 1514 483 1585; x_wconf 72' lang='grc' dir='ltr'>λὴλους</span> <span class='ocrx_word' id='word_1_113' title='bbox 508 1513 804 1568; x_wconf 80' lang='grc' dir='ltr'>συνέπεσεν</span> <span class='ocrx_word' id='word_1_114' title='bbox 819 1514 862 1580; x_wconf 88' lang='grc'>³,</span> <span class='ocrx_word' id='word_1_115' title='bbox 907 1512 1195 1566; x_wconf 82' lang='grc' dir='ltr'>Ἀντώνιόν</span> <span class='ocrx_word' id='word_1_116' title='bbox 1220 1530 1363 1583; x_wconf 82' lang='grc' dir='ltr'>φημι</span> <span class='ocrx_word' id='word_1_117' title='bbox 1382 1513 1404 1545; x_wconf 72' lang='grc'>⁸</span> <span class='ocrx_word' id='word_1_118' title='bbox 1426 1515 1517 1567; x_wconf 74' lang='grc' dir='ltr'>καὶ</span> <span class='ocrx_word' id='word_1_119' title='bbox 1540 1513 1874 1582; x_wconf 83' lang='grc' dir='ltr'>Αῦγουστον,</span> 
     </span>
    </p>
   </div>
   <div class='ocr_carea' id='block_1_18' title="bbox 283 1605 1878 1678">
    <p class='ocr_par' dir='ltr' id='par_1_18' title="bbox 283 1605 1878 1678">
     <span class='ocr_line' id='line_1_18' title="bbox 283 1605 1878 1678; baseline -0.002 -17"><span class='ocrx_word' id='word_1_120' title='bbox 283 1607 334 1661; x_wconf 81' lang='grc' dir='ltr'>οἲ</span> <span class='ocrx_word' id='word_1_121' title='bbox 367 1608 630 1674; x_wconf 80' lang='grc' dir='ltr'>πολέμοις</span> <span class='ocrx_word' id='word_1_122' title='bbox 659 1608 950 1678; x_wconf 83' lang='grc' dir='ltr'>κρατεροῖς</span> <span class='ocrx_word' id='word_1_123' title='bbox 995 1606 1260 1677; x_wconf 81' lang='grc' dir='ltr'>ἀλλήλους</span> <span class='ocrx_word' id='word_1_124' title='bbox 1300 1605 1706 1677; x_wconf 80' lang='grc' dir='ltr'>διεπολέμησαν</span> <span class='ocrx_word' id='word_1_125' title='bbox 1728 1645 1745 1672; x_wconf 87' lang='grc'>,</span> <span class='ocrx_word' id='word_1_126' title='bbox 1778 1605 1878 1660; x_wconf 54' lang='grc' dir='ltr'>καί⁵</span> 
     </span>
    </p>
   </div>
   <div class='ocr_carea' id='block_1_19' title="bbox 285 1698 1878 1770">
    <p class='ocr_par' dir='ltr' id='par_1_19' title="bbox 285 1698 1878 1770">
     <span class='ocr_line' id='line_1_19' title="bbox 285 1698 1878 1770; baseline 0 -19"><span class='ocrx_word' id='word_1_127' title='bbox 285 1698 507 1752; x_wconf 83' lang='grc' dir='ltr'>πολλῶν</span> <span class='ocrx_word' id='word_1_128' title='bbox 539 1699 920 1770; x_wconf 81' lang='grc' dir='ltr'>στρατοπέδων</span> <span class='ocrx_word' id='word_1_129' title='bbox 956 1699 1162 1769; x_wconf 83' lang='grc' dir='ltr'>φθορὰν</span> <span class='ocrx_word' id='word_1_130' title='bbox 1208 1698 1640 1769; x_wconf 83' lang='grc' dir='ltr'>ἀνειργάσαντο,</span> <span class='ocrx_word' id='word_1_131' title='bbox 1690 1699 1740 1750; x_wconf 90' lang='grc' dir='ltr'>εί</span> <span class='ocrx_word' id='word_1_132' title='bbox 1781 1698 1878 1751; x_wconf 71' lang='grc' dir='ltr'>καὶ</span> 
     </span>
    </p>
   </div>
   <div class='ocr_carea' id='block_1_20' title="bbox 1968 515 3544 590">
    <p class='ocr_par' dir='ltr' id='par_1_20' title="bbox 1968 515 3544 590">
     <span class='ocr_line' id='line_1_20' title="bbox 1968 515 3544 590; baseline -0.004 -13"><span class='ocrx_word' id='word_1_133' title='bbox 1968 520 2144 577; x_wconf 75' lang='lat' dir='ltr'><strong>Julius</strong></span> <span class='ocrx_word' id='word_1_134' title='bbox 2176 521 2359 576; x_wconf 59' lang='lat' dir='ltr'><strong>Caesar</strong></span> <span class='ocrx_word' id='word_1_135' title='bbox 2389 530 2692 590; x_wconf 83' lang='lat' dir='ltr'><strong>gesserunt,</strong></span> <span class='ocrx_word' id='word_1_136' title='bbox 2727 531 3012 590; x_wconf 77' lang='lat' dir='ltr'>postquam</span> <span class='ocrx_word' id='word_1_137' title='bbox 3046 519 3211 572; x_wconf 88' lang='lat' dir='ltr'><strong>etiam</strong></span> <span class='ocrx_word' id='word_1_138' title='bbox 3247 518 3298 572; x_wconf 92' lang='lat' dir='ltr'>hi</span> <span class='ocrx_word' id='word_1_139' title='bbox 3345 515 3544 571; x_wconf 86' lang='lat' dir='ltr'><strong>factio-</strong></span> 
     </span>
    </p>
   </div>
   <div class='ocr_carea' id='block_1_21' title="bbox 1971 608 3544 682">
    <p class='ocr_par' dir='ltr' id='par_1_21' title="bbox 1971 608 3544 682">
     <span class='ocr_line' id='line_1_21' title="bbox 1971 608 3544 682; baseline -0.004 -13"><span class='ocrx_word' id='word_1_140' title='bbox 1971 614 2132 669; x_wconf 86' lang='lat' dir='ltr'><strong>nibus</strong></span> <span class='ocrx_word' id='word_1_141' title='bbox 2179 613 2318 669; x_wconf 89' lang='lat' dir='ltr'><strong>inter</strong></span> <span class='ocrx_word' id='word_1_142' title='bbox 2352 627 2412 666; x_wconf 91' lang='lat' dir='ltr'>se</span> <span class='ocrx_word' id='word_1_143' title='bbox 2450 613 2798 679; x_wconf 75' lang='lat' dir='ltr'>contendere,</span> <span class='ocrx_word' id='word_1_144' title='bbox 2850 611 3161 682; x_wconf 81' lang='lat' dir='ltr'><strong>praeliisque</strong></span> <span class='ocrx_word' id='word_1_145' title='bbox 3226 608 3544 678; x_wconf 75' lang='lat' dir='ltr'>ingentibus</span> 
     </span>
    </p>
   </div>
   <div class='ocr_carea' id='block_1_22' title="bbox 1971 698 3552 773">
    <p class='ocr_par' dir='ltr' id='par_1_22' title="bbox 1971 698 3552 773">
     <span class='ocr_line' id='line_1_22' title="bbox 1971 698 3552 773; baseline -0.006 -14"><span class='ocrx_word' id='word_1_146' title='bbox 1971 703 2262 773; x_wconf 84' lang='lat' dir='ltr'><strong>confligere</strong></span> <span class='ocrx_word' id='word_1_147' title='bbox 2297 712 2616 772; x_wconf 64' lang='lat' dir='ltr'><strong>coeperunt;</strong></span> <span class='ocrx_word' id='word_1_148' title='bbox 2665 704 2882 773; x_wconf 84' lang='lat' dir='ltr'><strong>quando</strong></span> <span class='ocrx_word' id='word_1_149' title='bbox 2931 712 2986 757; x_wconf 91' lang='lat' dir='ltr'>et</span> <span class='ocrx_word' id='word_1_150' title='bbox 3035 703 3251 756; x_wconf 88' lang='lat' dir='ltr'><strong>fortuna</strong></span> <span class='ocrx_word' id='word_1_151' title='bbox 3291 698 3436 754; x_wconf 80' lang='lat' dir='ltr'><strong>Julio</strong></span> <span class='ocrx_word' id='word_1_152' title='bbox 3469 701 3552 752; x_wconf 90' lang='lat' dir='ltr'><strong>fa-</strong></span> 
     </span>
    </p>
   </div>
   <div class='ocr_carea' id='block_1_23' title="bbox 1971 789 3554 864">
    <p class='ocr_par' dir='ltr' id='par_1_23' title="bbox 1971 789 3554 864">
     <span class='ocr_line' id='line_1_23' title="bbox 1971 789 3554 864; baseline -0.002 -16"><span class='ocrx_word' id='word_1_153' title='bbox 1971 809 2127 859; x_wconf 90' lang='lat' dir='ltr'><strong>vens,</strong></span> <span class='ocrx_word' id='word_1_154' title='bbox 2162 803 2312 863; x_wconf 86' lang='lat' dir='ltr'><strong>terga</strong></span> <span class='ocrx_word' id='word_1_155' title='bbox 2343 796 2471 848; x_wconf 86' lang='lat' dir='ltr'><strong>dare</strong></span> <span class='ocrx_word' id='word_1_156' title='bbox 2498 809 2562 848; x_wconf 89' lang='lat' dir='ltr'>ac</span> <span class='ocrx_word' id='word_1_157' title='bbox 2591 793 2778 864; x_wconf 85' lang='lat' dir='ltr'><strong>fugere</strong></span> <span class='ocrx_word' id='word_1_158' title='bbox 2825 793 3140 862; x_wconf 91' lang='lat' dir='ltr'><strong>Pompeium</strong></span> <span class='ocrx_word' id='word_1_159' title='bbox 3181 791 3386 860; x_wconf 91' lang='lat' dir='ltr'><strong>adegit.</strong></span> <span class='ocrx_word' id='word_1_160' title='bbox 3425 789 3554 845; x_wconf 91' lang='lat' dir='ltr'><strong>Post</strong></span> 
     </span>
    </p>
   </div>
   <div class='ocr_carea' id='block_1_24' title="bbox 1971 882 3553 954">
    <p class='ocr_par' dir='ltr' id='par_1_24' title="bbox 1971 882 3553 954">
     <span class='ocr_line' id='line_1_24' title="bbox 1971 882 3553 954; baseline -0.004 -14"><span class='ocrx_word' id='word_1_161' title='bbox 1971 887 2040 940; x_wconf 87' lang='lat' dir='ltr'>ah</span> <span class='ocrx_word' id='word_1_162' title='bbox 2072 885 2310 940; x_wconf 86' lang='lat' dir='ltr'><strong>Antonio</strong></span> <span class='ocrx_word' id='word_1_163' title='bbox 2366 895 2420 939; x_wconf 92' lang='lat' dir='ltr'>et</span> <span class='ocrx_word' id='word_1_164' title='bbox 2484 882 2708 940; x_wconf 77' lang='lat' dir='ltr'><strong>Octavio</strong></span> <span class='ocrx_word' id='word_1_165' title='bbox 2740 883 2975 951; x_wconf 78' lang='lat' dir='ltr'><strong>Caesare,</strong></span> <span class='ocrx_word' id='word_1_166' title='bbox 3016 885 3108 954; x_wconf 91' lang='lat' dir='ltr'>qui</span> <span class='ocrx_word' id='word_1_167' title='bbox 3169 891 3224 938; x_wconf 88' lang='lat' dir='ltr'>et</span> <span class='ocrx_word' id='word_1_168' title='bbox 3279 885 3553 952; x_wconf 85' lang='lat' dir='ltr'><strong>Augustus</strong></span> 
     </span>
    </p>
   </div>
   <div class='ocr_carea' id='block_1_25' title="bbox 1975 974 3553 1047">
    <p class='ocr_par' dir='ltr' id='par_1_25' title="bbox 1975 974 3553 1047">
     <span class='ocr_line' id='line_1_25' title="bbox 1975 974 3553 1047; baseline -0.003 -17"><span class='ocrx_word' id='word_1_169' title='bbox 1975 976 2173 1041; x_wconf 88' lang='lat' dir='ltr'><strong>dictus,</strong></span> <span class='ocrx_word' id='word_1_170' title='bbox 2207 985 2358 1047; x_wconf 87' lang='lat' dir='ltr'><strong>gesta</strong></span> <span class='ocrx_word' id='word_1_171' title='bbox 2393 992 2515 1031; x_wconf 93' lang='lat' dir='ltr'>cum</span> <span class='ocrx_word' id='word_1_172' title='bbox 2543 977 2776 1030; x_wconf 83' lang='lat' dir='ltr'><strong>Caesaris</strong></span> <span class='ocrx_word' id='word_1_173' title='bbox 2805 974 2931 1031; x_wconf 82' lang='lat' dir='ltr'><strong>Julii</strong></span> <span class='ocrx_word' id='word_1_174' title='bbox 2968 975 3416 1045; x_wconf 84' lang='lat' dir='ltr'><strong>percussoribus,</strong></span> <span class='ocrx_word' id='word_1_175' title='bbox 3448 988 3553 1041; x_wconf 90' lang='lat' dir='ltr'>qua</span> 
     </span>
    </p>
   </div>
   <div class='ocr_carea' id='block_1_26' title="bbox 1975 1062 3552 1135">
    <p class='ocr_par' dir='ltr' id='par_1_26' title="bbox 1975 1062 3552 1135">
     <span class='ocr_line' id='line_1_26' title="bbox 1975 1062 3552 1135; baseline -0.003 -16"><span class='ocrx_word' id='word_1_176' title='bbox 1975 1065 2141 1119; x_wconf 89' lang='lat' dir='ltr'><strong>etiam</strong></span> <span class='ocrx_word' id='word_1_177' title='bbox 2183 1075 2508 1135; x_wconf 90' lang='lat' dir='ltr'><strong>tempestate</strong></span> <span class='ocrx_word' id='word_1_178' title='bbox 2569 1066 2812 1135; x_wconf 84' lang='lat' dir='ltr'><strong>plerique</strong></span> <span class='ocrx_word' id='word_1_179' title='bbox 2866 1063 3232 1120; x_wconf 78' lang='lat' dir='ltr'><strong>Romanorum</strong></span> <span class='ocrx_word' id='word_1_180' title='bbox 3290 1062 3552 1124; x_wconf 84' lang='lat' dir='ltr'><strong>illustres,</strong></span> 
     </span>
    </p>
   </div>
   <div class='ocr_carea' id='block_1_27' title="bbox 1977 1154 3556 1225">
    <p class='ocr_par' dir='ltr' id='par_1_27' title="bbox 1977 1154 3556 1225">
     <span class='ocr_line' id='line_1_27' title="bbox 1977 1154 3556 1225; baseline -0.003 -17"><span class='ocrx_word' id='word_1_181' title='bbox 1977 1154 2175 1209; x_wconf 87' lang='lat' dir='ltr'><strong>indicta</strong></span> <span class='ocrx_word' id='word_1_182' title='bbox 2207 1169 2391 1220; x_wconf 90' lang='lat' dir='ltr'><strong>causa,</strong></span> <span class='ocrx_word' id='word_1_183' title='bbox 2444 1158 2510 1210; x_wconf 88' lang='lat' dir='ltr'>ad</span> <span class='ocrx_word' id='word_1_184' title='bbox 2553 1166 2782 1208; x_wconf 89' lang='lat' dir='ltr'><strong>mortem</strong></span> <span class='ocrx_word' id='word_1_185' title='bbox 2817 1155 3195 1225; x_wconf 82' lang='lat' dir='ltr'><strong>raptabantur.</strong></span> <span class='ocrx_word' id='word_1_186' title='bbox 3231 1154 3474 1222; x_wconf 87' lang='lat' dir='ltr'><strong>Denique</strong></span> <span class='ocrx_word' id='word_1_187' title='bbox 3502 1162 3556 1204; x_wconf 87' lang='lat' dir='ltr'>et</span> 
     </span>
    </p>
   </div>
   <div class='ocr_carea' id='block_1_28' title="bbox 1976 1247 3558 1316">
    <p class='ocr_par' dir='ltr' id='par_1_28' title="bbox 1976 1247 3558 1316">
     <span class='ocr_line' id='line_1_28' title="bbox 1976 1247 3558 1316; baseline -0.001 -16"><span class='ocrx_word' id='word_1_188' title='bbox 1976 1261 2097 1316; x_wconf 64' lang='lat' dir='ltr'><strong>quae</strong></span> <span class='ocrx_word' id='word_1_189' title='bbox 2136 1248 2275 1302; x_wconf 90' lang='lat' dir='ltr'><strong>inter</strong></span> <span class='ocrx_word' id='word_1_190' title='bbox 2301 1249 2448 1316; x_wconf 90' lang='lat' dir='ltr'><strong>ipsos</strong></span> <span class='ocrx_word' id='word_1_191' title='bbox 2491 1250 2830 1314; x_wconf 88' lang='lat' dir='ltr'><strong>acciderunt,</strong></span> <span class='ocrx_word' id='word_1_192' title='bbox 2867 1247 3185 1310; x_wconf 85' lang='lat' dir='ltr'><strong>Antonium,</strong></span> <span class='ocrx_word' id='word_1_193' title='bbox 3233 1247 3450 1316; x_wconf 86' lang='lat' dir='ltr'><strong>inquam</strong></span> <span class='ocrx_word' id='word_1_194' title='bbox 3501 1255 3558 1298; x_wconf 79' lang='lat' dir='ltr'>et</span> 
     </span>
    </p>
   </div>
   <div class='ocr_carea' id='block_1_29' title="bbox 1976 1335 3536 1407">
    <p class='ocr_par' dir='ltr' id='par_1_29' title="bbox 1976 1335 3536 1407">
     <span class='ocr_line' id='line_1_29' title="bbox 1976 1335 3536 1407; baseline -0.004 -17"><span class='ocrx_word' id='word_1_195' title='bbox 1976 1338 2304 1407; x_wconf 86' lang='lat' dir='ltr'><strong>Augustum,</strong></span> <span class='ocrx_word' id='word_1_196' title='bbox 2340 1339 2624 1393; x_wconf 84' lang='lat' dir='ltr'><strong>horrendis</strong></span> <span class='ocrx_word' id='word_1_197' title='bbox 2652 1339 2885 1392; x_wconf 89' lang='lat' dir='ltr'><strong>invicem</strong></span> <span class='ocrx_word' id='word_1_198' title='bbox 2919 1336 3072 1391; x_wconf 83' lang='lat' dir='ltr'><strong>bellis</strong></span> <span class='ocrx_word' id='word_1_199' title='bbox 3095 1351 3217 1391; x_wconf 91' lang='lat' dir='ltr'>cum</span> <span class='ocrx_word' id='word_1_200' title='bbox 3244 1335 3536 1388; x_wconf 88' lang='lat' dir='ltr'><strong>multorum</strong></span> 
     </span>
    </p>
   </div>
   <div class='ocr_carea' id='block_1_30' title="bbox 1977 1425 3554 1501">
    <p class='ocr_par' dir='ltr' id='par_1_30' title="bbox 1977 1425 3554 1501">
     <span class='ocr_line' id='line_1_30' title="bbox 1977 1425 3554 1501; baseline -0.002 -20"><span class='ocrx_word' id='word_1_201' title='bbox 1977 1429 2316 1483; x_wconf 82' lang='lat' dir='ltr'><strong>exercituum</strong></span> <span class='ocrx_word' id='word_1_202' title='bbox 2372 1439 2553 1501; x_wconf 78' lang='lat' dir='ltr'><strong>strage</strong></span> <span class='ocrx_word' id='word_1_203' title='bbox 2593 1428 2985 1499; x_wconf 87' lang='lat' dir='ltr'><strong>confligentes:</strong></span> <span class='ocrx_word' id='word_1_204' title='bbox 3021 1437 3077 1480; x_wconf 92' lang='lat' dir='ltr'>et</span> <span class='ocrx_word' id='word_1_205' title='bbox 3110 1427 3153 1481; x_wconf 90' lang='lat' dir='ltr'>si</span> <span class='ocrx_word' id='word_1_206' title='bbox 3198 1429 3267 1481; x_wconf 84' lang='lat' dir='ltr'>ab</span> <span class='ocrx_word' id='word_1_207' title='bbox 3309 1425 3554 1495; x_wconf 80' lang='lat' dir='ltr'><strong>Augusto</strong></span> 
     </span>
    </p>
   </div>
   <div class='ocr_carea' id='block_1_31' title="bbox 1980 1517 3560 1589">
    <p class='ocr_par' dir='ltr' id='par_1_31' title="bbox 1980 1517 3560 1589">
     <span class='ocr_line' id='line_1_31' title="bbox 1980 1517 3560 1589; baseline -0.001 -19"><span class='ocrx_word' id='word_1_208' title='bbox 1980 1518 2197 1572; x_wconf 88' lang='lat' dir='ltr'><strong>tandem</strong></span> <span class='ocrx_word' id='word_1_209' title='bbox 2227 1519 2455 1573; x_wconf 86' lang='lat' dir='ltr'><strong>victoria</strong></span> <span class='ocrx_word' id='word_1_210' title='bbox 2487 1521 2660 1585; x_wconf 86' lang='lat' dir='ltr'><strong>stetit,</strong></span> <span class='ocrx_word' id='word_1_211' title='bbox 2703 1534 2808 1589; x_wconf 90' lang='lat' dir='ltr'>qua</span> <span class='ocrx_word' id='word_1_212' title='bbox 2839 1520 3000 1572; x_wconf 90' lang='lat' dir='ltr'><strong>etiam</strong></span> <span class='ocrx_word' id='word_1_213' title='bbox 3035 1534 3063 1570; x_wconf 90' lang='lat' dir='ltr'>a</span> <span class='ocrx_word' id='word_1_214' title='bbox 3107 1517 3271 1571; x_wconf 87' lang='lat' dir='ltr'><strong>sociis</strong></span> <span class='ocrx_word' id='word_1_215' title='bbox 3306 1519 3560 1570; x_wconf 89' lang='lat' dir='ltr'><strong>desertus</strong></span> 
     </span>
    </p>
   </div>
   <div class='ocr_carea' id='block_1_32' title="bbox 1977 1593 3553 1682">
    <p class='ocr_par' dir='ltr' id='par_1_32' title="bbox 1977 1593 3553 1682">
     <span class='ocr_line' id='line_1_32' title="bbox 1977 1593 3553 1682; baseline -0.003 -20"><span class='ocrx_word' id='word_1_216' title='bbox 1977 1609 2272 1674; x_wconf 85' lang='lat' dir='ltr'><strong>Antonius,</strong></span> <span class='ocrx_word' id='word_1_217' title='bbox 2302 1611 2353 1665; x_wconf 88' lang='lat' dir='ltr'><strong>in</strong></span> <span class='ocrx_word' id='word_1_218' title='bbox 2384 1610 2675 1682; x_wconf 65' lang='lat' dir='ltr'><strong>Egyptutn</strong></span> <span class='ocrx_word' id='word_1_219' title='bbox 2714 1611 3050 1681; x_wconf 84' lang='lat' dir='ltr'><strong>profligatus,</strong></span> <span class='ocrx_word' id='word_1_220' title='bbox 3069 1609 3158 1664; x_wconf 91' lang='lat' dir='ltr'>ubi</span> <span class='ocrx_word' id='word_1_221' title='bbox 3197 1593 3416 1660; x_wconf 88' lang='lat' dir='ltr'><strong>manum</strong></span> <span class='ocrx_word' id='word_1_222' title='bbox 3449 1608 3553 1660; x_wconf 92' lang='lat' dir='ltr'><strong>sihi</strong></span> 
     </span>
    </p>
   </div>
   <div class='ocr_carea' id='block_1_33' title="bbox 1983 1698 3558 1773">
    <p class='ocr_par' dir='ltr' id='par_1_33' title="bbox 1983 1698 3558 1773">
     <span class='ocr_line' id='line_1_33' title="bbox 1983 1698 3558 1773; baseline -0.006 -15"><span class='ocrx_word' id='word_1_223' title='bbox 1983 1702 2242 1768; x_wconf 81' lang='lat' dir='ltr'><strong>atferens,</strong></span> <span class='ocrx_word' id='word_1_224' title='bbox 2276 1703 2439 1757; x_wconf 89' lang='lat' dir='ltr'><strong>vitam</strong></span> <span class='ocrx_word' id='word_1_225' title='bbox 2489 1704 2726 1773; x_wconf 86' lang='lat' dir='ltr'><strong>abrupit.</strong></span> <span class='ocrx_word' id='word_1_226' title='bbox 2757 1702 2874 1770; x_wconf 86' lang='lat' dir='ltr'>Quo</span> <span class='ocrx_word' id='word_1_227' title='bbox 2930 1703 3057 1757; x_wconf 87' lang='lat' dir='ltr'><strong>item</strong></span> <span class='ocrx_word' id='word_1_228' title='bbox 3109 1701 3374 1755; x_wconf 90' lang='lat' dir='ltr'><strong>librorum</strong></span> <span class='ocrx_word' id='word_1_229' title='bbox 3435 1698 3558 1751; x_wconf 80' lang='lat' dir='ltr'><strong>belli</strong></span> 
     </span>
    </p>
   </div>
   <div class='ocr_carea' id='block_1_34' title="bbox 281 1787 1876 1867">
    <p class='ocr_par' dir='ltr' id='par_1_34' title="bbox 281 1789 1876 1862">
     <span class='ocr_line' id='line_1_34' title="bbox 281 1789 1876 1862; baseline 0 -18"><span class='ocrx_word' id='word_1_230' title='bbox 281 1789 590 1860; x_wconf 76' lang='grc' dir='ltr'>Αὐγούστῳ</span> <span class='ocrx_word' id='word_1_231' title='bbox 625 1790 852 1861; x_wconf 80' lang='grc' dir='ltr'>ὕστερον</span> <span class='ocrx_word' id='word_1_232' title='bbox 884 1793 918 1862; x_wconf 84' lang='grc' dir='ltr'>ἡ</span> <span class='ocrx_word' id='word_1_233' title='bbox 949 1789 1074 1862; x_wconf 89' lang='grc' dir='ltr'>νίκη</span> <span class='ocrx_word' id='word_1_234' title='bbox 1113 1790 1438 1861; x_wconf 74' lang='grc' dir='ltr'>ἐμϐλέψασα</span> <span class='ocrx_word' id='word_1_235' title='bbox 1491 1790 1697 1862; x_wconf 76' lang='grc' dir='ltr'>ἔρημον</span> <span class='ocrx_word' id='word_1_236' title='bbox 1739 1808 1876 1862; x_wconf 87' lang='grc' dir='ltr'>συμ-</span> 
     </span>
    </p>
   </div>
   <div class='ocr_carea' id='block_1_35' title="bbox 1984 1787 3551 1867">
    <p class='ocr_par' dir='ltr' id='par_1_35' title="bbox 1984 1787 3551 1867">
     <span class='ocr_line' id='line_1_35' title="bbox 1984 1787 3551 1867; baseline -0.004 -19"><span class='ocrx_word' id='word_1_237' title='bbox 1984 1795 2160 1849; x_wconf 90' lang='lat' dir='ltr'><strong>civilis</strong></span> <span class='ocrx_word' id='word_1_238' title='bbox 2197 1795 2330 1867; x_wconf 76' lang='lat' dir='ltr'>16b</span> <span class='ocrx_word' id='word_1_239' title='bbox 2363 1795 2552 1850; x_wconf 91' lang='lat' dir='ltr'><strong>ultimo</strong></span> <span class='ocrx_word' id='word_1_240' title='bbox 2600 1795 2872 1867; x_wconf 65' lang='lat' dir='ltr'><strong>Aﬁgyptus</strong></span> <span class='ocrx_word' id='word_1_241' title='bbox 2898 1794 3243 1856; x_wconf 85' lang='lat' dir='ltr'><strong>describitur,</strong></span> <span class='ocrx_word' id='word_1_242' title='bbox 3275 1801 3330 1843; x_wconf 88' lang='lat' dir='ltr'>ttt</span> <span class='ocrx_word' id='word_1_243' title='bbox 3358 1791 3408 1844; x_wconf 93' lang='lat' dir='ltr'><strong>in</strong></span> <span class='ocrx_word' id='word_1_244' title='bbox 3439 1787 3551 1842; x_wconf 56' lang='lat' dir='ltr'><strong>Ro-</strong></span> 
     </span>
    </p>
   </div>
   <div class='ocr_carea' id='block_1_36' title="bbox 285 1882 1874 1955">
    <p class='ocr_par' dir='ltr' id='par_1_36' title="bbox 285 1882 1874 1955">
     <span class='ocr_line' id='line_1_36' title="bbox 285 1882 1874 1955; baseline 0 -19"><span class='ocrx_word' id='word_1_245' title='bbox 285 1883 480 1954; x_wconf 87' lang='grc' dir='ltr'>μάχων</span> <span class='ocrx_word' id='word_1_246' title='bbox 513 1884 595 1945; x_wconf 86' lang='grc' dir='ltr'>είς</span> <span class='ocrx_word' id='word_1_247' title='bbox 630 1883 908 1952; x_wconf 78' lang='grc' dir='ltr'>Αἴγυπτον</span> <span class='ocrx_word' id='word_1_248' title='bbox 941 1883 1155 1954; x_wconf 82' lang='grc' dir='ltr'>φυγάδα</span> <span class='ocrx_word' id='word_1_249' title='bbox 1184 1883 1275 1936; x_wconf 79' lang='grc' dir='ltr'>τὸν</span> <span class='ocrx_word' id='word_1_250' title='bbox 1321 1882 1603 1936; x_wconf 79' lang='grc' dir='ltr'>’Λντώνιον</span> <span class='ocrx_word' id='word_1_251' title='bbox 1637 1883 1838 1955; x_wconf 78' lang='grc' dir='ltr'>ἧλασεν</span> <span class='ocrx_word' id='word_1_252' title='bbox 1859 1924 1874 1949; x_wconf 87' lang='grc'>,</span> 
     </span>
    </p>
   </div>
   <div class='ocr_carea' id='block_1_37' title="bbox 282 1969 1877 2049">
    <p class='ocr_par' dir='ltr' id='par_1_37' title="bbox 282 1969 1877 2049">
     <span class='ocr_line' id='line_1_37' title="bbox 282 1969 1877 2049; baseline 0.001 -23"><span class='ocrx_word' id='word_1_253' title='bbox 282 1975 370 2046; x_wconf 80' lang='grc' dir='ltr'>ἐφ’</span> <span class='ocrx_word' id='word_1_254' title='bbox 411 1970 481 2049; x_wconf 76' lang='grc' dir='ltr'>ἧς</span> <span class='ocrx_word' id='word_1_255' title='bbox 506 1977 603 2030; x_wconf 73' lang='grc' dir='ltr'>καὶ</span> <span class='ocrx_word' id='word_1_256' title='bbox 633 1974 950 2049; x_wconf 74' lang='grc' dir='ltr'>αὐτοχειρίᾳ</span> <span class='ocrx_word' id='word_1_257' title='bbox 998 1975 1091 2029; x_wconf 79' lang='grc' dir='ltr'>τὸν</span> <span class='ocrx_word' id='word_1_258' title='bbox 1134 1974 1246 2046; x_wconf 83' lang='grc' dir='ltr'>βίον</span> <span class='ocrx_word' id='word_1_259' title='bbox 1274 1975 1664 2045; x_wconf 55' lang='grc' dir='ltr'>κατέστρεψεν.</span> <span class='ocrx_word' id='word_1_260' title='bbox 1699 1969 1877 2044; x_wconf 81' lang='grc' dir='ltr'>ᾭτινι</span> 
     </span>
    </p>
   </div>
   <div class='ocr_carea' id='block_1_38' title="bbox 284 2065 3078 2142">
    <p class='ocr_par' dir='ltr' id='par_1_38' title="bbox 284 2065 3078 2142">
     <span class='ocr_line' id='line_1_38' title="bbox 284 2065 3078 2142; baseline 0.002 -22"><span class='ocrx_word' id='word_1_261' title='bbox 284 2067 390 2120; x_wconf 79' lang='grc' dir='ltr'>τῶν</span> <span class='ocrx_word' id='word_1_262' title='bbox 421 2067 708 2138; x_wconf 67' lang='grc' dir='ltr'>ἐμφυλίων</span> <span class='ocrx_word' id='word_1_263' title='bbox 747 2066 859 2121; x_wconf 80' lang='grc' dir='ltr'>δντι</span> <span class='ocrx_word' id='word_1_264' title='bbox 889 2067 1064 2138; x_wconf 79' lang='grc' dir='ltr'>λόγῳ⁸</span> <span class='ocrx_word' id='word_1_265' title='bbox 1111 2065 1410 2135; x_wconf 87' lang='grc' dir='ltr'>τελευταίῳ</span> <span class='ocrx_word' id='word_1_266' title='bbox 1452 2065 1548 2119; x_wconf 71' lang='grc' dir='ltr'>καὶ</span> <span class='ocrx_word' id='word_1_267' title='bbox 1591 2065 1870 2134; x_wconf 82' lang='grc' dir='ltr'>Αἴγυπτος</span> <span class='ocrx_word' id='word_1_268' title='bbox 1905 2068 2199 2141; x_wconf 78' lang='grc' dir='ltr'>δηλοῦται,</span> <span class='ocrx_word' id='word_1_269' title='bbox 2243 2073 2318 2137; x_wconf 87' lang='grc' dir='ltr'>ὡς</span> <span class='ocrx_word' id='word_1_270' title='bbox 2350 2070 2455 2125; x_wconf 83' lang='grc' dir='ltr'>ὑπὸ</span> <span class='ocrx_word' id='word_1_271' title='bbox 2493 2071 2826 2142; x_wconf 85' lang='grc' dir='ltr'>Ῥωμαίοις⁶</span> <span class='ocrx_word' id='word_1_272' title='bbox 2861 2071 3078 2140; x_wconf 77' lang='grc' dir='ltr'>ἐγένετο</span> 
     </span>
    </p>
   </div>
   <div class='ocr_carea' id='block_1_39' title="bbox 290 2155 1803 2231">
    <p class='ocr_par' dir='ltr' id='par_1_39' title="bbox 290 2155 1803 2231">
     <span class='ocr_line' id='line_1_39' title="bbox 290 2155 1803 2231; baseline 0.002 -21"><span class='ocrx_word' id='word_1_273' title='bbox 290 2158 468 2231; x_wconf 85' lang='grc' dir='ltr'>μαίων</span> <span class='ocrx_word' id='word_1_274' title='bbox 492 2161 555 2222; x_wconf 85' lang='grc' dir='ltr'>ὲς</span> <span class='ocrx_word' id='word_1_275' title='bbox 591 2158 893 2229; x_wconf 77' lang='grc' dir='ltr'>μοναρχίαν</span> <span class='ocrx_word' id='word_1_276' title='bbox 922 2160 1017 2212; x_wconf 77' lang='grc' dir='ltr'>καὶ</span> <span class='ocrx_word' id='word_1_277' title='bbox 1048 2155 1359 2226; x_wconf 76' lang='grc' dir='ltr'>Αὔγουστον</span> <span class='ocrx_word' id='word_1_278' title='bbox 1402 2156 1803 2228; x_wconf 81' lang='grc' dir='ltr'>ὲπανέδραμεν.</span> 
     </span>
    </p>
   </div>
   <div class='ocr_carea' id='block_1_40' title="bbox 359 2244 1870 2320">
    <p class='ocr_par' dir='ltr' id='par_1_40' title="bbox 359 2244 1870 2320">
     <span class='ocr_line' id='line_1_40' title="bbox 359 2244 1870 2320; baseline -0.001 -17"><span class='ocrx_word' id='word_1_279' title='bbox 359 2253 632 2320; x_wconf 86' lang='grc' dir='ltr'>Ἀρχεται</span> <span class='ocrx_word' id='word_1_280' title='bbox 691 2251 790 2320; x_wconf 85' lang='grc' dir='ltr'>μὲν</span> <span class='ocrx_word' id='word_1_281' title='bbox 838 2244 932 2302; x_wconf 78' lang='grc' dir='ltr'>οὖν</span> <span class='ocrx_word' id='word_1_282' title='bbox 960 2248 1060 2319; x_wconf 85' lang='grc' dir='ltr'>τῆς</span> <span class='ocrx_word' id='word_1_283' title='bbox 1091 2247 1331 2319; x_wconf 80' lang='grc' dir='ltr'>ἱστορίας</span> <span class='ocrx_word' id='word_1_284' title='bbox 1361 2247 1472 2300; x_wconf 79' lang='grc' dir='ltr'>ἀπὸ</span> <span class='ocrx_word' id='word_1_285' title='bbox 1514 2247 1727 2300; x_wconf 84' lang='grc' dir='ltr'>Αἰνείου</span> <span class='ocrx_word' id='word_1_286' title='bbox 1775 2247 1870 2301; x_wconf 90' lang='grc' dir='ltr'>τοῦ</span> 
     </span>
    </p>
   </div>
   <div class='ocr_carea' id='block_1_41' title="bbox 300 2336 1864 2410">
    <p class='ocr_par' dir='ltr' id='par_1_41' title="bbox 300 2336 1864 2410">
     <span class='ocr_line' id='line_1_41' title="bbox 300 2336 1864 2410; baseline -0.002 -18"><span class='ocrx_word' id='word_1_287' title='bbox 300 2341 558 2410; x_wconf 82' lang='grc' dir='ltr'>Ἀγχίσου</span> <span class='ocrx_word' id='word_1_288' title='bbox 589 2337 686 2392; x_wconf 86' lang='grc' dir='ltr'>τοῦ</span> <span class='ocrx_word' id='word_1_289' title='bbox 719 2339 994 2409; x_wconf 54' lang='grc' dir='ltr'>,Κάπυος</span> <span class='ocrx_word' id='word_1_290' title='bbox 1043 2336 1102 2400; x_wconf 83' lang='grc' dir='ltr'>ὃς</span> <span class='ocrx_word' id='word_1_291' title='bbox 1149 2338 1206 2390; x_wconf 85' lang='grc' dir='ltr'>ὲν</span> <span class='ocrx_word' id='word_1_292' title='bbox 1233 2336 1313 2406; x_wconf 82' lang='grc' dir='ltr'>τῷ</span> <span class='ocrx_word' id='word_1_293' title='bbox 1347 2337 1579 2407; x_wconf 81' lang='grc' dir='ltr'>Τρωϊκῷ</span> <span class='ocrx_word' id='word_1_294' title='bbox 1607 2337 1824 2408; x_wconf 74' lang='grc' dir='ltr'>ἤκμασε</span> <span class='ocrx_word' id='word_1_295' title='bbox 1845 2338 1864 2368; x_wconf 75' lang='grc'><strong>⁷</strong></span> 
     </span>
    </p>
   </div>
   <div class='ocr_carea' id='block_1_42' title="bbox 289 2428 1880 2501">
    <p class='ocr_par' dir='ltr' id='par_1_42' title="bbox 289 2428 1880 2501">
     <span class='ocr_line' id='line_1_42' title="bbox 289 2428 1880 2501; baseline -0.002 -17"><span class='ocrx_word' id='word_1_296' title='bbox 289 2431 518 2501; x_wconf 79' lang='grc' dir='ltr'>πολέμῳ</span> <span class='ocrx_word' id='word_1_297' title='bbox 540 2470 555 2493; x_wconf 96' lang='grc'>,</span> <span class='ocrx_word' id='word_1_298' title='bbox 595 2430 736 2500; x_wconf 69' lang='grc' dir='ltr'>μετὰ</span> <span class='ocrx_word' id='word_1_299' title='bbox 803 2429 860 2481; x_wconf 84' lang='grc' dir='ltr'>δὲ</span> <span class='ocrx_word' id='word_1_300' title='bbox 891 2428 988 2499; x_wconf 84' lang='grc' dir='ltr'>τὴν</span> <span class='ocrx_word' id='word_1_301' title='bbox 1038 2429 1243 2482; x_wconf 74' lang='grc' dir='ltr'>ἅλωσιν</span> <span class='ocrx_word' id='word_1_302' title='bbox 1272 2428 1370 2498; x_wconf 82' lang='grc' dir='ltr'>τῆς</span> <span class='ocrx_word' id='word_1_303' title='bbox 1418 2429 1636 2501; x_wconf 86' lang='grc' dir='ltr'>Τρωίας</span> <span class='ocrx_word' id='word_1_304' title='bbox 1669 2429 1836 2500; x_wconf 76' lang='grc' dir='ltr'>ἔφυγε</span> <span class='ocrx_word' id='word_1_305' title='bbox 1863 2471 1880 2496; x_wconf 90' lang='grc'>,</span> 
     </span>
    </p>
   </div>
   <div class='ocr_carea' id='block_1_43' title="bbox 291 2516 1884 2591">
    <p class='ocr_par' dir='ltr' id='par_1_43' title="bbox 291 2516 1884 2591">
     <span class='ocr_line' id='line_1_43' title="bbox 291 2516 1884 2591; baseline -0.003 -17"><span class='ocrx_word' id='word_1_306' title='bbox 291 2523 386 2575; x_wconf 81' lang='grc' dir='ltr'>καὶ</span> <span class='ocrx_word' id='word_1_307' title='bbox 405 2521 547 2591; x_wconf 80' lang='grc' dir='ltr'>μετά</span> <span class='ocrx_word' id='word_1_308' title='bbox 577 2518 802 2590; x_wconf 83' lang='grc' dir='ltr'>μακρὰν</span> <span class='ocrx_word' id='word_1_309' title='bbox 824 2518 1037 2588; x_wconf 87' lang='grc' dir='ltr'>πλάνην</span> <span class='ocrx_word' id='word_1_310' title='bbox 1061 2517 1366 2571; x_wconf 80' lang='grc' dir='ltr'>καταπλεῖ⁸</span> <span class='ocrx_word' id='word_1_311' title='bbox 1387 2516 1444 2581; x_wconf 80' lang='grc' dir='ltr'>ἐς</span> <span class='ocrx_word' id='word_1_312' title='bbox 1472 2535 1592 2572; x_wconf 90' lang='grc' dir='ltr'>τινα</span> <span class='ocrx_word' id='word_1_313' title='bbox 1612 2517 1712 2586; x_wconf 85' lang='grc' dir='ltr'>τῆς</span> <span class='ocrx_word' id='word_1_314' title='bbox 1749 2519 1884 2571; x_wconf 77' lang='grc' dir='ltr'>Ἰταο</span> 
     </span>
    </p>
   </div>
   <div class='ocr_carea' id='block_1_44' title="bbox 291 2607 1884 2680">
    <p class='ocr_par' dir='ltr' id='par_1_44' title="bbox 291 2607 1884 2680">
     <span class='ocr_line' id='line_1_44' title="bbox 291 2607 1884 2680; baseline -0.003 -14"><span class='ocrx_word' id='word_1_315' title='bbox 291 2614 410 2676; x_wconf 86' lang='grc' dir='ltr'>λίας</span> <span class='ocrx_word' id='word_1_316' title='bbox 443 2611 694 2680; x_wconf 74' lang='grc' dir='ltr'>αἰγιαλὸν</span> <span class='ocrx_word' id='word_1_317' title='bbox 715 2652 729 2676; x_wconf 86' lang='grc'>,</span> <span class='ocrx_word' id='word_1_318' title='bbox 783 2607 1068 2678; x_wconf 84' lang='grc' dir='ltr'>Λώρεντον</span> <span class='ocrx_word' id='word_1_319' title='bbox 1116 2608 1545 2680; x_wconf 79' lang='grc' dir='ltr'>ἐπικαλούμενον</span> <span class='ocrx_word' id='word_1_320' title='bbox 1565 2650 1581 2676; x_wconf 92' lang='grc'>,</span> <span class='ocrx_word' id='word_1_321' title='bbox 1629 2608 1758 2662; x_wconf 75' lang='grc' dir='ltr'>ἔνθα</span> <span class='ocrx_word' id='word_1_322' title='bbox 1787 2609 1884 2662; x_wconf 74' lang='grc' dir='ltr'>καὶ</span> 
     </span>
    </p>
   </div>
   <div class='ocr_carea' id='block_1_45' title="bbox 295 2699 1879 2774">
    <p class='ocr_par' dir='ltr' id='par_1_45' title="bbox 295 2699 1879 2774">
     <span class='ocr_line' id='line_1_45' title="bbox 295 2699 1879 2774; baseline -0.003 -18"><span class='ocrx_word' id='word_1_323' title='bbox 295 2704 659 2774; x_wconf 79' lang='grc' dir='ltr'>στρατόπεδον</span> <span class='ocrx_word' id='word_1_324' title='bbox 682 2701 847 2756; x_wconf 86' lang='grc' dir='ltr'>αὐτοῦ</span> <span class='ocrx_word' id='word_1_325' title='bbox 877 2701 1174 2765; x_wconf 91' lang='grc' dir='ltr'>δείκνυται,</span> <span class='ocrx_word' id='word_1_326' title='bbox 1193 2701 1286 2753; x_wconf 77' lang='grc' dir='ltr'>καὶ</span> <span class='ocrx_word' id='word_1_327' title='bbox 1305 2699 1404 2772; x_wconf 86' lang='grc' dir='ltr'>τὴν</span> <span class='ocrx_word' id='word_1_328' title='bbox 1430 2700 1600 2771; x_wconf 75' lang='grc' dir='ltr'>ἀκτὴν</span> <span class='ocrx_word' id='word_1_329' title='bbox 1624 2701 1718 2753; x_wconf 78' lang='grc' dir='ltr'>ἀπ’</span> <span class='ocrx_word' id='word_1_330' title='bbox 1741 2700 1879 2752; x_wconf 64' lang='grc' dir='ltr'>ὲκεία</span> 
     </span>
    </p>
   </div>
   <div class='ocr_carea' id='block_1_46' title="bbox 292 2789 1880 2867">
    <p class='ocr_par' dir='ltr' id='par_1_46' title="bbox 292 2789 1880 2867">
     <span class='ocr_line' id='line_1_46' title="bbox 292 2789 1880 2867; baseline -0.002 -18"><span class='ocrx_word' id='word_1_331' title='bbox 292 2815 382 2850; x_wconf 81' lang='grc' dir='ltr'>νου</span> <span class='ocrx_word' id='word_1_332' title='bbox 431 2797 636 2867; x_wconf 88' lang='grc' dir='ltr'>Τροίαν</span> <span class='ocrx_word' id='word_1_333' title='bbox 672 2795 946 2849; x_wconf 87' lang='grc' dir='ltr'>καλοῦσιν.</span> <span class='ocrx_word' id='word_1_334' title='bbox 985 2789 1164 2865; x_wconf 63' lang='grc' dir='ltr'>*Ηρχε</span> <span class='ocrx_word' id='word_1_335' title='bbox 1199 2794 1322 2847; x_wconf 90' lang='grc' dir='ltr'>τότε</span> <span class='ocrx_word' id='word_1_336' title='bbox 1379 2793 1736 2864; x_wconf 84' lang='grc' dir='ltr'>Ἀϐοριγίνων</span> <span class='ocrx_word' id='word_1_337' title='bbox 1769 2792 1880 2846; x_wconf 84' lang='grc' dir='ltr'>τῶν</span> 
     </span>
    </p>
   </div>
   <div class='ocr_carea' id='block_1_47' title="bbox 294 2884 1884 2960">
    <p class='ocr_par' dir='ltr' id='par_1_47' title="bbox 294 2884 1884 2960">
     <span class='ocr_line' id='line_1_47' title="bbox 294 2884 1884 2960; baseline -0.002 -20"><span class='ocrx_word' id='word_1_338' title='bbox 294 2889 420 2960; x_wconf 73' lang='grc' dir='ltr'>τῇδε</span> <span class='ocrx_word' id='word_1_339' title='bbox 459 2887 679 2941; x_wconf 82' lang='grc' dir='ltr'>Ἰταλῶν</span> <span class='ocrx_word' id='word_1_340' title='bbox 709 2887 914 2950; x_wconf 81' lang='grc' dir='ltr'>Φαῦνος</span> <span class='ocrx_word' id='word_1_341' title='bbox 942 2889 970 2940; x_wconf 86' lang='grc' dir='ltr'>ὁ</span> <span class='ocrx_word' id='word_1_342' title='bbox 997 2886 1089 2940; x_wconf 89' lang='grc' dir='ltr'>τοῦ</span> <span class='ocrx_word' id='word_1_343' title='bbox 1121 2887 1352 2956; x_wconf 71' lang='grc' dir='ltr'>Ἄρεως,</span> <span class='ocrx_word' id='word_1_344' title='bbox 1379 2884 1436 2948; x_wconf 81' lang='grc' dir='ltr'>ὃς</span> <span class='ocrx_word' id='word_1_345' title='bbox 1461 2885 1557 2938; x_wconf 79' lang='grc' dir='ltr'>καὶ</span> <span class='ocrx_word' id='word_1_346' title='bbox 1592 2884 1884 2953; x_wconf 81' lang='grc' dir='ltr'>ζεύγνυσιν</span> 
     </span>
    </p>
   </div>
   <div class='ocr_carea' id='block_1_48' title="bbox 292 2976 1883 3050">
    <p class='ocr_par' dir='ltr' id='par_1_48' title="bbox 292 2976 1883 3050">
     <span class='ocr_line' id='line_1_48' title="bbox 292 2976 1883 3050; baseline -0.003 -18"><span class='ocrx_word' id='word_1_347' title='bbox 292 2980 486 3050; x_wconf 69' lang='grc' dir='ltr'>Αἰνείᾳ</span> <span class='ocrx_word' id='word_1_348' title='bbox 506 2981 609 3050; x_wconf 79' lang='grc' dir='ltr'>τὴν</span> <span class='ocrx_word' id='word_1_349' title='bbox 653 2977 932 3050; x_wconf 80' lang='grc' dir='ltr'>θυγατέρα</span> <span class='ocrx_word' id='word_1_350' title='bbox 958 2977 1122 3032; x_wconf 84' lang='grc' dir='ltr'>αὑτοῦ</span> <span class='ocrx_word' id='word_1_351' title='bbox 1157 2976 1448 3031; x_wconf 90' lang='grc' dir='ltr'>Λαουινίαν</span> <span class='ocrx_word' id='word_1_352' title='bbox 1475 3017 1490 3040; x_wconf 88' lang='grc'>,</span> <span class='ocrx_word' id='word_1_353' title='bbox 1523 2976 1619 3029; x_wconf 76' lang='grc' dir='ltr'>καὶ</span> <span class='ocrx_word' id='word_1_354' title='bbox 1671 2977 1774 3048; x_wconf 87' lang='grc' dir='ltr'>γῆν</span> <span class='ocrx_word' id='word_1_355' title='bbox 1803 2977 1883 3029; x_wconf 89' lang='grc' dir='ltr'>δί-</span> 
     </span>
    </p>
   </div>
   <div class='ocr_carea' id='block_1_49' title="bbox 289 3067 1886 3144">
    <p class='ocr_par' dir='ltr' id='par_1_49' title="bbox 289 3067 1886 3144">
     <span class='ocr_line' id='line_1_49' title="bbox 289 3067 1886 3144; baseline -0.004 -18"><span class='ocrx_word' id='word_1_356' title='bbox 289 3072 463 3126; x_wconf 84' lang='grc' dir='ltr'>δωσιν</span> <span class='ocrx_word' id='word_1_357' title='bbox 497 3074 564 3124; x_wconf 77' lang='grc' dir='ltr'>ἐκ</span> <span class='ocrx_word' id='word_1_358' title='bbox 593 3071 843 3140; x_wconf 85' lang='grc' dir='ltr'>περιόδου</span> <span class='ocrx_word' id='word_1_359' title='bbox 877 3069 1109 3122; x_wconf 87' lang='grc' dir='ltr'>σταδίων</span> <span class='ocrx_word' id='word_1_360' title='bbox 1137 3068 1504 3144; x_wconf 86' lang='grc' dir='ltr'>τετρακοσίων</span> <span class='ocrx_word' id='word_1_361' title='bbox 1522 3071 1564 3120; x_wconf 74' lang='grc' dir='ltr'>ν.</span> <span class='ocrx_word' id='word_1_362' title='bbox 1611 3067 1670 3120; x_wconf 86' lang='lat'>&#39;0</span> <span class='ocrx_word' id='word_1_363' title='bbox 1697 3067 1754 3119; x_wconf 81' lang='grc' dir='ltr'>δὲ</span> <span class='ocrx_word' id='word_1_364' title='bbox 1788 3068 1886 3120; x_wconf 91' lang='grc' dir='ltr'>πὸ-</span> 
     </span>
    </p>
   </div>
   <div class='ocr_carea' id='block_1_50' title="bbox 289 3157 1881 3231">
    <p class='ocr_par' dir='ltr' id='par_1_50' title="bbox 289 3157 1881 3231">
     <span class='ocr_line' id='line_1_50' title="bbox 289 3157 1881 3231; baseline -0.004 -14"><span class='ocrx_word' id='word_1_365' title='bbox 289 3165 379 3217; x_wconf 87' lang='grc' dir='ltr'>λιν</span> <span class='ocrx_word' id='word_1_366' title='bbox 412 3164 600 3217; x_wconf 75' lang='grc' dir='ltr'>ἔκτισε</span> <span class='ocrx_word' id='word_1_367' title='bbox 618 3164 660 3194; x_wconf 88' lang='grc'>¹⁰</span> <span class='ocrx_word' id='word_1_368' title='bbox 683 3201 698 3227; x_wconf 91' lang='grc'>,</span> <span class='ocrx_word' id='word_1_369' title='bbox 735 3161 832 3216; x_wconf 76' lang='grc' dir='ltr'>καὶ</span> <span class='ocrx_word' id='word_1_370' title='bbox 867 3161 976 3214; x_wconf 79' lang='grc' dir='ltr'>ἀπὸ</span> <span class='ocrx_word' id='word_1_371' title='bbox 1017 3160 1116 3231; x_wconf 81' lang='grc' dir='ltr'>τῆς</span> <span class='ocrx_word' id='word_1_372' title='bbox 1148 3159 1404 3228; x_wconf 85' lang='grc' dir='ltr'>γυναικὸς</span> <span class='ocrx_word' id='word_1_373' title='bbox 1445 3157 1731 3212; x_wconf 86' lang='grc' dir='ltr'>Λαουίνιον</span> <span class='ocrx_word' id='word_1_374' title='bbox 1779 3159 1881 3210; x_wconf 85' lang='grc' dir='ltr'>ὲπ-</span> 
     </span>
    </p>
   </div>
   <div class='ocr_carea' id='block_1_51' title="bbox 290 3251 1876 3326">
    <p class='ocr_par' dir='ltr' id='par_1_51' title="bbox 290 3251 1876 3326">
     <span class='ocr_line' id='line_1_51' title="bbox 290 3251 1876 3326; baseline -0.006 -15"><span class='ocrx_word' id='word_1_375' title='bbox 290 3256 575 3326; x_wconf 82' lang='grc' dir='ltr'>ωνὸμασε.</span> <span class='ocrx_word' id='word_1_376' title='bbox 609 3254 792 3326; x_wconf 83' lang='grc' dir='ltr'>Τρίτῳ</span> <span class='ocrx_word' id='word_1_377' title='bbox 828 3255 883 3308; x_wconf 86' lang='grc' dir='ltr'>δὲ</span> <span class='ocrx_word' id='word_1_378' title='bbox 914 3253 1024 3306; x_wconf 76' lang='grc' dir='ltr'>ἔτει</span> <span class='ocrx_word' id='word_1_379' title='bbox 1073 3252 1167 3306; x_wconf 90' lang='grc' dir='ltr'>τοῦ</span> <span class='ocrx_word' id='word_1_380' title='bbox 1190 3251 1397 3306; x_wconf 81' lang='grc' dir='ltr'>Φαύνου</span> <span class='ocrx_word' id='word_1_381' title='bbox 1423 3251 1842 3320; x_wconf 81' lang='grc' dir='ltr'>τελευτήσαντος</span> <span class='ocrx_word' id='word_1_382' title='bbox 1862 3289 1876 3314; x_wconf 92' lang='grc'>,</span> 
     </span>
    </p>
   </div>
   <div class='ocr_carea' id='block_1_52' title="bbox 292 3341 1880 3419">
    <p class='ocr_par' dir='ltr' id='par_1_52' title="bbox 292 3341 1880 3419">
     <span class='ocr_line' id='line_1_52' title="bbox 292 3341 1880 3419; baseline -0.005 -17"><span class='ocrx_word' id='word_1_383' title='bbox 292 3349 582 3419; x_wconf 74' lang='grc' dir='ltr'>ἐκδέχεται</span> <span class='ocrx_word' id='word_1_384' title='bbox 627 3347 726 3417; x_wconf 76' lang='grc' dir='ltr'>τὴν</span> <span class='ocrx_word' id='word_1_385' title='bbox 769 3345 942 3417; x_wconf 83' lang='grc' dir='ltr'>ἀρχὴν</span> <span class='ocrx_word' id='word_1_386' title='bbox 965 3345 993 3397; x_wconf 82' lang='grc' dir='ltr'><strong>ὁ</strong></span> <span class='ocrx_word' id='word_1_387' title='bbox 1021 3343 1238 3405; x_wconf 81' lang='grc' dir='ltr'>Αἰνείας</span> <span class='ocrx_word' id='word_1_388' title='bbox 1284 3342 1426 3396; x_wconf 74' lang='grc' dir='ltr'>κατὰ</span> <span class='ocrx_word' id='word_1_389' title='bbox 1460 3341 1523 3394; x_wconf 79' lang='grc' dir='ltr'>τὺ</span> <span class='ocrx_word' id='word_1_390' title='bbox 1548 3341 1717 3412; x_wconf 79' lang='grc' dir='ltr'>κῆδος</span> <span class='ocrx_word' id='word_1_391' title='bbox 1739 3383 1753 3406; x_wconf 91' lang='grc'>,</span> <span class='ocrx_word' id='word_1_392' title='bbox 1787 3342 1880 3394; x_wconf 74' lang='grc' dir='ltr'>καὶ</span> 
     </span>
    </p>
   </div>
   <div class='ocr_carea' id='block_1_53' title="bbox 291 3431 1878 3508">
    <p class='ocr_par' dir='ltr' id='par_1_53' title="bbox 291 3431 1878 3508">
     <span class='ocr_line' id='line_1_53' title="bbox 291 3431 1878 3508; baseline -0.004 -17"><span class='ocrx_word' id='word_1_393' title='bbox 291 3441 422 3503; x_wconf 68' lang='grc' dir='ltr'>τοὺς</span> <span class='ocrx_word' id='word_1_394' title='bbox 467 3437 816 3508; x_wconf 83' lang='grc' dir='ltr'>Ἀϐοριγίνας</span> <span class='ocrx_word' id='word_1_395' title='bbox 865 3435 973 3489; x_wconf 81' lang='grc' dir='ltr'>ἀπὸ</span> <span class='ocrx_word' id='word_1_396' title='bbox 996 3434 1090 3488; x_wconf 88' lang='grc' dir='ltr'>τοῦ</span> <span class='ocrx_word' id='word_1_397' title='bbox 1119 3431 1383 3503; x_wconf 83' lang='grc' dir='ltr'>κηδεστοῦ</span> <span class='ocrx_word' id='word_1_398' title='bbox 1413 3432 1643 3485; x_wconf 84' lang='grc' dir='ltr'>Λατίνου</span> <span class='ocrx_word' id='word_1_399' title='bbox 1671 3431 1878 3484; x_wconf 80' lang='grc' dir='ltr'>Φαύνου</span> 
     </span>
    </p>
   </div>
   <div class='ocr_carea' id='block_1_54' title="bbox 293 3524 1879 3599">
    <p class='ocr_par' dir='ltr' id='par_1_54' title="bbox 293 3524 1879 3599">
     <span class='ocr_line' id='line_1_54' title="bbox 293 3524 1879 3599; baseline -0.006 -13"><span class='ocrx_word' id='word_1_400' title='bbox 293 3533 564 3594; x_wconf 79' lang='grc' dir='ltr'>Λατίνους</span> <span class='ocrx_word' id='word_1_401' title='bbox 588 3531 929 3599; x_wconf 65' lang='grc' dir='ltr'>ἐπωνόμασε.</span> <span class='ocrx_word' id='word_1_402' title='bbox 961 3529 1142 3599; x_wconf 85' lang='grc' dir='ltr'>Τρίτῳ</span> <span class='ocrx_word' id='word_1_403' title='bbox 1166 3527 1222 3580; x_wconf 82' lang='grc' dir='ltr'>δὲ</span> <span class='ocrx_word' id='word_1_404' title='bbox 1252 3527 1362 3579; x_wconf 80' lang='grc' dir='ltr'>ἔτει</span> <span class='ocrx_word' id='word_1_405' title='bbox 1385 3524 1546 3580; x_wconf 86' lang='grc' dir='ltr'>πάλιν</span> <span class='ocrx_word' id='word_1_406' title='bbox 1571 3524 1662 3578; x_wconf 82' lang='grc' dir='ltr'>διὰ</span> <span class='ocrx_word' id='word_1_407' title='bbox 1683 3525 1879 3578; x_wconf 86' lang='grc' dir='ltr'>Λαουι-</span> 
     </span>
    </p>
   </div>
   <div class='ocr_carea' id='block_1_55' title="bbox 295 3614 1879 3694">
    <p class='ocr_par' dir='ltr' id='par_1_55' title="bbox 295 3614 1879 3694">
     <span class='ocr_line' id='line_1_55' title="bbox 295 3614 1879 3694; baseline -0.009 -15"><span class='ocrx_word' id='word_1_408' title='bbox 295 3626 418 3679; x_wconf 90' lang='grc' dir='ltr'>νίαν</span> <span class='ocrx_word' id='word_1_409' title='bbox 451 3623 558 3694; x_wconf 80' lang='grc' dir='ltr'>τὴν</span> <span class='ocrx_word' id='word_1_410' title='bbox 603 3625 840 3691; x_wconf 84' lang='grc' dir='ltr'>γυναῖκα</span> <span class='ocrx_word' id='word_1_411' title='bbox 891 3619 998 3673; x_wconf 80' lang='grc' dir='ltr'>ὑπὸ</span> <span class='ocrx_word' id='word_1_412' title='bbox 1040 3617 1370 3671; x_wconf 86' lang='grc' dir='ltr'>Ῥουτούλων</span> <span class='ocrx_word' id='word_1_413' title='bbox 1402 3615 1511 3669; x_wconf 83' lang='grc' dir='ltr'>τῶν</span> <span class='ocrx_word' id='word_1_414' title='bbox 1547 3614 1879 3687; x_wconf 81' lang='grc' dir='ltr'>Τυρρήνων,</span> 
     </span>
    </p>
   </div>
   <div class='ocr_carea' id='block_1_56' title="bbox 297 3707 1882 3790">
    <p class='ocr_par' dir='ltr' id='par_1_56' title="bbox 297 3707 1882 3790">
     <span class='ocr_line' id='line_1_56' title="bbox 297 3707 1882 3790; baseline -0.008 -20"><span class='ocrx_word' id='word_1_415' title='bbox 297 3714 849 3790; x_wconf 80' lang='grc' dir='ltr'>προμνηστευθείσαν</span> <span class='ocrx_word' id='word_1_416' title='bbox 886 3711 1062 3766; x_wconf 82' lang='grc' dir='ltr'>αὐτῶν</span> <span class='ocrx_word' id='word_1_417' title='bbox 1085 3710 1162 3782; x_wconf 82' lang='grc' dir='ltr'>τῷ</span> <span class='ocrx_word' id='word_1_418' title='bbox 1190 3707 1431 3780; x_wconf 87' lang='grc' dir='ltr'>βασιλεῖ,</span> <span class='ocrx_word' id='word_1_419' title='bbox 1452 3709 1755 3777; x_wconf 87' lang='grc' dir='ltr'>ἀναιρεῖται</span> <span class='ocrx_word' id='word_1_420' title='bbox 1789 3723 1882 3759; x_wconf 79' lang='grc' dir='ltr'>πο-</span> 
     </span>
    </p>
   </div>
   <div class='ocr_carea' id='block_1_57' title="bbox 296 3797 1880 3880">
    <p class='ocr_par' dir='ltr' id='par_1_57' title="bbox 296 3797 1880 3880">
     <span class='ocr_line' id='line_1_57' title="bbox 296 3797 1880 3880; baseline -0.01 -15"><span class='ocrx_word' id='word_1_421' title='bbox 296 3810 468 3880; x_wconf 74' lang='grc' dir='ltr'>λέμου</span> <span class='ocrx_word' id='word_1_422' title='bbox 497 3809 655 3878; x_wconf 90' lang='grc' dir='ltr'>νόμῳ</span> <span class='ocrx_word' id='word_1_423' title='bbox 690 3809 719 3860; x_wconf 86' lang='grc' dir='ltr'>ὁ</span> <span class='ocrx_word' id='word_1_424' title='bbox 745 3806 963 3868; x_wconf 77' lang='grc' dir='ltr'>Αἰνείας</span> <span class='ocrx_word' id='word_1_425' title='bbox 983 3842 999 3869; x_wconf 89' lang='grc'>,</span> <span class='ocrx_word' id='word_1_426' title='bbox 1025 3805 1120 3857; x_wconf 68' lang='grc' dir='ltr'>καὶ</span> <span class='ocrx_word' id='word_1_427' title='bbox 1143 3804 1242 3873; x_wconf 84' lang='grc' dir='ltr'>τὴν</span> <span class='ocrx_word' id='word_1_428' title='bbox 1266 3800 1440 3871; x_wconf 83' lang='grc' dir='ltr'>ἀρχὴν</span> <span class='ocrx_word' id='word_1_429' title='bbox 1469 3798 1740 3866; x_wconf 77' lang='grc' dir='ltr'>διεδέξατο</span> <span class='ocrx_word' id='word_1_430' title='bbox 1774 3797 1880 3850; x_wconf 83' lang='grc' dir='ltr'>Εὐ-</span> 
     </span>
    </p>
   </div>
   <div class='ocr_carea' id='block_1_58' title="bbox 303 3888 1882 3976">
    <p class='ocr_par' dir='ltr' id='par_1_58' title="bbox 303 3888 1882 3976">
     <span class='ocr_line' id='line_1_58' title="bbox 303 3888 1882 3976; baseline -0.009 -20"><span class='ocrx_word' id='word_1_431' title='bbox 303 3904 513 3976; x_wconf 87' lang='grc' dir='ltr'>ρυλέων</span> <span class='ocrx_word' id='word_1_432' title='bbox 539 3940 556 3966; x_wconf 89' lang='grc'>,</span> <span class='ocrx_word' id='word_1_433' title='bbox 599 3900 882 3962; x_wconf 88' lang='grc' dir='ltr'>Ἀσκάνιος</span> <span class='ocrx_word' id='word_1_434' title='bbox 914 3893 1337 3968; x_wconf 77' lang='grc' dir='ltr'>μετονομασθεὶς</span> <span class='ocrx_word' id='word_1_435' title='bbox 1359 3932 1375 3956; x_wconf 86' lang='grc'>,</span> <span class='ocrx_word' id='word_1_436' title='bbox 1400 3892 1458 3956; x_wconf 84' lang='grc' dir='ltr'>ὃς</span> <span class='ocrx_word' id='word_1_437' title='bbox 1494 3889 1760 3963; x_wconf 76' lang='grc' dir='ltr'>ἐγεννήθη</span> <span class='ocrx_word' id='word_1_438' title='bbox 1804 3888 1882 3959; x_wconf 84' lang='grc' dir='ltr'>τῷ</span> 
     </span>
    </p>
   </div>
   <div class='ocr_carea' id='block_1_59' title="bbox 303 3983 1883 4067">
    <p class='ocr_par' dir='ltr' id='par_1_59' title="bbox 303 3983 1883 4067">
     <span class='ocr_line' id='line_1_59' title="bbox 303 3983 1883 4067; baseline -0.01 -17"><span class='ocrx_word' id='word_1_439' title='bbox 303 3997 497 4067; x_wconf 71' lang='grc' dir='ltr'>Αἰνεία</span> <span class='ocrx_word' id='word_1_440' title='bbox 527 3997 594 4048; x_wconf 83' lang='grc' dir='ltr'>ὲκ</span> <span class='ocrx_word' id='word_1_441' title='bbox 639 3991 924 4064; x_wconf 82' lang='grc' dir='ltr'>Κρεούσης</span> <span class='ocrx_word' id='word_1_442' title='bbox 965 3988 1058 4062; x_wconf 74' lang='grc'>[52</span> <span class='ocrx_word' id='word_1_443' title='bbox 1093 3985 1200 4058; x_wconf 61' lang='grc' dir='ltr'>Κ]</span> <span class='ocrx_word' id='word_1_444' title='bbox 1236 3989 1335 4055; x_wconf 83' lang='grc' dir='ltr'>τῆς</span> <span class='ocrx_word' id='word_1_445' title='bbox 1373 3983 1659 4056; x_wconf 83' lang='grc' dir='ltr'>Πριάμου,</span> <span class='ocrx_word' id='word_1_446' title='bbox 1693 3983 1792 4050; x_wconf 78' lang='grc' dir='ltr'>τῆς</span> <span class='ocrx_word' id='word_1_447' title='bbox 1824 3983 1883 4034; x_wconf 87' lang='grc' dir='ltr'>ὲν</span> 
     </span>
    </p>
   </div>
   <div class='ocr_carea' id='block_1_60' title="bbox 313 4073 1883 4158">
    <p class='ocr_par' dir='ltr' id='par_1_60' title="bbox 313 4073 1883 4158">
     <span class='ocr_line' id='line_1_60' title="bbox 313 4073 1883 4158; baseline -0.012 -17"><span class='ocrx_word' id='word_1_448' title='bbox 313 4087 455 4158; x_wconf 83' lang='grc' dir='ltr'>Ἰλίῳ</span> <span class='ocrx_word' id='word_1_449' title='bbox 488 4083 795 4154; x_wconf 83' lang='grc' dir='ltr'>γενομένης</span> <span class='ocrx_word' id='word_1_450' title='bbox 823 4079 970 4150; x_wconf 81' lang='grc' dir='ltr'>αὐτῷ</span> <span class='ocrx_word' id='word_1_451' title='bbox 993 4077 1249 4148; x_wconf 85' lang='grc' dir='ltr'>γυναικός</span> <span class='ocrx_word' id='word_1_452' title='bbox 1269 4091 1282 4104; x_wconf 89' lang='grc'><strong>·</strong></span> <span class='ocrx_word' id='word_1_453' title='bbox 1305 4076 1355 4128; x_wconf 84' lang='lat' dir='ltr'>oi</span> <span class='ocrx_word' id='word_1_454' title='bbox 1380 4075 1438 4128; x_wconf 83' lang='grc' dir='ltr'>δὲ</span> <span class='ocrx_word' id='word_1_455' title='bbox 1470 4077 1536 4127; x_wconf 88' lang='grc' dir='ltr'>ὲκ</span> <span class='ocrx_word' id='word_1_456' title='bbox 1562 4073 1660 4144; x_wconf 79' lang='grc' dir='ltr'>τῆς</span> <span class='ocrx_word' id='word_1_457' title='bbox 1685 4073 1883 4126; x_wconf 90' lang='grc' dir='ltr'>Λαουι-</span> 
     </span>
    </p>
   </div>
   <div class='ocr_carea' id='block_1_61' title="bbox 300 4163 1883 4243">
    <p class='ocr_par' dir='ltr' id='par_1_61' title="bbox 300 4163 1883 4243">
     <span class='ocr_line' id='line_1_61' title="bbox 300 4163 1883 4243; baseline -0.011 -10"><span class='ocrx_word' id='word_1_458' title='bbox 300 4180 422 4242; x_wconf 83' lang='grc' dir='ltr'>νίας</span> <span class='ocrx_word' id='word_1_459' title='bbox 472 4177 759 4231; x_wconf 78' lang='grc' dir='ltr'>Ἀσκάνιον</span> <span class='ocrx_word' id='word_1_460' title='bbox 787 4171 934 4243; x_wconf 84' lang='grc' dir='ltr'>αύτῷ</span> <span class='ocrx_word' id='word_1_461' title='bbox 958 4166 1285 4240; x_wconf 77' lang='grc' dir='ltr'>γεννηθῆναι</span> <span class='ocrx_word' id='word_1_462' title='bbox 1319 4183 1489 4236; x_wconf 83' lang='grc' dir='ltr'>φασι,</span> <span class='ocrx_word' id='word_1_463' title='bbox 1521 4164 1612 4218; x_wconf 80' lang='grc' dir='ltr'>τὸν</span> <span class='ocrx_word' id='word_1_464' title='bbox 1641 4163 1883 4232; x_wconf 89' lang='grc' dir='ltr'>διάδοχον</span> 
     </span>
    </p>
   </div>
   <div class='ocr_carea' id='block_1_62' title="bbox 302 4256 1884 4342">
    <p class='ocr_par' dir='ltr' id='par_1_62' title="bbox 302 4256 1884 4342">
     <span class='ocr_line' id='line_1_62' title="bbox 302 4256 1884 4342; baseline -0.011 -17"><span class='ocrx_word' id='word_1_465' title='bbox 302 4274 402 4342; x_wconf 80' lang='grc' dir='ltr'>τῆς</span> <span class='ocrx_word' id='word_1_466' title='bbox 422 4269 628 4341; x_wconf 82' lang='grc' dir='ltr'>ἀρχῆς.</span> <span class='ocrx_word' id='word_1_467' title='bbox 658 4266 942 4320; x_wconf 83' lang='grc' dir='ltr'>Ἀσκανίου</span> <span class='ocrx_word' id='word_1_468' title='bbox 972 4263 1028 4316; x_wconf 81' lang='grc' dir='ltr'>δὲ</span> <span class='ocrx_word' id='word_1_469' title='bbox 1049 4261 1468 4332; x_wconf 86' lang='grc' dir='ltr'>τελευτήσαντος</span> <span class='ocrx_word' id='word_1_470' title='bbox 1501 4257 1611 4310; x_wconf 73' lang='grc' dir='ltr'>ἔτει</span> <span class='ocrx_word' id='word_1_471' title='bbox 1637 4256 1884 4326; x_wconf 85' lang='grc' dir='ltr'>τετάρτῳ</span> 
     </span>
    </p>
   </div>
   <div class='ocr_carea' id='block_1_63' title="bbox 307 4346 1883 4437">
    <p class='ocr_par' dir='ltr' id='par_1_63' title="bbox 307 4346 1883 4437">
     <span class='ocr_line' id='line_1_63' title="bbox 307 4346 1883 4437; baseline -0.01 -18"><span class='ocrx_word' id='word_1_472' title='bbox 307 4366 450 4437; x_wconf 75' lang='grc' dir='ltr'>μετὰ</span> <span class='ocrx_word' id='word_1_473' title='bbox 479 4366 580 4433; x_wconf 82' lang='grc' dir='ltr'>τὴν</span> <span class='ocrx_word' id='word_1_474' title='bbox 618 4359 824 4432; x_wconf 83' lang='grc' dir='ltr'>’Λλϐης</span> <span class='ocrx_word' id='word_1_475' title='bbox 848 4360 1046 4413; x_wconf 83' lang='grc' dir='ltr'>οἷκισιν</span> <span class='ocrx_word' id='word_1_476' title='bbox 1066 4357 1104 4389; x_wconf 75' lang='grc'>³⁸</span> <span class='ocrx_word' id='word_1_477' title='bbox 1129 4357 1260 4426; x_wconf 76' lang='grc' dir='ltr'>(καὶ</span> <span class='ocrx_word' id='word_1_478' title='bbox 1281 4354 1390 4422; x_wconf 84' lang='grc' dir='ltr'>γὰρ</span> <span class='ocrx_word' id='word_1_479' title='bbox 1411 4352 1506 4407; x_wconf 74' lang='grc' dir='ltr'>καὶ</span> <span class='ocrx_word' id='word_1_480' title='bbox 1525 4346 1679 4414; x_wconf 75' lang='grc' dir='ltr'>οὗτος</span> <span class='ocrx_word' id='word_1_481' title='bbox 1700 4351 1883 4405; x_wconf 78' lang='grc' dir='ltr'>ἔκτισε</span> 
     </span>
    </p>
   </div>
   <div class='ocr_carea' id='block_1_64' title="bbox 304 4442 1884 4525">
    <p class='ocr_par' dir='ltr' id='par_1_64' title="bbox 304 4442 1884 4525">
     <span class='ocr_line' id='line_1_64' title="bbox 304 4442 1884 4525; baseline -0.009 -15"><span class='ocrx_word' id='word_1_482' title='bbox 304 4459 460 4512; x_wconf 83' lang='grc' dir='ltr'>πόλιν</span> <span class='ocrx_word' id='word_1_483' title='bbox 481 4497 497 4521; x_wconf 98' lang='grc'>,</span> <span class='ocrx_word' id='word_1_484' title='bbox 526 4455 736 4525; x_wconf 81' lang='grc' dir='ltr'>Ἀλϐην</span> <span class='ocrx_word' id='word_1_485' title='bbox 766 4452 999 4514; x_wconf 85' lang='grc' dir='ltr'>καλέσας</span> <span class='ocrx_word' id='word_1_486' title='bbox 1018 4492 1032 4516; x_wconf 95' lang='grc'>,</span> <span class='ocrx_word' id='word_1_487' title='bbox 1068 4448 1165 4503; x_wconf 73' lang='grc' dir='ltr'>καὶ</span> <span class='ocrx_word' id='word_1_488' title='bbox 1193 4447 1300 4502; x_wconf 80' lang='grc' dir='ltr'>ἀπὸ</span> <span class='ocrx_word' id='word_1_489' title='bbox 1321 4444 1614 4508; x_wconf 88' lang='grc' dir='ltr'>Λαουινίας</span> <span class='ocrx_word' id='word_1_490' title='bbox 1640 4443 1730 4496; x_wconf 85' lang='grc' dir='ltr'>τὸν</span> <span class='ocrx_word' id='word_1_491' title='bbox 1756 4442 1884 4496; x_wconf 83' lang='grc' dir='ltr'>λαὸν</span> 
     </span>
    </p>
   </div>
   <div class='ocr_carea' id='block_1_65' title="bbox 1984 1883 3562 1958">
    <p class='ocr_par' dir='ltr' id='par_1_65' title="bbox 1984 1883 3562 1958">
     <span class='ocr_line' id='line_1_65' title="bbox 1984 1883 3562 1958; baseline -0.003 -16"><span class='ocrx_word' id='word_1_492' title='bbox 1984 1905 2270 1944; x_wconf 86' lang='lat' dir='ltr'><strong>manorum</strong></span> <span class='ocrx_word' id='word_1_493' title='bbox 2310 1897 2633 1958; x_wconf 89' lang='lat' dir='ltr'><strong>potestatem</strong></span> <span class='ocrx_word' id='word_1_494' title='bbox 2678 1889 2888 1944; x_wconf 83' lang='lat' dir='ltr'><strong>venerit</strong></span> <span class='ocrx_word' id='word_1_495' title='bbox 2927 1905 2941 1940; x_wconf 88' lang='lat'><strong>:</strong></span> <span class='ocrx_word' id='word_1_496' title='bbox 2981 1895 3147 1957; x_wconf 90' lang='lat' dir='ltr'><strong>utque</strong></span> <span class='ocrx_word' id='word_1_497' title='bbox 3195 1901 3281 1940; x_wconf 91' lang='lat' dir='ltr'>res</span> <span class='ocrx_word' id='word_1_498' title='bbox 3315 1883 3562 1938; x_wconf 81' lang='lat' dir='ltr'><strong>Romana</strong></span> 
     </span>
    </p>
   </div>
   <div class='ocr_carea' id='block_1_66' title="bbox 1988 1979 3115 2051">
    <p class='ocr_par' dir='ltr' id='par_1_66' title="bbox 1988 1979 3115 2051">
     <span class='ocr_line' id='line_1_66' title="bbox 1988 1979 3115 2051; baseline 0 -17"><span class='ocrx_word' id='word_1_499' title='bbox 1988 1979 2043 2034; x_wconf 89' lang='lat' dir='ltr'>in</span> <span class='ocrx_word' id='word_1_500' title='bbox 2076 1982 2238 2036; x_wconf 90' lang='lat' dir='ltr'><strong>unius</strong></span> <span class='ocrx_word' id='word_1_501' title='bbox 2266 1981 2498 2051; x_wconf 76' lang='lat' dir='ltr'><strong>Augusti</strong></span> <span class='ocrx_word' id='word_1_502' title='bbox 2526 1981 2810 2050; x_wconf 91' lang='lat' dir='ltr'><strong>imperium</strong></span> <span class='ocrx_word' id='word_1_503' title='bbox 2841 1980 3115 2034; x_wconf 90' lang='lat' dir='ltr'><strong>reciderit.</strong></span> 
     </span>
    </p>
   </div>
   <div class='ocr_carea' id='block_1_67' title="bbox 3156 2066 3565 2124">
    <p class='ocr_par' dir='ltr' id='par_1_67' title="bbox 3156 2066 3565 2124">
     <span class='ocr_line' id='line_1_67' title="bbox 3156 2066 3565 2124; baseline -0.005 -1"><span class='ocrx_word' id='word_1_504' title='bbox 3156 2069 3250 2124; x_wconf 74' lang='lat' dir='ltr'>mi.</span> <span class='ocrx_word' id='word_1_505' title='bbox 3287 2066 3357 2123; x_wconf 80' lang='grc' dir='ltr'>τὰ</span> <span class='ocrx_word' id='word_1_506' title='bbox 3430 2068 3565 2121; x_wconf 83' lang='grc' dir='ltr'>Ῥω-</span> 
     </span>
    </p>
   </div>
   <div class='ocr_carea' id='block_1_68' title="bbox 2060 2244 3565 2311">
    <p class='ocr_par' dir='ltr' id='par_1_68' title="bbox 2060 2244 3565 2311">
     <span class='ocr_line' id='line_1_68' title="bbox 2060 2244 3565 2311; baseline -0.003 -7"><span class='ocrx_word' id='word_1_507' title='bbox 2060 2249 2317 2304; x_wconf 71' lang='lat' dir='ltr'><strong>Historiae</strong></span> <span class='ocrx_word' id='word_1_508' title='bbox 2365 2249 2530 2302; x_wconf 90' lang='lat' dir='ltr'><strong>totius</strong></span> <span class='ocrx_word' id='word_1_509' title='bbox 2590 2248 2803 2302; x_wconf 90' lang='lat' dir='ltr'><strong>initium</strong></span> <span class='ocrx_word' id='word_1_510' title='bbox 2856 2247 3076 2302; x_wconf 86' lang='lat' dir='ltr'><strong>ducitur</strong></span> <span class='ocrx_word' id='word_1_511' title='bbox 3112 2245 3180 2300; x_wconf 83' lang='lat' dir='ltr'>ab</span> <span class='ocrx_word' id='word_1_512' title='bbox 3222 2244 3416 2311; x_wconf 64' lang='lat' dir='ltr'><strong>Ainea,</strong></span> <span class='ocrx_word' id='word_1_513' title='bbox 3455 2244 3565 2299; x_wconf 88' lang='lat' dir='ltr'><strong>filio</strong></span> 
     </span>
    </p>
   </div>
   <div class='ocr_carea' id='block_1_69' title="bbox 1982 2335 3564 2412">
    <p class='ocr_par' dir='ltr' id='par_1_69' title="bbox 1982 2335 3564 2412">
     <span class='ocr_line' id='line_1_69' title="bbox 1982 2335 3564 2412; baseline -0.005 -16"><span class='ocrx_word' id='word_1_514' title='bbox 1982 2343 2258 2408; x_wconf 70' lang='lat' dir='ltr'><strong>Anchisae,</strong></span> <span class='ocrx_word' id='word_1_515' title='bbox 2290 2342 2382 2395; x_wconf 88' lang='lat' dir='ltr'><strong>filii</strong></span> <span class='ocrx_word' id='word_1_516' title='bbox 2417 2342 2639 2412; x_wconf 86' lang='lat' dir='ltr'><strong>Capyis,</strong></span> <span class='ocrx_word' id='word_1_517' title='bbox 2677 2342 2770 2410; x_wconf 93' lang='lat' dir='ltr'>qui</span> <span class='ocrx_word' id='word_1_518' title='bbox 2822 2340 3059 2409; x_wconf 88' lang='lat' dir='ltr'><strong>Trojano</strong></span> <span class='ocrx_word' id='word_1_519' title='bbox 3109 2337 3248 2392; x_wconf 87' lang='lat' dir='ltr'><strong>bello</strong></span> <span class='ocrx_word' id='word_1_520' title='bbox 3297 2335 3564 2401; x_wconf 85' lang='lat' dir='ltr'><strong>interfuit,</strong></span> 
     </span>
    </p>
   </div>
   <div class='ocr_carea' id='block_1_70' title="bbox 1983 2429 3566 2504">
    <p class='ocr_par' dir='ltr' id='par_1_70' title="bbox 1983 2429 3566 2504">
     <span class='ocr_line' id='line_1_70' title="bbox 1983 2429 3566 2504; baseline -0.006 -14"><span class='ocrx_word' id='word_1_521' title='bbox 1983 2437 2188 2504; x_wconf 87' lang='lat' dir='ltr'><strong>Ilioque</strong></span> <span class='ocrx_word' id='word_1_522' title='bbox 2219 2447 2380 2504; x_wconf 85' lang='lat' dir='ltr'><strong>capto</strong></span> <span class='ocrx_word' id='word_1_523' title='bbox 2411 2446 2572 2503; x_wconf 87' lang='lat' dir='ltr'><strong>atque</strong></span> <span class='ocrx_word' id='word_1_524' title='bbox 2616 2449 2810 2488; x_wconf 86' lang='lat' dir='ltr'><strong>everso</strong></span> <span class='ocrx_word' id='word_1_525' title='bbox 2847 2433 2998 2502; x_wconf 86' lang='lat' dir='ltr'><strong>fugit,</strong></span> <span class='ocrx_word' id='word_1_526' title='bbox 3039 2441 3094 2486; x_wconf 92' lang='lat' dir='ltr'>et</span> <span class='ocrx_word' id='word_1_527' title='bbox 3128 2431 3291 2484; x_wconf 85' lang='lat' dir='ltr'><strong>variis</strong></span> <span class='ocrx_word' id='word_1_528' title='bbox 3323 2429 3566 2498; x_wconf 76' lang='lat' dir='ltr'><strong>jacmtus</strong></span> 
     </span>
    </p>
   </div>
   <div class='ocr_carea' id='block_1_71' title="bbox 1984 2521 3564 2596">
    <p class='ocr_par' dir='ltr' id='par_1_71' title="bbox 1984 2521 3564 2596">
     <span class='ocr_line' id='line_1_71' title="bbox 1984 2521 3564 2596; baseline -0.006 -15"><span class='ocrx_word' id='word_1_529' title='bbox 1984 2529 2294 2591; x_wconf 90' lang='lat' dir='ltr'><strong>erroribus,</strong></span> <span class='ocrx_word' id='word_1_530' title='bbox 2329 2531 2394 2581; x_wconf 85' lang='lat' dir='ltr'>ad</span> <span class='ocrx_word' id='word_1_531' title='bbox 2431 2526 2601 2580; x_wconf 59' lang='lat' dir='ltr'><strong>Italiae</strong></span> <span class='ocrx_word' id='word_1_532' title='bbox 2647 2526 2918 2596; x_wconf 87' lang='lat' dir='ltr'><strong>quoddam</strong></span> <span class='ocrx_word' id='word_1_533' title='bbox 2971 2525 3118 2577; x_wconf 91' lang='lat' dir='ltr'><strong>littus</strong></span> <span class='ocrx_word' id='word_1_534' title='bbox 3173 2537 3232 2576; x_wconf 91' lang='lat' dir='ltr'>se</span> <span class='ocrx_word' id='word_1_535' title='bbox 3281 2521 3564 2591; x_wconf 83' lang='lat' dir='ltr'><strong>applicuit,</strong></span> 
     </span>
    </p>
   </div>
   <div class='ocr_carea' id='block_1_72' title="bbox 1989 2613 3567 2688">
    <p class='ocr_par' dir='ltr' id='par_1_72' title="bbox 1989 2613 3567 2688">
     <span class='ocr_line' id='line_1_72' title="bbox 1989 2613 3567 2688; baseline -0.006 -15"><span class='ocrx_word' id='word_1_536' title='bbox 1989 2619 2136 2688; x_wconf 87' lang='lat' dir='ltr'><strong>quod</strong></span> <span class='ocrx_word' id='word_1_537' title='bbox 2169 2618 2504 2672; x_wconf 86' lang='lat' dir='ltr'><strong>Laurentum</strong></span> <span class='ocrx_word' id='word_1_538' title='bbox 2532 2619 2772 2681; x_wconf 86' lang='lat' dir='ltr'><strong>dictum;</strong></span> <span class='ocrx_word' id='word_1_539' title='bbox 2799 2618 2889 2670; x_wconf 90' lang='lat' dir='ltr'>ubi</span> <span class='ocrx_word' id='word_1_540' title='bbox 2919 2625 2973 2669; x_wconf 94' lang='lat' dir='ltr'>et</span> <span class='ocrx_word' id='word_1_541' title='bbox 3001 2623 3182 2669; x_wconf 87' lang='lat' dir='ltr'><strong>castra</strong></span> <span class='ocrx_word' id='word_1_542' title='bbox 3209 2613 3353 2680; x_wconf 81' lang='lat' dir='ltr'><strong>illius</strong></span> <span class='ocrx_word' id='word_1_543' title='bbox 3385 2621 3567 2666; x_wconf 76' lang='lat' dir='ltr'><strong>osten-</strong></span> 
     </span>
    </p>
   </div>
   <div class='ocr_carea' id='block_1_73' title="bbox 1990 2701 3561 2778">
    <p class='ocr_par' dir='ltr' id='par_1_73' title="bbox 1990 2701 3561 2778">
     <span class='ocr_line' id='line_1_73' title="bbox 1990 2701 3561 2778; baseline -0.007 -13"><span class='ocrx_word' id='word_1_544' title='bbox 1990 2711 2223 2773; x_wconf 91' lang='lat' dir='ltr'><strong>duntur,</strong></span> <span class='ocrx_word' id='word_1_545' title='bbox 2254 2718 2310 2762; x_wconf 89' lang='lat' dir='ltr'>et</span> <span class='ocrx_word' id='word_1_546' title='bbox 2335 2724 2398 2763; x_wconf 84' lang='lat' dir='ltr'><strong>ex</strong></span> <span class='ocrx_word' id='word_1_547' title='bbox 2426 2710 2539 2778; x_wconf 90' lang='lat' dir='ltr'><strong>ipso</strong></span> <span class='ocrx_word' id='word_1_548' title='bbox 2562 2723 2656 2763; x_wconf 87' lang='lat' dir='ltr'>ora</span> <span class='ocrx_word' id='word_1_549' title='bbox 2699 2708 2788 2762; x_wconf 91' lang='lat' dir='ltr'><strong>illa</strong></span> <span class='ocrx_word' id='word_1_550' title='bbox 2825 2706 3093 2760; x_wconf 88' lang='lat' dir='ltr'><strong>maritima</strong></span> <span class='ocrx_word' id='word_1_551' title='bbox 3123 2704 3358 2774; x_wconf 90' lang='lat' dir='ltr'><strong>Trojana</strong></span> <span class='ocrx_word' id='word_1_552' title='bbox 3389 2701 3561 2758; x_wconf 86' lang='lat' dir='ltr'><strong>nomi-</strong></span> 
     </span>
    </p>
   </div>
   <div class='ocr_carea' id='block_1_74' title="bbox 1984 2799 3568 2873">
    <p class='ocr_par' dir='ltr' id='par_1_74' title="bbox 1984 2799 3568 2873">
     <span class='ocr_line' id='line_1_74' title="bbox 1984 2799 3568 2873; baseline -0.003 -15"><span class='ocrx_word' id='word_1_553' title='bbox 1984 2813 2168 2858; x_wconf 85' lang='lat' dir='ltr'><strong>natur.</strong></span> <span class='ocrx_word' id='word_1_554' title='bbox 2198 2803 2503 2873; x_wconf 88' lang='lat' dir='ltr'><strong>lmperabat</strong></span> <span class='ocrx_word' id='word_1_555' title='bbox 2525 2813 2638 2857; x_wconf 90' lang='lat' dir='ltr'>tum</span> <span class='ocrx_word' id='word_1_556' title='bbox 2677 2801 2748 2855; x_wconf 87' lang='lat' dir='ltr'>ibi</span> <span class='ocrx_word' id='word_1_557' title='bbox 2775 2800 3168 2870; x_wconf 78' lang='lat' dir='ltr'><strong>Aboriginibus</strong></span> <span class='ocrx_word' id='word_1_558' title='bbox 3199 2799 3366 2853; x_wconf 62' lang='lat' dir='ltr'><strong>Italiae</strong></span> <span class='ocrx_word' id='word_1_559' title='bbox 3399 2813 3568 2867; x_wconf 86' lang='lat' dir='ltr'><strong>popu-</strong></span> 
     </span>
    </p>
   </div>
   <div class='ocr_carea' id='block_1_75' title="bbox 1983 2887 3564 2960">
    <p class='ocr_par' dir='ltr' id='par_1_75' title="bbox 1983 2887 3564 2960">
     <span class='ocr_line' id='line_1_75' title="bbox 1983 2887 3564 2960; baseline -0.006 -13"><span class='ocrx_word' id='word_1_560' title='bbox 1983 2893 2051 2948; x_wconf 88' lang='lat' dir='ltr'>lis</span> <span class='ocrx_word' id='word_1_561' title='bbox 2081 2893 2319 2956; x_wconf 79' lang='lat' dir='ltr'><strong>Faunus,</strong></span> <span class='ocrx_word' id='word_1_562' title='bbox 2375 2891 2563 2947; x_wconf 83' lang='lat' dir='ltr'><strong>Martis</strong></span> <span class='ocrx_word' id='word_1_563' title='bbox 2629 2891 2818 2945; x_wconf 83' lang='lat' dir='ltr'><strong>ﬁlius:</strong></span> <span class='ocrx_word' id='word_1_564' title='bbox 2871 2890 2964 2960; x_wconf 90' lang='lat' dir='ltr'>qui</span> <span class='ocrx_word' id='word_1_565' title='bbox 3002 2898 3057 2944; x_wconf 91' lang='lat' dir='ltr'>et</span> <span class='ocrx_word' id='word_1_566' title='bbox 3106 2887 3292 2944; x_wconf 71' lang='lat' dir='ltr'>1E!th</span> <span class='ocrx_word' id='word_1_567' title='bbox 3338 2897 3564 2955; x_wconf 90' lang='lat' dir='ltr'><strong>nuptum</strong></span> 
     </span>
    </p>
   </div>
   <div class='ocr_carea' id='block_1_76' title="bbox 1984 2976 3564 3053">
    <p class='ocr_par' dir='ltr' id='par_1_76' title="bbox 1984 2976 3564 3053">
     <span class='ocr_line' id='line_1_76' title="bbox 1984 2976 3564 3053; baseline -0.005 -13"><span class='ocrx_word' id='word_1_568' title='bbox 1984 2985 2152 3040; x_wconf 85' lang='lat' dir='ltr'><strong>ﬁliam</strong></span> <span class='ocrx_word' id='word_1_569' title='bbox 2194 3000 2348 3040; x_wconf 86' lang='lat' dir='ltr'><strong>suam</strong></span> <span class='ocrx_word' id='word_1_570' title='bbox 2374 2983 2667 3053; x_wconf 37' lang='lat' dir='ltr'><strong>.Laviniam</strong></span> <span class='ocrx_word' id='word_1_571' title='bbox 2716 2983 2886 3048; x_wconf 83' lang='lat' dir='ltr'><strong>dedit,</strong></span> <span class='ocrx_word' id='word_1_572' title='bbox 2933 2982 3439 3052; x_wconf 80' lang='lat' dir='ltr'><strong>quadringentaque</strong></span> <span class='ocrx_word' id='word_1_573' title='bbox 3485 2976 3564 3048; x_wconf 83' lang='lat'>(5)</span> 
     </span>
    </p>
   </div>
   <div class='ocr_carea' id='block_1_77' title="bbox 1985 3070 3566 3138">
    <p class='ocr_par' dir='ltr' id='par_1_77' title="bbox 1985 3070 3566 3138">
     <span class='ocr_line' id='line_1_77' title="bbox 1985 3070 3566 3138; baseline -0.004 -8"><span class='ocrx_word' id='word_1_574' title='bbox 1985 3077 2191 3131; x_wconf 86' lang='lat' dir='ltr'><strong>circum</strong></span> <span class='ocrx_word' id='word_1_575' title='bbox 2215 3075 2364 3130; x_wconf 91' lang='lat' dir='ltr'><strong>circa</strong></span> <span class='ocrx_word' id='word_1_576' title='bbox 2406 3086 2564 3130; x_wconf 60' lang='lat' dir='ltr'><strong>terra:</strong></span> <span class='ocrx_word' id='word_1_577' title='bbox 2592 3076 2763 3129; x_wconf 83' lang='lat' dir='ltr'><strong>stadia</strong></span> <span class='ocrx_word' id='word_1_578' title='bbox 2805 3074 3076 3138; x_wconf 90' lang='lat' dir='ltr'><strong>attribuit,</strong></span> <span class='ocrx_word' id='word_1_579' title='bbox 3107 3075 3194 3126; x_wconf 91' lang='lat' dir='ltr'>ubi</span> <span class='ocrx_word' id='word_1_580' title='bbox 3239 3070 3444 3128; x_wconf 57' lang='lat' dir='ltr'><strong>[Encas</strong></span> <span class='ocrx_word' id='word_1_581' title='bbox 3465 3085 3566 3137; x_wconf 92' lang='lat' dir='ltr'><strong>op-</strong></span> 
     </span>
    </p>
   </div>
   <div class='ocr_carea' id='block_1_78' title="bbox 1988 3159 3570 3240">
    <p class='ocr_par' dir='ltr' id='par_1_78' title="bbox 1988 3159 3570 3240">
     <span class='ocr_line' id='line_1_78' title="bbox 1988 3159 3570 3240; baseline -0.005 -18"><span class='ocrx_word' id='word_1_582' title='bbox 1988 3169 2173 3240; x_wconf 88' lang='lat' dir='ltr'><strong>pidum</strong></span> <span class='ocrx_word' id='word_1_583' title='bbox 2195 3168 2506 3234; x_wconf 76' lang='lat' dir='ltr'><strong>:edilicavit,</strong></span> <span class='ocrx_word' id='word_1_584' title='bbox 2523 3165 2667 3236; x_wconf 90' lang='lat' dir='ltr'><strong>quod</strong></span> <span class='ocrx_word' id='word_1_585' title='bbox 2690 3165 2757 3220; x_wconf 85' lang='lat' dir='ltr'>ab</span> <span class='ocrx_word' id='word_1_586' title='bbox 2773 3165 2958 3220; x_wconf 83' lang='lat' dir='ltr'><strong>uxoris</strong></span> <span class='ocrx_word' id='word_1_587' title='bbox 2981 3163 3219 3219; x_wconf 68' lang='lat' dir='ltr'><strong>Laviniae</strong></span> <span class='ocrx_word' id='word_1_588' title='bbox 3241 3159 3570 3218; x_wconf 86' lang='lat' dir='ltr'><strong>nomineLa-</strong></span> 
     </span>
    </p>
   </div>
   <div class='ocr_carea' id='block_1_79' title="bbox 1984 3253 3568 3320">
    <p class='ocr_par' dir='ltr' id='par_1_79' title="bbox 1984 3253 3568 3320">
     <span class='ocr_line' id='line_1_79' title="bbox 1984 3253 3568 3320; baseline -0.004 -9"><span class='ocrx_word' id='word_1_589' title='bbox 1984 3260 2188 3314; x_wconf 90' lang='lat' dir='ltr'><strong>viuium</strong></span> <span class='ocrx_word' id='word_1_590' title='bbox 2267 3258 2501 3313; x_wconf 83' lang='lat' dir='ltr'><strong>vocavit.</strong></span> <span class='ocrx_word' id='word_1_591' title='bbox 2561 3255 2747 3310; x_wconf 90' lang='lat' dir='ltr'><strong>Tertio</strong></span> <span class='ocrx_word' id='word_1_592' title='bbox 2804 3255 3002 3310; x_wconf 87' lang='lat' dir='ltr'><strong>abhinc</strong></span> <span class='ocrx_word' id='word_1_593' title='bbox 3072 3269 3238 3320; x_wconf 87' lang='lat' dir='ltr'><strong>anno,</strong></span> <span class='ocrx_word' id='word_1_594' title='bbox 3297 3253 3568 3308; x_wconf 80' lang='lat' dir='ltr'><strong>exstincto</strong></span> 
     </span>
    </p>
   </div>
   <div class='ocr_carea' id='block_1_80' title="bbox 1979 3344 3566 3421">
    <p class='ocr_par' dir='ltr' id='par_1_80' title="bbox 1979 3344 3566 3421">
     <span class='ocr_line' id='line_1_80' title="bbox 1979 3344 3566 3421; baseline -0.006 -13"><span class='ocrx_word' id='word_1_595' title='bbox 1979 3351 2189 3418; x_wconf 86' lang='lat' dir='ltr'><strong>Fauno,</strong></span> <span class='ocrx_word' id='word_1_596' title='bbox 2218 3350 2511 3421; x_wconf 71' lang='lat' dir='ltr'><strong>imperiunm</strong></span> <span class='ocrx_word' id='word_1_597' title='bbox 2535 3358 2729 3403; x_wconf 86' lang='lat' dir='ltr'><strong>nactus</strong></span> <span class='ocrx_word' id='word_1_598' title='bbox 2746 3347 2953 3402; x_wconf 67' lang='lat' dir='ltr'><strong>IEneas</strong></span> <span class='ocrx_word' id='word_1_599' title='bbox 2978 3357 3086 3410; x_wconf 89' lang='lat' dir='ltr'><strong>est,</strong></span> <span class='ocrx_word' id='word_1_600' title='bbox 3119 3346 3242 3415; x_wconf 86' lang='lat' dir='ltr'><strong>jure</strong></span> <span class='ocrx_word' id='word_1_601' title='bbox 3259 3344 3566 3410; x_wconf 75' lang='lat' dir='ltr'><strong>afﬁnitatis;</strong></span> 
     </span>
    </p>
   </div>
   <div class='ocr_carea' id='block_1_81' title="bbox 1981 3434 3568 3513">
    <p class='ocr_par' dir='ltr' id='par_1_81' title="bbox 1981 3434 3568 3513">
     <span class='ocr_line' id='line_1_81' title="bbox 1981 3434 3568 3513; baseline -0.007 -14"><span class='ocrx_word' id='word_1_602' title='bbox 1981 3455 2037 3500; x_wconf 91' lang='lat' dir='ltr'>et</span> <span class='ocrx_word' id='word_1_603' title='bbox 2069 3442 2409 3513; x_wconf 83' lang='lat' dir='ltr'><strong>Aborigeues</strong></span> <span class='ocrx_word' id='word_1_604' title='bbox 2446 3441 2516 3496; x_wconf 92' lang='lat' dir='ltr'>ob</span> <span class='ocrx_word' id='word_1_605' title='bbox 2567 3439 2880 3494; x_wconf 74' lang='lat' dir='ltr'><strong>affinitatem</strong></span> <span class='ocrx_word' id='word_1_606' title='bbox 2918 3438 3096 3493; x_wconf 80' lang='lat' dir='ltr'><strong>Latini</strong></span> <span class='ocrx_word' id='word_1_607' title='bbox 3136 3436 3306 3491; x_wconf 87' lang='lat' dir='ltr'><strong>Fauni</strong></span> <span class='ocrx_word' id='word_1_608' title='bbox 3343 3434 3568 3488; x_wconf 85' lang='lat' dir='ltr'><strong>Latinos</strong></span> 
     </span>
    </p>
   </div>
   <div class='ocr_carea' id='block_1_82' title="bbox 1984 3526 3561 3596">
    <p class='ocr_par' dir='ltr' id='par_1_82' title="bbox 1984 3526 3561 3596">
     <span class='ocr_line' id='line_1_82' title="bbox 1984 3526 3561 3596; baseline -0.007 -7"><span class='ocrx_word' id='word_1_609' title='bbox 1984 3534 2310 3589; x_wconf 89' lang='lat' dir='ltr'><strong>nominavit.</strong></span> <span class='ocrx_word' id='word_1_610' title='bbox 2338 3531 2523 3588; x_wconf 91' lang='lat' dir='ltr'><strong>Tertio</strong></span> <span class='ocrx_word' id='word_1_611' title='bbox 2571 3532 2767 3586; x_wconf 86' lang='lat' dir='ltr'><strong>iterum</strong></span> <span class='ocrx_word' id='word_1_612' title='bbox 2825 3546 2967 3584; x_wconf 90' lang='lat' dir='ltr'><strong>anno</strong></span> <span class='ocrx_word' id='word_1_613' title='bbox 3015 3544 3045 3583; x_wconf 94' lang='lat' dir='ltr'>a</span> <span class='ocrx_word' id='word_1_614' title='bbox 3104 3529 3317 3583; x_wconf 76' lang='lat' dir='ltr'><strong>Rutulis</strong></span> <span class='ocrx_word' id='word_1_615' title='bbox 3349 3526 3561 3596; x_wconf 83' lang='lat' dir='ltr'><strong>populis</strong></span> 
     </span>
    </p>
   </div>
   <div class='ocr_carea' id='block_1_83' title="bbox 1983 3619 3566 3698">
    <p class='ocr_par' dir='ltr' id='par_1_83' title="bbox 1983 3619 3566 3698">
     <span class='ocr_line' id='line_1_83' title="bbox 1983 3619 3566 3698; baseline -0.007 -17"><span class='ocrx_word' id='word_1_616' title='bbox 1983 3625 2304 3698; x_wconf 75' lang='lat' dir='ltr'><strong>Tyrrhenia:</strong></span> <span class='ocrx_word' id='word_1_617' title='bbox 2349 3625 2568 3693; x_wconf 66' lang='lat' dir='ltr'><strong>propter</strong></span> <span class='ocrx_word' id='word_1_618' title='bbox 2611 3621 2914 3686; x_wconf 87' lang='lat' dir='ltr'><strong>Laviniam,</strong></span> <span class='ocrx_word' id='word_1_619' title='bbox 2965 3621 3180 3675; x_wconf 92' lang='lat' dir='ltr'><strong>illorum</strong></span> <span class='ocrx_word' id='word_1_620' title='bbox 3227 3619 3356 3688; x_wconf 82' lang='lat' dir='ltr'><strong>Regi</strong></span> <span class='ocrx_word' id='word_1_621' title='bbox 3403 3627 3566 3673; x_wconf 79' lang='lat' dir='ltr'><strong>antea</strong></span> 
     </span>
    </p>
   </div>
   <div class='ocr_carea' id='block_1_84' title="bbox 1983 3711 3560 3787">
    <p class='ocr_par' dir='ltr' id='par_1_84' title="bbox 1983 3711 3560 3787">
     <span class='ocr_line' id='line_1_84' title="bbox 1983 3711 3560 3787; baseline -0.006 -14"><span class='ocrx_word' id='word_1_622' title='bbox 1983 3720 2348 3787; x_wconf 85' lang='lat' dir='ltr'><strong>desponsam,</strong></span> <span class='ocrx_word' id='word_1_623' title='bbox 2401 3716 2542 3770; x_wconf 89' lang='lat' dir='ltr'><strong>bello</strong></span> <span class='ocrx_word' id='word_1_624' title='bbox 2591 3713 3090 3780; x_wconf 64' lang='lat' dir='ltr'><strong>tollittirjEtteas;</strong></span> <span class='ocrx_word' id='word_1_625' title='bbox 3160 3711 3560 3781; x_wconf 84' lang='lat' dir='ltr'><strong>imperiumque</strong></span> 
     </span>
    </p>
   </div>
   <div class='ocr_carea' id='block_1_85' title="bbox 1983 3801 3562 3882">
    <p class='ocr_par' dir='ltr' id='par_1_85' title="bbox 1983 3801 3562 3882">
     <span class='ocr_line' id='line_1_85' title="bbox 1983 3801 3562 3882; baseline -0.004 -18"><span class='ocrx_word' id='word_1_626' title='bbox 1983 3812 2254 3882; x_wconf 87' lang='lat' dir='ltr'><strong>Euryleon</strong></span> <span class='ocrx_word' id='word_1_627' title='bbox 2327 3810 2590 3879; x_wconf 86' lang='lat' dir='ltr'><strong>suscepit,</strong></span> <span class='ocrx_word' id='word_1_628' title='bbox 2634 3808 2902 3863; x_wconf 88' lang='lat' dir='ltr'><strong>Ascanius</strong></span> <span class='ocrx_word' id='word_1_629' title='bbox 2953 3807 3393 3876; x_wconf 86' lang='lat' dir='ltr'><strong>cognominatus.</strong></span> <span class='ocrx_word' id='word_1_630' title='bbox 3461 3801 3562 3857; x_wconf 88' lang='lat' dir='ltr'><strong>llic</strong></span> 
     </span>
    </p>
   </div>
   <div class='ocr_carea' id='block_1_86' title="bbox 1983 3898 3556 3968">
    <p class='ocr_par' dir='ltr' id='par_1_86' title="bbox 1983 3898 3556 3968">
     <span class='ocr_line' id='line_1_86' title="bbox 1983 3898 3556 3968; baseline -0.006 -11"><span class='ocrx_word' id='word_1_631' title='bbox 1983 3903 2171 3958; x_wconf 62' lang='lat' dir='ltr'><strong>Eneti:</strong></span> <span class='ocrx_word' id='word_1_632' title='bbox 2201 3918 2269 3957; x_wconf 87' lang='lat' dir='ltr'><strong>ex</strong></span> <span class='ocrx_word' id='word_1_633' title='bbox 2296 3903 2506 3957; x_wconf 86' lang='lat' dir='ltr'><strong>Creusa</strong></span> <span class='ocrx_word' id='word_1_634' title='bbox 2541 3901 2743 3955; x_wconf 87' lang='lat' dir='ltr'><strong>Priami</strong></span> <span class='ocrx_word' id='word_1_635' title='bbox 2772 3901 2903 3964; x_wconf 80' lang='lat' dir='ltr'><strong>lilia,</strong></span> <span class='ocrx_word' id='word_1_636' title='bbox 2937 3914 3099 3968; x_wconf 91' lang='lat' dir='ltr'><strong>quam</strong></span> <span class='ocrx_word' id='word_1_637' title='bbox 3130 3899 3180 3952; x_wconf 92' lang='lat' dir='ltr'><strong>in</strong></span> <span class='ocrx_word' id='word_1_638' title='bbox 3208 3898 3304 3952; x_wconf 91' lang='lat' dir='ltr'><strong>Ilio</strong></span> <span class='ocrx_word' id='word_1_639' title='bbox 3329 3909 3556 3949; x_wconf 77' lang='lat' dir='ltr'><strong>uxorem</strong></span> 
     </span>
    </p>
   </div>
   <div class='ocr_carea' id='block_1_87' title="bbox 1985 3988 3561 4062">
    <p class='ocr_par' dir='ltr' id='par_1_87' title="bbox 1985 3988 3561 4062">
     <span class='ocr_line' id='line_1_87' title="bbox 1985 3988 3561 4062; baseline -0.007 -11"><span class='ocrx_word' id='word_1_640' title='bbox 1985 3996 2272 4062; x_wconf 89' lang='lat' dir='ltr'><strong>habuerat,</strong></span> <span class='ocrx_word' id='word_1_641' title='bbox 2303 3996 2443 4050; x_wconf 85' lang='lat' dir='ltr'><strong>filius</strong></span> <span class='ocrx_word' id='word_1_642' title='bbox 2472 3995 2593 4060; x_wconf 76' lang='lat' dir='ltr'><strong>fuit,</strong></span> <span class='ocrx_word' id='word_1_643' title='bbox 2625 3994 2726 4049; x_wconf 92' lang='lat' dir='ltr'><strong>etsi</strong></span> <span class='ocrx_word' id='word_1_644' title='bbox 2791 3993 2880 4047; x_wconf 92' lang='lat' dir='ltr'><strong>alii</strong></span> <span class='ocrx_word' id='word_1_645' title='bbox 2911 4009 2976 4048; x_wconf 78' lang='lat' dir='ltr'><strong>ex</strong></span> <span class='ocrx_word' id='word_1_646' title='bbox 3000 3991 3226 4046; x_wconf 83' lang='lat' dir='ltr'><strong>Lavinia</strong></span> <span class='ocrx_word' id='word_1_647' title='bbox 3265 4001 3448 4044; x_wconf 89' lang='lat' dir='ltr'><strong>natum</strong></span> <span class='ocrx_word' id='word_1_648' title='bbox 3484 3988 3561 4041; x_wconf 92' lang='lat' dir='ltr'><strong>illi</strong></span> 
     </span>
    </p>
   </div>
   <div class='ocr_carea' id='block_1_88' title="bbox 1985 4080 3560 4155">
    <p class='ocr_par' dir='ltr' id='par_1_88' title="bbox 1985 4080 3560 4155">
     <span class='ocr_line' id='line_1_88' title="bbox 1985 4080 3560 4155; baseline -0.006 -13"><span class='ocrx_word' id='word_1_649' title='bbox 1985 4088 2284 4144; x_wconf 84' lang='lat' dir='ltr'><strong>Ascanium</strong></span> <span class='ocrx_word' id='word_1_650' title='bbox 2321 4087 2519 4149; x_wconf 90' lang='lat' dir='ltr'><strong>ferunt,</strong></span> <span class='ocrx_word' id='word_1_651' title='bbox 2560 4085 2710 4155; x_wconf 88' lang='lat' dir='ltr'><strong>regni</strong></span> <span class='ocrx_word' id='word_1_652' title='bbox 2741 4101 3136 4142; x_wconf 86' lang='lat' dir='ltr'><strong>successorem.</strong></span> <span class='ocrx_word' id='word_1_653' title='bbox 3186 4083 3401 4138; x_wconf 84' lang='lat' dir='ltr'><strong>Mortuo</strong></span> <span class='ocrx_word' id='word_1_654' title='bbox 3435 4080 3560 4136; x_wconf 84' lang='lat' dir='ltr'><strong>dein</strong></span> 
     </span>
    </p>
   </div>
   <div class='ocr_carea' id='block_1_89' title="bbox 1984 4175 3564 4258">
    <p class='ocr_par' dir='ltr' id='par_1_89' title="bbox 1984 4175 3564 4258">
     <span class='ocr_line' id='line_1_89' title="bbox 1984 4175 3564 4258; baseline -0.006 -24"><span class='ocrx_word' id='word_1_655' title='bbox 1984 4180 2247 4246; x_wconf 86' lang='lat' dir='ltr'><strong>Ascanio,</strong></span> <span class='ocrx_word' id='word_1_656' title='bbox 2283 4189 2484 4249; x_wconf 89' lang='lat' dir='ltr'><strong>quarto</strong></span> <span class='ocrx_word' id='word_1_657' title='bbox 2512 4188 2636 4249; x_wconf 92' lang='lat' dir='ltr'><strong>post</strong></span> <span class='ocrx_word' id='word_1_658' title='bbox 2657 4193 2800 4233; x_wconf 88' lang='lat' dir='ltr'><strong>anno</strong></span> <span class='ocrx_word' id='word_1_659' title='bbox 2827 4194 2987 4248; x_wconf 90' lang='lat' dir='ltr'><strong>quam</strong></span> <span class='ocrx_word' id='word_1_660' title='bbox 3010 4177 3198 4231; x_wconf 85' lang='lat' dir='ltr'><strong>Albam</strong></span> <span class='ocrx_word' id='word_1_661' title='bbox 3228 4175 3564 4258; x_wconf 67' lang='lat' dir='ltr'><strong>condiderat,</strong></span> 
     </span>
    </p>
   </div>
   <div class='ocr_carea' id='block_1_90' title="bbox 1991 4261 3567 4345">
    <p class='ocr_par' dir='ltr' id='par_1_90' title="bbox 1991 4261 3567 4345">
     <span class='ocr_line' id='line_1_90' title="bbox 1991 4261 3567 4345; baseline -0.007 -18"><span class='ocrx_word' id='word_1_662' title='bbox 1991 4272 2215 4345; x_wconf 89' lang='lat' dir='ltr'><strong>(etenim</strong></span> <span class='ocrx_word' id='word_1_663' title='bbox 2238 4281 2294 4326; x_wconf 88' lang='lat' dir='ltr'>et</span> <span class='ocrx_word' id='word_1_664' title='bbox 2325 4273 2415 4326; x_wconf 92' lang='lat' dir='ltr'>hic</span> <span class='ocrx_word' id='word_1_665' title='bbox 2443 4272 2696 4341; x_wconf 82' lang='lat' dir='ltr'><strong>Oppidum</strong></span> <span class='ocrx_word' id='word_1_666' title='bbox 2724 4269 2988 4335; x_wconf 90' lang='lat' dir='ltr'><strong>condidit,</strong></span> <span class='ocrx_word' id='word_1_667' title='bbox 3013 4269 3154 4335; x_wconf 90' lang='lat' dir='ltr'><strong>quod</strong></span> <span class='ocrx_word' id='word_1_668' title='bbox 3177 4267 3364 4320; x_wconf 72' lang='lat' dir='ltr'><strong>Alliam</strong></span> <span class='ocrx_word' id='word_1_669' title='bbox 3387 4261 3567 4320; x_wconf 88' lang='lat' dir='ltr'><strong>nomi-</strong></span> 
     </span>
    </p>
   </div>
   <div class='ocr_carea' id='block_1_91' title="bbox 1987 4354 3564 4433">
    <p class='ocr_par' dir='ltr' id='par_1_91' title="bbox 1987 4354 3564 4433">
     <span class='ocr_line' id='line_1_91' title="bbox 1987 4354 3564 4433; baseline -0.008 -14"><span class='ocrx_word' id='word_1_670' title='bbox 1987 4365 2161 4432; x_wconf 84' lang='lat' dir='ltr'><strong>navit,</strong></span> <span class='ocrx_word' id='word_1_671' title='bbox 2201 4373 2366 4433; x_wconf 90' lang='lat' dir='ltr'><strong>atque</strong></span> <span class='ocrx_word' id='word_1_672' title='bbox 2404 4379 2468 4418; x_wconf 92' lang='lat' dir='ltr'>eo</span> <span class='ocrx_word' id='word_1_673' title='bbox 2493 4379 2557 4417; x_wconf 82' lang='lat' dir='ltr'><strong>ex</strong></span> <span class='ocrx_word' id='word_1_674' title='bbox 2590 4361 2818 4416; x_wconf 84' lang='lat' dir='ltr'><strong>Lavinio</strong></span> <span class='ocrx_word' id='word_1_675' title='bbox 2857 4359 3128 4417; x_wconf 91' lang='lat' dir='ltr'><strong>coloniam</strong></span> <span class='ocrx_word' id='word_1_676' title='bbox 3169 4358 3412 4427; x_wconf 85' lang='lat' dir='ltr'><strong>deduxit)</strong></span> <span class='ocrx_word' id='word_1_677' title='bbox 3440 4354 3564 4426; x_wconf 88' lang='lat' dir='ltr'><strong>Syl-</strong></span> 
     </span>
    </p>
   </div>
   <div class='ocr_carea' id='block_1_92' title="bbox 1985 4447 3563 4528">
    <p class='ocr_par' dir='ltr' id='par_1_92' title="bbox 1985 4447 3563 4528">
     <span class='ocr_line' id='line_1_92' title="bbox 1985 4447 3563 4528; baseline -0.006 -18"><span class='ocrx_word' id='word_1_678' title='bbox 1985 4458 2106 4512; x_wconf 87' lang='lat' dir='ltr'><strong>vius</strong></span> <span class='ocrx_word' id='word_1_679' title='bbox 2143 4458 2294 4528; x_wconf 88' lang='lat' dir='ltr'><strong>regni</strong></span> <span class='ocrx_word' id='word_1_680' title='bbox 2337 4456 2578 4511; x_wconf 86' lang='lat' dir='ltr'><strong>habenas</strong></span> <span class='ocrx_word' id='word_1_681' title='bbox 2637 4456 2848 4525; x_wconf 79' lang='lat' dir='ltr'><strong>accepit</strong></span> <span class='ocrx_word' id='word_1_682' title='bbox 2898 4471 2911 4506; x_wconf 91' lang='lat'><strong>:</strong></span> <span class='ocrx_word' id='word_1_683' title='bbox 2965 4453 3124 4520; x_wconf 88' lang='lat' dir='ltr'><strong>lmjus</strong></span> <span class='ocrx_word' id='word_1_684' title='bbox 3181 4449 3346 4520; x_wconf 88' lang='lat' dir='ltr'><strong>Sylvii</strong></span> <span class='ocrx_word' id='word_1_685' title='bbox 3399 4447 3563 4502; x_wconf 85' lang='lat' dir='ltr'><strong>filium</strong></span> 
     </span>
    </p>
   </div>
   <div class='ocr_carea' id='block_1_93' title="bbox 309 4535 1876 4624">
    <p class='ocr_par' dir='ltr' id='par_1_93' title="bbox 309 4535 1876 4624">
     <span class='ocr_line' id='line_1_93' title="bbox 309 4535 1876 4624; baseline -0.01 -19"><span class='ocrx_word' id='word_1_686' title='bbox 309 4550 657 4624; x_wconf 77' lang='grc' dir='ltr'>μετῴκισεν)</span> <span class='ocrx_word' id='word_1_687' title='bbox 714 4547 993 4618; x_wconf 77' lang='grc' dir='ltr'>ἐκδέχεται</span> <span class='ocrx_word' id='word_1_688' title='bbox 1024 4545 1122 4616; x_wconf 83' lang='grc' dir='ltr'>τὴν</span> <span class='ocrx_word' id='word_1_689' title='bbox 1173 4541 1345 4614; x_wconf 88' lang='grc' dir='ltr'>ἀρχὴν</span> <span class='ocrx_word' id='word_1_690' title='bbox 1391 4538 1630 4602; x_wconf 87' lang='grc' dir='ltr'>Σιλούιος</span> <span class='ocrx_word' id='word_1_691' title='bbox 1652 4539 1715 4592; x_wconf 82' lang='grc'>¹².</span> <span class='ocrx_word' id='word_1_692' title='bbox 1775 4535 1876 4590; x_wconf 67' lang='grc' dir='ltr'>Καὶ</span> 
     </span>
    </p>
   </div>
   <div class='ocr_carea' id='block_1_94' title="bbox 1984 4535 3566 4624">
    <p class='ocr_par' dir='ltr' id='par_1_94' title="bbox 1989 4537 3566 4618">
     <span class='ocr_line' id='line_1_94' title="bbox 1989 4537 3566 4618; baseline -0.008 -16"><span class='ocrx_word' id='word_1_693' title='bbox 1989 4546 2220 4604; x_wconf 67' lang='grc' dir='ltr'>Ᾰῧιιθοιη</span> <span class='ocrx_word' id='word_1_694' title='bbox 2252 4548 2498 4618; x_wconf 85' lang='lat' dir='ltr'><strong>Sylvium</strong></span> <span class='ocrx_word' id='word_1_695' title='bbox 2536 4546 2762 4611; x_wconf 89' lang='lat' dir='ltr'><strong>faciunt,</strong></span> <span class='ocrx_word' id='word_1_696' title='bbox 2803 4543 2992 4599; x_wconf 70' lang='lat' dir='ltr'><strong>jEneae</strong></span> <span class='ocrx_word' id='word_1_697' title='bbox 3044 4543 3166 4597; x_wconf 89' lang='lat' dir='ltr'><strong>dein</strong></span> <span class='ocrx_word' id='word_1_698' title='bbox 3202 4541 3370 4594; x_wconf 81' lang='lat' dir='ltr'><strong>filium</strong></span> <span class='ocrx_word' id='word_1_699' title='bbox 3419 4537 3566 4590; x_wconf 83' lang='lat' dir='ltr'><strong>Lati-</strong></span> 
     </span>
    </p>
   </div>
   <div class='ocr_carea' id='block_1_95' title="bbox 307 4628 1886 4703">
    <p class='ocr_par' dir='ltr' id='par_1_95' title="bbox 307 4628 1886 4703">
     <span class='ocr_line' id='line_1_95' title="bbox 307 4628 1886 4703; baseline -0.01 -6"><span class='ocrx_word' id='word_1_700' title='bbox 307 4645 552 4697; x_wconf 80' lang='grc' dir='ltr'>Σιλουίου</span> <span class='ocrx_word' id='word_1_701' title='bbox 603 4641 775 4694; x_wconf 80' lang='grc' dir='ltr'>παῖδα</span> <span class='ocrx_word' id='word_1_702' title='bbox 811 4639 1028 4693; x_wconf 76' lang='grc' dir='ltr'>Αἰνείαν</span> <span class='ocrx_word' id='word_1_703' title='bbox 1071 4634 1310 4689; x_wconf 89' lang='grc' dir='ltr'>Σιλούιόν</span> <span class='ocrx_word' id='word_1_704' title='bbox 1339 4651 1502 4703; x_wconf 83' lang='grc' dir='ltr'>φασιν</span> <span class='ocrx_word' id='word_1_705' title='bbox 1526 4671 1542 4696; x_wconf 92' lang='grc'>,</span> <span class='ocrx_word' id='word_1_706' title='bbox 1573 4629 1788 4684; x_wconf 80' lang='grc' dir='ltr'>Αἰνείου</span> <span class='ocrx_word' id='word_1_707' title='bbox 1827 4628 1886 4681; x_wconf 78' lang='grc' dir='ltr'>δὲ</span> 
     </span>
    </p>
   </div>
   <div class='ocr_carea' id='block_1_96' title="bbox 307 4722 1884 4796">
    <p class='ocr_par' dir='ltr' id='par_1_96' title="bbox 307 4722 1884 4796">
     <span class='ocr_line' id='line_1_96' title="bbox 307 4722 1884 4796; baseline -0.01 -7"><span class='ocrx_word' id='word_1_708' title='bbox 307 4738 538 4790; x_wconf 83' lang='grc' dir='ltr'>Λατῖνον</span> <span class='ocrx_word' id='word_1_709' title='bbox 572 4731 814 4786; x_wconf 86' lang='grc' dir='ltr'>Σιλούιον</span> <span class='ocrx_word' id='word_1_710' title='bbox 830 4772 846 4796; x_wconf 91' lang='grc'>,</span> <span class='ocrx_word' id='word_1_711' title='bbox 868 4729 962 4784; x_wconf 86' lang='grc' dir='ltr'>τοῦ</span> <span class='ocrx_word' id='word_1_712' title='bbox 979 4729 1036 4782; x_wconf 83' lang='grc' dir='ltr'>δὲ</span> <span class='ocrx_word' id='word_1_713' title='bbox 1066 4727 1286 4789; x_wconf 82' lang='grc' dir='ltr'>Κάπυν,</span> <span class='ocrx_word' id='word_1_714' title='bbox 1310 4725 1533 4785; x_wconf 84' lang='grc' dir='ltr'>Κάπυος</span> <span class='ocrx_word' id='word_1_715' title='bbox 1553 4723 1610 4775; x_wconf 82' lang='grc' dir='ltr'>δὲ</span> <span class='ocrx_word' id='word_1_716' title='bbox 1629 4722 1884 4776; x_wconf 87' lang='grc' dir='ltr'>Κάπετον</span> 
     </span>
    </p>
   </div>
   <div class='ocr_carea' id='block_1_97' title="bbox 308 4812 1882 4896">
    <p class='ocr_par' dir='ltr' id='par_1_97' title="bbox 308 4812 1882 4896">
     <span class='ocr_line' id='line_1_97' title="bbox 308 4812 1882 4896; baseline -0.011 -15"><span class='ocrx_word' id='word_1_717' title='bbox 308 4826 595 4896; x_wconf 84' lang='grc' dir='ltr'>γενέσθαι,</span> <span class='ocrx_word' id='word_1_718' title='bbox 631 4823 885 4878; x_wconf 85' lang='grc' dir='ltr'>Καπέτου</span> <span class='ocrx_word' id='word_1_719' title='bbox 906 4823 963 4875; x_wconf 80' lang='grc' dir='ltr'>δὲ</span> <span class='ocrx_word' id='word_1_720' title='bbox 986 4819 1288 4889; x_wconf 85' lang='grc' dir='ltr'>Τιϐερῖνον,</span> <span class='ocrx_word' id='word_1_721' title='bbox 1312 4815 1406 4869; x_wconf 89' lang='grc' dir='ltr'>τοῦ</span> <span class='ocrx_word' id='word_1_722' title='bbox 1420 4815 1476 4868; x_wconf 79' lang='grc' dir='ltr'>δὲ</span> <span class='ocrx_word' id='word_1_723' title='bbox 1499 4812 1882 4884; x_wconf 82' lang='grc' dir='ltr'>Ἀγρίππαν¹³,</span> 
     </span>
    </p>
   </div>
   <div class='ocr_carea' id='block_1_98' title="bbox 306 4901 1884 4985">
    <p class='ocr_par' dir='ltr' id='par_1_98' title="bbox 306 4901 1884 4985">
     <span class='ocr_line' id='line_1_98' title="bbox 306 4901 1884 4985; baseline -0.011 -15"><span class='ocrx_word' id='word_1_724' title='bbox 306 4915 404 4969; x_wconf 76' lang='grc' dir='ltr'>τοῦ</span> <span class='ocrx_word' id='word_1_725' title='bbox 427 4916 486 4969; x_wconf 77' lang='grc' dir='ltr'>δὲ</span> <span class='ocrx_word' id='word_1_726' title='bbox 510 4913 813 4985; x_wconf 86' lang='grc' dir='ltr'>Ῥωμύλον.</span> <span class='ocrx_word' id='word_1_727' title='bbox 836 4912 948 4966; x_wconf 71' lang='grc' dir='ltr'>Καὶ</span> <span class='ocrx_word' id='word_1_728' title='bbox 969 4908 1168 4964; x_wconf 77' lang='grc' dir='ltr'>τόνδε¹¹⁵</span> <span class='ocrx_word' id='word_1_729' title='bbox 1191 4909 1290 4979; x_wconf 82' lang='grc' dir='ltr'>μὲν</span> <span class='ocrx_word' id='word_1_730' title='bbox 1323 4904 1588 4977; x_wconf 82' lang='grc' dir='ltr'>βληθῆναι</span> <span class='ocrx_word' id='word_1_731' title='bbox 1615 4901 1884 4974; x_wconf 84' lang='grc' dir='ltr'>κεραυνῷ·</span> 
     </span>
    </p>
   </div>
   <div class='ocr_carea' id='block_1_99' title="bbox 309 4993 1885 5074">
    <p class='ocr_par' dir='ltr' id='par_1_99' title="bbox 309 4993 1885 5074">
     <span class='ocr_line' id='line_1_99' title="bbox 309 4993 1885 5074; baseline -0.009 -15"><span class='ocrx_word' id='word_1_732' title='bbox 309 4999 374 5059; x_wconf 73' lang='grc' dir='ltr'>οῦ</span> <span class='ocrx_word' id='word_1_733' title='bbox 402 5004 658 5074; x_wconf 88' lang='grc' dir='ltr'>γενέσθαι</span> <span class='ocrx_word' id='word_1_734' title='bbox 681 5003 845 5056; x_wconf 84' lang='grc' dir='ltr'>παῖδα</span> <span class='ocrx_word' id='word_1_735' title='bbox 872 5000 1169 5055; x_wconf 85' lang='grc' dir='ltr'>Ἀϐεντῖνον</span> <span class='ocrx_word' id='word_1_736' title='bbox 1190 5039 1206 5065; x_wconf 92' lang='grc'>,</span> <span class='ocrx_word' id='word_1_737' title='bbox 1243 4996 1548 5051; x_wconf 82' lang='grc' dir='ltr'>’Λϐεντίνου</span> <span class='ocrx_word' id='word_1_738' title='bbox 1575 4995 1632 5048; x_wconf 86' lang='grc' dir='ltr'>δὲ</span> <span class='ocrx_word' id='word_1_739' title='bbox 1665 4993 1885 5064; x_wconf 82' lang='grc' dir='ltr'>Πρὸκαν</span> 
     </span>
    </p>
   </div>
   <div class='ocr_carea' id='block_1_100' title="bbox 311 5081 1879 5167">
    <p class='ocr_par' dir='ltr' id='par_1_100' title="bbox 311 5081 1879 5167">
     <span class='ocr_line' id='line_1_100' title="bbox 311 5081 1879 5167; baseline -0.008 -16"><span class='ocrx_word' id='word_1_740' title='bbox 311 5097 585 5167; x_wconf 85' lang='grc' dir='ltr'>γενέσθαι.</span> <span class='ocrx_word' id='word_1_741' title='bbox 623 5097 732 5149; x_wconf 71' lang='grc' dir='ltr'>Καὶ</span> <span class='ocrx_word' id='word_1_742' title='bbox 756 5095 890 5149; x_wconf 83' lang='grc' dir='ltr'>πᾶσι</span> <span class='ocrx_word' id='word_1_743' title='bbox 914 5093 972 5146; x_wconf 79' lang='grc' dir='ltr'>δὲ</span> <span class='ocrx_word' id='word_1_744' title='bbox 997 5091 1089 5145; x_wconf 83' lang='grc' dir='ltr'>τὸν</span> <span class='ocrx_word' id='word_1_745' title='bbox 1123 5088 1363 5142; x_wconf 84' lang='grc' dir='ltr'>Σιλούιον</span> <span class='ocrx_word' id='word_1_746' title='bbox 1403 5086 1690 5157; x_wconf 75' lang='grc' dir='ltr'>ἐπώνυμον</span> <span class='ocrx_word' id='word_1_747' title='bbox 1717 5081 1879 5138; x_wconf 83' lang='grc' dir='ltr'>εἶναι.</span> 
     </span>
    </p>
   </div>
   <div class='ocr_carea' id='block_1_101' title="bbox 313 5181 1880 5262">
    <p class='ocr_par' dir='ltr' id='par_1_101' title="bbox 313 5181 1880 5262">
     <span class='ocr_line' id='line_1_101' title="bbox 313 5181 1880 5262; baseline -0.007 -18"><span class='ocrx_word' id='word_1_748' title='bbox 313 5191 406 5262; x_wconf 83' lang='grc' dir='ltr'>Τῷ</span> <span class='ocrx_word' id='word_1_749' title='bbox 431 5191 488 5246; x_wconf 81' lang='grc' dir='ltr'>δὲ</span> <span class='ocrx_word' id='word_1_750' title='bbox 518 5191 709 5262; x_wconf 65' lang='grc' dir='ltr'>Πρόκᾳ</span> <span class='ocrx_word' id='word_1_751' title='bbox 733 5188 826 5243; x_wconf 89' lang='grc' dir='ltr'>δύο</span> <span class='ocrx_word' id='word_1_752' title='bbox 851 5186 1142 5259; x_wconf 76' lang='grc' dir='ltr'>ἐγενέσθην</span> <span class='ocrx_word' id='word_1_753' title='bbox 1165 5186 1271 5239; x_wconf 76' lang='grc' dir='ltr'>υἱοὶ</span> <span class='ocrx_word' id='word_1_754' title='bbox 1291 5185 1355 5250; x_wconf 70' lang='grc'>’⁸,</span> <span class='ocrx_word' id='word_1_755' title='bbox 1379 5182 1748 5254; x_wconf 83' lang='grc' dir='ltr'>πρεσϐύτερος</span> <span class='ocrx_word' id='word_1_756' title='bbox 1782 5181 1880 5252; x_wconf 84' lang='grc' dir='ltr'>μὲν</span> 
     </span>
    </p>
   </div>
   <div class='ocr_carea' id='block_1_102' title="bbox 1987 4629 3564 4712">
    <p class='ocr_par' dir='ltr' id='par_1_102' title="bbox 1987 4629 3564 4712">
     <span class='ocr_line' id='line_1_102' title="bbox 1987 4629 3564 4712; baseline -0.008 -18"><span class='ocrx_word' id='word_1_757' title='bbox 1987 4655 2116 4694; x_wconf 91' lang='lat' dir='ltr'>num</span> <span class='ocrx_word' id='word_1_758' title='bbox 2156 4640 2398 4712; x_wconf 89' lang='lat' dir='ltr'><strong>Sylvium</strong></span> <span class='ocrx_word' id='word_1_759' title='bbox 2428 4639 2755 4693; x_wconf 87' lang='lat' dir='ltr'><strong>nominant:</strong></span> <span class='ocrx_word' id='word_1_760' title='bbox 2795 4637 2953 4705; x_wconf 86' lang='lat' dir='ltr'><strong>cujus</strong></span> <span class='ocrx_word' id='word_1_761' title='bbox 2999 4634 3165 4688; x_wconf 85' lang='lat' dir='ltr'><strong>filium</strong></span> <span class='ocrx_word' id='word_1_762' title='bbox 3213 4632 3420 4701; x_wconf 88' lang='lat' dir='ltr'><strong>Capyn,</strong></span> <span class='ocrx_word' id='word_1_763' title='bbox 3464 4629 3564 4683; x_wconf 90' lang='lat' dir='ltr'><strong>Ca-</strong></span> 
     </span>
    </p>
   </div>
   <div class='ocr_carea' id='block_1_103' title="bbox 1992 4721 3566 4801">
    <p class='ocr_par' dir='ltr' id='par_1_103' title="bbox 1992 4721 3566 4801">
     <span class='ocr_line' id='line_1_103' title="bbox 1992 4721 3566 4801; baseline -0.008 -17"><span class='ocrx_word' id='word_1_764' title='bbox 1992 4730 2113 4801; x_wconf 92' lang='lat' dir='ltr'><strong>pyis</strong></span> <span class='ocrx_word' id='word_1_765' title='bbox 2145 4745 2274 4785; x_wconf 89' lang='lat' dir='ltr'><strong>vero</strong></span> <span class='ocrx_word' id='word_1_766' title='bbox 2307 4729 2566 4799; x_wconf 88' lang='lat' dir='ltr'><strong>Capetum</strong></span> <span class='ocrx_word' id='word_1_767' title='bbox 2597 4728 2766 4784; x_wconf 90' lang='lat' dir='ltr'><strong>fuisse</strong></span> <span class='ocrx_word' id='word_1_768' title='bbox 2795 4729 2948 4782; x_wconf 88' lang='lat' dir='ltr'><strong>aiunt</strong></span> <span class='ocrx_word' id='word_1_769' title='bbox 2976 4766 2992 4792; x_wconf 95' lang='lat'>,</span> <span class='ocrx_word' id='word_1_770' title='bbox 3034 4735 3088 4780; x_wconf 90' lang='lat' dir='ltr'>et</span> <span class='ocrx_word' id='word_1_771' title='bbox 3125 4723 3312 4793; x_wconf 86' lang='lat' dir='ltr'><strong>Capeti</strong></span> <span class='ocrx_word' id='word_1_772' title='bbox 3353 4721 3566 4776; x_wconf 87' lang='lat' dir='ltr'><strong>Tiberi-</strong></span> 
     </span>
    </p>
   </div>
   <div class='ocr_carea' id='block_1_104' title="bbox 1990 4811 3563 4890">
    <p class='ocr_par' dir='ltr' id='par_1_104' title="bbox 1990 4811 3563 4890">
     <span class='ocr_line' id='line_1_104' title="bbox 1990 4811 3563 4890; baseline -0.008 -16"><span class='ocrx_word' id='word_1_773' title='bbox 1990 4836 2144 4885; x_wconf 91' lang='lat' dir='ltr'><strong>num,</strong></span> <span class='ocrx_word' id='word_1_774' title='bbox 2191 4821 2353 4890; x_wconf 86' lang='lat' dir='ltr'><strong>hujus</strong></span> <span class='ocrx_word' id='word_1_775' title='bbox 2409 4834 2622 4874; x_wconf 86' lang='lat' dir='ltr'><strong>rnrsum</strong></span> <span class='ocrx_word' id='word_1_776' title='bbox 2677 4819 2998 4888; x_wconf 83' lang='lat' dir='ltr'><strong>Agrippam,</strong></span> <span class='ocrx_word' id='word_1_777' title='bbox 3062 4815 3217 4885; x_wconf 88' lang='lat' dir='ltr'><strong>cujus</strong></span> <span class='ocrx_word' id='word_1_778' title='bbox 3270 4811 3563 4868; x_wconf 86' lang='lat' dir='ltr'><strong>Romulum</strong></span> 
     </span>
    </p>
   </div>
   <div class='ocr_carea' id='block_1_105' title="bbox 1993 4906 3565 4975">
    <p class='ocr_par' dir='ltr' id='par_1_105' title="bbox 1993 4906 3565 4975">
     <span class='ocr_line' id='line_1_105' title="bbox 1993 4906 3565 4975; baseline -0.006 -10"><span class='ocrx_word' id='word_1_779' title='bbox 1993 4911 2163 4966; x_wconf 87' lang='lat' dir='ltr'><strong>lilium</strong></span> <span class='ocrx_word' id='word_1_780' title='bbox 2207 4911 2410 4975; x_wconf 87' lang='lat' dir='ltr'><strong>ferttttt,</strong></span> <span class='ocrx_word' id='word_1_781' title='bbox 2445 4911 2665 4964; x_wconf 89' lang='lat' dir='ltr'><strong>fulmine</strong></span> <span class='ocrx_word' id='word_1_782' title='bbox 2700 4910 2993 4974; x_wconf 88' lang='lat' dir='ltr'><strong>sublatum,</strong></span> <span class='ocrx_word' id='word_1_783' title='bbox 3030 4908 3220 4962; x_wconf 88' lang='lat' dir='ltr'><strong>relicto</strong></span> <span class='ocrx_word' id='word_1_784' title='bbox 3258 4907 3365 4960; x_wconf 86' lang='lat' dir='ltr'><strong>filio</strong></span> <span class='ocrx_word' id='word_1_785' title='bbox 3387 4906 3565 4957; x_wconf 85' lang='lat' dir='ltr'><strong>Aven-</strong></span> 
     </span>
    </p>
   </div>
   <div class='ocr_carea' id='block_1_106' title="bbox 1991 4998 3564 5072">
    <p class='ocr_par' dir='ltr' id='par_1_106' title="bbox 1991 4998 3564 5072">
     <span class='ocr_line' id='line_1_106' title="bbox 1991 4998 3564 5072; baseline -0.006 -15"><span class='ocrx_word' id='word_1_786' title='bbox 1991 5003 2130 5069; x_wconf 88' lang='lat' dir='ltr'><strong>tino,</strong></span> <span class='ocrx_word' id='word_1_787' title='bbox 2166 5019 2232 5057; x_wconf 80' lang='lat' dir='ltr'><strong>ex</strong></span> <span class='ocrx_word' id='word_1_788' title='bbox 2260 5017 2368 5072; x_wconf 89' lang='lat' dir='ltr'>quo</span> <span class='ocrx_word' id='word_1_789' title='bbox 2399 5002 2618 5056; x_wconf 88' lang='lat' dir='ltr'><strong>Procas.</strong></span> <span class='ocrx_word' id='word_1_790' title='bbox 2654 5000 2815 5056; x_wconf 84' lang='lat' dir='ltr'><strong>Hisce</strong></span> <span class='ocrx_word' id='word_1_791' title='bbox 2861 5001 3112 5055; x_wconf 90' lang='lat' dir='ltr'><strong>omnibus</strong></span> <span class='ocrx_word' id='word_1_792' title='bbox 3159 4998 3325 5069; x_wconf 82' lang='lat' dir='ltr'><strong>Sylvii</strong></span> <span class='ocrx_word' id='word_1_793' title='bbox 3357 5011 3564 5050; x_wconf 88' lang='lat' dir='ltr'><strong>memo-</strong></span> 
     </span>
    </p>
   </div>
   <div class='ocr_carea' id='block_1_107' title="bbox 1998 5084 3566 5164">
    <p class='ocr_par' dir='ltr' id='par_1_107' title="bbox 1998 5084 3566 5164">
     <span class='ocr_line' id='line_1_107' title="bbox 1998 5084 3566 5164; baseline -0.008 -15"><span class='ocrx_word' id='word_1_794' title='bbox 1998 5105 2124 5150; x_wconf 87' lang='lat' dir='ltr'><strong>rant</strong></span> <span class='ocrx_word' id='word_1_795' title='bbox 2141 5096 2384 5148; x_wconf 91' lang='lat' dir='ltr'><strong>additum</strong></span> <span class='ocrx_word' id='word_1_796' title='bbox 2406 5103 2844 5164; x_wconf 82' lang='lat' dir='ltr'><strong>eoguomentum.</strong></span> <span class='ocrx_word' id='word_1_797' title='bbox 2863 5091 3046 5146; x_wconf 67' lang='lat' dir='ltr'><strong>Procae</strong></span> <span class='ocrx_word' id='word_1_798' title='bbox 3070 5092 3176 5144; x_wconf 89' lang='lat' dir='ltr'>duo</span> <span class='ocrx_word' id='word_1_799' title='bbox 3202 5097 3360 5141; x_wconf 85' lang='lat' dir='ltr'><strong>erant</strong></span> <span class='ocrx_word' id='word_1_800' title='bbox 3377 5084 3566 5147; x_wconf 88' lang='lat' dir='ltr'><strong>liberi;</strong></span> 
     </span>
    </p>
   </div>
   <div class='ocr_carea' id='block_1_108' title="bbox 1989 5177 3562 5257">
    <p class='ocr_par' dir='ltr' id='par_1_108' title="bbox 1989 5177 3562 5257">
     <span class='ocr_line' id='line_1_108' title="bbox 1989 5177 3562 5257; baseline -0.005 -19"><span class='ocrx_word' id='word_1_801' title='bbox 1989 5194 2118 5238; x_wconf 90' lang='lat' dir='ltr'><strong>natu</strong></span> <span class='ocrx_word' id='word_1_802' title='bbox 2173 5185 2346 5256; x_wconf 84' lang='lat' dir='ltr'><strong>major</strong></span> <span class='ocrx_word' id='word_1_803' title='bbox 2384 5184 2641 5240; x_wconf 73' lang='lat' dir='ltr'><strong>Nemetor</strong></span> <span class='ocrx_word' id='word_1_804' title='bbox 2683 5185 2784 5257; x_wconf 87' lang='lat'>(6),</span> <span class='ocrx_word' id='word_1_805' title='bbox 2835 5185 3013 5238; x_wconf 85' lang='lat' dir='ltr'><strong>minor</strong></span> <span class='ocrx_word' id='word_1_806' title='bbox 3066 5179 3317 5236; x_wconf 85' lang='lat' dir='ltr'><strong>Amulius</strong></span> <span class='ocrx_word' id='word_1_807' title='bbox 3367 5177 3562 5230; x_wconf 89' lang='lat' dir='ltr'><strong>dictus.</strong></span> 
     </span>
    </p>
   </div>
   <div class='ocr_carea' id='block_1_109' title="bbox 1607 5291 2287 5352">
    <p class='ocr_par' dir='ltr' id='par_1_109' title="bbox 1607 5291 2287 5352">
     <span class='ocr_line' id='line_1_109' title="bbox 1607 5291 2287 5352; baseline 0.009 -6"><span class='ocrx_word' id='word_1_808' title='bbox 1607 5291 1841 5348; x_wconf 69' lang='lat' dir='ltr'>VARIAE</span> <span class='ocrx_word' id='word_1_809' title='bbox 1882 5291 2287 5352; x_wconf 79' lang='lat' dir='ltr'>LECTIONES.</span> 
     </span>
    </p>
   </div>
   <div class='ocr_carea' id='block_1_110' title="bbox 390 5384 2367 5455">
    <p class='ocr_par' dir='ltr' id='par_1_110' title="bbox 390 5384 2367 5455">
     <span class='ocr_line' id='line_1_110' title="bbox 390 5384 2367 5455; baseline -0.003 -6"><span class='ocrx_word' id='word_1_810' title='bbox 390 5396 409 5428; x_wconf 87' lang='grc'>¹</span> <span class='ocrx_word' id='word_1_811' title='bbox 435 5394 628 5448; x_wconf 75' lang='grc' dir='ltr'>ἔπειτα</span> <span class='ocrx_word' id='word_1_812' title='bbox 661 5391 719 5444; x_wconf 80' lang='grc' dir='ltr'>δὲ</span> <span class='ocrx_word' id='word_1_813' title='bbox 746 5390 818 5444; x_wconf 84' lang='grc' dir='ltr'>τὰ</span> <span class='ocrx_word' id='word_1_814' title='bbox 863 5409 923 5455; x_wconf 84' lang='grc' dir='ltr'>ς.</span> <span class='ocrx_word' id='word_1_815' title='bbox 957 5425 961 5428; x_wconf 93' lang='grc'><strong><em>-</em></strong></span> <span class='ocrx_word' id='word_1_816' title='bbox 1027 5391 1048 5423; x_wconf 76' lang='grc'><em>³</em></span> <span class='ocrx_word' id='word_1_817' title='bbox 1077 5389 1396 5444; x_wconf 77' lang='grc' dir='ltr'>Ἀντωντνον</span> <span class='ocrx_word' id='word_1_818' title='bbox 1435 5385 1535 5439; x_wconf 73' lang='grc' dir='ltr'>καὶ</span> <span class='ocrx_word' id='word_1_819' title='bbox 1555 5385 1654 5455; x_wconf 74' lang='grc' dir='ltr'>ὅτι</span> <span class='ocrx_word' id='word_1_820' title='bbox 1685 5385 1830 5438; x_wconf 83' lang='grc' dir='ltr'>κατὰ</span> <span class='ocrx_word' id='word_1_821' title='bbox 1858 5384 2089 5454; x_wconf 81' lang='grc' dir='ltr'>Ἀϐριον</span> <span class='ocrx_word' id='word_1_822' title='bbox 2113 5387 2263 5441; x_wconf 88' lang='grc' dir='ltr'>καίσ.</span> <span class='ocrx_word' id='word_1_823' title='bbox 2307 5405 2367 5451; x_wconf 82' lang='grc' dir='ltr'>ς.</span> 
     </span>
    </p>
   </div>
   <div class='ocr_carea' id='block_1_111' title="bbox 322 5453 1720 5528">
    <p class='ocr_par' dir='ltr' id='par_1_111' title="bbox 322 5453 1720 5528">
     <span class='ocr_line' id='line_1_111' title="bbox 322 5453 1720 5528; baseline -0.006 -12"><span class='ocrx_word' id='word_1_824' title='bbox 322 5465 477 5519; x_wconf 86' lang='lat' dir='ltr'><strong>omisi</strong></span> <span class='ocrx_word' id='word_1_825' title='bbox 515 5467 598 5518; x_wconf 85' lang='grc' dir='ltr'>τέ.</span> <span class='ocrx_word' id='word_1_826' title='bbox 677 5463 700 5493; x_wconf 85' lang='grc'><strong>⁸</strong></span> <span class='ocrx_word' id='word_1_827' title='bbox 726 5453 902 5528; x_wconf 73' lang='grc' dir='ltr'>λόγων</span> <span class='ocrx_word' id='word_1_828' title='bbox 937 5460 1051 5514; x_wconf 73' lang='grc' dir='ltr'>ὄντι</span> <span class='ocrx_word' id='word_1_829' title='bbox 1075 5477 1138 5524; x_wconf 77' lang='grc' dir='ltr'>ς’.</span> <span class='ocrx_word' id='word_1_830' title='bbox 1203 5461 1224 5491; x_wconf 80' lang='grc'><strong>⁸</strong></span> <span class='ocrx_word' id='word_1_831' title='bbox 1259 5453 1642 5528; x_wconf 78' lang='grc' dir='ltr'>Ῥωμαίουςς.</span> 
     </span>
    </p>
   </div>
   <div class='ocr_carea' id='block_1_112' title="bbox 2447 5377 3559 5451">
    <p class='ocr_par' dir='ltr' id='par_1_112' title="bbox 2447 5377 3559 5451">
     <span class='ocr_line' id='line_1_112' title="bbox 2447 5377 3559 5451; baseline -0.011 -10"><span class='ocrx_word' id='word_1_832' title='bbox 2447 5386 2468 5418; x_wconf 86' lang='grc'>³</span> <span class='ocrx_word' id='word_1_833' title='bbox 2523 5386 2822 5440; x_wconf 84' lang='grc' dir='ltr'>συνέπεσον</span> <span class='ocrx_word' id='word_1_834' title='bbox 2850 5403 2910 5449; x_wconf 85' lang='grc' dir='ltr'>ς.</span> <span class='ocrx_word' id='word_1_835' title='bbox 2993 5384 3015 5415; x_wconf 71' lang='grc'><strong><em>⁸</em></strong></span> <span class='ocrx_word' id='word_1_836' title='bbox 3037 5391 3162 5436; x_wconf 87' lang='lat' dir='ltr'><strong>ante</strong></span> <span class='ocrx_word' id='word_1_837' title='bbox 3193 5396 3334 5451; x_wconf 85' lang='grc' dir='ltr'>φημι</span> <span class='ocrx_word' id='word_1_838' title='bbox 3361 5377 3559 5451; x_wconf 73' lang='lat' dir='ltr'><strong>cum&#39;A</strong></span> 
     </span>
    </p>
   </div>
   <div class='ocr_carea' id='block_1_113' title="bbox 1757 5449 3561 5525">
    <p class='ocr_par' dir='ltr' id='par_1_113' title="bbox 1757 5449 3561 5525">
     <span class='ocr_line' id='line_1_113' title="bbox 1757 5449 3561 5525; baseline 0.009 -20"><span class='ocrx_word' id='word_1_839' title='bbox 1757 5449 2068 5525; x_wconf 78' lang='grc' dir='ltr'>ἦκμαζεἈ.</span> <span class='ocrx_word' id='word_1_840' title='bbox 2127 5457 2148 5489; x_wconf 73' lang='grc' dir='ltr'>ε</span> <span class='ocrx_word' id='word_1_841' title='bbox 2181 5449 2523 5512; x_wconf 80' lang='grc' dir='ltr'>κατέπλειΑ.</span> <span class='ocrx_word' id='word_1_842' title='bbox 2565 5459 2586 5490; x_wconf 74' lang='grc' dir='ltr'><strong>ο</strong></span> <span class='ocrx_word' id='word_1_843' title='bbox 2616 5457 2800 5510; x_wconf 84' lang='grc' dir='ltr'>δίδωσι</span> <span class='ocrx_word' id='word_1_844' title='bbox 2825 5449 3561 5525; x_wconf 25' lang='grc' dir='ltr'>γῆνέέ-σταδίωννξτριῷνηῧ</span> 
     </span>
    </p>
   </div>
   <div class='ocr_carea' id='block_1_114' title="bbox 325 5526 1943 5598">
    <p class='ocr_par' dir='ltr' id='par_1_114' title="bbox 325 5526 1943 5598">
     <span class='ocr_line' id='line_1_114' title="bbox 325 5526 1943 5598; baseline -0.004 -12"><span class='ocrx_word' id='word_1_845' title='bbox 325 5533 374 5565; x_wconf 74' lang='grc'>’⁸</span> <span class='ocrx_word' id='word_1_846' title='bbox 401 5535 551 5589; x_wconf 84' lang='grc' dir='ltr'>πόλιν</span> <span class='ocrx_word' id='word_1_847' title='bbox 581 5550 638 5586; x_wconf 90' lang='grc' dir='ltr'>τε</span> <span class='ocrx_word' id='word_1_848' title='bbox 679 5526 862 5584; x_wconf 72' lang='grc' dir='ltr'>ἔκτισε</span> <span class='ocrx_word' id='word_1_849' title='bbox 893 5561 964 5572; x_wconf 95' lang='lat'>—-</span> <span class='ocrx_word' id='word_1_850' title='bbox 990 5529 1246 5598; x_wconf 80' lang='grc' dir='ltr'>γυναικὸς</span> <span class='ocrx_word' id='word_1_851' title='bbox 1270 5526 1546 5591; x_wconf 81' lang='grc' dir='ltr'>λαουῖνίας</span> <span class='ocrx_word' id='word_1_852' title='bbox 1575 5526 1848 5598; x_wconf 76' lang='grc' dir='ltr'>λαουΐνιον</span> <span class='ocrx_word' id='word_1_853' title='bbox 1882 5543 1943 5588; x_wconf 80' lang='grc' dir='ltr'>ς.</span> 
     </span>
    </p>
   </div>
   <div class='ocr_carea' id='block_1_115' title="bbox 328 5594 1925 5674">
    <p class='ocr_par' dir='ltr' id='par_1_115' title="bbox 328 5594 1925 5674">
     <span class='ocr_line' id='line_1_115' title="bbox 328 5594 1925 5674; baseline -0.008 -16"><span class='ocrx_word' id='word_1_854' title='bbox 328 5620 392 5669; x_wconf 81' lang='grc' dir='ltr'>ς.</span> <span class='ocrx_word' id='word_1_855' title='bbox 465 5606 508 5637; x_wconf 85' lang='grc'>¹³</span> <span class='ocrx_word' id='word_1_856' title='bbox 568 5602 821 5674; x_wconf 85' lang='grc' dir='ltr'>ἀγρόπαν</span> <span class='ocrx_word' id='word_1_857' title='bbox 847 5604 915 5656; x_wconf 86' lang='lat' dir='ltr'>A.</span> <span class='ocrx_word' id='word_1_858' title='bbox 995 5594 1040 5633; x_wconf 69' lang='lat'>“</span> <span class='ocrx_word' id='word_1_859' title='bbox 1063 5600 1214 5655; x_wconf 86' lang='grc' dir='ltr'>τόνδε</span> <span class='ocrx_word' id='word_1_860' title='bbox 1258 5602 1299 5654; x_wconf 87' lang='grc' dir='ltr'>Λ</span> <span class='ocrx_word' id='word_1_861' title='bbox 1339 5597 1573 5663; x_wconf 65' lang='grc' dir='ltr'>κτὸνς.</span> <span class='ocrx_word' id='word_1_862' title='bbox 1649 5596 1695 5629; x_wconf 76' lang='grc'>³⁸</span> <span class='ocrx_word' id='word_1_863' title='bbox 1729 5594 1830 5650; x_wconf 87' lang='grc' dir='ltr'>υίώ</span> <span class='ocrx_word' id='word_1_864' title='bbox 1865 5612 1925 5658; x_wconf 82' lang='grc' dir='ltr'>ς.</span> 
     </span>
    </p>
   </div>
   <div class='ocr_carea' id='block_1_116' title="bbox 2047 5519 3561 5594">
    <p class='ocr_par' dir='ltr' id='par_1_116' title="bbox 2047 5519 3561 5594">
     <span class='ocr_line' id='line_1_116' title="bbox 2047 5519 3561 5594; baseline -0.006 -14"><span class='ocrx_word' id='word_1_865' title='bbox 2047 5529 2089 5559; x_wconf 81' lang='grc'>¹¹</span> <span class='ocrx_word' id='word_1_866' title='bbox 2118 5527 2319 5581; x_wconf 83' lang='grc' dir='ltr'>οίκισιν</span> <span class='ocrx_word' id='word_1_867' title='bbox 2347 5527 2686 5583; x_wconf 70' lang='grc' dir='ltr'>ΙΙωετΙιοιίυε</span> <span class='ocrx_word' id='word_1_868' title='bbox 2716 5544 2730 5581; x_wconf 91' lang='lat'><strong>:</strong></span> <span class='ocrx_word' id='word_1_869' title='bbox 2755 5519 3147 5594; x_wconf 58' lang='grc' dir='ltr'>ιώτῖοίκησιν,</span> <span class='ocrx_word' id='word_1_870' title='bbox 3241 5523 3284 5554; x_wconf 84' lang='grc'>¹¹</span> <span class='ocrx_word' id='word_1_871' title='bbox 3313 5519 3561 5583; x_wconf 84' lang='grc' dir='ltr'>συλούῖος</span> 
     </span>
    </p>
   </div>
   <div class='ocr_carea' id='block_1_117' title="bbox 1792 5683 2026 5742">
    <p class='ocr_par' dir='ltr' id='par_1_117' title="bbox 1792 5683 2026 5742">
     <span class='ocr_line' id='line_1_117' title="bbox 1792 5683 2026 5742; baseline -0.009 -2"><span class='ocrx_word' id='word_1_872' title='bbox 1792 5683 2026 5742; x_wconf 67' lang='lat' dir='ltr'><strong>NOTAE.</strong></span> 
     </span>
    </p>
   </div>
   <div class='ocr_carea' id='block_1_118' title="bbox 403 5787 1124 5875">
    <p class='ocr_par' dir='ltr' id='par_1_118' title="bbox 403 5787 1124 5875">
     <span class='ocr_line' id='line_1_118' title="bbox 403 5787 1124 5875; baseline -0.003 -32"><span class='ocrx_word' id='word_1_873' title='bbox 403 5790 474 5860; x_wconf 82' lang='lat'>(5)</span> <span class='ocrx_word' id='word_1_874' title='bbox 500 5788 642 5861; x_wconf 81' lang='lat' dir='ltr'><strong>Lego</strong></span> <span class='ocrx_word' id='word_1_875' title='bbox 666 5787 1054 5860; x_wconf 74' lang='grc' dir='ltr'>τετρακοσίων.</span> <span class='ocrx_word' id='word_1_876' title='bbox 1117 5866 1124 5875; x_wconf 36' lang='grc' dir='ltr'><strong>Ι</strong></span> 
     </span>
    </p>
   </div>
   <div class='ocr_carea' id='block_1_119' title="bbox 2081 5773 2652 5848">
    <p class='ocr_par' dir='ltr' id='par_1_119' title="bbox 2081 5773 2652 5848">
     <span class='ocr_line' id='line_1_119' title="bbox 2081 5773 2652 5848; baseline -0.004 -19"><span class='ocrx_word' id='word_1_877' title='bbox 2081 5775 2152 5848; x_wconf 88' lang='grc'>(6)</span> <span class='ocrx_word' id='word_1_878' title='bbox 2187 5773 2355 5844; x_wconf 75' lang='lat' dir='ltr'><strong>Vulgo</strong></span> <span class='ocrx_word' id='word_1_879' title='bbox 2384 5773 2652 5827; x_wconf 65' lang='lat' dir='ltr'><strong>Numitor.</strong></span> 
     </span>
    </p>
   </div>
  </div>
