3980 6234
379 321 480 386 103

1502 325 1767 386 PHOTII
1802 323 2306 386 PATRIARCH/E
2343 322 2452 383 (ΣΡ.

3523 320 3623 384 104
3671 357 3704 378 κ

377 438 512 493 Cum
565 437 742 509 major
774 450 904 497 natu
946 441 1116 512 patris
1147 449 1330 497 morte
1371 454 1598 511 regnum
1639 442 1955 497 haereditate

2083 441 2322 512 ἱεμέτωρ
2344 479 2359 505 ,
2390 439 2651 510 νεώτερος
2674 437 2734 491 δὲ
2775 435 3077 508 Ἀμούλιος.
3123 435 3392 497 Λαϐόντος
3430 434 3487 488 δὲ
3529 433 3625 488 τοῦ

378 531 734 599 suscepisset,
769 532 957 602 junior
979 533 1030 588 vi
1079 542 1135 589 et
1160 548 1256 604 per
1287 531 1440 586 nefas
1477 531 1551 586 illi
1596 531 1818 595 ademit,
1849 530 1954 585 fra-

380 621 591 691 trisque
618 622 785 678 filium
814 624 1071 694 Egestum
1109 624 1349 688 sustulit,
1389 621 1554 676 filiam
1581 637 1713 678 vero
1743 621 1951 676 Rheam

381 710 620 780 Sylviam
651 716 1009 780 sacerdotem,
1048 729 1116 768 ne
1154 729 1258 784 qua
1299 714 1592 768 liberorum
1636 730 1757 782 spes
1784 723 1952 778 esset,

382 801 532 856 fecit.
563 803 628 858 Et
656 802 998 858 Nemetorem
1044 806 1289 873 quidem,
1329 804 1467 873 17a
1498 803 1620 859 licet
1647 803 1817 857 frater
1833 804 1956 858 vita:

381 893 756 959 insidiaretur,
792 910 998 949 morum
1059 897 1313 964 comitas,
1363 895 1639 965 multaque
1692 895 1954 952 modestia

381 985 627 1052 periculo
657 987 895 1040 exemit:
936 997 991 1040 at
1018 986 1250 1053 Rheam,
1274 990 1416 1056 quod
1440 995 1626 1041 contra
1669 989 1956 1048 sacerdotii

382 1076 556 1145 legem
631 1078 958 1146 peperisset,
1015 1081 1283 1144 Amulius,
1337 1089 1395 1134 ut
1437 1081 1670 1150 puniret,
1717 1096 1960 1148 compre-

382 1167 610 1232 hendit,
648 1171 786 1223 duos
835 1185 964 1224 vero
1018 1171 1154 1226 ﬁlios
1203 1187 1271 1226 ex
1312 1187 1372 1225 ea
1415 1185 1571 1227 natos
1613 1174 1665 1226 in
1721 1174 1956 1227 vicinum

381 1254 626 1322 ﬂuvium,
671 1259 756 1313 cui
793 1258 1007 1314 Tiberis
1047 1277 1241 1315 nomen
1276 1274 1381 1329 est,
1411 1263 1829 1332 praecipitandos
1863 1279 1961 1332 pa-

385 1350 629 1404 storibus
664 1352 903 1406 tradidit.
949 1352 1266 1408 Liberorum
1287 1370 1481 1409 nomen
1516 1352 1740 1418 Burnus,
1768 1363 1822 1409 et
1855 1355 1964 1410 Ro-

383 1439 560 1494 mulus
585 1441 686 1511 (7),
723 1444 790 1496 ab
829 1443 999 1499 jEnea
1051 1460 1146 1514 per
1181 1456 1410 1500 matrem
1451 1462 1622 1516 genus
1661 1447 1959 1502 trahentes.

384 1527 662 1586 Incertum
708 1536 853 1589 enim
904 1547 1188 1605 parentem
1232 1537 1508 1602 detestati,
1553 1535 1744 1593 IEneae
1793 1540 1963 1609 magis

385 1625 608 1679 nomine
630 1625 1025 1694 gloriabantur.

461 1714 794 1786 Auspicatur
815 1735 967 1789 ergo,
997 1722 1074 1775 uti
1097 1721 1655 1789 diximus,historiam
1685 1719 1962 1786 abJEn‘ea,

2051 533 2422 607 πρεσϐυτέρου
2437 534 2589 604 παρὰ
2603 530 2701 586 τοῦ
2719 531 2926 603 πατρὸς
2937 529 3298 593 τελευτῶντος
3311 528 3409 601 τὴν
3426 527 3622 601 ἀρχὴν,

2051 629 2080 681 ὁ
2113 626 2373 696 νεώτερος
2399 623 2556 696 ὕϐρει
2584 623 2679 678 καὶ
2711 622 2804 694 βίᾳ
2828 621 3094 691 κατέσχεν
3127 619 3483 690 ἀφελόμενος.
3511 618 3627 674 Καὶ

2054 719 2143 772 τὸν
2176 719 2274 789 μὲν
2294 717 2402 789 [24
2422 715 2528 788 H.]
2555 716 2720 769 παῖδα
2741 713 2837 768 τοῦ
2860 713 3089 782 ἀδελφοῦ
3113 713 3375 780 Ἐγεστον
3400 711 3623 771 κτείνει,

2054 811 2153 881 τὴν
2187 809 2460 880 θυγατέρα
2486 809 2543 862 δέ
2570 808 2728 862 Ῥέαν
2753 807 3002 860 Σιλουίαν
3019 806 3064 838 ¹⁶
3088 805 3322 877 ἱέρειαν,
3348 804 3434 856 ἵνα
3461 803 3629 866 ἄπαις

2054 899 2342 970 διαμείνῃ,
2390 897 2681 968 καθίστησι
2703 897 2745 928 ³⁷
2771 912 2786 927 ⁸
2821 896 2914 948 τὸν
2957 895 3140 966 μέντοι
3195 892 3485 963 Νεμέτορα
3526 891 3630 960 τῆς

2057 991 2136 1054 είς
2157 991 2218 1044 τὸ
2247 991 2407 1061 σῶμα
2447 989 2740 1058 ἐπιϐουλῆς
2759 989 2851 1058 ¹⁸ή
2871 987 2978 1040 τῶν
3004 986 3152 1056 ἠθῶν
3176 985 3432 1052 ἐξεῖλκε¹⁹
3454 982 3625 1055 πραό-

2057 1101 2155 1156 της
2184 1085 2279 1137 καὶ
2305 1086 2338 1154 ἡ
2372 1084 2540 1155 πολλὴ
2564 1083 2854 1136 ἐπιείκεια.
2870 1081 3013 1134 Ἀλλ’
3041 1082 3075 1152 ἡ
3101 1080 3316 1133 Σιλουία
3335 1080 3460 1132 ἐκυε
3480 1079 3632 1150 παρὰ

2057 1177 2150 1229 τὸν
2187 1177 2350 1247 νόμον
2373 1215 2390 1239 ,
2418 1175 2513 1230 καὶ
2539 1177 2640 1247 τὴν
2678 1175 2776 1246 μὲν
2808 1173 3093 1245 Ἀμούλιος
3129 1173 3222 1226 ἐπὶ
3256 1170 3476 1226 κολάσει
3509 1188 3635 1223 συν-

2061 1265 2332 1338 ελάμϐανε
2354 1308 2368 1333 ,
2398 1266 2493 1320 δύο
2525 1266 2583 1319 δὲ
2630 1265 2828 1328 παῖδας
2863 1267 2927 1319 ἐκ
2961 1266 3122 1336 τῆσδε
3159 1265 3487 1335 γενομένους
3516 1281 3636 1316 ποι-

2065 1358 2221 1428 μέσιν
2259 1359 2460 1413 ἔδωκεν
2481 1399 2495 1423 ,
2520 1359 2599 1420 εἱς
2629 1358 2719 1410 τὸν
2746 1357 2974 1428 πλησίον
3017 1357 3259 1426 ποταμὸν
3285 1355 3543 1426 ἐμϐαλεῖν
3563 1355 3638 1408 τά

2065 1450 2240 1520 βρέφη
2264 1469 2277 1482 ·
2301 1450 2504 1520 Θύϐρις
2528 1446 2596 1521 ἦν
2622 1450 2792 1520 ὄνομα
2815 1450 2894 1521 τῷ
2918 1449 3148 1521 ποταμῷ
3168 1491 3182 1515 ,
3221 1449 3430 1518 Ῥῶμος
3454 1449 3511 1500 δέ
3541 1448 3638 1500 καὶ

2074 1539 2350 1609 Ῥωμύλος
2377 1541 2425 1593 οἱ
2455 1540 2674 1606 παῖδες,
2713 1540 2773 1605 ἐξ
2802 1541 3015 1594 Αἰνείου
3049 1540 3306 1604 ἕλκοντες
3365 1539 3639 1610 μητρόθεν

2064 1632 2127 1686 τὸ
2154 1632 2313 1698 γένος
2339 1649 2354 1664 ·
2385 1633 2446 1686 τὸ
2478 1632 2588 1705 γάρ
2619 1633 2714 1686 τοῦ
2746 1634 2941 1704 φύντος
2961 1632 3007 1663 ’⁸
3038 1632 3319 1704 ἄδηλον²¹.

2140 1723 2400 1792 Ἀρχεται
2438 1722 2536 1793 μὲν
2573 1718 2687 1785 οῦν,
2719 1722 2794 1785 ὡς
2836 1722 3075 1793 εἴρηται,
3115 1723 3149 1793 ἡ
3180 1719 3387 1792 ἱστορία
3425 1719 3483 1772 ἐν
3523 1722 3644 1773 ἐπι-

386 1807 567 1862 obiter
601 1809 667 1863 ad
700 1810 796 1864 hos
831 1826 1002 1880 usque
1032 1827 1377 1881 progressus,
1401 1815 1542 1867 seda
1568 1812 1797 1867 Romqu
1815 1813 1964 1866 urbis

2083 1815 2238 1886 ῑρομῇ
2263 1814 2374 1868 άπὸ
2401 1814 2613 1867 Αίνείου
2648 1815 2774 1885 ἄχρι
2796 1813 2905 1867 τῶν
2929 1813 3157 1866 παίδωνο
3189 1811 3298 1865 ἀπὸ
3329 1813 3385 1864 δέ
3423 1809 3644 1881 Ῥωμύ-

388 1897 674 1956 conditore
720 1914 973 1959 accurate
1008 1904 1217 1974 singula
1254 1915 1592 1974 persecutus,
1621 1904 1868 1975 perducit
1896 1903 1964 1958 ad

388 1996 716 2064 Augustum,
751 1997 879 2063 imo,
918 1998 1150 2066 sparsim
1179 1999 1394 2068 saltem,
1422 2009 1478 2054 et
1517 1999 1579 2054 in
1621 2009 1965 2066 transcursu,

390 2101 563 2158 usque
592 2087 658 2141 ad
682 2086 1006 2158 Traianum.

461 2179 739 2248 Appianus
764 2181 852 2234 hic
871 2195 1070 2250 genere
1095 2181 1498 2238 Alexandrinus
1527 2181 1648 2247 fuit,
1674 2181 1970 2252 Romaeque

391 2269 547 2323 initio
571 2285 766 2325 causas
784 2273 894 2342 egit
929 2287 942 2324 :
977 2287 1099 2327 mox
1133 2273 1330 2342 dignus
1366 2274 1582 2328 habitus
1612 2274 1704 2342 qui
1741 2274 1972 2342 impera-

397 2364 577 2410 torum
613 2359 833 2411 nomine
866 2359 1204 2428 provinciam
1229 2359 1657 2414 administraret.
1695 2359 1876 2430 Stylus
1896 2357 1972 2411 illi

393 2449 594 2512 tenuis,
623 2463 684 2503 ac
708 2449 938 2506 minime
973 2452 1322 2506 redundans:
1357 2454 1450 2507 sed
1477 2453 1755 2505 historiam
1797 2450 1972 2520 quoad

392 2542 510 2612 ejus
537 2541 652 2596 fieri
687 2550 886 2612 potest,
912 2557 1097 2596 veram
1122 2543 1278 2606 texit,
1297 2551 1352 2597 et
1381 2542 1631 2596 militaris
1653 2541 1972 2609 disciplinae,

398 2639 444 2690 si
468 2635 591 2704 quis
621 2636 780 2700 alius,
825 2648 1114 2690 enarrator
1159 2646 1263 2690 est.
1293 2636 1550 2690 Oratione
1594 2634 1832 2704 dejectos
1876 2633 1977 2686 mi-

395 2727 546 2781 litum
584 2729 794 2780 animos
815 2731 1048 2797 erigere,
1085 2738 1139 2781 et
1181 2727 1522 2782 ardentiores
1547 2727 1816 2796 mitigare,
1853 2724 1979 2779 aﬂ'e-

399 2831 627 2888 ctnsque
662 2819 986 2886 exprimere,
1027 2834 1090 2874 ac
1117 2819 1162 2873 si
1196 2820 1323 2888 quid
1345 2819 1485 2873 aliud
1523 2819 1720 2871 imitari
1747 2816 1976 2870 dicendo

398 2910 548 2976 licet,
569 2913 773 2980 optime
795 2911 966 2965 novit.
989 2909 1195 2965 Floruit
1212 2921 1392 2965 autem
1421 2910 1644 2980 Traiani
1674 2919 1729 2962 et
1749 2908 1977 2962 Adriani

399 3005 758 3074 temporibus.

1093 3095 1276 3151 LVIII.

619 3189 831 3242 Arriani
867 3189 1147 3254 Parthica,
1185 3189 1492 3259 Bithynica,
1525 3199 1570 3241 et
1597 3187 1727 3240 alia.

475 3279 627 3334 Lecti
661 3282 1027 3335 suntArriani
1062 3281 1138 3354 (8)
1175 3282 1545 3334 Parthicarum
1578 3279 1696 3333 libri
1739 3287 1982 3347 septem-

408 3371 610 3426 decim.
673 3373 769 3426 Hic
830 3375 961 3428 item
1016 3375 1255 3427 ninnium
1295 3374 1496 3442 optime
1543 3386 1628 3425 res
1681 3382 1861 3439 gestas
1905 3367 1984 3435 (9)

410 3463 704 3518 Alexandri
743 3466 888 3535 regis
923 3464 1282 3519 Macedonum
1312 3465 1656 3532 conscripsit.
1682 3463 1838 3515 Aliud
1858 3462 1982 3516 itent

408 3570 544 3624 opus
581 3559 631 3610 in
660 3559 889 3626 gratiam
942 3557 1206 3629 Bithyniae
1248 3559 1437 3626 patriae
1469 3557 1620 3626 (hinc
1646 3556 1790 3610 enim
1829 3563 1988 3607 natus

347 3681 350 3684 ~
409 3652 518 3715 est)
550 3651 876 3718 composuit,
905 3650 1306 3721 Bithyuirorum
1347 3653 1522 3706 titulo.
1567 3653 1895 3706 Edideratel
1917 3651 1986 3703 ab

410 3741 598 3794 Alanis
615 3753 766 3809 gesta
791 3761 806 3808 ;
836 3758 994 3810 quem
1033 3745 1226 3797 librum
1273 3743 1552 3797 Alanicam
1601 3745 1898 3811 inscripsit.
1931 3741 1988 3794 In

413 3832 592 3902 primo
623 3832 716 3886 illo
737 3848 900 3902 opere
939 3835 1075 3888 bella
1110 3851 1138 3887 a
1184 3834 1404 3888 Parthis
1443 3847 1497 3889 et
1540 3835 1797 3889 Romanis
1843 3845 1990 3903 gesta

415 3924 604 3988 refert,
641 3928 803 3978 ductu
849 3934 1011 3994 atque
1056 3929 1312 3996 auSpiciis
1344 3926 1564 3998 Trajani
1617 3928 1982 3996 imperatoris.

414 4015 543 4072 Vult
570 4018 802 4073 Parthos
843 4035 871 4072 a
917 4019 1135 4090 Scythis
1175 4021 1443 4090 originem
1460 4022 1706 4097 'ducere:
1740 4021 1993 4075 Macedo-

417 4122 747 4165 numautem
783 4115 1072 4182 imperium
1109 4115 1437 4178 excussisse,
1482 4129 1602 4169 cum
1639 4115 1844 4184 pridem
1874 4130 1994 4168 ser-

2064 1905 2158 1959 λου
2202 1904 2298 1959 τοῦ
2351 1905 2593 1959 οἰκιστοῦ
2627 1905 2982 1978 λεπτομερῶς
3030 1904 3246 1959 ἅπαντα
3289 1901 3560 1969 διεξιοῦσα
3587 1901 3635 1933 ⁸³

2066 1997 2280 2051 κάτεισι
2313 1997 2477 2068 μέχρι
2509 1997 2601 2050 τοῦ
2647 1995 2922 2050 Σεϐαστοῦ
2961 2037 2978 2064 ,
3033 1994 3311 2067 σποράδην
3343 1994 3399 2047 δέ
3462 1993 3558 2048 καὶ
3585 1992 3648 2058 ἐξ

2067 2086 2366 2158 ἐπιδρομῆς
2397 2086 2494 2140 καὶ
2518 2086 2622 2151 ἕως
2645 2085 2938 2160 Τραϊανοῦ.

2142 2174 2313 2244 Οὗτος
2341 2179 2397 2234 δέ
2429 2181 2459 2232 ό
2500 2180 2797 2244 Ἀππιανὸς
2837 2180 2901 2234 τὸ
2944 2180 3043 2252 μὲν
3073 2180 3228 2249 γένος
3266 2175 3336 2252 ἦν
3394 2177 3650 2244 Ἀλεξαν-

2069 2269 2255 2340 δρεὺς,
2299 2271 2357 2324 ἐν
2400 2267 2590 2342 Ῥώμῃ
2624 2269 2681 2323 δὲ
2729 2270 2799 2324 τά
2849 2269 3044 2340 πρῶτα
3095 2269 3272 2332 δίκαις
3333 2268 3648 2338 συνηγόρει,

2073 2362 2261 2416 ἔπειτα
2293 2363 2350 2416 δέ
2378 2365 2472 2417 καὶ
2506 2363 2769 2435 βασιλέων
2808 2361 3189 2432 ἐπιτροπεύειν
3221 2359 3448 2431 ἠξιώθη.
3489 2361 3650 2413 Ἔστι

2072 2453 2130 2506 δὲ
2157 2453 2256 2523 τὴν
2293 2453 2495 2524 φράσιν
2522 2453 2815 2522 άπέριττος
2851 2454 2946 2506 καὶ
2978 2453 3142 2522 ίχνδς,
3175 2453 3274 2524 τὴν
3301 2452 3359 2504 δὲ
3383 2453 3646 2520 ἱστορίαν,

2074 2543 2150 2609 ὡς
2181 2540 2292 2598 οἷόν
2321 2546 2368 2599 τ’
2395 2545 2535 2611 ἐστὶ,
2560 2545 2882 2616 φιλαλήθης,
2916 2546 3010 2598 καὶ
3037 2543 3418 2614 στρατηγικῶν
3437 2543 3524 2597 διά
3548 2541 3648 2612 τῆς

2078 2637 2320 2709 ἱστορίας
2357 2637 2632 2708 μεθόδων,
2674 2639 2722 2690 εί
2761 2637 2855 2690 καί
2892 2637 2938 2667 ³³
2979 2654 3063 2699 τις
3100 2636 3290 2700 ἄλλος,
3345 2635 3648 2706 ὑποφήτης,

2077 2729 2280 2800 ἐπᾶραί
2301 2747 2360 2782 τε
2405 2730 2583 2798 λόγοις
2612 2730 3079 2797 τεταπεινωμένον
3115 2731 3370 2798 φρόνημα
3418 2725 3650 2798 στρατοῦ

2079 2824 2175 2876 καὶ
2207 2822 2533 2893 διαπραῦναι
2565 2822 2899 2892 φλεγμαῖνον
2939 2823 3036 2876 καὶ
3065 2812 3235 2884 πάθος
3283 2819 3521 2881 δηλῶσαι
3555 2817 3652 2870 καὶ

2081 2914 2199 2967 εῐτι
2237 2915 2365 2967 ἄλλο
2393 2913 2571 2982 λόγοις
2601 2913 3015 2984 ἐκμιμήσασθαι
3042 2913 3283 2984 ἄριστος.
3311 2912 3564 2982 Ἥκμασε
3594 2909 3654 2963 δὲ

2082 3006 2140 3058 ὲν
2161 3007 2272 3067 τοῖς
2297 3004 2512 3074 χρόνοις
2541 3004 2810 3075 Τραϊανοῦ
2839 3005 2933 3058 καὶ
2972 3004 3273 3078 Ἀδριανοῦ.

2811 3095 2946 3152 NH'.

2557 3191 2866 3259 Ἀρῤιανοῦ
2913 3187 3194 3260 Παρθικιὶ.

2164 3280 2504 3352 Ἀνεγνώσθη
2549 3281 2834 3355 Ἀρριανοῦ
2877 3283 3143 3352 Παρθικὰ
3172 3282 3229 3334 ἐν
3288 3280 3510 3352 βιϐλίοις
3567 3277 3658 3344 ιζ’.

2087 3365 2241 3435 οὗτος
2277 3374 2331 3424 δέ
2382 3375 2668 3427 συντάττει
2736 3375 2956 3427 πάντων
3012 3373 3235 3444 ἄμεινον
3265 3374 3358 3426 καὶ
3417 3373 3482 3425 τά
3517 3374 3662 3424 κατὰ

2099 3463 2447 3536 Ἀλέξανδρον
2479 3464 2570 3517 τὸν
2592 3464 2873 3517 Μακεδόνα
2895 3506 2909 3529 ,
2943 3463 3022 3518 ἔτι
3061 3465 3118 3518 δὲ
3149 3466 3243 3517 καὶ
3271 3464 3437 3534 ἄλλην
3479 3481 3662 3533 πραγ-

2093 3558 2344 3626 ματείαν,
2375 3557 2445 3609 τὰ
2483 3558 2688 3627 πάτρια
2721 3557 2819 3624 τῆς
2861 3556 3135 3621 Βιθυνίας,
3169 3555 3227 3621 ἐξ
3256 3552 3322 3627 ἧς
3363 3556 3457 3608 καὶ
3499 3555 3666 3616 αὐτὸς

2091 3650 2216 3719 ἐφυ,
2253 3650 2562 3720 ἐπιγράψας
2597 3649 2657 3701 τὸ
2687 3649 2888 3719 βιϐλίον
2923 3644 3266 3703 Βιθιίνιακώ
3290 3649 3668 3720 συγγράφετ›.ι

2091 3741 2147 3794 δέ
2187 3741 2282 3794 καὶ
2307 3741 2374 3794 τά
2405 3741 2548 3793 κατὰ
2590 3739 2865 3802 Ἀλανοὺς,
2892 3740 2958 3810 ἣν
3000 3736 3667 3808 ἐπέγραψενἈλιιιηχήν.

2093 3830 2378 3900 Διέρχεται
2413 3832 2468 3884 δὲ
2498 3833 2555 3884 ἐν
2583 3831 2756 3903 ταύτῃ
2778 3831 2823 3862 ³⁸
2857 3833 2922 3902 τῇ
2956 3833 3309 3902 πραγματείᾳ
3348 3831 3472 3894 τοὺς
3502 3831 3668 3882 πολέ-

2099 3941 2252 3994 μους,
2289 3923 2383 3984 οὒς
2440 3923 2786 3994 ἐπολέμησαν
2822 3923 3086 3994 Ῥωμαῖοι
3131 3924 3226 3978 καὶ
3277 3923 3483 3994 Πάρθοι
3528 3924 3668 3976 Ῥω-

2099 4017 2272 4089 μαίων
2317 4016 2722 4088 αὐτοκράτορος
2765 4017 2918 4081 ὄντος
2963 4017 3259 4088 Τραϊανοῦ.
3309 4018 3444 4086 Φησὶ
3481 4017 3538 4070 δὲ
3605 4015 3670 4067 τὸ

2099 4109 2332 4178 Πάρθων
2381 4109 2536 4177 γένος
2590 4107 2897 4172 Σκυθικὸν,
2953 4106 3260 4178 ἀποστῆναι
3316 4105 3373 4158 δὲ
3404 4105 3502 4175 τῆς
3558 4104 3673 4158 τῶν

419 4205 646 4258 vitutem
688 4206 1043 4271 serviissent,
1073 4203 1255 4260 Persis
1299 4222 1401 4259 una
1444 4206 1857 4273 rebellantibus,
1896 4207 1974 4260 ha<

2096 4198 2424 4253 Μακεδόνων
2480 4198 2868 4269 ἐπικρατείας,
2909 4197 3025 4267 ἅμα
3081 4196 3310 4268 Περσῶν
3361 4212 3676 4267 καταστρα-

426 4296 766 4365 potissimum
802 4299 869 4350 de
922 4311 1104 4351 causa.
1129 4300 1363 4352 Arsaces
1407 4309 1461 4352 et
1494 4295 1774 4354 Teridates
1801 4299 1974 4354 fratre:

2100 4293 2309 4361 φέντων
2346 4291 2514 4346 πάλαι
2541 4291 2829 4357 δουλωθέν,
2859 4291 2925 4344 δι’
2951 4290 3131 4345 αἰτίαν
3160 4291 3436 4362 τοιαύτην.
3479 4291 3677 4359 Ἀρσά-

416 4396 572 4440 erant
611 4387 906 4451 Arsacidae,
962 4403 1029 4441 ex
1075 4387 1184 4442 filio
1227 4389 1445 4443 Arsacae
1480 4389 1759 4458 Phriapita
1808 4391 1993 4459 geniti.

2101 4401 2204 4452 κης
2227 4384 2324 4437 καὶ
2370 4384 2680 4455 Τηριδάτης
2713 4385 2884 4454 ἤστην
2927 4382 3141 4451 ἀδελφὼ
3189 4381 3532 4452 Ἀρσακίδαι,
3577 4379 3674 4433 τοῦ

418 4475 484 4532 lli
512 4476 828 4532 Phereclem
860 4480 926 4533 ab
949 4481 1216 4533 Antiocho
1241 4495 1362 4550 rege
1388 4481 1569 4553 (quem
1608 4482 1765 4536 deum
1794 4497 1966 4551 cogno

2102 4477 2219 4529 υἱοῦ
2319 4476 2587 4548 Ἀρσάκου
2645 4475 2740 4527 τοῦ
2806 4474 3105 4544 Φριαπίτου
3165 4475 3441 4542 ἀπόγονοι.
3516 4466 3678 4526 Οὗτοι

421 4569 978 4639 nitentoappellabattt)
1001 4568 1119 4637 ejus
1135 4585 1245 4623 orae
1275 4571 1568 4640 Satrapam
1607 4571 1990 4635 constitutum,

420 4663 564 4730 quod
597 4662 769 4717 altero
798 4661 1035 4716 fratrum
1066 4663 1216 4717 abuti
1251 4677 1348 4733 per
1378 4663 1485 4716 vim
1511 4659 1656 4716 fmde
1688 4671 1998 4729 conaretur,

416 4754 802 4808 contumeliam
848 4769 955 4809 non
1008 4753 1268 4819 ferentes,
1324 4766 1629 4819 necarunt;
1688 4754 1824 4823 17b
1870 4770 2000 4808 con-

423 4843 558 4898 sciis
574 4846 739 4898 etiam
763 4845 893 4932 pliis
909 4846 1171 4915 quinque.
1185 4843 1414 4900 Gentem
1442 4849 1622 4916 itaque
1644 4845 1994 4932 Macedonum

421 4935 705 5005 pellentes,
737 4931 1022 5006 imperium
1072 4938 1172 5007 ipsi
1219 4939 1593 5007 abripuerunt,
1640 4931 1998 5009 magnamque

2097 4568 2372 4639 Φερεκλέα
2415 4568 2508 4620 τὸν
2545 4568 2647 4620 ὑπὸ
2705 4568 2752 4601 ³⁸
2798 4568 3072 4638 Ἀντιόχου
3103 4566 3197 4618 τοῦ
3241 4565 3503 4635 βασιλέως
3531 4563 3677 4634 (θεὸν

2099 4662 2262 4717 αὑτὸν
2297 4661 2527 4729 ἐπίκλην
2552 4659 2882 4731 ὠνόμαζον),
2915 4660 3006 4733 [55
3037 4659 3126 4731 Κ]
3161 4660 3274 4713 ἀλλ’
3297 4659 3352 4712 οἵ
3371 4675 3434 4728 γε
3480 4659 3680 4728 Ἀρσα-

2100 4753 2241 4808 κίδαι
2290 4754 2382 4805 τὸν
2428 4753 2534 4806 ὑπὸ
2585 4754 2854 4824 Ἀντιόχου
2911 4753 3197 4823 σατράπην
3247 4751 3427 4804 αὐτῶν
3475 4750 3521 4782 ³⁸
3575 4750 3677 4816 τῆς

2101 4848 2286 4919 χώρας
2313 4847 2663 4901 καταστάντα
2702 4845 2978 4917 Φερεκλέα
2999 4886 3014 4911 ,
3048 4847 3170 4900 ἐπεὶ
3192 4846 3282 4898 τὸν
3321 4844 3507 4916 ἕτερον
3567 4842 3678 4894 τῶν

2103 4940 2349 5010 ἀδελφῶν
2389 4940 2650 5012 ἐπείρασε
2700 4939 3066 5011 βιασάμενος,
3095 4938 3195 4992 οὐκ
3220 4939 3534 5007 ἐνεγκόντες
3576 4934 3679 5005 τὴν

1739 5052 1966 5109 vanus
2002 5036 2403 5110 LECTIONES.

493 5149 538 5181 ¹⁶
567 5149 822 5221 σερουϊαν
853 5166 937 5205 στ.
1017 5150 1060 5186 ³⁷
1089 5149 1379 5219 καθίστησι
1406 5149 1501 5204 καὶ
1522 5151 1618 5221 τὸν
1646 5167 1729 5204 στ.
1807 5151 1850 5221 ¹ί⁸
1882 5153 2043 5221 σῶμα
2069 5150 2165 5204 τοῦ
2190 5152 2426 5221 ἀδελφοῦ
2449 5149 2740 5220 ἐπιϐουλῆς
2770 5167 2854 5203 στ.
2933 5150 2976 5182 ¹⁹
3007 5148 3179 5214 ἐξεῖλε
3202 5147 3458 5221 corr.
3509 5147 3554 5177 ²⁰
3579 5143 3682 5221 φύτ

425 5217 1208 5288 corno;'Scltweighzeuserus,
1244 5217 1337 5276 sed
1366 5229 1420 5290 et
1447 5220 1586 5274 infra
1616 5237 1666 5285 p.
1699 5221 1742 5273 li
1775 5220 1901 5281 680.
1927 5217 1990 5274 51
2051 5222 2177 5285 τοὺς
2210 5217 2416 5290 φύντας
2451 5223 2532 5284 είς
2563 5217 2706 5284 τοὺς
2735 5221 3038 5290 φυομένους
3064 5231 3119 5290 et
3151 5235 3214 5290 7p.
3246 5217 3408 5290 1052,
3433 5217 3465 5270 ἐ
3509 5219 3601 5290 καξι
3649 5217 3682 5269 ὁ

427 5361 634 5434 μᾶλλον
666 5357 1080 5434 ἐγκαυχώμενοι
1105 5357 1267 5434 ἦσαν,
1295 5377 1406 5417 out.
1433 5358 1592 5416 ACE.

428 5430 475 5461 ³⁶
497 5430 678 5486 αὐτῶν
697 5433 744 5484 Α
769 5446 786 5487 :
819 5430 990 5504 αὐτῆς
1017 5449 1104 5488 στ.

317 5318 320 5321 -
424 5293 554 5364 παῖς
587 5293 679 5364 καὶ.
709 5285 993 5364 όφύςξυί.
1046 5306 1133 5364 p._
1163 5291 1288 5357 165,
1323 5287 1410 5344 16.
1621 5290 1870 5364 551(ξὶἒόΞ
1901 5290 1993 5364 '5].
2067 5291 2110 5324 ²¹
2132 5285 2262 5364 post
2291 5285 2484 5364 ἄδηλον
2516 5307 2636 5364 quae
2661 5285 3679 5364 addebantur,Ap8silu§tdpsvoyeodem

1693 5362 1737 5393 “
1759 5359 2032 5425 διεξιοῦσα
2059 5359 2155 5414 καῖ
2186 5363 2310 5417 κάτ.
2344 5359 2413 5419 Α.

2517 5356 2564 5394 ³⁷³
2591 5361 2687 5416 καί
2725 5361 2853 5416 add.
2885 5360 2946 5415 Β.
3031 5357 3079 5391 ³⁵
3105 5360 3243 5430 αὐτῇ
3274 5356 3342 5414 Δ.
3417 5359 3461 5390 ’⁵
3481 5356 3590 5410 ἀπὸ
3611 5360 3681 5410 Δ.

1993 5542 2230 5604 NOTIE.

512 5633 591 5702 (7)
627 5631 799 5702 Vulgo
831 5633 1045 5692 Remus.

501 5705 579 5777 (8)
610 5702 1076 5762 Nicotttediettsetn
1111 5706 1241 5766 facit
1268 5707 1412 5763 hunc
1444 5704 1767 5777 scriptorem
1802 5704 2000 5764 Suidas

428 5774 484 5829 in
518 5776 774 5840 Arriano,
797 5791 957 5845 quem
983 5778 1117 5847 lege.

2186 5635 2264 5709 (9)
2293 5636 2474 5694 Libris
2501 5653 2620 5704 vm,
2645 5638 2733 5706 qui
2771 5634 3041 5709 hodieque
3067 5645 3305 5709 exstant.
3332 5634 3688 5709 Oc_t_avtts_ttt_-

2111 5705 2550 5833 mﬁnéqeculiari
2594 5705 2749 5764 titulo
2789 5707 2976 5761 Indica
3027 5707 3366 5762 inscribitur.
3405 5705 3535 5760 Vide
3580 5706 3683 5762 inf.

2111 5793 2173 5833 co
2218 5815 2230 5831 .
2340 5818 2357 5833 .

2107 5793 2230 5833 του.
2265 5793 2357 5834 νι.
