3980 6234
208 275 302 339 105

1352 265 1881 328 BIBLIOTHECA.
1923 287 1988 298 ··-
2017 263 2184 326 COD.
2220 264 2370 324 LIX.

3357 251 3456 329 100

203 383 350 454 ὕϐριν
373 379 591 435 ἅνεῐλόν
620 395 680 432 τε
705 379 795 432 τὸν
844 376 1144 454 ὑϐρίσαντα
1170 417 1185 443 ,
1220 378 1312 430 καὶ
1357 375 1568 446 ἑτέροις
1611 373 1774 425 πέντε

1897 377 2013 423 sunt
2061 370 2361 438 potentiam
2417 369 2743 436 consecuti;
2800 379 2858 426 ιιι
2899 379 2954 428 et
3007 379 3130 426 cum
3194 369 3456 430 Romanis

200 473 292 543 τὴν
332 469 536 542 πρᾶξιν
585 470 1087 539 άνακυινωσὰμενοι
1113 470 1204 522 καὶ
1233 468 1293 521 τὸ
1324 467 1477 530 ἔθνος
1527 465 1778 520 Μακεδό-

1881 475 2039 530 arquo
2095 475 2240 531 saepe
2290 459 2461 515 Marte
2498 461 2898 528 contenderim,
2959 463 3229 519 interdum
3284 467 3450 521 etiam

205 580 304 616 νων
343 562 386 593 ³⁷
418 562 762 631 ἀπέστησαν,
795 561 890 615 καὶ
923 560 1048 614 καθ’
1076 560 1304 622 ἑαυτοὺς
1340 555 1540 630 ἦρξαν,
1571 558 1665 610 καὶ
1687 558 1780 609 ἐπὶ

1897 553 2105 608 victoria
2139 551 2280 606 bello
2306 553 2461 620 potiti
2525 554 2836 622 superiores
2860 554 3233 611 discesserint.
3258 556 3458 614 Narrat

209 656 345 724 μέγα
373 654 662 724 δυνάμεως
684 653 912 723 ἤλασαν,
952 653 1029 715 ὡς
1077 653 1174 704 καὶ
1218 651 1507 719 Ῥωμαίοις
1530 649 1781 720 ἀντιρρό-

1897 643 1944 699 td
1984 645 2099 698 haec
2121 644 2358 699 Parthos
2389 645 2714 700 Sesostridis
2739 645 3115 717 IEgypliorum
3149 649 3292 719 regis
3322 639 3496 704 temo’

207 761 334 806 πως
363 746 543 814 μάχας
574 743 786 808 θέσθαι,
811 744 982 798 ἐνίοτε
1013 743 1071 796 δὲ
1106 743 1200 796 καὶ
1257 743 1377 812 μεθ’
1415 742 1650 795 ἑαυτῶν
1678 741 1778 810 τὴν

1897 749 2033 798 )ore,
2068 744 2119 790 et
2160 733 2389 790 Jandusi
2427 731 2781 806 Scytharum,
2809 752 2875 790 ex
2931 737 3152 808 Scythia
3201 740 3252 792 in
3305 743 3455 805 eum,

201 833 350 902 νίκην
380 834 605 902 ἔχοντας
661 834 758 886 τοῦ
800 830 1038 902 πολέμου
1089 833 1365 886 ἀπελθεῖν.
1401 832 1650 901 Πάρθους
1703 830 1764 882 δέ

1879 841 2042 894 quem
2075 841 2219 881 nunc
2250 836 2456 890 tenent,
2494 827 2668 881 locum
2699 830 3032 897 demigrasse
3061 847 3074 883 :
3109 833 3304 898 quibus
3329 829 3466 886 Tra-

199 941 359 994 φησιν
387 927 480 978 ἐπὶ
511 925 880 996 Σεσώστριδος
911 923 1007 977 τοῦ
1036 925 1354 993 Αίγυπτίων
1378 924 1641 993 βασιλέως
1673 922 1769 976 καὶ

1899 937 2035 976 auus
2087 921 2453 974 Romanorum
2508 921 2642 991 imp.
2679 935 2777 991 per
2827 922 2935 975 vim
2989 921 3198 989 fractis,
3253 923 3462 979 laedere

212 1015 474 1068 Ἰανδύσου
506 1016 604 1068 τοῦ
637 1015 860 1078 Σκυθῶν
891 1017 996 1069 ἀπὸ
1021 1017 1120 1086 τῆς
1152 1015 1301 1085 σφῶν
1324 1015 1505 1086 χώρας
1535 1013 1770 1076 Σκυθίας

1885 1015 2016 1079 icto,
2053 1029 2230 1084 regem
2265 1015 2567 1068 constituit.

207 1109 280 1171 είς
311 1110 413 1176 τὴν
435 1108 532 1161 νῦν
565 1108 892 1178 μετοικῆσαι
916 1123 929 1138 °
963 1107 1054 1170 οὓς
1109 1111 1139 1161 6
1174 1107 1461 1178 Ῥωμαίων
1527 1107 1884 1179 αὐτοκράτωρ
1925 1108 2192 1177 Τραῖανδς
2243 1107 2386 1160 κατὰ
2441 1105 2642 1177 κράτος
2695 1109 3038 1172 ταπεινώσας
3095 1109 3464 1171 ὑποσπόνδους

209 1200 449 1268 ἀφῆκεν,
507 1200 675 1263 αὐτὸς
739 1202 923 1263 αὐτοῖς
992 1201 1084 1254 τὸν
1137 1200 1364 1270 βασιλέα
1428 1200 1936 1270 καταστησάμενος.

271 1286 440 1356 Οὗτος
466 1295 510 1345 6.
541 1294 829 1363 ’Λρῤιανὸς
861 1294 1159 1364 φιλόσοφος
1199 1294 1292 1366 ἱ25
1324 1293 1419 1367 Η.]
1453 1296 1551 1366 μὲν
1580 1293 1649 1367 ἦν
1687 1297 1788 1366 τὴν

203 1377 531 1448 ἐπιστήμην,
561 1374 644 1443 εἷς
685 1381 793 1433 τῶν
826 1382 1103 1451 ὀμιλητῶν
1138 1384 1504 1454 Ἐπικτήτου,
1540 1388 1683 1439 κατὰ
1730 1385 1787 1438 δὲ

203 1475 320 1534 τοὺς
350 1475 584 1544 χρόνους
619 1475 903 1546 Ἀδριανοῦ
929 1479 1022 1530 καὶ
1061 1478 1381 1530 Ἀντωνίνου
1412 1478 1510 1532 τοῦ
1532 1480 1662 1533 Πίου
1693 1482 1787 1534 καὶ

1970 1294 2069 1350 Hic
2115 1297 2402 1361 Arrianus,
2447 1295 2784 1364 professione
2821 1295 3192 1364 philosoplms,
3244 1313 3383 1351 unus
3411 1297 3464 1351 in

1897 1383 2128 1452 Epicteti
2167 1386 2546 1448 familiaribus,
2586 1384 2832 1449 Adriani,
2871 1395 2924 1440 et
2971 1387 3228 1440 Antonini
3277 1386 3378 1451 Pii,
3413 1396 3470 1441 et

1893 1474 2060 1529 Marci
2111 1477 2370 1530 Antonini
2419 1476 2810 1544 imperatorum
2867 1471 3201 1543 temporibus
3260 1478 3465 1547 viguit;

204 1562 426 1632 Μάρκου
452 1563 550 1614 τοῦ
589 1565 908 1617 Ἀντωνίνου
953 1565 1302 1635 ἑγνωρίζετο·
1347 1568 1701 1638 ἐπωνόμαζον
1729 1568 1786 1621 δὲ

1897 1578 1946 1621 ct
1973 1567 2044 1621 ob
2071 1569 2402 1636 singularem
2445 1569 2751 1623 doctrinam
2784 1568 2932 1640 (novi
2964 1569 3341 1636 Xenophontis
3380 1586 3468 1625 co-

201 1655 356 1705 αὐτὸν
391 1655 720 1723 Ξενοφῶντα
757 1656 900 1710 νέον.
941 1656 1038 1709 Διά
1076 1657 1132 1708 δὲ
1161 1657 1222 1709 τὸ
1248 1660 1346 1726 τῆς
1379 1658 1626 1720 παιδείας
1669 1658 1786 1710 ἐπί·

203 1761 371 1815 σημον
411 1746 579 1808 ἄλλας
607 1763 667 1798 τε
695 1747 983 1810 πολιτικὰς
1019 1747 1195 1818 ἀρχὰς
1231 1748 1551 1820 ἐπιστεύθη,
1583 1750 1676 1804 καὶ
1708 1751 1787 1812 είς

202 1835 258 1888 τὸ
285 1836 395 1889 τῶν
436 1838 661 1890 ὑπάτων
687 1838 856 1907 ἀνέϐη
889 1838 1062 1901 τέλος.
1119 1840 1365 1910 Ἔγραψε
1388 1839 1442 1892 δὲ
1476 1839 1658 1908 βιϐλία
1689 1841 1784 1894 καὶ

200 1929 379 2000 ἔτερα,
408 1931 516 1984 τῶν
537 1931 634 2000 μὲν
655 1931 1344 2001 Διατριϐῶν-Ἐπικτήτου
1363 1935 1456 1986 τοῦ
1470 1933 1788 1988 διδασκάλου

201 2025 292 2078 ὅσα
321 2028 485 2095 ἴσμεν
527 2026 709 2096 βιϐλία
746 2029 891 2081 ὀκτὼ
919 2070 932 2091 ,
965 2030 1075 2082 τῶν
1103 2031 1162 2084 δὲ
1191 2029 1473 2100 Ὀμιλιῶν
1498 2030 1591 2084 τοῦ
1622 2029 1788 2084 αὑτοῦ

211 2116 538 2188 Ἐπικτήτου
563 2119 742 2187 βιϐλία
768 2120 996 2174 δώδεκα.
1015 2122 1218 2191 ’ἰσχνὸς
1242 2121 1299 2174 δὲ
1327 2121 1425 2192 τὴν
1450 2122 1651 2192 φράσιν
1673 2123 1790 2174 ἐστὶ

202 2208 287 2259 καὶ
319 2208 570 2277 μιμητὴς
603 2209 679 2271 ὡς
701 2210 920 2278 ἀληθῶς
945 2210 1310 2279 Ξενοφῶντος.
1338 2213 1477 2265 Φασὶ
1527 2211 1583 2264 δὲ
1621 2212 1786 2265 αὑτὸν

203 2300 287 2349 καὶ
317 2299 492 2366 ἕτερα
515 2299 747 2367 γράψαι,
783 2303 818 2352 ἆ
881 2299 1035 2353 οὔπω
1092 2304 1172 2363 είς
1222 2303 1510 2371 ἡμετέραν
1561 2302 1790 2370 ἀφίκετο

200 2387 418 2452 γνῶσιν.
458 2387 629 2456 Δῆλον
653 2389 713 2440 δὲ
759 2389 834 2451 ὡς
868 2389 988 2442 οὐδὲ
1032 2392 1332 2460 ῥητορικῆς
1362 2391 1552 2458 σοφίας
1602 2409 1658 2444 τε
1694 2394 1790 2446 καὶ

201 2476 480 2548 δυνάμεως
510 2477 834 2533 ἀπελείπετο
857 2481 923 2536 ’δέ
1061 2518 1067 2522 ι

929 2573 1062 2628 ΝΘ’.

203 2659 468 2726 Σύνοδος
495 2662 534 2728 ἡ
575 2663 725 2716 κατὰ
764 2663 873 2717 τοῦ
925 2665 994 2717 ἐν
1040 2665 1232 2733 ἁγίοις
1270 2665 1556 2720 Ἰωάννου
1603 2681 1791 2734 παρα-

723 2737 917 2800 νόμως
953 2734 1260 2791 συστᾶσα.

279 2821 628 2894 ’Δνεγνώσθη
669 2826 888 2878 συνόδου
928 2826 1031 2895 τῆς
1075 2827 1408 2896 παρανόμως
1441 2827 1584 2880 κατὰ.
1606 2826 1699 2879 τοῦ
1731 2827 1791 2878 ὲν

205 2912 378 2979 ἁγίοις
424 2915 678 2968 Ἰωάννου
703 2915 799 2968 τοῦ
848 2918 1240 2986 Χρυσοστόμου
1291 2919 1783 2988 συγκροτηθείσης,
1821 2962 1862 3020 c

207 3008 216 3020 ι
296 2999 321 3020 τ
358 3006 374 3020 ο
437 3005 461 3016 ο
761 3008 770 3020 ι
1045 3009 1080 3020 Λ
1130 3009 1140 3020 ι
1211 3008 1227 3020 ς
1255 3009 1267 3020 ι
1433 3011 1444 3020 ι
1471 3011 1515 3020 -.ι
1548 3009 1560 3020 ο
1579 3014 1591 3020 -
1610 3009 1627 3020 ι
1678 3009 1698 3020 ιι

202 3008 255 3055 ὲν
289 2999 322 3079 ᾖ
350 3005 602 3075 ὑπῆρχον
637 3008 1005 3077 κατάρχοντες
1041 3008 1301 3077 Θεόφιλος
1331 3025 1392 3060 τε
1423 3011 1452 3061 6
1471 3011 1516 3040 ²⁹
1548 3009 1795 3072 Ἀλεξαν-

202 3098 408 3168 δρείας,
452 3100 709 3160 Ἀκὰκιος
736 3103 762 3152 6
801 3101 1029 3172 Βεροίας
1078 3101 1160 3164 ³⁸,
1215 3102 1487 3171 Ἀντίοχος
1517 3103 1544 3154 6
1591 3103 1791 3157 Πτολε-

208 3191 413 3256 μαῖδος,
456 3193 555 3244 καὶ
606 3194 633 3244 6
691 3193 1024 3262 Σεϐηριανὺς
1063 3193 1344 3260 Γαδάλων,
1386 3195 1482 3246 καὶ
1508 3195 1740 3263 Κυρῖνος
1766 3196 1794 3247 6

206 3283 548 3353 Καλχηδόνος
581 3284 648 3349 ⁸¹,
672 3286 724 3336 oi.
747 3286 817 3336 τὰ
849 3285 1082 3354 μάλιστα
1113 3285 1394 3357 δυσμενῶς
1421 3288 1638 3356 ἔχοντες
1658 3285 1794 3357 πρὸς

205 3374 288 3428 τὸν
307 3377 517 3450 ἄνδρα.
538 3377 604 3429 Οἳ
640 3377 758 3446 ἅμα
784 3379 986 3442 πάντα,
1017 3379 1110 3430 καὶ
1136 3380 1321 3449 κριταὶ
1361 3380 1456 3431 καὶ
1499 3381 1794 3449 κατήγοροι

207 3467 292 3521 καὶ
321 3471 604 3540 μάρτυρες
658 3465 819 3539 ἦσαν.
870 3470 958 3522 Ἐν
1013 3471 1375 3540 ὑπομνήμασι
1429 3471 1486 3524 δὲ
1532 3470 1704 3523 ταῦτα
1750 3470 1793 3500 ³⁸

205 3561 446 3630 ἐπράχθη
499 3565 571 3628 ιγ’
609 3562 671 3593 ³³⁸
711 3561 850 3614 ἀλλὰ
886 3563 952 3615 τὰ
988 3563 1090 3632 μὲν
1119 3562 1440 3615 δυοκαίδεκα
1499 3561 1644 3614 κατὰ
1700 3559 1794 3613 τοῦ

206 3651 378 3718 ἁγίου,
409 3652 480 3717 τὸ,
507 3651 564 3704 δὲ
595 3653 1043 3721 τρισκαιδέκατον
1075 3655 1319 3722 περιέχει
1349 3653 1417 3706 τὰ
1450 3651 1592 3705 κατὰ
1627 3652 1796 3722 Ἦρα-

207 3743 408 3794 κλείδου
437 3743 533 3794 τοῦ
566 3745 646 3804 εἰς
679 3743 916 3811 Ἔφεσον
945 3745 1037 3796 ὑπ’
1077 3743 1244 3796 αὑτοῦ
1294 3743 1794 3813 χειροτονηθέντος,

206 3830 366 3905 οὗπερ
396 3835 523 3889 οὐδὲ
547 3835 649 3906 τὴν
673 3835 998 3905 καθαίρεσιν
1024 3835 1250 3905 ἴσχυσαν
1281 3830 1797 3904 τε>.ειῶσαι,ὲτέρων

206 3925 361 3977 τινῶν
419 3925 810 3978 γωλυσάντων.
877 3925 935 3978 '0
983 3924 1040 3977 δὲ
1097 3926 1403 3994 κατήγορος
1446 3923 1795 3994 Ἡρακλείδου

201 4017 294 4086 τῆς
318 4019 630 4088 Μαγνήτων
661 4017 870 4078 πόλεως
901 4017 1200 4079 ἐπίσκοπος
1235 4012 1304 4086 ἦν
1332 4015 1557 4085 ὀνόματι
1585 4016 1782 4069 Μακά-

211 4124 338 4176 ριος.
382 4109 444 4162 Ὀ
473 4109 532 4160 δὲ
558 4107 655 4161 τοῦ
688 4108 960 4179 μακαρίου
1004 4094 1249 4162 Ἰωάννου
1290 4108 1574 4178 προφανὴς
1603 4105 1797 4176 ἐχθρὸς

217 4199 304 4250 καὶ
337 4200 564 4270 πρῶτος
617 4199 924 4268 κατήγορος
973 4198 1228 4268 Ἰωάννης
1257 4200 1286 4250 6
1339 4199 1586 4260 διάκονος
1629 4198 1796 4252 αὐτοῦ

1893 1669 2241 1727 gnomentum
2261 1661 2508 1730 adeptus)
2528 1675 2650 1716 cum
2667 1661 2802 1715 alios
2828 1662 2878 1714 in
2898 1661 3166 1728 republica
3193 1661 3470 1729 magistra-

1891 1760 1976 1804 tus
1995 1751 2184 1819 gessit,
2211 1760 2321 1805 tum
2342 1753 2406 1804 ad
2433 1753 2604 1820 ipsum
2626 1766 2841 1821 quoque
2864 1752 3199 1806 consulatum
3221 1751 3470 1820 aliquan-

1898 1843 2265 1913 do'pervenit.
2291 1844 2593 1912 Scripsitet
2641 1844 2744 1897 alia
2778 1843 3048 1897 volumina
3076 1859 3089 1896 :
3125 1842 3470 1898 Dissertatio;

1891 1945 2014 1986 mtm
2060 1933 2290 2000 Epicteti
2333 1936 2678 2005 pra-ccptoris
2724 1935 2836 2006 (10)
2864 1975 2877 1999 ,
2932 1950 3068 2004 quos
3102 1937 3370 2001 novimus,
3403 1935 3469 1990 Ii-

1890 2025 2018 2080 bros
2049 2035 2216 2079 octo:
2265 2025 2580 2080 Sermonum
2631 2041 2761 2081 vero
2806 2028 2974 2096 ipsius
3027 2027 3255 2095 Epicteti
3309 2026 3472 2081 libros

1891 2116 2199 2170 duodecim.
2239 2117 2406 2171 Exilis
2451 2118 2524 2172 illi
2560 2119 2777 2172 dicendi
2829 2119 3136 2184 character,
3173 2129 3228 2172 et
3282 2131 3470 2172 revera

1891 2205 2269 2277 Xenophontis
2319 2209 2566 2265 imitator
2605 2222 2706 2264 est.
2744 2210 2860 2264 Alia
2897 2213 3023 2264 item
3073 2210 3362 2279 scripsisse
3389 2210 3470 2264 fe-

1891 2303 2050 2359 runt;
2087 2309 2208 2362 quae
2255 2305 2438 2351 tamen
2486 2297 2550 2350 ad
2587 2311 2778 2350 manus
2830 2311 2976 2350 meas
3014 2298 3250 2350 nondum
3286 2312 3472 2364 perve—

1894 2395 2109 2436 nerunt.
2157 2384 2378 2440 Certum
2413 2402 2547 2441 sane
2593 2387 2742 2450 illttd,
2797 2387 3082 2442 rhetoricae
3129 2404 3467 2457 nequaquam

1893 2473 2176 2541 sapientiae
2202 2490 2266 2528 ac
2301 2475 2581 2531 facultatis
2612 2477 2924 2543 imperitum
2962 2476 3148 2529 fuisse.

2622 2565 2765 2620 LIX.-

1895 2652 2142 2722 Synodua
2187 2655 2290 2727 [ad
2336 2658 2595 2729 Quercum
2629 2657 2802 2729 μη]
2857 2659 3152 2727 “legitima,
3187 2671 3369 2712 contra
3403 2659 3468 2714 Β.

2316 2728 2578 2780 Joannem
2612 2728 3068 2797 Clu'ywslomum.

1901 2795 1910 2802 ’
1967 2812 2189 2868 Lectum
2221 2825 2304 2868 est
2341 2814 2620 2884 illegitime
2648 2795 2897 2869 coactum
2923 2816 3186 2870 adversus
3215 2824 3471 2869 sanctqu

1895 2901 2162 2957 Joannem
2193 2903 2646 2974 Chrysostomum
2673 2905 3092 2959 conciliabulum
3127 2925 3140 2960 :
3171 2905 3256 2959 cui
3287 2906 3471 2973 pra’si-

1900 2998 1994 3048 des
2062 2994 2355 3048 adfuerunt
2404 2994 2736 3064 Theophilus
2816 2995 3182 3060 Alexandriae,
3237 2997 3472 3050 Aeacius

1899 3083 2175 3142 Berthoeae
2201 3085 2338 3155 (1’2),
2383 3087 2688 3142 Antiochus
2729 3086 3077 3142 Ptolemaidis
3114 3087 3250 3157 (l5),

1901 3177 2088 3232 rianns
2133 3177 2489 3245 Gabalorum,
2545 3187 2600 3233 et
2643 3179 2877 3250 Cyrinus
2942 3179 3305 3235 Chalcedonis
3335 3181 3473 3250 (14),-

1899 3271 2144 3340 episcopi
2182 3271 2344 3339 :qui,
2377 3272 2577 3325 infesto
2602 3273 2654 3324 in
2704 3272 2853 3324 illum
2895 3273 3076 3324 animo
3113 3287 3234 3324 cum
3270 3281 3473 3336 essent,

1897 3367 2054 3421 simul
2105 3368 2285 3420 omnia
2331 3377 2384 3422 et
2425 3367 2659 3436 iudices,
2710 3377 2764 3421 et
2801 3378 3173 3431 accusatores,
3213 3377 3268 3420 et
3305 3377 3475 3422 testes

1898 3467 2076 3512 crant.
2117 3458 2397 3512 Tredecim
2446 3459 2560 3512 haec
2617 3457 2923 3512 actionibus
2966 3468 3179 3525 peracta
3217 3476 3231 3510 :
3272 3458 3478 3513 duode-

1897 3554 2257 3621 cim-quidem
2313 3563 2503 3607 contra
2552 3563 2800 3608 sanctum
2847 3551 3320 3622 Chrysostomum,
3359 3561 3470 3606 ter-

1900 3646 2186 3699 tiadecima
2241 3655 2428 3700 contra
2481 3643 2844 3709 Heraclidem,
2893 3657 3056 3712 quem
3107 3643 3356 3713 Ephesiis
3385 3644 3475 3698 ille

1883 3737 2179 3790 ordinarat
2221 3737 2536 3806 episcopum
2574 3753 2588 3790 :
2645 3735 2805 3801 huius
2856 3744 3034 3788 tamen
3080 3735 3470 3803 depositionem

1897 3830 2133 3882 validam
2198 3831 2446 3895 reddere,
2497 3829 2618 3882 aliis
2698 3827 2973 3882 nonnullis
3035 3828 3470 3896 prohibentibus,

1900 3921 2122 3976 minime
2179 3931 2492 3990 potuerunt.
2547 3919 2849 3974 Heraclidae
2887 3929 3176 3974 accusator
3207 3918 3479 3973 Macarius

1899 4013 2122 4082 quidam
2169 4013 2391 4067 nomine
2445 4013 2568 4076 fuit,
2622 4012 2928 4082 Magnetum
2973 4011 3292 4081 episcopus;
3333 4010 3474 4065 beati

1897 4103 2122 4159 Joannis
2167 4118 2299 4157 vero
2343 4103 2517 4173 palam
2565 4105 2780 4166 hostis.
2826 4104 3144 4173 Primusque
3187 4111 3478 4156 accusatur

1902 4194 2161 4260 Joannes,
2187 4197 2305 4264 ejus
2341 4197 2620 4250 diaconus.
2655 4195 2891 4249 Accusat
2919 4195 3006 4248 hic
3034 4194 3208 4263 primo
3239 4192 3476 4263 Chryso-

205 4279 650 4359 ἦνςΚατηγόρει
683 4287 741 4340 δὲ
794 4287 890 4340 τοῦ
952 4288 1342 4358 Χρυσοστόμου
1394 4288 1476 4340 ὅτι
1509 4304 1568 4340 τε
1631 4287 1789 4340 αὑτὸν

1902 4295 2137 4341 stoutum
2173 4289 2384 4342 actione
2411 4288 2574 4343 illatae
2601 4287 2705 4342 sibi
2739 4288 2983 4356 injuriae;
3021 4288 3162 4354 quod
3194 4302 3251 4340 se
3288 4286 3480 4352 cjecisé

207 4377 483 4446 ἠδίκησεν,
532 4380 806 4450 ἀφορίσας
835 4380 1000 4432 αὐτὸν
1025 4419 1039 4440 ,
1077 4379 1210 4432 διότι
1257 4380 1352 4432 τὸν
1397 4381 1599 4432 οἰκεῖον
1634 4379 1795 4432 παῖδα

209 4465 468 4522 εὐὶάλιον
495 4471 684 4539 ἔτυψε·
711 4471 968 4540 δεύτερον
999 4471 1076 4535 δὲ,
1106 4471 1189 4522 ὅτι
1229 4470 1482 4541 Ἰωάννης
1511 4488 1594 4532 τις
1628 4488 1794 4540 μονα-

213 4559 298 4626 χίις
342 4562 405 4625 ἐξ
434 4562 745 4632 ἐπιτροπῆς
795 4562 892 4614 τοῦ
937 4561 1330 4630 Χρυσοστόμου
1376 4561 1691 4632 ὲτυπτήθη,
1719 4561 1796 4625 ὥς

208 4665 355 4719 φησι,
387 4654 481 4707 καὶ
509 4652 680 4724 ἐσύρη
718 4653 816 4706 καὶ
867 4652 1005 4723 μετὰ
1048 4651 1159 4704 τῶν
1194 4651 1575 4722 δαιμονῶντων
1615 4654 1794 4720 ἐσιδη-

1903 4387 1984 4432 set
2017 4378 2157 4448 18a
2186 4379 2256 4432 oh
2290 4378 2648 4434 domesticum
2696 4394 2921 4446 puerum
2979 4377 3254 4432 Eulalium
3288 4379 3472 4446 pulsa-

1906 4480 2041 4525 tum.
2072 4472 2317 4529 Alterum
2354 4481 2472 4524 erat
2515 4473 2720 4524 crimen
2755 4471 2898 4541 quod
2944 4469 3181 4526 Joannes
3203 4472 3315 4540 (15)
3350 4471 3476 4540 qui-

1905 4563 2027 4616 dam
2087 4563 2384 4616 monachus
2432 4561 2653 4631 jubente
2707 4563 3100 4630 Chrysostomo
3157 4563 3476 4615 verberatus

1905 4666 2074 4718 esset,
2114 4666 2170 4708 ut
2246 4657 2342 4720 ait,
2380 4669 2444 4708 ac
2488 4664 2750 4722 raptatus,
2805 4655 3086 4723 ferreaque
3132 4664 3319 4707 catena
3367 4654 3476 4707 da:-

1532 4766 1764 4820 VARUE
1786 4766 2187 4823 LECTIONES.

291 4859 338 4890 "
375 4858 531 4922 ἔθνος
558 4859 667 4912 τῶν
699 4859 906 4913 Μακεδ.
941 4877 1002 4923 ς.
1111 4857 1155 4890 ³⁸
1188 4859 1487 4912 ἀπελίπετο
1519 4859 1584 4914 Α.

213 4926 252 4960 ³³
276 4929 452 4982 ταῦτα
476 4931 520 4984 Α
559 4947 573 4982 ι
607 4930 750 4982 αὐτὰ
779 4947 840 4994 ς.

1696 4860 1741 4890 ’⁸
1797 4862 1826 4912 ὁ
1878 4869 2000 4928 post
2027 4875 2085 4913 τε
2128 4861 2256 4915 add.
2288 4861 2352 4912 A.

920 4930 966 4961 ³³
1004 4935 1072 4996 ιγ’
1099 4930 1146 4984 Α
1180 4946 1195 4983 :
1229 4930 1360 4982 δέκα
1385 4929 1522 4998 πρὸς
1558 4931 1670 4992 τοῖς
1704 4929 1883 4999 τρισίν
1915 4948 1975 4996 ς.

2443 4859 2488 4891 ⁸³
2524 4858 2776 4930 βερῤοίας
2808 4871 2868 4923 ς.
2971 4857 3014 4889 ³⁸
3047 4856 3385 4926 Χαλκηδόνος
3415 4874 3477 4923 ς·.

1794 5021 2025 5078 NOTAE.

282 5111 398 5180 (ιθ)
434 5109 606 5164 Hodie
658 5120 897 5178 quatuor
939 5111 1207 5166 duntaxat
1245 5111 1417 5167 libros
1471 5111 1693 5166 Arriani
1743 5113 1794 5165 in

215 5180 449 5251 Epicteti
474 5180 796 5234 Enchiridio
824 5181 1073 5251 legimus.

284 5250 398 5318 (II)
429 5249 606 5304 Locus
631 5259 752 5304 erat
783 5249 936 5303 trans
980 5265 1158 5316 mare,-
1197 5251 1274 5306 sic
1309 5260 1554 5316 vocatus,
1592 5249 1796 5303 Rudini

216 5323 556 5386 subnrbium,
592 5321 772 5390 inquit
799 5319 1008 5374 Pallad.
1047 5319 1532 5389 llelennpolitauus
1583 5321 1798 5386 episco-

217 5405 333 5459 pus,
376 5390 662 5462 ⁸αὐτόπτης
718 5405 903 5446 rerum
951 5390 1013 5444 B.
1055 5391 1427 5462 Chrysostomi
1484 5393 1798 5461 primusque

219 5459 538 5527 descriptor.

286 5530 400 5597 (l2)
440 5528 745 5585 Excitatunt
801 5529 960 5598 hujus
1007 5531 1059 5584 iu
1089 5528 1355 5586 Joannem
1389 5531 1572 5584 odium
1628 5527 1796 5583 refert

220 5595 510 5664 Palladius,
559 5601 707 5670 quod
759 5595 885 5656 cuni
935 5601 1174 5657 venisset
1223 5601 1276 5656 in
1327 5601 1535 5667 urbem,
1571 5600 1798 5655 honesto

221 5680 432 5727 careret
467 5670 722 5741 hospitio.

464 5763 735 5826 ΡΑτιιοι.
768 5764 888 5826 Gtt.
919 5763 1078 5826 CIII.

1978 5115 2070 5184 (l5
2109 5103 2348 5184 Quorum
2379 5112 2622 5182 facinora
2648 5110 3155 5184 (inquitUCltrysost.
3193 5111 3246 5184 in
3287 5126 3381 5162 sua
3409 5093 3478 5163 ad

1910 5181 2312 5253 pscutlosynod.
2361 5184 2522 5250 epist.
2581 5182 2721 5250 apud
2764 5181 2994 5249 Pallad.)
3043 5181 3227 5234 swculi
3271 5191 3476 5248 quoque

1910 5257 2120 5304 theatra
2151 5262 2376 5304 canunt.
2415 5252 2542 5304 Vide
2573 5251 2782 5304 Pallad.
2819 5262 2982 5304 atutte
3011 5251 3233 5304 Niccnh.

1910 5252 2120 5308 theatra
2151 5252 2376 5307 canunt.
2415 5252 2542 5306 Vide
2573 5252 2782 5305 Pallad.
2819 5262 2982 5318 atque
3011 5252 3233 5316 Niccph.

1980 5323 2093 5393 (M)
2133 5322 2268 5393 lluic
2303 5337 2332 5376 a
2371 5321 2482 5393 Deo
2507 5323 2801 5393 immissum
2851 5331 3036 5390 postea
3085 5333 3324 5384 pinnam,
3361 5317 3479 5390 lege

1905 5390 2048 5462 apud
2079 5390 2303 5458 Niceph.
2336 5391 2508 5462 σευ,
2542 5393 2644 5447 sub
2672 5390 2767 5444 ﬁn.

1978 5463 2092 5534 (15)
2146 5456 2225 5542 De
2269 5462 2334 5542 iis
2372 5456 2637 5542 Lortassis
2681 5456 3236 5542 unus,.qui‘Longos
3266 5457 3481 5542 '[ratrcl

1905 5526 2232 5660 regiuns,
2267 5533 2336 5588 ab
2372 5531 2674 5602 Theophila
2703 5526 2959 5586 subtnis'si
2995 5526 3232 5584 fuerant.
3265 5526 3341 5585 De
3363 5529 3478 5600 quia

1944 5619 2006 5658 us
2073 5617 2101 5656 a
2147 5618 2176 5658 a
2219 5637 2236 5656 .
3195 5653 3200 5656 .

3125 5753 3164 5811 lo
