3980 6234
527 246 626 313 107

1667 245 1933 306 PHOTII
1974 243 2485 304 PATRIARCHAE
2517 243 2625 303 CP.

3679 246 3798 312 108

523 362 903 419 moniacorum
944 374 1105 419 more
1147 361 1426 417 astrictus.
1471 359 1740 424 Tertium,
1784 362 1928 430 quod
1980 375 2106 429 pre-

2209 358 2508 427 ροφόρησε·
2543 356 2750 427 τρίτον,
2781 358 2862 411 ὅτι
2889 358 2958 412 τὰ
2996 359 3261 432 κειμήλια
3302 361 3350 393 ³⁸
3397 358 3601 433 πλῆθος
3651 362 3799 417 πολῦ

523 457 788 512 tiosarum
828 468 1012 515 rerum
1058 467 1306 525 magnam
1331 453 1442 507 vim
1473 453 1886 508 divendidissct.
1925 453 2104 519 Quar-

521 555 639 598 tum
689 543 921 608 crimen,
977 544 1121 613 quod
1177 557 1449 598 marmora
1498 542 1558 596 S.
1611 542 1936 607 Auastasiae,
1985 555 2106 610 qua

523 635 811 689 Nectarius
853 633 928 688 illi
973 634 1222 689 ecclesiae
1263 634 1630 688 marmoribus
1668 631 1930 686 ornanda:
1979 630 2106 686 reli-

523 734 740 792 querat,
767 725 884 794 ipse
910 725 1265 779 vendidisset.
1290 723 1576 791 Quintum,
1615 724 1760 792 quod
1789 737 1888 792 per
1912 730 2106 776 contu-

514 817 743 871 meliam
775 816 1009 886 appellet
1045 816 1275 870 clericos
1302 815 1459 881 viles,
1491 822 1808 883 corruptos,
1840 813 1953 868 suis
1981 813 2107 868 usi—

519 909 626 963 bus
657 919 850 978 sponte
897 917 1139 977 paratos,
1175 907 1623 974 triobolaresque.
1668 904 1917 971 Sextum,
1961 904 2105 974 quod

525 1011 771 1055 sanctum
795 999 1154 1068 Epiphanium
1172 999 1397 1053 delirum
1411 1008 1466 1053 et
1481 999 1760 1066 parvulum
1777 996 2104 1051 daemonium

525 1089 833 1160 appellarit.
865 1090 1190 1159 Septimum,
1223 1089 1367 1158 quod
1412 1087 1710 1145 Severiano
1742 1087 1856 1155 (l6)
1891 1088 2106 1142 calum-

525 1183 669 1234 niam
701 1181 1016 1246 struxisset,
1051 1181 1292 1235 incitatis
1317 1191 1508 1235 contra
1546 1194 1672 1235 eum
1712 1179 1936 1234 decauis
1965 1178 2101 1249 (l7).

523 1267 810 1337 Octavum,
845 1272 988 1340 quod
1011 1271 1386 1342 sycophantiis
1413 1271 1632 1341 plenum
1666 1271 1865 1326 librum
1902 1269 1958 1324 in
1993 1269 2105 1325 cle-

517 1378 644 1416 rum
695 1364 1042 1434 conscripsit.
1095 1362 1329 1430 Nonum,
1362 1365 1507 1434 quod
1539 1363 1704 1419 totius
1737 1362 1870 1418 cleri
1917 1362 2105 1416 habito

523 1461 816 1516 conventu,
865 1462 976 1508 tres
1050 1453 1305 1508 diaconos
1358 1454 1565 1516 cilarit,
1623 1454 1903 1518 Acacium,
1961 1451 2104 1506 Edao

523 1543 734 1610 phium,
762 1551 817 1596 et
839 1539 1126 1609 Joannem,
1157 1552 1214 1597 et
1239 1543 1394 1611 quasi
1426 1541 1708 1596 humerale
1740 1541 1912 1612 ipsius
1940 1539 2106 1595 furati

521 1643 723 1700 essent,
759 1634 1061 1699 accusarit;
1095 1648 1370 1702 quaerens,
1421 1642 1604 1687 utrum
1644 1643 1701 1688 et
1742 1632 1809 1686 ad
1844 1632 2010 1686 alium
2037 1629 2106 1686 il-
2145 1654 2148 1655 ν

2212 447 2496 519 διέπρασε·
2551 447 2835 517 τέταρτον,
2879 449 2962 503 ὅτι
3017 451 3088 504 τὰ
3145 455 3414 525 μάρμαρα
3474 453 3576 523 τῆς
3629 454 3803 520 ἁγίας

2227 541 2622 607 Ἀναστασίας,
2667 541 2704 594 ἃ
2734 542 2779 574 ³⁸
2819 543 3127 615 Νεκτάριος
3168 548 3250 609 είς
3278 548 3639 620 μαρμάρωσιν
3684 548 3802 618 τῆς

2210 631 2507 703 ἐκκλησίας
2530 632 2857 700 ἐναπέθετο,
2905 627 3062 699 οὗτος
3093 636 3378 707 διέπρασε·
3410 639 3685 708 πέμπτον,
3708 641 3802 692 ὅτι

2208 722 2336 784 τοὺς
2362 721 2660 791 κληρικοὺς
2703 721 2934 792 ἀτίμους
2973 724 3070 779 καὶ
3110 724 3547 797 διεφθαρμένους
3570 731 3665 781 καὶ
3695 728 3804 781 a6-

2205 811 2711 882 τοπαραχρήτους³⁶
2735 814 2831 866 καὶ
2861 813 3304 884 τριοϐολιμαίους
3331 817 3568 886 ὑϐρίζει·
3600 819 3796 882 ἕκτον,

2205 903 2288 956 ὃτι
2316 902 2407 956 τὸν
2427 903 2584 972 ἅγιον
2634 903 2946 973 Ἐπιφάνιον
2977 905 3141 976 λῆρον
3175 908 3359 962 ἐκάλει
3400 910 3442 942 ³⁷
3473 911 3570 964 κα)⁵
3600 911 3803 980 δαιμο-

2207 993 2416 1066 νιάριον
2441 1010 2457 1025 ⁶
2522 995 2775 1064 ἕϐδομον,
2815 995 2898 1049 ὅτι
2943 997 3086 1051 κατὰ
3129 999 3463 1070 Σεϐηριανοῦ
3523 1002 3804 1072 συσκευὴν

2208 1084 2525 1157 ἐποιήσατο,
2570 1086 2661 1159 [56
2691 1086 2786 1158 8.]
2821 1088 3052 1157 κινήσας
3095 1091 3215 1144 κατ’
3242 1093 3409 1146 αὑτοῦ
3447 1093 3575 1156 τοὺς
3628 1093 3803 1147 δεκα-

2205 1176 2353 1241 νούςο
2383 1177 2596 1246 ὄγδοον,
2631 1179 2712 1233 ὅτι
2741 1179 2834 1233 καὶ
2865 1180 3008 1235 κατὰ
3036 1181 3132 1235 τοῦ
3169 1182 3371 1256 κλήρου
3401 1185 3802 1254 συκοφαντικὺν

2208 1269 2411 1339 βιϐλίον
2475 1270 2898 1324 κατεσκεύασενο
2965 1271 3209 1340 ἔννατον,
3273 1275 3356 1328 ὃτι
3414 1277 3803 1348 συγκροτήσας

2208 1362 2486 1432 συνέδριον
2515 1363 2717 1424 παντὸς
2745 1362 2840 1415 τοῦ
2857 1362 3066 1434 κλήρου
3095 1365 3290 1436 ἔστησε
3317 1369 3466 1438 τρεῖς
3485 1367 3799 1432 διακόνους,

2219 1449 2496 1514 Ἀκάκιον,
2544 1451 2797 1519 Ἐδόιφιον
2818 1491 2832 1516 ,
2877 1453 3132 1524 Ἰωάννην
3154 1494 3168 1519 ,
3202 1457 3590 1526 κατηγορήσας
3628 1455 3706 1518 ὡς
3734 1456 3803 1509 τὸ

2212 1540 2484 1612 μαφόριον
2505 1540 2548 1571 ³⁸
2567 1541 2731 1594 αὑτοῦ
2755 1542 3262 1612 κλέψαντας,λέγων
3276 1545 3367 1616 Μὴ
3391 1546 3487 1600 καὶ
3504 1549 3582 1609 είς
3597 1545 3728 1598 ἄλλο
3742 1563 3801 1600 τι

2205 1629 2338 1683 αὐτὸ
2365 1628 2556 1682 ἔλαϐον
2579 1645 2595 1695 ;
2615 1629 2861 1696 δέκατον,
2895 1633 2976 1684 ὅτι
3005 1632 3289 1686 Ἀντώνιον
3307 1632 3627 1703 ἐλεγχθέντα
3653 1650 3801 1703 τυμ-

523 1724 614 1778 lud
656 1740 810 1778 usum
851 1725 1089 1794 aliquem
1149 1725 1440 1794 cepissent.
1493 1723 1796 1787 Decimum,
1834 1723 1978 1793 quod
2007 1721 2106 1777 Au-

2223 1721 2471 1793 ϐωρύχον
2513 1723 2925 1794 ἐχειροτόνησεν
2959 1724 3295 1779 ἐπίσκοπον·
3369 1723 3673 1786 ἑνδέκατον,
3709 1725 3800 1777 ὅτι
3879 1775 3882 1777 .

527 1815 734 1869 tonium
782 1817 1162 1884 sepulcrorum
1221 1815 1540 1870 violatorem
1591 1816 1924 1878 convictum,
1989 1813 2107 1882 epi-

524 1919 747 1974 scOpum
780 1904 1072 1960 ordinarit.
1119 1904 1502 1971 Undecimum,
1552 1906 1696 1974 quod
1721 1904 1987 1960 Joannem
2021 1917 2106 1959 co-

519 1996 714 2051 mitem
757 1996 814 2050 in
857 1996 1090 2050 tumultu
1125 1996 1349 2050 militari
1383 1997 1497 2067 ipse
1523 1997 1847 2066 prodiderit.
1881 1994 2102 2049 Duode-

515 2088 750 2151 cimum,
780 2088 924 2157 quod
971 2102 1146 2157 neque
1189 2087 1448 2143 incedens
1484 2088 1551 2142 ad
1602 2086 1882 2157 templum,
1927 2100 2106 2155 neque

525 2179 861 2247 ingrediens,
894 2177 1077 2247 Deum.
1105 2187 1360 2247 precatus
1399 2179 1493 2234 sit.
1539 2176 1820 2232 Decimum
1859 2177 2099 2240 tertium,

525 2272 672 2336 quod
697 2270 816 2323 sine
854 2269 1012 2323 altari
1055 2268 1408 2323 diaconorum
1444 2277 1500 2322 et
1530 2268 1970 2338 presbyterorum
2009 2280 2103 2320 or-

520 2359 834 2414 dinationes
886 2358 1105 2414 fecerit.
1157 2359 1437 2414 Decimum
1484 2367 1762 2429 quartum,
1803 2357 1948 2428 quod
1999 2371 2106 2412 una

525 2451 868 2504 ordinatione
897 2461 1134 2519 quatuor
1177 2450 1338 2505 simul
1382 2449 1668 2520 episcopos
1695 2449 1917 2504 crearit.
1947 2447 2107 2504 Deci-

526 2557 672 2595 mmn
697 2542 970 2612 quintum,
1017 2542 1164 2612 quod
1209 2542 1465 2598 mulieres
1494 2541 1759 2610 suscipiat
1790 2540 1928 2612 (18),
1959 2541 2106 2594 solus

530 2647 654 2687 cum
688 2632 842 2698 solis,
893 2633 1016 2689 aliis
1068 2633 1324 2689 omnibus
1364 2631 1512 2688 foras
1547 2632 1786 2688 emissis.
1827 2632 2104 2694 Decimum

537 2735 776 2788 sextum,
802 2727 943 2794 quod
993 2726 1362 2779 haereditatem
1401 2741 1431 2778 a
1485 2724 1685 2780 Thecla
1717 2722 1980 2789 relictam,
2014 2737 2108 2791 per

529 2816 867 2871 Theodulum
916 2813 1237 2869 vendiderit.
1275 2813 1552 2868 Decimum
1599 2813 1907 2881 septimum,
1962 2812 2109 2881 quod

529 2907 785 2963 Ecclesia:
813 2906 1014 2961 reditus
1037 2919 1195 2959 nemo
1221 2904 1435 2960 noverit
1447 2918 1554 2974 quo
1583 2903 1797 2958 abeant.
1828 2904 2106 2958 Decimum

525 3006 801 3063 octavum,
847 2997 990 3066 quod
1033 2995 1389 3066 Sarapio-nem
1443 2995 1555 3067 (l9)
1596 3003 1934 3062 accusatum,
1974 3009 2107 3048 cau-

2221 1812 2474 1882 Ίωάννην
2512 1814 2604 1866 τὸν
2633 1813 2850 1884 κόμητα
2889 1817 2948 1868 ἐν
2988 1818 3052 1886 τῇ
3079 1815 3268 1868 στάσει
3294 1815 3407 1868 τῶν
3447 1815 3802 1885 στρατιωτῶν

2207 1902 2368 1966 αὐτὸς
2432 1903 2836 1973 κατεμήνυσεν
2901 1903 3233 1969 δωδέκατον,
3286 1904 3370 1956 ὅτι
3414 1901 3538 1956 οὔτε
3585 1900 3802 1973 προῖὼν

2206 1994 2415 2063 ηὔξατο
2463 1996 2545 2058 είς
2594 1995 2696 2064 τὴν
2728 1995 3028 2066 ἐκκλησίαν
3060 1995 3185 2049 οὔτε
3212 1995 3420 2049 εἰσιών·
3481 1993 3802 2064 τρισκαιδέ-

2206 2102 2397 2151 κατον,
2427 2085 2510 2138 ὅτι
2543 2085 2672 2139 ἄνευ
2724 2085 3110 2158 θυσιαστηρίου
3155 2088 3492 2158 χειροτονίας
3531 2086 3801 2140 διακόνων

2207 2179 2301 2231 καὶ
2324 2179 2710 2250 πρεσϐυτέρων
2753 2179 2998 2250 ἐποίησε·
3043 2178 3658 2250 τεσσαρεσκαιδέκατον,
3707 2177 3798 2230 ὅτι

2208 2266 2266 2319 ἐν
2296 2268 2397 2337 μιᾷ
2461 2269 2769 2338 χειροτονίᾳ
2836 2268 2928 2339 [26
2978 2266 3073 2340 Η.]
3137 2267 3413 2338 τέσσαρας
3462 2267 3801 2328 ἐπισκόπους

2208 2359 2454 2429 ἐποίησε’
2484 2359 2991 2425 πεντεκαιδέκατον,
3020 2359 3100 2412 ὄτι
3131 2357 3343 2427 δέχεται
3400 2359 3664 2425 γυναῖκας
3698 2373 3806 2426 μοι·

2208 2450 2555 2521 νοπρόσμονα
2591 2451 2636 2483 ³³
2663 2490 2677 2515 ,
2713 2450 2925 2511 πάντας
2969 2448 3248 2502 ἐκϐάλλων
3288 2448 3356 2480 ³³·
3386 2447 3510 2512 ἔξωο
3553 2445 3804 2512 ἑξκαιδε-

2209 2556 2407 2601 κατον,
2435 2542 2518 2593 ὅτι
2551 2540 2651 2603 τὴν
2681 2540 3048 2611 κληρονομίαν
3073 2539 3171 2610 τὴν
3201 2539 3311 2593 ἀπὸ
3325 2540 3370 2572 ⁸ο
3388 2537 3595 2602 Θέκλας
3620 2557 3800 2592 κατα-

2208 2631 2520 2699 λειφθεῖσαν
2545 2633 2798 2705 πέπρακε
2822 2632 2910 2686 διὰ
2945 2631 3258 2686 Θεοδούλουσ
3295 2630 3793 2695 ἑπτακαιδέκατον,

2208 2723 2291 2775 ὅτι
2313 2722 2383 2776 τὰ
2415 2725 2674 2794 προσόδια
2689 2724 2788 2793 τῆς
2803 2723 3130 2794 Ἐκκλησίας
3153 2723 3327 2786 οὐδεὶς
3350 2719 3458 2776 οἶδε
3485 2721 3586 2776 ποῦ
3610 2723 3798 2793 ἀπῆλ-

2211 2814 2323 2868 θεν⁹
2341 2816 2808 2871 ὀκτωκαιδέκατον
2822 2817 2904 2870 ὅτι
2927 2815 3257 2886 Σαραπίωνα
3277 2814 3379 2868 ὑπὸ
3397 2815 3563 2884 ἔγκλη
3573 2831 3648 2885 μα
3663 2813 3800 2868 ὄντα

2211 2903 2581 2974 πρεσϐύτερον
2600 2906 3026 2976 ἐχειροτόνησεν·
3051 2905 3546 2970 ἐννεακαιδέκατον,
3562 2906 3646 2958 ὅτι
3665 2906 3798 2969 τοὺς

2211 2995 2563 3057 κοινωνικοὺς
2625 2997 2726 3065 τῆς
2781 2995 3109 3066 οἰκουμένης
3159 2997 3301 3048 κατά
3347 2994 3574 3066 γνώμην
3625 2994 3799 3046 αὐτοῦ

531 3104 756 3160 samque
785 3089 951 3143 etiam
987 3098 1097 3142 tum
1135 3087 1430 3150 dicentem,
1456 3086 1839 3156 presbyterum
1879 3085 2102 3140 ordina-

2211 3085 2626 3154 ἐγκλεισθέντας
2659 3057 2771 3153 {Qui
2830 3057 3263 3157 τελευτήσαντας
3310 3057 3369 3140 ἐν
3419 3057 3486 3156 τῇ
3526 3057 3540 3066 ’
3575 3085 3796 3156 φυλακῇ

535 3185 624 3237 rit.
694 3179 970 3235 Decimum
1019 3191 1242 3241 novum,
1277 3177 1421 3245 quod
1459 3177 1926 3230 communicantes
1980 3188 2104 3228 cum

529 3277 664 3330 orbe
713 3273 967 3337 universo
1010 3269 1156 3340 (20),
1199 3269 1371 3340 ipsius
1418 3267 1700 3322 voluntate
1747 3266 2002 3329 inclusos,
2049 3273 2107 3319 et

532 3369 584 3420 in
623 3363 868 3419 custodia
913 3371 1179 3427 mortuos,
1228 3359 1640 3428 contempserit,
1687 3367 1746 3412 ut
1775 3372 1842 3412 ue
1871 3371 2104 3426 corpora

528 3458 746 3528 quidem
795 3457 1034 3526 ipsorum
1074 3452 1367 3524 sepultura:
1396 3449 1705 3506 mandanda
1747 3452 1974 3506 curarit.
2015 3447 2102 3503 Vi-

531 3549 819 3614 cesimum,
854 3547 998 3618 quod
1043 3545 1240 3614 injuria
1276 3543 1686 3599 sanctissimum
1727 3542 1988 3597 Acacium
2022 3540 2104 3595 al-

533 3642 742 3705 l'ecerit,
793 3648 849 3692 et
901 3651 970 3692 ne
1011 3637 1080 3691 ad
1122 3634 1458 3706 colloquium
1514 3632 1735 3704 quidem
1779 3633 1954 3703 ipsum
2009 3633 2106 3686 ad-

526 3729 764 3785 miserit.
839 3727 1170 3784 Vicesimum
1232 3727 1488 3797 primum,
1541 3726 1685 3794 quod
1744 3723 2106 3795 Porphyrium

532 3822 908 3891 presbyterum
945 3819 1231 3888 Eutropio,
1260 3827 1320 3872 ut
1350 3819 1404 3872 in
1442 3817 1694 3872 exsilium
1717 3816 1961 3884 pelleret,
1997 3824 2105 3869 trao

532 3912 750 3966 diderit.
783 3910 1113 3965 Vicesimum
1146 3910 1469 3974 secundum,
1495 3907 1780 3978 quoditem
1817 3905 2103 3960 Bereniqu

529 3999 869 4056 sacerdotem
907 3998 1253 4053 contumeliis
1304 3997 1488 4051 multis
1533 3995 1676 4051 male
1701 4005 1981 4064 acceptum
2014 3997 2104 4048 de-

530 4091 732 4146 diderit
757 4089 892 4160 (21).
936 4089 1265 4144 Vicesimum
1297 4087 1544 4153 tertium,
1571 4086 1716 4156 quod
1759 4086 1835 4140 illi
1865 4087 1964 4141 soli
1993 4086 2108 4139 bal-

531 4197 696 4238 neum
745 4181 1130 4247 succendatur,
1175 4189 1230 4235 et
1264 4180 1353 4234 ubi
1399 4179 1617 4244 laverit,
1658 4177 1926 4247 Sarapion
1954 4175 2106 4232 clau-

533 4275 624 4330 dat
649 4274 885 4342 labrum,
917 4274 990 4327 ita
1043 4283 1101 4329 ut
1146 4273 1287 4328 alius
1333 4284 1493 4327 nemo
1544 4270 1708 4325 lavet.
1757 4270 2022 4337 Quartum
2051 4280 2107 4324 et

532 4368 874 4430 vicesimum,
905 4366 1049 4435 quod
1097 4365 1218 4420 sine
1273 4363 1501 4419 testibus
1548 4363 1684 4432 180
1723 4361 1919 4416 multos
1957 4361 2103 4415 ordi-

523 4456 695 4510 narit.
721 4454 980 4521 Quintum
1009 4462 1065 4509 et
1090 4453 1431 4518 vicesimum,
1457 4452 1602 4520 quod
1631 4451 1778 4507 solus
1810 4450 1924 4520 (2'2)
1953 4453 2100 4516 edat,

2210 3179 2462 3248 ὑπερεῖδε
2494 3217 2510 3244 ,
2559 3178 2653 3232 καὶ
2709 3177 2829 3231 οὐδὲ
2885 3178 3208 3248 προπέμψαι
3239 3179 3281 3210 ⁸³
3334 3178 3405 3231 τὰ
3453 3177 3798 3247 σκηνώματα

2207 3268 2386 3324 αὐτῶν
2416 3271 2756 3341 κατηξίωσεν
2781 3271 2847 3301 δ”
2907 3271 3172 3335 εἰκοστὸν,
3207 3271 3290 3323 ὅτι
3345 3270 3436 3323 τὸν
3485 3269 3797 3338 ἁγιώτατον

2220 3361 2474 3416 ’Δκὰκιον
2504 3361 2694 3433 ὓϐρισε
2723 3362 2820 3416 καὶ
2867 3360 2993 3415 οὔτε
3038 3361 3199 3430 λόγου
3253 3361 3557 3432 μετέδωκεν
3615 3361 3792 3430 αὐτῷ’

2206 3452 2449 3506 εἰκοστὸν
2468 3453 2705 3524 πρῶτον,
2720 3454 2802 3507 ὅτι
2819 3452 3127 3524 Πορφύριον
3143 3453 3232 3506 τὸν
3255 3452 3630 3524 πρεσϐύτερον
3646 3468 3796 3521 παρ-

2207 3543 2408 3598 έδωκεν
2436 3543 2724 3615 Εὑτροπίῳ
2746 3544 3112 3615 ἐξορισθῆναιυ
3135 3543 3378 3598 εἰκοστὸν
3401 3543 3675 3614 δεύτερον,
3708 3544 3794 3598 ὅτι

2208 3637 2304 3691 καὶ
2342 3636 2594 3708 Βενέριον
2625 3638 2670 3669 ⁶³
2704 3636 3078 3707 πρεσϐύτερον
3105 3636 3390 3705 παρέδωκε
3420 3635 3540 3706 μεθ’
3576 3635 3796 3706 ὕϐρειικς

2208 3729 2431 3800 πολλῆς·
2477 3729 2722 3783 είκοστὸν
2770 3728 2977 3799 τρίτον,
3019 3729 3101 3782 ὅτι
3156 3728 3303 3798 αὐτῷ
3370 3729 3515 3799 μόνῳ
3563 3727 3795 3798 λουτρὸν

2208 3820 2552 3884 ύποκαίεται,
2578 3820 2674 3873 καὶ
2708 3821 2850 3890 μετὰ
2879 3819 2942 3872 τὸ
2983 3819 3276 3874 λούσασθαι
3303 3820 3464 3873 αὐτὸν
3492 3821 3793 3890 Σαραπίων

2206 3911 2429 3966 ἀπολύει
2449 3911 2494 3942 ⁸⁸
2513 3911 2612 3980 τὴν
2637 3910 2888 3980 ἔμϐασιν,
2913 3910 3054 3963 ὥστε
3079 3911 3236 3966 ἄλλον
3263 3911 3385 3964 τινὰ
3418 3911 3492 3982 μὴ
3509 3910 3788 3964 λούεσθαι’

2212 4001 2457 4054 εἰκοστὸν
2501 4002 2783 4070 τέταρτον,
2818 4002 2902 4054 ὅτι
2938 4001 3166 4067 πολλοὺς
3209 4003 3542 4074 ἀμαρτύρως
3576 4004 3792 4073 ἐχειρο-

2210 4093 2457 4164 τόνησενο
2502 4094 2747 4146 εἰκοστὸν
2767 4079 3137 4163 πέμπτον,ὅτι
3171 4095 3328 4165 μόνος
3348 4094 3514 4147 ἐσθίει
3536 4093 3789 4159 ἀσώτως,

2210 4180 2319 4246 ζῶν
2334 4181 2658 4236 Κυκλώπων
2679 4183 2813 4252 βίον·
2835 4183 3081 4237 εἰκοστὸν
3101 4184 3258 4236 ἐκτον
3279 4184 3359 4236 ὅτι
3377 4182 3540 4246 αὐτὸς
3558 4198 3794 4251 κατηγο-

2215 4275 2316 4345 ρεῖ,
2335 4273 2496 4338 αὐτὸς
2529 4277 2818 4346 μαρτυρεῖ,
2845 4275 3008 4338 αὐτὸς
3023 4275 3380 4344 ἀποφαίνεται
3398 4274 3513 4345 (καὶ
3536 4271 3696 4343 δῆλον
3723 4275 3794 4326 ἐκ

2140 4396 2180 4448 D
2210 4365 2321 4418 τῶν
2354 4365 2482 4436 περὶ
2517 4366 2834 4438 Μαρτύριον
2859 4366 2951 4419 τὸν
2991 4367 3443 4436 πρωτοδιάκονον,
3474 4365 3570 4419 καὶ
3595 4366 3660 4418 ἐκ
3679 4364 3795 4417 τῶν

2215 4473 2281 4508 πε
2291 4455 2344 4526 ρὶ
2365 4457 2740 4528 Προαιρέσιον,
2768 4459 2922 4526 φασὶ,
2939 4458 3030 4510 τὸν
3049 4458 3255 4520 Λυκίας
3276 4455 3615 4525 ἐπίσκοπον)·
3637 4457 3792 4508 είκο-

1833 4585 2067 4641 νΑιιιίΕ
2095 4587 2500 4644 LECTIONES.

600 4686 645 4717 3"
665 4702 775 4738 των
807 4684 1105 4754 κειμηλίων
1136 4683 1201 4737 Α.
1235 4751 1249 4754 _
1267 4681 1322 4754 ,³⁸
1344 4677 1402 4754 ἃ]
1424 4679 1581 4754 διὸς-⁸

1659 4678 1705 4709 ³⁸
1720 4679 2237 4750 αὐτοπαρακλήτους
2266 4697 2372 4750 mg.
2396 4681 2682 4738 editorum.
2761 4681 3073 4736 ³⁷ἀπεκὰλει
3101 4699 3162 4746 ς.

3239 4681 3284 4712 ⁸⁸
3313 4681 3623 4752 ὠμοφόριον
3648 4700 3708 4746 ς.
3746 4683 3795 4716 ³³

528 4755 700 4822 μόνας
729 4747 1066 4825 πρὸςμόνας
1095 4770 1156 4816 ς.
1232 4751 1300 4825 "f
1370 4747 1620 4825 ἐκϐαλῲν
1652 4765 1712 4811 ς.
1789 4747 1834 4780 ⁸⁸
1859 4748 1989 4825 ᾁπὸ]
2022 4747 2243 4819 praestat
2271 4747 2398 4805 ὑπό.
2472 4753 2516 4784 ’⁵⁸
2540 4752 2862 4824 προπέμψαι
2885 4763 3005 4822 post
3028 4751 3208 4805 αὐτῶν
3236 4747 3384 4821 ponit
3413 4747 3472 4816 ςί.
3508 4747 3519 4752 ’
3545 4753 3592 4783 ⁸⁸
3622 4753 3797 4822 ἠξίω-

533 4819 624 4877 σεν
656 4842 717 4888 ς.
774 4819 837 4855 ’⁸³
878 4819 1124 4894 Βερένιον
1155 4841 1216 4887 ς.
1285 4820 1331 4857 δι
1358 4819 1636 4874 ἀποκλείει
1665 4832 1774 4888 mg.
1810 4820 1935 4873 edd.

2038 4937 2275 4998 NOTAE.

604 5030 718 5101 (16)
752 5031 828 5085 De
875 5044 991 5101 quo
1008 5030 1132 5084 vide
1178 5028 1410 5101 Niceplt.
1459 5027 1554 5101 lib.
1577 5042 1724 5101 Διιιιι,
1773 5043 1892 5100 cap.
1920 5028 1975 5094 9,
2009 5029 2110 5084 sub

535 5097 628 5165 ﬁn,
659 5113 714 5156 et
744 5097 940 5169 Georg.
971 5100 1234 5169 Alexa_ud.
1266 5097 1392 5152 inlr.
1419 5097 1542 5169 cod.
1569 5097 1660 5152 96.

606 5173 717 5242 (l7)
756 5165 1002 5242 Δεκανοὶ,
1032 5168 1100 5242 S._
1123 5167 1386 5237 Epiphan.
1430 5165 1614 5242 lib._ttt
1643 5177 1889 5242 extremo
1922 5179 2113 5222 contra

533 5235 728 5297 lunares.
764 5244 827 5306 f.,
858 5241 1007 5310 οίτὰ
1036 5235 1268 5310 σώματα
1295 5235 1739 5310 περιστέλλοντες
1767 5238 1876 5310 τῷν
1908 5255 2115 5310 κοιμωτ⁹

526 5314 738 5381 μένων.
799 5312 862 5366 ιιι
918 5306 1237 5372 ΝονθΙ.’69,
1289 5306 1385 5378 qui
1433 5322 1565 5381 cum
1623 5306 1962 5381 ἀκολούθοις,
2001 5306 2126 5381 ’καὶ-

535 5375 882 5454 ᾇσκᾼητρίαις,
921 5375 1355 5454 καὶᾼκανονικαῗς
1376 5379 1649 5450 κάμνουσι
1706 5377 1838 5449 περὶ
1879 5377 1978 5443 τὴν
2005 5375 2115 5429 τῶν

517 5450 809 5522 λειψάνων
823 5450 1082 5522 ἐκφοράν.
1147 5494 1150 5498 .

607 5517 721 5592 (18)
779 5517 1151 5592 Olympiadem
1194 5518 1673 5592 atqueNicetam,
1705 5527 1760 5575 et
1798 5517 1929 5573 alias
1954 5518 2111 5574 beato

531 5588 730 5646 Jommi
762 5588 1131 5646 ministrantes
1165 5591 1436 5660 intelligit.

612 5661 724 5733 (l9)
764 5661 896 5721 Vide
921 5661 1205 5720 Socratem
1238 5661 1334 5717 lib.
1365 5673 1451 5714 vn.

2286 5033 2399 5103 (20)
2454 5033 2590 5103 Teir,
2621 5031 2970 5094 κοινωνικοὺς
3015 5032 3113 5099 τῆς
3145 5031 3490 5103 οἰκουμένης,
3535 5045 3670 5103 quos
3692 5046 3800 5103 Asc-

2211 5101 2432 5174 quentia
2479 5102 2638 5174 libelli
2675 5119 2726 5155 c.
2761 5103 2850 5174 10,
2890 5101 3240 5174 κοινωνικούς
3297 5101 3400 5174 τῇς
3441 5101 3799 5172 Ἐκκλησίας,

2216 5170 2266 5226 ill
2297 5182 2401 5233 est,
2449 5170 2790 5235 καθολικοὺς,
2832 5170 3066 5224 lsaacius
3119 5180 3296 5225 vocat.
3335 5170 3458 5224 Illos
3487 5170 3679 5238 nempe
3712 5175 3804 5229 di-

2213 5242 2291 5296 cit
2317 5259 2347 5296 a
2379 5240 2682 5311 Tlleopltilo
2725 5240 3031 5311 submissos
3065 5241 3361 5295 Catholica:
3392 5241 3802 5311 communionis

2216 5309 2549 5376 monachos,
2587 5312 2892 5380 Lougorum
2952 5309 3204 5380 fratrum,
3249 5313 3393 5365 velut
3441 5310 3800 5380 Origenista-

2221 5395 2341 5452 rum
2381 5377 2767 5452 accusatores;
2787 5380 3008 5452 Certum
3040 5379 3092 5434 id
3119 5394 3183 5433 ex
3211 5379 3475 5446 Palladio,
3505 5377 3563 5434 et
3591 5377 3798 5452 Georg.

2221 5449 2374 5505 Alex.
2406 5450 2533 5505 inl'r.
2569 5453 2694 5507 cod.
2731 5449 2913 5504 XCVI.

2295 5520 2407 5590 (2|)
2441 5520 2849 5590 Berrhmeusem
2879 5519 3050 5590 episc.

2291 5587 2656 5715 (Ιὲὶὲέἰιιιιεειε
2703 5587 2862 5645 affert
2910 5587 3109 5660 Georg.
3147 5590 3419 5646 Alexaud.
3459 5590 3511 5643 in
3545 5589 3656 5644 vita
3689 5591 3798 5646 inf.

2224 5676 2342 5715 COU.
2383 5676 2512 5715 Abl.
