3980 6234
233 241 331 307 109
1361 238 1888 299 BIBLIOTHECA.
1927 258 1990 272 -ο
2030 235 2196 296 COD.
2221 235 2372 295 LIX.
3377 229 3476 294 110

223 351 352 404 στὸν
382 347 636 418 ἕϐδομον,
662 346 746 398 ὅτι
762 345 987 417 γρόνθον
1006 345 1172 399 ἔδωκε
1191 345 1434 415 Μέμνονι
1448 348 1506 399 ἐν
1525 349 1636 419 τοῖς
1652 345 1813 398 Ἀπο-

1940 352 2338 413 ntemperanter
2391 340 2683 412 Cyclotium
2745 339 2908 394 vitam
2983 339 3205 409 degens.
3270 338 3478 394 Vicesi-

233 441 461 504 στόλοις,
486 439 585 490 καὶ
623 437 838 508 ῥέοντος
867 436 962 490 τοῦ
992 437 1224 505 αἵματος
1246 437 1310 488 ὲκ
1331 435 1422 488 τοῦ
1445 436 1706 504 στόματος
1722 436 1817 489 αύο

1936 450 2062 489 num
2119 443 2356 499 sextum,
2405 431 2548 500 quod
2602 431 2742 486 idem
2788 431 2904 500 ipse
2948 440 3190 496 accuset,
3229 429 3478 498 idemque

228 531 320 584 τοῦ
355 531 665 601 προήνεγκε
689 529 757 581 τὰ
787 529 1080 599 μυστήρια·
1144 527 1387 580 εἰκοστὸν
1421 527 1630 595 ὄγδοον,
1654 528 1738 580 ὅτι
1759 528 1818 580 ἐν

1936 525 2071 580 estis
2108 525 2200 588 sit,
2241 539 2307 578 ac
2333 523 2519 591 iudex.
2559 521 2784 576 Planttm
2831 521 2886 577 id
2928 537 3049 576 esse
3069 537 3134 576 ex
3178 521 3308 584 illis,
3359 535 3478 589 quas

229 622 401 692 θρόνῳ
428 619 726 674 ἀποδύεται
757 620 853 672 καὶ
873 619 1122 672 ἐνδύεται
1143 619 1239 673 καὶ
1255 617 1513 671 πάστιλον
1530 618 1576 650 ⁸⁸
1592 616 1813 688 τρώγειο

1936 632 2037 670 :um
2095 615 2358 685 Martyrio
2414 615 2844 704 agchidiacono,
2884 623 2938 666 et
3001 629 3123 666 cum
3177 610 3478 666 Prnaeresio

225 713 472 765 εἰκοστὸν
530 711 776 773 ἔννατον,
824 711 908 763 ὅτι
944 711 1040 763 καὶ
1078 712 1180 780 χρή
1193 727 1339 779 ματα
1368 713 1484 772 τοῖς
1521 707 1614 761 ὑπ’
1654 705 1818 761 αὑτοῦ

1936 707 2094 777 ιγοίω
2147 707 2407 776 episcopo
2458 703 2608 776 gesta
2648 704 2978 784 referantur.-
3029 703 3353 758 Vicesimum
3388 716 3478 758 se-

227 803 726 873 χειροτονουμένοις
761 801 1079 864 ἐπισκόποις
1121 804 1356 866 δίδωσιν,
1412 802 1498 856 ἵνα
1525 800 1592 856 δι’
1624 800 1805 854 αὐτῶν

1936 799 2164 861 ptimum,
2219 797 2364 865 quod
2415 811 2594 866 pugno
2633 794 2748 866 (23)
2797 794 3104 850 contuderit
3143 794 3480 847 Memnonem

228 897 508 964 καταπονῇ
544 893 640 946 τοῦ
669 893 892 963 κλήρου.

1936 905 1961 943 u
2016 889 2398 956 Apostolorum
2453 902 2607 942 sacra
2665 888 2801 952 aede,
2865 896 2916 941 et
2969 886 3226 955 sanguine
3276 899 3341 938 ex
3387 899 3483 938 ore

229 988 399 1057 ipsius
453 998 729 1052 manante,
790 987 1142 1043 nihilominus
1201 986 1544 1043 eucharistia:
1605 984 1866 1040 obtulerit
1921 983 2205 1054 mysteria.
2267 981 2598 1037 Vicesimnm
2657 991 2928 1046 octavum,
2977 983 3120 1049 quod
3175 980 3228 1034 in
3288 981 3484 1034 throno

227 1082 454 1134 exuitur
489 1091 546 1134 et
598 1080 859 1144 induitur,
899 1088 956 1134 et
986 1079 1260 1148 pastillum
1292 1079 1406 1148 (24)
1429 1079 1560 1134 edit.
1595 1078 1924 1133 Vicesimum
1967 1091 2188 1138 nonum,
2215 1074 2373 1144 'quod
2436 1074 2709 1144 episcOpis
2777 1088 2806 1127 a
2872 1087 2931 1128 se
2993 1071 3256 1126 ordinatis
3321 1084 3486 1140 pecu-

233 1173 352 1226 nias
381 1172 667 1241 largiatur,
702 1180 762 1225 ut
784 1186 879 1238 per
911 1172 1030 1226 illos
1073 1171 1353 1228 laboribus
1382 1171 1584 1226 clerum
1616 1172 1908 1240 opprimat.

301 1264 383 1316 Τὰ
405 1265 507 1334 μὲν
531 1265 677 1319 κατὰ
698 1265 744 1296 ⁸⁸
775 1265 868 1318 τοῦ
898 1265 1052 1334 ἁγίου
1092 1266 1364 1340 κεφάλαια
1382 1265 1574 1320 ταῦτα’
1608 1267 1814 1328 ἐκεῖνος

229 1351 286 1404 δὲ
316 1351 585 1422 τέταρτον
607 1353 973 1425 προσκληθεὶς
991 1356 1051 1408 οὺ
1077 1355 1432 1426 παρεγένετο,
1449 1355 1816 1428 δηλοποιήσας

233 1445 344 1503 τοῖς
359 1443 886 1511 προσκαλουμένοις,
903 1445 985 1496 ὅτι
1002 1461 1022 1494 ι
1047 1445 1106 1496 Et
1126 1447 1250 1506 τοὺς
1269 1446 1564 1514 προφανεῖς
1586 1443 1816 1516 ἐχθροὺς

233 1533 341 1585 ἀπὸ
354 1533 460 1601 τῆς
473 1532 682 1596 τάξεως
693 1535 800 1587 τῶν
819 1537 1109 1603 κρινόντων
1135 1551 1209 1586 πα
1216 1534 1528 1604 ραστέλλετε
1551 1535 1594 1566 ⁸⁷
1609 1533 1822 1604 ἕτοιμός

235 1623 352 1692 εἰμι
367 1624 463 1676 καὶ
478 1625 910 1692 παραγενέσθαι,
934 1627 1029 1678 καὶ
1054 1625 1460 1694 ἀπολογεῖσθαι,
1479 1625 1532 1678 εί
1543 1626 1625 1687 τίς
1650 1625 1702 1676 τί
1719 1641 1820 1694 μου

235 1715 555 1783 κατηγορείο
575 1715 623 1766 εί
636 1715 693 1767 δὲ
703 1714 860 1767 τοῦτο
874 1717 1047 1767 ποιεῖν
1059 1716 1117 1768 οὐ
1131 1715 1406 1785 βούλεσθε,
1420 1714 1608 1776 ὁσάκις
1621 1715 1686 1768 ἂν
1698 1716 1825 1766 ἁποσ

239 1801 506 1871 στείλητε,
530 1802 683 1856 οὐδὲν
703 1803 863 1858 πλέον
883 1805 1270 1874 ἀνυσθήσεται.
1298 1823 1318 1858 ι
1338 1805 1636 1874 Ἑξήτασαν
1653 1804 1731 1867 δὲ,
1747 1803 1822 1866 ὼς

237 1889 524 1957 ἐνόμισαν,
549 1891 616 1942 ἐκ
636 1892 746 1944 τῶν
773 1893 1085 1960 κεφαλαίων
1130 1893 1339 1946 τούτων
1383 1893 1444 1946 τὸ
1471 1893 1687 1962 πρῶτον
1728 1894 1821 1945 καὶ

238 1983 295 2036 τὺ
318 1983 580 2052 δεύτερον
603 2023 618 2049 ,
676 1981 794 2036 εἶτα
842 1985 1080 2055 ἤρξαντο
1133 1986 1263 2056 περὶ
1327 1983 1677 2054 Ἡρακλείδου
1731 1984 1824 2038 καὶ

241 2074 546 2130 Παλλαδίου
591 2073 689 2129 τοῦ
739 2074 1169 2140 Ἑλενουπόλεως
1209 2075 1317 2129 τῶν
1353 2075 1668 2130 ἐπισκόπων
1737 2075 1827 2142 ἐξ·

242 2168 481 2230 ετάζειν·
515 2168 615 2220 καὶ
645 2167 890 2220 ἐπέδωκε
929 2168 974 2199 ⁸⁸
1025 2167 1268 2220 λίδελλον
1324 2168 1486 2220 πάλιν
1525 2170 1554 2220 ὁ
1593 2168 1825 2238 μοναχδς

255 2257 550 2325 Ἰωάννης,
584 2251 646 2310 οὗ
682 2259 710 2310 ὁ
739 2257 984 2321 διάκονος
1022 2257 1274 2324 Ἰωάννης
1320 2258 1378 2310 ἐν
1406 2260 1527 2319 ταῖς
1564 2257 1706 2311 κατὰ
1729 2257 1824 2310 τοῦ

243 2348 639 2419 Χρυσηοστόμου
689 2350 1047 2420 κατηγορίαις
1094 2349 1360 2419 ἐμνήσθη,
1387 2350 1637 2417 ἐγκαλῶν
1685 2349 1828 2403 κατὰ

254 2439 613 2508 Ἡρακλείδου
667 2441 749 2494 ὅτι
799 2442 1242 2513 Ὠριγενειαστής
1289 2444 1427 2506 ἐστι,
1471 2440 1558 2512 [⁵η
1589 2440 1682 2512 IL]
1733 2441 1828 2494 καὶ

243 2531 324 2584 ὃτι
355 2532 602 2600 κλέπτης
624 2533 882 2602 ἐφωράθη
908 2535 966 2586 ἐν
986 2533 1294 2605 Καισαρείᾳ
1317 2533 1419 2601 τῆς
1444 2531 1828 2602 Παλαιστίνης,

249 2620 449 2691 ἱμάτια
501 2620 601 2673 τοῦ
653 2621 902 2675 διακόνου
949 2622 1234 2675 ’Λκυλίνου
1277 2620 1522 2675 κλέπτων
1548 2660 1563 2684 ,
1607 2623 1702 2674 καὶ
1748 2622 1830 2674 ὅτι

246 2713 437 2778 αὐτὸν,
473 2713 640 2784 φησιν
663 2754 677 2777 ,
718 2715 745 2766 ὀ
792 2715 1090 2778 ἐπίσκοπος
1142 2713 1396 2783 Ἰωάννης
1435 2711 1674 2767 τοιοῦτον
1701 2712 1830 2764 ὄντα

247 2803 327 2865 είς
357 2802 596 2869 Ἔφεσον
627 2803 1050 2874 ἐχειροτόνησεν.
1101 2803 1376 2858 Ἐνεκάλει
1409 2804 1451 2835 ⁸³
1483 2803 1543 2856 δὲ
1587 2803 1681 2856 καὶ
1709 2803 1828 2856 κατ’

1993 1263 2118 1319 llmc
2153 1263 2515 1317 accusationis
2544 1262 2597 1315 in
2623 1269 2870 1315 sanctum
2903 1260 3079 1312 virum
3109 1258 3285 1325 capita
3310 1266 3431 1311 sunt
3468 1273 3482 1310 :
3511 1291 3514 1294 ~

1923 1355 2018 1424 qui
2066 1354 2282 1422 quidem
2323 1362 2576 1418 quartum
2639 1348 2940 1420 appellatus
3000 1364 3105 1402 non
3158 1347 3486 1415 comparuit,

1927 1445 2225 1520 citantibus
2276 1444 2388 1515 (25)
2431 1443 2814 1511 respondens:
2875 1457 2894 1490 ι
2933 1437 2989 1492 Si
3037 1447 3257 1505 apertos
3306 1439 3490 1491 hostes

1923 1538 2162 1607 jndicum
2195 1536 2387 1590 ordine
2415 1531 2816 1594 suhmoveritis,
2866 1540 3083 1600 praesto,
3119 1530 3315 1599 inquit,
3347 1543 3488 1593 sum,

1926 1642 2118 1695 meque
2169 1628 2396 1687 sistam;
2445 1625 2582 1678 υιεί
2618 1624 2742 1693 quis
2793 1637 2879 1676 me
2935 1624 3229 1686 accusarit,
3270 1635 3488 1675 causam

1924 1721 2101 1774 dicam
2136 1736 2149 1770 :
2183 1719 2265 1772 sin
2289 1717 2343 1770 id
2381 1717 2560 1770 facere
2603 1713 3056 1777 detrectaveritis,
3094 1711 3306 1781 quoties
3351 1710 3490 1763 cita-

1924 1812 2074 1875 bitis,
2133 1809 2265 1864 nihil
2320 1807 2635 1877 proiicietis.
2673 1824 2692 1857 ι
2735 1803 3130 1858 Examinarunt
3186 1805 3387 1871 itaque,
3433 1809 3492 1854 ut

1925 1902 2209 1972 putabant,
2243 1902 2434 1954 horum
2464 1897 2706 1952 omnium
2746 1906 2910 1965 caput
2936 1895 3170 1964 primum
3201 1907 3264 1948 ac
3294 1909 3491 1949 secun-

1925 1995 2074 2046 dum.
2110 1990 2248 2044 Hine
2271 1998 2554 2057 cmperunt
2597 1989 2648 2041 in
2706 1986 3072 2051 Heraclidem,
3099 1995 3155 2041 et
3189 1984 3492 2039 Palladium

1926 2079 2273 2149 Ilelcnopolis
2319 2079 2457 2151 ('26),
2516 2078 2804 2149 episcopos
2858 2079 3070 2141 ambos,
3118 2077 3491 2144 conquirere:

1926 2184 1980 2231 et
2007 2173 2246 2228 Joannes
2275 2171 2574 2226 monachus
2603 2170 2776 2241 (cujus
2816 2169 3054 2224 Joannes
3085 2167 3342 2222 diaconus
3377 2163 3495 2237 [Ἦ]

1928 2266 1981 2320 in
2013 2265 2128 2320 suis
2155 2263 2301 2318 beati
2332 2261 2706 2331 Chrysostomi
2758 2259 3200 2315 accusationibus
3233 2259 3496 2311 memine-

1927 2357 2033 2424 rat)
2062 2354 2300 2408 lihellum
2342 2352 2530 2407 itidem
2564 2351 2827 2422 porrexit,
2863 2363 3126 2404 accusans
3157 2346 3496 2401 Heraclidem

1928 2448 2070 2516 quod
2117 2443 2430 2514 Origenista
2477 2452 2644 2505 esset,
2699 2452 2753 2496 et
2787 2442 3046 2496 Caesareas
3091 2440 3392 2494 Palmstina:
3443 2438 3497 2490 in

1929 2536 2073 2592 furto
2121 2535 2497 2605 deprehensus
2545 2533 2754 2598 fuisset,
2798 2532 3033 2601 Aquilini
3066 2530 3278 2585 diaconi
3337 2529 3502 2583 vesti-

1931 2637 2110 2683 menta
2177 2628 2428 2690 furatus;
2476 2634 2530 2680 et
2587 2625 2835 2693 quamvis
2896 2623 3023 2678 talis
3072 2631 3238 2685 esset,
3306 2618 3497 2688 inquit.

1929 2717 2168 2773 Joannes
2194 2717 2480 2786 episcopus
2528 2713 2889 2782 Ephesiorum
2919 2727 3042 2766 eum
3075 2714 3388 2781 episcopum
3417 2723 3503 2762 or-

1931 2810 2157 2864 dinavit.
2201 2808 2438 2863 Accusat
2485 2815 2749 2875 praeterea
2812 2805 2984 2872 ipsum
3033 2803 3500 2874 Chrysostomum,

248 2894 420 2950 αὐτοῦ
483 2893 580 2947 τοῦ
629 2896 1041 2965 Χρυσοστόμου,
1084 2895 1160 2959 ὡς
1217 2894 1387 2949 πολλὰ
1440 2895 1586 2949 κακὰ
1641 2892 1827 2947 παθὼν

1936 2902 2075 2970 quod
2129 2899 2298 2954 multa
2347 2897 2786 2968 Origcnistarum
2827 2910 2992 2950 causa
3047 2897 3272 2949 adversa
3311 2907 3507 2962 passus

250 2987 418 3060 χάριν
447 2987 560 3040 τῶν
604 2987 1057 3056 Ὠριγενειαστῶν
1083 2987 1173 3040 διὰ
1201 2986 1553 3058 Σαραπίωνος
1581 2985 1676 3039 καὶ
1701 2985 1832 3056 παρ’

249 3075 420 3130 αὐτοῦ
439 3075 652 3128 ἐκείνου
670 3076 739 3128 ⁸⁰.
760 3070 894 3128 Εἶτα
918 3075 1122 3130 τούτων
1140 3076 1532 3140 ἐξετασθὲντων
1561 3074 1830 3144 ἐξητάσθη

249 3171 420 3223 πάλιν
456 3169 518 3221 τὸ
552 3168 772 3220 ἔννατον
813 3168 1108 3236 κεφάλαιον
1139 3167 1248 3221 τῶν
1286 3166 1670 3239 ἐγκλημάτων,
1711 3160 1832 3219 εἷτα

249 3261 309 3314 τὸ
347 3259 602 3313 εἰκοστὸν
631 3260 877 3329 ἕϐδομον.

320 3349 464 3405 Εἶτα
513 3351 677 3404 πάλιν
719 3352 1096 3432 κατηγόρησεν
1152 3350 1424 3414 ’Ῑσαάκιος
1453 3353 1496 3383 ἰ
1531 3351 1828 3416 ἐπίσκοπος

251 3443 343 3495 τοῦ
387 3440 750 3511 Ἡρακλείδου
789 3441 864 3502 ὡς
905 3440 1338 3512 Ὠριγενειαστοῦ
1372 3442 1466 3494 καὶ
1503 3441 1578 3505 ὼς
1609 3442 1683 3511 μὴ
1723 3459 1833 3494 πα-

256 3535 619 3603 ραδεχθέντος
644 3532 734 3604 [27
768 3532 862 3605 H.]
893 3533 1202 3603 Ἐπιφανίῳ
1233 3531 1309 3603 τῷ
1362 3533 1654 3602 ἁγιωτάτῳ
1697 3537 1833 3603 μήτε

253 3630 332 3692 εἰς
362 3627 537 3696 εὐχὴν
577 3626 716 3696 μήτε
740 3627 820 3689 εἰς
847 3626 1208 3680 συνεστίασιν.
1241 3625 1514 3679 Ἐπέδωκε
1539 3626 1594 3678 δὲ
1620 3627 1648 3678 ὁ
1674 3626 1833 3689 αὐτὸς

267 3721 544 3782 Ἰσαάκιος
593 3719 689 3771 καὶ
719 3717 958 3770 λίϐελλον
1003 3718 1146 3788 mea.
1175 3716 1271 3770 τοῦ
1302 3718 1836 3788 Χρυσοστόμου,-πε-

259 3810 516 3880 ριέχοντα
548 3806 744 3860 ταῦτα·
777 3807 1014 3877 πρῶτον,
1047 3807 1178 3876 περὶ
1207 3807 1302 3860 τοῦ
1334 3806 1594 3868 πολλάκις
1625 3825 1834 3878 μνημο-

256 3899 547 3962 νωθὲντος
598 3897 844 3953 Ἰωάννου
873 3896 966 3950 τοῦ
997 3898 1256 3968 μοεθαχοῦ,
1285 3898 1368 3952 ὅτι
1396 3898 1559 3970 ἐδάρη
1595 3899 1686 3952 διὰ
1711 3900 1837 3963 τοὺς

269 3987 720 4059 Ὠριγενειαστὰς
743 3989 838 4040 καὶ
870 3989 951 4040 ὅτι
980 3988 1428 4060 ἐσιδηροφόρησε’
1447 3989 1720 4060 δεύτερον,
1754 3990 1837 4042 ὅτι

255 4083 283 4134 ὁ
313 4079 593 4150 μακάριος
631 4078 944 4146 Ἐπιφάνιος
974 4078 1062 4130 διὰ.
1093 4079 1218 4142 τοὺς
1254 4080 1838 4150 ὨριγενειαστὰςἌμ-

1940 2992 2071 3046 sita
2105 2991 2425 3059 Sarapione,
2456 2989 2712 3060 quodque
2766 2989 2908 3042 hunc
2957 2985 3046 3040 ille
3100 3001 3128 3039 a
3169 2997 3228 3038 se
3273 2983 3501 3036 miserit.

1936 3083 2138 3138 [lorum
2168 3084 2352 3151 itaque
2377 3082 2688 3150 cognitione
2737 3085 2978 3150 peracta,
3013 3075 3326 3143 inquisitum
3355 3073 3507 3127 dein-

1935 3190 2065 3246 ceps
2108 3183 2192 3229 est
2222 3173 2276 3227 in
2321 3180 2485 3240 caput
2548 3185 2750 3225 nonum
2797 3166 3224 3228 accusationum,
3272 3177 3396 3217 mox
3449 3161 3504 3216 in

1935 3266 2251 3322 vicesimum
2281 3263 2590 3332 septimum.

2007 3356 2197 3412 Postea
2255 3369 2470 3410 rursum
2517 3351 2886 3420 lsaacius(28l
2918 3351 3202 3419 cpiscopus
3263 3346 3506 3403 Heracli-

1935 3450 2056 3505 dem
2082 3457 2300 3502 accusat
2327 3456 2384 3500 ut
2417 3445 2777 3515 Origeuistam
2797 3485 2813 3509 ,
2851 3444 3174 3510 minimeque
3201 3452 3505 3510 susceptum

1936 3558 1966 3595 a
2001 3539 2344 3596 sanctissimo
2373 3538 2694 3608 Epiphanio,
2732 3551 2906 3604 neque
2945 3537 2997 3589 in
3028 3535 3378 3604 precationis,
3414 3549 3507 3587 ne-

1936 3647 2044 3700 que
2091 3632 2145 3694 in
2188 3630 2444 3700 ciborum
2488 3628 2946 3683 communionem.
2999 3624 3234 3680 Protulit
3282 3633 3336 3679 et
3367 3625 3506 3678 idem

1941 3699 2468 3777 lsaacius'libellnm
2516 3729 2702 3774 contra
2735 3717 3176 3786 Chysostomum,
3231 3716 3345 3770 haec
3394 3715 3507 3767 fere

1938 3813 2340 3869 continentem:
2366 3811 2626 3876 Primum,
2660 3811 2726 3864 de
2754 3809 2960 3865 Joanne
2989 3809 3278 3873 monacho,
3315 3808 3510 3874 schius

1933 3904 2046 3973 jam
2075 3905 2374 3969 nominato,
2405 3905 2548 3973 quod
2578 3914 2798 3972 prapter
2824 3901 3156 3970 Origenistas
3181 3898 3508 3966 vapulasset,

1938 4006 1994 4051 et
2015 3999 2157 4051 ferto
2179 3996 2392 4050 vinctus
2415 3995 2626 4050 luisset.
2655 3994 2982 4055 Secundum,
3009 3991 3149 4058 quod
3171 3991 3359 4044 beatus
3385 3990 3513 4057 Epi-

1941 4088 2170 4155 phanius
2208 4096 2427 4155 propter
2466 4086 2566 4142 hos
2591 4084 2929 4151 Origenistas
2959 4082 3098 4151 (29),
3144 4081 3509 4142 Ammnnium,

262 4173 492 4240 μὼνιον,
531 4171 825 4241 Εὑθύμιον,
857 4171 1138 4238 Εὑσέϐιον,
1170 4173 1265 4225 καὶ
1321 4171 1700 4242 Ἡρακλείδην,
1743 4175 1828 4228 καὶ

1941 4177 2311 4247 Euthymium,
2348 4176 2661 4239 Eusebium,
2685 4173 3061 4246 Illeraclidem,
3103 4183 3157 4228 et
3192 4171 3508 4235 Palladium,

259 4265 567 4319 Παλλάδιον
595 4266 696 4316 οὐκ
739 4262 969 4333 ἠθέλησε
1025 4263 1370 4333 κοινωνῆσαν
1397 4264 1709 4332 τρίτον,.ὅτι
1737 4263 1828 4334 τὴν

1938 4271 2337 4324 communicare
2373 4285 2495 4323 cum
2553 4269 2644 4325 illo
2709 4269 2986 4324 noluisset.
3035 4267 3297 4333 Tertium,
3353 4265 3513 4334 19a,

262 4355 574 4422 φιλοξενίαν
600 4356 803 4417 ἀθετεῖ,
847 4355 1152 4423 μονοσιτίαν
1176 4355 1529 4425 ἐπιτηδεύων·
1559 4355 1838 4425 τέταρτον,

262 4447 344 4500 ὅτι
373 4447 466 4498 ἐπ’
516 4447 812 4515 ἐκκλησίας
837 4447 985 4514 λέγει
1006 4447 1284 4516 τράπεζαν
1313 4448 1600 4518 Ἐριννύων
1629 4449 1842 4518 πεπληο

1949 4358 2094 4426 quod
2133 4359 2580 4429 hospitalitatem,
2617 4359 2764 4414 solus
2796 4359 3040 4429 quotidie
3066 4358 3244 4414 cibum
3274 4357 3514 4424 capiens,

1953 4448 2250 4502 desereret.
2287 4449 2573 4515 Quartum,
2624 4452 2766 4519 quod
2801 4451 2854 4504 in
2902 4449 3141 4504 Ecclesia
3174 4447 3340 4512 dicat,
3367 4459 3514 4499 meu-

1564 4539 1798 4594 VARUE
1839 4538 2240 4594 LECTIONES.

333 4614 381 4646 “
413 4609 673 4664 παστίλον
705 4627 764 4673 ς’.
839 4609 884 4640 ⁸⁸

909 4611 1008 4679 μὲν
1039 4609 1130 4664 οὖν
1156 4607 1297 4661 κατὰ
1319 4627 1378 4674 ς.
1455 4611 1499 4642 ⁸⁷
1529 4611 1918 4680 παραστείλετε
1949 4613 2014 4666 Α.
2091 4610 2136 4642 ⁸⁸
2161 4610 2405 4665 ἀπέδωκε
2431 4629 2488 4674 ς.

2564 4613 2607 4644 ‘9
2637 4613 2876 4678 ἐγκαλεῖ.
2953 4611 3000 4641 ⁸ο
3030 4607 3372 4678 ροςιέκείνον
3398 4623 3516 4661 cum

261 4682 308 4737 Δ
328 4685 491 4739 omisi
519 4681 857 4734 ἀπέστειλεν.
934 4680 976 4710 ⁵¹
1003 4680 1230 4741 Ἰσάκιος
1259 4681 1324 4745 Λ,
1355 4690 1407 4733 et
1436 4695 1485 4748 p.
1512 4680 1720 4763 18α29
1742 4680 1991 4733 Ὶσάκιον.

1772 4770 2003 4828 NOTAE.

337 4865 456 4935 (‘23)
486 4862 722 4935 Γρόνθον
756 4861 942 4935 ἔδωκε,

269 5008 349 5060 dit
371 5018 638 5074 pugnum.

341 5071 467 5142 (2η
493 5073 624 5127 Post
668 5071 977 5142 divinorum
1035 5074 1413 5142 mysteriorum
1448 5074 1848 5142 perceptionem

271 5145 426 5198 addit
457 5141 680 5209 Niceph.
713 5141 808 5194 lih.
835 5156 956 5205 xm,
985 5141 1105 5211 cap.
1143 5142 1202 5208 9,
1237 5158 1303 5195 ex
1334 5141 1575 5195 Palladio
1601 5141 1656 5196 et
1701 5143 1838 5196 aliis.

272 5213 506 5281 PrOpter
552 5221 770 5279 sputum
803 5211 1088 5281 nimirum.
1141 5211 1393 5279 Idemque
1453 5213 1668 5267 caeteris
1717 5227 1842 5267 sua-

273 5279 417 5337 sisse
452 5281 691 5351 tradunt.
724 5280 812 5346 qui
844 5279 905 5333 Β.
944 5279 1222 5351 Chrysost.
1257 5296 1340 5351 res
1375 5281 1734 5347 scripserunt.

370 5353 462 5421 9.5)
506 5350 792 5421 Discrepat
852 5348 1096 5421 nonnihil
1157 5349 1215 5403 Β.
1257 5348 1479 5421 Joannis
1537 5351 1838 5419 responsio,

276 5419 397 5490 quae
423 5419 502 5483 est
522 5421 666 5490 apud
703 5419 930 5490 Niceph.
969 5420 1062 5472 lib.
1093 5434 1360 5490 xtincap.
1397 5419 1463 5490 175
1499 5429 1608 5472 ext.
1639 5489 1646 5490 ί
1808 5440 1834 5459 ο

348 5491 466 5558 (‘26)
511 5488 680 5558 cujus
731 5489 961 5558 insignis
1004 5490 1090 5544 ille
1123 5488 1376 5556 Dialogus
1415 5489 1467 5542 in
1508 5489 1756 5547 manibus
1785 5490 1849 5544 de

279 5559 342 5615 Β.
364 5561 644 5630 Chrysosl.
682 5559 817 5614 vita.

1024 4879 1198 4931 συγκα
1207 4880 1349 4934 μπτο
1354 4863 1530 4932 μένων
1589 4863 1696 4916 τῶν
1756 4863 1850 4918 δα.-

267 4933 508 4998 nam,
539 4944 599 4986 nt
628 4934 889 4988 describit
909 4933 1364 5005 TheOphylact.et
1396 4944 1503 4987 vet.
1536 4937 1698 5003 gloss.
1729 4937 1849 4988 red-

2031 4865 2141 4936 (27)
2175 4868 2348 4933 Supra
2388 4882 2508 4936 cap.
2536 4867 2589 4918 Ξ).

2031 4937 2213 5004 (‘28)I).
2268 4935 2463 4990 Baron.
2519 4939 2585 4989 ad
2626 4950 2826 4989 annum
2872 4935 3074 4990 Christi
3136 4937 3261 5001 405,
3315 4947 3421 4992 ιοιη
3458 4935 3520 4988 V.

1959 5004 2089 5076 legit
2161 5006 2278 5076 hie_
2319 5006 2541 5059 Aeacius
2601 5007 2894 5076 episcopum
2973 5007 3350 5071 Heraclidem,
3414 5014 3523 5060 etc.

1957 5072 2231 5147 liot'tassis
2261 5073 2496 5147 lsaacius
2549 5072 2637 5130 ille
2667 5078 2999 5140 monachus,
3047 5093 3207 5147 quem
3236 5091 3339 5130 una
3402 5090 3523 5147 eum

1959 5141 2258 5209 Theophilo
2313 5145 2698 5198 Alexandriam
2787 5147 2999 5201 venisse
3064 5141 3240 5201 refert
3294 5145 3522 5212 Niceph.

1952 5212 2176 5274 lib.xttl,
2212 5230 2240 5267 c
2274 5214 2358 5268 l7.
2410 5212 2615 5269 Pallad.
2649 5217 2896 5269 eumdem
2947 5217 3195 5284 Sgrulum
3243 5213 3525 5281 circumfo-

1953 5298 2194 5353 raneum,
2223 5284 2478 5338 falsorum
2513 5286 2898 5339 monachorqu
2950 5288 3139 5340 ducem
3188 5286 3440 5353 appellat.

1988 5422 1998 5433 .
2022 5351 2358 5433 (9.?)Oﬂllltll
2383 5353 2629 5433 fortassis
2642 5354 3000 5433 Dioscornm,_
3015 5351 3268 5423 quartum
3296 5356 3349 5407 in
3379 5355 3526 5433 Lon-

1950 5422 2369 5495 gispl’ratribus,
2418 5424 2746 5488 adcensere,
2799 5425 2938 5493 quod
2991 5422 3059 5495 is"
3090 5435 3216 5478 ante
3265 5425 3528 5495 synodum

1963 5492 2270 5563 inchoatam
2313 5503 2555 5547 mortuus
2600 5504 2780 5556 esset,
2818 5492 2969 5548 teste
3017 5492 3242 5563 Niecph.
3275 5492 3368 5550 lib.
3403 5512 3529 5560 xm,

1966 5575 2020 5613 c.
2052 5560 2118 5614 l5
2141 5598 2155 5614 .
2197 5559 2270 5616 De
2296 5565 2490 5630 quibus
2516 5564 2682 5618 etiam
2731 5563 2828 5618 inf.
2853 5578 2903 5618 c.
2932 5563 3002 5618 96
3031 5559 3186 5620 circa
3218 5567 3360 5623 med.
