3980 6234
266 323 365 388 117

1389 323 1917 386 BlBLIO'I‘HECA.
1949 325 2198 387 —c01).
2241 305 2436 387 LXII:

3437 315 3539 384 118

253 443 427 509 ἄρχου
448 437 730 509 λόγῳ,καὶ
759 438 860 508 τὴν
874 436 1047 508 ἀρχὴν
1068 436 1336 505 ἀναγνοὺς
1363 437 1460 490 τοῦ
1493 438 1782 508 προοιμίου
1795 439 1865 506 ⁷⁸,

1973 439 2119 494 civili
2149 437 2506 494 contentione
2535 432 2812 489 dissensit.
2841 432 3087 488 Platonis
3111 447 3326 502 quoque
3375 434 3533 487 audi-

266 551 288 584 ι
321 531 525 586 Οὐδένα
552 530 778 584 πώποτε
815 530 938 584 οὔτε
978 530 1198 602 γραφὴν
1227 530 1579 601 γραψάμενος
1631 531 1757 584 οὔτε
1800 531 1859 584 ἐν

255 624 513 687 εὐθύναις
524 626 802 695 λυπήσας,
822 644 945 676 ι--ι
968 625 1087 678 Είθε
1104 624 1329 688 πολλοὺς
1344 624 1589 696 ἐγράψω,
1605 626 1731 694 ἔφη,
1751 623 1863 677 εἴθε

262 718 498 781 πολλοὺς
527 717 830 788 ἐλύπησας,
848 717 936 770 ἵνα
962 716 1178 781 πλείους
1207 716 1610 780 καταλελοιπὼς
1634 716 1866 786 ἐτύγχα-

259 827 355 872 νες
383 809 613 878 λόγουςί
649 828 669 861 ι
709 808 882 872 οὕτως
933 807 1076 880 ἥσθη
1131 807 1210 878 τῷ
1238 808 1550 879 χαρακτῆρι
1584 806 1678 861 τοῦ
1711 809 1869 878 ῥήτο-

267 915 382 968 ρος.

1964 541 2159 593 torem,
2194 541 2246 586 ct
2274 529 2606 584 Auatalcidze
2630 527 2743 598 (55)
2766 527 3090 596 discipulum
3116 526 3283 580 fuisse
3302 525 3491 580 ferunt
3519 543 3533 580 :

1964 629 2019 676 et
2053 630 2181 674 sunt
2227 621 2512 688 utriusque
2550 616 2625 670 rei
2661 617 2860 671 indicio
2889 616 3037 686 20b
3088 615 3366 671 [Eschinis
3419 630 3545 670 ora-

1971 713 2165 777 tiones,
2208 728 2329 767 cum
2385 712 2674 766 verborum
2733 709 3059 777 granditate,
3108 717 3220 763 tum
3277 699 3544 777 gravitate

1971 803 2323 869 inventionis.
2382 803 2672 873 Dionysius
2740 816 2869 856 vero
2915 801 3158 871 sophista
3213 799 3350 873 (56),
3415 815 3543 854 cum

1973 892 2113 948 forte
2141 894 2193 947 in
2212 893 2328 962 ejus
2351 894 2677 955 orationem,
2701 908 2866 962 quam
2892 892 3152 946 adversus
3184 890 3540 945 Timarchum

265 990 483 1057 habuit,
521 989 832 1052 incidisset,
871 987 1012 1042 lecto
1055 988 1308 1057 prooemii
1334 988 1452 1056 eius
1499 989 1604 1044 hoc
1661 986 1948 1056 principio,
1993 1003 2012 1036 ι
2061 984 2318 1052 Equidem
2349 982 2480 1037 nulli
2543 997 2782 1051 unquam
2843 991 2938 1036 aut
3005 983 3058 1036 in
3126 981 3328 1048 judicio
3393 980 3540 1050 peri-

262 1083 450 1135 culum
473 1082 677 1145 creari,
712 1090 805 1135 aut
845 1081 897 1135 in
923 1080 1227 1136 rationibus
1266 1081 1545 1152 exigendis
1580 1081 1840 1136 molestus
1881 1079 1976 1145 l'tti,
2013 1098 2032 1130 ι
2064 1078 2268 1133 dixisse
2289 1075 2462 1131 fertur
2492 1093 2508 1131 :
2549 1093 2568 1126 ι
2600 1074 2820 1129 Utinam
2891 1075 3074 1131 multis
3135 1090 3277 1146 saepe
3331 1075 3544 1145 pericu-

257 1172 376 1226 lum
411 1188 698 1239 creasses;
741 1173 944 1226 utinam
979 1173 1162 1228 multis
1196 1174 1456 1229 molestus
1503 1173 1722 1235 fuisses.
1774 1182 1835 1226 ut
1872 1172 2073 1227 multas
2106 1169 2161 1226 id
2219 1183 2392 1240 genus
2442 1167 2720 1222 orationes
2770 1167 2930 1220 nobis
2995 1167 3304 1237 reliquisses
3336 1166 3480 1237 (57)!
3518 1183 3538 1217 ι

256 1266 419 1321 Adi-0
455 1276 540 1322 est
571 1268 809 1322 oratoris
837 1267 1000 1335 hujus
1035 1269 1355 1323 charactere
1386 1267 1716 1324 delectatus.
1823 1305 1828 1310 ς

337 1361 494 1412 Ἔστι
528 1359 586 1414 δέ
613 1363 642 1414 ὀ
673 1360 830 1429 λόγος
868 1362 1017 1432 αὐτῷ
1043 1361 1234 1433 ὥσπερ
1298 1363 1576 1432 αὐτοφυὴς
1625 1363 1721 1417 καὶ
1756 1365 1855 1418 αὖ·

257 1451 565 1522 τοσχέδιος,
596 1456 658 1504 οὐ
691 1452 944 1506 τοσοῦτον
975 1453 1151 1517 διδοὺς
1181 1455 1280 1522 τὴν
1303 1455 1502 1526 τέχνην
1533 1455 1858 1524 ἀποθαυμά-

258 1539 381 1604 ζειν
408 1539 456 1570 ⁸⁸
494 1538 589 1592 τοῦ
617 1541 813 1611 ἀνδρὸς
841 1541 963 1593 ὅσον
990 1542 1090 1612 τὴν
1117 1541 1280 1610 φύσιν
1300 1559 1315 1573 ο
1366 1547 1461 1596 καὶ
1481 1545 1590 1613 γὰρ
1622 1545 1722 1597 ὅσα
1752 1545 1860 1597 δει-

2023 1364 2121 1418 Est
2147 1360 2267 1432 ejus
2281 1362 2458 1416 oratio
2479 1367 2730 1430 tanquam
2747 1368 2939 1428 sponte
2969 1368 3093 1412 nata
3124 1365 3178 1412 et
3203 1367 3544 1426 extempora-

1954 1469 2087 1519 nea;
2108 1469 2214 1508 non
2237 1463 2438 1507 tantam
2471 1452 2626 1512 artis,
2659 1459 2916 1521 quantam
2940 1449 3140 1520 ingenii
3171 1448 3340 1517 ipsius
3364 1449 3538 1503 admi—

1961 1544 2230 1598 rationem
2261 1543 2560 1598 coucitaus.
2605 1539 2815 1594 Etenim
2863 1555 2986 1592 cum
3022 1539 3247 1610 grandia
3275 1539 3455 1592 omnia
3493 1539 3546 1592 iu

257 1634 486 1701 νότητος
523 1631 728 1699 ἔχεται,
769 1631 950 1684 ταῦτα
981 1632 1129 1684 ἔστιν
1153 1633 1335 1704 εὑρεῖν
1367 1634 1519 1702 παρὰ
1551 1637 1666 1697 τοῖς
1683 1634 1859 1702 λόγοις

1973 1635 2074 1705 :jus
2100 1634 2444 1689 orationibus
2481 1632 2740 1702 reperias,
2773 1645 2883 1685 tum
2915 1645 3036 1699 quae
3075 1632 3313 1683 maxime
3337 1639 3542 1684 natura;

257 1721 454 1787 αὐτοῦ,
479 1723 574 1774 καὶ
601 1721 638 1775 ἃ
659 1721 877 1792 φύσεως
906 1723 1107 1792 μᾶλλόν
1147 1725 1264 1777 ἐστι
1315 1723 1605 1795 δείγματα.
1639 1724 1777 1795 Περί
1800 1741 1858 1778 τε

1973 1724 2330 1794 praestantiam
2382 1723 2691 1778 ostendant.
2744 1719 2800 1773 In
2859 1719 3081 1774 vocibus
3124 1718 3268 1772 enim
3315 1719 3546 1788 simplex

257 1813 373 1882 γὰρ
406 1814 508 1882 τὴν
533 1813 832 1881 ὀνομασίαν
870 1813 1022 1866 ἐστὶν
1077 1813 1287 1885 ἀφελὴς
1317 1815 1411 1867 καὶ
1447 1813 1710 1884 εὔσημος,
1765 1814 1862 1868 καὶ¹

260 1902 396 1970 περὶ
422 1901 522 1971 τὴν
539 1902 650 1954 τῶν
673 1901 849 1970 λόγων
871 1902 1119 1976 σύνθεσιν
1151 1905 1275 1959 οὕτε
1298 1905 1440 1972 ἄγαν
1455 1906 1642 1970 ἄτονος
1671 1905 1861 1977 ὥσπερ

273 1991 627 2062 Ἰσοκράτης,
686 1992 814 2046 οὔτε
870 1996 1234 2065 πεπιεσμένος
1279 1998 1374 2050 καὶ
1435 1999 1862 2068 συνεσφιγμένος

258 2082 457 2155 ὥσπερ
487 2086 517 2137 ὁ
538 2085 781 2149 νΛυσίαςο
810 2085 1080 2156 πνεύματι
1099 2088 1156 2140 δὲ
1201 2089 1296 2141 καὶ
1330 2088 1468 2159 τόνῳ
1496 2089 1648 2143 οὐδὲν
1678 2092 1860 2161 Δημο-

261 2175 493 2238 σθένους
518 2177 830 2230 άπολείπει.
863 2177 1115 2248 Σχήματι
1160 2177 1218 2232 δέ
1241 2179 1510 2252 κέχρηται
1532 2180 1773 2243 διανοίας
1800 2197 1862 2234 τε

258 2269 360 2321 καὶ
388 2267 612 2335 λέξεως,
642 2268 704 2321 οὐ
731 2268 870 2340 πρὸς
902 2270 963 2322 τὸ
1012 2269 1192 2323 δοκεῖν
1227 2287 1280 2324 τι
1317 2273 1416 2324 σὺν
1463 2271 1627 2343 τέχνῃ
1658 2272 1861 2340 λέγειν,

259 2360 405 2414 ἀελλὰ
484 2362 621 2432 πρδς
695 2361 757 2415 τὸ
811 2362 1240 2431 ἀναγκαιότατον
1301 2365 1415 2427 τοῖς
1483 2365 1864 2435 ὑποκειμένοις

259 2453 582 2524 πράγμασι.
623 2455 714 2506 Διὸ
753 2455 847 2507 καὶ
877 2454 1236 2526 ἀπάνουργός
1269 2473 1388 2519 πως
1445 2457 1475 2510 ό
1515 2455 1672 2525 λόγος
1723 2450 1864 2510 εἶναι

257 2544 436 2608 δοκεῖ,
469 2545 564 2598 καὶ
587 2543 664 2607 ὡς
686 2545 786 2609 τὰς
822 2546 881 2599 ἐν
906 2545 1104 2616 πλήθει
1129 2546 1418 2618 ῥητορείας
1448 2549 1544 2601 καὶ
1568 2549 1694 2610 τοὺς
1717 2548 1862 2601 ἰδιω-

261 2637 458 2697 τικοὺς
484 2634 681 2702 λόγους
713 2636 756 2667 ⁸¹
793 2635 1029 2706 μάλιστα
1069 2637 1370 2708 ἐμπρέπων
1391 2652 1408 2670 ο
1441 2638 1537 2692 καὶ
1595 2640 1705 2710 γὰρ
1742 2639 1864 2692 οὐδὲ

262 2724 702 2794 ἐπιχειρήμασιν
753 2725 874 2778 οὐδέ
935 2725 1287 2796 ἐνθυμήμασι
1350 2727 1582 2798 συνεχής
1631 2745 1718 2792 τις
1769 2727 1865 2780 καὶ

263 2817 389 2870 λίαν
428 2815 521 2888 [64
577 2814 669 2887 R.|
705 2816 1152 2888 ἐκϐεϐιασμένος.
1203 2819 1307 2872 Τδν
1364 2819 1548 2889 μέντοι
1595 2819 1863 2874 Λυσανίου

261 2907 536 2976 Αἰσχίνην
563 2906 714 2961 ἄλλοι
746 2924 804 2961 τε
845 2907 940 2961 καὶ
958 2908 1220 2980 Φρύνιχος
1273 2908 1499 2980 μᾶλλον,
1538 2909 1598 2964 ὃν
1626 2912 1720 2963 καὶ
1748 2911 1865 2964 Σω-

265 3001 537 3071 κρατικὸν
580 2998 864 3067 καλοῦσιν,
898 3001 980 3065 είς
1007 3000 1136 3064 τοὺς
1183 3000 1437 3072 ἀρίστους
1470 3001 1734 3071 ἐγκρίνει,
1763 3017 1867 3055 κα-

1963 1825 2019 1870 et
2051 1813 2339 1880 candidus,
2375 1814 2557 1868 clarus
2593 1820 2800 1876 tamen,
2822 1819 2874 1864 et
2925 1813 2976 1864 in
3043 1811 3350 1865 orationum
3400 1825 3550 1864 com-

1961 1907 2253 1978 positione.
2334 1919 2512 1973 neque
2565 1904 2721 1958 valde
2773 1901 3060 1971 languidus
3141 1910 3200 1954 ut
3254 1899 3546 1962 Isocrates.

1961 2015 2139 2071 neque
2207 2007 2523 2053 contractus
2571 2005 2626 2051 et
2693 1995 2951 2049 astrictus
3009 2002 3069 2046 ut
3113 1991 3308 2061 Lysias
3354 2008 3369 2047 :
3429 1991 3548 2061 ipso

1960 2092 2184 2161 insuper
2229 2090 2423 2159 spiritu
2481 2104 2546 2144 ac
2580 2087 2953 2150 contentione
3004 2085 3138 2140 nihil
3187 2082 3550 2139 Demosthene

1961 2185 2213 2241 inferior.
2263 2184 2645 2239 Schematibus
2674 2191 2941 2253 praeterea
2978 2197 3101 2235 cttm
3129 2181 3543 2239 sententiarum.

1962 2285 2074 2330 tum
2103 2275 2390 2329 verborum
2425 2273 2500 2328 ila
2533 2288 2664 2328 usus
2697 2282 2803 2337 est,
2826 2286 2932 2325 uou
2968 2280 3076 2324 tam
3112 2279 3171 2324 ut
3205 2281 3346 2332 arte,
3379 2284 3544 2339 quam

1963 2382 2061 2435 pro
2095 2365 2354 2431 subjectae
2392 2365 2468 2418 rei
2500 2379 2564 2418 ac
2619 2363 2820 2434 negotii
2857 2362 3208 2424 necessitate,
3245 2359 3429 2414 dicere
3467 2359 3549 2413 vi-

1961 2460 2176 2515 deatur.
2215 2457 2582 2524 Quamobrem
2645 2466 2701 2512 et
2739 2455 2968 2524 simplex
3012 2461 3176 2521 atque
3215 2451 3548 2506 inelaborata

1961 2551 2080 2621 ejus
2122 2558 2346 2618 apparet
2380 2549 2566 2614 dictio,
2604 2561 2670 2601 ac
2699 2547 2864 2601 veluti
2904 2543 3150 2616 p0pulari
3199 2543 3458 2606 orationi,
3492 2555 3548 2597 et

1961 2638 2176 2708 privato
2231 2636 2468 2692 sermoni
2510 2635 2768 2704 maxime,
2818 2635 3167 2690 conveniens.
3231 2631 3349 2685 Non
3401 2632 3548 2686 enim

1962 2725 2048 2779 vel
2088 2724 2142 2778 in
2176 2722 2716 2787 ratiocinationibus,
2749 2721 2832 2775 vel
2863 2723 2915 2775 in
2949 2719 3374 2790 enthymematis
3411 2717 3548 2770 mul-

1967 2827 2077 2882 tus,
2111 2816 2448 2884 nimiumque
2483 2825 2730 2871 coactus.
2757 2813 3030 2868 Caeterum
3066 2810 3384 2865 [Escltiuem
3410 2808 3547 2877 (58),

1963 2905 2219 2977 Lysauia:
2308 2906 2501 2972 lilium,
2591 2920 2753 2974 quem
2833 2917 2888 2958 et
2967 2902 3307 2957 Socraticum
3379 2900 3549 2959 nomi-

1964 3007 2118 3063 nant,
2152 3013 2275 3054 cum
2311 2998 2398 3052 alii
2429 2998 2631 3066 plures,
2669 3005 2779 3050 tum
2809 2994 3153 3065 Phrynichus
3173 2993 3287 3064 (59)
3326 2991 3551 3060 potissi-

265 3093 400 3146 νόνα
462 3092 604 3162 μετά
646 3107 712 3162 γε
759 3091 889 3155 τοὺς
940 3089 1192 3164 πρώτους
1237 3092 1482 3148 Ἀττικοῦ
1536 3092 1694 3161 λόγου
1745 3093 1865 3157 τοὺς

1978 3104 2147 3153 mum,
2191 3088 2241 3142 itt
2271 3087 2491 3156 optimis
2548 3085 2880 3148 oratoribus,
2934 3095 2994 3138 ut
3047 3083 3289 3153 regulam
3334 3082 3549 3143 statuit,

266 3184 486 3238 ἐκείνου
515 3183 954 3255 ἀποφαινόμενος
974 3183 1166 3254 λόγους
1194 3183 1265 3238 ⁸³.

1016 3354 1140 3410 ΞΒ⁹.

270 3448 1015 3521 ΠραξαγόρουσἋᾱηναίου
1046 3449 1158 3517 τῆς
1182 3450 1333 3504 κατά
1359 3450 1469 3504 τὸν
1490 3450 1690 3520 Μέγαν
1716 3453 1871 3504 Κων-

588 3518 915 3573 σταντῒνον
950 3521 1215 3588 ἱστορίας
1245 3521 1458 3586 βιϐλία
1481 3521 1564 3585 β’.

345 3613 443 3685 [50
481 3611 576 3686 [1.]
616 3609 961 3682 ’Δνεγνώσθη
987 3612 1348 3684 Πραξαγόρου
1378 3614 1424 3646 ⁸³
1451 3613 1545 3668 τοῦ
1572 3614 1869 3685 Ἀθηναίου

271 3705 378 3773 τῆς
406 3703 569 3758 Κατὰ
591 3702 1664 3773 τὸνΜέγανΚωνσταντῖνονὶστορίας
1692 3704 1873 3774 βιϐλία

273 3795 393 3852 δύο.
426 3798 523 3850 Ἑν
556 3791 640 3858 οἷς
667 3795 850 3864 λόγοις
898 3795 1151 3861 διέξεισιν
1189 3796 1271 3848 ὅτι
1298 3796 1326 3848 ὁ
1375 3795 1557 3867 πατὴρ
1584 3798 1872 3850 Κωνσταν-

277 3889 430 3942 τίνου
457 3888 842 3951 Κωνστάντιος
884 3887 1180 3958 Βρετανίας
1228 3887 1547 3941 ἐϐασίλευσε
1588 3887 1656 3952 ⁸⁸,
1696 3887 1871 3954 Μαξι-

280 3983 438 4051 μῖνος
461 3980 521 4032 δὲ
552 3979 655 4050 τῆς
688 3978 911 4051 Ῥώμης
943 3980 1035 4033 καὶ
1061 3981 1160 4049 τῆς
1185 3980 1351 4050 ἄλλης
1389 3980 1617 4043 Ἰταλίας
1649 3980 1744 4034 καὶ
1784 3981 1873 4034 Σι-

279 4070 496 4134 κελίας.
523 4071 552 4124 ό
571 4071 630 4124 δέ
680 4071 867 4142 ἔτερος
892 4071 1198 4140 Μαξιμίνυς
1228 4074 1329 4142 τῆς
1359 4088 1420 4124 τε
1480 4069 1733 4132 Ἑλλάδος
1777 4073 1874 4125 καὶ

277 4163 384 4232 τῆς
423 4163 580 4216 κάτω
621 4161 808 4226 Ἀσίας
839 4163 935 4216 καὶ
992 4163 1242 4234 Θρᾴκηςο
1297 4163 1676 4234 Διοκλητιανὸς
1728 4164 1808 4228 δέ,
1845 4165 1874 4218 ὁ

276 4254 378 4306 καὶ
409 4253 522 4305 τῶν
548 4251 726 4307 ἄλλων
756 4253 1155 4324 πρεσϐύτατος,
1205 4254 1308 4324 τῆς
1331 4271 1393 4306 τε
1442 4255 1696 4318 Βιθυνίας
1734 4251 1872 4326 ἦρχε

277 4343 379 4396 καὶ
406 4343 505 4413 τῆς
543 4343 807 4414 Ἀραϐίας
834 4344 931 4398 καὶ
954 4344 1054 4415 τῆς
1078 4345 1287 4412 Λιϐύης
1313 4345 1407 4398 καὶ
1437 4345 1536 4415 τῆς
1569 4345 1871 4413 Αἰγύπτου,

1971 3180 2205 3250 ejusque
2236 3178 2516 3234 orationes
2565 3187 2685 3247 post
2739 3175 2904 3232 Attici
2960 3173 3228 3230 sermonis
3280 3172 3551 3243 principes

1970 3271 2223 3327 εοΙΙοοειι.

2687 3359 2848 3416 LXII.

2049 3455 2376 3526 Praxagorae
2406 3452 2742 3534 Atheniensis
2758 3455 2835 3575 (ei;
2867 3453 3027 3534 rebus
3054 3451 3392 3507 Constantini
3429 3450 3549 3505 Ma-

2641 3538 2729 3575 am
2779 3540 2792 3573 ι
2835 3537 2964 3575 rttt.

2641 3538 2729 3591 gm
2758 3537 2880 3575 mm
2905 3537 2964 3576 ll.

2045 3616 2194 3670 Lecti
2237 3623 2364 3670 sttnt
2399 3615 2728 3682 Praxagorae
2757 3613 3110 3667 Atheniensis
3136 3612 3210 3667 De
3229 3613 3387 3682 gestis
3413 3610 3551 3666 Con-

1971 3713 2192 3766 stantini
2232 3709 2417 3779 Magni
2445 3709 2788 3762 historiarum
2818 3707 2957 3762 libro
2989 3707 3094 3762 duo
3129 3725 3142 3761 :
3184 3707 3383 3774 quibus
3423 3721 3550 3759 nar-

1976 3813 2061 3856 rat
2086 3799 2434 3856 COIISlaIllitli
2495 3809 2707 3868 patrem
2737 3797 3120 3854 Constantium
3165 3797 3460 3851 Britannia:
3499 3807 3554 3849 ct

1976 3891 2246 3962 Hispania:
2273 3891 2384 3962 (60)
2422 3893 2759 3961 imperasse;
2792 3890 3145 3944 Maximinum
3197 3887 3382 3943 Romae
3411 3887 3549 3958 (Gl),

1973 3992 2028 4038 et
2061 3989 2271 4037 ca‘teraa
2305 3981 2491 4042 Italiae,
2522 3990 2686 4051 atque
2743 3980 2945 4035 Sicilia:
2979 3993 3204 4050 regnum
3269 3978 3506 4031 tenuisse
3536 3995 3548 4029 :

1973 4074 2204 4128 alterum
2235 4087 2365 4127 vero
2396 4071 2750 4125 Maximinum
2803 4070 3093 4132 Graeciam,
3153 4066 3568 4137 lliacedoniatu,.,

1978 4166 2358 4232 utiuorcmque
2387 4163 2604 4226 Asiam,
2628 4176 2694 4216 ac
2729 4160 3021 4214 Thraciam
3057 4172 3352 4226 occupasse
3383 4174 3396 4210 :
3427 4156 3552 4209 Dio.

1974 4254 2266 4309 cletianum
2289 4261 2494 4316 autem,
2528 4252 2620 4321 qui
2672 4258 2901 4304 caeteros
2932 4257 3090 4302 atate
3131 4246 3397 4310 anteibat,
3451 4243 3544 4297 Bi-

1978 4345 2224 4416 thyniam
2293 4343 2588 4409 habuisse;
2649 4341 2910 4395 Arabiam
2967 4341 3120 4404 item,
3178 4347 3232 4394 et
3289 4337 3552 4399 Africam,

275 4438 418 4507 ὅσην
441 4438 472 4490 ὁ
503 4435 698 4499 Νεῖλος
727 4436 1099 4506 ἐπερχόμενος
1123 4435 1299 4507 ἄρδει.
1330 4436 1434 4489 Τὸν
1462 4433 1555 4490 οὖν
1582 4439 1865 4491 Κωνσταν-

1978 4445 2141 4506 atque
2170 4434 2389 4505 Egypti
2425 4449 2641 4488 omnem
2670 4447 2821 4488 oram
2849 4446 3010 4500 quam
3054 4429 3204 4484 Nilus
3241 4428 3414 4482 alluit.
3448 4426 3550 4493 lgi-

276 4531 428 4582 τίνον
447 4530 478 4582 ὁ
506 4529 692 4599 πατὴρ
720 4527 930 4598 πέμπει
975 4526 1126 4596 παρὰ
1158 4527 1208 4561 ⁸⁸
1237 4527 1624 4598 Διοκλητιανδν
1671 4530 1753 4592 είς
1780 4530 1872 4583 Νι-

277 4619 582 4690 κομήδειαν
617 4617 1134 4688 παιδευθησόμενον.
1160 4617 1360 4688 Παρὼν
1394 4618 1472 4681 δέ,
1506 4620 1662 4690 φησι,
1695 4621 1872 4686 Mutet-

279 4711 440 4778 μῖνος
471 4708 624 4778 ὁτῆς
670 4709 824 4762 κάτω
873 4707 1057 4770 Ἀσίας
1113 4706 1412 4777 βασιλεύων
1456 4708 1538 4772 είς
1580 4707 1871 4772 ἐπιϐουλὰς

273 4799 514 4871 ὥρμησε
560 4799 657 4853 τοῦ
717 4798 862 4863 νέου,
911 4798 1008 4853 καὶ
1063 4799 1199 4870 πρὸς
1241 4799 1420 4870 μάχην
1463 4798 1638 4852 λέοντι
1687 4797 1867 4870 ἀγρίῳ

1979 4535 2065 4580 tttr
2090 4525 2510 4580 Constantinum
2546 4533 2700 4592 pater
2733 4523 2799 4576 ad
2850 4521 3249 4576 Diocletianum
3299 4517 3553 4572 Nicome-

1977 4615 2122 4670 diam
2150 4615 2509 4670 erudiendnm
2544 4612 2715 4668 misit.
2751 4610 2957 4664 Aderat
2985 4607 3269 4668 tttnbl'orte
3300 4603 3551 4658 Maximi-

1990 4721 2094 4760 nus
2117 4705 2231 4770 ille,
2262 4705 2357 4774 qui
2390 4703 2634 4759 inferiori
2665 4701 2809 4756 Asiae
2837 4699 3204 4770 imperitabat,
3239 4705 3295 4752 et
3327 4695 3552 4751 insidias

1972 4797 2306 4852 adolescenti
2353 4797 2577 4851 tendere
2603 4794 2842 4849 animum
2883 4792 3169 4856 inducens,
3204 4791 3270 4844 ad
3315 4803 3551 4860 pugnam
3602 4785 3610 4793 ’

1564 4909 1800 4965 VARUE
1834 4911 2242 4969 LECTIONES.

358 5008 409 5040 "
440 5011 733 5079 προοιμίου
761 5006 836 5069 ὡς
867 5006 1062 5079 οὐδένα
1081 5005 1884 5079 -γραψάμενοςῶφθηνμοῦτε
1917 5026 1975 5072 ς.
2054 5011 2101 5042 ⁸³
2133 5009 2414 5079 ἀποθαυμ.
2446 4986 2555 5078 τὴν
2573 5004 2768 5079 τέχνην
2797 5022 2856 5079 ς.
2931 5003 2974 5079 '_‘
3007 5005 3127 5064 ταῖς
3147 5031 3218 5079 -τ
3243 4998 3552 5079 ῥητορείαις

277 5079 384 5132 καὶ
408 5081 523 5140 τοῖς
552 5078 841 5138 ἰδιωτικοῖς
874 5077 1056 5144 λόγοις
1078 5095 1142 5142 ς.

277 5149 394 5202 22η
424 5148 697 5218 leguntur.
791 5148 839 5175 '“

279 5219 331 5251 ⁸⁸
357 5219 514 5288 παρὰ
535 5218 580 5270 Δ
607 5232 621 5268 :
647 5215 788 5284 πρός
822 5233 884 5280 ς.

442 5157 697 5220 teguntur.
742 5215 754 5220 _
791 5144 839 5175 ‘”
887 5145 1266 5218 Πραξαγόρου]
1311 5144 1665 5219 πραξαγόρου
1699 5145 1795 5200 τοῦ
1829 5144 2176 5220 πραξαγόρου
2212 5144 2273 5204 Ᾱ.

1246 5072 1300 5150 ξ’.
1331 5072 1455 5150 I505!
1483 5072 1696 5150 λόγόυς’
1715 5075 1806 5150 illi!
1831 5079 1914 5131 ὅτι
1944 5080 1994 5150 οἱ
2023 5072 2369 5150 μαργαρῖταί
2402 5108 2475 5117 -
2501 5072 2668 5129 itali)"
2687 5072 2746 5150 ἐν
2773 5077 2839 5145 τῇ
2871 5076 3068 5150 χρήσει
3094 5072 3246 5150 uouit
3270 5075 3460 5150 “tum
3493 5085 3544 5136 p.

2378 5149 2424 5181 ⁸³
2459 5145 2786 5218 Βρεττανίας
2814 5139 2948 5196 ’καὶ
3003 5143 3248 5203 Σικιλίας
3279 5139 3435 5192 ὲδπσ·
3487 5155 3548 5200 ς·

1825 5301 2034 5365 ΝΟΤᾹΕ
2044 5348 2057 5361 .

369 5398 490 5470 (55)
522 5397 782 5470 Inl'._cod.
817 5395 1074 5470 CCLXIV
1117 5405 1173 5470 et
1224 5396 1619 5470 iu__Plutarghi
1650 5395 1866 5470 Decem

283 5467 598 5525 oratoribus
628 5467 1012 5522 Leodamantis
1037 5467 1250 5522 auditor
1275 5467 1492 5522 dicitur.
1527 5467 1709 5522 Suida:
1744 5479 1871 5521 vero

288 5539 680 5593 Aleidamautis
703 5537 921 5590 Eleates.

368 5608 486 5678 (56)
511 5607 681 5678 Cujus
707 5606 1066 5678 vitanthabes
1089 5607 1230 5678 apud
1265 5605 1443 5660 Laert.
1474 5605 1567 5661 lib.
1603 5621 1660 5660 ιι.

366 5675 483 5746 (57)
510 5677 641 5730 luir.
675 5678 798 5732 cod.
830 5675 1055 5731 CLVI“.

367 5737 481 5817 (583
514 5746 676 5815 Cujus
715 5749 880 5802 vitam
907 5747 1072 5802 habes
1101 5748 1238 5818 apud
1270 5747 1452 5802 Laert.
1494 5746 1588 5802 lib.
1618 5761 1676 5802 ιι.

2048 5402 2160 5471 (59)
2196 5402 2290 5455 lul'.
2328 5403 2448 5456 cod.
2477 5398 2704 5471 (ILVlli.

2047 5462 2160 5543 (60)
2202 5472 2441 5543 Ἰϐηρίας
2502 5472 2600 5524 hoc
2652 5469 2770 5523 loco
2801 5480 2899 5537 pro
2929 5464 3177 5528 Σικελίας
3241 5462 3550 5534 legendum,

1973 5541 2215 5596 historia!
2244 5541 2484 5594 monent.

2044 5612 2156 5680 (Gl)
2189 5611 2592 5672 Maximianum,
2623 5605 2974 5663 Maximinum
3010 5612 3064 5659 et
3091 5602 3354 5659 Licinium
3381 5603 3547 5670 impp.

1967 5683 2178 5739 videtur
2207 5680 2563 5736 confundere.
