3980 6234
405 247 509 315 119

1502 241 1769 327 aeoru
1804 238 2318 301 PATRIARCH/E
2356 242 2467 301 ει).

3544 233 3655 298 120

399 378 520 418 cum
555 362 696 439 21a
755 359 872 415 fero
937 334 1099 414 leone
1141 356 1430 412 ineundam
1479 353 1809 421 composuit.
1868 352 1962 408 ille

2079 350 2358 421 ιαθίστησι
2382 350 2473 404 τὸν
2499 349 2745 404 νεανίαν’
2777 351 2805 405 ὁ
2824 349 2882 404 δὲ
2910 348 2972 403 τὸ
2994 349 3095 419 μὲν
3122 347 3311 419 θηρίον
3364 350 3650 420 κρατήσας

405 465 529 517 πίει-ο
564 452 734 507 feram
769 464 1051 519 superans.
1085 449 1304 515 occidit,
1361 450 1821 521 deprehensisque
1879 452 1967 505 iu-

400 544 576 606 sidiis,
609 548 676 605 ad
720 553 929 613 patrem
958 541 1200 612 confugit
1234 560 1248 597 :
1281 556 1389 611 quo
1428 542 1539 598 vita
1573 541 1735 599 simul
1771 551 1826 596 et
1858 543 1963 597 im-

397 639 553 707 perio
585 638 790 703 functo,
829 652 1049 715 regnum
1088 637 1231 691 tilius
1265 637 1501 708 excepit.

471 731 548 791 Eo
573 732 793 798 potitus,
830 730 1014 787 Gallos
1061 739 1115 786 et
1145 730 1467 797 Germanos,
1498 740 1687 802 gentes
1713 732 1973 787 ﬁnitimas

402 839 467 881 ac
494 825 781 890 barbaras,
832 825 885 878 in
926 832 1251 894 potestatem
1288 825 1519 893 redegit.
1567 825 1794 895 Cognita
1846 826 1977 881 dein

401 917 729 985 impotenter
762 931 827 970 ac
853 915 1136 987 tyranniee
1166 915 1404 972 subditis
1431 915 1703 985 imperare
1737 914 1973 971 Maxen-

401 1010 533 1071 tium
586 1009 712 1079 (hic
743 1019 864 1077 post
904 1006 1259 1063 Maximinum
1294 1008 1485 1064 Romae
1528 1009 1970 1079 dominabatur),

402 1098 805 1164 expeditionem
835 1099 1094 1154 adversus
1115 1112 1238 1152 eum
1275 1098 1534 1165 suscepit,
1566 1112 1756 1166 pmnas
1790 1105 1974 1168 tyran-

405 1189 549 1244 nidis
581 1188 633 1242 in
683 1189 931 1243 subditos
958 1197 1275 1243 exacturus.
1312 1186 1433 1242 Mox
1485 1187 1668 1252 prmlio
1702 1188 1970 1255 superior.

402 1280 456 1333 in
510 1279 689 1348 fugam
720 1290 1013 1351 tyranuum
1065 1279 1359 1335 convertit.
1424 1277 1519 1334 Ille
1569 1293 1699 1334 vero
1734 1279 1972 1345 fugiens,

2066 442 2265 506 ἀνεῖλε,
2287 442 2389 512 τῆς
2416 442 2473 497 δὲ
2496 440 2787 509 ἐπιϐουλῆς
2810 440 3132 509 αίσθόμενος
3155 439 3347 509 φεύγει
3377 438 3515 508 πρὸς
3559 438 3652 493 τὴν

2069 534 2299 603 πατέρα.
2330 526 2407 589 Οὔ
2438 533 2528 586 τὸν
2557 532 2671 593 βίον
2702 531 2948 595 λιπόντος
3000 532 3031 591 ό
3060 533 3192 604 παῖς
3216 531 3499 601 ἐκδέχεται
3548 529 3649 601 τὴν

2070 624 2370 695 βασιλείαν.
2814 662 2819 673 .
3082 647 3089 652 ι
3500 643 3505 646 ο

2141 717 2357 793 Ταύτης
2397 700 2454 772 δέ
2487 716 2682 780 ἐπιϐὰς
2730 715 2970 779 Κελτοὺς
3014 717 3109 770 καὶ
3147 715 3482 787 Γερμανοὺς.
3517 714 3650 784 ἐθνη

2070 809 2339 881 πρόσοικα
2380 809 2473 862 καὶ
2506 806 2756 878 βάρϐαρα
2778 848 2794 872 ,
2826 808 3255 877 κατεστρέψατο.
3274 807 3547 875 ’Λσελγῶς
3581 808 3640 861 δὲ

2070 902 2167 954 καὶ
2193 899 2405 971 βαρέως
2444 898 2554 953 τῶν
2583 896 2839 969 ὑπηκόων
2883 896 3079 968 ἄρχειν
3114 896 3416 966 Μαξέντιον
3460 895 3655 966 μαθὼν

2074 985 2251 1063 (οὗτος
2296 992 2343 1047 δ’
2403 990 2492 1063 ἄρ’
2551 984 2619 1062 ἦν
2689 988 2829 1060 μετὰ
2876 987 3186 1057 Μαξιμῖνον
3208 987 3319 1040 τῶν
3360 989 3418 1041 ἐν
3464 986 3652 1058 Ῥώμῃ

2072 1084 2350 1148 καταστὰς
2369 1082 2604 1155 κύριος),
2631 1082 2989 1152 ἐστράτευσεν
3017 1078 3104 1133 ἐπ’
3153 1079 3337 1142 αὐτὸν,
3370 1079 3526 1141 δίκας
3552 1079 3653 1147 τῆς

2074 1177 2157 1249 εἰς
2186 1156 2316 1240 τοὺς
2368 1175 2702 1245 ἀρχομένους
2732 1171 3093 1243 παρανομίας
3113 1170 3508 1243 πραττόμενος.
3539 1169 3657 1231 Καὶ

2077 1267 2225 1338 μάχῃ
2275 1267 2506 1338 νικήσας
2536 1266 2594 1328 ἐς
2621 1265 2798 1335 φυγὴν
2828 1263 3045 1335 ἔτρεψε.
3075 1264 3297 1331 Φεύγων
3336 1262 3415 1326 δὲ,
3441 1264 3508 1333 ἢν
3540 1265 3653 1328 τοῖς

400 1384 560 1439 quem
618 1369 867 1424 hostibus
917 1384 1014 1438 per
1067 1369 1248 1423 dolum
1302 1368 1579 1423 interitum
1636 1369 1974 1427 machinatus

2079 1358 2354 1428 πολεμίοις
2380 1357 2544 1421 αὐτὸς
2587 1357 2866 1419 ἀπωλείας
2897 1355 3248 1427 ἐδολορῤἀφει
3302 1355 3549 1426 μηχανὴν
3580 1356 3650 1420 ⁸⁸,

400 1444 503 1525 est,
534 1463 649 1527 ipse
686 1462 904 1528 reperit,
935 1462 986 1515 in
1019 1462 1250 1523 foveam,
1281 1475 1442 1527 quam
1502 1459 1622 1515 aliis
1668 1468 1974 1530 paraverat,

2079 1450 2279 1521 ταύτην
2324 1448 2523 1522 εὕρατο
2549 1448 2646 1507 τοῦ
2690 1447 2807 1518 βίου
2838 1447 3246 1517 καταστροφὴν,
3279 1449 3345 1518 τῇ
3389 1450 3520 1518 παρ’
3552 1449 3655 1501 αὖε-

401 1553 635 1606 delatus.
679 1551 848 1616 Hujus
878 1560 1039 1617 caput
1071 1551 1301 1605 Romani
1338 1565 1366 1603 a
1397 1564 1622 1619 corpore
1677 1560 1972 1613 resectum,

2079 1541 2170 1597 τοῦ
2200 1539 2712 1617 κατασκευασθείσῃ
2741 1538 2967 1609 διώρυγι
3019 1535 3354 1609 περιπεσών.
3383 1537 3496 1607 Τὴν
3532 1537 3657 1606 μόνᾳ

402 1640 678 1710 hastaeque
730 1641 1065 1710 impositum,
1124 1655 1223 1707 per
1283 1641 1474 1695 urbem
1535 1642 1866 1708 gestabant:
1918 1649 1974 1695 et

2079 1649 2159 1687 τοι
2181 1630 2372 1686 τούτου
2430 1629 2674 1698 κεφαλήν
2710 1643 2859 1690 τινες
2891 1626 3001 1681 τῶν
3043 1625 3330 1696 Ῥωμαίων
3352 1626 3656 1695 ἀποτεμόν-

401 1732 595 1788 victori
642 1732 1003 1789 Constantino
1058 1734 1290 1790 libentes
1327 1749 1387 1791 se
1422 1749 1486 1789 ac
1514 1733 1758 1791 volentes
1808 1735 1972 1790 etiam

2079 1738 2166 1784 τες
2209 1720 2306 1774 καὶ
2343 1720 2485 1790 ξύλῳ
2522 1720 2859 1789 ἀρτήσαντες
2890 1717 2988 1787 τὴν
3050 1715 3205 1770 πόλιν
3248 1717 3653 1788 περιεπόλευον.

404 1823 566 1894 hujus
599 1826 747 1897 regni
778 1827 968 1883 incola:
1003 1827 1349 1884 dediderunt.

2079 1812 2472 1881 Κωνσταντίνῳ
2513 1811 2571 1869 δὲ
2597 1810 2691 1865 καὶ
2730 1809 2824 1883 ἥδε
2854 1812 2887 1880 ή
2930 1807 3186 1879 βασιλεία
3222 1808 3518 1880 προθύμως
3559 1809 3656 1863 καὶ

2077 1904 2348 1975 χαίρουσα
2380 1901 2827 1974 προσεχώρησεν.
2858 1908 2861 1911 “

475 2006 675 2063 Audito
734 2022 950 2062 rursum
1005 2007 1272 2064 Licinium
1323 2026 1538 2080 quoque
1584 2013 1873 2079 crudeliter
1921 2006 1978 2071 et

405 2098 701 2154 inhumane
741 2100 853 2154 suis
880 2099 1055 2166 abuti,
1089 2102 1174 2163 cui
1213 2117 1341 2172 pars
1366 2103 1454 2157 illa
1489 2104 1705 2173 imperii
1735 2105 1975 2179 obvene-

403 2199 508 2254 rat,
540 2206 705 2261 quam
730 2191 1060 2251 Maximinus
1105 2194 1187 2263 (is
1222 2194 1315 2264 qui
1342 2194 1704 2253 Constantino
1730 2212 1826 2267 per
1859 2198 1977 2253 len-

405 2295 525 2334 nem
558 2281 783 2336 insidias
820 2286 1130 2350 struxerat)
1174 2295 1438 2348 tenuerat,
1467 2297 1810 2356 mortemque
1830 2290 1979 2345 obie-

402 2382 487 2427 rat
524 2389 537 2426 :
571 2388 676 2427 non
729 2374 907 2430 ferens
963 2375 1361 2443 intolerandam
1415 2379 1629 2437 civibus
1660 2379 1767 2433 vim
1808 2390 1976 2451 atque

405 2459 658 2525 iniuriam
689 2462 899 2530 inferri,
954 2467 1140 2533 copias
1173 2466 1298 2520 item
1331 2477 1521 2526 contra
1570 2470 1716 2526 hunc
1766 2472 1974 2541 eduxit,
2005 2514 2009 2519 .

403 2566 511 2617 quo
576 2553 918 2622 tyrannidem
984 2555 1228 2621 legitimo
1283 2568 1650 2616 commutaret
1692 2562 1975 2632 .imperio.

2162 1994 2318 2048 Ἐπεὶ
2343 1994 2400 2047 δὲ
2429 1995 2523 2053 καὶ
2548 1993 2788 2048 Λικίνιον
2818 1994 2985 2063 ὠμῶς
3008 1994 3103 2048 καὶ
3131 1992 3516 2064 ἀπανθρώπως
3543 1995 3657 2056 τοῖς

2077 2088 2341 2158 ὑπηκόοις
2383 2087 2832 2158 ἁποκεχρημένον
2875 2086 3204 2153 ἐπυνθάνετο
3248 2079 3518 2158 (οὖτοςδὲ
3553 2085 3658 2155 τῆς

2081 2184 2275 2253 μοίρας
2297 2182 2511 2254 ἐκείνης
2540 2174 2905 2243 ἐϐασίλευσεν,
2928 2176 2995 2252 ἦς
3027 2178 3375 2249 Μαξιμῖνοςδ
3402 2178 3502 2248 τὴν
3530 2178 3656 2230 ἐπι-

2079 2256 2272 2348 ϐουλὴν
2319 2274 2714 2344 Κωνσταντίνῳ
2757 2273 2846 2327 διὰ
2889 2273 2985 2326 τοῦ
3025 2271 3241 2334 λέοντος
3271 2268 3657 2342 προσενεγκὼν

2079 2369 2386 2443 ἐπεστάτει,
2427 2367 2595 2423 αὐτοῦ
2635 2368 2726 2422 τὸν
2770 2367 2885 2437 βίον
2926 2366 3235 2435 λιπόντος),
3272 2366 3371 2419 οὐκ
3416 2362 3656 2432 ἐνεγκὼν

2076 2460 2364 2530 ὁμοφύλων
2421 2459 2578 2531 ὕϐριν
2619 2461 2891 2530 ἀφόρητον
2936 2461 3258 2531 ἐστράτευεν
3311 2460 3397 2512 ἐπ’
3453 2458 3652 2523 αὐτὸν,

2077 2555 2176 2619 τῆς
2205 2553 2530 2622 τυραννίδος,
2556 2552 2717 2607 αὐτὸν
2743 2553 2823 2613 εἰς
2854 2551 2913 2604 τὸ
2946 2549 3244 2619 βασιλικῶς
3272 2550 3460 2619 ἄρχειν
3489 2566 3657 2618 μετα-

401 2638 649 2695 Licinins
683 2655 835 2708 vero,
893 2641 1169 2698 intellecta
1207 2644 1259 2701 in
1311 2659 1371 2701 se
1414 2647 1781 2719 expeditione,
1832 2662 1974 2713 metu

2081 2641 2409 2712 στησόμενος
2420 2642 2488 2696 ⁸⁷.
2506 2641 2740 2704 Λικίνιος
2763 2640 2819 2694 δὲ
2847 2639 2944 2709 τὴν
2967 2638 3057 2692 τοῦ
3089 2638 3353 2708 βασιλέως
3382 2641 3659 2708 ἐπιστρα-

404 2731 702 2799 perculsus,
791 2733 1189 2791 immanitatem
1266 2724 1443 2801 texit,
1514 2738 1974 2811 humanitatisque

2079 2732 2227 2803 τείαν
2258 2731 2505 2793 ἀκούσας
2556 2731 2649 2785 καὶ
2696 2730 2896 2795 δείσας,
2924 2728 3159 2802 ἕκρυπτέ
3190 2745 3251 2782 τε
3280 2728 3380 2799 τὴν
3395 2728 3658 2799 ὠμότητα

404 2822 640 2885 speciem
676 2822 988 2891 praeferens,
1039 2825 1393 2894 jurciurando
1430 2828 1594 2883 etiam
1630 2845 1691 2885 se
1742 2832 1974 2891 obstrin.

2079 2822 2490 2893 φιλανθρωπίας
2517 2822 2585 2853 ⁸⁷⁸
2635 2822 3006 2894 προσχήματι.
3037 2821 3130 2881 καί
3150 2822 3344 2891 ὅρκους
3372 2821 3658 2889 ,ὑπέτεινεν

405 2912 507 2973 xit,
543 2909 869 2969 clementem
902 2916 1158 2985 deinceps
1193 2918 1428 2973 subditis
1453 2919 1717 2989 futurum,
1748 2939 1974 2994 qumque

2079 2911 2284 2979 ἀγαθόν
2329 2927 2389 2964 τε
2434 2909 2626 2964 ἑαυτὸν
2663 2913 2775 2973 τοῖς
2817 2909 2922 2985 ὐπὸ
2949 2912 3108 2979 χεῖρα
3151 2908 3530 2980 παρασχέσθαι
3560 2908 3660 2963 καὶ

407 3003 610 3058 foedere
642 3003 750 3058 icto
776 3006 1133 3074 promisisset,
1172 3007 1380 3077 integre
1400 3020 1763 3067 servaturum.
1789 3013 1974 3080 Quatu-

2092 3003 2158 3068 ἃς
2190 3002 2348 3056 ἔθετο
2378 3001 2612 3064 σπονδὰς
2644 3004 2928 3071 συντηρεῖν
2974 3000 3387 3077 ἀπαραϐάτους.
3418 3000 3510 3054 Διδ
3531 3000 3658 3054 τότε

404 3095 593 3148 nhrem
657 3094 794 3151 bello
854 3105 978 3151 tunc
1003 3096 1299 3165 imperator
1330 3101 1613 3154 abstinuit.
1646 3100 1775 3155 Post
1800 3112 1974 3158 tamen

2083 3091 2182 3161 μὲν
2219 3093 2249 3145 ὁ
2284 3092 2536 3161 βασιλεὺς
2586 3092 2799 3165 ἀπέστη
2838 3090 2931 3144 τοῦ
2971 3093 3232 3161 πολεμεῖν
3263 3107 3279 3123 ·
3317 3090 3544 3161 ὕστερον
3574 3092 3657 3160 δέ,

408 3185 502 3255 (ut
535 3186 926 3253 conquiescere
965 3188 1287 3256 improbitas
1336 3189 1560 3260 nequit)
1599 3190 1783 3246 violati
1809 3193 1979 3259 juris-

399 3275 622 3341 jurandi
654 3292 831 3342 reum,
884 3287 1047 3345 atque
1103 3278 1155 3330 in
1210 3293 1372 3334 omne
1424 3278 1746 3350 flagitiorum
1807 3298 1979 3349 genus

405 3367 706 3438 delapsum,
742 3368 1053 3442 ingentibus
1100 3358 1301 3440 praeliis
1337 3385 1680 3442 oppugnans,
1719 3370 1978 3427 Nicome-

407 3459 509 3515 diae
556 3438 846 3525 inclusum,
895 3438 1130 3517 obsedit.
1168 3460 1306 3516 Hinc
1354 3438 1615 3532 supplicis
1669 3464 1853 3518 habitu
1910 3467 1975 3520 ad

407 3550 829 3609 Constantinum
884 3551 1132 3621 fugienti,
1183 3553 1498 3617 ademptum
1542 3554 1829 3623 imperium
1867 3566 1972 3621 est,

405 3647 462 3701 et
488 3640 848 3696 Constantino
883 3641 1388 3711 Magnotraditum.
1432 3641 1547 3706 Sic,
1586 3648 1818 3713 quaesito
1867 3649 1980 3717 pri-

405 3732 529 3787 dem
558 3731 720 3801 digno
767 3734 1119 3801 imperatore,
1154 3734 1256 3789 sibi
1313 3736 1528 3790 tandem
1563 3736 1653 3791 ille
1691 3737 1802 3805 jam
1836 3740 1976 3795 dicta

404 3822 635 3890 imperia
674 3822 856 3876 omnia
887 3822 1206 3876 vindicavit.
1267 3822 1514 3880 Patrium
1563 3827 1709 3881 enim
1753 3843 1977 3900 regnum

402 3913 739 3968 hereditatis
791 3914 911 3979 jure
959 3914 1113 3978 adiit,
1171 3916 1474 3972 Romanum
1532 3918 1717 3984 etiam,
1787 3935 1979 3976 everso

402 4000 696 4059 Maximino
761 4003 914 4073 (62),
971 4004 1193 4063 Graecia:
1245 4021 1461 4077 quoque
1515 4021 1579 4065 ac
1628 4009 1976 4079 Macedoniae,

401 4094 736 4163 minorisque
756 4095 920 4156 Asiae,
952 4103 1138 4161 exttto,
1176 4107 1231 4149 ut
1264 4097 1519 4162 diximus.
1543 4114 1713 4164 regno
1746 4102 1975 4159 Licinio.

402 4180 786 4239 Verumtamen
842 4192 898 4247 et
947 4182 1172 4238 alterius
1222 4186 1414 4253 partis,
1467 4188 1552 4242 cui
1610 4188 1976 4247 Diocletianus

401 4272 715 4349 praefuerat,
775 4272 1060 4340 imperium
1118 4275 1218 4329 sibi
1280 4274 1548 4344 adjunxit.
1618 4277 1750 4334 Nam
1810 4281 1973 4335 etiam

399 4363 541 4417 hanc
571 4364 721 4437 21b
767 4362 892 4418 belli
917 4364 1041 4434 jure
1069 4363 1361 4421 Maximino
1394 4368 1700 4437 ademptam
1733 4373 1969 4436 tenebat,

399 4454 489 4521 qui
522 4453 857 4509 Diocletiano
890 4466 1249 4518 successerat,
1302 4456 1564 4513 Licinius.
1626 4458 1813 4514 Victor
1872 4460 1971 4513 ita-

398 4560 524 4612 que,
551 4552 607 4599 et
641 4559 803 4598 unum
837 4559 919 4627 eg
937 4546 1188 4602 omnibus
1213 4548 1501 4616 imperium
1537 4547 1799 4613 conﬂans,
1834 4564 1960 4604 mox

398 4635 715 4705 Byzantium
756 4636 1134 4705 cognominem
1163 4636 1267 4693 sibi
1304 4637 1576 4700 civitatem
1603 4636 1749 4691 fecit.
1786 4635 1973 4691 Refert

398 4734 576 4791 autem
605 4724 964 4797 Praxagoras.
1001 4728 1215 4783 tametsi
1268 4728 1509 4797 gentium
1566 4734 1731 4782 secta:
1785 4726 1970 4781 adhae-

398 4828 543 4878 rens,
576 4815 722 4870 omni
758 4816 1015 4872 virtutum
1038 4827 1199 4887 atque
1228 4815 1529 4872 honestatis
1552 4829 1776 4886 genere,
1798 4817 1973 4871 omni-

395 4918 502 4973 que
529 4905 663 4959 adeo
689 4903 965 4972 felicitate,
993 4921 1182 4963 omnes
1202 4906 1426 4963 omnino
1454 4905 1548 4977 qui
1578 4907 1973 4965 antecesserint

398 4997 787 5066 imperatores,
849 4999 1005 5055 facile
1073 5000 1400 5056 obscurasse
1459 4998 1878 5055 Constantinum
1943 5015 1961 5056 :

396 5085 590 5154 quibus
632 5098 687 5144 et
719 5090 825 5150 duo
854 5091 1022 5160 ipsius
1050 5089 1403 5152 Historiarum
1433 5089 1553 5155 libri
1582 5092 1966 5147 terminantur.

2078 3180 2203 3234 ἐπεὶ
2231 3182 2398 3234 κακία
2434 3183 2662 3252 ἠρεμεῖν
2690 3180 2787 3250 ούχ
2814 3182 2902 3234 οἶα
2928 3170 2990 3234 τέ
3036 3182 3173 3244 ἐστι,
3205 3168 3430 3234 καὶτῶν
3477 3182 3659 3252 ὅρκων

2078 3273 2406 3343 ὴφειδηκότα
2443 3272 2538 3326 καὶ
2581 3273 2639 3334 ἐς
2677 3274 2785 3325 πᾶν
2810 3273 3110 3342 κακότητος
3156 3271 3455 3341 ἐληλακότα
3482 3290 3656 3328 κατα-

2078 3366 2393 3436 πολεμήσας
2441 3364 2642 3434 μάχαις
2689 3366 2983 3433 καρτεραῖς
3020 3363 3067 3398 "
3094 3365 3186 3418 καὶ
3215 3367 3274 3417 ὲν
3315 3366 3381 3434 τῇ
3408 3364 3660 3435 Νικομη-

2078 3458 2196 3527 δείᾳ
2262 3456 2588 3525 συγκλείσας
2647 3455 2975 3524 ἐπολιόρκει,
3034 3454 3306 3509 Κάκεῖθεν
3355 3456 3412 3507 ἐν
3477 3455 3658 3508 ἱκέτου

2079 3546 2217 3618 πρὸς
2252 3545 2473 3616 βασιλέα
2503 3543 2889 3613 καταφυγόντα
2923 3544 3167 3612 σχήματι
3198 3542 3492 3595 κατέλιπεν
3525 3541 3571 3574 ⁸⁸
3621 3542 3658 3613 ἠ

2080 3637 2348 3709 βασιλεία,
2385 3638 2481 3692 καὶ
2519 3635 2717 3703 συνέϐη
2742 3635 2834 3688 τὸν
2875 3634 3066 3702 Μέγαν
3098 3635 3524 3695 Κωνσταντῖνον,
3557 3632 3663 3701 τῆς

2082 3727 2325 3798 μεγάλης
2354 3726 2528 3797 ἀρχῆς
2552 3725 2643 3778 τὸν
2668 3724 2817 3791 ἄξιον
2833 3723 3215 3793 ἐπιζητούσης,
3242 3726 3323 3786 είς
3344 3722 3537 3777 ἑαυτὸν
3557 3723 3660 3787 τὰς

2078 3818 2376 3888 εἰρημένας
2418 3816 2688 3887 βασιλείας
2717 3814 3145 3869 ἐπισπάσασθαι·
3169 3815 3264 3885 τῆς
3296 3832 3354 3868 τε
3398 3815 3506 3883 γὰρ
3547 3831 3659 3867 πα-

2077 3909 2260 3980 τρῴας
2276 3907 2613 3978 κληρονόμος
2642 3907 2881 3974 ἐγένετο,
2913 3908 3009 3960 καὶ
3040 3908 3139 3976 τῆς
3161 3908 3449 3977 Ῥωμαίων
3481 3925 3657 3962 κατα-

2077 3997 2243 4061 λύσας
2262 3995 2584 4065 Μαξιμῖνον,
2600 3996 2851 4059 Ἑλλάδος
2899 4013 2961 4049 τε
2983 3997 3078 4050 καὶ
3095 3998 3434 4061 Μακεδονίας
3450 3996 3541 4070 [65
3559 3997 3654 4072 IL]

2077 4092 2172 4151 καὶ
2207 4090 2307 4158 τῆς
2339 4089 2491 4143 κάτω
2539 4088 2724 4153 Ἀσίας
2752 4089 3073 4160 παραλύσας
3109 4092 3211 4159 τῆς
3232 4091 3407 4161 ἀρχῆς
3432 4093 3528 4145 τὸν
3550 4095 3619 4163 ρη
3638 4122 3653 4132 -

2078 4180 2240 4233 θέντα
2272 4180 2530 4235 Λικίνιον.
2572 4180 2648 4232 Ού
2687 4181 2792 4251 μὴν
2819 4180 2956 4233 ἀλλὰ
2989 4183 3080 4234 καὶ
3108 4182 3209 4251 τῆς
3235 4182 3402 4255 ἄλλης
3425 4182 3651 4254 μοίρας,

2076 4267 2143 4341 ἦς
2174 4267 2312 4342 ἦρχε
2331 4270 2729 4342 Διοκλητιανδς,
2761 4273 2922 4337 αὐτὸς
2949 4274 2997 4307 ⁹⁰
3031 4275 3327 4344 ἀνεδήσατο
3360 4276 3442 4347 [51
3478 4274 3568 4348 11.]
3592 4277 3656 4330 τὺ

2076 4363 2277 4433 κράτος
2305 4380 2318 4393 ’
2342 4366 2371 4418 ὁ
2393 4363 2502 4432 γὰρ
2529 4365 2767 4427 Λικίνιος
2790 4364 2886 4418 καὶ
2906 4364 3112 4434 ταύτην
3135 4363 3281 4435 εἶχεν
3307 4365 3397 4435 ὑφ’
3421 4369 3613 4422 ἑαυτὸν
3632 4408 3650 4432 ,

2075 4450 2386 4522 Μαξιμίνου
2416 4454 2461 4487 ἰ
2490 4453 2735 4521 πολέμου
2771 4453 2920 4524 νόμῳ
2964 4455 3290 4523 ἀφελὼν,’ὃς
3331 4456 3652 4523 Διοκλητια-

2073 4543 2165 4596 νοῦ
2194 4544 2433 4614 διάδοχος
2462 4545 2728 4614 ἐγεγόνει.
2755 4547 3178 4618 Κρατυνάμενος
3200 4548 3246 4581 ³³
3277 4543 3370 4601 οὖν
3397 4549 3491 4601 καὶ
3519 4546 3652 4618 μίαν

2071 4636 2250 4701 δείξας
2285 4637 2384 4707 τὴν
2419 4638 2713 4708 σύμπασαν
2742 4638 3037 4709 βασιλείαν,
3067 4640 3241 4705 κτίζει
3273 4640 3336 4694 τὸ
3362 4641 3651 4705 Βυζάντιον

2075 4728 2364 4798 ἐπώνυμον
2415 4729 2613 4799 ἐαυτῷ.
2653 4731 2821 4799 Φησὶν
2870 4724 2964 4783 οὖν
2994 4731 3023 4782 ό
3065 4730 3443 4802 Πραξαγόρας,
3471 4730 3649 4785 καίτοι

2077 4817 2176 4888 τὴν
2204 4818 2502 4888 θρησκείαν
2526 4819 2723 4888 Ἕλλην
2752 4818 2846 4885 ὢν,
2878 4820 2958 4873 ὅτι
2985 4818 3132 4888 πάσῃ
3168 4820 3336 4888 ἀρετῇ
3372 4817 3466 4870 καὶ
3489 4817 3650 4871 καλο-

2076 4908 2317 4981 καγαθίᾳ
2348 4910 2444 4965 καὶ
2461 4911 2627 4965 παντὶ
2659 4910 2994 4980 εὐτυχήματι
3033 4909 3243 4970 πάντας
3267 4909 3393 4972 τοὺς
3423 4910 3526 4978 πρὸ
3552 4908 3651 4961 αύ-

2074 4999 2170 5053 τοῦ
2257 5000 2712 5071 βεϐασιλευκότας
2796 5004 2826 5054 ὁ
2909 5001 3158 5070 βασιλεὺς
3239 5002 3649 5064 Κωνσταντῖνος

2073 5091 2449 5161 ἀπεκρύψατο.
2492 5093 2580 5146 Ἐν
2615 5087 2696 5155 οἷς
2718 5091 2884 5153 αὐτού
2913 5093 3008 5148 καὶ
3045 5093 3094 5145 οἱ
3122 5092 3215 5151 δύο
3245 5090 3646 5164 συμπεραιοῦν-

2073 5198 2165 5236 ται
2188 5182 2359 5250 λόγοι.

1690 5285 1925 5345 VARUS
1967 5291 2097 5347 LEC
2106 5292 2378 5351 TIONES.

466 5376 514 5477 ξ’
549 5376 1595 5477 =25?sai;.:§1e".ixéi.iiﬁaf°¥
1620 5381 1898 5477 ποὲεμίοις
1921 5383 2271 5477 έδοὶορῤάφξξ
2296 5386 2543 5477 μηκῇνὴν
2572 5388 2669 5459 τῆς
2700 5388 2985 5477 “sietsi
3010 5404 3071 5452 ς’
3102 5385 3194 5477 ..⁸⁷

582 5444 947 5535 item???
977 5444 1069 5535 καὶ
1094 5444 1502 5535 ιέιλανθηῳπίας
1536 5467 1603 5535 ς.
1681 5451 1729 5485 ⁸⁸
1757 5444 2052 5525 κρατεραῖς
2194 5444 2264 5496 ’⁸³
2295 5444 2717 5522 isti-Rhium}.
2786 5444 3038 5535 “.at’n'bgv
3052 5456 3176 5512 add.
3224 5444 3304 5514 Ἀ.

401 5518 551 5582 μῖνον
579 5514 951 5572 Casauhouus.
1026 5515 1070 5546 "
1098 5514 1499 5585 κρατυνάμενος
1523 5519 1588 5573 Α.

3224 5384 3648 5521 autem:

1911 5583 2138 5661 Nova,

458 5677 568 5749 αἰξὶ)
601 5676 712 5733 1ιιιο
746 5691 926 5734 verius
946 5679 1233 5747 Maxentio,
1258 5682 1592 5767 cx_bistoria~.
1624 5681 1746 5751 ﬁde,
