3980 6234
454 293 556 357 123

1570 297 1798 359 ΡΗΟῙἹ
1807 300 1834 359 Ι
1870 297 2374 360 PATRIARCH/E
2411 300 2522 361 ΟΡ.

3608 295 3712 361 124

456 409 602 474 pium
634 405 932 474 rhetorem,
961 407 1206 476 aliosque
1235 407 1496 463 classicos
1519 411 1835 479 scriptores.
1881 413 2024 466 Mar-

2142 428 2182 465 :e
2219 413 2262 464 Π
2272 411 2508 482 ροκοπίῳ
2555 409 2633 481 τῷ
2678 410 2868 482 ῥήτορι
2893 409 2987 462 καὶ
3020 409 3199 474 ἀλλοις
3226 411 3250 442 ²
3281 408 3578 479 ἀξιολόγοις
3601 452 3618 477 ,
3646 408 3714 464 τὸ

342 526 348 532 -
450 497 652 564 garidtn
685 506 769 552 est
791 499 930 568 apud
964 499 1352 570 Praxagoram,
1408 498 1648 553 ionicum
1673 502 2018 570 scriptorem,

451 587 589 642 libro
613 591 850 644 secundo
875 589 1235 644 Historiarum
1258 591 1320 644 de
1336 584 1438 644 vita
1463 589 1800 645 Constantini
1817 591 2021 662 Magni,

449 687 506 731 et
539 677 676 733 alios
710 680 837 734 item
859 690 1131 735 auctores.
1153 680 1464 750 Margaritae
1488 695 1619 737 vero
1643 683 1897 752 frequens
1917 693 2023 750 est,

451 779 509 823 et
531 784 560 822 a
590 769 774 824 multis
804 781 1143 839 usurpatum.
1183 789 1202 823 ι

523 857 730 916 Dehinc
764 869 885 930 post
919 861 1157 916 Perozen
1191 862 1460 927 Cabades,
1494 863 1752 918 minimus
1786 875 1915 918 natu
1958 866 2026 918 ii-

452 950 580 1014 lius,
641 965 865 1018 regnum
925 951 1160 1021 excepit.
1203 951 1252 1006 is
1301 953 1620 1008 violatarum
1672 955 1848 1025 legum
1903 971 2028 1012 reus

345 1092 347 1094 .
452 1039 649 1106 factus,
684 1041 737 1094 in
778 1043 1100 1108 custodiam,
1149 1044 1234 1098 cui
1281 1042 1482 1099 Lethes
1520 1061 1738 1109 nomen,
1778 1048 1846 1100 ab
1892 1048 2027 1117 ipsis

456 1128 638 1183 Persis
675 1129 892 1197 missus,
938 1132 1124 1186 uxoris
1168 1134 1385 1187 tandem
1429 1134 1616 1188 fraude
1655 1135 1914 1203 dilapsus,
1959 1138 2027 1192 ad

457 1217 758 1276 Euthalitas
797 1222 1090 1290 confugit:
1124 1239 1354 1294 quorum
1389 1239 1511 1280 cum
1559 1226 1829 1295 ingentem
1862 1229 2028 1283 colle-

455 1310 622 1380 gisset
666 1313 990 1379 exercitum,
1039 1328 1198 1383 quem
1239 1315 1292 1367 in
1343 1313 1541 1371 Persas
1581 1318 1754 1381 duxit,
1798 1333 2025 1388 regnum

456 1400 575 1454 sine
608 1415 783 1472 pugna
836 1405 1176 1473 recuperavit
1205 1423 1219 1459 :
1254 1413 1309 1460 et
1347 1406 1539 1461 Blasen
1569 1407 1756 1461 Perozi
1803 1409 2025 1463 fratrem

449 1490 560 1556 jam
588 1503 697 1546 tum
719 1508 816 1562 pro
836 1508 893 1548 se
920 1506 1257 1564 regnantem,
1286 1497 1561 1551 desertum
1581 1514 1609 1551 a
1638 1500 1751 1553 suis
1781 1511 2027 1568 captum-

454 1597 581 1651 que,
615 1583 738 1637 oleo
773 1585 1002 1639 ferventi
1038 1586 1089 1640 in
1113 1586 1303 1640 oculos
1333 1588 1500 1642 misso
1534 1589 1640 1657 (sic
1670 1591 1814 1644 enim
1841 1589 2026 1647 Persis

454 1671 702 1728 solemne
745 1676 852 1738 est)
885 1677 1206 1732 excmcavit.
1269 1679 1399 1744 Quae
1457 1680 1682 1750 insuper
1735 1681 2024 1736 Pacurium

457 1763 600 1819 inter
645 1766 932 1822 Persarum
1000 1785 1180 1841 regem
1246 1781 1301 1827 et
1345 1772 1589 1828 Arsacen
1646 1774 2028 1831 Armeniorum

455 1858 821 1927 contigerunt.
850 1861 1024 1929 deque
1064 1877 1342 1931 magorum
1368 1865 1603 1919 consilio
1631 1863 1862 1921 Pacurio
1895 1882 2030 1922 con-

459 1960 539 2003 tra
559 1951 798 2007 Arsacen
830 1954 977 2019 dato,
1015 1955 1118 2010 nisi
1151 1953 1397 2011 fabulosa
1443 1957 1558 2012 baac
1610 1965 1760 2026 sunt,
1809 1961 2035 2029 scripsit

456 2051 672 2097 auctor.

528 2127 670 2184 idem
701 2132 790 2186 ille
836 2131 1084 2189 Cabades
1112 2135 1405 2191 Eutltalitis
1433 2137 1634 2207 ingenti
1686 2153 1796 2194 aere
1833 2140 2035 2195 obstri-

457 2234 599 2291 ctus,
627 2225 696 2278 ab
725 2226 1020 2281 Anastasio
1066 2227 1260 2297 imper.
1295 2230 1579 2296 pecuniam
1653 2240 1898 2285 mutuam
1939 2245 2036 2300 po—

458 2313 705 2371 stulavit.
737 2316 910 2382 Quam
955 2315 1045 2370 ubi
1087 2332 1192 2371 non
1241 2317 1574 2386 impetravit,
1623 2318 1766 2373 nulla
1808 2318 1911 2374 alia
1966 2322 2032 2376 de

458 2420 625 2460 causa
659 2409 937 2477 repentina
968 2409 1283 2465 incursione
1304 2411 1498 2465 bonam
1519 2409 1794 2466 Armenia:
1819 2423 2031 2481 partem

455 2499 716 2565 vastavit,
739 2499 1099 2571 Amidamque
1125 2502 1364 2557 obsedit.
1401 2503 1538 2556 Dum
1571 2517 1701 2558 vero
1721 2503 1790 2557 ab
1821 2519 1909 2568 ea,
1941 2520 2037 2574 po-

457 2590 657 2644 liundaz
687 2605 782 2660 spe
810 2592 1032 2658 amissa,
1065 2593 1294 2656 recedit,
1317 2591 1521 2648 fmdum
1557 2594 2034 2648 meretricularum

457 2683 826 2750 spectaculum
863 2683 1121 2737 iterandae
1173 2683 1476 2739 obsidionis
1521 2699 1740 2739 causam
1787 2685 2032 2755 praebuit.

458 2771 542 2825 lra
573 2771 736 2841 igitur
763 2785 830 2827 ac
866 2771 1052 2828 furore
1087 2773 1325 2841 percitds
1356 2774 1600 2830 Cabades
1648 2777 1702 2830 in
1749 2778 2036 2834 obsidione

461 2862 803 2932 perdurans,
853 2865 1043 2918 urbem
1095 2865 1148 2918 vi
1193 2876 1503 2935 expugnat,
1554 2867 1812 2937 civesque
1849 2883 2037 2925 servos

459 2969 582 3010 esse
615 2954 790 3026 jubet.
827 2955 1022 3012 Posma
1054 2965 1233 3011 tamen
1265 2956 1550 3027 plerosque
1585 2960 1830 3029 captivos
1867 2961 2036 3031 gratis

2122 501 2178 554 δὲ
2207 503 2536 571 μαργαρίδαι
2566 501 2719 570 παρά
2765 518 2825 554 τε
2867 501 3198 574 Πραξαγόρᾳ
3242 503 3505 566 ίωνίξοντι
3536 504 3594 556 ἐν
3639 505 3714 573 τῇ

2124 592 2262 658 Περὶ
2284 594 2397 645 νύν
2414 591 2617 660 Μέγαν
2633 591 3092 646 Κωνσταντῖνον
3112 591 3591 663 δευτέρᾳΊστορίᾳ,
3616 595 3716 646 καὶ

2124 683 2255 752 παρ’
2298 680 2498 744 ἄλλοις.
2529 683 2593 734 0i
2634 681 2693 734 δὲ
2734 683 3068 752 μαργαρῖται
3099 681 3327 751 σύνηθες
3349 682 3444 736 καὶ
3484 681 3619 735 πολὺ
3653 683 3715 734 ὲν

2125 775 2190 843 τῇ
2227 772 2442 842 χρήσει.
2481 791 2501 824 ι

2198 861 2333 918 Εἶτα
2369 864 2509 934 μετὰ
2552 864 2799 934 Περόζην
2840 865 2870 916 ὁ
2898 863 3164 926 νεώτατος
3197 862 3292 935 ῖ52
3322 862 3413 935 IL]
3446 865 3559 928 υίὸς
3590 866 3716 918 Κα-

2128 953 2294 1024 ϐἀδης
2335 953 2410 1016 ὡς
2437 952 2802 1018 ἐϐασίλευσεν,
2845 954 2991 1016 ὅπως
3017 970 3077 1005 τε
3113 955 3133 985 ³
3177 953 3508 1023 παρανομῶν
3543 955 3621 1017 είς
3651 954 3717 1006 τὸ

2125 1043 2226 1112 τῆς
2279 1042 2467 1112 Λήθης
2525 1042 2785 1113 φρούριον
2837 1042 2929 1094 ὑπ’
2976 1041 3155 1095 αὐτῶν
3194 1042 3420 1112 Περσῶν
3469 1042 3713 1114 ἐνετέθη,

2128 1134 2276 1196 ὅπως
2302 1151 2362 1186 τε
2386 1132 2565 1186 λαϐὼν
2587 1134 2674 1186 διὰ
2703 1133 2806 1202 τῆς
2839 1133 3098 1200 γυναικὸς
3123 1136 3202 1198 εἰς
3232 1135 3361 1198 τοὺς
3388 1135 3714 1203 Ἐφθαλίτας

2128 1219 2359 1289 ἀπέδρα,
2391 1219 2486 1273 καὶ
2513 1219 2660 1284 ὅπως
2689 1222 2871 1274 ἐκεῖσε
2899 1221 3170 1293 κηδεύσας
3191 1263 3206 1286 ,
3239 1223 3459 1294 στρατῷ
3485 1223 3714 1294 μεγάλῳ

2140 1311 2477 1379 Ἐφθαλιτῶν
2504 1313 2597 1364 ἐπὶ
2631 1312 2847 1380 Πέρσας
2884 1311 3103 1379 ἐλάσας,
3136 1314 3382 1385 ἀμαχητὶ
3409 1316 3512 1384 τὴν
3537 1315 3714 1386 ἀρχὴν

2126 1401 2482 1473 ἀνεκτήσατο,
2512 1403 2608 1456 καὶ
2656 1404 2854 1456 Βλάσιν
2882 1403 2904 1434 δ
2932 1403 3026 1457 τὸν
3062 1406 3302 1475 Περόζου
3332 1406 3559 1475 ἀδελφὸν
3595 1408 3711 1460 ἀντ’

2127 1495 2295 1549 αὑτοῦ
2325 1495 2721 1564 βασιλεύσαντα
2749 1495 2956 1567 ἔρημον
3001 1495 3184 1549 λαϐὼν
3211 1497 3318 1549 τῶν
3351 1497 3712 1568 ἀμυνομένων

2127 1586 2485 1653 έξετύφλωσε,
2506 1587 2625 1650 ζέον
2643 1586 2821 1640 ἔλαιον
2837 1590 2948 1649 τοῖς
2964 1586 3262 1658 ὀφθαλμοῖς
3272 1590 3640 1659 ὴνεῳγμένοις
3653 1589 3712 1624 ⁸*

2132 1679 2400 1748 ὲπεγχέας
2419 1695 2434 1709 °
2462 1680 2651 1750 τρόπῳ
2672 1679 2779 1749 γὰρ
2806 1679 2941 1749 τῷδε
2967 1679 3173 1749 Πέρσαι
3197 1680 3510 1748 τυφλοῦσιν.
3532 1682 3616 1734 Τά
3650 1699 3710 1734 τε

2135 1772 2263 1840 περὶ
2291 1770 2596 1841 Πακουρίου
2626 1770 2719 1824 τοῦ
2757 1770 2981 1841 Περσῶν
3014 1770 3278 1839 βασιλέως
3301 1772 3396 1824 καὶ
3440 1773 3710 1842 Ἀρσάκου

2146 1863 2443 1933 ’Δρμενίων
2511 1863 2612 1931 τῆς
2669 1880 2729 1916 τε
2770 1862 2880 1916 τῶν
2931 1862 3198 1915 ὲπαοιδῶν
3237 1863 3521 1933 ὑποθήκης
3565 1865 3711 1918 κατά

2145 1952 2415 2024 Ἀρσάκου
2453 1953 2537 2023 τῷ
2576 1954 2863 2025 Πακουρίῳ
2907 1956 3305 2025 γεγενημένης,
3327 1957 3374 2008 εἰ
3408 1955 3482 2026 μὴ
3543 1954 3712 2025 μῦθος

2133 2044 2308 2098 ταῦτα
2350 2044 2621 2100 συνέθετο.

2210 2134 2333 2187 Ὀτι
2359 2133 2618 2204 Καϐάδης
2641 2137 2669 2188 ό
2707 2134 3106 2206 προειρημένος
3151 2134 3330 2202 ὀφλων
3363 2132 3714 2200 Ἐφθαλίταις

2134 2228 2390 2297 χρήματα
2405 2228 2754 2281 Ἀναστάσιον
2795 2226 3016 2296 βασιλέα
3039 2226 3218 2297 ⁴ᾐτεῖτό
3248 2228 3295 2279 οί
3326 2226 3586 2289 δανεῖσαι,
3617 2224 3712 2276 τοῦ

2133 2318 2190 2371 δὲ
2229 2318 2302 2388 μὴ
2339 2319 2518 2382 δόντος
2544 2318 2670 2372 ἀνευ
2713 2319 2877 2390 ἄλλης
2925 2319 3103 2380 αἰτίας
3144 2317 3340 2387 ἀθρόον
3385 2316 3558 2369 πολλά
3598 2317 3712 2385 τῆς

2149 2408 2440 2478 Ἀρμενίας
2485 2409 2794 2479 κατέδραμε
2819 2410 2914 2462 καὶ
2948 2407 3171 2477 ’Δμίδαν
3213 2407 3539 2476 ἐπολιόρκει,
3571 2407 3712 2458 ἀπο-

2139 2498 2308 2570 ρήσας
2334 2498 2390 2552 δὲ
2424 2497 2712 2570 ἀνεχώρει,
2735 2497 3104 2570 ἀναχωροῦντι
3131 2498 3188 2551 δὲ
3220 2499 3252 2569 ἡ
3288 2497 3397 2550 τῶν
3426 2497 3712 2567 ἑταιρίδων

2137 2590 2411 2659 γυναικῶν
2451 2590 3010 2661 αίσχροπραγμοσύνη
3055 2590 3203 2643 αἰτία
3224 2573 3325 2659 τῆξ
3360 2588 3713 2660 ὑποστροφῆς

2135 2682 2394 2750 κατέστη,
2429 2682 2524 2734 καὶ
2557 2680 2925 2751 πολιορκήσας
2965 2681 3122 2750 θυμῷ
3169 2681 3266 2733 καὶ
3293 2681 3428 2751 ὀργῇ
3457 2681 3714 2750 Καϐάδης

2133 2773 2235 2842 τήν
2257 2788 2316 2824 τε
2340 2771 2492 2824 πόλιν
2535 2771 2676 2824 κατά
2698 2771 2898 2842 κράτος
2937 2769 3061 2840 έσχε
3087 2769 3182 2824 καὶ
3215 2771 3342 2833 τοὺς
3366 2771 3424 2823 έν
3452 2772 3588 2840 αὐτῇ
3621 2771 3716 2839 ὴν-

2135 2862 2517 2933 δραποδίσατο.
2549 2863 2816 2933 ’Υστερον
2850 2861 2908 2914 δὲ
2939 2861 3168 2924 πολλοὺς
3199 2861 3307 2914 τῶν
3347 2861 3715 2932 αἰχμαλώτων

2136 2953 2316 3022 ἀφῆκε
2351 2954 2552 3025 προῖκα
2575 2990 2589 3016 ,
2617 2951 2711 3017 οὓς
2749 2953 2842 3006 καί
2885 2953 3236 3018 Ἀναστάσιος
3278 2956 3336 3019 ἐς
3378 2956 3448 3008 τά
3478 2955 3714 3024 μάλιστα

459 3049 680 3103 domum
717 3049 954 3113 remisit.
988 3064 1127 3116 quos
1158 3058 1215 3105 et
1233 3048 1562 3106 Anastasius
1586 3051 1736 3108 omni
1758 3060 1843 3108 est
1872 3052 2033 3109 bene-

2142 3045 2467 3117 ὲιριλοφρονή
2476 3061 2625 3100 σατο.

459 3137 712 3192 νοιοηιὶεε
743 3152 944 3208 genere
971 3138 1308 3209 complexus.

530 3228 761 3299 Cognito
809 3243 940 3284 vero
967 3229 1218 3285 Amidam
1267 3231 1528 3298 obsideri,
1562 3233 1810 3304 ingentes
1845 3234 2036 3291 admo-

461 3318 588 3372 dum
613 3319 874 3375 adversus
897 3318 1093 3375 Persas
1117 3321 1436 3377 Anastasius
1464 3324 1570 3394 22
1593 3325 1621 3377 b
1651 3325 1838 3395 c0pias
1860 3326 2031 3394 misit,

461 3409 664 3466 creatis
690 3410 918 3466 ducibus
950 3411 1262 3468 Areobindo
1313 3414 1557 3470 Orientis
1602 3417 1760 3482 duce,
1788 3419 1878 3489 qui
1910 3417 2038 3492 Oly-

463 3498 591 3565 brit‘,
618 3498 735 3566 ejus
759 3499 854 3568 qui
882 3499 1042 3568 paulo
1072 3509 1200 3556 ante
1227 3502 1278 3556 in
1318 3501 1614 3559 Occidente
1643 3504 2031 3576 imperaverat,

464 3603 630 3660 gener
656 3601 776 3646 erat
809 3590 1035 3646 :Celere
1066 3591 1193 3646 item
1229 3593 1512 3662 magistro,
1555 3592 1798 3652 Patricio
1822 3613 2039 3668 quoque

464 3679 697 3750 Phryge,
731 3690 787 3735 et
831 3680 1061 3752 Hypatio
1093 3694 1324 3752 cognato
1375 3685 1643 3753 patruele.
1694 3687 1775 3742 Ad
1804 3699 2040 3758 quatuor

466 3779 645 3824 autem
689 3769 854 3826 hosce
903 3773 1069 3828 duces
1115 3783 1468 3830 accesserunt
1513 3785 1568 3831 et
1605 3775 1886 3844 Justinus,
1945 3783 2036 3849 qni

464 3860 738 3915 Anastasii
785 3861 1068 3930 imperium
1109 3864 1345 3933 excepit,
1392 3865 1597 3935 aliique
1638 3867 1857 3937 plurimi
1898 3872 2039 3927 bello

466 3961 787 4018 praestantes
813 3953 938 4008 viri.
965 3953 1277 4009 Exercitum
1315 3962 1528 4011 tantum
1561 3973 1840 4029 nunquam
1863 3975 1890 4014 a
1920 3961 2035 4017 Ro-

465 4042 644 4094 manis
687 4039 977 4121 in'Persas
1018 4043 1245 4098 missum
1299 4043 1503 4102 ferunt.
1540 4048 1610 4102 At
1655 4048 1784 4103 dum
1829 4063 2039 4106 moram

465 4136 771 4188 cunctando
815 4143 1062 4204 nectunt,
1095 4147 1250 4207 capta
1279 4138 1475 4194 civitas
1503 4149 1612 4205 est,
1646 4154 1823 4210 neque
1864 4141 2028 4198 simul

465 4238 654 4278 omnes
694 4239 820 4280 cum
868 4225 1108 4295 Cabade,
1139 4239 1395 4286 conserta
1427 4245 1610 4298 manu,
1636 4232 2037 4302 conﬂixerunt;

464 4315 561 4369 sed
609 4317 837 4371 seorsim
878 4317 1078 4389 singuli
1124 4322 1356 4391 turpiter
1395 4321 1550 4384 victi,
1607 4324 1794 4378 multis
1820 4339 2038 4379 suorum

2209 3223 2330 3278 Ὅτι
2369 3219 2829 3293 πολιορκουμένην
2858 3222 3082 3291 Ἀμίδαν
3125 3223 3313 3292 μαθὼν
3365 3223 3717 3290 Ἀναστάσιος

2138 3313 2545 3386 στρατεύματος
2592 3312 2797 3383 πλῆθος
2850 3313 2969 3367 λίαν
3016 3313 3158 3366 κατά
3203 3314 3428 3382 Περσῶν
3480 3315 3716 3380 ἔστειλε,

2138 3406 2474 3477 στρατηγοὺς
2521 3405 2821 3475 ἐπιστήσας
2889 3404 3223 3476 Ἀρεόϐινδόν
3290 3421 3351 3457 τε
3397 3406 3490 3458 τὸν
3539 3405 3718 3476 Ἑῴας

2137 3495 2461 3567 στρατηγὸν,
2504 3495 2564 3556 ὃς
2590 3489 2659 3564 ἦν
2713 3494 2995 3564 Ὀλυϐρίου
3024 3496 3044 3526 ⁵
3097 3494 3363 3566 κηδεστὴς
3402 3495 3494 3548 τοῦ
3531 3497 3718 3568 μικρῷ

2137 3584 2372 3658 πρόσθεν
2400 3583 2501 3652 τῆς
2541 3583 2812 3654 Ἐσπέρας
2841 3583 3275 3653 βασιλεύσαντος,
3300 3585 3512 3656 Κέλερα
3532 3604 3591 3639 τε
3623 3589 3718 3640 τὸν

2141 3678 2462 3748 μάγιστρον,
2493 3675 2786 3746 Πατρίκιόν
2815 3693 2876 3729 τε
2915 3677 3007 3730 τὸν
3057 3676 3274 3748 Φρύγα,
3313 3678 3410 3731 καὶ
3456 3678 3717 3733 Ὑπάτιον

2136 3771 2230 3824 τὸν
2268 3770 2468 3822 οἰκεῖον
2490 3767 2822 3834 ἀδελφιδοῦν.
2844 3761 3004 3822 Οὗτοι
3025 3769 3124 3838 μὲν
3149 3765 3246 3823 οὖν
3271 3771 3568 3841 στρατηγοὶ
3590 3771 3716 3824 τέσ-

2141 3876 2327 3930 σαρες,
2377 3858 2545 3928 συνῆν
2569 3858 2627 3912 δὲ
2662 3859 2846 3922 αὐτοῖς
2883 3861 2978 3913 καὶ
3012 3861 3294 3924 Ἰουστῖνος
3323 3864 3351 3914 ὁ
3377 3862 3515 3932 μετὰ
3559 3862 3719 3916 Ἀναν

2145 3950 2362 4006 στάσιον
2397 3948 2721 4020 βασιλεύσας
2755 3951 2798 4012 ⁸,
2833 3949 2984 4004 ἄλλοι
3017 3967 3076 4003 τε
3103 3951 3287 4007 πολλοὶ
3311 3955 3405 4006 καὶ
3427 3953 3619 4020 ἀγαθοὶ
3649 3954 3720 4007 τὰ

2142 4040 2379 4110 πολέμια
2401 4055 2416 4070 ⁸
2451 4039 2769 4109 στράτευμα
2802 4040 2911 4110 γὰρ
2932 4039 3177 4094 τοιοῦτον
3215 4039 3410 4095 οῡποτε
3441 4043 3534 4095 ἐπὶ
3571 4041 3718 4112 Πέρ-

2142 4149 2242 4194 σας
2275 4130 2566 4199 Ῥωμαίοις
2611 4131 2743 4198 φασὶ
2772 4129 3050 4200 ξυστῆναι,
3093 4132 3209 4185 ἀλλ’
3237 4133 3649 4204 ὑστερησάντων
3680 4137 3715 4206 ή

2140 4224 2294 4287 πόλις
2351 4221 2515 4284 ἑάλω,
2571 4223 2666 4275 καὶ
2709 4222 2806 4292 οὐχ
2857 4221 2974 4292 ἅμα
3021 4223 3245 4294 Καϐάδῃ
3285 4225 3717 4295 πολεμήσαντες,

2139 4315 2276 4369 ἀλλά
2298 4313 2468 4385 χωρὶς
2497 4313 2748 4376 ἔκαστοι,
2788 4311 3005 4376 ἀκλεῶς
3049 4313 3460 4384 ἀπηλλάγησαν,
3491 4314 3721 4378 πολλοὺς

467 4407 808 4475 desideratis,
843 4410 1236 4467 discesserunt.
1266 4410 1511 4467 Tandem
1544 4419 1749 4478 tamen,
1780 4414 1958 4469 ductis
1971 4415 2033 4468 ad

2142 4406 2250 4458 τῶν
2299 4404 2516 4458 οἰκείων
2575 4403 2960 4466 ἀποϐαλόντες.
2989 4404 3356 4475 ’Υστερον-δὲ
3394 4406 3451 4468 ὲς
3493 4406 3721 4474 Ἀμίδαν

462 4497 711 4553 Amidam
746 4501 940 4571 copiis,
977 4501 1166 4556 urbem
1192 4502 1505 4568 cinxerunt,
1537 4503 1738 4571 diuque
1766 4503 2039 4560 haerentes

464 4586 718 4656 Romani,
746 4590 945 4670 Persas,
970 4593 1230 4660 inclusos,
1262 4601 1318 4649 et
1357 4607 1539 4648 rerum
1577 4593 1758 4661 in0pia
1785 4593 2041 4648 laboran-

466 4692 568 4748 tes,
593 4684 659 4738 ad
681 4695 886 4754 septem
918 4701 1184 4740 annorum
1211 4685 1462 4740 inducias
1495 4684 1898 4752 compulerunt,
1943 4699 2042 4740 au-

464 4774 707 4831 ctoribus
727 4775 915 4832 Celere
949 4774 1195 4832 Romano
1219 4786 1275 4832 et
1299 4775 1584 4846 Aspevede
1613 4775 1800 4830 Persa.

534 4950 744 5005 Taurus
791 4951 1016 5007 Cilicum
1043 4970 1195 5010 mons
1223 4969 1318 5022 per
1349 4955 1704 5023 Cappadocas
1755 4955 1986 5023 primum
2016 4973 2033 5023 ;

463 5048 519 5092 et
546 5041 834 5096 Armenios
862 5056 981 5097 sese
1005 5045 1270 5110 extendit,
1301 5059 1367 5100 ac
1405 5055 1631 5110 terram,
1659 5059 1797 5115 quos
1821 5055 2035 5110 vocant,

465 5127 1010 5197 Persarmeniorum;
1066 5133 1263 5188 dehinc
1301 5150 1398 5202 per
1432 5135 1674 5192 Albanos
1722 5136 2036 5206 porrigitur,

467 5225 522 5270 et
543 5215 744 5283 Iberos,
769 5229 826 5274 et
851 5235 1197 5292 quascunque
1225 5225 1358 5280 alias
1381 5227 1462 5280 sui
1497 5227 1640 5294 juris
1673 5237 1882 5296 gentes,
1918 5242 2038 5297 qua:

470 5307 652 5366 Persis
675 5310 820 5366 dicto
847 5313 1146 5383 audientes,
1171 5316 1239 5373 iis
1269 5317 1321 5374 in
1339 5318 1470 5374 locis
1503 5319 1772 5375 habitant.
1804 5319 2036 5374 Praeter-

2145 4495 2464 4566 ἀφικόμενοι
2492 4494 2845 4565 ἐπολιόρκουν
2871 4495 2969 4564 τὴν
2998 4495 3150 4550 πόλιν
3177 4512 3193 4527 ·
3227 4495 3720 4566 χρονοτριϐούντων

2144 4589 2222 4652 δὲ,
2249 4588 2298 4640 οί
2327 4587 2477 4651 ἐντὸς
2496 4586 2722 4657 Πέρσαι,
2741 4587 2839 4657 ἥδη
2864 4587 2920 4640 δὲ
2947 4587 3042 4641 καὶ
3065 4587 3447 4658 ἀπορούμενοι,
3470 4587 3526 4650 ἐς
3559 4605 3724 4639 σπον-

2145 4679 2240 4744 δάς
2271 4678 2563 4748 Ῥωμαίοις
2593 4678 2766 4732 ἐτεσιν
2798 4678 2938 4731 έπτά
2972 4678 3276 4748 συνέϐησαν
3301 4721 3317 4745 ,
3345 4678 3582 4749 Κέλερος
3619 4681 3722 4749 μὲν

2147 4769 2289 4841 ὑπὲρ
2327 4769 2634 4839 Ῥωμαίων,
2677 4769 2997 4822 Ἀσπευέδου
3035 4768 3094 4822 δὲ
3133 4770 3257 4822 ἀντὶ
3295 4770 3522 4841 Περσῶν
3545 4772 3718 4837 αύτάς

2147 4861 2550 4931 ποιησαμένων.

2215 4951 2338 5004 Ὀτι
2378 4949 2442 5003 τὸ
2472 4948 2709 5003 Κιλίκων
2742 4949 2763 4979 ⁷
2788 4947 2912 5018 όρος
2952 4949 2981 5000 ό
3007 4947 3219 5017 Ταῦρος
3261 4949 3482 5020 ἀμείϐει
3528 4949 3628 5020 μὲν
3652 4952 3722 5005 τά

2144 5043 2337 5114 πρῶτα
2355 5039 2752 5101 Καππαδόκας,
2777 5040 2869 5092 καὶ
2884 5038 3205 5109 ’Δρμενίους
3229 5039 3324 5092 καὶ
3339 5039 3452 5124 τῶν
3474 5041 3721 5111 Περσαρ-

2148 5132 2347 5202 μενίων
2389 5129 2489 5200 τὴν
2529 5129 2655 5198 γῆν,
2680 5124 2801 5182 εἶτα
2838 5128 3157 5193 Ἀλϐανοὺς,
3209 5130 3305 5183 καὶ
3330 5128 3575 5199 Ἴϐηρας,
3626 5136 3721 5184 καὶ

2143 5224 2244 5277 ὅσα
2263 5221 2398 5276 ἀλλα
2426 5221 2698 5289 αὐτόνομα
2729 5218 2856 5290 ἔθνη
2885 5221 2982 5274 καὶ
3010 5219 3247 5290 Πέρσαις
3275 5223 3520 5291 κατήκοα
3546 5221 3719 5294 ταύτῃ

2143 5310 2750 5385 ῷκηνται.’Υπερϐάντι
2777 5311 2835 5365 δὲ
2873 5312 3000 5375 τοὺς
3045 5311 3269 5384 Ἰϐήρων
3298 5313 3320 5345 ⁸
3363 5312 3523 5384 ὄρους
3551 5313 3722 5384 ἀτρα-

1806 5503 2034 5561 VARIIE
2072 5499 2361 5558 LECTION
2368 5499 2470 5554 ES.

540 5637 560 5668 ¹
585 5647 702 5709 post
722 5638 899 5694 ἄλλοις
934 5655 1054 5694 cum
1096 5641 1138 5693 Α
1169 5641 1324 5697 omisi
1349 5658 1428 5694 τε.
1505 5643 1524 5672 ³
1557 5659 1615 5694 τε
1649 5643 1726 5694 A:
1761 5642 1816 5696 δὲ
1840 5658 1898 5706 ς.
1980 5641 1997 5671 ’⁸
2020 5640 2222 5708 βλάσην
2254 5656 2315 5701 ς.
2391 5634 2431 5667 θ’
2473 5636 2841 5709 ἀνεῳγμένοις
2862 5653 2924 5704 ς.

475 5706 652 5771 σιλεὺς
678 5725 738 5776 ς.
815 5711 834 5744 ⁷
857 5709 1080 5775 Κίλικος
1097 5712 1159 5766 Α.
1237 5716 1258 5744 ⁵
1291 5711 1534 5783 Ἰϐἡρους
1570 5713 1631 5765 A.

3030 5639 3051 5671 ⁵
3082 5633 3409 5706 Ὀλυμϐρίου
3431 5653 3489 5702 ς.
3569 5639 3589 5669 ⁸
3621 5635 3717 5708 βα-
