3980 6234
491 208 589 277 131
1611 203 1870 264 ΡΠΟΤΙΙ
1912 203 2090 264 PATF

2195 200 2418 261 BCI-I/E
2463 199 2572 260 CP.
3657 187 3762 253 132

491 321 608 376 lata
649 333 738 374 res
770 327 875 385 est,
905 318 1174 389 quiesque
1207 318 1353 374 data.
1385 315 1630 372 Cabades
1665 324 1867 379 tamen,
1900 315 2080 368 Zamte

2194 313 2288 365 :th
2343 313 2720 382 μετασχόντων
2752 309 2798 341 ⁸⁸
2847 308 2944 379 τῆς
2977 306 3172 378 βουλῆς
3203 306 3410 362 ἀνελὼν
3436 304 3535 378 τὴν
3566 307 3761 358 στάσιν

495 409 661 472 ﬁlius,
683 408 974 463 admodum
1002 408 1347 470 adolescens,
1404 405 1689 476 prudentia
1727 403 2071 474 Chanarangi

2194 407 2417 459 ἔπαυσε.
2476 403 2732 472 Καϐάδης
2788 401 2844 454 δὲ
2874 402 2903 454 6
2934 401 3193 470 Ζάμου⁵³,
3249 400 3441 472 κομιδῇ
3503 399 3623 462 νέος
3660 398 3760 463 ὢν,

495 499 1133 571 Adergi-Dubantaa(74)
1183 499 1382 553 caedem
1429 496 1638 566 effugit,
1692 511 1799 568 quo
1859 496 2075 551 nomine

2194 497 2404 566 προνοίᾳ
2459 494 2822 564 Χαναράγγου
2883 491 2978 544 τοῦ
2995 491 3248 561 Ἀδέργου
3279 489 3582 544 Δουϐάνδου
3611 488 3660 520 ⁵⁸
3681 488 3763 541 διο

501 593 595 647 hic
641 603 827 662 postea
868 606 897 643 a
941 590 1185 644 Chosroe
1229 597 1313 642 est
1359 587 1699 644 interfectus.
1766 585 2075 643 Iustiniano

2194 589 2361 658 ἔφυγε
2401 587 2494 640 τὸν
2559 588 2821 640 θάνατον·
2880 586 2974 640 καὶ
3031 585 3060 638 6
3113 583 3483 653 Χαναράγγης
3533 580 3762 649 ὕστερον

499 697 715 752 quoque
744 684 934 750 imper.
988 681 1137 750 plebs
1206 679 1393 734 Romre
1434 680 1660 734 insidias
1711 678 2072 747 comparavit,

501 783 689 828 creato
758 775 1084 842 imperatore
1145 771 1386 843 (tametsi
1443 772 1785 840 repugnaret)
1844 768 2077 840 llypatio

505 865 779 919 Anastasii
812 865 952 932 ejus,
994 863 1421 932 quiimperarat,
1466 862 1730 931 patruele,
1771 872 1895 916 nata
1928 861 2076 916 sedi-

506 955 674 1018 tione,
709 963 940 1021 ortoque
967 953 1201 1006 tumultu
1229 967 1259 1006 e
1290 953 1644 1007 contentione
1690 952 1936 1006 ludorum
1966 949 2080 1006 cir-

504 1047 746 1100 censium
772 1043 907 1113 (75).
964 1043 1145 1098 Caesar
1187 1044 1370 1112 itaque
1407 1041 1767 1108 Justinianus,
1809 1041 2072 1097 Belisario

504 1147 559 1192 ct
587 1137 784 1192 Mundo
813 1135 1040 1190 ducibus
1071 1135 1535 1205 usus,llypatium
1581 1134 1800 1200 occidit,
1851 1133 2077 1188 multos-

509 1243 614 1297 que
675 1226 1071 1294 coniurationis
1118 1226 1282 1295 hujus
1331 1226 1511 1281 socios
1536 1226 1778 1292 sustulit,
1830 1226 1989 1296 plane
2023 1233 2083 1280 ut

514 1319 715 1373 civium
749 1327 875 1372 tunc
893 1317 957 1371 ad
981 1318 1201 1387 triginta
1232 1317 1398 1370 millia
1428 1317 1801 1372 occubueriut.
1840 1317 2082 1386 Impera-

510 1412 610 1466 tori
637 1411 912 1480 suppetias
937 1409 1238 1464 alferebant
1262 1405 1570 1476 Boraidcs,‘
1598 1419 1654 1464 et
1687 1409 1876 1465 Justus
1914 1409 2084 1464 Justi-

508 1503 656 1558 niaui
699 1502 887 1556 fratris
921 1500 1087 1557 ﬁlius.

580 1680 637 1734 In
683 1695 746 1734 eo
785 1681 900 1749 ipso
950 1680 1092 1733 libro
1124 1688 1310 1733 narrat
1362 1680 1431 1733 de
1480 1678 1840 1745 Triboniano,
1902 1679 1996 1749 qui
2054 1693 2084 1734 e
2116 1689 2160 1744 Β

511 1769 824 1840 Pamphylia
851 1783 1022 1837 genus
1042 1768 1222 1833 duxit,
1275 1777 1330 1821 et
1353 1769 1638 1837 quaestoris
1667 1784 1864 1824 munus
1926 1769 2082 1834 obiit,

511 1860 688 1929 deque
735 1860 963 1913 avaritia
1016 1859 1280 1928 ejusdem,
1350 1874 1416 1914 ac
1472 1859 1948 1928 blandiloquentia.
2010 1858 2088 1914 De

511 1950 723 2006 Joanne
745 1951 871 2004 item
893 1951 1271 2021 Cappadocum
1300 1950 1560 2019 praefecto
1620 1951 1893 2019 praetorio,
1938 1951 2088 2022 ejus-

512 2058 620 2111 que
657 2042 816 2110 .vitiis
865 2041 1133 2110 plurimis.
1205 2040 1275 2097 Ut
1331 2042 1602 2097 Antonina
1657 2043 1906 2099 Belisarii
1955 2059 2088 2099 con-

509 2131 606 2202 jux
625 2146 720 2200 per
742 2131 1096 2200 Euphemiam
1127 2133 1292 2187 filiam
1320 2133 1438 2202 ejus
1469 2133 1662 2189 callide
1696 2133 1962 2189 Joannem
1984 2136 2093 2189 cir-

515 2223 871 2288 cumvenerit,
929 2233 984 2277 et
1015 2225 1241 2279 insidias
1269 2225 1585 2294 imperatori
1633 2236 1847 2281 struere
1885 2226 2091 2296 patefe-

515 2313 655 2367 cerit
689 2323 894 2381 :utque
935 2313 1176 2381 demum,
1209 2314 1443 2370 Eusebio
1482 2316 1664 2388 Cyzici
1719 2318 1977 2388 episcOpo
2022 2334 2087 2372 ex

517 2404 732 2458 insidiis
771 2405 974 2470 occiso,
1015 2405 1165 2475 impii
1196 2407 1416 2462 sceleris
1445 2424 1671 2464 consors
1693 2411 1929 2472 habitus,
1971 2426 2092 2466 cor-

516 2497 1050 2565 porequaestionibus
1071 2500 1335 2565 crueiato,
1366 2500 1723 2558 inclementer
1761 2504 1975 2558 tandem
2027 2519 2092 2560 ac

518 2600 706 2641 severe
731 2587 1076 2658 proscriptus
1108 2590 1202 2644 sit.

591 2849 758 2904 Libro
799 2852 1038 2906 secundo
1089 2850 1285 2907 Rerum
1338 2851 1682 2910 Persicorum
1736 2857 1838 2912 ista
1902 2857 2087 2940 refert.

2178 680 2267 734 διὰ
2325 677 2540 732 τοῦτο⁸⁵
2572 678 2675 730 ὑπὸ
2707 676 2949 747 Χοσρόου
2979 675 3272 746 ἀνῄρηται.
3319 669 3761 725 Ἰουστινιανδνκ

2179 769 2237 823 δέ
2263 770 2291 822 6
2325 770 2494 839 δῆμος
2531 767 2899 821 ἐπιϐουλεύων
2950 765 3214 818 ’Υπάτιον
3246 764 3469 825 ἄκοντα,
3489 762 3583 814 τὸν
3613 761 3769 814 Ἀνα-

2183 859 2404 912 στασίου
2458 858 2554 910 τοῦ
2617 856 3066 928 βεϐασιλευκότος
3131 854 3470 923 ἀδελφιδοῦν,
3533 853 3766 922 βασιλέα

2183 949 2333 1017 σφῶν
2369 948 2743 1017 ἀνηγόρευσαν
2757 948 2823 1009 ⁵⁷,
2851 945 3277 1018 ἀρξάμενοι’τῆς
3337 944 3634 1013 ἐπιϐουλῆς
3666 943 3770 996 καὶ

2179 1040 2280 1109 τῆς
2336 1040 2579 1102 στάσεως
2611 1039 2719 1092 ἀπὸ
2760 1039 2858 1108 τῆς
2895 1040 2953 1091 ἐν
2982 1040 3096 1100 τοῖς
3137 1036 3518 1108 ίπποδρομίοις
3551 1035 3729 1106 ἔριδος
3751 1049 3767 1064 '

2185 1129 2438 1198 βασιλεὺς
2463 1128 2521 1180 δὲ
2547 1126 2955 1192 ’1ουστινιανδς,
2986 1125 3289 1196 Βελισαρίῳ
3309 1142 3370 1178 τε
3402 1125 3496 1178 καὶ
3535 1123 3774 1193 Μούνδῳ

2181 1223 2296 1283 τοῖς
2335 1221 2662 1292 στρατηγοῖς
2689 1217 2991 1289 χρώμενος,
3023 1218 3116 1271 τόν
3142 1234 3202 1270 τε
3242 1216 3504 1269 ’Υπάτιον
3546 1211 3772 1268 κᾶθεῖλε

2183 1313 2278 1366 καὶ
2331 1312 2561 1374 πολλοὺς
2600 1311 2707 1362 τῶν
2760 1309 3076 1363 στασιωτῶν
3125 1309 3358 1372 ἀνεῖλεν,
3399 1308 3527 1379 ἄχρι
3580 1309 3676 1361 καὶ
3713 1310 3776 1372 ἐς

2182 1407 2333 1476 τρεῖς
2365 1404 2632 1477 μυριάδας
2660 1403 2752 1456 τοῦ
2783 1403 3167 1471 ἀναιρεθέντος
3192 1399 3323 1454 λαοῦ
3360 1399 3774 1464 συντελοῦντος.

2186 1497 2565 1566 Συνέπραττον
2595 1495 2653 1548 δέ
2683 1493 2760 1565 τῷ
2790 1493 3003 1565 βασιλεῖ
3045 1492 3309 1564 Βοραῖδης
3327 1492 3374 1523 ⁸⁸
3397 1492 3492 1545 καὶ
3514 1491 3774 1557 Ἰοῦστος,

2185 1588 2235 1642 οί
2260 1586 2427 1642 αὐτοῦ
2456 1585 2690 1656 ἀνεψιοί.

2269 1679 2358 1732 Ἐν
2387 1675 2538 1746 αὐτῷ
2555 1677 2612 1729 δὲ
2640 1676 2720 1746 τῷ
2749 1674 2893 1747 λόγῳ
2954 1674 3083 1746 περὶ
3128 1673 3504 1746 Τρεϐωνιανοῦ
3565 1673 3662 1727 τοῦ
3697 1675 3770 1726 ἐκ

2187 1770 2515 1842 Παμφυλίας
2573 1769 2827 1832 ἕλκοντος
2886 1768 2949 1820 τὸ
3008 1769 3166 1836 γένος
3209 1766 3503 1831 διέξεισιν,
3558 1766 3619 1829 ὃς
3672 1766 3780 1836 τὴν

2187 1861 2510 1933 κυαίστορος
2527 1863 2572 1894 ⁵⁸
2598 1860 2808 1914 διεῖπεν
2865 1859 3060 1930 ἀρχὴν,
3132 1859 3262 1929 περί
3290 1875 3351 1911 τε
3370 1857 3472 1926 τῆς
3513 1857 3784 1928 φιλοχρη-

2190 1951 2394 2022 ματίας
2441 1951 2536 2004 καὶ
2563 1952 2666 2020 τῆς
2695 1949 2860 2018 ἄλλης
2911 1949 3189 2020 αἱμυλίας,
3230 1949 3483 2020 καὶπερὶ
3524 1947 3782 2001 Ἰωάννου

2187 2041 2283 2096 τοῦ
2302 2042 2546 2114 ἐπάρχου
2577 2041 2672 2095 τοῦ
2703 2041 2769 2094 ἐκ
2789 2041 3195 2107 Καππαδοκῶν,
3227 2042 3327 2111 τῆς
3344 2057 3404 2093 τε
3431 2039 3785 2109 πανουργίας

2189 2134 2285 2188 καὶ
2311 2133 2616 2204 ἀπληστίας
2641 2133 2738 2187 καὶ
2783 2133 2955 2204 μέθης
2989 2135 3082 2186 καὶ
3113 2133 3212 2204 τῆς
3236 2132 3403 2203 ἄλλης
3435 2133 3779 2202 κακότητος·

2188 2225 2338 2286 ὅπως
2371 2242 2430 2276 τε
2469 2225 2764 2277 Ἀντωνῖνα
2786 2226 2820 2293 ἡ
2853 2222 2947 2275 τοῦ
2978 2221 3296 2292 Βελισαρίου
3323 2221 3465 2294 γυνὴ
3486 2221 3556 2273 δι’
3583 2221 3782 2291 Εὐφη-

2194 2315 2324 2384 μίας
2355 2315 2454 2385 τῆς
2489 2315 2653 2368 αὑτοῦ
2690 2313 2962 2382 θυγατρὸς
3001 2315 3472 2384 φρεναπατήσασα
3513 2313 3784 2383 Ἰωάννην

2192 2405 2286 2477 [56
2317 2404 2405 2477 IL]
2429 2405 2713 2458 ἐπίϐουλον
2740 2400 2907 2470 ἔδειξε
2937 2404 3225 2476 βασιλέως,
3247 2407 3397 2468 ὅπως
3419 2421 3482 2458 τε
3514 2402 3777 2476 ὕστερον,

2191 2489 2454 2550 Εὐσεϐίου
2475 2496 2569 2548 τοῦ
2604 2495 2902 2548 ἐπισκόπου
2943 2495 3180 2559 Κυζίκου
3202 2495 3258 2561 ἐξ
3282 2496 3579 2567 ἐπιϐουλῆς
3616 2498 3786 2551 άναι-

2196 2589 2460 2660 ρεθέντος,
2487 2588 2752 2657 συνεργὸς
2778 2588 3101 2656 ὑπονοηθεὶς
3128 2588 3224 2642 τοῦ
3249 2590 3557 2659 μιάσματος
3572 2588 3784 2661 ᾐκίσθη

2191 2680 2254 2732 τὸ
2283 2679 2444 2746 σῶμα
2490 2680 2583 2732 καὶ
2616 2677 2890 2742 ἀκλεῶς⁶θ
2929 2679 3115 2752 ἐξορίᾳ
3150 2681 3325 2751 πικρᾷ
3360 2681 3454 2734 καὶ
3489 2681 3789 2752 τελευταίᾳ

2193 2771 2491 2842 παρεδόθη.

2270 2863 2393 2916 Ὀτι
2421 2865 2479 2916 ἐν
2510 2861 2588 2933 τῷ
2613 2861 2852 2932 δευτέρῳ
2880 2863 3023 2934 λόγῳ
3054 2862 3307 2930 διέξεισιν
3357 2864 3507 2928 ὅπως
3545 2883 3606 2919 τε
3675 2867 3791 2920 Χο-

521 2940 798 2994 Chosroen
837 2942 1036 2996 invidia
1063 2943 1419 3009 stimulatum,
1446 2949 1586 3016 quod
1605 2946 1801 3002 Africa!
1833 2948 2090 3003 ditionem

2197 2955 2365 3026 σρόην
2393 2953 2702 3024 μελετῶντα
2743 2952 2903 3006 λῦσαι
2933 2953 3032 3017 τὰς
3064 2954 3292 3018 σπονδὰς
3347 2955 3434 3008 διὰ
3464 2956 3564 3028 τὴν
3610 2958 3723 3011 τῶν
3740 2959 3789 2991 ⁸⁸

522 3033 753 3088 Romani
808 3043 1074 3097 tenerent,
1124 3037 1383 3105 pacisque
1423 3049 1706 3108 propterea
1745 3041 1948 3094 foedera
1984 3043 2090 3095 sol-

2205 3025 2492 3118 Ῥωμαίων
2543 3047 2685 3101 κατὰ
2735 3046 2941 3118 Λιϐύην
2958 3048 3003 3078 θ’
3028 3048 3388 3117 ἐπικράτειαν
3424 3025 3636 3120 (φθόνῳ
3665 3052 3786 3123 γὰρ

522 3137 650 3177 vere
674 3133 974 3193 parantem,
1011 3127 1235 3194 Vitiges,
1293 3126 1616 3184 Gotthorutn
1655 3145 1769 3197 rex,
1810 3147 1904 3200 per
1927 3131 2093 3200 Ligu-

523 3229 614 3269 res
645 3220 910 3283 quosdam
939 3214 1167 3284 legatos,
1191 3217 1314 3270 dein
1345 3227 1400 3270 et
1431 3233 1526 3286 per
1562 3218 1826 3273 Basacum
1853 3221 2094 3276 collocu-

524 3314 632 3367 tus,
678 3305 852 3374 magis
876 3303 1252 3360 inﬂammavit.
1288 3305 1547 3373 Quocum
1575 3310 1702 3362 item
1737 3319 1978 3379 tempore
2000 3311 2095 3364 Ar-

523 3395 687 3450 menii
717 3412 747 3449 a
788 3394 1048 3450 Romanis
1066 3396 1412 3462 defecissent,
1451 3398 1588 3452 Sitta
1617 3401 1757 3454 duce
1806 3404 2094 3471 pugnando

523 3488 870 3557 interempto,
910 3487 1204 3556 Persisque
1262 3504 1324 3544 se
1373 3492 1772 3559 permisissent,
1835 3506 2093 3564 perpetua

522 3580 638 3642 illa,
684 3589 980 3645 utvocant,
1031 3582 1178 3663 pacis
1238 3579 1446 3637 foedera
1502 3597 1755 3652 rumpere
1802 3584 2092 3649 Chosroes,

520 3672 830 3740 bellumque
894 3687 1086 3742 gerere
1148 3676 1390 3728 animum
1443 3675 1676 3731 induxit.
1751 3675 2094 3734 Justinianus

522 3763 850 3830 imperator,
885 3777 944 3816 re
1001 3764 1244 3830 cognita,
1299 3765 1647 3819 Anastasium
1703 3765 1935 3836 legatum
1995 3771 2097 3824 mi-

519 3855 591 3907 sit
632 3855 904 3906 hortatum
967 3868 1035 3907 ne
1099 3867 1285 3922 pacem
1333 3853 1590 3908 solveret.
1631 3855 1830 3910 Eadem
1893 3870 2095 3930 tempe-

519 3956 659 4000 state
696 3954 751 4000 et
798 3943 1004 4016 Vitiges
1031 3961 1061 3998 a
1103 3944 1368 3999 Belisario
1423 3957 1642 4016 captus,
1713 3949 2095 4008 Constantino-

521 4039 686 4107 polim
712 4048 794 4093 est
817 4039 1036 4093 missus.
1055 4038 1333 4093 Chosroes
1353 4038 1703 4095 nihilominus
1723 4041 2092 4101 Romanorum

524 4132 662 4183 lines
695 4130 956 4186 invadens
987 4131 1250 4186 Surorum
1273 4139 1529 4209 oppidum
1567 4141 1734 4206 cepit,
1756 4138 2094 4210 Surinosque

519 4219 574 4271 in
605 4219 920 4274 servitutem
954 4223 1199 4280 abduxit.
1231 4225 1383 4296 25a
1423 4227 1529 4281 Sed
1570 4229 1784 4282 tandem
1841 4229 2090 4282 undecim

2194 3139 2472 3206 ἐϐάλλετο)
2523 3140 2830 3209 Οὺῖτιγις⁶³
2879 3140 2909 3191 6
2955 3139 3063 3192 τῶν
3109 3140 3320 3195 Γότθων
3375 3141 3634 3211 βασιλεὺς
3693 3145 3791 3200 διά

2194 3247 2354 3284 τινων
2367 3231 2533 3300 Λιγού
2542 3248 2650 3302 ρων
2673 3229 3196 3301 κοινολογησάμενος
3220 3232 3421 3302 μᾶλλον
3443 3233 3786 3307 ἐπώτρυνεν·

2195 3321 2315 3378 εἶτα
2352 3324 2445 3378 καὶ
2475 3324 2760 3378 Βασσάκου
2778 3326 2823 3357 ⁸⁸
2852 3324 2970 3395 ἃμα
2999 3325 3108 3378 τῶν
3153 3313 3460 3398 Ἀρμενίων
3491 3331 3781 3386 ἀποστάν-

2193 3433 2304 3469 των
2361 3416 2460 3484 μέν
2477 3418 2522 3449 ⁶⁸
2561 3415 2850 3486 Ῥωμαίων
2884 3418 2980 3470 καὶ
3032 3418 3226 3472 Σίτταν
3253 3420 3347 3473 τὸν
3379 3424 3695 3492 στρατηγὸν
3725 3427 3789 3478 ἐν

2199 3509 2348 3579 μάχῃ
2418 3509 2749 3574 ἀνελόντων,
2827 3509 3064 3579 Πέρσαις
3125 3511 3184 3563 δὲ
3241 3516 3788 3584 προσχωρησάντων,

2194 3599 2294 3660 τὰς
2342 3598 2681 3669 ἀπεράντους
2729 3599 2966 3661 σπονδὰς
2985 3601 3032 3632 ⁶⁶
3059 3601 3404 3672 καλουμένας
3433 3604 3604 3668 λύσας
3673 3608 3791 3660 Χο-

2197 3691 2370 3760 σρόης
2383 3692 2638 3761 πολεμεῖν
2655 3691 2815 3761 ἔγνω,
2852 3690 2943 3763 [76
2969 3690 3064 3764 R.]
3097 3694 3476 3760 Ἰουστινιανδς
3497 3698 3552 3751 δέ
3588 3699 3789 3769 μαθὼν

2195 3783 2518 3852 παραίνεσιν
2546 3784 2694 3855 αὐτῷ
2720 3784 2786 3836 δι’
2823 3784 3184 3838 Ἀναστασίου
3207 3789 3455 3857 προσῆγε
3482 3789 3559 3860 μὴ
3593 3809 3786 3862 παρα·-

2198 3873 2466 3927 σπονδεῖν.
2512 3874 2600 3926 Ἐν
2619 3873 2791 3944 τούτῳ
2838 3874 2933 3926 καὶ
2963 3875 3212 3942 Οὑῖτιγις
3234 3879 3587 3948 αἰχμάλωτος
3622 3887 3787 3954 παρὰ

2195 3963 2509 4035 Βελισαρίου
2555 3966 2634 4028 είς
2694 3964 2984 4028 Βυζάντιον
3025 3967 3372 4040 ἀνεπέμφθη.
3411 3972 3667 4044 Χοσρόης
3721 3978 3784 4031 δέ

2193 4054 2262 4107 τὰ
2279 4054 2564 4124 Ῥωμαίων
2617 4055 2743 4125 ὅρια
2794 4053 3161 4124 καταδραμὼν
3224 4059 3325 4129 τὴν
3394 4061 3616 4134 Σούρων
3681 4066 3785 4118 πό-

2195 4143 2280 4196 λιν
2313 4141 2426 4198 εἷλε
2453 4144 2861 4216 καὶΣούρηνας
2879 4147 2924 4179 ⁸⁷
2979 4148 3436 4218 ἠνδραποδίσατο.
3508 4153 3792 4223 ’Ύστερον

2201 4235 2386 4306 μέντοι
2447 4237 2526 4298 είς
2572 4236 2862 4306 δισχιλίους
2915 4237 2960 4270 ⁸⁸
3000 4239 3095 4292 καὶ
3153 4241 3380 4311 μυρίους
3442 4242 3606 4307 ὄντας
3655 4249 3792 4311 τοὺς

518 4311 857 4377 captivorum
893 4314 1060 4368 millia
1086 4316 1336 4370 ducentis
1377 4318 1557 4372 aureis
1580 4327 1916 4387 permutans,
1957 4318 2090 4373 libe-

2200 4327 2584 4398 αἰχμαλώτους
2635 4327 2781 4380 δυοῖν
2822 4328 3084 4399 ὁμολογίᾳ
3151 4333 3522 4403 κεντηναρίων
3565 4336 3789 4408 ἀφῆκεν

520 4414 612 4454 ros
670 4415 861 4454 omnes
886 4403 1114 4470 dimisit,
1161 4404 1407 4462 Candido
1467 4408 1801 4477 Sergiopolis
1839 4408 2090 4477 episcopo

2201 4419 2466 4481 ἅπαντας,
2528 4417 2792 4472 Κανδίδου
2843 4419 2936 4471 τοῦ
2991 4421 3289 4475 ἐπισκόπου
3334 4403 3790 4494 Σεργιουπόλ-εως

517 4490 806 4557 pecuniam
841 4489 1082 4559 pollicito
1115 4510 1129 4546 :
1162 4494 1256 4561 qui
1285 4510 1405 4550 cum
1453 4499 1735 4567 promissis
1771 4513 1873 4552 non
1903 4507 2095 4566 staret,

517 4578 584 4632 ad
648 4578 851 4648 justam
924 4581 1338 4638 dissolutionem
1397 4589 1623 4644 adactus
1673 4598 1774 4643 est.
1825 4589 2093 4646 Chosroes

517 4671 641 4724 dein
666 4671 991 4742 Hierapolim
1052 4673 1303 4732 obsidere
1357 4689 1618 4747 creperat,
1681 4695 1803 4733 cum
1863 4681 1938 4734 illi
1991 4681 2093 4736 Be-

518 4765 688 4817 rhcea:
724 4765 1010 4835 episcopus
1040 4767 1149 4837 (cui
1184 4770 1378 4841 Magno
1412 4775 1632 4843 nomen)
1657 4772 1835 4840 pondo
1882 4775 2091 4844 argenti

520 4852 627 4905 duo
662 4853 828 4908 millia
863 4859 1134 4925 promisit.
1195 4861 1369 4918 Solvit
1403 4863 1583 4932 itaque
1601 4863 1938 4918 obsidionem
1972 4879 2088 4930 rex,

2201 4508 2413 4561 ἐκτῖσαι
2440 4506 2501 4559 τὸ
2527 4507 2686 4577 χρέος
2727 4508 3103 4580 ὑποσχομένου
3137 4511 3182 4543 θ’
3202 4529 3216 4542 ο
3247 4514 3276 4565 6
3312 4513 3369 4566 δέ
3397 4515 3500 4584 τῆς
3542 4517 3790 4590 ὑπσχέυ

2203 4615 2340 4662 σεως
2390 4598 2666 4670 ἀλογήσας
2713 4600 2813 4671 τὴν
2837 4601 3049 4656 δικαίαν
3114 4605 3505 4675 εἰσεπράττετο
3543 4609 3785 4666 ἔκτισιν.

2199 4689 2446 4758 Χοσρόης
2467 4689 2523 4743 δέ
2541 4689 2954 4761 τὴνἸεράπολιν
2977 4692 3287 4763 πολιορκεῖν
3306 4695 3443 4765 άρξά
3452 4714 3637 4766 μενος,
3661 4701 3791 4754 ἐπεὶ

2196 4778 2225 4830 6
2263 4779 2492 4849 Βεροίας
2521 4781 2568 4812 '°
2595 4781 2746 4852 αὐτῷ
2777 4782 3074 4847 ἐπίσκοπος
3099 4785 3342 4856 ἀργύρου
3373 4787 3590 4858 σταθμά
3610 4790 3792 4862 δισχί-

2198 4869 2288 4923 λια
2317 4870 2492 4940 ἔθετο,
2513 4873 2726 4944 ἀπέστη
2772 4872 2871 4944 τῆς
2916 4875 3254 4947 πολιορκίας,
3301 4877 3654 4951 ὁμολογήσας
3690 4884 3788 4936 καὶ

1787 5015 2015 5073 νΑιιιλΕ
2055 5019 2462 5080 LECTIONES.

593 5106 640 5180 ξ’
679 5111 786 5170 τοῖς
816 5111 1147 5180 μετασχοῦσι
1182 5128 1240 5174 ς.
1351 5110 1398 5141 ⁸⁸
1426 5109 1612 5180 Ζαμοῦ
1642 5111 1706 5163 Α,

520 5177 580 5249 '_"_
597 5177 963 5249 ἀνηγόρευσεν
995 5177 1062 5244 ξ’.
1161 5181 1208 5212 ⁵⁸
1241 5177 1600 5249 Βαραῖδηςς.

519 5247 664 5300 ϐύων
691 5247 781 5302 Α(
870 5251 915 5281 ⁸³
942 5251 969 5301 6
1020 5250 1283 5316 ’Υίττιγις
1324 5247 1383 5311 ς.

519 5318 564 5348 ⁸⁷
593 5318 766 5390 Σύρον
790 5347 860 5360 --
887 5321 1146 5391 Συρίνους
1187 5336 1246 5381 ς.

1818 5113 1865 5144 ⁸⁸
1895 5114 2192 5169 Δουνάντου
2232 5135 2294 5181 ς.

1705 5185 1752 5215 ⁵⁸
1772 5183 1881 5256 τὴν
1905 5183 2000 5236 τοῦ
2026 5187 2379 5256 κοιαίστωρος
2400 5206 2459 5252 ς’.

1553 5251 1802 5306 Βασάκου
1827 5249 1944 5323 ίδτε
1980 5256 2095 5323 ἅμα
2123 5274 2181 5320 ς.

1336 5319 1383 5349 ⁸⁸
1424 5318 1624 5387 χιλίους
1659 5338 1719 5384 ς.
1798 5322 1842 5353 ⁸⁵
1864 5318 2270 5394 ὑποσχουμένου
2306 5318 2372 5391 ς.’
2426 5318 2480 5360 τί
2497 5318 2760 5398 Βερῤοίας
2789 5318 2848 5392 ςξ

2392 5119 2436 5151 ⁵⁸
2467 5118 2755 5192 διάκτοῦτο
2811 5119 3037 5192 ὓστερον
3067 5141 3124 5186 ς.

2566 5190 2611 5220 ⁸⁸
2633 5189 2873 5260 ἀνηλεῶς
2915 5189 2976 5255 δέ.

2287 5255 2330 5288 ⁸⁵
2361 5255 2480 5328 μὲν]
2514 5259 2613 5326 μὲν
2672 5255 2781 5318 τῶν
2828 5277 2887 5323 ς.

3221 5125 3268 5156 ⁸⁸
3314 5123 3686 5197 Ἰουστινιανῷ
3717 5148 3781 5195 ς,

3076 5193 3118 5224 ⁶¹
3151 5193 3258 5245 τῶν
3287 5196 3408 5247 add.
3443 5198 3505 5249 Α.
3607 5193 3663 5229 ⁸³-
3685 5193 3787 5254 At-

2988 5261 3032 5292 “
3057 5262 3398 5334 καλουμένας
3443 5267 3680 5332 σπονδὰς
3715 5288 3780 5335 ς.

2024 5437 2255 5496 NOTAE.

589 5522 702 5594 (74)
736 5542 756 5594 ς
788 5525 933 5594 Adeo
957 5519 1294 5594 Quatlttliadi,
1332 5539 1350 5594 ι
1383 5530 1463 5575 est
1482 5522 1554 5594 fin
1586 5522 1849 5594 Procopio
1870 5528 2083 5584 Latino.

588 5588 699 5660 (75}
731 5593 968 5661 Populus
1001 5588 1196 5656 ubique
1221 5590 1450 5645 factione
1480 5592 1678 5649 Veneta
1712 5588 1776 5651 et'
1804 5598 2030 5653 Prasina
2062 5600 2267 5654 divisus
2297 5609 2433 5654 erat.
2473 5595 2844 5668 (Paocomus.)
