3980 6234
284 238 388 301 133

1428 235 1957 299 BIBLIOTHECA.
1993 260 2062 272 ’-
2105 235 2269 296 COD.
2313 234 2532 295 LXIII.

3458 229 3559 294 134

284 350 472 418 πάσης
523 346 835 416 ἀποστῆναι
867 346 968 415 τῆς
1027 345 1218 416 Ἐᾠας,
1256 344 1307 398 εἰ
1339 344 1471 398 δέκα
1519 345 1724 416 χρυσοῦ
1771 364 1891 398 κεν-

2002 344 2272 415 pollicitus
2325 345 2512 398 adha-c
2555 342 2701 396 omni
2755 341 2891 394 adeo
2930 338 3168 395 Orientis
3200 338 3567 394 Romanorum

284 440 522 509 τηνάρια
579 438 757 492 λάϐοι.
816 437 1029 508 Βούζης
1053 438 1107 490 δὲ
1138 440 1166 489 ὁ
1200 438 1297 507 τῆς
1338 436 1514 506 Ἐῲας
1546 439 1877 506 στρατηγὸς,

287 530 587 600 ἀξιόμαχον
619 530 814 582 ἑαυτὸν
846 528 948 581 οὐκ
985 527 1234 597 οἰόμενος
1273 526 1350 598 τῷ
1377 529 1619 599 Χοσρόῃ,
1649 525 1749 581 ὧδε
1774 529 1879 579 κά-

288 624 440 676 κείσε
474 620 907 691 περιεπλανᾶτο.
958 619 1209 689 Χοσρόης
1248 618 1305 671 δὲ
1330 617 1423 671 ἐπὶ
1454 618 1687 685 Βέροιαν
1719 636 1883 689 στρα-

289 712 491 775 τεύσας
519 712 644 783 ᾔτει
684 714 782 781 μὲν
810 710 982 764 πολλά
1032 712 1314 782 χρήματα,
1353 708 1536 762 λαϐὼν
1562 710 1620 763 δέ
1643 710 1882 781 δισχίλια

290 800 516 872 σταθμὰ
542 803 809 875 ἀργυρίου
853 801 989 855 ἄλλα
1032 800 1271 853 τοσαῦτα
1330 799 1771 870 προσεπεζήτει,
1807 803 1880 869 μὴ

287 894 583 947 διδούντων
635 894 680 923 ’ί
732 893 787 945 δὲ
842 891 1077 963 ἰσχυρῶς
1118 890 1449 962 ἐπολιόρκει.
1495 890 1601 943 Τοῦ
1638 891 1694 944 δὲ
1731 892 1883 961 σφῶν

294 984 602 1036 ἐπισκόπου
634 982 1081 1053 παραγενομένου
1119 982 1162 1011 ’⁷³
1184 982 1394 1052 (Μέγας
1416 978 1483 1051 ἦν
1512 982 1683 1051 δνομα
1712 982 1880 1053 αὐτῷ)

293 1075 390 1127 καὶ
418 1075 673 1145 Χοσρόην
688 1073 1046 1143 λιπαροῦντος
1077 1073 1203 1137 τοὺς
1228 1074 1327 1143 μὲν
1356 1074 1670 1145 Βεροιαίους
1698 1074 1884 1128 κακῶν

294 1163 531 1224 ἀπαθεῖς
570 1164 784 1233 ἀφῆκεν
816 1164 974 1227 ἰέναι,
1008 1165 1115 1233 ὅπη
1161 1163 1314 1232 φίλον
1345 1165 1563 1234 ἑκάστῳ
1587 1165 1675 1234 εἴη
1701 1181 1716 1197 ο
1748 1167 1797 1219 οἱ
1827 1165 1885 1219 δὲ

295 1253 635 1324 στρατιῶται
661 1256 710 1306 οἱ
741 1254 986 1307 πλεῖστοι
1012 1254 1231 1318 ἑκόντες
1270 1256 1485 1308 εἵποντο
1519 1257 1886 1327 στρατευόμε-

294 1360 375 1396 νοι
414 1345 662 1418 Χοσρόῃ,
725 1347 809 1399 ὅτι
858 1346 1056 1408 αὐτοὺς
1084 1347 1111 1399 ό
1134 1345 1389 1416 βασιλεὺς
1432 1347 1542 1401 τῶν
1576 1349 1885 1415 συντάξεων

293 1438 617 1509 ἀπεστέρει.
670 1438 919 1509 Χοσρόης
962 1437 1040 1500 δὲ,
1104 1438 1229 1491 ἐπεὶ
1284 1440 1546 1508 χρήματα
1593 1441 1887 1511 Ἀντιοχεῖς

295 1531 536 1599 αἰτήσας
579 1530 683 1582 οὐκ
733 1530 947 1595 ἐλαϐεν,
1001 1528 1312 1601 ἐπολιόρκει
1373 1530 1471 1602 τὴν
1521 1532 1886 1603 Ἀντιόχειανο

299 1617 553 1687 σφοδρῶς
570 1617 627 1670 δέ
645 1618 1117 1688 πολιορκουμένης
1133 1619 1456 1683 Θεόκτιστος
1470 1622 1565 1674 καὶ
1575 1622 1883 1692 Μελάτζης,

1993 438 2202 491 ditione
2236 450 2296 491 se
2332 450 2707 499 excessurum,
2731 434 2773 489 si
2812 433 2960 488 mille
2976 432 3093 486 auri
3127 431 3303 501 pondo
3334 439 3571 499 caperet.

1982 528 2198 582 Interea
2231 527 2425 592 Buzes,
2460 528 2565 581 dux
2619 526 2881 590 Orientis,
2910 526 3126 579 viribus
3179 525 3294 578 suis
3345 522 3574 588 dillisus,

1983 633 2105 672 cum
2203 617 2445 673 Chosroe
2514 632 2757 688 pugnare
2831 618 3164 683 detrectans,
3219 614 3574 671 circumcirca

1982 704 2292 766 oberrabat.
2349 711 2491 781 Ergo
2523 708 2764 763 Berhtnze
2812 708 3032 761 admoto
3072 707 3341 770 exercitu,
3395 707 3571 762 Clios-

1983 818 2107 858 roes
2139 803 2488 871 pecuniarum
2556 784 2781 853 nimium
2816 808 3077 866 quantum
3116 796 3428 867 postulavit.
3479 812 3575 851 ac-

1986 895 2267 964 ceptisque
2297 892 2484 963 pondo
2531 892 2739 960 argenti
2777 888 3013 942 millibus
3052 890 3286 951 duobus,
3340 888 3570 942 alte:um

1988 996 2194 1040 tantum
2225 984 2404 1053 exegit
2433 1002 2445 1037 :
2480 997 2642 1052 quam
2673 982 2801 1050 quia
2836 982 2984 1035 cives
3018 993 3284 1034 summam
3312 993 3417 1032 non
3440 992 3571 1046 pen-

1986 1077 2206 1141 debant,
2240 1076 2419 1130 valide
2441 1075 2628 1128 urbem
2682 1081 2975 1142 oppugnat.
3038 1070 3232 1124 Verum
3276 1068 3572 1123 accedente

1987 1164 2185 1234 Magno
2229 1162 2409 1232 oppidi
2459 1161 2736 1230 episcopo,
2789 1169 2843 1211 et
2872 1159 3149 1213 Cliosroeu
3215 1157 3575 1224 deprecante,

1986 1253 2632 1310 Bcrhoeensesinmmnes
2667 1251 2975 1319 liberosque
2997 1249 3149 1302 abire
3180 1247 3448 1316 permisit,
3471 1262 3579 1315 quo

1987 1348 2219 1417 quisque
2268 1344 2446 1399 vellet.
2504 1342 2645 1397 Hinc
2702 1340 2946 1411 plerique
3004 1340 3168 1392 etiam
3209 1339 3448 1391 militum
3509 1338 3578 1389 ad

1987 1440 2267 1494 Chosroen
2294 1451 2387 1491 sua
2442 1443 2638 1505 sponte
2678 1431 3035 1492 transierunt,
3087 1429 3231 1495 quod
3288 1428 3581 1498 stipendiis

1987 1543 2081 1583 eos
2104 1531 2402 1596 imperator
2436 1524 2763 1579 fraudasset.
2813 1522 2895 1576 Ab
2949 1518 3582 1574 Antiochenissimilitcr

1991 1619 2277 1688 pecuniam
2312 1618 2585 1672 Chosroes
2614 1614 2912 1683 postulans,
2951 1628 3052 1667 nec
3085 1613 3402 1680 impetrans,
3431 1620 3581 1665 arcte

300 1707 417 1777 ἃμα
443 1707 557 1760 τῶν
587 1708 872 1777 ἑπομένων
892 1710 1079 1773 αὐτοῖς
1102 1707 1211 1763 ἀπὸ
1240 1709 1335 1763 τοῦ
1368 1712 1604 1765 Λιϐάνου
1624 1730 1890 1785 στρατιω-

1994 1709 2335 1764 Antiochiam
2395 1708 2585 1763 cinxit.
2623 1706 2868 1775 Cumque
2905 1719 2999 1759 rex
3030 1711 3250 1772 urgeret
3281 1701 3578 1761 obsidium,

294 1796 432 1863 τῶν,
472 1797 862 1864 ὑπεξελθόντες
898 1799 1121 1868 ἔφυγον,
1155 1801 1250 1853 καὶ
1294 1800 1437 1855 οὕτω
1468 1804 1714 1875 Χοσρόης
1753 1805 1888 1858 ἀτα-

295 1888 603 1959 λαιπώρως
636 1890 969 1960 Ἀντιόχειαν
989 1894 1375 1964 παρεστήσατο
1390 1896 1629 1959 καὶτοὺς
1669 1899 1727 1951 ὲν
1749 1898 1886 1971 αὐτῇ

296 1980 757 2049 ἠνδραποδίσατο.
811 1982 1103 2049 Πρέσϐεων
1141 1983 1198 2037 δὲ
1247 1985 1381 2055 παρ’
1428 1986 1592 2040 αὐτὸν
1641 1988 1888 2058 ἡκόντων

311 2072 569 2123 Ἰωάννου
598 2089 658 2123 τε
686 2072 779 2126 τοῦ
818 2073 1098 2142 Ῥουφίνου
1118 2077 1213 2128 καὶ
1260 2076 1553 2131 Ἰουλιανοῦ
1576 2078 1669 2133 τοῦ
1709 2097 1890 2152 γραμ-

303 2161 529 2230 ματέως
592 2162 705 2216 τῶν
749 2165 1103 2236 ἀπορρήτων,
1148 2167 1246 2220 καὶ⁴
1284 2169 1488 2240 πολλῆς
1519 2171 1890 2241 δικαιολογίας

300 2255 628 2323 ἁναμεταξὺ
650 2255 834 2309 αὐτῶν
853 2274 911 2309 τε
936 2259 1031 2311 καὶ
1054 2259 1293 2330 Χοσρόου
1315 2264 1715 2334 γεγενημένης,
1738 2266 1891 2331 τέλος

299 2342 558 2413 ἀλλήλοις
587 2345 893 2415 συνέϐησαν
919 2348 1004 2416 ἐφ’
1024 2340 1067 2415 ᾦ
1093 2349 1341 2419 Χοσρόην
1363 2353 1421 2405 ἐν
1454 2353 1552 2422 μὲν
1572 2353 1649 2423 τῷ
1680 2371 1895 2425 παραυ-

300 2434 431 2487 τίκα
454 2436 792 2505 κεντηνάρια
838 2439 1180 2508 πεντήκοντα
1213 2441 1367 2511 παρὰ
1387 2442 1433 2474 ⁷³
1485 2444 1771 2515 Ῥωμαίων
1797 2446 1895 2498 λα-

303 2524 495 2591 ϐόντα,
540 2527 705 2580 πέντε
737 2527 796 2580 δέ
835 2529 1140 2600 φερόμενον
1157 2531 1400 2587 ἐπέτειον
1429 2534 1588 2588 ἄλλον
1616 2536 1662 2567 ⁷⁸
1689 2536 1894 2607 δασμὸν

303 2620 386 2681 είς
450 2620 544 2672 τὸν
590 2621 771 2674 πάντα
835 2622 1030 2687 αἰῶνα,
1080 2624 1250 2694 μηδὲν
1306 2626 1505 2690 αὐτοὺς
1555 2627 1896 2697 ἐργάσασθαι

306 2709 629 2779 περαιτέρω
667 2712 837 2764 κακόν
857 2727 869 2739 ·
904 2712 1166 2782 πρέσϐεις
1188 2731 1247 2767 τε
1270 2714 1432 2769 πάλιν
1456 2717 1605 2786 παρὰ
1631 2716 1897 2786 βασιλέως

309 2798 707 2869 στελλομένους
732 2804 831 2863 τὰς
864 2804 1008 2872 ἀμφὶ
1063 2806 1131 2874 τῇ
1163 2806 1357 2876 εἰρήνῃ
1387 2806 1435 2836 ⁷⁵
1469 2805 1701 2869 σπονδὰς
1731 2806 1897 2875 ιέμϐε⁴

310 2892 747 2964 ϐαιωθήσεσθαι.
792 2894 956 2948 Ἀλλὰ
999 2897 1177 2950 καίτοι
1215 2897 1390 2952 ταῦτα
1419 2897 1509 2969 [57
1536 2897 1630 2969 Η.]
1670 2898 1897 2969 θέμενος

1993 1799 2345 1854 Thcoctistus
2397 1808 2453 1852 et
2526 1796 2809 1860 Mulatzes,
2869 1810 2973 1849 una
3022 1808 3143 1846 cum
3194 1792 3262 1847 iis
3312 1789 3580 1845 militibus

1994 1906 2132 1960 quos
2157 1906 2185 1944 a
2216 1889 2420 1944 Libano
2447 1904 2631 1945 secum
2655 1888 2942 1952 duxerant,
2973 1885 3112 1939 clam
3132 1884 3319 1938 urbem
3351 1882 3577 1952 egressi,

1999 1985 2285 2054 fugerunt.
2323 1983 2400 2037 Ita
2434 1981 2707 2036 Chosroes
2765 1978 2881 2033 sine
2908 1978 3094 2032 labore
3130 1974 3478 2029 Antiochiam
3511 1972 3581 2026 ad

1991 2076 2328 2131 deditionem
2346 2074 2629 2144 compulit,
2694 2073 2950 2140 civesque
2986 2069 3040 2123 in
3069 2068 3392 2121 servitutem
3423 2067 3582 2119 rede-

1992 2169 2069 2239 git
2097 2167 2232 2238 (76).
2293 2167 2426 2221 Inde
2451 2165 2614 2234 legati
2657 2163 2721 2218 ad
2746 2162 2896 2217 illum
2923 2160 3099 2225 missi,
3130 2157 3368 2213 Joannes
3401 2154 3580 2210 Ruﬁni

1993 2258 2162 2323 ﬁlius,
2226 2268 2282 2313 et
2331 2256 2578 2312 Julianus
2613 2258 2949 2311 secretorum
2991 2250 3171 2305 scriba
3224 2267 3239 2303 :
3281 2247 3578 2315 multisque

1993 2351 2139 2406 ultro
2161 2350 2413 2418 citroque
2431 2349 2498 2403 de
2520 2346 2692 2416 aequis
2714 2342 3125 2399 conditionibus
3150 2339 3350 2394 habitis
3371 2352 3583 2393 sermo-

1996 2443 2181 2505 nibus,
2222 2441 2441 2494 tandem
2499 2437 2753 2493 convenit
2786 2454 2799 2487 :
2837 2444 2895 2488 ut
2928 2434 3172 2487 Chosroe
3224 2430 3339 2500 (77)
3396 2428 3579 2482 statim

1997 2532 2230 2589 Romani
2326 2532 2569 2600 quinque
2613 2540 2904 2581 aureorum
2985 2523 3152 2577 millia
3206 2529 3579 2581 numerarent,

1998 2627 2329 2697 quingentos
2363 2636 2494 2676 vero
2521 2633 2716 2675 aureos
2749 2614 3064 2686 quotannis,
3125 2612 3312 2667 tributi
3346 2610 3577 2666 alterius

1998 2721 2241 2784 nomine,
2277 2725 2533 2786 perpetuo
2566 2711 2888 2782 penderent,
2923 2705 3055 2761 nihil
3093 2719 3154 2760 se
3177 2703 3436 2771 deinceps
3462 2715 3581 2753 mo-

1999 2811 2169 2866 lestia:
2206 2808 2492 2862 allaturum
2536 2799 2873 2874 promittenti
2914 2806 3126 2866 :utque
3179 2793 3327 2848 missi
3382 2792 3579 2847 iterum

1999 2903 2067 2970 ab
2097 2901 2427 2970 imperatore
2452 2895 2634 2967 legati,
2675 2894 2825 2963 pacis
2847 2898 3115 2947 conventa
3142 2887 3455 2939 ﬁrmarent.
3480 2880 3584 2937 Ve-

308 2985 586 3076 Χοσρόης,
611 2988 704 3040 ἐπί
734 3004 795 3039 τε
824 2989 923 3059 τὴν
965 2989 1275 3059 Ἀπάμειαν
1326 2991 1414 3062 ⁴ᾔει
1453 2993 1523 3057 ⁷⁸,
1565 2993 1739 3063 Θωμᾶ
1772 2993 1891 3047 τότε

1999 3010 2117 3049 rum
2142 2993 2308 3047 etiam
2345 2990 2433 3045 his
2474 2989 2546 3042 ita
2576 2985 2910 3055 compositis,
2954 2982 3228 3037 Chosroes
3284 2976 3580 3045 Apameam

308 3075 466 3145 ἀρχιε
476 3076 817 3144 ρατεύοντος,
842 3080 939 3131 καὶ
957 3080 1062 3150 χρή
1073 3097 1217 3150 ματα
1240 3081 1451 3149 μεγάλα
1469 3081 1857 3152 εἰσεπράττετο
1876 3097 1890 3113 ⁸

302 3165 463 3227 τέλος
503 3166 575 3218 τά
598 3183 660 3218 τε
721 3168 843 3237 ἱερά
894 3170 990 3222 καὶ
1042 3170 1108 3222 τὰ
1148 3169 1477 3241 ἀναθήματα
1508 3170 1687 3224 πάντα
1713 3169 1896 3224 λαϐὼν

299 3254 491 3310 ἀπιὼν
525 3256 723 3327 ᾣχετο.
766 3259 853 3312 Ἐν
880 3254 925 3328 ᾧ
954 3260 1049 3313 καὶ
1069 3262 1199 3332 περὶ
1251 3261 1362 3315 τῶν
1404 3262 1607 3332 τιμίων
1637 3262 1732 3315 καὶ
1756 3261 1896 3325 ζωο-

300 3347 483 3402 ποιῶν
506 3348 689 3414 ξύλων
745 3350 1319 3424 τεθαυματούργηται.
1364 3352 1593 3425 Εἴρηται
1629 3354 1725 3406 κα)⁵
1749 3354 1896 3417 ὅπως

302 3441 564 3510 Χοσρόης
610 3441 971 3512 ἱπποδρόμιον
1015 3444 1135 3495 ἐκεῖ
1184 3444 1466 3496 ἐθεάσατο.
1504 3443 1641 3496 Ἀλλ’
1690 3444 1897 3497 ἐκεῖθεν

302 3529 564 3601 Χοσρόης
601 3532 698 3583 ἐπὶ
738 3531 986 3586 Χαλκίδα
1035 3534 1198 3587 πάλιν
1227 3535 1270 3565 ⁷⁷
1304 3534 1618 3605 ἐπορεύετο,
1659 3534 1800 3604 ὑπὲρ
1828 3531 1897 3605 ἧς

302 3620 405 3673 δύο
428 3619 617 3673 λαϐὼν
648 3623 979 3693 κεντηνάρια
1017 3623 1060 3655 ⁷⁸
1104 3624 1259 3694 παρά
1284 3623 1396 3676 τῶν
1433 3623 1727 3677 οἰκούντων
1758 3624 1896 3676 ἀπο-

304 3712 609 3782 λιόρκητον
638 3712 809 3767 εἴασε.
842 3715 954 3767 Καὶ
1007 3714 1102 3766 ἐπὶ
1139 3715 1403 3767 Ἔδεσσαν
1436 3715 1493 3767 δὲ
1517 3714 1561 3746 ⁷³
1589 3714 1895 3784 πορευθεὶς,

303 3802 409 3855 δύο
432 3802 623 3856 λαϐὼν
651 3805 1002 3876 κεντηνὸῳια,
1027 3805 1140 3857 τισὶ
1161 3804 1217 3857 δὲ
1244 3805 1338 3858 καὶ
1365 3805 1713 3875 θεοσημείαις
1742 3806 1899 3858 ἀπει-

305 3893 525 3960 ληθεὶς,
579 3894 979 3965 ἀπολιόρκητον
1030 3895 1181 3947 εἴασε
1219 3895 1503 3966 κάκείνην.
1558 3894 1707 3961 Αὕτη
1750 3895 1898 3949 ἐστὶν

310 3984 579 4050 Ἔδεσσα,
606 3980 714 4058 ἐνῇ
738 3985 987 4055 Αῦγαρός
1007 4002 1069 4038 τε
1096 3987 1189 4040 καὶ
1218 3986 1288 4039 τά
1302 3988 1430 4057 περὶ
1456 3985 1708 4057 Αὕγαρον
1730 3986 1899 4041 πάλαι

310 4076 455 4145 πρὸς
517 4074 759 4146 Χριστοῦ
822 4075 1096 4148 ἐπράχθη.
1156 4070 1325 4140 Οὗτος
1363 4077 1420 4130 δὲ
1464 4078 1493 4129 ὁ
1528 4076 1776 4148 Αῦγαρος
1805 4078 1900 4132 καὶ

308 4172 448 4241 παρ’
478 4171 798 4240 Αὔγουστον
849 4174 942 4228 τὸν
1003 4176 1127 4229 τότε
1181 4176 1472 4246 Ῥωμαίων
1518 4177 1900 4248 αὐτοκράτορα

311 4264 719 4335 παραγεγονὼς
750 4265 901 4334 φίλος
937 4283 998 4319 τε
1050 4268 1107 4330 ἐς
1154 4267 1223 4319 τὰ
1255 4268 1492 4337 μάλιστα
1532 4268 1897 4338 ἐχρημάτισε,

1998 3083 2298 3155 profectus,
2340 3082 2429 3134 ubi
2465 3079 2704 3133 Thomas
2726 3075 3014 3145 episcopus
3046 3068 3393 3140 praesidebat,
3418 3080 3569 3135 mag-

1998 3190 2128 3229 nam
2159 3174 2208 3228 ei
2240 3171 2592 3242 pecuniarum
2623 3167 2732 3221 vim
2752 3162 3083 3233 impetravit,
3145 3174 3210 3213 ac
3253 3157 3468 3211 tandem
3493 3169 3583 3208 sa-

1997 3282 2091 3324 cra
2120 3280 2275 3329 vasa,
2330 3262 2659 3330 templisque
2684 3259 2934 3312 dedicata
2983 3253 3234 3306 universa
3261 3262 3448 3304 secum
3479 3260 3580 3299 au-

1999 3361 2197 3421 ferens,
2236 3354 2487 3410 discessit
2515 3369 2529 3405 :
2569 3352 2710 3404 inter
2743 3362 2863 3416 quae
2893 3347 3038 3402 circa
3058 3341 3347 3396 adoranda:
3401 3352 3465 3391 ac
3494 3338 3577 3390 vi-

1997 3449 2172 3502 viﬁca:
2208 3445 2390 3501 crucis
2414 3443 2619 3511 lignum
2656 3437 2980 3493 miraculum
3010 3431 3239 3505 contigit
3271 3429 3407 3500 (78).
3439 3425 3581 3481 Nar-

1998 3549 2153 3593 ratur
2182 3537 2345 3591 etiam
2372 3535 2527 3588 Indos
2555 3539 2838 3600 equestres
2869 3526 3067 3580 ibidem
3090 3531 3387 3590 spectasse.
3448 3518 3583 3572 Inde

1998 3630 2066 3684 ad
2090 3626 2401 3683 Chalcidem
2419 3622 2605 3679 urbem
2626 3634 2948 3692 progressus
2966 3628 3071 3682 est,
3088 3629 3141 3671 et
3155 3615 3262 3685 25
3276 3615 3303 3667 ὁ
3329 3612 3583 3669 ducentis

2001 3720 2188 3775 aureis
2214 3720 2281 3773 ab
2315 3716 2511 3772 incolis
2569 3713 2799 3777 exactis,
2852 3712 2970 3766 sine
3001 3709 3281 3765 obsidione
3332 3704 3580 3760 recessit.

2001 3811 2164 3865 Venit
2194 3809 2319 3863 hinc
2358 3807 2647 3870 Edessam,
2682 3813 2738 3859 et
2770 3804 3101 3857 tantumdem
3129 3798 3384 3853 abstulit:
3417 3810 3481 3851 ac
3503 3796 3581 3851 si-

2003 3903 2125 3973 gnis
2146 3900 2474 3971 quibusdam
2511 3898 2710 3952 divinis
2734 3897 3047 3957 deterritus,
3080 3894 3220 3946 hanc
3248 3904 3463 3960 quoque
3492 3903 3584 3941 ur-

2001 3996 2124 4049 bem
2154 4008 2260 4046 non
2293 3991 2528 4047 obsedit.
2574 3988 2724 4058 (Haec
2757 3988 2956 4044 Edessa
2993 3987 3079 4040 illa
3102 3996 3185 4039 est
3218 3985 3270 4038 in
3310 3999 3414 4052 qua
3470 3985 3581 4035 Au-

2000 4103 2164 4158 garus
2196 4085 2332 4156 (79),
2372 4097 2601 4154 quaeque
2632 4083 2689 4137 in
2724 4082 2815 4136 illo
2835 4080 3140 4150 antiquitus
3174 4092 3272 4145 per
3300 4075 3577 4130 Christum

2002 4187 2218 4248 patrata
2251 4195 2266 4243 ;
2299 4176 2549 4245 idemque
2571 4174 2660 4229 hic
2709 4172 2979 4243 Augarus,
3026 4170 3118 4239 qui
3147 4171 3212 4222 ad
3250 4167 3578 4235 Augustum,

2006 4279 2134 4323 tunc
2171 4268 2539 4322 Romanorum
2572 4266 2955 4334 imperatorem
2983 4261 3281 4331 profectus,
3311 4258 3487 4312 amico
3516 4270 3582 4310 eo

308 4358 415 4408 καὶ
446 4356 547 4426 τὴν
576 4358 635 4418 ἐς
663 4358 734 4409 τὰ
761 4359 934 4411 οἰκεῖα
984 4359 1247 4413 ἐπάνοδον
1280 4359 1446 4430 σοφίᾳ
1495 4360 1891 4429 κατεπράξατο.

2009 4363 2060 4417 in
2085 4362 2277 4431 primis
2306 4374 2459 4423 usus,
2491 4368 2549 4413 ut
2581 4359 2653 4413 illi
2686 4358 2751 4411 ad
2782 4371 2909 4411 suos
2949 4354 3128 4408 redire
3154 4349 3367 4406 nonnisi
3408 4348 3581 4403 soler-

325 4446 470 4498 ’Δλλ“
503 4448 533 4499 ὅ
568 4462 634 4515 γε
665 4448 916 4519 Χοσρόης
947 4450 1007 4515 ἐξ
1039 4450 1294 4519 Ἐδέσσης
1323 4450 1544 4521 ἀπάρας
1588 4450 1902 4520 ἐπορεύετο.

310 4536 451 4588 Τότε
484 4536 581 4589 καὶ
610 4536 703 4608 [77
745 4536 838 4607 ιι]
898 4538 1280 4603 Ἰουστινιανὸς
1336 4539 1550 4609 ’ἔγραψε
1601 4542 1715 4602 τοῖς
1780 4544 1909 4610 πρέ-

2006 4454 2077 4507 tia
2103 4451 2336 4522 quadam
2366 4449 2437 4503 sit
2466 4448 2694 4518 datum).
2720 4445 2826 4508 .Sic
2871 4445 3033 4513 igitur
3065 4442 3334 4496 Cliosroes
3365 4437 3578 4491 Edessa

2003 4541 2276 4596 discessit.
2300 4539 2376 4593 Ea
2409 4540 2572 4594 etiam
2605 4545 2926 4604 tempestate
2958 4532 3147 4600 legatis
3179 4528 3293 4583 suis
3312 4524 3579 4581 Justinia-

313 4625 526 4694 σϐεσιν,
549 4628 890 4682 ἐπιτελέσειν
906 4630 973 4683 τὰ
990 4631 1316 4685 συντεθέντα
1332 4630 1631 4702 ὁμολογῶν.
1660 4632 1891 4703 Χοσρόης

2005 4646 2109 4685 nus
2140 4629 2445 4697 rescripsit,
2499 4634 2746 4696 paratum
2799 4636 2857 4676 se
2905 4630 3061 4689 pacta
3116 4624 3380 4672 conventa
3431 4610 3580 4682 pacis

1602 4790 1834 4848 VARIE
1874 4788 2281 4848 LECTIONES.

381 4908 423 4938 ⁷¹
446 4906 698 4961 διδόντων
732 4925 795 4972 ς.
899 4906 947 4940 ⁷³
975 4908 1431 4978 παραγεναμένου
1472 4909 1535 4960 Α.

314 4978 370 5008 ⁷⁸
406 4978 492 5049 ﬂat
518 4983 603 5032 At
632 4979 721 5047 εἴη
746 4995 810 5042 ς’.
882 4978 925 5012 ⁷⁷
960 4977 1112 5031 πόλιν
1150 4995 1208 5041 ς’.

1609 4908 1655 4938 ’³
1683 4906 1858 4978 παρὰ]
1898 4910 2032 4978 πρὸς
2061 4908 2124 4959 Α.

1285 4978 1331 5009 ’⁸
1361 4978 1690 5047 κεντηνάρια
1712 4977 1891 5031 λαϐὼν
1920 4977 1978 5041 ς.

2230 4904 2278 4937 ⁷⁸
2309 4902 2466 4958 ἄλλον
2499 4902 2542 4956 Δ
2597 4918 2609 4953 :
2671 4896 2867 4964 μᾶλλον
2894 4914 2954 4961 ς’.
3070 4893 3116 4925 ⁷⁸
3144 4891 3242 4964 τὴν
3266 4890 3489 4961 εἰρήνην
3512 4905 3574 4954 ς.

2057 4979 2100 5009 ⁷⁵
2139 4974 2196 5029 δὲ
2234 4976 2359 5029 add.
2394 4974 2459 5027 Α.

2671 4917 2699 4969 p
2713 4896 2867 4952 ἄλλον
2894 4914 2954 4961 ς’.

1836 5091 2069 5147 NOTAE.

318 5211 941 5337 ce'(":'tii|).A,dditProcop.
980 5228 999 5263 ι
1038 5209 1348 5279 Urbemque
1377 5220 1575 5281 praeter
1600 5210 1792 5280 templa
1817 5210 1898 5266 in-

638 5349 913 5405 Cliosroes
946 5350 1000 5405 in
1036 5348 1695 5420 praesensfquinquaginta
1729 5348 1894 5403 millia

318 5436 603 5476 nummum
642 5434 932 5474 aureorum
971 5435 1035 5474 ac
1067 5422 1283 5475 totidem
1316 5422 1607 5489 quotannis
1635 5432 1896 5489 perpetuo

320 5492 584 5614 icéipizitl,’
608 5503 911 5623 neque'eos
941 5490 1081 5543 ultra
1105 5486 1355 5546 lacessat.
1388 5487 1507 5560 (Sic
1537 5486 1763 5556 Pro’cop.
1788 5486 1895 5541 Vo-

436 5576 480 5612 r.
532 5577 545 5613 l
594 5602 605 5613 .
632 5576 693 5613 ιι.

394 5629 507 5693 (78)
537 5628 829 5684 Ζωοποιῶν
891 5626 1081 5691 ξυλων.
1110 5628 1424 5698 Apparente
1471 5630 1703 5699 desuper
1756 5626 1896 5697 ignis

1996 5213 2120 5284 juba
2130 5228 2208 5284 re.

2073 5256 2287 5355 ξδθῖῡε
2316 5279 2510 5355 qqu.
2542 5276 2915 5355 Baro'natom.
2950 5270 2991 5355 ll,
3014 5269 3083 5355 ad
3106 5256 3575 5355 θι[.Αςιιτ;-ιδι,.ξξ

2002 5326 2893 5409 Milesiam»?Vbi-mw.
2951 5326 3099 5409 ῄάεέ,
3160 5328 3417 5409 cap._l7,
3482 5326 3571 5379 ubi

1998 5399 2790 5493 Rha-garb;-inuininatur._Et
2824 5413 2916 5493 μὴ..
2951 5399 2965 5460 i
3033 5399 3258 5493 Contra-

2000 5469 2613 5547 E’ISQJTEBQetI."initi
2655 5469 2739 5549 i5,
2804 5478 3078 5549 Agbarus;
3138 5472 3261 5527 aliis
3313 5469 3568 5524 Acbarus.

2001 5562 2134 5618 Vidc
2156 5572 2209 5616 et
2232 5560 2358 5616 Sur.
2403 5560 2467 5612 16
2499 5558 2634 5625 Aug.
