3980 6234
232 278 327 345 13⁵1
1343 285 1865 346 BIBIJOTHECA.
1900 311 1969 321 —-
2008 285 2171 346 COD.
2218 287 2417 348 LXIV.

3408 291 3508 355 138

238 399 268 450 6
299 396 529 465 Περσῶν
562 394 827 465 ἀλλήλοις
848 394 1050 458 ἔθεντο,
1086 394 1244 448 ἔλυσε
1274 395 1331 448 δὲ
1360 396 1607 466 Χοσρόης
1639 413 1700 448 τε
1732 396 1829 449 αὺ-

1939 410 2083 452 sroes
2109 398 2398 453 Persarum
2432 413 2524 454 rex
2579 399 2811 454 invicem
2858 401 3280 458 constituerant.
3317 405 3508 460 Solve-

238 486 327 551 τὸς
364 487 463 539 καὶ
506 486 800 548 Ἰουστίνος
831 486 1073 555 διάδοχος
1119 487 1505 540 Ἰουστινιανοῢ
1530 488 1826 551 καταστὰς,

240 577 494 647 δευτέρου
518 576 681 641 ἔτους
709 577 809 646 τῆς
853 577 1029 646 ἀρχῆς
1076 576 1226 646 αὑτῷ
1262 576 1354 648 [80
1372 576 1463 650 IL]
1499 581 1831 651 περαιουμέ-

242 687 331 723 νου
354 670 419 720 ’⁸.
467 669 804 739 ’Δρχόμενος
832 669 887 722 δὲ
936 668 1186 721 ἐντεῦθεν
1226 671 1323 737 τῆς
1353 670 1593 742 ἱστορίας
1617 673 1830 725 κάτεισι

245 762 406 831 μέχρι
449 760 684 813 δεκάτου
730 760 885 823 ἔτους
911 760 1076 813 αὑτοῦ
1106 760 1201 813 τοῦ
1239 761 1500 831 πολέμου.
1539 763 1831 833 Μέμνηται

241 852 295 904 δὲ
324 854 383 904 ἐν
415 851 555 921 τῷδε
589 851 668 923 τῷ
692 851 894 923 πρώτῳ
936 850 1030 905 τοῦ
1067 836 1273 921 βιϐλίου
1304 853 1447 924 λόγῳ
1473 855 1566 907 καὶ
1592 854 1662 906 τὰ
1690 855 1830 908 κατὰ

253 945 637 998 Ἰουστινιανὸν
662 944 946 1015 ἱστορῆσαι
963 960 977 974 ·
1010 944 1072 996 οὐ
1113 944 1218 1015 μὴν
1238 944 1374 999 ἀλλὰ
1398 945 1553 1015 δῆλός
1572 948 1719 999 ἐστιν
1750 946 1827 1010 ὡς

245 1040 341 1089 καὶ
368 1036 575 1107 ἐφεξῆς
606 1038 713 1091 τῶν
738 1038 869 1090 δέκα
893 1038 1067 1103 λόγων
1117 1037 1337 1107 ἐτέρους
1370 1038 1645 1103 συνέταξε.
1678 1038 1832 1103 Διέξ-

244 1151 349 1186 εισι
416 1134 476 1186 δὲ
519 1136 578 1186 ἐν
616 1134 714 1204 μὲν
740 1134 877 1203 τῷδε
898 1133 976 1202 τῷ
999 1133 1143 1203 λόγῳ
1185 1134 1333 1197 ὅπως
1368 1134 1421 1185 al
1448 1133 1671 1186 σπονδαὶ
1702 1151 1831 1187 συν-

245 1223 544 1294 εχόθησαν,
600 1226 885 1278 ’1ουστίνου
937 1225 1036 1295 μὲν
1103 1225 1192 1278 διὰ
1255 1226 1619 1296 Κομεντιόλου
1662 1227 1833 1279 Σουα-

243 1324 363 1375 νίαν
387 1323 547 1393 παρὰ
588 1322 829 1390 Χοσρόου
874 1322 1257 1383 ἀπαιτοῦντος,
1291 1322 1455 1374 αὐτοῦ
1489 1322 1545 1376 δὲ
1582 1324 1833 1377 ὑποτιθε-

245 1415 433 1484 μένου,
459 1415 522 1467 οὐ
550 1414 736 1483 μέντοι
788 1413 1058 1475 διδοῦντος
1089 1414 1155 1475 ⁸⁸,
1184 1414 1333 1476 ὅπως
1368 1416 1482 1484 τεὴ
1512 1414 1830 1469 Μεσοποτα-

242 1506 342 1575 μία
394 1508 549 1559 πᾶσα
610 1505 851 1575 ἐσείσθη,
902 1505 1188 1576 προοίμιον
1228 1505 1337 1559 τῶν
1382 1507 1832 1578 ἐπελευσομένων

238 1597 430 1651 κακῶν
463 1598 755 1667 γενομένη.

311 1691 439 1743 Ὅτι
475 1656 547 1743 τὰ
572 1656 763 1763 ιἰιιιρές
799 1686 969 1759 Εὗρον
1000 1690 1200 1761 ἄνεμον
1230 1690 1323 1744 τοῦ
1362 1656 1627 1756 Ίῐανάῖδος
1654 1692 1829 1763 Τοῦρ-
1866 1744 1908 1797 Β

239 1799 329 1833 κοι
358 1782 645 1851 νέμονται,
678 1784 726 1835 οί
751 1783 919 1836 πάλαι
943 1784 1302 1851 Μασσαγέται
1330 1784 1351 1813 ²
1380 1780 1833 1851 καλούμενοι,οὒς

236 1868 448 1945 Πέρται
484 1876 662 1946 οἰκείᾳ
690 1876 912 1948 γλώσσῃ
945 1876 1346 1945 Κερμιχίωνάς
1371 1893 1521 1945 φασι.
1548 1876 1655 1929 Καὶ
1681 1874 1834 1929 αὐτοὶ

234 1965 294 2017 δὲ
322 1968 382 2019 ἐν
413 1965 495 2033 τῷ
514 1967 638 2020 τότε
674 1968 824 2039 δῶρα
859 1971 951 2021 καὶ
976 1969 1235 2039 πρέσϐεις
1268 1968 1405 2037 πρὸς
1431 1967 1655 2039 βασιλέα
1698 1968 1832 2020 Ἰου-

239 2061 421 2111 σςῖνον
469 2057 741 2121 ἔστειλαν,
800 2060 1046 2130 δεόμενοι
1095 2060 1169 2131 μὴ
1222 2060 1774 2123 ὑποδέξασθαιαὺτὸν
1810 2058 1832 2090 ³

234 2151 364 2211 τοὺς
400 2149 667 2221 ’Δϐάρους
688 2167 703 2180 ’
727 2153 755 2205 6
776 2153 832 2205 δὲ
847 2153 913 2205 τὰ
938 2152 1087 2223 δῶρα
1111 2152 1293 2206 λαϐὼν
1327 2153 1423 2205 καὶ¹
1450 2152 1832 2221 ἀντιφιλοφρο-

238 2241 561 2312 νησάμενος
584 2243 855 2315 ἀπέλυσεν
890 2245 973 2306 είς
996 2242 1063 2296 τὰ
1101 2244 1296 2298 οἰκεῖα.
1340 2244 1462 2305 Τοῖς
1485 2243 1542 2295 δὲ
1582 2242 1832 2312 Ἀϐάροις

235 2332 472 2404 ὕστερον
506 2333 775 2399 ἐλθοῦσιν,
804 2336 898 2388 καὶ
924 2335 1221 2389 Παννονίαν
1249 2334 1579 2405 οίκῆσαικαὶ
1605 2335 1831 2405 εἰρήνης

230 2426 424 2493 τυχεῖν
444 2424 749 2493 δεομένοις,
800 2425 887 2477 διὰ
924 2425 1016 2477 τὸν
1040 2424 1175 2495 πρὸς
1198 2425 1323 2487 τοὺς
1366 2423 1644 2493 Τούρκους
1672 2423 1830 2491 λόγον

232 2515 331 2568 καὶ
353 2514 461 2577 τὰς
492 2515 770 2585 συνθήκας
802 2515 903 2568 οὐκ
931 2516 1247 2571 ἐσπείσατο.

305 2605 437 2659 Ὅτι
464 2605 569 2675 τὴν
589 2604 701 2658 τῶν
728 2605 1028 2675 σκωλήκων
1058 2606 1274 2675 γένεσιν
1324 2607 1462 2677 ἀνὴρ
1493 2605 1707 2676 Πέρσης
1733 2606 1830 2676 βα-

236 2694 551 2759 σιλεύοντος
615 2696 996 2749 Ἰουστινιανοῦ
1050 2698 1108 2750 ἐν
1166 2696 1450 2767 Βυζαντίῳ
1514 2697 1827 2763 ὑπέδειξεν,

233 2788 393 2842 οὔπω
427 2789 703 2859 πρότερον
725 2791 1078 2862 ἐγνωσμένην
1128 2790 1441 2860 Ῥωμαίοις.
1484 2785 1649 2856 Οὗτος
1680 2791 1735 2844 δὲ
1766 2793 1832 2844 ἐκ

235 2883 433 2954 Σηρῶν
455 2884 725 2954 ὁρμηθεὶς
748 2886 777 2937 6
811 2885 1027 2955 Πέρσης
1050 2884 1110 2937 τὸ
1138 2885 1363 2956 σπέρμα
1392 2884 1502 2938 τῶν
1531 2885 1830 2957 σκωλήκων

235 2977 291 3027 ὲν
323 2975 571 3046 νάρθηκι
630 2976 813 3029 λαϐὼν
848 2976 1010 3046 μέχρι
1061 2976 1362 3040 Βυζαντίου
1393 2977 1707 3041 διεσώσατο,
1738 2977 1831 3030 καὶ

238 3068 329 3121 τοῦ
357 3067 527 3140 ἔαρος
556 3067 866 3138 ἀρξαμένου
888 3069 980 3121 ἐπὶ
1000 3068 1099 3138 τὴν
1131 3068 1339 3140 τροφὴν
1374 3069 1483 3122 τῶν
1514 3069 1829 3139 συκαμίνων
1856 3084 1901 3146 c

239 3162 459 3230 φύλλων
488 3164 745 3232 ἐπαφῆκε
777 3161 846 3215 τὰ
877 3162 1170 3232 σπέρματα
1194 3177 1207 3191 ·
1235 3162 1304 3215 τὰ
1324 3162 1380 3214 δὲ
1407 3164 1685 3231 τραφέντα
1722 3165 1834 3226 τοῖς

241 3251 466 3319 φύλλοις
517 3250 904 3322 ἐπτεροφύησέ
956 3267 1015 3303 τε
1046 3251 1141 3304 καὶ
1171 3246 1345 3304 τᾶλλα
1381 3250 1695 3321 εἰργάσατο.
1732 3244 1835 3305 Ὧν

239 3346 338 3414 τήν
370 3362 431 3397 τε
466 3346 686 3411 γένεσιν
722 3346 819 3399 καὶ
838 3344 937 3414 τὴν
970 3344 1233 3414 ἐργασίαν
1266 3347 1295 3398 6
1326 3344 1578 3414 βασιλεὺς
1614 3346 1835 3398 Ἰουστί-

241 3456 328 3501 νος
351 3438 591 3511 ὕστερον
641 3440 756 3500 τοῖς
787 3438 1051 3509 Τούρκοις
1080 3437 1368 3503 ὑποδείξας
1414 3437 1756 3507 ἐθάμϐησενο
1784 3440 1833 3491 οἱ

242 3532 349 3601 γὰρ
376 3530 622 3601 Τοῦρκοι
677 3531 801 3583 τότε
831 3530 901 3583 τά
956 3548 1017 3584 τε
1058 3528 1251 3601 Σηρῶν
1304 3529 1551 3599 ἐμπόρια
1583 3529 1677 3581 κα)⁸
1708 3529 1833 3592 τοὺς

240 3620 466 3692 λιμένας
501 3624 778 3691 κατεῖχον.
810 3620 997 3676 Ταῦτα
1051 3622 1108 3675 δέ
1141 3622 1274 3691 πρὶν
1321 3621 1421 3691 μὲν
1465 3620 1673 3690 Πέρσαι
1699 3636 1835 3673 κατ-

244 3716 412 3783 εῖχον,
459 3712 805 3781 Ἐφθαλάνου
837 3714 896 3767 δὲ
939 3713 1035 3766 τοῦ
1079 3712 1419 3782 Ἐφθαλιτῶν
1465 3710 1750 3782 βασιλέως,
1774 3709 1835 3775 ἐξ

245 3800 301 3859 οὗ
330 3807 431 3859 καὶ
448 3806 512 3859 τὸ
533 3808 694 3875 γένος
721 3805 847 3876 ἔσχε
876 3806 975 3877 τὴν
996 3806 1215 3877 κλῆσιν,
1234 3804 1479 3876 Περόζην
1502 3804 1595 3856 καὶ
1619 3802 1834 3872 Πέρσας

246 3902 573 3970 νικήσαντος
601 3898 957 3970 ἀφῃρέθησαν
983 3898 1083 3968 μὲν
1103 3897 1309 3951 τούτων
1330 3896 1617 3967 οίΠέρσαι,
1644 3894 1836 3946 δεσπό-

246 4008 333 4045 ται
350 3993 410 4045 δέ
424 3994 771 4060 κατέστησαν
786 3990 1118 4060 Ἐφθαλῖταιτ
1140 3988 1232 4052 οὓς
1249 3988 1430 4058 μικρῷ
1447 3988 1670 4057 ὕστερον
1685 3986 1832 4056 μάχῃ

248 4086 574 4154 νικήσαντες
624 4082 859 4154 Τοῦρκοι
901 4082 1120 4151 ἀφεῖλον
1155 4080 1215 4145 ἐξ
1253 4080 1434 4134 αὐτῶν
1492 4079 1587 4131 καὶ
1632 4076 1829 4131 ταῦτα.

325 4177 619 4238 ’1ουστῖνος
673 4174 730 4226 δὲ
782 4176 1073 4245 Ζήμαρχον
1119 4174 1176 4235 ἐς
1224 4173 1352 4235 τοὺς
1384 4170 1663 4241 Τούρκους
1700 4168 1835 4240 πρέ-

251 4268 383 4321 σϐυν
437 4268 791 4321 ἀπέστειλενο
857 4267 916 4331 ὃς
972 4267 1067 4320 καὶ
1120 4265 1389 4336 λαμπρῶς
1456 4264 1713 4327 ἑστιάσας
1774 4279 1834 4315 τε

1935 500 2055 544 rant
2083 505 2144 545 ea
2174 490 2445 547 Cliosroes
2493 492 2627 561 ipse,
2664 502 2718 547 et
2740 491 2989 547 Justinus
3023 494 3158 562 (84),
3212 494 3505 554 Justiuiani

1928 579 2040 649 jam
2131 598 2436 647 successor,
2489 594 2728 639 exeunte
2798 584 2970 640 altero
3022 587 3263 656 ,imperii
3340 604 3505 645 anno.

1933 670 2072 726 Hinc
2171 688 2302 741 ergo
2356 676 2724 729 narrationem
2806 678 3154 745 auspicatus,
3214 681 3389 750 pergit
3439 682 3508 737 ad

1933 780 2132 817 annum
2165 780 2333 831 usque
2356 766 2478 819 belli
2508 768 2799 820 decimum.
2829 766 3070 822 Meminit
3100 784 3226 823 vero
3255 769 3355 823 hoc
3390 770 3507 839 ipso

1932 856 2108 925 primo
2163 856 2452 911 voluminis
2507 858 2667 922 libro,
2704 859 2989 926 scripsisse
3027 876 3240 929 quoque
3288 876 3345 917 se
3388 878 3507 931 qua:

1932 950 2033 1003 sub
2065 948 2369 1004 Justiuiano
2404 960 2551 1021 gesta
2574 963 2721 1015 sunt,
2751 954 2859 1007 imo
2893 964 2948 1007 et
2981 953 3160 1024 plures
3176 971 3297 1010 eum
3319 956 3507 1009 decem

1934 1042 2083 1095 hisce
2130 1042 2477 1108 subjuuxisse
2508 1043 2695 1107 libros,
2736 1045 2872 1099 satis
2920 1046 3207 1100 manifeste
3262 1058 3504 1116 apparet.

1934 1131 2131 1185 Narrat
2154 1142 2336 1187 autem
2363 1136 2463 1187 hoc
2484 1134 2644 1196 libro,
2684 1151 2790 1203 qua
2824 1138 3031 1192 ratione
3063 1149 3217 1207 pacta
3245 1148 3509 1194 conventa

1933 1223 2041 1275 sint
2100 1220 2384 1289 dissoluta,
2441 1240 2561 1278 cum
2609 1224 2857 1280 Justinus
2940 1242 3035 1296 per
3113 1228 3505 1283 Comentiolunt

1935 1314 2191 1368 Suaniam
2222 1329 2251 1367 a
2280 1316 2521 1370 Chosroe
2575 1325 2865 1385 repeteret,
2894 1318 3007 1386 ipse
3040 1334 3165 1374 vero
3197 1322 3362 1375 verbo
3388 1320 3508 1388 qni-

1934 1405 2053 1458 dem
2088 1407 2454 1473 promitteret,
2504 1423 2611 1462 non
2649 1421 2827 1463 tamen
2876 1425 2936 1464 re
2992 1421 3292 1477 praastaret.
3322 1412 3509 1466 Refert

1933 1508 1988 1552 et
2018 1500 2069 1552 in
2096 1510 2207 1553 tota
2236 1500 2623 1569 Mesopotamia
2660 1514 2859 1558 terram
2878 1505 3136 1570 movisse,
3166 1504 3378 1558 initium
3422 1505 3507 1558 ni-

1933 1592 2130 1644 mirum
2174 1593 2569 1657 calamitatum,
2600 1610 2720 1665 qua
2745 1598 3048 1651 subsecutae
3075 1608 3223 1651 sunt.

2007 1685 2066 1739 In
2098 1684 2319 1740 Oriente
2362 1688 2429 1742 ad
2485 1686 2710 1741 Tanaim
2736 1687 2895 1742 Turci
2919 1689 3138 1758 degunt,
3171 1688 3261 1757 qui
3330 1688 3507 1744 Masa-

1934 1788 2071 1847 gelae
2104 1780 2403 1848 antiquitus
2432 1780 2583 1843 dicti,
2617 1794 2647 1832 a
2700 1779 2885 1836 Persis
2914 1796 3011 1835 sua
3056 1782 3239 1851 lingua
3292 1780 3507 1836 Kermi-

1935 1869 2145 1922 chiones
2162 1869 2521 1938 appellantur.
2546 1871 2610 1925 lli
2660 1880 2984 1942 tempestate
3020 1874 3121 1927 bac
3145 1874 3349 1945 legatos
3383 1891 3506 1930 cum

1934 1963 2253 2018 muneribus
2279 1964 2349 2018 ad
2386 1962 2658 2019 Iustinum
2701 1965 2834 2035 imp.
2874 1965 3142 2033 legarunt,
3189 1981 3255 2020 ne
3298 1968 3508 2022 Abaros

1933 2057 2201 2125 reciperet
2229 2056 2598 2113 obsecrantes.
2634 2058 2728 2112 Ille
2772 2073 2994 2113 munera
3020 2058 3250 2114 libenter
3277 2060 3507 2130 accepit,

1934 2148 2192 2217 omnique
2221 2149 2357 2202 adeo
2399 2147 2788 2204 benevolentiae
2820 2159 2983 2219 atque
3014 2149 3364 2205 humanitatis
3418 2166 3512 2220 ge-

1935 2254 2068 2294 nere
2128 2241 2445 2309 complexus
2495 2242 2714 2296 domum
2765 2242 2995 2297 remisit.
3058 2243 3304 2310 Cumque
3344 2244 3508 2297 Abari

1934 2343 2059 2383 mox
2096 2330 2456 2385 accessissent
2490 2330 2602 2401 (qui
2663 2329 2999 2385 Pannoniam
3054 2331 3318 2397 habitare,
3350 2347 3511 2400 pace-

1933 2437 2039 2491 que
2063 2421 2172 2477 frui
2196 2422 2565 2478 Romanorum
2609 2423 2995 2494 precabantur)
3021 2426 3090 2479 ob
3142 2425 3325 2479 datam
3367 2423 3509 2477 Tur-

1933 2514 2014 2569 cis
2041 2514 2221 2577 fidem,
2242 2524 2536 2583 pactasque
2560 2517 2922 2580 conditiones,
2944 2517 3211 2585 repulsam
3248 2518 3507 2572 tulerunt.

2004 2604 2335 2675 Bombyctun
2373 2605 2489 2675 (85)
2544 2608 2811 2675 originem
2862 2609 3026 2663 homo
3072 2610 3287 2677 quidam
3316 2608 3507 2672 Persa,

1934 2697 2238 2754 .Iustiniano
2264 2700 2583 2767 imperante,
2603 2698 3071 2769 Constantinopoli
3102 2701 3359 2764 ostendit,
3380 2717 3509 2755 nun-

1934 2805 2096 2858 quam
2126 2798 2285 2845 antea
2315 2790 2580 2846 Romanis
2612 2793 2905 2859 cognitam.
2938 2791 3034 2845 ilic
3058 2791 3220 2846 Persa
3254 2807 3285 2846 e
3315 2792 3507 2847 Serum

1938 2883 2159 2951 regione
2180 2882 2479 2953 profecws,
2504 2883 2769 2937 vermium
2795 2898 2978 2938 semen
3023 2882 3194 2938 ferula
3219 2883 3507 2945 inclusum,

1935 2972 2455 3043 Constantinopolim
2493 2973 2702 3027 salvum
2733 2974 3040 3041 deportavit
3086 2974 3250 3045 26b,
3283 2988 3346 3028 ac
3383 2990 3512 3028 vere

1936 3058 2158 3114 ineunte
2187 3060 2238 3113 in
2271 3060 2588 3115 alimentum
2622 3063 2757 3116 mori
2789 3061 2932 3117 foliis
2961 3064 3169 3117 semina
3207 3064 3465 3133 imposuit
3492 3082 3504 3095 -

1934 3166 2053 3217 quae
2102 3150 2247 3206 foliis
2277 3152 2504 3216 nutrita,
2530 3162 2584 3206 et
2609 3154 2660 3207 in
2697 3153 2811 3209 alas
2838 3169 2899 3208 se
2940 3155 3254 3221 induerunt,
3284 3168 3339 3211 et
3376 3157 3513 3211 ntire

1933 3252 2217 3315 coeperunt
2243 3242 2477 3309 operari.
2514 3241 2657 3311 Ergo
2683 3244 3005 3315 bombycum
3030 3256 3231 3311 ortum,
3266 3248 3511 3302 texendi-

1934 3348 2039 3402 que
2072 3308 2361 3387 artificium
2394 3350 2516 3389 cum
2541 3345 2664 3404 post
2703 3334 2900 3391 Turcis
2927 3338 3174 3393 Justinus
3206 3340 3510 3407 imperator

1933 3425 2283 3492 ostendisset,
2313 3427 2669 3481 vehementer
2684 3428 3082 3497 obstupuerunt
3115 3446 3278 3496 ;nam
3315 3433 3507 3485 Serum

1935 3516 2009 3570 illi
2053 3526 2161 3569 tum
2216 3521 2458 3585 emporia
2504 3528 2801 3587 portusque
2854 3522 3126 3597 tenebant,
3178 3538 3298 3591 qua:
3334 3524 3512 3585 Persa:

1935 3608 2087 3677 prius
2143 3620 2444 3664 tenuerant.
2505 3610 2876 3677 prthalanus
2918 3612 3063 3665 enim
3115 3612 3509 3683 Ephtalitarum

1936 3713 2029 3752 rex
2064 3700 2113 3769 (a
2132 3714 2239 3767 quo
2266 3708 2321 3752 et
2351 3699 2764 3767 appellationem
2794 3698 3106 3754 universum
3131 3716 3301 3769 genus
3324 3704 3509 3773 traxit)

1935 3789 2174 3844 Perozen
2232 3799 2287 3843 et
2335 3790 2529 3844 Persas
2554 3805 2677 3845 cum
2710 3791 2929 3846 vicisset
2961 3791 3101 3861 (86),
3130 3792 3372 3847 'sulunoti
3429 3795 3512 3850 bis

1934 3883 2070 3937 locis
2118 3884 2320 3947 Persae,
2355 3900 2536 3938 rerum
2589 3899 2718 3937 vero
2757 3884 2909 3953 potiti
2949 3895 3087 3939 sunt
3137 3885 3466 3954 prtbalitaa
3493 3928 3510 3953 ,

1934 3990 2071 4044 quos
2094 3984 2218 4042 post
2244 3974 2404 4044 paulo
2440 3975 2603 4031 Turci
2629 3977 2815 4044 praelio
2846 3988 3191 4044 superantes,
3232 3978 3317 4033 bis
3344 3982 3511 4033 etiam

1937 4068 2132 4123 finibus
2165 4067 2509 4137 pepulerunt.

2005 4156 2252 4211 Justinus
2304 4155 2661 4211 Zemarcbum
2700 4157 2767 4209 ad
2796 4154 3005 4211 Turcos
3057 4157 3293 4226 legatum
3329 4158 3513 4215 misit:

1936 4249 2027 4315 qui
2052 4258 2105 4301 et
2129 4248 2345 4317 publice
2389 4261 2482 4301 eos
2520 4246 2696 4316 epulis
2742 4248 3047 4316 excipiens,
3078 4249 3336 4318 omnique
3378 4251 3517 4305 adeo

247 4363 377 4424 τοὺς
401 4361 683 4430 Τούρκους
711 4360 806 4413 καὶ
834 4363 893 4421 ἐς
920 4358 991 4412 τὰ
1034 4358 1271 4430 μάλιστα
1327 4355 1746 4428 φιλοφρονηθεὶς
1778 4356 1833 4419 ἐς

1939 4340 2099 4395 olﬁcii
2131 4355 2329 4409 genere
2361 4349 2639 4409 exceptus,
2680 4337 3206 4408 ConstantinOpolim
3255 4341 3517 4396 remissus

247 4452 306 4504 τὸ
328 4429 627 4515 Βυζάντιον
664 4451 913 4521 ἐπανῄει.
969 4429 1058 4503 At);
1087 4451 1180 4503 καὶ
1207 4452 1236 4503 ὁ
1269 4451 1515 4520 Χοσρόης
1542 4450 1627 4501 ἐπ’
1654 4446 1833 4501 Αἰθίο-

1939 4444 2041 4489 est.
2071 4433 2433 4501 Quamobrem
2460 4434 2624 4487 etiam
2649 4432 2920 4489 Chosroes
2947 4434 2998 4487 in
3026 4432 3331 4502 Aitbiopas,
3366 4434 3520 4487 ami-

250 4560 382 4607 πας,
414 4542 603 4611 φίλους
636 4542 797 4604 ὄντας
821 4542 1275 4612 ”Ρωμαίοις,τοὺς
1300 4542 1469 4595 πάλαι
1494 4541 1592 4611 μὲν
1610 4542 1835 4612 Μακροο

251 4636 399 4699 ϐίους
424 4635 520 4687 νῦν
568 4634 627 4689 δέ
685 4634 984 4705 Ὀμηρίτας
1034 4634 1427 4703 καλουμένους,
1479 4635 1834 4703 ἐστράτευσε,

252 4727 347 4780 καὶ
371 4728 460 4780 τόν
484 4744 546 4779 τε
567 4728 591 4757 δ
618 4726 843 4796 βασιλέα
869 4727 977 4778 τῶν
1007 4727 1147 4795 Ὀμη
1157 4724 1320 4795 ριτῶν
1344 4724 1728 4795 Σανατούρκην
1747 4724 1836 4777 διὰ

254 4818 541 4887 Μηράνους
572 4817 667 4870 τοῦ
701 4816 927 4885 Περσῶν
959 4815 1270 4887 στρατηγοῦ
1296 4815 1604 4889 ἐζώγρησε,
1646 4817 1749 4885 τήν
1773 4831 1837 4867 τε

255 4908 408 4960 πόλιν
434 4909 615 4961 αὐτῶν
649 4907 1007 4979 ἐξεπόρθησε,
1030 4909 1125 4962 καὶ
1154 4908 1215 4961 τὸ
1243 4907 1395 4971 ἔθνος
1423 4908 1831 4977 παρεστήσατο.

257 4998 485 5064 Διέξεισι
511 5000 568 5052 δὲ
599 5002 696 5053 καὶ
742 5001 891 5063 ὅπως
932 5000 1210 5070 Ἀρμένιοι
1241 4998 1336 5072 [59
1370 4997 1462 5071 Η.]
1499 4998 1605 5051 ὑπὸ
1626 4998 1835 5067 Σουρή-

256 5107 347 5142 νου
372 5091 395 5121 ⁸
416 5092 767 5161 κακούμενοι,
823 5092 918 5145 καὶ
966 5092 1202 5160 μάλιστα
1245 5092 1373 5162 περὶ
1404 5090 1502 5162 τὴν
1529 5089 1833 5154 εὐσέϐειαν,

1939 4540 2032 4580 cos
2063 4524 2241 4596 populi
2267 4523 2494 4577 Romani
2551 4524 2699 4594 (olim
2748 4523 3070 4589 Macrobios,
3099 4538 3240 4577 nunc
3271 4520 3487 4577 llomeri
3508 4549 3523 4566 ν»

1940 4628 2025 4673 tas
2083 4616 2402 4687 appellatos)
2457 4616 2854 4685 expeditionem
2913 4614 3173 4683 suscepit,
3231 4626 3520 4682 regemque

1940 4709 2343 4765 Homeritarum
2377 4709 2737 4773 Sanaturcen,
2759 4721 2924 4776 opera
2959 4705 3194 4761 Meranis
3228 4705 3519 4761 Persarum

1942 4804 2119 4865 ducis,
2156 4804 2337 4855 vivum
2397 4801 2563 4868 cepit,
2599 4799 2844 4866 urbeque
2874 4813 3061 4853 eorum
3089 4799 3321 4868 direpta,
3368 4799 3522 4851 inco-

1943 4893 2022 4948 las
2051 4891 2377 4960 subjugavit.
2412 4890 2655 4943 Armenii
2688 4905 2718 4942 a
2753 4888 2950 4943 Surina
2979 4888 3117 4943 male
3143 4889 3346 4957 accepti
3378 4887 3521 4958 (ma—

1942 4991 2089 5044 xime
2136 4990 2189 5042 in
2244 4986 2461 5056 pietatis
2506 4984 2896 5055 religionisque
2961 4982 3201 5055 negotio)
3238 4984 3517 5048 Surinam,

1945 5085 2319 5156 coniuratione
2362 5082 2529 5136 facta.
2568 5096 2666 5153 per
2709 5079 3041 5143 Vardauum,
3072 5080 3247 5151 (cujus
3296 5079 3518 5131 fratrem

1555 5226 1790 5283 VARUE
1830 5222 2237 5281 LECTIONES.

338 5340 387 5369 "
418 5340 575 5417 αὺτρῦ
751 5343 797 5374 ⁹⁹
828 5341 1059 5408 διδόντος
1105 5363 1163 5408 ς.
1249 5346 1265 5376 ¹
1292 5343 1386 5417 τὰ]
1438 5343 1565 5401 libri
1611 5363 1691 5402 ετ.
1770 5347 1790 5376 ¹
1817 5344 2124 5415 μασαγέται
2174 5360 2233 5405 ς.

268 5410 417 5475 ρίνου
438 5423 487 5465 et
502 5414 764 5483 Σουρίναν
819 5430 882 5475 ς.

2331 5340 2557 5393 ³αὐτῶν
2611 5352 2694 5405 pr.
2749 5335 2815 5389 A.
2892 5333 2999 5385 δτε
3033 5332 3158 5386 add.
3200 5331 3265 5385 A.
3340 5330 3361 5359 ⁸
3394 5330 3525 5381 Zeu—

1781 5499 2006 5556 ΝΟΤΛΞ.

342 5614 455 5687 (84)
474 5617 715 5672 Justinus
729 5617 936 5687 junior.

342 5685 455 5757 (85)
484 5691 554 5743 De
575 5691 663 5743 his
695 5684 751 5742 et
798 5687 1103 5757 Tbeopbyl.
1144 5688 1448 5744 Simocatcs
1480 5685 1573 5741 lib.
1600 5701 1695 5751 vn,
1723 5684 1827 5744 inf.

275 5756 405 5810 cod.
462 5774 563 5813 sec.
626 5767 682 5813 et
737 5756 969 5827 Procop.
1028 5760 1120 5811 lib.
1178 5775 1275 5826 1v;
1338 5758 1565 5827 Nicepb.
1624 5772 1839 5826 quoque

508 5851 781 5913 ΡΑτιιοι..
818 5850 939 5912 Gn.
971 5850 1134 5911 CIII.

1958 5612 2050 5667 lib.
2087 5629 2215 5666 xv".
2254 5628 2375 5680 cap.
2405 5613 2494 5667 '59..

2013 5684 2121 5755 (86)
2151 5683 2284 5739 Vide
2312 5699 2463 5753 supr.
2500 5682 2729 5751 Procop.
2755 5681 2932 5751 princ.
2957 5680 3083 5737 cud.
3112 5682 3201 5736 63.

3135 5842 3173 5901 5
