3980 6234
482 287 580 350 139

1634 285 1894 345 ΡΗΟΤΙΙ
1932 283 2434 344 ΡΑΤΒΙΑΒΟΗᾸΞ
2472 285 2577 344 CP.

3613 286 3717 352 N0

479 398 781 453 Manuelem
807 398 897 452 ille
921 396 1298 467 interfecerat)
1330 407 1382 452 et
1408 397 1569 449 alium
1599 397 1886 464 quemdam
1911 395 2042 450 Ver-

2152 394 2236 448 τόν
2265 413 2322 448 τε
2347 396 2624 465 Σουρήναν
2664 395 2942 465 ὁμοφρονή
2954 411 3144 459 σαντες
3173 396 3264 450 διὰ
3294 396 3626 470 Οὐαρδάνου,
3657 394 3721 455 οὗ

479 492 607 544 dum
663 490 1015 555 occiderunt;
1042 499 1096 544 et
1123 506 1151 544 a
1184 489 1361 544 Persis
1390 489 1704 543 deficientes
1735 490 1801 543 ad
1845 489 2046 544 Roma-

480 597 579 636 nos
612 582 900 648 transiere,
948 582 1248 651 relictoque
1296 581 1494 650 oppido
1518 582 1662 650 quod
1717 581 2045 647 incolebant,

480 675 635 729 Dubii
666 676 902 740 nomine,
937 674 988 727 in
1017 674 1384 726 Romanorum
1420 673 1690 740 regionem
1717 676 2046 742 commigra-

478 777 624 820 runt.
683 767 862 834 Atque
923 766 1036 820 haec
1073 765 1187 832 ipsa
1239 766 1578 833 potissimum
1647 780 1810 818 causa
1871 765 2049 820 Persis

475 858 577 911 fuit
609 858 888 926 rumpendi
922 857 1162 919 fwderis,
1210 857 1655 926 induciarumque
1689 871 1809 910 cum
1841 855 2042 910 Roma-

475 950 580 1003 nis.
624 949 976 1002 Desciverunt
1034 959 1153 1016 post
1204 949 1302 1003 hos
1331 950 1514 1003 statim
1567 950 1728 1002 etiam
1761 949 1961 1013 Iberes,
1991 958 2046 1004 et

476 1041 724 1108 Gorgeue
782 1039 928 1108 ipsos
957 1038 1212 1100 ducente,
1241 1039 1306 1092 ad
1362 1038 1636 1094 Romanos
1689 1042 2042 1094 transierunt.

473 1132 784 1203 Metropolis
817 1142 998 1187 autem
1028 1131 1307 1186 Iberorum
1359 1131 1592 1202 Tiphilis
1645 1142 1772 1188 tunc
1797 1145 1934 1190 erat.

540 1309 847 1365 Marcianus
891 1309 1089 1364 Justini
1153 1310 1281 1380 imp.
1339 1311 1619 1381 patruelis,
1664 1312 1905 1369 Orientis
1937 1315 2043 1368 dux

465 1401 574 1470 jam
603 1404 962 1465 renuntiatus,
982 1404 1032 1456 in
1056 1405 1449 1472 expeditionem
1469 1407 1728 1462 adversus
1745 1407 2042 1474 Chosroen,

469 1505 660 1547 oetavo
723 1495 851 1561 imp.
911 1492 1109 1548 Justini
1175 1511 1304 1550 anu.
1375 1497 1569 1552 missus
1637 1508 1739 1554 est.
1809 1497 2046 1553 Joannes

467 1599 598 1637 vero
630 1585 900 1640 Armeniae
939 1587 1043 1639 dux
1065 1597 1118 1640 et
1165 1587 1410 1642 Meranes
1461 1589 1766 1653 Persarum,
1839 1591 1929 1660 qui
1989 1600 2045 1644 et

468 1675 870 1740 Baramaanes,
935 1679 1233 1732 exercitum
1306 1679 1644 1747 colligebant.
1722 1681 1788 1734 Et
1850 1684 2043 1734 Arme-

469 1769 574 1822 niis
637 1768 853 1837 quidem
947 1770 1127 1824 socios
1195 1786 1253 1824 se
1334 1772 1775 1839 conjunxerunt,
1832 1773 2038 1838 Colchi,

468 1859 694 1928 Abasgi,
742 1869 796 1913 et
842 1857 1043 1915 Saroes
1095 1876 1188 1914 rex
1239 1861 1534 1914 Alanorum
1575 1881 1586 1914 :
1643 1863 1879 1915 Merauze
1912 1878 2042 1918 vero

469 1949 648 2003 Sabiri
677 1951 815 2020 (87),
850 1961 904 2004 et
935 1953 1178 2020 Daganes
1208 1967 1263 2007 et
1321 1951 1582 2006 Dilmaina
1616 1970 1768 2022 gens.
1809 1954 2040 2010 Marcia-

472 2057 572 2094 nus
602 2043 666 2094 ad
715 2041 1098 2096 Nisibenorum
1154 2043 1363 2108 urbem,
1404 2043 1573 2112 signis
1601 2043 1835 2110 Collatis,
1871 2044 2042 2100 Mera-

467 2148 589 2185 nem
635 2133 690 2186 in
749 2133 925 2204 fugam
985 2134 1501 2202 couvertit:eoque
1563 2135 1752 2202 praelio
1819 2137 1963 2190 mille
1988 2146 2043 2192 et

467 2225 727 2279 ducentos
780 2226 996 2290 cecidit,
1068 2227 1210 2296 27a
1270 2227 1421 2282 vivos
1481 2229 1620 2296 cepit
1682 2229 2039 2298 septuaginta,

467 2317 732 2372 Romanis
753 2326 964 2387 septem
989 2319 1251 2374 duntaxat
1286 2319 1626 2374 desideratis.
1661 2319 1780 2375 Mox
1827 2321 2041 2375 Nisibe-

467 2427 658 2464 nortttn
694 2412 892 2465 mmuia
926 2410 1204 2466 obsidione
1233 2411 1722 2480 cinxit.Chosroes,
1754 2428 1811 2468 re
1834 2423 2044 2468 mature

466 2501 706 2569 cognita,
729 2502 1089 2570 quadraginta
1126 2503 1372 2569 equitum
1406 2503 1601 2565 millia,
1648 2504 1888 2573 peditum
1911 2519 2043 2557 vero

467 2593 702 2662 amplius
728 2605 948 2648 centum
988 2595 1319 2658 conducens,
1354 2596 1613 2650 auxilium
1647 2595 1810 2660 ferre,
1832 2605 1887 2650 et
1917 2611 2042 2650 cum

467 2683 730 2740 Romanis
767 2681 1058 2753 confligere
1123 2687 1450 2756 properavit.
1508 2687 1718 2741 Interea
1754 2687 1858 2741 loci
1902 2687 2044 2757 apud

471 2777 862 2844 imperatorem
894 2775 1201 2832 Marcianus
1231 2777 1469 2832 aﬂectati
1497 2779 1703 2848 imperii
1735 2787 2041 2842 accusatur,

466 2877 524 2921 et
541 2867 826 2923 calumniae
860 2868 1018 2923 ﬁdem
1052 2869 1318 2924 adhibens
1334 2867 1606 2935 Justinus,
1630 2869 1904 2924 exercitus
1920 2885 2042 2923 eum

472 2960 706 3028 imperio
741 2961 1034 3027 submovit,
1061 2961 1518 3030 Theodorumque
1543 2963 1834 3016 Justiniani
1872 2961 2042 3015 ﬁlium

2149 486 2240 541 τὸν
2271 487 2500 557 ἀδελφὸν
2521 489 2779 559 Μανουὴλ
2805 487 3099 558 ἐτύγχανεν
3133 489 3355 553 ἀνελὼν,
3382 492 3474 544 καὶ
3508 492 3575 545 δι’
3603 493 3723 546 ἑτέ-

2151 595 2246 648 ρου
2275 579 2419 642 τινὸς
2441 579 2682 650 Οὐάρδου
2733 579 2964 647 ἀνεῖλον,
3007 582 3100 634 καὶ
3133 582 3356 651 Περσῶν
3387 584 3723 648 ἀποστάντες

2162 667 2453 738 Ῥωμαίοις
2517 670 2967 741 προσεχώρησαν,
3010 673 3073 724 τὸ
3111 673 3334 736 Δούϐιος
3365 674 3426 726 τὸ
3455 675 3718 745 πόλισμα,

2148 761 2204 812 ὲν
2301 759 2602 829 κατῴκουν,
2628 759 2984 824 ἀπολιπόντες
3015 763 3110 816 καὶ
3147 763 3284 833 πρὸς
3318 767 3388 816 τὰ
3432 763 3722 834 Ῥωμαίων

2148 852 2254 922 ῆΘη
2306 852 2628 922 γενόμενοι·
2667 852 2761 904 καὶ
2793 851 2950 905 τοῦτο
2985 853 3221 921 μάλιστα
3267 853 3455 923 γέγονε
3483 857 3584 924 τῆς
3611 857 3724 911 τῶν

2148 943 2374 1012 Περσῶν
2400 943 2533 1013 πρὸς
2567 943 2873 1013 Ῥωμαίους
2892 944 3134 997 σπονδῶν
3156 947 3504 1010 καταλύσεως
3523 951 3717 1004 αἴτιον.

2161 1036 2498 1105 Ἀπέστησαν
2524 1036 2580 1090 δὲ
2609 1038 2919 1108 παραυτίκα
2947 1037 3042 1090 καὶ
3066 1038 3302 1108 Ἴϐηρες,
3323 1040 3416 1091 καὶ
3437 1041 3722 1110 προσεχώ-

2151 1143 2321 1195 ρησαν
2366 1127 2679 1196 Ῥωμαίοις,
2721 1127 3018 1196 Γοργένους
3048 1127 3229 1180 αὐτῶν
3254 1131 3680 1200 ἡγεμονεύοντος
3699 1147 3716 1163 ο

2146 1213 2214 1289 ἦν
2263 1218 2323 1270 δὲ
2376 1217 2486 1270 τῶν
2538 1217 2763 1288 Ἰϐήρων
2815 1218 2936 1271 τότε
2975 1221 3008 1289 ἡ
3052 1219 3306 1287 Τίφιλις⁶
3361 1222 3716 1291 μητρόπολις.

2220 1308 2342 1362 Ὅτι
2364 1311 2679 1380 Μαρκιανὸς
2705 1312 2732 1363 6
2759 1309 2854 1363 τοῦ
2890 1310 3176 1365 Ἰουστίνου
3211 1310 3306 1364 τοῦ
3343 1313 3605 1382 βασιλέως
3630 1313 3720 1378 ἐξ·

2147 1403 2392 1472 άδελφος,
2420 1404 2518 1473 τῆς
2558 1403 2671 1455 Ἕω
2697 1403 3102 1474 χειροτονηθεὶς
3151 1407 3473 1474 στρατηγὸς,
3519 1406 3598 1468 εἰς
3627 1406 3719 1459 τὸν

2147 1493 2282 1566 πρὸς
2304 1496 2549 1566 Χοσρόην
2591 1495 2828 1564 πόλεμον
2886 1495 3058 1566 ὀγδόῳ
3110 1495 3220 1549 ἔτει
3278 1499 3376 1568 τῆς
3432 1497 3718 1551 Ἰουστίνου

2147 1586 2421 1656 βασιλείας
2443 1585 2915 1650 ὲξαποστέλλεται.
2950 1586 3036 1658 [81
3069 1586 3159 1658 8.]
3189 1587 3442 1657 Ἰωάννης
3471 1589 3526 1641 δὲ
3563 1591 3591 1642 6
3618 1591 3720 1659 τῆς

2158 1679 2448 1747 Ἀρμενίας
2473 1679 2780 1748 στρατηγὸς
2810 1679 2905 1732 καὶ
2957 1679 3208 1749 Μιρανης
3228 1680 3248 1710 ⁷
3279 1681 3306 1733 6
3330 1678 3438 1732 τῶν
3468 1680 3714 1751 Περσῶν,

2142 1773 2169 1822 ὁ
2198 1771 2292 1822 καὶ
2326 1771 2718 1840 Βαραμαάνης,
2752 1772 2850 1840 τὴν
2883 1772 3170 1842 στρατείαν
3203 1771 3573 1842 συνήθροιζον.
3606 1775 3717 1825 Καὶ

2142 1863 2254 1922 τοῖς
2290 1861 2389 1929 μὲν
2452 1861 2758 1930 Ἀρμενίοις
2810 1861 3146 1931 συνεμάχουν
3196 1861 3418 1930 Κόλχοι,
3461 1861 3718 1929 Ἀϐασγοὶ

2143 1953 2235 2004 καὶ
2271 1951 2497 2022 Σαρώης
2527 1952 2548 1983 ⁸
2582 1954 2610 2005 6
2650 1951 2888 2006 Ἀλανῶν
2945 1952 3214 2022 βασιλεὺς,
3267 1952 3345 2023 τῷ
3383 1953 3440 2005 δὲ
3499 1953 3720 2024 Μιράνῃ

2143 2045 2364 2116 Σάϐιροι
2396 2047 2490 2098 καὶ
2515 2045 2755 2108 Δαγάνες
2783 2047 2802 2078 ⁹
2830 2046 2925 2099 καὶ
2952 2046 3012 2098 τὸ
3030 2045 3319 2115 Διλμαῖνὸν
3352 2045 3522 2107 ἔθνος.
3555 2046 3719 2098 Πολε-

2146 2141 2325 2210 μὴσας
2354 2141 2396 2171 ¹⁰
2425 2139 2480 2192 δὲ
2501 2142 2528 2192 6
2557 2138 2874 2210 Μαρκιανὸς
2901 2138 2992 2190 τὸν
3018 2139 3271 2210 Μιράνην
3293 2137 3420 2205 περὶ
3447 2137 3543 2207 τὴν
3569 2137 3614 2188 Ν
3623 2155 3719 2190 ισι-

2143 2232 2322 2303 ϐηνῶν
2353 2233 2396 2263 ³⁸
2425 2231 2580 2285 πόλιν
2611 2231 2774 2284 αὑτὸν
2801 2232 2898 2301 μὲν
2933 2233 2990 2294 ὲς
3045 2231 3224 2300 φυγὴν
3254 2229 3500 2300 ἔτρεψεν,
3543 2228 3720 2282 ἀνεῖλε

2141 2325 2198 2377 δὲ
2226 2326 2285 2377 ἐν
2315 2327 2382 2394 τῇ
2417 2325 2566 2394 μάχῃ
2613 2324 2818 2394 χιλίους
2864 2324 2957 2376 καὶ
3003 2323 3330 2385 διακοσίους,
3374 2323 3468 2376 καὶ
3519 2322 3719 2386 ζῶντες

2143 2414 2457 2486 ἐλήφθησαν
2481 2421 2558 2467 o"
2604 2414 2890 2484 Ῥωμαίων
2947 2413 3004 2466 δὲ
3057 2413 3245 2480 ἄνδρες
3286 2413 3328 2444 ¹⁸
3377 2413 3722 2485 ἀνῃρέθησαν

2145 2505 2187 2569 ζ’
2213 2525 2226 2539 ·
2257 2507 2566 2576 ἐπολιόρκει
2611 2523 2671 2559 τε
2731 2506 2830 2576 ἤδη
2859 2504 2950 2558 καὶ
2985 2506 3045 2558 τὸ
3069 2507 3178 2558 τῶν
3208 2507 3254 2558 Ν
3263 2507 3517 2577 ισιϐηνῶν
3546 2505 3589 2536 ¹³
3611 2507 3722 2558 τεῖ-

2143 2617 2256 2670 χος.
2305 2600 2554 2670 Χοσρόης
2597 2597 2653 2651 δὲ
2685 2596 2862 2651 ταῦτα
2917 2597 3104 2668 μαθὼν
3160 2598 3570 2667 τεσσαράκοντα
3620 2597 3720 2666 μὲν

2144 2691 2390 2762 χιλιάδας
2430 2690 2640 2743 ἱππέων
2671 2691 2735 2752 ³⁵,
2768 2687 2950 2753 πεζῶν
2995 2688 3052 2741 δὲ
3081 2687 3222 2759 ὑπὲρ
3247 2688 3346 2751 τὰς
3382 2688 3576 2741 ἑκατὸν
3598 2705 3722 2742 συν-

2144 2785 2372 2856 αγείρας
2398 2783 2661 2854 ἠπείγετο
2680 2780 2892 2852 βοηθεῖν
2915 2781 3012 2834 καὶ
3035 2779 3293 2850 πολεμεῖν
3331 2778 3716 2849 Ῥωμαίουςη.

2146 2876 2236 2928 Ἐν
2255 2873 2430 2944 τούτῳ
2457 2873 2512 2926 δὲ
2546 2870 2890 2926 διαϐάλλεται
2913 2871 2941 2921 6
2964 2871 3281 2940 Μαρκιανὸς
3311 2869 3388 2940 τῷ
3408 2869 3618 2938 βασιλεί
3645 2869 3722 2932 ὼς

2145 2967 2284 3038 ἐρῶν
2333 2965 2666 3035 τυραννίδος,
2708 2963 2802 3017 καὶ
2840 2963 2868 3014 6
2909 2963 3164 3033 βασιλεὺς
3207 2962 3251 2994 ³⁸
3286 2962 3528 3024 πεισθεὶς
3561 2961 3724 3014 αὐτὸν

471 3050 669 3105 Tziron
721 3060 1098 3121 cognomento,
1152 3051 1386 3107 suﬂecit.
1417 3053 1552 3109 lIinc
1594 3053 1826 3108 turbatis
1856 3052 2038 3119 rebus,

2152 3058 2246 3127 μὲν
2269 3056 2544 3124 παρέλυσε
2569 3055 2669 3123 τῆς
2702 3052 2897 3122 ἀρχῆς,
2947 3050 3226 3122 Θεόδωρον,
3251 3051 3724 3117 ἀντικαταστήσας

471 3143 702 3197 Romani
742 3157 963 3214 quoque
1000 3143 1340 3199 obsidionem
1374 3143 1673 3209 solverunt,
1701 3141 2044 3198 ctChosroes

471 3239 640 3292 Daras
669 3245 1034 3308 oppugnatam
1071 3237 1256 3291 urbem
1285 3237 1336 3290 vi
1357 3237 1516 3305 cepit.

1179 3501 1337 3557 LXV.

1179 3501 1218 3557 Ι..
1273 3501 1337 3557 ν.

552 3594 926 3666 Tlteophylacti
957 3501 1268 3650 Simocattf
1286 3592 1647 3650 Historiarum
1689 3594 1810 3647 libri
1851 3610 1971 3650 vut.

535 3770 686 3827 Lecti
745 3781 871 3827 sunt
917 3771 1302 3842 Theopltylacti
1367 3769 1696 3840 cxpraefecti,
1741 3779 1799 3825 et
1843 3769 2046 3826 Scriba:

464 3872 590 3918 octo
619 3862 739 3916 libri
774 3861 1156 3915 Historiarum.
1187 3860 1280 3915 Est
1313 3860 1398 3916 hic
1423 3860 1855 3931 Theopltylactus
1885 3862 2045 3918 domo

465 3955 778 4025 Egyptius.
818 3954 994 4008 Dictio
1028 3953 1170 4008 illius
1215 3951 1444 4008 Veneris
1476 3953 1682 4022 aliquid
1713 3954 1893 4022 habet,
1939 3955 2042 4011 nisi

463 4049 607 4117 quod
641 4047 884 4116 ﬁguratis
913 4045 1152 4113 vocibus,
1184 4055 1240 4100 et
1263 4044 1567 4114 allegoricis
1582 4044 1829 4101 sensibus
1861 4047 2044 4117 putide

464 4140 625 4194 nimis
680 4154 744 4193 ac
797 4137 1112 4207 frequen-ter
1142 4140 1209 4192 ad
1242 4137 1542 4194 satietatem
1601 4153 1754 4205 usus,
1789 4140 1841 4194 in
1889 4140 2043 4210 frigi-

462 4235 684 4288 ditatem
729 4233 1017 4302 quamdam
1067 4245 1131 4286 ac
1159 4228 1428 4298 iuveniles
1481 4229 1713 4299 ineptias
1751 4229 2040 4284 dilabatur.

2147 3149 2239 3203 τὸν
2267 3148 2360 3202 τοῦ
2389 3143 2763 3199 ἰουστινιανοῦ
2803 3144 2996 3208 παῖδα,
3034 3144 3231 3213 Τζίρον
3263 3143 3514 3214 ἐπίκλην.
3563 3143 3722 3196 Ἀτα-

2147 3241 2267 3306 ξίας
2305 3239 2361 3292 δὲ
2388 3238 2477 3291 διὰ
2496 3237 2671 3291 ταῦτα
2698 3236 2984 3308 συμϐάσης
3022 3238 3122 3308 τῆς
3145 3255 3204 3290 τε
3241 3237 3560 3308 πολιορκίας
3597 3237 3725 3291 Ῥω-

2149 3333 2300 3401 μαῖοι
2322 3331 2646 3401 ἀπέσχοντο,
2672 3333 2764 3384 καὶ
2784 3331 3030 3402 Χοσρόης
3061 3331 3124 3383 τὸ
3148 3329 3329 3400 Δαράς
3357 3329 3723 3401 πολιορκήσας

2148 3425 2534 3495 παρεστήσατο
2569 3424 2632 3477 ¹⁷.

2859 3514 2980 3568 EE’.

2149 3608 2576 3679 Θεοφυλὰκτου
2628 3609 2748 3664 ἀπὸ
2807 3607 3094 3679 ἐπάρχων,
3147 3606 3247 3661 καὶ
3295 3604 3720 3676 ἀντιγραφέως,

2739 3681 2912 3748 λόγοι
2955 3677 3129 3732 ὀκτώ.

2231 3772 2570 3845 ’Δνεγνώσθη
2609 3771 2990 3842 Θεοφυλάκτου
3029 3772 3139 3824 ἀπὸ
3165 3771 3421 3840 ἐπάρχων
3452 3771 3544 3822 καὶ
3576 3770 3725 3822 ἀντι-

2148 3868 2410 3936 γραφέως
2443 3867 2693 3937 ἱστοριῶν
2731 3865 2878 3934 λόγοι
2917 3861 3246 3917 ὀκτώ.Ἐστι
3275 3863 3331 3914 δὲ
3361 3855 3515 3923 οὗτος
3540 3863 3569 3914 6
3597 3861 3726 3913 Θεο-

2147 3958 2419 4030 φύ>.ακτος
2450 3957 2529 4027 τῷ
2571 3957 2719 4026 γένει
2776 3955 3095 4024 Αἰγύπτιος.
3163 3953 3227 4007 Ἥ
3287 3954 3469 4022 μέντοι
3523 3953 3725 4022 φράσις

2145 4051 2296 4121 αύτῷ
2315 4050 2428 4121 ἔχει
2469 4049 2571 4120 μέν
2607 4067 2660 4102 τι
2693 4035 2948 4119 χάριτος,
2995 4046 3134 4116 πλήν
3161 4063 3225 4114 γε
3277 4046 3342 4115 δὴ
3375 4046 3408 4114 ὴ
3453 4044 3561 4097 τῶν
3593 4061 3723 4115 τροο

2146 4143 2325 4198 πικῶν
2367 4141 2566 4207 λέξεων
2605 4141 2701 4194 καὶ
2751 4139 2851 4210 τῆς
2900 4137 3272 4211 ἀλληγορικῆς
3310 4137 3519 4198 ἐννοίας
3550 4152 3722 4188 κατα-

2147 4233 2316 4304 κορὴς
2363 4231 2560 4302 χρῆσις
2610 4231 2693 4293 είς
2732 4229 3100 4301 ψυχρολογίαν
3147 4227 3271 4282 τινὰ
3318 4227 3414 4279 καὶ
3463 4225 3722 4295 νεανικὴν

461 4325 846 4380 Verumtamen
876 4332 932 4377 et
957 4323 1347 4376 sententiarum
1392 4321 1480 4375 illa
1512 4320 1814 4388 interiectio
1865 4321 2042 4373 minus

2152 4320 2540 4392 ἀπειροκαλίαν
2584 4319 2941 4390 ἀποτελευτᾷ.
2988 4319 3064 4372 υύ
3098 4317 3204 4388 μὴν
3234 4315 3370 4369 ἀλλά
3419 4315 3513 4368 καὶ
3549 4316 3583 4384 ή
3620 4315 3722 4384 τῆς

458 4427 780 4487 opportuna,
805 4415 1140 4485 diligentiam
1171 4414 1346 4483 arguit
1370 4423 1423 4469 et
1450 4415 1743 4481 curiosam,
1765 4423 1820 4469 et
1852 4428 2043 4482 super-

457 4527 772 4567 vacaneam.
819 4509 1026 4565 Caetera
1077 4509 1270 4576 bonus,
1326 4509 1379 4563 in
1412 4506 1884 4577 reprehensionem
1933 4519 2039 4558 non

458 4605 708 4658 incurrit.
743 4603 1087 4672 [Auspicatur
1115 4599 1144 4654 a
1173 4598 1417 4654 Mauricii
1452 4598 1702 4668 imperio,
1757 4595 2040 4666 pergitque

459 4696 584 4749 dum
615 4694 824 4750 Pbocas
850 4701 1068 4749 creatus
1097 4693 1398 4762 imperator
1432 4701 1538 4747 est.

526 4875 689 4931 Libro
714 4877 891 4946 primo
926 4877 1042 4931 haec
1075 4885 1263 4931 narrat
1289 4875 1404 4946 (88)
1435 4895 1447 4930 :
1492 4875 1784 4932 Mauricius
1815 4876 2036 4932 a..Tibe-

458 4968 541 5023 rio
575 4977 700 5021 tunc
729 4969 1032 5038 imperante
1073 4967 1414 5024 renuntiatus
1457 4969 1750 5037 imperator
1790 4977 1874 5022 est
1901 4967 2036 5038 (89),

2143 4415 2521 4486 γνωμολογίας
2558 4416 2659 4469 ούκ
2699 4417 2758 4468 ὲν
2814 4415 2990 4485 καιρῷ
3039 4413 3360 4485 παρενθήκη
3404 4413 3719 4481 φιλοτιμίας

2140 4512 2259 4564 ἐστὶ
2288 4509 2582 4582 περιέργου
2624 4509 2719 4562 καὶ
2759 4509 3042 4579 περιττῆς.
3075 4507 3156 4560 Τά
3207 4506 3254 4559 δ’
3292 4505 3429 4559 ἄλλα
3452 4503 3514 4557 οὗ
3554 4521 3605 4556 τι
3661 4504 3719 4566 ές

2145 4602 2338 4673 μῶμον
2367 4601 2494 4671 ἥκει
2525 4601 2588 4653 ’⁸.
2619 4600 2887 4670 Ἀρχεται
2910 4598 2967 4652 δὲ
2981 4598 3089 4654 ἀπὸ
3118 4599 3216 4668 τῆς
3241 4597 3416 4668 ἀρχῆς
3434 4595 3527 4648 τοῦ
3561 4597 3726 4650 Mau-

2147 4693 2359 4763 ρικίου,
2417 4694 2513 4745 καὶ
2586 4691 2801 4745 κάτεισι
2873 4691 3037 4762 μέχρι
3095 4693 3196 4761 τῆς
3249 4690 3412 4742 coxa
3472 4689 3722 4759 ἀναρρή-

2151 4801 2307 4848 σεως.

2230 4876 2317 4928 Ἐν
2347 4876 2446 4946 μὲν
2483 4870 2576 4929 οὖν
2601 4875 2677 4945 τῷ
2704 4875 2903 4946 πρώτῳ
2922 4875 3063 4944 λόγῳ
3082 4873 3336 4940 διέξεισιν
3359 4873 3502 4935 ὅπως
3520 4873 3549 4924 6
3569 4872 3726 4926 Μαυ-

2151 4967 2321 5038 ρίκιος
2371 4967 2476 5020 ὑπὸ
2526 4967 2780 5038 Τιϐερίου
2851 4968 2944 5020 τοῦ
3014 4966 3278 5036 βασιλέως
3331 4963 3724 5035 ἀναγορεύεται

1761 5079 1998 5136 VARIA‘J
2038 5079 2450 5136 LECTIONES.

528 5177 550 5208 ⁸
572 5177 750 5247 τιφλὶς
779 5193 866 5247 ης.
945 5177 966 5208 ⁷
998 5173 1272 5246 Μηράνης
1305 5192 1367 5247 ς.
1446 5170 1699 5247 ῗΣαροης
1748 5190 1806 5236 ς.

459 5318 502 5349 ’⁸
541 5318 831 5389 Ῥωμαίοις
855 5336 916 5383 ς.

456 5401 550 5444 sus
591 5383 1005 5460 qdatuordecim
1032 5383 1209 5442 vacui.
1292 5385 1334 5415 ³⁸
1357 5383 1482 5453 ἥκοι
1533 5399 1593 5445 €-

1885 5172 2171 5235 ’Δαϐάνες
2227 5173 2322 5226 καὶ
2377 5173 2438 5225 τὸ
2493 5171 2822 5241 Διλιμνιτῶν
2884 5171 3152 5226 Labbeus.
3218 5171 3275 5241 7”
3307 5169 3604 5239 πολεμίσας
3660 5191 3720 5236 ς·-

459 5249 500 5279 ¹⁸
542 5242 842 5300 Νισιϐινῶν
870 5249 934 5301 Δ.
1011 5247 1054 5283 ⁸⁸
1081 5242 1211 5316 post
1231 5242 1423 5316 ἄνδρες
1449 5243 1499 5294 in
1533 5242 1576 5294 A
1606 5243 1799 5316 lacuna
1828 5243 2068 5316 quinque
2105 5243 2190 5316 vel
2227 5243 2720 5316 _sex‘litterarum.

992 5311 1149 5372 ’σκαὶ
1195 5311 1444 5385 βασιλεὺς
1476 5311 1720 5375 πεισθεὶς
1774 5313 1819 5367 Α
1845 5349 1861 5375 ,
1907 5311 2002 5366 καὶ
2032 5313 2279 5374 πεισθεὶς
2303 5316 2331 5366 6
2357 5311 2611 5383 βασιλεὺς
2642 5332 2702 5378 ς.

2804 5244 2847 5274 ³³
2881 5242 3172 5296 Νισιϐινῶν
3199 5240 3262 5295 Α.
3345 5241 3388 5272 ¹⁸
3421 5241 3622 5303 ἱππέας
3657 5245 3722 5295 Α.

2784 5314 2825 5345 ’⁷
2867 5323 2988 5384 pust
3013 5315 3398 5384 παρεστήσατο
3439 5312 3490 5364 in
3529 5312 3574 5363 A
3607 5326 3727 5364 ver-

1967 5476 2200 5534 ΝΟΤᾹ).

528 5570 639 5643 (87)
675 5572 834 5629 Iidem
869 5575 1036 5634 forte,
1069 5573 1159 5640 qui
1192 5586 1312 5640 sup.
1346 5569 1532 5643 Saberi
1563 5585 1591 5624 α
1628 5569 1852 5643 Procop.
1884 5569 2034 5624 dicti.

529 5639 642 5714 (88)
688 5645 973 5714 Nicepltor.
1005 5639 1477 5714 Gallistus’eadcut
1526 5649 1712 5696 narrat
1760 5639 1855 5695 lib.
1898 5654 2035 5695 xvm

455 5711 634 5771 ecc'les'.
671 5711 947 5780 Ilisldriw,
979 5729 1028 5769 c.
1061 5711 1148 5766 45.

2219 5570 2331 5641 (89)
2363 5569 2492 5641 Ejus
2523 5570 2758 5624 nominis
2782 5569 2873 5634 IV,
2907 5584 3066 5641 quem
3095 5566 3456 5637 chuuatorem
3491 5563 3732 5636 appella-

2147 5650 2291 5698 runt.
2314 5640 2542 5711 'De'quo
2578 5657 2696 5711 sup.
2733 5654 2948 5710 quoque
2979 5640 3072 5694 lib.
